4032 6334
114 444 224 508 1289

1126 439 1450 502 ISAGOGE
1522 440 1597 500 ΙΝ
1634 440 1738 499 SS.
1779 439 2272 502 SCRIPTURAS.

112 576 126 606 ι
152 548 595 625 ἱρρᾳδιούργησε·
631 567 648 601 3
687 549 779 603 xuii
809 550 869 603 τό
893 565 905 580 ·
949 568 967 600 ι
1005 548 1532 621 Συγχέωμεναύτῶν
1555 549 1651 608 τὰς

1779 562 1870 601 »το.
1891 547 2144 618 loquelas.
2190 547 2253 600 Et

3188 438 3321 505 1290

2300 565 2313 601 :
2357 570 2372 597 ι
2412 547 2670 617 Αιψυξυίι
2705 546 2832 602 mihi
2886 562 3091 612 aurem,
3125 567 3143 597 3
3200 548 3320 603 loro

107 646 361 714 γλώσσας·
396 662 416 696 3
445 642 565 697 ἀντὶ
592 640 711 707 τοῦ,
738 641 845 708 τὰς
871 640 1075 711 φωνάς
1095 659 1110 673 ·
1144 642 1258 695 καί·
1289 658 1308 692 ι
1337 638 1651 711 Προσέθηκέ

1779 640 2012 693 lictiouis
2040 641 2280 694 auditum
2306 658 2326 705 ;
2357 649 2445 694 ct:
2478 658 2496 691 ι
2526 639 2790 709 Linguam
2826 656 3019 696 canum
3045 648 3259 695 tuorum
3300 666 3316 691 ι

109 752 187 808 μοι
211 733 396 788 ὠτίον·
424 752 442 787 3
472 733 591 787 ἀντὶ
620 730 738 798 τοῦ,
759 732 1039 798 ὑπακοήν
1062 751 1076 764 ·
1148 733 1259 787 καί·
1292 752 1311 785 ι
1341 734 1405 786 Ἦ
1432 730 1655 800 γλῶσσα

108 827 201 882 τῶν
234 825 412 882 κυνῶν
464 839 621 880 σουοι
656 826 778 880 ἀντὶ
830 826 950 890 τοῦ,
1003 826 1044 895 ἠ
1085 824 1306 894 λὰψις·

113 938 130 972 ι
156 914 399 971 Γλῶσσαν
425 915 493 986 ἢν
515 915 616 968 οὐκ
644 913 789 983 ἔγνω
812 916 1067 986 ἤκουσεν.
1104 931 1124 965 3
1374 958 1401 998 ὲ

165 1008 260 1078 κβ’.
302 1007 415 1079 Τὴν
448 1005 595 1060 ὁδὸν
626 998 890 1067 πολλάκις
919 1006 1040 1059 ἀντὶ
1074 1002 1325 1077 πράξεως
1360 1006 1541 1075 λέγει·
1576 1007 1651 1071 ὼς

106 1101 177 1165 τὸ,
208 1116 226 1150 ι
252 1097 534 1169 Μακάριοι
563 1099 610 1150 oi
639 1097 860 1167 ἄμωμοι
889 1097 947 1151 ἐν
986 1096 1111 1168 ὀδῷ,
1133 1099 1182 1150 οἱ
1217 1097 1605 1170 πορευόμενοι·
1630 1117 1648 1150 3

110 1191 208 1251 xui,
239 1208 258 1240 ι
286 1186 572 1259 Ἐκρυψαν
601 1188 767 1257 ἱερεῖς
794 1186 1074 1241 ὁδόνοιῖνα
1125 1185 1277 1259 εἴπῃ,
1307 1188 1406 1258 τὴν
1449 1188 1657 1242 ἑαυτῶν

108 1278 288 1352 πρᾶξιν
310 1294 325 1309 ·
418 1279 536 1345 καὶ,
577 1298 595 1330 ι
629 1276 842 1344 Τάξατε
873 1279 972 1342 τὰς
1001 1277 1229 1349 καρδίας
1267 1278 1422 1349 ὑμῶν
1451 1280 1660 1355 είςιτὰς

108 1373 242 1437 ὁδοὺς
272 1371 459 1441 ὑμῶν·
494 1389 512 1423 3
544 1371 659 1435 καὶ,
695 1389 714 1423 ι
742 1369 858 1422 ’Ίνα
895 1368 946 1421 τί
987 1368 1299 1438 ὲπλάνησας
1352 1370 1500 1439 ἡμᾶς
1551 1368 1659 1423 άπὸ

107 1463 195 1534 τῆς
214 1462 332 1516 ὁδοῦ
363 1479 491 1530 σου;
526 1479 544 1512 3
573 1463 690 1525 καὶ,
723 1479 742 1512 ι
777 1460 841 1515 Ai
885 1459 992 1513 ὁδοί
1031 1476 1123 1511 σου
1150 1460 1245 1513 καὶ
1272 1458 1341 1513 τὰ
1377 1459 1661 1529 ἐπιτηδεύ-

110 1555 242 1626 ματά
269 1571 363 1608 σου
406 1554 671 1624 ἐποίησάν
711 1569 792 1605 σοι
828 1551 1031 1605 ταῦτα·
1061 1569 1080 1603 3
1117 1551 1231 1617 xei,
1277 1570 1295 1603 ι
1331 1551 1521 1615 Ὅπως
1565 1553 1658 1606 ἐάν

107 1663 240 1709 τινας
266 1645 404 1715 εὕρῃ
435 1643 538 1714 τῆς
559 1642 679 1696 ὀδοῦ
710 1642 872 1704 ὄντας
893 1658 908 1671 ·
953 1660 972 1693 3
1002 1640 1117 1702 καὶ,
1162 1639 1305 1704 ικὩς
1334 1638 1537 1708 ταύτην
1564 1641 1661 1711 τὴν

1428 826 1521 878 καὶ
1568 822 1653 890 τὸ,

1756 745 1876 800 pro,
1908 732 2272 799 potatiouem;
2301 741 2354 786 et
2384 748 2395 782 :
2434 731 2729 803 (Linguam
2767 747 2931 803 quam
2970 747 3077 787 non
3101 739 3326 810 noverat

1755 822 1982 875 audivit.
2033 840 2049 871 3
2092 818 2265 882 (Psal.
2322 835 2507 887 XLVIII,
2542 820 2604 883 5;
2661 818 2790 875 Gen.
2836 835 3004 888 xxvii,
3056 818 3160 883 1’36;
3210 815 3323 871 lsu.

1756 925 1809 974 ι,
1838 911 1905 976 4;
1942 912 2088 966 Psal.
2130 928 2297 977 uvu,
2327 911 2428 975 24;
2461 928 2623 974 LXXX,
2668 911 2765 979 6.)

1823 1003 1917 1056 ‘22.
1954 1002 2111 1056 Viam
2132 1019 2273 1073 sche
2333 1004 2452 1058 loco
2503 1004 2741 1059 actionis
2788 1002 2952 1057 dicit:
2994 1020 3011 1054 ι
3046 1000 3199 1056 Beati
3227 1002 3330 1053 im-

1760 1096 2012 1149 maculati
2044 1095 2096 1150 in
2150 1097 2257 1162 via,
2309 1098 2400 1166 qui
2451 1097 2751 1151 ambulant.
2776 1116 2793 1149 3
2828 1096 2891 1150 lit
2929 1110 2944 1147 :
2988 1096 3332 1149 «Absconde-

1761 1188 2219 1243 runtsacerdotes
2242 1189 2405 1256 viam,
2434 1207 2451 1240 3
2484 1196 2543 1242 ut
2568 1189 2710 1244 dicat
2780 1184 2989 1244 eorum
3040 1188 3325 1250 actionem;

1762 1278 1874 1334 Et:
1922 1298 1941 1331 ι
1979 1277 2171 1334 Ponite
2198 1280 2362 1334 corda
2412 1272 2794 1349 vestra'super
2845 1281 2963 1334 vias
3015 1286 3261 1346 vesti-as;
3307 1294 3329 1329 3

1758 1381 1816 1427 et
1854 1390 1868 1427 :
1906 1392 1925 1424 ι
1961 1372 2139 1439 Quare
2170 1388 2357 1428 errare
2402 1388 2500 1428 nos
2531 1371 2709 1441 fecisti
2757 1372 2823 1427 de
2855 1369 2957 1425 viis
2987 1370 3131 1436 tuis;
3170 1390 3188 1422 3
3232 1379 3287 1424 et
3319 1389 3332 1424 :

1767 1481 1786 1514 ι
1823 1461 1935 1519 Viae
1957 1474 2064 1518 tua!
2109 1473 2163 1518 et
2195 1447 2559 1535 cogitationes
2599 1475 2705 1519 tute
2734 1466 2981 1519 tecet-unt
3006 1464 3123 1519 haec
3152 1463 3271 1529 tibi;
3312 1481 3332 1512 3

1760 1564 1815 1608 et
1842 1571 1860 1609 ε
1900 1572 1919 1606 ι
1952 1552 2021 1608 Ut
2047 1557 2090 1609 si
2123 1571 2259 1623 quos
2292 1557 2588 1612 invenisset
2617 1556 2779 1628 hujus
2805 1557 2904 1610 via:
2941 1556 3091 1610 vivos
3119 1573 3133 1623 ;
3188 1572 3208 1607 3
3236 1566 3288 1609 ct
3320 1571 3337 1608 :

1766 1661 1785 1694 ι
1817 1642 1918 1708 Qui
1954 1631 2093 1698 lianc
2116 1646 2255 1699 viam
2283 1655 2602 1715 persecutus
2631 1662 2750 1703 sum
2775 1663 2791 1712 ;
2818 1665 2836 1698 3
2872 1643 2946 1710 ρι’,
2975 1665 2994 1697 ι
3029 1645 3340 1701 Secundum

108 1736 212 1790 ὁδὸν
255 1733 494 1797 ιδίωξα·
522 1752 540 1784 3
574 1732 697 1798 καὶ,
730 1750 752 1783 ι
790 1730 949 1785 κατὰ
988 1731 1089 1802 τὴν
1138 1730 1265 1805 ὁδὸν
1298 1730 1368 1801 ἢν
1411 1729 1661 1801 λέγουσιν

1779 1736 1906 1788 riam
1946 1750 2110 1804 quam
2158 1737 2347 1791 dicunt
2396 1737 2670 1801 haeresim,
2722 1738 2801 1792 sic
2824 1737 3090 1792 deservio.
3124 1736 3341 1807 3(Psal.

111 1828 327 1898 αἰρεσιν,
360 1824 505 1878 οὕτω
530 1822 803 1895 λατρεύω.
837 1841 856 1875 3

1762 1837 1953 1888 cxvnt,
1986 1823 2008 1877 1
2039 1835 2056 1889 ;
2164 1839 2304 1895 cm,
2338 1827 2415 1893 ις
2490 1824 2621 1881 Osee
2657 1841 2731 1894 vt,
2774 1826 2806 1882 9
2830 1829 3017 1899 ;HAgg.
3043 1842 3091 1894 ι,
3134 1826 3200 1893 5;
3228 1824 3340 1879 Isa.

1694 1902 1735 1958 Β
1767 1927 1920 1976 Lxm,
1972 1914 2078 1982 l7;
2123 1913 2322 1972 Jerem.
2382 1934 2456 1983 tv,
2517 1921 2618 1986 t8;
2677 1919 2794 1973 Act.
2857 1933 2932 1985 Ix,
2986 1918 3064 1985 2;
3107 1919 3337 1983 xxn,4,

170 2098 270 2163 κγ’.
309 2091 423 2162 Τὴν
461 2088 781 2159 ὑπομονὴν
818 2087 1078 2151 πολλάκις
1134 2086 1255 2141 άντὶ
1314 2086 1411 2156 τῆς
1470 2097 1660 2155 προσο

1731 2003 2001 2077 mnu.)

3320 1994 3351 2023 ο

1831 2092 1937 2148 25.»
1962 2093 2422 2165 Exspectationem
2455 2114 2598 2169 saepe
2632 2100 2751 2156 loco
2777 2100 2886 2168 spei
2917 2098 3072 2165 dicit,
3106 2108 3220 2167 ant,
3251 2116 3345 2155 tax--

109 2185 299 2252 δοκίας
337 2185 511 2253 λέγει,
543 2183 577 2253 ἢ
607 2183 701 2237 καὶ
740 2181 802 2234 τδ
828 2178 1157 2250 ὑπομένειν
1194 2179 1317 2234 ἀντὶ
1360 2176 1454 2232 τοῦ
1488 2193 1662 2250 προσ-

1779 2196 2000 2252 spectare
2030 2202 2128 2257 pro
2169 2204 2400 2258 sperare,
2425 2190 2561 2243 sient
2605 2207 2617 2243 :
2657 2208 2675 2241 ι
2711 2190 2772 2243 Ει
2805 2205 2952 2244 nunc
2979 2205 3100 2259 niue
3140 2199 3223 2245 est
3252 2172 3355 2243 ex?

107 2277 281 2347 δοκᾷν·
319 2275 399 2339 ὡς
424 2274 507 2340 τδ,
546 2291 564 2325 ι
598 2272 711 2327 Καὶ
741 2269 837 2325 νῦν
883 2270 969 2336 τίς
999 2271 1033 2341 ἡ
1069 2268 1317 2341 ὑπομονὴ
1364 2285 1501 2339 μου;
1543 2268 1666 2340 οὐχί⁵

1779 2277 2029 2345 spectatio
2059 2293 2203 2346 mea,
2262 2293 2444 2335 nonne
2468 2278 2773 2335 Dominus?
2809 2299 2826 2331 3
2864 2279 3079 2335 utdicat
3103 2299 3170 2346 ,Α
3211 2280 3347 2349 Spes

110 2365 335 2436 Κύριος;
393 2382 413 2416 3
449 2363 539 2417 ῐνα
584 2361 749 2434 εἴπῃ,
792 2380 811 2413 ι
860 2358 926 2413 Ἢ
977 2358 1273 2432 προσδοκία
1328 2374 1430 2428 μου
1483 2357 1579 2412 καὶ
1627 2359 1662 2429 ἡ

1779 2381 1888 2422 mea
1915 2377 1971 2424 et
2002 2369 2331 2424 conﬁdentia
2358 2386 2373 2437 ;
2402 2389 2420 2421 3
2457 2381 2510 2425 et
2531 2371 2672 2441 apud
2734 2368 3066 2426 Jeremiam:
3098 2387 3116 2420 ι
3139 2368 3346 2440 Exspc—

108 2456 249 2520 ἐλπίς
268 2473 283 2488 ·
311 2475 332 2508 3
364 2453 461 2510 καὶ
485 2452 547 2507 τὸ
589 2453 744 2524 παρά
780 2450 1046 2522 Ἱερεμίᾳ,
1080 2469 1098 2502 ι
1120 2448 1399 2520 ’Υπομονὴ
1424 2447 1663 2520 Ἰσραὴλ,

1779 2458 1932 2514 ctatio
1972 2455 2193 2525 lsraelp
2218 2460 2467 2529 Domine;
2499 2480 2519 2515 3
2564 2469 2618 2518 et
2649 2481 2661 2517 :
2698 2474 2741 2513 ἐι
2773 2461 3018 2518 Sustinui
3051 2462 3142 2532 qui
3183 2460 3348 2518 simul

109 2547 302 2625 Κύριε·
347 2567 368 2600 3
415 2548 528 2610 καὶ,
566 2562 587 2597 ι
637 2545 935 2614 Ὑπέμεινα
974 2541 1414 2613 συλλυπούμενον
1440 2558 1455 2573 ·
1483 2559 1501 2592 3
1547 2542 1667 2606 καὶ,

112 2657 129 2690 ι
162 2640 482 2710 Ὑπόμεινον
521 2637 615 2689 τὸν
652 2633 888 2705 Κύριον·
922 2651 942 2685 3
987 2634 1100 2699 καὶ,
1150 2650 1170 2684 ι
1198 2631 1523 2703 ’Υπόμεινόν
1576 2648 1666 2701 με,

107 2729 244 2796 λέγει
320 2727 555 2799 Κύριος·
614 2744 634 2778 3
693 2725 840 2790 καὶ,
887 2719 927 2776 ἰ
984 2719 1423 2794 Ὑπομεινάντων
1488 2722 1670 2779 αὐτῶν

107 2838 232 2891 φως.
262 2839 282 2873 3

170 3024 263 3078 κδ’.
306 3025 390 3078 Τὰ
417 3021 636 3076 ἀναίτια
675 3020 936 3084 πολλάκις
968 3019 1043 3084 ὡς
1077 3021 1228 3075 αἴτια
1271 3020 1421 3090 λέγει
1442 3036 1460 3055 ⁸
1490 3020 1567 3084 ὡς
1587 2990 1668 3085 τὺ,

115 3134 132 3167 ι
158 3115 342 3180 Ὅπως
376 3116 441 3168 ἂν
474 3112 621 3183 βαφῇ
647 3114 676 3166 ὁ
713 3112 848 3176 ποῦς
879 3128 972 3165 σου
1006 3111 1066 3165 ἐν
1094 3113 1322 3190 αἷματι·
1356 3131 1377 3164 3
1409 3111 1532 3166 ἀντὶ
1552 3110 1671 3177 τοῦ,

1769 2550 2224 2619 contristantur;
2273 2572 2292 2605 3
2324 2561 2402 2618 et,
2444 2572 2463 2605 ι
2505 2540 2774 2625 Exspecta
2828 2554 3154 2621 Dominum;
3204 2572 3224 2606 3
3271 2565 3346 2618 et,

1774 2659 1795 2693 ι
1819 2641 2082 2712 Exspecta
2108 2656 2216 2707 me,
2242 2642 2374 2698 dicit
2394 2645 2686 2711 Dominus;
2713 2665 2731 2696 3
2757 2637 2832 2709 et,
2859 2665 2878 2697 ι
2899 2645 3347 2716 Exspectandum

1768 2744 1958 2787 eorum
1984 2730 2181 2788 lucem.
2214 2751 2231 2785 3
2288 2732 2458 2804 (Psal.
2526 2752 2753 2800 xxxvm,
2791 2736 2856 2802 8;
2893 2734 3091 2792 larem.
3141 2753 3249 2795 xxv.
3274 2738 3346 2801 8;

1771 2820 1924 2879 Psal.
1952 2837 2139 2891 vam,
2169 2823 2274 2892 25;
2316 2842 2465 2892 xxvi,
2514 2826 2605 2893 20,
2643 2828 2734 2894 36,
2775 2827 2884 2896 ’ὄις
2936 2827 3095 2899 Soph.
3153 2844 3248 2893 ιιι,
3275 2828 3347 2894 8;

1771 2910 1886 2972 180..
1913 2929 2026 2979 1.1x,
2059 2914 2141 2981 9.)

1842 2998 1935 3053 24.
1976 2998 2109 3065 Quae
2157 3016 2339 3057 causa:
2398 3018 2507 3059 non
2574 3015 2704 3060 sunt
2761 3021 2957 3062 remin-
3000 3021 3144 3077 saepe
3191 3010 3345 3077 quasi

1775 3107 1955 3183 causae
1983 3106 2170 3183 essent
2200 3096 2358 3163 dicit,
2388 3100 2569 3155 sicut:
2595 3118 2613 3151 ι
2640 3099 2710 3156 Ut
2742 3102 3079 3173 inunguatur
3107 3117 3202 3183 pes
3225 3112 3352 3159 tuus

116 3227 133 3260 ι
157 3208 404 3276 ’Δνάγκη
438 3180 622 3260 πᾶσα·
654 3222 673 3254 3
710 3204 803 3256 καὶ
835 3204 915 3267 τ’δ,
961 3220 979 3252 ι
1004 3202 1096 3256 Σοὶ
1145 3180 1298 3273 ’μόνῳ
1338 3203 1613 3274 ἥμαρτον·
1646 3221 1667 3254 ›

1779 3180 1830 3234 in
1861 3182 2148 3251 sanguine,
2190 3202 2208 3237 3
2242 3199 2344 3255 pro
2368 3204 2386 3237 ι
2422 3188 2720 3244 necessitas
2763 3191 2981 3258 omnis;
3032 3207 3050 3240 3
3085 3180 3139 3246 et
3174 3210 3192 3242 ι
3232 3192 3352 3247 'l‘ibi

1780 3272 1876 3293 η..
2289 3285 2328 3293 ,,
2473 3275 2536 3293 π.
2657 3288 2668 3293 -
2765 3279 2778 3293 .
2920 3281 2932 3293 .
3013 3290 3022 3293 -
3133 3282 3193 3293 .,

109 3302 213 3365 καὶ,
248 3320 267 3353 ι
282 3272 476 3362 Ὅπως
508 3298 574 3351 ἂν
597 3295 920 3366 ἐνδείξωμαι
941 3295 1000 3348 ἐν
1022 3293 1105 3348 σοὶ
1126 3292 1223 3365 τὴν
1254 3272 1487 3364 δύναμίν
1511 3310 1634 3364 μου·
1649 3312 1669 3347 3

1779 3272 1878 3327 soli
1945 3275 2185 3344 peccavi,
2222 3294 2240 3326 3
2279 3285 2354 3340 et,
2391 3295 2409 3329 ι
2473 3275 2544 3332 Ut
2588 3279 2872 3335 ostendam
2920 3281 2974 3335 in
3010 3290 3061 3336 tc
3094 3282 3351 3338 virtutem

111 3392 217 3457 καὶ,
246 3408 266 3441 ι
292 3391 486 3451 Ὅπως
522 3387 590 3441 ἂν
633 3385 848 3459 γνωσθῇ
883 3387 917 3455 ἡ
938 3384 1256 3456 δικαιοσύνη
1288 3385 1385 3439 τοῦ
1409 3385 1667 3455 Κυρίου.»

110 3485 215 3545 καὶ,
248 3503 268 3535 ι
291 3479 440 3551 Ἐγὼ
470 3481 549 3543 είς
587 3481 762 3549 κρῖμα
795 3479 876 3541 είς
907 3477 999 3530 τὶν
1038 3478 1242 3546 κόσμον
1276 3472 1464 3548 ἦλθον,
1498 3477 1584 3549 ἵνα
1627 3477 1677 3531 οἱ

114 3573 182 3643 μὴ
212 3572 509 3643 βλέποντες
549 3570 819 3641 βλέπωσι·
860 3586 880 3620 3
917 3567 1012 3621 καὶ
1047 3566 1130 3630 τὸ,
1161 3585 1179 3618 ι
1211 3566 1397 3639 Νόμος
1432 3567 1489 3621 δὲ
1534 3586 1678 3637 παρ-

111 3662 378 3732 εισῆλθεν,
413 3661 501 3714 ἴνα
526 3658 797 3729 πλεονάσῃ
822 3657 881 3710 τὺ
912 3655 1269 3725 παράπτωμα
1289 3672 1304 3687 ·
1335 3675 1354 3706 3
1383 3657 1501 3722 καὶ,
1531 3656 1679 3710 «Ἵνα

112 3757 211 3808 πᾶν
240 3756 424 3824 στόμα
465 3753 652 3824 φραγῇ
676 3765 690 3780 ·
738 3770 759 3804 3
798 3752 915 3816 καὶ,
964 3767 982 3801 ι
1026 3749 1144 3802 Ἵνα
1197 3749 1274 3820 μὴ
1306 3748 1342 3802 ἃ
1373 3749 1440 3802 ἂν
1488 3748 1679 3820 θέλητε

108 3844 278 3899 ταῦτα
308 3843 525 3913 ποιῆτε.
556 3860 576 3895 3

175 4024 273 4073 κί’.
313 4018 430 4089 Τὴν
469 4015 670 4089 πρᾶξιν
699 4016 809 4071 άπὸ
843 4007 1130 4083 κοινωνίας
1177 4016 1466 4089 σημαίνει·
1498 4018 1573 4083 ὡς
1596 4017 1677 4084 τὸ,

117 4128 135 4159 ι
166 4111 273 4164 Καὶ
312 4109 457 4180 μετὰ
489 4108 955 4180 παρανομούντων
990 4110 1053 4163 οὐ
1089 4110 1165 4182 μὴ
1196 4110 1458 4164 εἰσέλθω·
1492 4130 1512 4164 3
1562 4113 1685 4167 ἀντὶ

110 4202 221 4270 τοῦ.
258 4222 277 4255 ι
299 4203 376 4257 Οὐ
409 4201 488 4274 μὴ
523 4202 931 4274 παρανομήσω·
970 4219 989 4252 3
1026 4200 1140 4267 καὶ,
1170 4219 1195 4252 ι
1222 4201 1510 4273 Μακάριος
1543 4204 1685 4275 ἀνὴρ

110 4290 165 4357 ὃς
210 4294 313 4347 οὐκ
363 4292 638 4365 ἐπορεύθη
691 4294 750 4346 ἐν
798 4292 961 4363 βουλῇ
1017 4290 1267 4346 ἀσεϐῶν·
1319 4310 1340 4345 3
1392 4293 1513 4347 ἀντὶ
1564 4296 1682 4360 τοῦ,

115 4406 132 4438 ι
159 4385 271 4438 Οὐκ
318 4383 590 4455 ἠσέϐησε·
630 4402 651 4438 3
701 4384 817 4449 mi,
854 4404 874 4436 ι
912 4383 1026 4438 οὐκ
1053 4382 1285 4437 ἐκάθισα
1330 4385 1388 4437 ἐν
1424 4385 1686 4455 συνεδρίῳ

110 4478 452 4543 παιζόντων·
487 4494 506 4527 3
543 4475 662 4542 καὶ,
705 4495 724 4527 ι
755 4474 850 4539 Είς
883 4475 1080 4548 βουλὴν
1117 4476 1298 4530 αὐτῶν
1338 4476 1415 4548 μὴ
1448 4476 1684 4530 εἰσέλθοι

111 4566 141 4637 ὴ
173 4567 322 4637 ψυχή
352 4581 484 4636 μου.
521 4582 541 4618 ι

174 4664 288 4723 κς’.
350 4657 461 4712 Τὸν
506 4656 668 4728 ὅρκον
711 4656 806 4711 ἐπὶ
855 4655 950 4710 τοῦ
1008 4657 1225 4728 βεϐαίου
1274 4658 1458 4727 λέγει·
1495 4659 1572 4724 ὡς
1600 4659 1684 4727 τὸ,

116 4768 134 4800 ι
157 4752 376 4823 Ὠμοσα
407 4749 573 4806 Δαυῖδ
602 4750 681 4823 τῷ
713 4752 882 4822 δούλῳ
915 4770 1015 4823 μου
1034 4768 1046 4781 ·
1079 4770 1098 4804 3
1142 4753 1257 4817 καὶ,
1295 4772 1314 4803 ι
1340 4754 1542 4824 Ὤμυσε
1571 4755 1685 4807 Κύ-

114 4860 220 4913 ριος
269 4844 353 4915 τῷ
404 4842 568 4897 Δαυῖδ
612 4842 898 4915 ἀλήθειαν·
955 4865 977 4897 3
1024 4845 1137 4907 καὶ,
1198 4865 1217 4896 ι
1258 4843 1395 4897 Κατ’
1444 4846 1684 4915 ἐμαυτοῦ

110 4930 321 5005 ὤμοσα,
354 4934 507 5002 λέγει
537 4930 773 5006 Κύριος·
799 4953 818 4987 3
845 4936 958 5000 καὶ,
985 4954 1003 4987 ι
1035 4934 1257 5005 Ὀμνύει
1297 4933 1500 5005 Κύριος
1546 4937 1687 4990 κατά

109 5026 200 5095 τῆς
233 5024 617 5097 ὑπερηφανίας
648 5024 869 5081 Ἰακώσ.
907 5045 924 5068 ι

175 5197 278 5263 κζ’.
311 5197 433 5269 Τὴν
454 5197 691 5253 διάθεσιν
713 5198 972 5262 πολλάκις
1000 5198 1106 5251 ἀπὸ
1136 5196 1399 5268 ῥημάτων
1426 5198 1683 5253 δεικνύει·

110 5288 183 5354 ὡς
207 5291 290 5359 τὺ,
322 5311 342 5343 ι
375 5285 568 5354 Εἶπον.
594 5289 911 5361 Τίςδψεται
941 5290 1172 5356 αύτούς;
1198 5308 1216 5340 3
1244 5289 1364 5343 ἀντὶ
1384 5288 1504 5355 τοῦ,
1537 5307 1557 5341 ι
1583 5289 1690 5343 Οὖ-

108 5400 215 5449 τως
244 5386 525 5457 ἔπραττον
563 5384 780 5440 ἅπαντα
821 5405 839 5437 3
873 5386 1076 5441 ὡσανεὶ
1098 5386 1198 5439 οὐκ
1226 5385 1377 5449 ὄντος
1418 5384 1566 5449 τινὸς
1594 5386 1688 5440 τοῦ

111 5473 425 5545 ἐφορῶντος
451 5490 466 5505 ·
492 5475 608 5542 καὶ,
638 5493 656 5527 ι
694 5471 831 5528 Eius
860 5474 968 5545 γὰρ
996 5475 1054 5526 ἐν
1095 5473 1292 5544 καρδίᾳ
1339 5470 1534 5532 αὑτοῦ,
1575 5471 1689 5525 Ούκ

108 5561 221 5617 ἔστι
249 5564 425 5629 Θεὸς·
461 5585 478 5619 3
508 5567 622 5633 καὶ,
656 5586 675 5620 ι
700 5562 892 5633 Εἶπον,
947 5564 1112 5618 Δεῦτε
1154 5566 1250 5618 καὶ
1297 5564 1689 5636 ἐξολοθρεύσω-

111 5670 209 5724 μεν
242 5657 453 5720 αὐτοὺς
496 5658 554 5726 ἐξ
593 5658 810 5724 ἔθνους·
858 5677 876 5711 3
916 5658 1009 5711 καὶ
1035 5696 1050 5721 ,
1108 5675 1128 5709 ι
1169 5656 1685 5728 Κληρονομήσωμεν

110 5745 321 5813 ἑαυτοῖς
350 5749 415 5803 τὸ
443 5750 797 5826 άγιαστήριον
826 5752 918 5806 τοῦ
951 5749 1086 5805 Θεοῦ
1111 5766 1124 5781 ·
1159 5768 1177 5801 3
1198 5739 1321 5814 καὶ,
1361 5770 1379 5802 ι
1421 5745 1590 5805 Εἶπον
1630 5755 1688 5807 ἐν

112 5840 177 5909 τῇ
203 5839 405 5912 καρδίᾳ
443 5842 621 5897 αὐτῶν
640 5845 695 5897 αἱ
721 5845 1032 5913 συγγένειαι
1064 5843 1241 5896 αὐτῶν
1261 5842 1353 5896 ἐπὶ
1378 5841 1436 5895 τὺ
1464 5844 1598 5898 αὐτό
1622 5863 1634 5876 ·
1661 5866 1679 5899 3

485 5961 747 6026 Ρηιιοι..
793 5967 906 6027 Gn.
943 5962 1224 6027 XCVIII.

1778 3380 1992 3435 meam;
2030 3386 2050 3419 3
2092 3376 2166 3434 et,
2200 3387 2218 3421 ι
2261 3366 2332 3424 Ut
2364 3371 2582 3442 cognita
2613 3372 2916 3443 sitjustitia
2943 3372 3195 3440 Domini;
3224 3394 3244 3427 3
3278 3382 3354 3440 et,

1785 3474 1804 3508 ι
1844 3458 2196 3533 anudiciuni
2261 3477 2363 3535 ego
2415 3464 2468 3517 in
2503 3465 2648 3520 lnmc
2715 3465 2983 3521 mundum
3023 3467 3141 3520 veni
3179 3475 3237 3522 ut
3264 3468 3356 3538 qui

1779 3564 1887 3603 non
1917 3550 2101 3606 vident
2151 3553 2401 3621 Videant;
2441 3573 2460 3607 3
2529 3564 2605 3618 et,
2672 3574 2691 3607 ι
2755 3554 2868 3609 va
2918 3556 3248 3612 subintravit
3301 3569 3360 3612 ut

1780 3640 2085 3697 abundaret
2108 3643 2403 3713 delictum;
2444 3664 2463 3697 3
2515 3649 2590 3711 et“,
2639 3664 2658 3699 ι
2706 3644 2963 3704 Utomne
3007 3664 3070 3706 os
3103 3650 3361 3705 obstrua-

1781 3738 1911 3797 tur;
1950 3749 1970 3783 3
2006 3740 2082 3797 ct,
2123 3752 2142 3785 ι
2174 3731 2246 3788 Ut
2280 3749 2387 3790 non
2411 3750 2755 3807 quacunque
2810 3737 2998 3804 vultis,
3046 3738 3133 3793 illa
3192 3741 3359 3794 facia-

1784 3819 1877 3876 tis.
1911 3838 1929 3871 3
1968 3820 2146 3891 (Psal.
2207 3840 2379 3893 uvn,
2404 3825 2510 3893 24;
2553 3843 2605 3893 ι,
2636 3826 2703 3895 6λ;
2737 3826 2890 3882 Rom.
2954 3845 3027 3891 Ix,
3069 3830 3359 3897 l7;Mich.

1785 3928 1861 3979 vr,
1896 3913 2145 3979 5;.Ioan.
2171 3933 2246 3985 ix,
2270 3917 2374 3983 59;
2399 3916 2548 3984 Rom.
2578 3936 2633 3986 v,
2658 3918 2726 3974 20
2750 3937 2765 3984 ;
2785 3936 2870 3986 ιιι,
2894 3919 2960 3975 19
2980 3938 2994 3987 ;
3014 3919 3148 3976 Cal.
3179 3925 3362 3991 v,l7.)

1852 4004 1944 4062 25.
1971 4005 2255 4063 Actionem
2273 4026 2367 4079 per
2388 4012 2707 4066 societatem
2737 4013 3030 4082 signiﬁcat,
3055 4004 3225 4067 sicut:
3253 4031 3271 4064 ι
3298 4013 3364 4068 Ει

1785 4111 1908 4152 cum
1939 4098 2125 4169 iniqua
2160 4105 2475 4171 gerentibus
2524 4119 2631 4159 non
2680 4105 2942 4168 introibo.
2973 4122 2993 4156 3
3047 4099 3145 4173 pro
3194 4124 3212 4157 ι
3242 4106 3359 4161 Non

1785 4188 1955 4260 legem
1985 4193 2394 4263 transgrediar;
2434 4213 2452 4245 3
2490 4204 2581 4250 et:
2625 4195 2853 4273 «Beatus
2880 4196 2963 4251 vir
3001 4198 3092 4267 qui
3133 4213 3237 4251 non
3266 4198 3365 4252 ab-

1786 4282 1849 4336 iit
1916 4282 1970 4337 in
2033 4286 2266 4340 consilio
2346 4286 2670 4357 impiorum;
2706 4308 2724 4341 3
2758 4280 2911 4358 ‘pro,
2958 4307 2977 4341 ι
3021 4289 3139 4344 Non
3199 4290 3366 4359 impie

1786 4375 1925 4445 egit;
1962 4395 1980 4426 3
2011 4386 2104 4431 et:
2144 4395 2161 4428 ι
2192 4375 2309 4431 Non
2335 4380 2448 4448 sedi
2488 4379 2541 4433 in
2576 4381 2810 4437 concilio
2835 4380 3170 4444 ludentium;
3199 4401 3217 4434 3
3263 4392 3316 4437 et
3348 4401 3361 4437 :

1794 4483 1813 4516 ι
1859 4466 1913 4519 In
1968 4468 2265 4524 consilium
2315 4485 2507 4525 eorum
2542 4487 2647 4526 non
2702 4472 2883 4527 veniat
2929 4474 3111 4527 anima
3160 4488 3303 4527 mea.
3339 4494 3360 4527 3

1716 4562 1764 4622 D
1789 4556 1960 4629 (Psal.
1999 4575 2125 4624 xxv,
2151 4561 2218 4624 4;
2252 4577 2284 4625 ι,
2341 4563 2361 4616 1
2392 4560 2623 4626 Herem.
2670 4578 2759 4627 xv,
2809 4564 2907 4630 l7;
2942 4561 3070 4618 Gen.
3114 4579 3260 4629 xm,
3288 4565 3366 4635 6.)

1863 4649 1952 4703 9.6.
1990 4649 2375 4721 Jusjurandum
2416 4653 2483 4708 de
2531 4655 2689 4710 lirmo
2721 4654 2873 4723 dicit,
2907 4656 3080 4711 sicut:
3133 4676 3151 4708 ι
3181 4656 3366 4712 Jnravi

1794 4738 1962 4795 David
1991 4756 2147 4796 servo
2165 4756 2321 4807 meo;
2367 4760 2385 4794 3
2421 4741 2757 4799 etzduravit
2778 4745 3041 4802 Dominus
3077 4745 3242 4799 David
3276 4761 3368 4801 vc-

1796 4833 2040 4897 ritatem;
2080 4853 2099 4885 3
2131 4843 2216 4888 et:
2257 4853 2274 4886 ι
2311 4833 2408 4890 Per
2444 4837 2823 4907 menictipsum
2859 4838 3062 4908 juravi,
3098 4838 3227 4894 dicit
3258 4839 3368 4894 Do-

1795 4926 2117 4993 minus;3et:
2140 4947 2158 4979 ι
2184 4926 2396 4983 Juravit
2418 4927 2683 4984 Dominus
2716 4929 2768 4983 in
2803 4929 3311 5000 superbiamiacoli.
3342 4954 3361 4984 3

1795 5015 1971 5087 (l’sal.
2002 5033 2266 5084 Lxxxvm,
2298 5020 2330 5073 4
2353 5038 2367 5087 ;
2392 5036 2575 5086 cxxxt,
2607 5020 2704 5090 ll;
2735 5018 2863 5075 Cen.
2899 5038 3034 5090 xxn,
3062 5023 3184 5090 η16;ι
3211 5023 3367 5078 Amos

1795 5121 1913 5172 vui,
1949 5108 2034 5163 l7.
2067 5110 2085 5178 )

1863 5199 1954 5254 27.
1984 5200 2404 5271 Dispositionem
2434 5207 2576 5274 saepe
2594 5220 2691 5276 per
2713 5205 2873 5260 verba
2896 5206 3153 5272 ostendit,
3179 5206 3319 5261 sicut
3353 5223 3365 5257 :

1802 5309 1821 5344 ι
1857 5291 2158 5350 Dixerunt:
2199 5294 2335 5363 Quis
2365 5297 2571 5353 videbit
2603 5298 2737 5352 eos?
2765 5316 2783 5348 3
2821 5312 2942 5366 pro.
2984 5316 3002 5349 ι
3048 5298 3138 5353 Sic
3168 5313 3365 5356 comta

1798 5383 2068 5440 faciebant
2100 5396 2357 5457 tanquam
2399 5389 2446 5444 si
2506 5404 2666 5445 nemo
2703 5398 2849 5445 esset
2887 5390 2980 5459 qui
3043 5390 3289 5456 videret;
3344 5413 3362 5442 3

1795 5485 1884 5541 et:
1921 5495 1939 5527 ι
1972 5476 2117 5532 Dixit
2142 5479 2287 5533 enim
2317 5481 2368 5534 in
2402 5481 2567 5536 corde
2598 5496 2721 5549 suo,
2752 5481 2980 5537 Nouem
3006 5482 3177 5549 Dens;
3222 5502 3239 5533 3
3275 5498 3362 5537 Ct:

1801 5585 1839 5617 ι·
1861 5567 2153 5625 Dixerunt:
2194 5571 2386 5627 Venite
2414 5583 2468 5631 ct
2497 5574 2879 5645 disperdamus
2913 5590 3009 5632 eos
3030 5575 3098 5630 de
3124 5585 3312 5644 gente;
3343 5594 3359 5626 3

1794 5667 1891 5714 ct:
1933 5678 1951 5711 ι
1992 5659 2315 5720 Haereditate
2347 5667 2724 5735 possideamus
2770 5670 3135 5727 sanctuarium
3179 5666 3308 5733 Dei;
3342 5685 3361 5718 3

1795 5759 1887 5807 et:
1927 5750 2224 5811 «Dixerunt
2252 5756 2305 5811 in
2330 5759 2494 5813 corde
2526 5776 2629 5815 suo
2650 5762 2901 5831 cognatio
2925 5774 3113 5815 eorum
3136 5758 3319 5825 simul;
3344 5778 3361 5812 3

1795 5854 1878 5901 Cl:
1922 5863 1939 5897 ι
1979 5844 2228 5917 Πίλὶδιὶε,
2256 5848 2311 5903 In
2340 5866 2449 5922 quo
2483 5852 2873 5925 despeximus?
2908 5872 2927 5907 3
2958 5850 3048 5915 Et,
3086 5871 3104 5904 ι
3152 5851 3363 5919 Dixisti,

2978 5970 3047 6030 ιι
