4032 6334
204 435 340 498 1297

1211 431 1558 492 ιΙΞΑῦΟΟΕ
1593 431 1669 491 1N
1693 431 1795 490 SS.
1824 424 2312 489 SCRIPTURAS.

3293 430 3426 496 i298

270 544 345 612 μβ
366 580 381 594 .
411 539 483 593 Τὸ
531 538 642 604 ἕως
693 537 958 608 πολλαχοῦ
1011 537 1088 608 (7)
1118 538 1226 590 οὐκ.
1263 541 1354 591 ἐπὶ⁵
1377 540 1569 610 χρόνου
1596 538 1764 605 λέγει,

1941 533 2036 585 42.
2066 530 2261 584 Donec.
2298 543 2574 599 swpe~non
2615 528 2684 584 de
2735 538 2977 600 tempore
3024 530 3190 598 dicit,-
3217 533 3324 588 scd-
3363 537 3426 590 de

189 633 310 686 ἀλλ⁹
330 632 422 684 ἐπεὶ
447 628 540 684 τοῦ
570 629 735 682 αὑτοῦ
767 630 1087 700 πράγματος
1109 645 1124 659 ·
1157 627 1231 690 ὡς
1269 628 1352 693 τὸ,
1373 647 1408 680 .ι
1459 629 1567 681 Καὶ
1615 629 1672 679 ἐν
1695 628 1762 697 τῇ

189 724 325 792 σκιᾷ
348 722 457 774 τῶν
478 720 762 790 πτερύγων
776 734 878 771 σου
899 718 1073 771 ἐλπιῶ
1097 714 1201 783 ἕως
1227 713 1289 773 οὗ
1310 719 1564 792 παρέλθῃ
1588 719 1622 788 ἠ
1639 719 1766 772 ἀνο-

190 813 319 882 μία.
355 831 374 864 ι
415 813 506 866 Οὐ.
540 811 659 881 γὰρ,
687 811 826 881 μετά
872 811 1032 864 τοῦτο
1061 810 1159 882 τῆς
1203 811 1336 882 πρὸς
1382 811 1514 865 Θεὸν
1552 807 1767 871 ἐλπίδος

188 902 424 971 ἔμελλεν
475 901 914 962 ἀπαλλάττεσθαι
938 919 951 932 ·
1011 903 1129 965 καὶ,
1190 921 1207 953 ι
1245 905 1387 965 Ἕως
1418 903 1498 956 ἂνα
1527 899 1768 964 θῶ-τοὺς

185 991 437 1064 ἐχθρούς
457 1009 550 1045 σου
581 993 868 1047 ὑποπόδιον
897 994 1005 1046 τῶν
1035 993 1206 1046 ποδῶν
1231 1011 1324 1046 σου
1345 1010 1358 1023 ·
1392 1012 1410 1046 3
1441 994 1554 1058 καὶ,
1586 1012 1603 1044 ι
1628 990 1765 1062 Ἐγώ

188 1085 312 1153 εἰμι
346 1084 448 1146 ἓως
478 1083 546 1136 ἂν
575 1083 1022 1152 καταγηράσητε.
1079 1102 1096 1133 3
1141 1084 1273 1147 Καὶ,
1323 1106 1341 1134 ι
1395 1081 1767 1151 Ἐκζητήσατε
1819 1085 1827 1092 “

185 1177 284 1227 τὸν
308 1173 514 1243 Κύριον
533 1172 637 1236 ἐως
661 1173 756 1226 τοῦ
783 1174 957 1226 ἐλθεῖν
981 1166 1455 1243 ύμῖν-γενῖιήματα
1490 1171 1766 1225 δικαιοσύ-

185 1281 292 1331 νης
316 1281 331 1295 ·
365 1283 382 1314 3
417 1262 532 1326 καὶ,
572 1279 589 1312 ι
618 1262 692 1316 Ού
717 1262 1014 1332 προσέθετο
1037 1261 1290 1333 Σαμουὴλ
1324 1262 1451 1315 ἰδεῖν
1479 1261 1568 1314 τὸν
1598 1258 1770 1312 Σαοὺλ

186 1356 298 1416 ἕως
340 1353 556 1424 ἡμέρας
606 1352 838 1406 θανάτου
870 1353 1036 1406 αὑτοῦ
1063 1368 1077 1382 ·
1132 1372 1150 1404 3
1187 1352 1386 1419 καὶτὸ,
1442 1370 1462 1403 ι
1496 1351 1626 1405 Ἰδοὺ
1659 1350 1771 1419 ἐγὼ

190 1443 318 1514 μεθ’
352 1437 510 1514 ύμῶθ
543 1444 659 1513 εἰμι
714 1444 896 1506 πάσας
921 1443 1022 1507 τὰς
1051 1445 1286 1514 ἡμέρας,
1328 1444 1434 1508 ἕως
1455 1443 1554 1513 τῆς
1585 1460 1772 1498 συντε-

185 1534 346 1599 λείας
375 1531 472 1587 τοῦ
528 1533 724 1607 αἰῶνος
747 1550 761 1564 ·
801 1554 820 1586 3
855 1537 950 1588 καί
971 1576 983 1600 ,
1049 1553 1067 1587 (
1108 1535 1222 1588 Οὐκ
1247 1529 1544 1604 ἐγίνωσκεν
1578 1533 1773 1605 αὐτὴν,

185 1626 296 1690 ἕως
328 1621 395 1680 οὗ
412 1625 568 1678 ἔτεκε
601 1624 694 1679 τὸν
726 1625 840 1678 υἰδν
863 1626 1036 1696 αὐτῆς
1079 1627 1170 1679 τὸν
1207 1625 1567 1698 πρωτότοκον.
1589 1644 1641 1678 -ι-

269 1718 388 1790 μγ’.
413 1719 492 1791 Τῇ
523 1717 633 1770 τῶν
655 1717 863 1789 χρόνων
892 1717 1158 1792 ἐναλλαγῇ
1187 1719 1453 1790 κέχρηται
1512 1718 1768 1790 συνεχῶς.

189 1811 456 1884 μέλλοντι
489 1810 587 1882 μὲν
613 1811 735 1864 ἀντὶ
759 1810 1228 1881 παρεληλυθότος·
1266 1810 1339 1875 ὡς
1376 1811 1472 1880 τὸ,
1522 1829 1541 1863 ι
1582 1811 1773 1866 Λούσω

187 1877 321 1957 itaO‘
372 1877 612 1974 ἑκάστην
670 1877 853 1955 νύκτα.
897 1877 997 1972 τὴν
1045 1901 1232 1973 κλίνην
1264 1917 1397 1974 μου·
1511 1903 1629 1957 ἀντὶ
1655 1903 1773 1969 τοῦ,
1806 1877 1849 1936 Β

185 1995 466 2049 ἔλουσα·
521 1993 640 2056 καὶ,
679 2011 698 2045 ι
744 1993 834 2046 Ἐν
881 1993 1116 2064 ποταμῷ
1148 1993 1509 2048 διελεύσονται
1555 1995 1708 2049 ποδί·
1752 2014 1771 2048 3

187 2086 319 2140 ἀντὶ
352 2084 468 2149 τοῦ,
489 2084 772 2155 διῆλθον·
825 2086 940 2153 καὶ,
984 2104 1002 2138 ι
1057 2087 1145 2150 Ὠς
1176 2086 1399 2158 χελιδὼν
1419 2087 1562 2141 οὕτω
1593 2087 1776 2159 φωνή-

191 2194 298 2231 σω.
337 2196 356 2228 3
390 2177 497 2230 Καὶ
525 2176 922 2248 παρεληλυθότι
994 2178 1114 2230 ἀντὶ
1182 2177 1500 2242 μέλλοντος·
1558 2176 1634 2241 ὡς
1692 2176 1774 2243 τὸ,

195 2289 219 2321 s
269 2269 416 2336 Ἐγὼ
451 2268 589 2339 πρὸς
626 2268 718 2322 τὸν
749 2267 881 2323 Θεὸν
933 2269 1228 2340 ἐκέκραξα,
1264 2271 1358 2325 καὶ
1387 2272 1416 2323 ό
1440 2269 1641 2341 Κύριος
1667 2270 1778 2322 εἰσ-

191 2357 403 2428 ήκουσέ
433 2372 569 2426 μου·
627 2375 649 2407 3
675 2355 802 2409 ἀντὶ
836 2355 954 2421 τοῦ,
995 2359 1418 2413 εἰσακούσεταί
1460 2375 1605 2429 μου·
1659 2358 1776 2425 καὶ,

198 2467 220 2498 ι
258 2447 400 2500 Τότε
448 2446 722 2500 ἔσπευσαν
773 2447 1039 2516 ἡγεμόνες
1081 2447 1278 2518 Ἐδώμ.
1318 2467 1336 2500 3
1384 2448 1494 2501 Καὶ
1532 2447 1778 2518 μέλλοντι
1853 2447 1860 2455 ’

191 2543 325 2596 ἀντὶ
374 2541 672 2602 ἐνεστῶτος
696 2554 712 2569 ·
758 2541 833 2603 ὡς
874 2540 955 2607 τὺ,
999 2559 1016 2591 ι
1056 2543 1456 2613 Παροικήσουσι
1481 2543 1575 2595 καί⁸
1609 2558 1778 2595 κατα-

195 2631 534 2706 κρύψουσιν·
577 2650 594 2683 3
630 2632 753 2685 ἀντὶ
781 2619 919 2698 τοῦς
974 2632 1358 2702 παριικοῦσι·
1402 2633 1517 2700 καὶ,
1555 2650 1574 2684 ι
1607 2631 1780 2702 Φθέγ·

195 2727 386 2794 ξονται
412 2725 507 2778 καί
530 2723 876 2792 λαλήσουσιν.
912 2743 929 2775 3

273 2925 382 2996 μνδ⁹⁶
413 2925 517 2978 Τὸν
541 2926 712 2978 αἰῶνα
752 2925 956 2996 τριχῶς
994 2924 1173 2993 λέγει·
1223 2926 1340 2995 ἦτοι
1384 2924 1474 2978 τὸν
1504 2925 1601 2995 τῆς
1635 2924 1780 2996 ζωῆς

127 3010 138 3014 ’
197 3021 441 3074 ἑκάστου
475 3017 683 3087 χρόνον,
711 3018 743 3087 ἢ
769 3017 866 3087 τὴν
885 3017 981 3069 τοῦ
1025 3018 1217 3089 χρόνου
1250 3017 1476 3072 καθόλου
1503 3017 1784 3088 παρέκτα-

200 3129 311 3175 σιν,
353 3110 387 3180 ἢ
423 3110 486 3162 τὸ
515 3109 761 3180 διηνεκές
792 3125 852 3162 τε
890 3110 985 3162 καὶ
1010 3108 1396 3178 ἀτελεύτητον·
1428 3111 1521 3162 ἐπὶ
1547 3109 1646 3179 μὲν
1688 3108 1786 3162 οὖν

197 3203 299 3257 τοῦ
339 3205 438 3274 τῆς
489 3202 611 3256 καθ’
643 3201 877 3255 ἕκαστον
917 3202 1067 3270 ζωῆς
1121 3201 1348 3272 χρόνου·
1383 3201 1459 3265 ὡς
1487 3203 1569 3268 τὸ,
1617 3221 1636 3255 ι
1672 3203 1782 3255 Καὶ

1885 3219 1992 3274 que
2061 3203 2130 3258 de
2197 3213 2447 3272 tempore
2525 3201 2800 3272 cujusque
2845 3201 2992 3267 vitae,
3057 3202 3258 3256 sicut:

197 3297 500 3351 ἐκοπίασεν
528 3295 607 3357 εἰς
635 3294 727 3347 τὸν
775 3294 969 3362 αἰῶνα,
1004 3296 1100 3348 καὶ
1147 3295 1372 3367 ζήσεται
1428 3297 1506 3359 εἰς
1538 3294 1718 3360 τέλος·
1758 3315 1780 3350 s

198 3388 322 3451 καὶ,
362 3405 381 3437 ι
416 3383 664 3447 Ἔδωκας
697 3384 848 3453 αὐτῷ
889 3385 1213 3456 μακρότητα
1253 3385 1474 3458 ἡμερῶν
1515 3387 1593 3450 εἰς
1612 3385 1784 3441 αἰῶνα

199 3477 434 3538 αἰῶνος·
473 3492 493 3526 3
528 3473 643 3537 καὶ,
679 3491 698 3525 ι
736 3473 831 3536 Εἰς
857 3473 952 3528 τὸν
976 3475 1150 3528 αἰῶνα
1187 3475 1652 3548 ὲξομολογήσομαί
1679 3494 1782 3532 σοι·

200 3572 366 3638 ἄχρις
391 3567 458 3620 ἂν
483 3565 562 3630 ζῶ
595 3567 688 3619 καὶ
718 3566 872 3636 εἰμί·
911 3584 929 3617 3
961 3566 1073 3631 καὶ,
1130 3587 1148 3620 ι
1184 3568 1259 3622 Ού
1292 3569 1682 3640 σαλευθήσεται
1706 3570 1786 3633 εἰς

200 3661 301 3712 τὸν
323 3657 499 3711 αἰῶνα
525 3658 554 3709 ό
583 3655 858 3710 κατοικῶν
897 3657 1256 3729 Ἰερουσαλήμ
1276 3675 1289 3688 ·
1316 3677 1335 3709 3
1367 3661 1482 3726 καὶ,
1523 3678 1542 3712 ι
1561 3660 1788 3714 Δουλεύ-

205 3767 293 3803 σει
340 3765 424 3801 σοι
455 3749 533 3811 εἰς
561 3748 652 3800 τὸν
683 3747 890 3801 αἰῶνα·
932 3765 952 3800 ι
991 3749 1120 3812 καὶ,
1175 3767 1192 3799 ι
1225 3749 1300 3802 Ού
1343 3750 1418 3820 μὴ
1464 3749 1625 3822 νίψῃς
1659 3753 1785 3816 τοὺς

203 3841 378 3905 πόδας
404 3858 506 3910 μου
532 3841 611 3902 εἰς
633 3838 724 3892 τὸν
756 3839 956 3893 αἰῶνα·
998 3859 1017 3892 3
1054 3841 1167 3903 καὶ,
1202 3842 1326 3895 ιυὺ
1361 3829 1436 3912 μὴ
1469 3843 1628 3910 φάγω
1651 3843 1788 3914 κρέα

205 3938 289 3997 εἰς
343 3935 438 3986 τὸν
497 3932 698 3986 αἰῶνα·
746 3951 766 3984 3
822 3933 959 3999 καὶ,
1012 3950 1030 3983 ι
1081 3933 1153 3985 υὺ
1207 3933 1282 4005 μὴ
1331 3932 1662 4006 διψήσῃτεκ
1695 3934 1788 3988 τὸν

204 4027 405 4082 αἰῶνα.
443 4043 462 4077 3

294 4213 423 4268 Ἐπὶ
455 4212 513 4266 δὲ
532 4211 632 4281 τῆς
657 4211 749 4266 τοῦ
772 4211 967 4284 χρόνου
996 4211 1224 4266 καθόλου
1258 4211 1680 4284 παρεκτάσεως·
1711 4211 1786 4276 ὡς

205 4307 294 4372 τὸ,
327 4324 346 4358 ι
386 4302 770 4358 Εἰσελεύσεται
791 4298 896 4365 ἓως
929 4303 1124 4372 γενεᾶς
1157 4303 1408 4374 πατέρων
1451 4302 1644 4368 αὑτοῦ,
1683 4302 1788 4366 ἕως

208 4399 417 4462 αἰῶνος
445 4397 545 4450 οὑκ
576 4396 767 4466 ὄψεται
819 4394 969 4465 φῶς·
1011 4414 1030 4447 3
1087 4396 1207 4449 ἀντὶ
1269 4395 1387 4463 τοῦ,
1421 4397 1613 4476 ’Δχρις
1644 4395 1712 4450 ἂν
1755 4398 1790 4468 ή
1823 4436 1829 4442 .

1865 624 2055 680 eadem
2091 639 2168 688 re,
2202 623 2385 678 sicut:
2445 640 2463 673 ι
2494 619 2560 674 Et
2586 622 2664 675 in
2717 622 2908 676 umbra
2947 622 3156 678 alarum
3211 634 3428 679 tuarum

1867 717 2119 787 sperabo,
2180 716 2357 769 donec
2413 721 2660 769 transeat
2720 712 3024 782 iniquitas;
3069 733 3088 767 3
3137 731 3244 770 non
3283 717 3429 787 enim

1867 785 1990 878 post
2023 808 2126 860 boc
2156 822 2184 860 a
2213 821 2310 875 spe
2359 806 2416 860 in
2451 805 2618 859 Deum
2646 806 2926 860 immutari
2953 806 3161 873 debuit;
3182 785 3306 872 et,-i
3332 809 3436 865 Do-

1868 914 1967 955 nec
1982 899 2590 970 ponam-inimicostuos
2605 901 2900 955 scabellum
2929 900 3120 969 pedum
3147 911 3384 956 tuorum.
3413 921 3430 953 3

1870 990 1955 1057 Et,
1994 1010 2012 1043 ι
2045 991 2157 1062 Ego
2214 993 2351 1062 ipse,
2377 992 2552 1048 donec
2580 997 2909 1050 senescatis.
2943 1011 2961 1043 3
2998 977 3083 1060 Et,
3141 1013 3159 1044 ι
3193 993 3342 1060 Quae:
3358 995 3432 1048 ite

1870 1083 2161 1138 Dominum
2185 1083 2360 1137 donec
2394 1084 2616 1137 veniant
2644 1083 2802 1139 vobis
2828 1084 3106 1154 genimina
3125 1083 3387 1154 iustitiae;
3415 1104 3433 1135 3

1869 1186 1944 1238 et,
1981 1191 2000 1225 ι
2028 1173 2146 1229 Non
2180 1174 2465 1244 proposuit
2494 1171 2744 1229 Samuel;
2764 1175 2950 1230 videre
2997 1175 3128 1230 Saul
3171 1190 3344 1245 usque
3371 1177 3437 1228 ad

1873 1266 2016 1321 dicm
2059 1265 2250 1320 mortis
2298 1279 2452 1331 suae;
2492 1283 2510 1316 3
2546 1273 2621 1330 et,
2652 1283 2671 1316 ι
2698 1265 2846 1322 Ecce
2867 1281 2968 1335 ego
3003 1266 3300 1322 vobiscum
3317 1281 3438 1321 sum

1871 1359 2126 1413 omnibus
2137 1357 2330 1412 diebus
2347 1356 2603 1426 usquead
2619 1357 3141 1412 consummationem
3179 1357 3392 1421 saeculi;
3420 1375 3438 1408 3

1871 1458 1945 1514 et,
1981 1467 1998 1499 ι
2027 1447 2144 1503 Non
2179 1447 2548 1519 coquoscebat
2585 1461 2702 1503 eam
2740 1447 2915 1502 donec
2945 1448 3154 1518 peperit
3195 1448 3385 1502 ﬁlium.
3420 1467 3439 1498 3

1876 1539 2045 1611 (Paul.
2095 1538 2298 1604 Lt'i,2;
2337 1554 2448 1605 cxx,
2486 1538 2510 1591 1
2548 1554 2564 1605 ;
2617 1536 2732 1591 lsa.
2766 1553 2918 1604 val,
2959 1538 2994 1592 4
3025 1555 3040 1605 ;
3072 1542 3220 1606 ,Osee
3246 1554 3300 1604 x,
3335 1539 3442 1604 12;

1830 1644 1833 1646 '
1871 1630 2058 1700 I-Reg.
2095 1645 2185 1695 xv,
2221 1630 2332 1696 35;
2369 1628 2564 1683 Matth.
2594 1641 2784 1695 xxvm,
2820 1627 2892 1682 20
2919 1645 2935 1696 ;
2966 1645 3005 1692 ι,
3038 1630 3157 1698 24.)

1944 1721 2397 1792 43.Temporum
2472 1719 2859 1776 immutatione
2913 1723 3176 1778 continuo
3230 1723 3442 1778 utitur:

1877 1814 2062 1870 futuro
2100 1815 2316 1885 quidem
2362 1829 2460 1884 pro
2484 1813 2787 1883 praterite,
2809 1814 2998 1870 sicut:
3035 1814 3315 1871 ¢~Lavabo
3352 1832 3447 1885 per

1877 1907 2120 1977 singulas
2168 1915 2358 1961 noctes
2407 1905 2604 1960 lectum
2639 1919 2844 1970 meum,
2882 1923 2900 1956 3
2931 1920 3028 1975 pro
3060 1905 3183 1959 lavi.
3217 1903 3309 1972 Et,
3339 1923 3357 1956 ι
3389 1904 3444 1958 In

1878 1999 2100 2054 ﬂumine
2148 1997 2563 2069 pertransibunt
2603 1995 2758 2067 pede,
2793 2014 2812 2048 3
2871 2011 2968 2066 pro
2996 1998 3444 2066 portransierum.

1880 2088 1964 2156 Et,
2000 2108 2017 2139 ι
2045 2086 2198 2142 Sicut
2230 2089 2410 2156 pullus
2439 2086 2748 2141 hirundinis
2775 2085 2854 2141 sic
2880 2087 3166 2153 clamabo;
3196 2105 3215 2139 3
3245 2078 3449 2158 etprae-

1879 2177 2166 2250 terito'pro
2196 2178 2406 2243 futuro,
2440 2178 2628 2234 sicut:
2695 2197 2712 2229 ι
2751 2176 2865 2248 Ego
2919 2187 3101 2232 autem
3158 2177 3228 2232 ad
3275 2177 3446 2234 Deum

1879 2273 2130 2339 clamavi,
2160 2281 2216 2328 et
2261 2271 2526 2327 Dominus
2555 2269 2833 2326 exaudivit
2871 2285 2979 2335 me,
3021 2287 3038 2320 3
3078 2283 3177 2339 pro
3198 2269 3446 2341 exaudiet

1881 2385 1987 2426 me.
2020 2367 2106 2435 Et,
2141 2387 2162 2421 ι
2195 2367 2350 2424 Tunc
2377 2367 2686 2424 conturbati
2740 2367 3164 2438 suntprincipes
3193 2365 3386 2422 Edom.
3425 2388 3443 2419 3

1880 2464 1947 2520 Et
1987 2467 2174 2520 futuro
2227 2455 2352 2537 loco
2384 2464 2694 2534 praesentis,
2747 2464 2893 2520 sicut
2928 2482 2942 2518 :
3007 2481 3026 2514 ι
3064 2463 3452 2519 lnhabitabunt

1879 2568 1936 2614 et
1969 2557 2330 2624 abscondent,
2363 2575 2381 2608 3
2418 2571 2517 2628 pro
2548 2557 2900 2621 inhabitant;
2961 2563 3038 2620 et,
3076 2573 3094 2607 ι
3129 2555 3448 2610 Eﬂ‘abuntur

1879 2659 1933 2706 et
1965 2650 2284 2720 loquentur.
2321 2647 2529 2720 3(Psal.
2566 2663 2640 2713 ιν,
2679 2647 2742 2713 7;
2793 2661 2920 2710 va,
2951 2645 3024 2713 6;
3077 2646 3192 2700 Ita.
3219 2649 3448 2708 xxxvm,

1882 2747 1994 2812 14;
2029 2745 2178 2800 Psal.
2246 2760 2356 2810 Liv,
2388 2743 2452 2796 17
2486 2759 2500 2808 ;
2558 2741 2731 2797 Exod.
2763 2758 2854 2809 xv,
2897 2741 3006 2822 i5;
3056 2739 3208 2796 Psal.
3253 2755 3339 2806 Lv,
3371 2739 3401 2791 Ἰ
3433 2756 3450 2805 ;

1881 2853 2031 2900 xcm,
2060 2837 2150 2907 4.)-

1952 2930 2040 2984 44.
2079 2928 2499 2998 Perpetuitatem
2527 2926 2730 2998 triplici
2770 2925 2934 2982 modo
2961 2925 3116 2993 dicit,
3157 2934 3274 2981 tum
3315 2933 3453 2980 tem-

1883 3022 2038 3092 poris
2079 3021 2349 3092 cujusque
2388 3021 2535 3087 vitae,
2589 3029 2706 3074 tum
2746 3020 3008 3090 temporis
3038 3019 3206 3075 totius
3265 3025 3456 3072 exten»

1882 3114 2117 3178 sionem,
2196 3121 2310 3166 tum
2404 3111 2724 3167 continuum
2799 3120 2856 3165 et
2943 3109 3284 3174 inﬁnitum;
3354 3108 3456 3183 ita-

3340 3196 3458 3253 «ΕΙ.

1887 3297 2149 3352 laboravit
2203 3294 2258 3348 in
2285 3303 2548 3349 aeternum
2599 3303 2652 3367 et
2676 3293 2826 3348 vivet
2867 3291 3052 3347 adhuc
3101 3290 3156 3346 iu
3217 3289 3400 3344 tinem.
3433 3306 3459 3341 ι

1886 3387 1973 3455 Et,
2021 3407 2040 3440 ι
2065 3387 2332 3442 Tribuisti
2367 3389 2415 3440 ei
2437 3383 2832 3456 longitudinem
2869 3386 3076 3439 dicrum
3117 3383 3172 3438 in
3201 3381 3459 3438 saeculum

1886 3483 2073 3538 saeculi
2106 3498 2120 3547 ;
2152 3499 2170 3532 3
2203 3489 2278 3546 et,
2320 3498 2338 3531 ι
2377 3479 2438 3533 In
2480 3488 2743 3533 mternum
2803 3475 3109 3533 conﬁtebor
3161 3474 3280 3540 tibi,
3327 3473 3459 3528 dum

1885 3575 2010 3630 vivo
2032 3585 2082 3628 et
2104 3588 2247 3628 sum.
2282 3591 2300 3624 3
2332 3571 2422 3635 Et,
2456 3569 2600 3624 «Non
2629 3569 3065 3625 commovebitur
3099 3568 3152 3623 in
3194 3577 3455 3621 aeternum

1886 3667 1980 3738 qui
2014 3665 2226 3721 habitat
2244 3664 2297 3718 in
2326 3661 2678 3728 Jerusalem;
2715 3679 2734 3714 3
2758 3671 2832 3726 et,
2865 3679 2883 3712 ι
2920 3658 3133 3714 Serviet
3160 3657 3256 3713 tibi
3283 3672 3454 3727 usque

1887 3759 1943 3814 in
1973 3767 2234 3814 internum
2265 3795 2282 3820 ,
2327 3773 2346 3808 3
2383 3765 2458 3819 et,
2519 3772 2539 3805 ι
2570 3753 2693 3808 Non
2752 3753 2961 3807 lavabis
3015 3751 3146 3806 mihi
3209 3749 3371 3820 pedes
3403 3753 3456 3803 in

1886 3860 2173 3906 aeternum.
2213 3868 2232 3902 3
2299 3846 2386 3910 Et,
2449 3865 2466 3898 ι
2511 3845 2626 3900 Non
2698 3845 3048 3900 manducabo
3116 3857 3336 3897 carnem
3401 3841 3455 3895 in

1888 3951 2171 3996 aeternum.
2214 3958 2232 3992 3
2313 3957 2330 3989 ι
2368 3935 2486 3990 Non
2547 3937 2694 3991 sitiet
2746 3936 2799 3990 in
2863 3945 3146 3990 aatenmm.
3183 3940 3204 3985 '3
3265 3931 3497 4001 (Psal..

1889 4032 2166 4100 vatn,9;
2198 4047 2294 4097 xx,
2323 4029 2392 4098 5;
2435 4044 2590 4094 xxxx,
2615 4029 2683 4083 15
2715 4044 2731 4093 ;
2773 4043 2866 4096 ιιι,
2893 4027 2926 4081 6
2953 4045 2968 4093 ;
2998 4040 3180 4092 cxxvr,
3219 4025 3242 4080 1
3271 4023 3458 4092 ;Deut.

1890 4142 1958 4181 xv
1987 4166 2002 4191 ,
2025 4123 2088 4179 1Ἱ
2119 4122 2319 4192 ;Joa_m
2350 4135 2471 4186 xm,
2503 4119 2535 4176 8
2564 4117 2905 4188 ;ICor.vm,
2926 4119 2993 4174 15
3018 4134 3034 4185 ;
3057 4117 3310 4183 Joan.lv,
3348 4117 3460 4187 15.)

1963 4215 2038 4271 De
2070 4214 2334 4286 temporis
2373 4214 2542 4270 totius
2564 4212 2909 4278 extensione,
2938 4211 3081 4267 sicut
3111 4228 3123 4264 :
3160 4209 3465 4276 «introibit

1893 4323 2068 4380 usque
2116 4308 2168 4362 in
2203 4307 2493 4378 progenies
2534 4312 2754 4374 patrum
2815 4318 3066 4366 suorum,
3102 4312 3154 4357 ct
3203 4316 3378 4371 usque
3409 4303 3462 4354 in
3520 4287 3522 4289 ’

1891 4409 2154 4456 aternum
2189 4411 2298 4452 non
2339 4395 2539 4450 videbit
2567 4395 2775 4460 lumen,
2800 4413 2818 4448 3
2839 4411 2958 4464 pro,
3032 4393 3281 4461 Quantliu
3305 4409 3460 4449 man-

210 4490 472 4563 παροῦσα
527 4487 664 4559 μένῃ
719 4489 1091 4552 κατάστασις·
1140 4489 1200 4542 οὐ
1239 4488 1351 4561 γὰρ
1386 4491 1472 4543 ἐπ’
1513 4489 1786 4561 ἀναιρέσει

1892 4493 2026 4548 serit
2068 4503 2250 4546 rerum
2281 4485 2417 4544 ordo
2443 4501 2719 4560 praesens;
2799 4502 2908 4541 non
2953 4486 3099 4542 enim
3135 4485 3463 4556 deabroga—

207 4585 318 4656 τῆς
351 4582 700 4644 ἀναστάσεως
721 4580 1045 4650 ἀπεράντως
1065 4579 1365 4650 ἐφθέγξατο
1381 4598 1397 4614 ο
1425 4582 1540 4647 καὶ,
1564 4601 1600 4635 ι»
1616 4583 1786 4637 Ὄνει-

1897 4587 2046 4638 tione
2086 4579 2505 4638 resurrectionis
2532 4580 2588 4634 in
2629 4579 2904 4634 inlinitqu
2946 4578 3163 4634 locutus
3217 4588 3337 4644 est;
3384 4586 3470 4643 et,.

209 4676 305 4740 δος
336 4675 555 4729 αἰώνιον
583 4673 783 4727 ἔδωκεν
805 4673 986 4736 αὐτοῖς
1005 4688 1017 4703 ·
1055 4673 1149 4724 ἐπὶ
1175 4674 1289 4726 τῶν
1329 4673 1662 4744 ἀλλοφύλων,
1703 4674 1786 4728 ῐνα

1902 4694 1921 4728 ι
1948 4671 2740 4745 Opprobriumsempiternum
2772 4669 2922 4726 dedit
2955 4669 3081 4736 illis,
3117 4688 3139 4724 3
3185 4669 3252 4725 de
3272 4668 3463 4724 alieni-

211 4770 349 4839 εἴπῃ
394 4766 608 4838 χρόνιον
632 4804 648 4830 ,
681 4764 822 4818 ὥστε
870 4765 963 4818 καὶ
1009 4763 1115 4818 ὑπὸ
1143 4764 1254 4818 τῶν
1302 4760 1456 4830 αὖθις
1494 4765 1795 4835 αἰσχίστων

217 4854 695 4932 μνημονεύεσθαι·
734 4873 754 4907 3
785 4854 880 4908 καὶ
907 4854 991 4921 τὸ,
1027 4872 1046 4906 ι
1078 4856 1171 4919 Εἰς
1198 4856 1540 4928 μνημόσυνον
1574 4855 1792 4909 αἰώνιον

212 4952 375 5018 ἔσται
405 4948 614 5011 δίκαιος
635 4961 650 4976 ·
682 4964 703 4999 3
732 4947 849 5011 καὶ,
888 4966 907 5000 ι
951 4945 1167 5017 Ἰσραὴλ
1203 4945 1434 5011 σώζεται
1458 4947 1568 5001 ὑπὸ
1584 4947 1792 5016 Κυρίου

217 5039 505 5112 σωτηρίαν,
552 5037 805 5092 αἰώνιον·
855 5057 874 5090 3
911 5040 1045 5101 καὶ,
1086 5057 1105 5091 ι
1157 5039 1292 5091 Οὐδὲ
1325 5040 1401 5110 μὴ
1448 5039 1793 5108 ἐντραπῶσιν

215 5133 329 5197 ἕως
360 5132 437 5203 (8)
464 5131 560 5185 τοῦ
581 5131 776 5196 αἰῶνος
807 5133 865 5186 ἐν
891 5131 1008 5201 ὄρει
1042 5131 1202 5196 Σιὼν,
1223 5131 1331 5186 ἀπὸ
1359 5132 1454 5185 τοῦ
1479 5131 1575 5186 νῦν
1600 5131 1696 5187 καὶ
1714 5135 1794 5198 εἰς

212 5225 318 5278 ’τὸν
369 5223 578 5278 αἰῶνα·
613 5241 632 5275 3
699 5222 846 5278 Ἀντὶ
895 5222 1013 5289 τοῦ,
1067 5224 1160 5276 ἐπί
1190 5223 1357 5277 πολὺν
1403 5223 1615 5294 χρόνον.
1661 5225 1792 5292 Καὶ,

228 5335 252 5371 s
303 5313 531 5371 Ἰουδαία
561 5315 644 5380 εἰς
678 5315 772 5369 τὸν
794 5314 965 5370 αἰῶνα
995 5315 1491 5387 κατοικισθήσεται.
1523 5336 1542 5369 3

1897 4767 2074 4838 genis,
2112 4775 2176 4820 ut
2203 4765 2350 4820 dicat
2383 4764 2733 4828 diuturnum,
2764 4762 2838 4816 ita
2869 4771 2925 4815 ut
2960 4771 3014 4816 et
3053 4777 3081 4816 a
3115 4769 3463 4830 posterorum

1895 4858 2277 4914 infamissimis
2299 4857 2560 4912 memoria
2592 4862 2877 4918 servetur;
2911 4861 2986 4918 et,
3050 4872 3068 4903 ι
3105 4853 3161 4906 in
3197 4853 3463 4908 memoria

1899 4963 2099 5005 aeterna
2127 4948 2225 5004 erit
2252 4949 2474 5019 justus;
2519 4966 2538 5000 3
2571 4955 2646 5014 et,
2682 4963 2700 4998 ι
2728 4944 2890 5000 lsrael
2920 4944 3162 5000 salvatus
3177 4944 3326 4998 cStin
3355 4943 3465 4998 Do-.

1899 5042 2050 5096 mino
2081 5041 2260 5096 salute
2277 5049 2525 5106 aeterna;
2568 5058 2587 5093 3
2627 5027 2700 5103 et,
2736 5056 2756 5107 ι
2796 5036 2913 5090 Non
2933 5033 3467 5104 confundantusqnc
3533 5019 3536 5024 ’

1899 5133 1955 5188 in
1987 5141 2248 5187 aeternum
2301 5131 2356 5185 in
2392 5139 2595 5185 monte
2641 5128 2774 5184 Sion
2835 5143 2900 5182 ex
2938 5128 3043 5182 hoc
3101 5141 3249 5180 nunc
3307 5135 3360 5181 ct
3413 5127 3466 5180 iu

1893 5232 2210 5288 aeternum"
2247 5235 2344 5290 pro
2374 5219 2427 5274 in
2456 5219 2686 5273 multum
2742 5203 2982 5288 tempus.
3054 5215 3169 5282 Et,t
3205 5213 3387 5270 Judaza
3415 5217 3466 5270 in

1900 5323 2164 5370 aeternum
2185 5309 2716 5378 sa|t°abitur.3(Psal.
2749 5325 2939 5375 vam,
2968 5307 3038 5362 20
3065 5324 3079 5373 ;
3110 5324 3314 5372 Lxxm,
3349 5308 3417 5362 66
3451 5323 3468 5373 ;

1906 5421 1989 5472 ιιι,
2019 5405 2088 5472 7;
2123 5394 2234 5461 lia.
2261 5419 2384 5471 va,
2418 5404 2524 5471 i7;
2562 5403 2678 5458 Joel
2709 5417 2789 5466 ιιι,
2818 5399 2932 5470 30.)

543 5630 546 5634 .
1355 5580 1586 5637 DAVID.
1649 5575 2048 5636 "(ESCHELII
2099 5572 2332 5630 ΝΟΤᾸΞ.
2838 5594 2842 5597 ·
3387 5596 3413 5620 .

298 5675 378 5743 (7)
432 5675 502 5728 Τὸ
537 5677 695 5742 Ἕως
751 5675 1090 5743 πολλαχοῦ,
1138 5676 1202 5730 τὸ
1254 5674 1397 5731 Ἕως
1455 5677 1518 5728 ού
1574 5678 1786 5740 πάντως

1906 5674 2004 5727 lib.
2039 5689 2077 5736 ι,
2108 5671 2269 5740 epist.
2305 5669 2393 5743 i8_,
2425 5671 2611 5743 inqua
2641 5663 2864 5743 σφάλμα
2895 5658 3241 5743 reponatur}
3267 5654 3473 5738 κόραξι

223 5747 639 5826 ἀντιδιαιρεῖται
677 5745 757 5817 τῷ
810 5747 1097 5828 μέλλοντι·
1159 5747 1297 5800 ἀλλὰ
1352 5746 1413 5799 τὸ
1466 5748 1627 5818 μέχρι
1661 5748 1794 5871 [ἑήν

223 5817 384 5870 τουδί
408 5815 610 5871 τίθησι.
645 5817 704 5868 τὸ
745 5821 883 5871 μετὰ
915 5831 1073 5871 τουτο
1099 5817 1162 5870 δι
1189 5818 1290 5870 οὐκ
1325 5817 1623 5871 ἀναίνεται.
1711 5836 1792 5871 az.

223 5815 384 5870 τοῦδε
408 5815 704 5888 τίθησι..-τρ
729 5815 883 5888 μετὰ
915 5816 1073 5872 τοῦτο
1099 5817 1162 5870 δέ
1189 5818 1290 5870 οὐκ
1325 5815 1623 5882 ἀναίνεται,
1661 5815 1792 5872 Naz.

223 5889 385 5957 0-al_.
417 5878 457 5940 il
498 5878 568 5957 ρο
598 5878 756 5940 Filio:
782 5888 988 5944 Similia
1017 5887 1145 5943 Vitlc’
1181 5889 1324 5957 apud
1349 5887 1488 5942 Iiasil
1533 5878 1793 5942 Mallum.

225 5955 452 6014 iant.
497 5953 713 6023 Christi,
769 5959 981 6028 p.‘.‘33,
1048 5971 1099 6016 ct
1160 5953 1296 6030 ιιιῐιιει
1361 5960 1550 6016 Isidor.
1621 5959 1796 6015 l'tlus.

1902 5727 2155 5813 denique.
2179 5741 2315 5813 apud
2354 5727 2416 5793 ὕ.
2475 5727 2701 5807 Angust.
2758 5727 2833 5785 De
2868 5727 3104 5785 sermone
3159 5727 3364 5781 homini
3423 5730 3475 5782 in

2260 5812 2370 5954 'ith
2416 5874 2813 5950 ἐντραπῶσιικ
2846 5856 2929 5931 Δί.
2961 5875 3052 5929 καὶ
3080 5872 3138 5927 οὐ
3177 5860 3249 5944 μὴ
3282 5867 3472 5939 ἐντρα-

1913 5979 1948 6015 τι
1996 5974 2200 6012 σονται.
2903 5986 2914 5991 -

1913 5974 2200 6015 πτισονται.
2903 5986 2914 5991 ‘
