4032 6334
714 401 848 468 1319

1700 408 2098 470 ΕΡΙΡΗΑΝΙΙ
2132 410 2604 471 CATANENSIS
2629 405 2934 471 DIACONI

3803 408 3912 476 139.0

707 515 1026 586 stinguiuem
1060 517 1237 570 crucis
1268 530 1400 582 suae,
1433 517 1548 572 sive
1577 529 1698 587 qua:
1734 518 1786 570 in
1822 525 1988 581 terra,
2015 519 2128 573 sive
2157 534 2262 588 qua

2385 536 2505 579 πον,
2533 522 2590 571 ἐν
2621 519 2830 588 κόσμῳ,
2861 515 3313 583 ἀποκαταλλάξας
3346 517 3416 570 τὶ
3448 517 3626 572 πάντα
3660 519 3733 582 εἰς
3761 522 3916 576 tuum

705 606 760 660 in
793 607 946 661 cadis
993 615 1119 660 sunt
1157 606 1220 660 ".
1268 623 1288 657 ›
1331 603 1376 662 Ο
1409 607 1700 662 sublimem
1757 610 1895 663 lianc
1934 609 2299 675 prazdicatio-'

706 697 867 750 nem!
910 695 954 750 0
989 697 1409 753 inenarrabilem
1445 699 1606 755 istam
1640 699 2110 754 misericordiam!
2150 698 2281 753 Uni-

703 790 917 858 genitus
945 789 1116 846 Filius
1145 790 1239 846 Dei
1271 792 1455 846 omnia
1492 794 1546 846 in
1570 792 1753 862 seipso
1792 793 2155 848 reconcilians
2183 810 2278 862 pa-

700 877 933 932 ciﬁcavit
970 893 1068 948 per
1109 879 1432 950 sanguinem
1480 880 1660 935 crucis
1709 895 1844 935 suae.
1889 881 1957 936 Et
2005 883 2276 952 quomodo

697 969 919 1039 quidam
963 979 1084 1039 post
1124 979 1329 1024 tantam
1387 968 1717 1026 ineffabilem
1775 973 2274 1028 reconciliationem

698 1074 800 1114 nos
839 1059 955 1114 fieri
996 1060 1239 1129 priorum
1297 1059 1688 1116 seditiosorum
1735 1062 2082 1118 inimicorum
2126 1062 2274 1116 allir-

697 1149 882 1204 inanti
945 1148 1229 1217 Quomodo
1293 1161 1414 1221 post
1474 1152 1638 1206 unius
1693 1162 1748 1207 et
1796 1155 1969 1210 solius
2008 1155 2120 1210 veri
2183 1156 2272 1210 Dei

694 1241 1027 1310 agnitionem
1067 1243 1298 1296 adorare
1341 1241 1485 1296 idola
1529 1243 1880 1300 Christianos
1929 1245 2114 1300 dicere
2151 1249 2270 1302 ausi

694 1342 824 1386 sunt
845 1333 869 1386 ?
890 1332 1200 1388 Praesertim
1226 1348 1349 1387 cum
1383 1335 1646 1405 propheta
1671 1337 2042 1412 ontnimodam
2075 1339 2270 1395 borum

691 1423 1182 1479 comminutionem
1224 1425 1630 1495 quodammodo
1688 1412 1923 1495 clamet,
1975 1441 2030 1485 et
2075 1431 2219 1487 dicat
2255 1451 2268 1487 :

695 1534 716 1567 ε
763 1514 819 1570 In
854 1515 942 1571 die
980 1515 1070 1570 illa
1125 1505 1410 1586 apparebit
1465 1517 1748 1583 Dominus,
1784 1528 1838 1574 et
1889 1523 2273 1578 cxterminabit

687 1607 821 1662 deos
859 1609 1102 1677 gentium
1141 1617 1297 1662 terra:
1327 1617 1434 1668 εει
1457 1609 1707 1664 adorabit
1738 1624 1863 1666 eum
1895 1614 2270 1683 unusquisque

689 1699 754 1752 dc
783 1699 905 1753 loco
934 1714 1058 1764 suo,
1091 1712 1282 1753 omnes
1312 1685 1506 1753 insula:
1528 1701 1772 1769 gentium
1801 1703 1868 1754 ¹¹.
1918 1720 1936 1752 ι
1977 1701 2112 1757 Ecce
2139 1705 2268 1759 sul)-

687 1789 997 1844 versionem
1027 1784 1322 1851 idolOrum,
1355 1798 1408 1843 ct
1440 1790 1548 1843 Deo
1580 1790 1965 1846 celebrandam
1994 1794 2266 1850 adoratio-

2385 607 2478 660 καὶ
2507 609 2934 677 εἰρηνοποιήσας
2963 607 3052 661 διὰ
3083 605 3175 659 τοῦ
3211 607 3443 676 αἵματος
3469 608 3565 662 τοῦ
3594 612 3812 680 σταυροῦ
3840 616 3915 668 αὖ·

2381 697 2497 761 τοῦ,
2525 701 2630 750 εἴτε
2660 701 2726 752 τὰ
2763 701 2855 752 ἐπὶ
2886 699 2986 768 τῆς
3019 701 3122 770 γῆς
3163 699 3272 752 εἴτε
3301 699 3369 753 τὰ
3397 702 3454 753 ἐν
3485 703 3597 763 τοῖς
3630 702 3870 771 οὐρανοῖς.
3897 725 3910 756 ι

2385 788 2449 839 Ὢ
2495 788 2590 841 τοῧ
2634 789 2839 859 ὑψηλοῦ
2874 789 3066 844 τούτου
3112 791 3495 861 κηρύγματοςί
3526 785 3570 844 ὦ
3602 792 3698 860 τῆς
3743 794 3913 844 ἀνεκδι-

2381 879 2591 946 ηγήτου
2641 879 2846 946 ταύτης
2895 880 3330 949 φιλανθρωπίας.
3385 874 3447 936 ’0
3496 882 3780 951 μονογενής
3818 883 3913 945 Υίδς

2378 968 2470 1019 τοῦ
2502 967 2635 1020 Θεοῦ
2669 972 2734 1022 τὰ
2773 970 2946 1022 πάντα
2976 971 3058 1034 είς
3093 971 3288 1024 ἐαυτὸν
3325 971 3769 1036 ἀποκαταλλάξας
3793 975 3913 1043 εἰρη-

2380 1057 2637 1127 νοποίησε
2684 1058 2772 1110 διὰ
2807 1058 2898 1111 τοῦ
2933 1061 3166 1129 αἵματος
3213 1059 3310 1113 τοῦ
3346 1060 3585 1130 σταυροῦ
3617 1059 3802 1113 αὐτοῦ’
3842 1065 3913 1112 καὶ

2378 1149 2496 1212 πῶς
2537 1166 2682 1214 τινες
2722 1151 2860 1220 μετὰ
2901 1151 2999 1220 τὴν
3027 1151 3296 1221 τοσαύτην
3339 1151 3710 1222 ἀνέκφραστον
3754 1152 3913 1205 καταλ-

2377 1243 2569 1315 λαγήν,
2632 1245 2737 1297 ὑπὸ
2783 1247 2941 1316 χεῖρα
2988 1244 3097 1297 τῶν
3141 1246 3311 1299 πάλαι
3363 1246 3703 1299 στασιαστῶν
3745 1246 3913 1316 ἐχθρῶν

2376 1339 2523 1408 ἡμᾶς
2548 1337 2804 1406 γενέσθαι
2827 1338 3288 1410 διῖσχυρίζονται;
3321 1340 3438 1402 πῶς
3464 1340 3603 1409 μετὰ
3635 1341 3728 1409 τὴν
3754 1341 3824 1400 είς
3847 1339 3913 1391 τὸν

2374 1426 2470 1479 ἕνα
2527 1429 2624 1480 καὶ
2675 1428 2836 1499 μόνον
2882 1427 3136 1499 ἀληθινὸν
3180 1420 3314 1482 Θεὸν
3365 1429 3664 1496 ἐπίγνωσιν
3719 1428 3914 1490 εἰδώλοις

2374 1519 2501 1578 τοὺς
2535 1518 2897 1587 Χριστιανοὺς
2930 1519 3308 1588 προσκυνῆσαι
3337 1521 3512 1571 εἰπεῖν
3553 1518 3910 1587 τετολμήκασι;

2373 1606 2552 1658 καίτοι
2580 1605 2673 1658 τοῦ
2699 1606 2980 1676 προφήτου
3008 1605 3106 1676 τὴν
3135 1608 3372 1678 παντελῆ
3398 1607 3608 1660 τούτοιν
3638 1608 3909 1676 ἑκμείωσιν,

2373 1697 2566 1767 ῶσπερ
2601 1697 2958 1775 ,ἀναϐοῶντος
3000 1701 3095 1752 καὶ
3141 1699 3391 1768 λέγοντος
3415 1717 3428 1731 ο
3471 1719 3489 1751 r
3535 1701 3627 1753 'Ev
3664 1704 3725 1770 τῇ
3761 1699 3910 1769 ἡμέρᾳ

2371 1788 2558 1860 ἐκείνῃ
2592 1788 2990 1859 ἐπιφανήσεται
3038 1789 3267 1860 Κύριος,
3309 1793 3401 1844 καὶ
3427 1789 3910 1862 ἐξολοθρεὺσειτοὺς

686 1896 811 1935 nem
841 1881 911 1936 ab
961 1895 1295 1952 unoquoque
1331 1883 1398 1936 de
1439 1881 1559 1937 loco
1613 1898 1714 1937 suo
1752 1884 2082 1941 audivimus.
2119 1885 2262 1952 Quo-

2373 1855 2666 1942 θεοὺς-τῶν
2698 1855 2870 1934 ἐθνῶν
2897 1855 3165 1951 τῆς“γῆςο
3199 1883 3293 1935 καὶ⁵
3334 1855 3802 1954 προσκυνήσουσιν
3835 1886 3910 1936 ait

684 1972 849 2027 modo
904 1972 1071 2043 igitur
1133 1988 1232 2028 nos
1271 1973 1363 2042 qui
1436 1973 1540 2027 hoc
1594 1973 1848 2042 agimus,
1905 1977 2268 2033 idololatriam

683 2078 939 2118 exercere
971 2065 1334 2118 accusamur?
1363 2063 1498 2130 Quis
1524 2074 1707 2119 autem
1749 2077 1802 2120 et
1831 2068 2057 2122 omnino
2087 2083 2270 2139 posset

683 2154 736 2206 in
764 2153 1146 2224 antiquitatem
1188 2154 1455 2210 idolorum
1509 2171 1750 2210 errorem
1793 2174 2059 2214 renovare
2106 2175 2270 2230 super

683 2246 930 2300 terram?
959 2245 1016 2301 Si
1051 2246 1195 2301 enim
1237 2247 1561 2316 nequissimi
1599 2248 1876 2304 dainiones
1905 2253 1996 2320 qui
2029 2267 2122 2321 per
2154 2253 2268 2310 haec

682 2341 992 2409 placantur,
1036 2340 1140 2394 hoc
1171 2338 1352 2414 facere
1391 2350 1643 2409 possunt,
1693 2343 1969 2411 quomodo
2024 2359 2131 2398 non
2171 2347 2266 2402 de-

680 2441 923 2487 struetur
980 2441 1154 2486 totum
1215 2431 1640 2502 dispensationis
1694 2435 2040 2504 mysterium,
2078 2447 2264 2493 sancta

679 2524 968 2580 manifeste
1020 2518 1292 2578 clamante
1349 2523 1632 2594 Scriptura
1675 2541 1688 2579 :
1735 2543 1754 2576 ‹
1799 2525 1935 2592 Quia
1994 2528 2265 2596 percussit

677 2615 934 2670 inimicos
964 2629 1096 2672 suos
1135 2614 1188 2668 in
1219 2614 1632 2684 posteriora“?
1669 2634 1688 2667 ι
1734 2613 1792 2669 lu
1831 2631 1940 2685 quo
1990 2617 2260 2684 innuitur,

677 2707 802 2777 quia
830 2705 1274 2773 Cliristusetiam
1304 2707 1658 2774 opprobrium
1690 2708 2085 2776 sempiternum
2111 2710 2264 2766 dedit

673 2797 775 2852 eis.
815 2795 917 2862 Qui
967 2797 1114 2849 enim
1173 2803 1349 2864 potest
1408 2794 1614 2865 aliquid
1673 2799 1912 2865 OperAI-i,
1946 2815 2051 2852 non
2120 2800 2262 2855 inter

677 2900 946 2953 mortuos,
999 2888 1090 2943 sed
1155 2887 1296 2942 inter
1344 2887 1588 2942 viventes
1638 2887 1820 2944 adhuc
1868 2891 2052 2960 procul
2092 2892 2259 2947 dubio

672 2982 1050 3038 constituitur.
1125 2978 1412 3046 Quomodo
1467 2990 1650 3035 autem
1716 2989 1770 3035 et
1831 2985 1947 3051 ipse
2007 2985 2258 3054 proprios

673 3075 990 3128 confortans
1021 3070 1343 3140 diSt'ipulOS,
1384 3080 1437 3125 et
1466 3071 1534 3124 ad
1560 3087 1752 3126 omnes
1793 3075 1877 3127 vel
1929 3075 2258 3144 qualescun-

673 3179 779 3234 que
818 3160 1161 3216 difficultates
1192 3159 1423 3212 viriliter
1454 3158 1770 3213 subeundas
1811 3160 2134 3228 adhortans,
2163 3177 2255 3216 ve-
2284 3191 2325 3247 ο

673 3258 893 3316 ritatcm
928 3255 1091 3319 dicet,
1125 3267 1249 3306 cum
1309 3262 1518 3307 asserat
1555 3270 1569 3306 :
1611 3271 1628 3303 ι
1669 3252 1962 3319 Conlidite,
2009 3271 2111 3324 ego
2152 3257 2255 3310 viri

672 3350 940 3406 mundum
976 3347 1063 3400 "‘3
1099 3367 1117 3397 ι
1161 3346 1218 3400 Si
1245 3345 1392 3400 enim
1425 3345 1567 3415 quod
1602 3346 1690 3399 hic
1740 3345 1937 3401 vicisse
1972 3362 2031 3401 sc
2067 3364 2254 3417 repro-

673 3441 860 3505 mittit,
905 3441 1009 3494 hoc
1061 3439 1136 3494 illi
1181 3438 1470 3492 valuerunt
1514 3453 1705 3492 rursus
1752 3454 1845 3506 per
1902 3440 2253 3498 rebellionem

671 3532 911 3594 auferre,
943 3545 1051 3584 non
1088 3530 1275 3597 utique
1307 3529 1411 3583 tale
1439 3529 1569 3598 quid
1591 3529 1833 3598 victoria
1861 3530 2252 3594 nominabitur,

672 3641 774 3680 nec
812 3625 954 3692 inter
986 3621 1148 3675 fortia
1179 3620 1323 3676 faeta
1368 3621 1875 3676 connumerabitur.
1928 3619 2062 3675 Nam
2115 3638 2254 3692 quo-

673 3716 838 3772 modo
873 3714 1098 3768 victoria
1129 3714 1256 3780 erit,
1292 3713 1338 3768 si
1374 3712 1635 3766 liberator
1665 3710 1972 3784 [liberatos]
2007 3715 2060 3768 in
2095 3713 2253 3768 finem

673 3810 900 3866 minime
932 3807 1259 3873 lucrifaciat,
1296 3806 1390 3861 scd
1443 3805 1720 3860 similibus
1751 3806 1820 3860 ab
1860 3807 1945 3860 his
1977 3807 2070 3877 qui
2106 3808 2256 3878 prius

578 3896 584 3901 ’
671 3901 918 3973 superati
956 3899 1194 3962 fuerant,
1239 3898 1630 3952 Iuctaminibus
1663 3899 1940 3968 redigatur
1972 3898 2254 3971 [redigan-

670 3994 825 4066 tur]?
866 4009 1053 4049 verum
1098 4008 1199 4047 nec
1233 3992 1529 4057 similibus,
1567 3993 1659 4047 scd
1713 3992 2070 4049 fortioribus?
2118 3993 2253 4049 Nam

669 4084 957 4156 possidere
992 4071 1122 4152 quid
1179 4089 1231 4136 et
1283 4081 1530 4150 perdere,
1586 4081 1704 4149 plus
1752 4081 1907 4144 mihi,
1943 4098 2106 4151 quam
2147 4100 2253 4138 non

667 4173 1000 4242 acquisitnm
1038 4188 1145 4225 non
1184 4171 2256 4242 possideam-inTationemimbccillita-

670 4265 741 4316 tis
796 4262 1183 4331 reputabitur?
1217 4263 1391 4314 Porro
1437 4261 1526 4314 ubi
1563 4273 1722 4330 putas
1763 4263 2033 4316 idolorum
2082 4274 2256 4322 status

670 4349 968 4423 [stratus]?
997 4351 1090 4420 qui
1119 4351 1220 4404 hoc
1249 4350 1805 4429 dicentes‘posuistis,
1842 4353 2019 4408 aiunt.
2058 4354 2171 4410 Etsi
2202 4357 2252 4409 in

666 4445 912 4514 antiquis
957 4444 1390 4498 dminonicorum
1433 4441 1766 4512 templorum
1812 4445 2051 4512 sedibus,
2117 4465 2254 4501 non-

2359 1968 2448 2040 ’τῷ
2476 1969 2709 2033 ἕκαστος
2753 1972 2817 2022 ἐκ
2846 1971 2941 2024 τοῦ
2980 1972 3145 2026 τόπου
3179 1973 3348 2026 αὑτοῦ
3379 1975 3549 2028 πᾶσαι
3583 1977 3638 2027 αἱ
3661 1975 3800 2044 νῆσοι
3828 1976 3908 2027 τῶν

2370 2058 2564 2113 ἐθνῶν.
2607 2078 2625 2111 ι
2703 2060 2951 2122 Ἀκούεις
2997 2059 3098 2130 τὴν
3149 2062 3345 2132 ήλίκην
3385 2062 3496 2116 τῶν
3555 2063 3760 2116 πολλῶν
3802 2065 3907 2117 Θεῶν

2370 2153 2777 2224 καταστροφήν,
2813 2155 2906 2208 καὶ
2927 2154 3025 2225 τὴν
3057 2155 3116 2220 ἐξ
3141 2155 3358 2226 ἀπάσης
3378 2157 3476 2220 τῆς
3503 2157 3610 2226 γῆς
3637 2158 3840 2212 ἕκαστον
3862 2162 3906 2210 ἐκ

2366 2246 2464 2298 τοῦ
2494 2247 2660 2299 τόπου
2691 2247 2857 2300 αὑτοῦ
2885 2246 2962 2316 τῷ
2989 2246 3106 2316 Θεῷ
3137 2247 3505 2301 ἀποτελοῦντα
3540 2248 3905 2319 προσκύνησιν;

2368 2336 2486 2401 πῶς
2515 2337 2696 2390 τοίνυν
2722 2338 2770 2390 οί
2792 2336 2949 2390 τοῦτο
2977 2337 3308 2408 πράττοντες
3339 2338 3745 2410 είδωλολατρεῖν
3771 2340 3906 2392 αἰτιώ-

2371 2430 2547 2500 μεθα;
2599 2431 2686 2491 τίς
2733 2430 2789 2484 δὲ
2820 2429 2956 2494 ὅλως
2991 2431 3084 2483 καὶ
3111 2431 3330 2500 ἴσχυσεν
3377 2431 3458 2494 είς
3493 2432 3558 2484 τὸ
3593 2435 3806 2503 ἀρχαῖον
3831 2435 3903 2504 τὴν

2365 2520 2476 2574 τῶν
2512 2518 2744 2573 εἰδώλων
2774 2520 2984 2590 πλάνην
3018 2520 3111 2574 ἐπὶ
3147 2521 3250 2589 γῆς
3279 2521 3734 2589 ἐπανακαινίσαι;
3763 2526 3804 2577 εί
3831 2525 3902 2592 μὲι,

2365 2613 2470 2685 γὰρ
2511 2613 2561 2666 οί
2591 2612 2678 2666 διὰ
2716 2611 2920 2666 τούτων
2968 2612 3395 2684 Θεραπευόμενοι
3434 2615 3787 2684 πονηρότατοι
3811 2616 3900 2668 δαί-

2367 2721 2526 2773 μονες
2549 2701 2708 2757 τοῦτο
2737 2705 2960 2775 ποιῆσαι
2982 2704 3248 2770 δέδυνται,
3280 2705 3396 2769 πῶς
3427 2707 3529 2760 οὐκ
3559 2708 3901 2776 ἀνατραπήσε-

2361 2791 2597 2850 ταιὸλον
2613 2796 2675 2850 τδ
2694 2797 2791 2866 τῆς
2809 2797 3120 2865 οἰκονομίας
3147 2800 3468 2869 μυστήριον,
3490 2800 3593 2869 τῆς
3613 2801 3767 2868 ἁγίας
3781 2800 3901 2870 διαρ-

2364 2889 2532 2958 ρήδην
2572 2887 2782 2959 βοώσης
2827 2889 3071 2960 Γραφῆςο
3101 2908 3118 2940 ι
3149 2891 3272 2943 Ὀτι
3299 2891 3534 2959 ἐπάταξε
3566 2895 3693 2954 τοὺς
3714 2893 3899 2964 ἐχθροὺς

2360 2978 2525 3032 αὑτοῦ
2571 2981 2650 3042 είς
2699 2979 2759 3032 τὸ
2812 2979 3017 3044 ὀπίσω;
3052 2997 3070 3032 ι
3103 2980 3272 3050 Δῆλον
3334 2983 3391 3035 δὲ
3438 2984 3518 3036 ὅτι
3567 2985 3788 3056 Χριστος
3829 2987 3898 3037 καὶ

2359 3071 2559 3132 ὄνειδος
2593 3070 2812 3124 αἰώνιον
2836 3068 3042 3124 ἔδωκεν
3062 3075 3264 3136 αὐτοῖς.
3292 3075 3517 3139 Πάντως
3549 3078 3661 3148 γὰρ
3688 3079 3762 3130 ὅτι
3785 3080 3808 3130 ὁ
3831 3079 3898 3130 δυ-

2359 3164 2592 3233 νάμενός
2625 3180 2678 3216 τι
2709 3164 2953 3232 ἐνεργεῖν
2999 3165 3100 3217 οὐκ
3147 3165 3204 3217 ἐν
3249 3170 3362 3229 τοῖς
3395 3157 3709 3231 τεθνεῶσιν,
3735 3171 3832 3223 ἀλλ’
3857 3174 3897 3222 ὲν

2359 3256 2474 3317 τοῖς
2499 3252 2668 3317 ζῶσιν
2694 3253 2772 3306 ἐτι
2797 3255 3224 3310 κατατέτακται.
3263 3257 3385 3321 Πῶς
3407 3259 3464 3312 δὲ
3497 3263 3596 3313 καὶ
3627 3263 3776 3326 αὐτὸς
3802 3264 3898 3323 τοὺς

2362 3347 2529 3409 ίδίους
2580 3346 2966 3417 ἐπιθαρῤύνων
3009 3347 3262 3419 μαθητὰς
3307 3351 3403 3404 καὶ
3431 3353 3572 3421 πρὸς
3622 3357 3724 3407 πᾶν
3756 3355 3897 3407 ὁτιοῦν

2357 3437 2464 3490 τῶν
2503 3437 2778 3508 δυσχερῶν
2815 3439 3086 3509 ἀνδρικῶς
3118 3442 3253 3495 ίέναι
3289 3445 3798 3516 παρακελευόμενος
3823 3450 3897 3499 ἐπ·

2357 3527 2647 3598 αληοεύσει
2680 3527 2852 3594 λέγων
2877 3546 2891 3559 ⁸
2926 3549 2942 3579 ι
2976 3529 3262 3601 Θαρσεῖτε,
3296 3531 3409 3598 ἐγὼ
3435 3535 3698 3604 νενίκηκα
3724 3537 3804 3589 τὸν
3831 3537 3896 3587 16-

2363 3636 2519 3691 σμον.
2554 3638 2572 3670 ι
2610 3621 2671 3672 Εἰ
2696 3620 2804 3691 γὰρ
2827 3620 2920 3683 οὓς
2944 3622 3166 3690 νικῆσαι
3191 3624 3397 3686 ἐκεῖνος
3426 3625 3759 3697 ἐπήγγελται
3777 3614 3897 3681 τοῦτο

2358 3714 2556 3764 ἐκεῖνοι
2590 3712 2837 3782 ἴσχυσαν,
2865 3712 2956 3765 διά
2975 3713 3074 3781 τῆς
3111 3707 3186 3767 ῶν
3209 3702 3576 3786 ἀφῃρέθησαν
3601 3722 3897 3790 ἀπαναρῤή-

2359 3821 2518 3870 σεως,
2541 3804 2654 3858 οὐδ’
2678 3805 2744 3858 ἂν
2764 3805 2824 3858 τὸ
2845 3805 3086 3860 τοιοῦτον
3108 3808 3544 3878 ὀνομασθήσεται
3574 3800 3718 3884 νίκη,
3739 3814 3831 3868 οὐδ’
3850 3815 3898 3866 ἂν

2356 3898 2475 3959 ταῖς
2520 3897 2600 3958 είς
2642 3896 2893 3968 ἀνδρείαν
2938 3897 3243 3969 ἀριστείαις
3285 3905 3742 3969 κατατετάξεται.
3802 3905 3897 3965 Πῶς

2356 3988 2466 4059 γὰρ
2513 3988 2636 4060 νίκη
2670 3991 2704 4058 ἡ
2734 3991 2859 4052 τοὺς
2884 3990 3262 4061 λυτρωθὲντας
3306 3994 3386 4056 είς
3409 3995 3567 4059 τέλος
3597 3997 3672 4068 μὴ
3699 3999 3897 4064 ἀποκερ-

2357 4081 2592 4150 δήσασα,
2627 4081 2762 4134 ἀλλὰ
2792 4085 2902 4146 τοῖς
2933 4084 3142 4152 ὁμοίοις
3175 4085 3282 4137 ὑπὸ
3316 4086 3423 4139 τῶν
3464 4089 3728 4159 πρότερον
3767 4093 3897 4159 ήττη-

2361 4171 2543 4240 μένων
2571 4171 2941 4242 ὐποῦληϐεῖσα
2977 4173 3364 4244 παλαίσμασι;
3395 4178 3644 4250 καίτοιγε
3676 4181 3786 4234 οὐδὲ
3815 4183 3898 4242 τοῖς

2355 4263 2562 4331 ὁμοίοις
2588 4263 2782 4315 πολλοῦ
2812 4279 2874 4332 γε
2901 4266 2996 4317 καὶ
3025 4265 3106 4317 δεῖ
3130 4282 3143 4330 ;
3176 4266 3236 4320 τὸ
3262 4268 3376 4348 ⁸γὰρ
3419 4271 3729 4340 κτήσασθαί
3752 4290 3795 4326 τι
3824 4272 3892 4324 καὶ

2316 4353 2622 4424 ⁶ιὶιπολέειάι
2674 4353 2834 4407 πλέον
2874 4356 3064 4426 ἔμοιγε
3094 4357 3189 4410 τοῦ
3212 4398 3227 4422 ,
3284 4360 3344 4411 τὸ
3381 4361 3754 4432 ἀφῃρημένων
3787 4365 3898 4416 ἀντι·
3978 4429 3979 4435 η

2359 4447 2679 4515 κατασχεῖν,
2713 4448 2791 4508 εἰς
2829 4447 3153 4518 ἀνανδρείας
3200 4453 3720 4525 κατηγορηθήσεται
3756 4456 3896 4520 λόγον.

665 4539 792 4590 dum
822 4538 922 4590 hoc
950 4537 1277 4590 Christianis
1316 4536 1640 4599 in_causam
1688 4538 1937 4593 criminis
1978 4539 2248 4610 irrogabi-

2364 4535 2467 4589 Ποῦ
2503 4536 2560 4589 δὲ
2594 4538 2687 4590 καὶ
2716 4536 2824 4607 ἄρα
2859 4538 3094 4602 τὰς’τῶν
3123 4541 3362 4597 εἰδώλων
3397 4546 3652 4613 στάσειςς
3698 4549 3743 4600 οἱ
3775 4545 3898 4600 τοῦτο

667 4641 778 4682 tur.
817 4627 1076 4679 Videmus
1108 4626 1254 4678 enim
1317 4626 1581 4688 reliquias
1630 4628 1681 4679 in
1739 4629 2062 4695 quibusdam
2118 4633 2248 4686 locis

665 4720 972 4788 priSeoium
1023 4718 1452 4771 dteuumicorum
1512 4720 1838 4787 templorum
1895 4736 1923 4772 a
1976 4724 2248 4777 veteribus

663 4814 972 4875 derelictas,
1007 4815 1070 4868 ad
1105 4831 1381 4884 pompam,
1419 4825 1476 4868 ut
1517 4830 1661 4876 reor,
1695 4830 1884 4869 eorum
1926 4818 2020 4886 qui
2077 4820 2130 4871 in
2167 4819 2250 4874 liis

663 4906 1117 4971 immolaverunt;
1147 4907 1229 4959 vel
1261 4907 1424 4960 etiam
1461 4907 1527 4960 ad
1565 4907 1920 4971 memoriam,
1953 4911 2098 4979 quod
2150 4927 2249 4967 nos

665 4999 923 5067 redempti
956 5014 1167 5064 sumus,
1198 5009 1252 5052 ct
1275 4999 1327 5053 in
1369 5000 1667 5070 gratiamin
1698 5001 1940 5058 actiones
1963 5005 2247 5060 ducentem

663 5106 750 5158 per
790 5091 1032 5145 visibiles
1078 5091 1435 5162 infinitasque
1485 5093 1842 5149 formationes
1884 5113 1898 5148 :
1943 5111 2006 5151 ex
2053 5098 2253 5165 quibus

662 5181 1100 5237 Christianorum
1140 5185 1533 5240 abominabiles
1564 5185 1720 5241 facta:
1765 5198 1893 5243 sunt
1940 5189 2186 5252 culturae,
2222 5207 2252 5244 a

661 5275 860 5344 quibus
895 5291 987 5344 pcr
1032 5275 1308 5331 Christum
1366 5279 1536 5349 erepti
1571 5294 1785 5343 sumus,
1859 5281 1962 5335 nisi
2005 5282 2057 5334 in
2089 5283 2249 5338 Chri-

662 5368 1017 5421 stianissimis
1087 5370 1222 5432 lucc,
1277 5371 1552 5441 inquiunt,
1614 5372 1862 5429 ccclesiis
1925 5375 2128 5430 nostris
2170 5378 2248 5430 itt-

662 5459 1001 5514 vcnirentur.

726 5830 772 5864 "
793 5830 1004 5889 Coloss.
1033 5852 1066 5901 ι,
1096 5835 1186 5888 9.0.
1269 5838 1307 5869 “
1337 5836 1500 5893 Zaeli.
1533 5859 1588 5908 ιι,
1627 5840 1707 5895 ll.

1891 5840 1933 5871 ¹¹
1974 5839 2115 5894 Psal.
2169 5857 2368 5912 [λιιι-ιι,
2410 5843 2497 5898 66.

2356 4629 2606 4695 λέγοντες
2639 4628 2928 4682 τεθεᾶσθαι
2975 4648 3162 4700 φασιν.
3201 4634 3265 4686 Εἰ
3300 4636 3398 4704 μὲν
3441 4639 3500 4690 ἐν
3546 4642 3659 4704 τοῖς
3697 4640 3897 4710 ἀρχαίοις

2357 4720 2466 4772 τῶν
2495 4720 2826 4790 δαιμονικῶν
2855 4723 3101 4791 τεμενῶν
3124 4726 3421 4797 ίδρύμασιν
3452 4729 3608 4785 οὔπω
3642 4733 3786 4786 τοῦτο
3815 4733 3896 4791 τοῖς
3976 4797 3977 4818 γ

2358 4807 2702 4877 Χριστιανοῖς
2745 4811 2825 4871 είς
2869 4809 3026 4878 λόγον
3058 4813 3405 4885 ἐγκλήματος
3456 4822 3894 4891 προστριδήσεται.

2376 4895 2628 4964 Ὁρῶμεν
2665 4895 2774 4965 γὰρ
2810 4895 3037 4964 λείψανά
3078 4918 3182 4954 που
3216 4903 3432 4974 ἐνιαχοῦ
3462 4908 3571 4961 τῶν
3596 4910 3757 4963 πάλαι
3787 4908 3895 4960 εἰδω-

2359 4989 2528 5041 λικῶν
2570 4991 2818 5060 τεμενῶν
2847 4993 2998 5061 παρὰ
3027 4995 3136 5048 τῶν
3169 4997 3413 5052 παλαιῶν
3447 5000 3888 5071 ἐγκαταλελειμμέ-

2356 5098 2443 5146 να,
2479 5082 2617 5151 πρὺς
2667 5079 2956 5154 Θρίαμὸον,
2998 5080 3153 5154 οἶμαί
3189 5105 3312 5155 που,
3345 5092 3454 5144 τῶν
3494 5094 3553 5147 ἐν
3581 5111 3778 5155 τουτοις
3803 5095 3873 5144 ἐτι

2357 5171 2671 5224 θυσάντωνο
2707 5176 2799 5226 καὶ
2838 5174 3020 5244 μέντοι
3069 5179 3330 5251 καὶπρὸς
3377 5185 3604 5255 μνήμην
3646 5185 3790 5257 ήμῶν
3819 5184 3896 5235 τιίιν

2355 5263 2784 5335 λελυτρωμένων
2828 5269 2909 5330 είς
2949 5269 3302 5341 εὐχαριστίαν
3331 5276 3477 5345 ἡμᾶς
3527 5273 3894 5346 ἐνὰγουσανδά

2357 5358 2467 5410 τῶν
2499 5359 2795 5429 ὁρωμένων
2828 5360 3092 5431 ἐξιτήλων
3125 5369 3516 5435 μορφωμάτων
3540 5388 3552 5401 ·
3585 5374 3650 5426 ἐκ
3683 5372 3830 5424 ποίων
3854 5367 3895 5417 τὸ

2360 5451 2705 5522 Χριστιανῶν
2745 5454 2902 5522 γένος
2938 5453 3244 5524 βδελυκτῶν
3284 5461 3647 5534 σεῦασμάτων
3681 5464 3759 5515 διὰ
3795 5461 3895 5529 Χρι-

2363 5544 2489 5596 στοῦ
2544 5544 2980 5615 ἐκλελύτρωται·
3041 5547 3090 5599 εἰ
3137 5549 3194 5601 δὲ
3253 5549 3316 5621 δὴ
3364 5553 3421 5606 ἐν
3463 5557 3581 5617 ταῖς
3631 5554 3896 5622 Χριστισνι-

2359 5636 2635 5699 κωτάταις
2688 5637 2847 5707 ήμῶν
2907 5635 3225 5710 ἐκκλησίαις
3269 5642 3443 5698 ταῦτα
3493 5662 3658 5714 φασιν
3706 5638 3893 5713 εὑρηκέ·

2361 5749 2467 5784 ναι.

2609 5843 2650 5874 ¹³
2681 5839 2839 5898 Joan.
2894 5861 3003 5912 xvi,
3035 5847 3122 5902 '53.
