4032 6334
200 420 333 485 1325

1370 407 1621 473 SERMO
1657 385 2207 465 LAUDATORIUS.

3235 383 3372 445 1326

192 523 736 592 άσυλον’διασιὶ›σασα,
767 525 880 595 ἦτοι
924 523 1018 592 τὴν
1053 522 1293 574 δοθεῖσαν
1332 519 1416 572 ἐπ’
1443 515 1610 584 αὐτὴν
1637 512 1730 563 τοῦ
1761 560 1764 569 γ

1865 517 1914 560 st
1947 506 2010 569 ",
2039 505 2240 560 Christi
2276 503 2460 573 sponsi
2493 503 2574 556 sui
2611 501 2826 555 arrham
2863 498 3216 552 inviolabilem
3264 511 3371 551 ser-

193 619 502 688 Πνεύματος
530 617 705 686 χάριν.
759 613 1042 682 Τοιγάρτοι
1072 613 1164 666 καὶ
1191 613 1220 664 δ
1253 600 1394 673 θεῖος
1419 607 1580 662 Δαδὶδ
1610 606 1733 671 πολ-

1832 608 1987 659 vaus,
2016 594 2068 646 id
2100 601 2202 656 est,
2245 590 2426 645 datam
2476 591 2528 642 in
2564 604 2622 644 se
2661 587 2891 657 Spiritus
2919 587 3167 658 gratiam.
3209 584 3375 652 Cujus

192 710 308 769 λαῖς
658 677 876 772 γενεαῖς
913 677 973 756 τὸ
1019 705 1152 774 πρὸς
1196 702 1294 772 τὴν
1333 701 1513 754 πίστιν
1565 697 1735 769 αὐτῆς

1864 685 1908 740 ei
1934 683 2104 753 gratia
2139 692 2194 736 et
2225 682 2438 736 divinus
2493 679 2657 734 David
2709 679 2896 733 multis
2927 679 3074 745 prius
3129 677 3377 748 gentibus

194 798 400 866 ἑδραῖον
425 793 806 865 ἀνακηρύττων
834 793 1017 861 ἔλεγεν
1041 809 1054 822 ·
1093 811 1111 841 ι
1143 792 1200 844 '0
1226 790 1356 854 Θεὸς
1383 791 1440 842 ὲν
1463 789 1610 858 μέσῳ
1637 788 1735 839 αὑ-

196 889 310 955 τῆς,
340 887 431 938 καὶ
444 877 504 936 οὗ
539 883 923 952 σαλευθήσεται
946 899 962 956 ’ν
991 902 1008 933 ι
1036 882 1128 935 καὶ
1157 881 1316 936 πάλιν
1336 897 1349 908 ·
1381 877 1738 956 «Ἐστερέωσε

197 952 291 1043 την
314 971 636 1042 οἰκουμένην
666 971 786 1042 ἥτις
807 972 867 1024 ού
887 954 1273 1040 σαλευθήσεται
1293 984 1306 998 ·
1331 987 1349 1020 ι
1375 970 1491 1030 ταῖς
1524 952 1740 1018 σατανι-

198 1067 315 1126 καϊς
340 1060 576 1133 δηλονότι
617 1059 1043 1129 πολιορκουμένη
1075 1060 1357 1129 μηχαναῖς.
1396 1057 1493 1108 ’Δν
1524 1057 1630 1124 γάρ
1659 1070 1741 1105 τι-

199 1171 286 1215 νες
309 1153 369 1205 τὸ
402 1151 685 1220 στερέωμα
714 1149 808 1202 τοῦ
840 1152 919 1212 είς
954 1149 1122 1221 αὐτὴν
1151 1147 1482 1224 διαδοθέντος
1517 1145 1743 1209 εὐαγγε-

200 1237 350 1296 λικοῦ
383 1242 736 1312 κηρύγματος
755 1241 862 1294 τῶν
894 1239 1060 1294 πάλαι
1106 1239 1139 1308 ἢ
1167 1236 1276 1292 τῶν
1313 1234 1408 1290 νῦν
1441 1233 1744 1302 ,αἱρετικῶν

200 1334 519 1386 κατασείσαι
550 1327 1183 1401 τεθελήκασιν,νὲκείνοις
1228 1327 1325 1400 μὶν
1365 1327 1426 1378 τὸ
1454 1323 1744 1395 μελετηθὲν

109 1459 113 1464 -
201 1425 280 1486 εἰς
310 1423 466 1492 ἔργον
495 1421 781 1490 ὲκὸἐόηκε.

269 1591 456 1666 Ταύτῃ
492 1596 547 1647 δὲ
583 1596 716 1664 μόνῃ
761 1588 822 1646 τδ
869 1576 1160 1678 ἀσάλευτον
1198 1578 1285 1654 "ei;
1315 1589 1484 1644 αἰῶνα
1517 1588 1749 1656 τετήρη-

201 1703 311 1750 ται,
356 1686 497 1738 κατὰ
536 1683 633 1754 τὴν
678 1682 908 1752 dij/5666'
929 1681 1023 1735 τοῦ
1066 1681 1336 1753 φήσαντος
1385 1677 1744 1745 ἐπαγγελίαν·

210 1793 229 1826 ι
264 1773 329 1828 Εἰ
361 1772 669 1842 ἐπιλήσεται
706 1771 841 1840 γυνὴ
870 1768 962 1823 τοῦ
995 1767 1202 1822 παιδίου
1231 1767 1416 1836 αὐτῆς,
1451 1764 1484 1836 ἢ
1531 1763 1624 1818 τοῦ
1677 1765 1750 1834 μὴ

205 1862 424 1932 ἐλεῆσαι
447 1837 517 1913 τά
536 1860 730 1926 ἔκγονα
754 1837 853 1927 τῆς
880 1857 1084 1919 κοιλίας
1108 1847 1308 1926 αὐτῆς;
1345 1855 1408 1909 Ei
1432 1854 1488 1908 δὲ
1514 1855 1607 1907 καὶ
1635 1854 1753 1905 ὲπι-
1782 1837 1827 1898 Β

207 1953 428 2022 λήσεται
456 1949 626 2004 ταῦτα
661 1949 817 2017 γυνὴ,
847 1947 960 2002 ἀλλ’
987 1949 1098 2016 ἐγὼ
1132 1949 1231 2001 οὐκ
1270 1944 1595 2016 ἐπιλήσομαί
1633 1959 1750 2006 σου,

203 2041 348 2108 λέγει
376 2040 595 2110 Κύριος.
631 2059 649 2090 ι
701 2038 983 2100 Ἐάσαντες
1018 2035 1300 2106 τοιγαροῦν
1335 2035 1431 2098 τὰς
1466 2037 1522 2087 ὲν
1547 2032 1755 2094 τούτοις

205 2133 384 2184 αὐτῶν
407 2130 515 2183 τῶν
545 2130 714 2198 λόγων
750 2130 1008 2198 στροφὰς,
1039 2129 1132 2182 καὶ
1161 2126 1345 2196 μακρά
1378 2127 1497 2187 ταῖς
1523 2125 1758 2193 φλυαρη-

210 2221 470 2291 μοσύναις
517 2219 692 2273 αὐτῶν
736 2220 946 2289 χαίρειν
991 2217 1251 2279 εἰπόντες,
1283 2217 1401 2279 ταῖς
1449 2215 1556 2266 τῶν
1589 2213 1758 2283 ἁγίων

206 2313 467 2383 Πατέρων
501 2295 1053 2380 ἀνθυπονοὲτήσωμεν
1087 2308 1282 2372 δόξαις.
1317 2307 1447 2360 Θεὸν
1475 2303 1760 2375 τοιγαροῦν

207 2403 447 2464 άπαντες
469 2403 525 2454 ὲν
545 2400 854 2470 ἀνθρωπεία
876 2401 1054 2469 μορφῇ
1083 2398 1160 2466 τῷ
1187 2396 1286 2467 βίῳ
1307 2393 1757 2465 ὲπιδεδημηκῷτα,

204 2495 305 2563 τῆς
328 2487 694 2545 τῶνείόὠλων
731 2488 1069 2559 πολυτρόπου
1110 2488 1318 2556 πλάνης
1361 2486 1504 2556 ἡμᾶς
1536 2481 1762 2552 ἠλευθε-

209 2584 445 2654 ρωκέναι
484 2582 809 2650 δεδείχασιν·
852 2579 1023 2642 οῦτως
1066 2580 1121 2633 αἱ
1151 2575 1482 2649 προφητικαὶ
1525 2591 1761 2645 προαγο·

209 2672 426 2742 ρεύσεις
477 2669 876 2734 τεθεσπίκασιν,
929 2656 1100 2728 οὕτως
1148 2670 1181 2738 ὴ
1227 2664 1556 2734 ἀποστολικὴ
1605 2665 1763 2735 χάρις

208 2765 504 2834 ὲτράνωσεη.
531 2761 746 2830 Ταύτην
779 2762 938 2832 ἡμεῖς
969 2759 1066 2830 τὴν
1085 2757 1428 2812 διδασκαλίαν
1447 2756 1549 2807 οὐκ
1566 2756 1624 2806 ὲν
1643 2770 1763 2806 πει-

208 2854 323 2916 θοίς
369 2853 557 2920 σοφίας
600 2852 942 2921 ἀνθρωπίνης
984 2839 1191 2918 λύγοις,
1235 2848 1348 2903 ἀλλ’
1407 2850 1464 2902 ὲν
1502 2847 1765 2908 διδακτοῖς

208 2944 654 3014 ηνεύματος,ὡς
675 2945 1000 3014 γέγραπται,
1053 2941 1477 3012 ἑϐεϐαιώθημεν.
1528 2939 1602 2992 Οὐ
1659 2939 1762 3008 γὰρ

208 3036 361 3106 ἡμᾶς
394 3035 448 3086 ai
487 3034 593 3087 τῶν
617 3035 788 3102 λόγων
818 3033 1078 3104 κομψεῖαι
1116 3028 1289 3094 οὕτως
1327 3031 1470 3101 ἔχειν
1504 3029 1767 3083 πεπείκα--

211 3143 299 3179 σιν
323 3142 340 3156 ·
383 3123 650 3197 Ἑλλήνων
679 3125 786 3196 γὰρ
813 3124 968 3177 τοῦτο
986 3139 1000 3152 ·
1035 3122 1151 3176 ἀλλ’
1176 3125 1209 3190 ἡ
1231 3121 1337 3173 τῶν
1372 3119 1766 3190 συμπερασμά-

209 3233 322 3270 των
357 3215 538 3279 αὐτῶν
579 3216 824 3285 ἀλήθεια.
870 3206 980 3269 Ποῦ
1011 3213 1118 3285 γάρ
1147 3207 1224 3265 ἔτι
1256 3213 1315 3264 τδ
1344 3211 1449 3264 τῶν
1474 3209 1764 3280 δαιμονίων

208 3304 460 3374 ὀλέθριον
490 3303 706 3371 στίφοςς
741 3303 844 3357 ποῦ
887 3305 942 3356 ai
982 3302 1214 3356 διάκενοι
1252 3295 1347 3354 καλ⁵
1385 3291 1634 3370 βδελυραὶ
1660 3297 1766 3349 τῶν

209 3398 453 3450 εἰδώλων
476 3396 720 3461 τελεταίς
756 3395 856 3448 ποῦ
885 3392 940 3448 ai
963 3394 1070 3446 τῶν
1094 3393 1456 3463 ψευδωνύμων
1482 3386 1618 3444 θεῶν
1645 3392 1767 3443 ἐπι-

211 3487 448 3556 σφαλεῖς
477 3486 568 3539 καί⁵
601 3485 1240 3556 ψυχοφθόροιμαντείαη
1278 3483 1376 3536 ποῦ
1418 3485 1473 3535 αί
1518 3481 1767 3551 βακχεῖαι

208 3577 311 3645 τῆς
355 3573 694 3646 Ἀφροδίτης,
725 3577 818 3630 καὶ
861 3577 928 3630 τά
974 3576 1134 3646 δργια
1181 3575 1280 3642 τῆς
1332 3570 1645 3644 Δημήτρας,
1677 3574 1770 3625 καὶ

207 3669 312 3737 τῆς
347 3666 664 3738 Ἀρτέμιδος
699 3669 752 3720 αἱ
783 3665 1152 3730 ξενοκτονίαι;
1187 3664 1289 3717 ποῦ
1315 3664 1370 3716 αί
1400 3663 1490 3715 τοῦ
1518 3651 1777 3714 Διονύσου

209 3757 527 3828 παράφοροι
574 3759 776 3828 ἑορταὶ,
815 3758 950 3826 μετὰ
992 3759 1089 3826 τῆς
1118 3757 1355 3825 ἀθέσμου
1389 3752 1767 3822 ἀνδρομανίας,

207 3849 304 3902 καὶ
329 3849 365 3919 ἡ
396 3848 490 3900 τοῦ
512 3845 798 3917 λεγομένου
834 3847 1042 3916 Μίθρου
1075 3847 1275 3907 ἔνδικος
1307 3845 1538 3914 μύησις;
1584 3833 1686 3894 ποῦ
1716 3835 1770 3892 αἱ

209 3936 488 4005 ὁπότειοι,
523 3938 616 4008 καὶ
641 3937 940 4006 ύπὲργειοι,
978 3939 1072 3988 καὶ
1105 3937 1281 4004 ἀέριοι
1306 3931 1770 4004 άνθρωποκτονίαι

204 4027 321 4080 τῶν
363 4020 679 4098 λεγομενων
727 4027 864 4081 θεῶν
917 4026 1086 4090 οὕτως
1123 4025 1606 4095 ·ὲπιτερπομένων;
1642 4023 1773 4100 οὐχ)⁵

207 4119 397 4173 πάντα
438 4122 504 4190 τῇ
543 4120 805 4190 ἐπιδημίᾳ
851 4118 942 4172 τοῦ
977 4118 1292 4188 μονογενοῦς
1336 4115 1465 4170 Υίοῦ
1498 4115 1592 4168 τοῦ
1637 4114 1771 4168 Θεοῦ

204 4211 477 4267 ὥλλυντο.
508 4210 600 4263 καὶ
628 4211 779 4271 τέλος
800 4212 908 4262 πᾶν
933 4209 1156 4278 βέϐηλον
1184 4207 1458 4272 ὲδέξαντο;
1487 4207 1604 4276 οὐχὶ
1631 4208 1693 4258 τὰ
1717 4208 1773 4256 ἐν

206 4303 408 4358 κάλλει
438 4285 717 4372 δομὴσεών
749 4316 876 4352 ποτε
906 4298 1311 4368 ὲκπεποιημένα
1355 4297 1530 4348 αὐτῶν
1574 4295 1771 4363 τεμένη

205 4393 307 4446 νῦν
334 4392 639 4461 ἠρίπωται,
682 4391 776 4444 καὶ
809 4392 888 4453 είς
927 4389 1026 4457 γῆν
1058 4387 1474 4458 καταϐέϐληται,
1506 4387 1772 4455 αὐτοκρα-

1835 774 2261 829 immobilitalem
2300 771 2411 826 ﬁeri
2453 769 2623 841 [lidei]
2662 770 2731 824 ab
2776 769 2862 822 illa
2906 769 3158 823 exhibitas
3191 767 3382 837 praedi-

1835 881 1967 920 cans
1996 863 2268 919 asserebat
2303 880 2315 914 :
2346 881 2364 912 ‹
2398 860 2539 914 Deus
2570 861 2622 912 in
2655 860 2833 914 medio
2858 859 2977 927 ejus
3007 874 3112 912 non
3149 872 3384 912 commo-

1837 953 2085 1032 vebitur;
2118 951 2314 1006 etenim
2363 949 2438 1022 [et
2467 948 2682 1021 iterum]
2717 948 2951 1005 ilrmavit
2994 947 3176 1002 orbem
3207 958 3381 1011 terrae,

1839 1046 1930 1114 qui
1976 1060 2083 1100 non
2127 1045 2550 1098 commoVehitur
2600 1043 2682 1109 ὀι
2725 1062 2744 1094 ι
2803 1042 3084 1096 diabolicis
3138 1041 3388 1104 videlicrt

1841 1139 2182 1204 impugnatus
2213 1133 2675 1187 machinamentis.
2699 1131 2835 1186 Nam
2862 1134 2960 1186 etsi
2990 1134 3386 1186 ﬁrmamentum

1840 1224 2162 1295 evangelicae
2192 1223 2584 1293 praedicationis
2608 1238 2730 1292 qua:
2755 1223 2808 1276 iu
2839 1239 2956 1276 eam
2987 1224 3109 1276 data
3135 1231 3240 1286 est,
3277 1221 3392 1290 qui-

1841 1316 1965 1370 dam
1998 1314 2342 1382 antiquorum
2379 1313 2460 1366 vel
2506 1313 2821 1367 instantium
2857 1313 3232 1366 haereticorum
3271 1324 3394 1364 con-

1844 1416 2028 1461 cutere
2056 1407 2366 1469 voluerunt,
2417 1403 2524 1460 illis
2555 1413 2732 1459 tamen
2764 1402 2907 1473 quod
2965 1402 3201 1457 meditati
3243 1410 3390 1464 sunt,

1843 1497 1896 1549 in
1931 1511 2069 1565 Opus
2099 1505 2407 1564 reputatum
2443 1502 2546 1550 est.

1914 1587 2054 1655 Huic
2101 1593 2283 1641 autem
2331 1586 2432 1641 soli
2482 1585 2832 1640 immobilitas
2877 1585 2930 1639 in
2971 1596 3228 1640 aatcrnum
3276 1603 3393 1642 ser-

1868 1688 1991 1732 vata
2029 1687 2111 1732 est
2137 1676 2284 1746 juxta
2315 1674 2790 1745 repromissionem
2817 1674 2962 1728 illius
2988 1676 3076 1743 qui
3106 1684 3212 1729 non
3243 1692 3394 1731 men--

1853 1769 2007 1833 titur,
2043 1768 2272 1822 dicens:
2311 1783 2329 1816 ι
2369 1765 2426 1820 Si
2468 1765 2634 1822 oblita
2666 1762 2828 1818 fuerit
2865 1764 3059 1819 mulier
3093 1768 3242 1836 pueri
3287 1768 3392 1830 sui,

1856 1868 1915 1912 ut
1953 1871 2058 1912 non
2090 1856 2415 1911 misereatur
2450 1854 2651 1910 sobolis
2688 1855 2896 1909 ventris
2933 1856 3058 1910 sui?
3093 1860 3236 1926 quod
3268 1858 3313 1913 si
3342 1868 3396 1911 et

1853 1949 2020 2004 oblita
2048 1947 2211 2003 fuerit
2247 1946 2408 2018 hujus
2435 1947 2649 2006 mulier.
2692 1946 2784 2000 sed
2824 1961 2924 2015 ego
2963 1961 3072 2001 non
3106 1948 3397 2002 obliviscar

1855 2039 1954 2104 tui,
1988 2038 2121 2093 dicit
2151 2037 2418 2091 Dominus
2442 2038 2506 2089 ".
2541 2055 2559 2086 ι
2595 2035 2844 2091 Dimissis
2873 2037 3053 2106 itaque
3079 2052 3394 2112 sermonum

1854 2124 2042 2183 eurum
2095 2127 2443 2190 tortionibus,
2495 2127 2695 2196 quibus
2741 2127 2792 2179 in
2837 2128 2920 2195 his
2965 2128 3046 2182 usi
3085 2111 3237 2195 sunt,
3276 2111 3398 2184 et'a

1856 2220 2014 2286 longe
2085 2216 2316 2287 garrulis
2382 2216 2926 2272 sermocinationibus
2997 2220 3236 2287 ipsorum
3304 2235 3400 2274 ave

1856 2308 2036 2372 dicto,
2102 2316 2411 2360 sanctorum
2464 2305 2682 2359 Patrum
2735 2308 2946 2377 saporis
2969 2311 3014 2341 “
3067 2310 3398 2364 delectemur

1859 2398 2229 2469 opinionibus.
2275 2398 2439 2454 Deum
2481 2397 2642 2467 igitur
2682 2413 2866 2452 omnes
2899 2399 3052 2454 nobis
3083 2401 3134 2454 in
3167 2401 3398 2456 humana

1861 2489 2031 2544 forma
2063 2489 2116 2542 in
2145 2489 2402 2559 mundum
2430 2487 2728 2556 profectum
2758 2503 2788 2542 a
2820 2491 3136 2544 multimodo
3156 2505 3262 2546 nos
3283 2492 3402 2545 ido-

1861 2580 2036 2634 lorum
2095 2593 2278 2633 errore
2324 2577 2580 2632 liberasse
2620 2589 3098 2638 monstraverunt:
3139 2583 3216 2638 sic
3275 2598 3400 2652 prn-

1864 2672 2096 2740 pheticae
2143 2669 2550 2739 prolocutioues
2594 2671 3102 2739 promulgaverunt,
3153 2674 3232 2728 sic
3270 2690 3398 2742 apo-

1867 2761 2061 2816 stolica
2089 2760 2625 2830 gratia,explanavit.
2660 2759 2772 2814 Hac
2807 2775 2905 2814 nos
2933 2762 3175 2816 doctrina
3205 2779 3309 2816 non
3347 2762 3400 2817 in

1865 2852 2318 2922 persuasibili'bus
2368 2852 2616 2906 humanae
2656 2853 2929 2921 sapientiae
2969 2854 3162 2916 verbis,
3213 2855 3303 2908 sed
3349 2856 3403 2910 in

1865 2945 2177 2999 ostensione
2217 2943 2469 3012 Spiritus,
2508 2944 2648 2999 sicut
2679 2945 2935 3013 scriptum
2970 2954 3068 3008 est,
3125 2945 3402 3001 certilicati

1867 3050 2074 3088 sumus.
2127 3033 2243 3088 Non
2280 3035 2423 3087 enim
2480 3047 2582 3088 nos
2619 3048 2928 3088 sermonum
2989 3034 3268 3089 ευεείοιιεε
3325 3036 3403 3088 sic

1868 3126 2063 3179 habere
2118 3125 2392 3189 fecerunt;
2457 3139 2785 3195 paganorum
2825 3125 2966 3178 enim
3009 3137 3091 3179 est
3143 3127 3275 3191 hoc;
3310 3128 3400 3180 sed

1869 3202 2104 3285 ipsarum
2154 3231 2331 3270 rerum
2394 3231 2512 3284 qua:
2555 3214 2882 3269 conﬁrmatae
2942 3215 3404 3293 [consummatae]

1871 3316 2016 3372 sunt,
2055 3306 2273 3380 veritas.
2328 3305 2455 3358 Nam
2492 3306 2582 3360 ubi
2633 3312 2714 3360 est
2760 3305 3068 3374 perniciosa
3109 3305 3405 3364 daemonio-

1870 3413 1990 3452 rum
2021 3397 2202 3452 acies?
2223 3397 2308 3451 ubi
2340 3397 2529 3451 inanes
2559 3403 2612 3451 et
2638 3396 2980 3452 exsecranda!
3013 3397 3275 3451 idolorum
3306 3400 3408 3453 im-
3465 3403 3468 3407 '

1873 3487 2238 3542 molationes?
2270 3487 2358 3539 ubi
2396 3485 2514 3540 falsi
2562 3487 2796 3539 nominis
2828 3487 3050 3538 deorum
3089 3486 3410 3556 deceptorizn

1871 3579 2281 3644 animarumque
2333 3577 2696 3646 corruptrices
2724 3575 3125 3632 divinationes?
3179 3578 3277 3634 Ubi
3313 3581 3407 3634 de-

1873 3665 2256 3722 bacchationes
2299 3665 2544 3730 Veneris,
2593 3676 2644 3719 et
2699 3680 2852 3720 sacra
2889 3670 3143 3738 mysteria
3193 3667 3408 3724 Cereris

1874 3769 2036 3842 atque
2077 3757 2259 3810 Diana:
2307 3756 2688 3825 hospitiridia?
2719 3755 2817 3811 Ubi
2855 3756 3245 3829 Dionysii»[pro
3282 3758 3412 3814 Dio-

1874 3847 2009 3916 nysi.
2049 3845 2268 3916 HABD.],
2301 3860 2513 3899 vesana:
2571 3844 2887 3900 festivitates
2935 3859 3058 3898 cum
3104 3847 3288 3901 illicita
3330 3849 3412 3900 vi-

1873 3951 2058 3989 rorum
2091 3938 2329 4001 vesania,
2377 3944 2430 3988 et
2472 3937 2761 4002 nuncupati
2811 3934 3016 3988 Mithrae
3049 3935 3190 4002 justa
3238 3936 3411 3990 imbu-

1877 4025 1990 4078 tio?
2038 4022 2139 4079 Ubi
2181 4024 2373 4078 subtus
2413 4032 2612 4077 terram
2657 4032 2708 4076 et
2754 4038 2916 4091 supra
2947 4031 3145 4077 terram
3192 4023 3330 4079 facta
3361 4039 3413 4080 et

1876 4113 2021 4166 aeria
2062 4111 2357 4166 homicidia
2407 4112 2992 4167 vocatorum'deorum
3047 4114 3225 4168 taliter
3270 4115 3413 4169 dcle-

1875 4201 2182 4254 clautium?
2238 4201 2424 4254 Nonne
2474 4200 2654 4253 omnia
2699 4200 2961 4269 unigeniti
3012 4198 3131 4253 Filii
3183 4199 3276 4254 Dei
3318 4201 3413 4253 ad-

1876 4300 2042 4343 ventu
2076 4290 2370 4356 perierunt,
2401 4275 2454 4343 et
2488 4290 2645 4342 linem
2680 4289 3119 4357 profanissimum
3164 4306 3416 4361 suscepe-

1877 4379 2049 4447 runt?
2094 4377 2284 4432 Nonne
2331 4380 2556 4452 pulchre
2604 4379 2878 4447 quondam
2933 4381 3174 4434 dedicata
3227 4396 3414 4434 eorum

204 4484 462 4552 τορικοῖς
497 4481 942 4549 παρακελεύμασι
987 4480 1144 4533 τοῦτο
1184 4479 1364 4531 αὐτῶν
1393 4476 1764 4540 πεπονθότων;

1879 4472 2098 4540 templa,
2153 4488 2294 4525 nunc
2344 4472 2705 4539 imperatoriis
2750 4472 2880 4525 elisa
2919 4473 3092 4540 jussis
3129 4480 3184 4524 et
3215 4471 3280 4523 ad
3314 4481 3417 4524 ter-

206 4573 352 4643 οὐχ¹ι
368 4572 449 4630 ,ὲκ
476 4571 572 4638 τῆς
593 4570 845 4624 ἁπάντων
876 4570 1211 4639 Χριστιανῶν
1237 4569 1462 4640 καρδίας
1487 4570 1540 4621 ai
1570 4567 1768 4620 τούτων

208 4665 407 4732 μνεται
438 4658 894 4729 ὲξηφανίσθησαν,
911 4659 1005 4710 καὶ
1029 4659 1088 4710 τὺ
1111 4662 1209 4728 τῆς
1234 4657 1564 4728 προφητείας
1589 4658 1770 4719 αὐτοῖς

208 4752 516 4820 πράγμασι
545 4747 922 4818 περατωμένον
944 4749 1155 4818 ὁρᾶται,
1189 4748 1248 4799 τὸ
1282 4767 1301 4798 ι
1328 4747 1601 4816 Ἑπλήσθη
1627 4749 1772 4800 πᾶσα

206 4843 239 4908 η
274 4840 351 4906 γῆ
383 4835 485 4890 τοῦ
508 4837 707 4903 γνῶναι
728 4839 817 4890 τὸν
843 4836 1065 4908 Κύριον,
1097 4840 1168 4899 ὡς
1200 4833 1339 4908 ὕδωρ
1371 4837 1502 4890 πολὺ
1536 4854 1774 4889 κατακα-

207 4930 426 4982 λύπτον
475 4927 782 4991 θαλάσσας;
827 4948 845 4980 ι
913 4928 1380 4997 Προσκυνήσωμεν
1447 4929 1623 4979 τοίνυν
1682 4927 1774 4979 τὸν

209 5017 560 5086 ἐπιφανέντα
594 5015 814 5087 Κύριον,
849 5018 1072 5086 καὶτῆς
1099 5017 1298 5071 τούτων
1325 5020 1467 5088 ἡμᾶς
1507 5018 1778 5088 λελυτρω-

209 5111 351 5163 κότα
415 5107 770 5176 παγχαλέπου
818 5107 1046 5176 πλάνης.
1105 5110 1464 5179 Ὑμνήσωμεν
1515 5107 1779 5167 αὐτοῦτὸ

209 5199 609 5271 άπεριὸριστον
641 5198 740 5266 τῆς
772 5196 1177 5266 φιλανθρωπίας
1200 5214 1212 5226 ·
1245 5199 1569 5268 κηρύξωμεν
1607 5203 1664 5252 ὲν
1701 5200 1779 5268 τῷ

207 5294 309 5360 τῆς
327 5285 946 5360 ἡμετέραςἚκκλησίας
964 5281 1413 5358 ὑψηλοτάτῳδρει
1431 5290 1527 5358 τὴν
1548 5289 1780 5359 φρικτὴν

207 5385 304 5436 καὶ
341 5380 732 5447 άνέκφραστον
760 5378 923 5431 αὐτοῦ
954 5378 1053 5448 τῆς
1096 5380 1402 5449 οἰκονομίας
1437 5383 1780 5448 συγκαταϐα-

208 5488 294 5524 σιν
315 5487 332 5501 ·
363 5467 680 5536 ὑψώσωμεν
717 5467 815 5530 τὰς
845 5469 1024 5535 φωνὰς
1064 5471 1119 5521 ὲν
1152 5470 1314 5537 ἰσχύι,
1347 5473 1439 5523 καὶ
1475 5472 1548 5542 μὴ
1581 5473 1779 5542 φεισώ-

209 5559 355 5631 μιθα
389 5558 500 5626 τὴν
533 5555 1000 5625 μεγαλοπρέπειαν
1042 5561 1136 5630 τῆς
1167 5559 1322 5631 δόξης
1360 5561 1545 5626 αὐτοῦ,
1577 5565 1775 5634 δηλαδὴ

280 5715 324 5750 ¹⁹
357 5710 400 5765 ll
435 5709 568 5764 Cor.
600 5727 672 5776 ιι,
696 5720 748 5767 ‘2.

844 5714 887 5744 ²⁰
917 5710 1060 5782 Psal.
1102 5732 1226 5776 xav,
1284 5715 1351 5778 6;
1399 5731 1525 5778 xcv,
1566 5719 1638 5775 to,
1710 5719 1751 5748 "
1785 5718 1886 5772 lsa.
1931 5725 2078 5782 κω,
2113 5718 2198 5771 15.

209 5798 394 5842 neuue
462 5795 593 5834 vero
658 5792 878 5840 neCcsse
911 5781 1012 5837 fuit
1057 5799 1180 5838 cum
1210 5801 1445 5851 'saporus
1485 5788 1742 5856 adjective
1767 5789 1983 5842 dicatur
2012 5781 2116 5843 nun
2149 5803 2306 5843 secus
2346 5781 2408 5840 ac
2438 5781 2654 5856 aspidis.

1879 4579 1992 4616 ram
2028 4572 2296 4631 prostrata
2329 4562 2494 4618 sunt?
2525 4561 2713 4614 Nonne
2759 4562 3033 4616 memorias
3075 4563 3313 4630 ipsorum
3350 4565 3417 4617 ab

1881 4653 2123 4706 omnium
2155 4652 2319 4706 corde
2358 4651 2794 4706 Christianorum
2824 4654 3228 4724 disparuerunt,
3271 4645 3321 4709 et
3357 4658 3419 4710 il-

1881 4747 1971 4800 iud
2004 4746 2299 4814 prophetia:
2331 4745 2465 4814 ipsis
2499 4746 2661 4811 rebus
2705 4745 2904 4800 factum
2935 4747 3216 4814 aspicitur,
3270 4748 3418 4800 vide-

1881 4837 2008 4891 licet
2041 4856 2052 4890 :
2096 4857 2113 4887 ι
2152 4836 2372 4906 Repleta
2414 4847 2494 4890 est
2544 4846 2684 4889 terra
2718 4837 3076 4903 cognoscendi
3110 4835 3415 4900 Dominum.

1883 4927 2036 4997 quasi
2085 4941 2223 4994 aqua
2275 4920 2440 4978 multa
2485 4940 2602 4992 quae
2645 4927 2817 4992 operit
2860 4940 3008 4980 mare
3030 4925 3116 4978 "‘P
3153 4947 3170 4978 ι
3214 4928 3410 4984 Adorc-
3459 4933 3490 4962 ’-

1883 5034 2005 5073 mus
2042 5018 2207 5088 igitur
2239 5014 2527 5068 Dominum
2559 5017 2650 5084 qui
2701 5017 2968 5085 apparuit,
3004 5028 3057 5071 et
3088 5018 3158 5072 ab
3187 5019 3287 5073 hoc
3317 5035 3418 5074 nos

1879 5109 2177 5163 saevissimo
2239 5105 2489 5158 liberavit
2545 5121 2750 5159 errore.
2834 5107 3102 5175 Hymnum
3173 5109 3418 5163 dicamus

1881 5199 2052 5269 ipsius
2082 5197 2302 5251 inﬁnita:
2335 5196 2741 5261 misericordias,
2774 5197 3130 5266 praedicamus
3165 5198 3419 5257 Ecclesia:

1881 5300 2079 5345 nostra!
2120 5289 2386 5342 altissimo
2433 5291 2602 5343 monti
2652 5288 2961 5344 horribilem
3003 5296 3056 5344 et
3101 5291 3419 5346 ineiTalnilem

1879 5379 2305 5450 dispensationis
2355 5379 2472 5448 ejus
2528 5378 2951 5434 condescensum
2982 5389 2984 5391 ’
3021 5379 3418 5457 [consensum].

1879 5473 2191 5527 Exaltemus
2241 5486 2400 5526 voces
2437 5473 2492 5526 in
2530 5470 2879 5538 fortitudine,
2921 5483 2973 5525 et
3022 5487 3087 5526 ne
3135 5454 3421 5540 parcamus

1889 5563 2343 5634 magniﬁcentiam
2390 5563 2687 5633 majestatis
2737 5561 2851 5630 ejus
2900 5564 3415 5635 incomprehensibi-

2274 5719 2317 5747 "
2351 5716 2390 5787 f.
2419 5716 2641 5785 sapidis.
2671 5715 2732 5768 V.
2761 5731 2808 5770 c.
2848 5713 2984 5786 Jolyi
3039 5717 3172 5770 nihil
3228 5724 3422 5784 mutat,

2282 5803 2306 5841 s
2346 5802 2408 5840 ac
2438 5787 2654 5844 invidis.
2730 5787 2773 5816 "
2809 5786 2908 5841 Isa.
2950 5802 3018 5844 ιι,
3053 5787 3101 5844 9.
