4032 6334
607 328 756 393 ’132⁵1

1616 323 2004 383 ΕΡΙΡΗᾹΝΙΙ
2044 325 2173 383 CAT

2276 327 2502 415 ’ENSIS
2542 330 2844 392 DIACONI
3708 341 3816 411 εδει

626 438 751 501 tem,
802 434 1010 489 scilicet
1061 429 1325 486 affectum
1378 426 1534 500 quem
1583 445 1707 500 erga
1761 446 1863 486 nos
1913 430 2173 494 exhiliuit,

2279 433 2554 506 τὴννπερὶ
2593 439 2739 506 ἡμᾶς
2785 439 3384 513 αὐτοῦάκατάληπτον
3434 448 3816 522 ἐκδιηγούμενοι

624 534 964 579 enarrantes.
1024 519 1273 576 Dicamus
1330 521 1396 574 ad
1449 536 1571 576 eum
1619 531 1674 574 et
1727 536 1825 576 nos
1875 536 1998 574 cum
2049 535 2178 590 pro-

623 617 788 684 pheta
824 632 840 669 :
881 635 899 666 ι
939 613 1071 680 Quis
1101 613 1246 669 Deus
1274 613 1416 668 sicut
1447 623 1523 681 tu,
1551 611 1807 667 auferens
1840 613 2174 681 iniquitates,

623 714 678 760 et
711 690 988 760 occultans
1017 713 1239 774 peccata
1277 703 1513 758 residuis
1542 703 1875 757 hmreditatis
1909 702 2114 757 tum"?
2153 722 2172 754 ι

625 795 885 850 Praeterea
944 795 1144 850 choros
1201 795 1469 850 ducamus
1529 809 1651 848 eum
1703 795 1956 864 prmsenti
2021 810 2178 850 sacro

621 885 970 950 commercio,
1009 900 1108 944 ave
1137 885 1211 937 illi
1242 884 1384 938 alfati
1419 894 1672 953 tanquam
1724 885 1901 955 gaudii
1935 886 2174 941 bravium

619 975 936 1029 tribuentes.
959 973 1146 1028 Gaude
1178 974 1364 1043 igitur,
1416 974 1844 1028 sacratissimum
1889 973 2173 1045 collegium

604 1065 786 1120 'divini
839 1080 904 1119 ac
948 1065 1146 1118 sacrati
1197 1075 1515 1117 conventus.
1548 1062 1812 1128 Gaudete,
1864 1077 2175 1118 sanctorum

618 1156 836 1211 Patrum
891 1156 1227 1210 sanctissimi
1298 1164 1753 1224 propugnatores.
1811 1153 2022 1218 Gaude,
2061 1157 2177 1210 sine

603 1247 902 1301 .mcndacio
931 1247 1300 1316 congregatio,
1336 1245 1389 1298 in
1421 1245 1580 1313 cujus
1614 1245 1790 1299 medio
1822 1244 1962 1300 Deus
2001 1246 2176 1300 inam-

617 1339 782 1402 bulat,
816 1339 957 1392 sicut
988 1339 1250 1407 scriptum
1287 1347 1370 1390 est
1395 1339 1463 1388 ".
1494 1336 1702 1399 Gaude,
1743 1338 2034 1390 concilium
2068 1338 2178 1406 spi-

615 1431 760 1484 ritali
791 1430 1129 1498 apparitione
1153 1427 1412 1481 refertum
1453 1446 1464 1479 :
1497 1444 1559 1480 ex
1586 1443 1692 1496 qua
1725 1429 1815 1496 qui
1850 1428 2175 1488 illustratur,

615 1537 724 1575 non
761 1520 996 1574 offendet
1029 1520 1093 1573 ad
1139 1518 1368 1589 lapidem
1419 1519 1682 1573 haeretica!
1733 1519 1990 1587 falsaeque
2023 1520 2172 1573 locu-

618 1613 786 1667 tionis
833 1608 1107 1680 spiritales
1151 1610 1347 1664 animae
1395 1609 1575 1678 pedes.
1611 1610 1820 1674 Gaude,
1870 1613 2178 1679 speculator

617 1705 925 1758 divinarum
973 1701 1421 1772 indagationum;
1473 1715 1633 1769 quem
1676 1701 1768 1770 qui
1818 1703 2058 1755 modeste
2089 1719 2175 1756 sc-

2285 528 2540 596 στοργήν.
2577 528 2837 599 Είπωμεν
2893 531 3030 599 μετὰ
3081 532 3172 584 τοῦ
3221 537 3499 605 προφήτου
3547 541 3638 591 καὶ
3684 545 3817 612 mut;

2283 614 2418 684 πρὸς
2447 617 2608 669 αὐτόν
2626 633 2639 648 ο
2673 637 2691 668 ι
2726 617 2821 680 Τίς
2845 618 2976 682 Θεὸς
3000 619 3187 690 ὥσπερ
3219 623 3303 685 σὺ,
3335 621 3566 695 ἐξαιρῶν
3592 631 3814 698 ἀνομίας,

2283 704 2376 756 καὶ
2401 705 2766 776 ἀποκρύπτων
2792 708 3065 778 ἁμαρτίας
3089 711 3198 772 τοῖς
3223 712 3567 776 καταλοίποις
3598 697 3697 786 τῆς
3717 718 3819 785 uir,-
3883 697 3886 702 Ι

2283 793 2539 861 ρονομίας
2572 813 2666 848 σου
2692 814 2707 861 ;
2747 817 2764 847 ι
2799 798 3258 869 Συγχορεύσωμεν
3286 801 3341 854 δὲ
3372 804 3465 857 καὶ
3491 807 3560 874 τῇ
3595 795 3839 877 παρούσῃ(

2286 883 2405 954 ἱερᾷ
2417 885 2742 955 πανηγύρει,
2761 886 2841 952 τὺ,
2861 888 3052 957 Χαῖρε,
3067 888 3203 958 αὐτῇ
3221 892 3736 960 προσφθεγγόμενοι,
3758 895 3820 956 ὡς

2281 974 2378 1042 τῆς
2410 977 2583 1045 χαρᾶς
2628 976 3043 1048 βραδευτήριον.
3081 981 3308 1049 Χσίροις
3351 983 3550 1048 τοίνυν,
3594 977 3638 1036 ὦ
3687 987 3821 1049 ἱερὼο

2281 1083 2410 1119 τατε
2444 1067 2670 1136 σύλλογε
2701 1068 2851 1132 θείας
2885 1071 2977 1123 καλ¹
3015 1072 3291 1142 ἱερατικῆς
3331 1074 3673 1144 ὀμηγύρεως.
3703 1077 3820 1135 Χαί-

2286 1173 2419 1225 ροις,
2447 1157 2623 1223 ἀγεων
2664 1157 2924 1227 Πατέρων
2977 1160 3244 1226 ἀγιώτατε
3280 1163 3549 1230 πρόμαχε.
3599 1163 3818 1233 Χαίροις,

2282 1245 2415 1297 Θεοῦ
2468 1247 2865 1315 ἀψευδέστατον
2916 1249 3208 1321 ἄθροισμα,
3250 1253 3308 1303 ὲν
3336 1245 3380 1318 ᾧ
3428 1253 3559 1316 Θεὸς
3602 1256 3656 1304 ἐν
3695 1255 3822 1324 μέσῳ

2284 1337 2648 1406 περιπολεύει,
2675 1339 2749 1400 ὡς
2764 1341 3096 1410 γέγραπται.
3120 1343 3365 1413 Χαίροις,
3397 1346 3586 1413 χορεία
3613 1346 3824 1413 manua-

2281 1429 2438 1495 τικῆς
2469 1428 2752 1498 δᾳδουχίας
2795 1431 3053 1494 ἀνάπλεε,
3085 1431 3143 1496 ἐξ
3181 1428 3250 1504 ἦς
3290 1435 3317 1484 ὁ
3357 1434 3822 1504 καταλαμπόμενος

2282 1519 2341 1571 οὐ
2370 1518 2666 1587 προσκόψει
2693 1520 2827 1588 πρὸς
2849 1521 2992 1573 λίθον
3025 1523 3309 1592 αίρετικῆς
3334 1524 3699 1593 ψευδοδοξίας,
3717 1526 3823 1586 τοὺς

2283 1611 2503 1676 νοητοὺς
2549 1611 2650 1678 τῆς
2698 1610 2876 1679 ψυχῆς
2920 1614 3101 1676 πόδας.
3134 1601 3377 1684 Χαίροις,
3427 1616 3456 1667 δ
3491 1617 3689 1679 σκοπὶς
3731 1617 3824 1690 τῶν

2282 1703 2439 1755 θείων
2481 1700 2782 1771 δηλώσεων,
2912 1707 2940 1757 ὁ
2979 1706 3266 1776 εὐρύθμως
3305 1708 3567 1776 ἑπόμενος
3617 1707 3711 1776 τῆς
3734 1706 3822 1761 ar:-

611 1795 820 1863 quitur,
853 1810 883 1848 a
912 1795 1197 1868 minitante
1218 1792 1530 1873 rhomphtea
1560 1793 1787 1846 eruitur.
1818 1793 2025 1858 Gaude,
2048 1810 2173 1849 scm-

2284 1795 2534 1864 ειλούσης
2574 1796 2846 1864 ῥομφαίας
2882 1797 3153 1866 ἐκρύεται.
3181 1799 3426 1867 Χαίροις,
3460 1799 3821 1851 ἀειθαλέστατε

612 1900 709 1956 per
741 1884 932 1938 ﬂoride
963 1885 1237 1952 paradise,
1276 1885 1328 1936 in
1369 1885 1529 1952 cujus
1581 1885 1759 1937 medio
1802 1885 1925 1938 rita:
1965 1887 2171 1953 lignum

613 1977 911 2045 plantatum
957 1987 1060 2040 cst,
1111 1991 1210 2044 per
1261 1976 1721 2043 quadripartitum
1765 1976 2174 2046 Evangeliorntn

561 2134 570 2142 η
613 2068 825 2121 laticem
884 2081 1187 2136 aspersum.
1251 2065 1456 2129 Gaude,
1489 2081 1652 2121 aurea
1688 2067 1960 2135 ignitaque
1983 2069 2184 2122 colum-

614 2175 705 2224 na,
760 2175 960 2212 novum
1029 2160 1120 2212 Dei
1174 2157 1362 2220 Israel,
1406 2159 1601 2213 lucidis
1634 2160 1944 2227 dogmatum
1975 2161 2181 2214 doctri—

614 2251 700 2304 nis
744 2250 813 2304 ab
863 2248 1183 2319 Egyptiaca
1236 2264 1440 2309 manu,
1501 2249 1549 2300 id
1608 2259 1689 2302 est
1741 2249 2172 2305 haeretizantium

612 2354 800 2393 errore
837 2341 1110 2402 liberans,
1146 2350 1197 2392 et
1245 2340 1309 2393 ad
1365 2350 1565 2393 terram
1602 2341 2041 2407 repromissionis
2082 2342 2175 2394 l’a-

613 2439 757 2483 trum
790 2430 1115 2485 orthodoxi'a
1151 2432 1443 2506 deducat).
1479 2418 1750 2484 Audacter
1782 2431 1832 2484 in
1858 2434 2176 2487 ostensione

612 2524 861 2577 Veritatis
897 2531 950 2575 et
979 2522 1301 2576 liducialiter
1334 2536 1454 2592 age.
1495 2522 1753 2576 Revelata
1780 2522 1918 2577 facie
1947 2524 2173 2591 gloriam

611 2631 780 2670 sacrae
803 2626 856 2668 ct
885 2615 1165 2668 catholicae
1193 2612 1451 2668 Ecclesia:
1476 2601 1730 2682 praedica.
1763 2613 1937 2684 Supra
1971 2626 2176 2684 petram

611 2707 822 2760 stabilis
846 2707 1281 2760 conversationis
1313 2707 1596 2762 versatiles
1628 2707 1989 2775 quorumdam
2021 2724 2170 2760 men—

622 2807 702 2852 tes
733 2796 1003 2850 doctrinis
1038 2797 1324 2851 confirma.

2283 1889 2601 1957 παράδεισε,
2628 1891 2684 1941 ὲν
2717 1885 2760 1956 ᾧ
2797 1889 2895 1956 τῆς
2933 1890 3079 1960 ζωῆς
3114 1894 3170 1943 ὲν
3201 1891 3352 1961 μέσῳ
3388 1893 3450 1945 τὺ
3479 1892 3636 1958 ξύλον
3673 1895 3822 1960 πεφύ-

2281 1996 2486 2043 τευται,
2515 1979 2600 2032 διὰ
2626 1981 2724 2050 τῆς
2743 1982 3110 2052 τετραστόμου
3149 1982 3255 2033 τῶν
3271 1982 3618 2050 Εὐαγγελίων
3647 1983 3824 2042 νοτίδος

2281 2067 2658 2137 ἀρδευόμενον.
2697 2069 2944 2140 Χαίροις,
2989 2069 3450 2139 χριστοπύρσευτε
3489 2071 3670 2131 στύλε,
3706 2072 3825 2124 ὁτὺν

2283 2159 2399 2236 νέον
2435 2159 2527 2211 τοῦ
2559 2160 2694 2211 Θεοῦ
2739 2157 2954 2229 Ἰσραὴλ
2992 2163 3108 2222 ταῖς
3140 2163 3447 2230 φωτοφαέσι
3489 2163 3599 2214 τῶν
3641 2160 3824 2229 δογμά-

2282 2268 2387 2302 των
2407 2250 2779 2313 διδασκαλίαις
2800 2251 2897 2319 τῆς
2919 2251 3295 2322 Αἰγυπτιακῆς
3309 2253 3489 2321 χειρὸς
3508 2255 3824 2321 ἀπαλλάξας,

2281 2339 2379 2406 τῆς
2408 2338 2516 2389 τῶν
2547 2339 2931 2407 αίρενζὸντων
2962 2339 3430 2408 περιπλανήσεως,
3463 2345 3559 2393 καὶ
3587 2343 3720 2411 πρὸς
3743 2344 3826 2412 τὴν

2281 2428 2387 2496 γῆν
2417 2429 2511 2498 τῆς
2541 2428 2870 2495 ἐπαγγελίας
2901 2431 2964 2498 τῇ
2996 2428 3101 2482 τῶν
3130 2430 3387 2498 Πατὲρων
3416 2430 3692 2500 ὀρθοδοξξᾳ
3715 2435 3827 2485 καθ-

2282 2519 2577 2589 οδηγήσας.
2611 2517 2901 2588 Εὐτόλμως
2931 2521 3024 2571 ἐπὶ
3053 2523 3117 2588 τῇ
3152 2520 3414 2585 ἀναδείξει
3450 2523 3548 2590 τῆς
3591 2522 3826 2592 ἀληθείας

2285 2611 2750 2683 παρῤησιὰσθητι.
2824 2612 3350 2682 Ἀναγεκαλυμμένῳ
3416 2614 3696 2684 προσώπῳ
3745 2615 3827 2684 τὴν

2281 2705 2439 2771 δόξαν
2494 2703 2592 2772 τῆς
2653 2705 2802 2772 ἱερᾶς
2836 2705 2928 2754 καὶ
2971 2702 3263 2772 καθολικῆς
3295 2703 3624 2772 Ἐκκλησίας
3677 2690 3825 2774 κήρυ-

2301 2799 2410 2863 ξον,
2437 2797 2530 2850 ἐπὶ
2566 2797 2665 2864 τὴν
2708 2796 2910 2866 πέτραν
2938 2795 3038 2861 τῆς
3103 2797 3327 2863 στερεᾶς
3393 2797 3688 2865 ὁμολογίας
3744 2797 3828 2854 τὰς

610 2888 1016 2957 εὐμεταφόρους
1042 2890 1149 2941 τῶν
1176 2905 1335 2940 τινων
1363 2888 1599 2951 διανοίας
1631 2893 1753 2952 ταῖς
1795 2890 2169 2955 διδασκαλίαις
2190 2890 2586 2960 ὑποστηρίζων.
2849 2951 2852 2956 _

596 2979 598 2982 ’
680 2977 871 3048 'I‘uque
904 2979 1210 3046 pracipue,
1249 2993 1282 3032 o
1324 2989 1638 3033 sanctorum
1680 2981 1900 3033 Patrum
1941 2996 2166 3036 concors

2345 2979 2416 3031 Σύ
2451 2995 2507 3031 τε
2540 2977 2660 3030 κατ’
2694 2976 2990 3046 ἐξαίρετον,
3026 2970 3070 3030 ὦ
3101 2977 3262 3048 ιερῶν
3299 2979 3561 3048 Πατέρων
3598 2980 3826 3049 σύστοιχε

609 3078 665 3126 et
696 3070 1066 3125 sacratissime
1116 3084 1313 3139 praeco,
1359 3079 1523 3138 atque
1558 3070 1813 3124 instantis
1856 3073 2026 3123 nostri
2064 3086 2173 3125 cae-

609 3155 1003 3222 tus'exarche,
1050 3159 1144 3227 qui
1197 3159 1488 3213 sublimem
1541 3159 1699 3213 nobis
1750 3174 1844 3227 per
1896 3159 2170 3214 Christum

610 3253 866 3306 thronum
896 3251 1155 3310 adornas,
1187 3251 1365 3319 magni
1397 3263 1451 3303 et
1481 3250 1638 3318 primi
1672 3248 1913 3305 Pastoris
1944 3252 2174 3318 diligen-

614 3343 881 3398 tissimum
911 3341 1213 3409 speculum,
1239 3337 1475 3410 Spiritus
1507 3341 1927 3394 mundissimum
1961 3341 2173 3394 habita-

610 3433 818 3496 culum,
853 3432 1156 3486 rectissima
1208 3431 1642 3483 orthodoxorum
1685 3429 1998 3499 dogtnatum
2041 3444 2174 3498 pon—

611 3523 842 3585 deratio,
875 3521 1154 3591 politaque
1185 3521 1240 3574 in
1269 3520 1487 3575 Christo
1516 3520 1951 3574 conversationis
1979 3520 2175 3574 habitae

613 3617 822 3688 regula,
855 3615 1299 3668 nominatissima
1335 3614 1578 3672 lucerna.
1625 3623 1678 3666 et
1723 3620 1926 3680 septem
1978 3611 2175 3666 cande-

609 3709 885 3764 labrorum
917 3705 1215 3760 luminibus
1259 3714 1370 3758 tota
1405 3703 1785 3773 fulgidissima.
1815 3701 2176 3771 Resplendere

611 3802 700 3856 fac
733 3799 894 3855 nobis
925 3806 1186 3866 tanquam
1219 3811 1283 3851 ex
1323 3796 1585 3850 invisibili
1627 3796 1960 3848 candelabro
2008 3809 2176 3849 sacrae

610 3892 889 3948 cathedrae
933 3888 1474 3967 evidentissimornm
1527 3885 1814 3939 verborum
1873 3886 2173 3954 perspicui-

612 3992 772 4039 tates.
825 3979 1102 4038 Distribue
1147 3985 1328 4032 autem
1378 3984 1432 4030 et
1480 3976 1852 4030 esurientibus
1898 3975 2173 4028 virilicum

609 4071 780 4126 divini
830 4067 1134 4140 magisterii
1187 4080 1381 4134 panem
1412 4104 1426 4127 ,
1478 4072 1532 4115 et
1581 4064 1726 4117 nutri
1797 4063 2056 4131 pepulum
2120 4064 2174 4116 in

609 4173 871 4218 extranea
931 4169 1075 4214 terra
1146 4171 1340 4225 vagum
1406 4151 1660 4209 effractum
1719 4154 1962 4209 haeretici
2027 4155 2176 4209 inco-

609 4257 774 4310 latus.

2275 3071 2588 3141 ίεροκῆρυξ,
2619 3070 2711 3122 καὶ
2737 3069 2831 3122 τοῦ
2860 3071 3123 3139 παρόντος
3151 3069 3308 3136 ἡμῶν
3339 3069 3600 3137 συλλόγου
3628 3072 3825 3140 ἐξαρχε,

2273 3167 2300 3216 ὁ
2361 3163 2450 3214 τὸν
2507 3162 2797 3230 μετάρσιον
2840 3161 2970 3229 ἡμῖν
3011 3159 3100 3237 διόι
3138 3158 3374 3228 Χριστοῦ
3411 3164 3826 3224 κατασκευάζων

2275 3255 2480 3323 θρόνον,
2513 3253 2570 3306 τὸ
2606 3252 2697 3304 τοῦ
2739 3251 2975 3320 μεγάλου
3013 3251 3106 3303 καὶ
3143 3250 3358 3320 πρώτου
3391 3252 3659 3319 Ποιμένος
3688 3255 3827 3320 ἀκρι-

2274 3346 2532 3397 ϐέστατον
2567 3343 2849 3412 ἔσοπτρον,
2882 3342 2942 3395 τὸ
2968 3341 3063 3395 τοῦ
3091 3342 3409 3410 Πνεύματος
3454 3345 3828 3414 καθαρώτατον

2274 3436 2618 3505 ἐνδιαίτημα,
2667 3437 2700 3504 ἡ
2754 3434 3021 3503 εὐθυτάτη
3062 3433 3169 3485 τῶν
3212 3433 3508 3504 ὁρθοδόξων
3554 3435 3828 3504 δογμάτων

2275 3527 2509 3596 στάθμη,
2557 3527 2585 3578 ὁ
2629 3525 2995 3593 ἀπεξεσμένος
3040 3525 3140 3592 τῆς
3185 3526 3241 3575 ὲν
3295 3524 3517 3594 Χριστῷ
3569 3513 3824 3587 πολιτείας

2275 3617 2475 3681 κανὼν,
2522 3617 2553 3667 ὁ
2600 3616 2944 3687 περιώνυμος
2977 3616 3070 3668 καὶ
3116 3617 3436 3684 ἑπταφώτου
3469 3617 3696 3685 λυχνίας
3722 3613 3826 3670 ὄλο-

2273 3709 2689 3779 λαμπρέστατος
2712 3701 2930 3777 λύχνος
2967 3708 3206 3778 πύρσευε
3233 3710 3367 3778 ἡμῖν
3395 3709 3470 3773 ὡς
3501 3709 3564 3775 ἐξ
3594 3711 3827 3764 ἀπόπτου

2275 3800 2493 3869 λυχνίας
2539 3800 2639 3868 τῆς
2684 3801 2832 3869 ίερᾶς
2872 3798 3136 3873 καθέδρας
3164 3799 3272 3851 τῶν
3303 3800 3641 3869 φανωτάτων
3672 3787 3827 3868 λόγων

2273 3889 2370 3951 τὰς
2400 3890 2703 3956 διαυγείας.
2737 3889 3039 3957 Διάθρυπτε
3084 3889 3138 3959 δὲ
3174 3891 3266 3941 καὶ
3315 3894 3427 3952 τοῖς
3468 3892 3700 3946 πεινῶσι
3748 3891 3826 3943 τὸν

2275 3979 2648 4043 ζωτικώτατον
2677 3978 2776 4048 τῆς
2804 3979 2953 4040 θείας
2982 3978 3328 4042 διδασκαλίας
3356 3980 3520 4050 ἄρτον
3546 3999 3561 4012 ο
3601 3984 3694 4036 καὶ
3718 3983 3828 4052 θρέο

2271 4071 2374 4138 ψον
2402 4068 2528 4122 λαὸν
2559 4071 2615 4121 ἐν
2647 4068 2773 4139 ξένῃ
2797 4071 2891 4139 γῇ,
2925 4069 3129 4139 ἀλήτην
3162 4072 3528 4141 γεγενημένον
3560 4073 3661 4142 τῆς
3688 4075 3827 4142 alpe-

2273 4160 2428 4230 τικῆς
2451 4158 2791 4222 ἀποικεσίας.

679 4343 903 4397 Efﬁcere
948 4311 1106 4394 nobis
1142 4351 1317 4391 novus
1354 4336 1553 4401 .loscph
1598 4333 1859 4388 frumenti
1901 4335 2074 4397 dator,
2119 4341 2171 4388 et

2343 4332 2506 4387 Γενοῦ
2532 4335 2664 4404 ἡμῖν.
2691 4335 2808 4398 νέος
2854 4335 3056 4405 Ἰωσὴφ
3085 4337 3362 4406 σιτοδὸτης
3407 4341 3530 4402 ταῖς
3585 4341 3826 4412 ἀπορίαις

609 4435 994 4504 ambiguitates
1023 4429 1431 4498 scripturalintn
1468 4427 1766 4494 explanans
1797 4427 2166 4493 aenigmatum,

608 4529 810 4599 opimis
862 4540 961 4578 nos
1001 4533 1054 4576 et
1090 4520 1429 4590 spiritalibus
1472 4518 2020 4586 interpretationibus
2070 4532 2171 4570 nu-

609 4627 699 4681 tri.
735 4623 896 4676 Eleva
925 4619 1116 4674 oculos
1160 4628 1308 4680 tuos,
1357 4623 1434 4668 et.
1459 4605 1786 4680 vide‘super
1835 4623 1883 4666 te
1914 4612 2172 4666 collectos

614 4717 754 4771 illius
791 4724 936 4776 tuos,
977 4709 1071 4779 qui
1119 4709 1368 4776 luporum
1411 4703 1901 4772 congressionibus
1941 4702 2171 4770 dispersi

610 4817 757 4864 sunt.
806 4807 1031 4861 Plenum
1081 4801 1176 4854 tibi
1221 4813 1343 4854 esse
1385 4812 1547 4851 omne
1589 4793 2026 4848 sacratissimum
2069 4791 2170 4844 hoc

610 4901 792 4955 divino
819 4898 1037 4950 decreto
1072 4891 1331 4959 templum
1361 4886 1716 4953 conspicitur.
1763 4883 1970 4937 Crebro
2014 4895 2171 4934 men-

609 4999 682 5051 tis
718 5003 824 5048 tua:
871 4988 1011 5044 saltu
1063 4985 1362 5048 befstiarum
1410 4991 1728 5049 praeoccupa
1785 4976 2060 5043 impetus,
2121 4984 2173 5027 et

612 5091 712 5142 hos
764 5077 1099 5153 pravcniens
1159 5072 1428 5142 sapientia
1483 5078 1573 5123 tua
1623 5064 1870 5138 exclude.
1946 5065 2174 5133 Semper

612 5180 738 5234 ovili
773 5185 865 5228 tuo
892 5167 1338 5238 tranquillitatem
1375 5163 1628 5217 concilia.
1661 5159 1966 5214 Pramuni’
1985 5163 2169 5236 autem

611 5275 719 5328 hoc
768 5263 1147 5333 frequentibus
1196 5273 1260 5312 ac
1303 5257 1443 5310 bene
1503 5252 1827 5332 sonantibus
1880 5249 1948 5302 ad
2004 5248 2168 5301 Deum

610 5361 829 5421 emissis
867 5353 1232 5417 orationibus,
1281 5356 1339 5401 ut
1371 5347 1469 5401 tibi
1515 5346 1568 5399 in
1616 5343 2020 5398 multitudinem
2070 5355 2169 5392 au-

597 5465 803 5525 geatur
863 5444 1164 5504 secundum
1216 5438 1672 5509 repromissiones
1739 5432 1861 5504 quae
1916 5441 2045 5488 sunt
2115 5433 2168 5485 in

611 5523 888 5603 Abraham
936 5539 1109 5592 instar
1161 5539 1432 5588 astrorum
1487 5527 1702 5583 numeri
1749 5527 1923 5581 facta.
1987 5523 2172 5579 Gaude

614 5651 744 5692 vero
773 5643 826 5689 et
858 5641 939 5698 tu,
973 5623 1330 5682 Nicaeensium
1358 5619 1556 5691 inclyta
1611 5617 1761 5684 urbs,
1784 5616 1927 5671 inter
1972 5625 2171 5670 metro-

687 5751 734 5782 “
770 5745 929 5802 Mich.
964 5756 1062 5809 vn,
1094 5739 1179 5795 l8.
1255 5735 1300 5767 "
1331 5732 1474 5789 Psal.
1500 5714 1556 5799 Vc,
1586 5732 1640 5786 2.

2272 4421 2378 4478 τῶν
2420 4425 2714 4495 Γραφικῶν
2759 4425 3099 4495 αἰνιγμάτων
3141 4429 3262 4490 ταῖς
3307 4429 3657 4498 εὐπορίστοις
3707 4433 3826 4482 ἀνα-

2273 4517 2498 4585 πτύξεσι
2546 4518 2653 4571 τῶν
2693 4518 3080 4586 πνευματικῶν
3122 4519 3433 4589 ἑρμηνειῶν
3469 4522 3624 4591 ἡμᾶς
3653 4521 3826 4591 ὲκτρέο

2263 4628 2406 4691 ¹(ρων.
2435 4605 2600 4681 *Αρον
2627 4609 2810 4680 κύκλῳ
2843 4610 2969 4673 τοὺς
3005 4609 3318 4698 ὀφθαλμούς
3357 4628 3452 4664 σου
3477 4651 3491 4674 ,
3524 4613 3626 4666 καὶ
3647 4613 3722 4666 ἴδε
3746 4615 3828 4666 ἐπὶ

2235 4751 2238 4755 .
2273 4702 2335 4754 σὲ
2364 4701 2679 4772 συνηγμένα
2717 4702 2785 4755 τὰ
2823 4701 2986 4755 τέκνα
3020 4717 3113 4753 σου
3136 4741 3151 4764 ,
3177 4700 3213 4756 ἃ
3233 4705 3354 4765 ταῖς
3395 4701 3503 4755 τῶν
3529 4702 3716 4758 λύκων
3741 4707 3827 4768 ιφ·

2272 4792 2412 4855 όδοις
2461 4792 2844 4861 διεσκόρπιστο
2873 4809 2885 4820 ·
2922 4791 3139 4861 πλήρης
3188 4807 3272 4843 σοι
3325 4792 3432 4854 πᾶς
3469 4793 3498 4844 ό
3547 4793 3827 4864 ἱερώτατος

2271 4876 2426 4945 οὗτος
2479 4881 2571 4934 τοῦ
2617 4881 2763 4934 θείου
2826 4883 3207 4951 συντάγματος
3231 4882 3365 4948 νεὼς
3390 4885 3612 4954 ὁρᾶται.
3649 4885 3832 4954 Πυκνῷι

2274 4993 2365 5028 σου
2412 4974 2511 5043 τῆς
2554 4975 2790 5037 διανοίας
2811 4962 3028 5043 ’ἀλματι
3065 4973 3165 5038 τὰς
3219 4974 3328 5027 τῶν
3361 4975 3551 5046 θηρῶν
3596 4976 3826 5047 προλάμ-

2273 5065 2401 5116 6ανε
2451 5063 2694 5132 ἐφόδους,
2728 5064 2822 5116 καὶ
2869 5063 3074 5127 ταύτας
3119 5067 3188 5136 τῇ
3245 5067 3313 5135 σῇ
3376 5061 3544 5136 σοςρία
3597 5082 3825 5136 προαπο-

2273 5153 2483 5207 κλείων.
2527 5153 2640 5206 Ἀεί
2677 5170 2770 5204 σου
2800 5155 2867 5222 τῇ
2899 5152 3112 5224 ποίμνῃ
3141 5152 3202 5205 τὸ
3244 5152 3519 5222 ἀτάραχον
3565 5155 3826 5225 προξένει.

2271 5243 2618 5316 Προσοχύρου
2651 5260 2713 5311 γε
2759 5243 2938 5306 τοῦτο,
2975 5243 3071 5297 καὶ
3123 5245 3242 5304 ταῖς
3300 5247 3538 5308 πυκναῖς
3596 5245 3709 5298 τῶν
3747 5246 3825 5297 εὐ-

2272 5339 2420 5409 ήχων
2452 5339 2531 5400 είς
2553 5335 2694 5388 Θεὸν-
2709 5336 3025 5407 προσευχῶν
3060 5353 3154 5388 σου
3181 5334 3488 5403 ἐπάλξεσιν·
3528 5338 3620 5403 ἵνα
3654 5355 3734 5391 σοι
3761 5338 3827 5398 εἰς

2221 5425 2223 5428 ’
2274 5429 2476 5501 πλῆθος
2496 5427 2704 5499 ἐπιδοίη
2730 5426 2874 5483 κατὰ
2902 5427 2999 5490 τὰς
3029 5428 3088 5480 ὲν
3107 5427 3186 5498 τῷ
3227 5427 3476 5498 Ἀϐραὰμ
3497 5430 3826 5497 ἐπαγγελίας

2271 5524 2385 5586 τοῖς
2401 5520 2620 5590 ἄστρων
2643 5521 2825 5591 χοροῖς
2851 5517 3268 5591 παραπλησίως.
3296 5518 3526 5588 Χαίροις
3545 5519 3607 5573 δὲ
3640 5519 3825 5581 καὶσὺ,

2273 5611 2526 5666 Νικαέων
2556 5610 2881 5682 περίκλυτον
2905 5609 3066 5675 ἄστυ,
3089 5610 3152 5665 τὸ
3179 5611 3238 5664 ὲν
3272 5609 3651 5679 μητροπόλεσι
3686 5609 3825 5679 περί-
