4032 6334
263 485 393 550 1329

1447 478 1533 537 SE
1543 477 1698 537 RMO
1731 477 2296 552 LAUDATORIUS.,
2376 540 2380 544 .

3348 450 3478 546 ιᾰδο

262 607 460 646 πυστον
488 591 678 659 ὄνομα.
708 589 805 658 τῆς
835 587 1071 641 Βιθυνῶν
1101 587 1368 656 ἐπαρχίας
1412 586 1473 639 τὸ
1505 586 1822 640 εὐκλεέστα-

1937 587 2078 656 poles
2124 585 2568 656 opinatissimum
2621 601 2838 651 nomen,
2889 587 3318 658 Bithyniensium
3354 609 3480 662 pro-

261 696 348 730 τον
407 676 753 746 ἀκροθίνιον·
790 677 1114 746 ήπρότερον
1172 676 1270 745 μὲν
1316 677 1437 737 ταῖς
1489 675 1599 727 τῶν
1649 675 1818 742 ἁγίων

260 767 630 821 ὀκτωκαίδεκα
697 766 792 818 καὶ
840 765 1169 836 τριακοσίων
1237 764 1510 835 θεοφόρων
1562 765 1821 835 Πατέρων

262 862 464 929 ἴχνεσιν
506 857 848 924 ἀγιασθεϊσα,
900 857 995 910 νῦν
1046 857 1101 908 δὲ
1143 858 1254 919 τοῖς
1315 855 1520 909 τούτων
1554 856 1822 925 διαδόχοις

260 951 426 1020 τριῶν
471 949 841 1004 ἑκατοντάδων
881 949 978 1001 σὺν
1023 949 1183 1000 πέντε
1209 947 1436 1000 δεκάσιν
1461 947 1698 1016 ἀριθμὸν
1733 948 1825 1000 ὲκ-

263 1036 593 1108 πληροῦσινο
625 1034 868 1089 εὐλαδιῖΝ
909 1051 970 1086 τε
1003 1033 1250 1104 μοναχῶν
1299 1033 1402 1084 οὐκ
1441 1031 1825 1101 εὐαριθμήτων

263 1126 481 1198 πλήθει,
509 1129 630 1190 ταῖς
673 1127 866 1188 αὐταῖς
909 1125 1017 1176 τῶν
1049 1123 1312 1190 εὐλογιῶν
1354 1121 1826 1192 περικυκλουμένη

263 1219 500 1287 χάρισιν.
545 1217 632 1268 Ἐν
673 1217 758 1268 σοί⁵
790 1216 899 1286 γάρ
922 1213 1311 1284 τῆςόρθοδόξου
1343 1213 1578 1274 πίστεως
1609 1213 1636 1262 ὁ
1667 1211 1820 1281 θεμέ·

226 1352 238 1363 ,
263 1304 502 1366 λιο;’ὑπό
530 1319 676 1365 τινος
706 1302 1011 1368 Σατανικῆς
1042 1302 1370 1372 δυστροπίας
1408 1300 1686 1369 σεισθῆναι
1715 1315 1828 1352 κιν-

262 1395 500 1450 δυνεύων
528 1395 818 1465 ἑδραίωσιν
867 1393 1166 1461 ἀκλόνητον
1219 1393 1462 1463 εἴληφεν.
1506 1393 1592 1444 Ἑν
1630 1392 1712 1444 σοὶ
1738 1390 1828 1443 τὸν

263 1487 457 1558 ἄγριον
490 1491 696 1543 ἐκεῖνον
735 1489 831 1542 καὶ
858 1487 1147 1541 άτίθασσον
1195 1485 1338 1557 θῆρα
1386 1488 1602 1556 Ἀρειον
1628 1487 1654 1536 ὁ
1689 1485 1831 1548 θεῖος

264 1583 473 1643 ἐκεῖνος
527 1579 636 1634 τῶν
656 1580 918 1647 Πατέρων
970 1579 1127 1648 χορὸς
1171 1579 1241 1632 τὰ
1294 1581 1413 1648 ἱερά
1465 1579 1573 1631 τῶν
1601 1577 1831 1646 Γραφῶν

265 1668 687 1738 ἑφαπλώσαντες
739 1668 863 1722 λίνα
915 1668 1236 1738 ἐζώγρησαν
1258 1709 1273 1732 ,
1299 1669 1395 1720 καὶ
1443 1669 1554 1730 τοῖς
1580 1669 1833 1736 φοϐεροῖς

266 1762 668 1831 κατηκόντισαν
724 1761 1031 1832 ἀναθέμασι
1055 1779 1067 1792 ·
1103 1759 1396 1814 κάντεῦθεν
1447 1759 1539 1812 τὸν
1572 1759 1700 1812 Υἰὸν
1738 1758 1830 1812 τοῦ

265 1851 406 1904 Θεοῦ
458 1853 553 1906 καὶ
600 1853 812 1923 Πατρὺς
847 1852 1130 1922 όμοούσιον
1177 1851 1258 1920 τῷ
1297 1851 1648 1921 γεγεννηκότι
1683 1851 1832 1903 πᾶσα

269 1943 433 2013 φύσις
458 1943 759 2014 ἀνθρώπων
799 1944 1070 2011 θεολογεῖν
1098 1943 1590 2014 ἐκμεμαθήκαμεν.
1625 1943 1722 1996 Διά
1748 1959 1830 1995 τοι
1864 1931 1904 1986 Β

267 2033 542 2087 τοῦτοκαὶ
575 2035 636 2087 τὸ
663 2034 834 2104 παρὸν
864 2033 1164 2104 ἱερώτατον
1194 2033 1478 2103 σύνταγμα
1528 2034 1625 2104 τῆς
1651 2034 1828 2102 ἰσαρί-

268 2121 412 2190 θμου
443 2124 646 2194 ταύτης
686 2124 904 2195 χορείας
939 2125 1071 2188 δυὰς
1103 2123 1345 2177 εὐσεϐῶν
1376 2123 1642 2193 βασιλέων
1667 2124 1724 2176 ὲν
1750 2125 1830 2176 σοί

270 2215 714 2287 συγκροτηθῆναι
752 2216 1092 2281 τεθέσπικεν,
1117 2217 1322 2287 Εἰρήνη
1377 2217 1472 2268 νέα
1522 2215 1703 2286 Ἑλένη
1738 2217 1833 2268 σὺν

272 2305 378 2375 υἰῷ
435 2309 645 2376 γνησίῳ
703 2307 806 2378 νέῳ
859 2306 1276 2374 Κωνσταντίνῳ,
1312 2303 1406 2368 οὓς
1445 2305 1478 2375 ἡ
1527 2288 1586 2358 ὲν
1630 2305 1711 2358 σοὶ
1736 2287 1830 2358 τοῦ

270 2394 598 2465 Πνεύματος
631 2395 793 2464 χάρις
837 2397 953 2458 τοῖς
998 2394 1122 2446 τότε
1151 2393 1246 2445 καὶ
1279 2391 1373 2446 νῦν
1403 2392 1581 2459 ἁγίοις
1611 2393 1836 2461 ἐπιλάμ-

268 2484 423 2553 ψασα
459 2486 726 2556 Πατράσι,
755 2483 982 2553 φυλάξαι
1032 2473 1280 2551 δὰψιλέσι
1318 2482 1532 2552 χρόνοις
1565 2482 1836 2553 ἀτάραχον

270 2576 458 2638 αὐτοῖς
493 2575 555 2627 τὸ
585 2577 787 2643 κράτος
823 2574 1140 2644 δωρουμένη
1165 2616 1179 2638 ,
1212 2576 1305 2626 καὶ
1361 2573 1470 2624 τῶν
1515 2573 1728 2642 ἐχθρῶν
1769 2573 1839 2626 τὰ

271 2664 416 2731 φῦλα
447 2656 554 2734 πρδ
584 2664 761 2718 ποδῶν
783 2663 1131 2733 καταστρῶσι
1157 2679 1169 2692 ·
1188 2663 1262 2726 ὡς
1279 2663 1345 2717 ἂν
1371 2666 1502 2734 ἡμῖν
1527 2662 1684 2734 ἡτῶν
1704 2666 1841 2732 ἀγα-

272 2750 386 2832 θῶν
419 2754 493 2825 μὴ
529 2754 763 2810 διαλίποι
788 2739 1045 2824 χορηγία.

1921 679 2113 734 vincia!
2140 678 2552 749 gloriosissima:
2589 678 2883 748 primitiae:
2919 695 3039 746 qua:
3071 688 3222 748 prius
3262 685 3478 751 quidem

1923 780 2235 825 sanctorum
2267 770 2454 826 decem
2488 779 2542 824 et
2582 780 2707 824 octo
2739 781 3217 841 trecentorumque
3252 773 3481 827 deifero-

1923 876 2042 915 rum
2078 860 2302 916 Patrum
2333 860 2588 930 vestigiis
2629 861 2966 930 sanctiﬁcata
3004 877 3084 925 es,
3119 877 3262 916 nunc
3303 873 3480 916 autem

1927 952 2116 1005 horum
2149 964 2530 1006 successorum
2567 965 2721 1020 atque
2761 959 3126 1005 trecentorum
3168 966 3292 1004 cum
3327 952 3484 1020 quin-

1925 1055 2035 1111 que
2079 1040 2378 1096 decadihus
2420 1056 2708 1094 numerum
2759 1041 3171 1110 complcntium,
3223 1050 3482 1098 ac'rere-
3578 1052 3579 1055 ‘

1928 1130 2220 1184 rendorum
2285 1129 2688 1184 monachorum
2741 1129 2832 1198 qni
2896 1144 3031 1198 pene
3079 1115 3487 1182 innumerabilia

1929 1229 2062 1286 sunt
2106 1220 2496 1283 multitudinis,
2549 1219 2755 1274 eisdem
2799 1219 3270 1272 benedictionibus
3304 1216 3489 1288 [beneo

1931 1309 2264 1382 dictionum}
2293 1311 2632 1366 circumdata
2659 1327 2718 1365 cs
2754 1310 2963 1379 gratiis.
2997 1307 3054 1362 In
3092 1317 3141 1363 te
3171 1305 3369 1376 quippe
3401 1322 3490 1360 or.-

1933 1402 2206 1458 thodoxiae
2251 1399 2592 1473 [orthodoxae
2646 1401 2793 1472 ﬁdei]
2838 1401 3250 1454 fundamentum
3287 1416 3317 1452 a
3357 1412 3490 1467 qua-

1931 1495 2055 1548 dam
2087 1493 2340 1548 Satanica
2367 1493 2722 1549 subversione
2750 1484 3078 1548 concussum
3107 1490 3490 1560 perecliturum

1933 1583 2410 1656 [periclitaturum,
2473 1584 2608 1652 forte
2637 1585 2781 1636 deest
2830 1584 2922 1636 scd
2959 1579 3113 1651 non},
3156 1580 3494 1633 stabilimen-

1934 1655 2046 1731 tum
2077 1676 2197 1730 sine
2240 1655 2649 1745 perturbatione
2675 1675 2937 1743 percepit.
2969 1672 3028 1725 ln
3061 1682 3112 1724 te
3146 1669 3313 1724 l‘cram
3349 1668 3491 1723 illam
3523 1717 3526 1721 ,

1934 1775 1986 1821 et
2026 1765 2291 1820 immitem
2323 1764 2579 1828 bestiam,
2629 1763 2817 1817 Arium
2864 1761 3094 1827 scilicet,
3139 1759 3359 1821 divinus
3406 1758 3497 1812 ille

1935 1855 2157 1910 Patrum
2201 1857 2406 1910 chorus
2440 1855 2612 1910 sacris
2652 1853 3064 1924 Scripturarum
3110 1851 3370 1919 expansis
3405 1863 3496 1904 ca-

1934 1946 2105 2013 ptavit
2156 1944 2391 2010 retibus,
2431 1954 2484 1998 et
2516 1942 2856 1999 terribilibus
2889 1938 3342 1996 'anathematibus
3375 1954 3497 2008 per-

1937 2012 2092 2094 culit,
2143 2041 2197 2086 et
2239 2033 2367 2087 hinc
2401 2032 2597 2086 Filium
2644 2032 2740 2086 Dei
2773 2041 2828 2086 et
2870 2030 3075 2094 Patris,
3118 2027 3412 2097 Dominum
3441 2012 3501 2082 et

1936 2124 2470 2180 consubstantialem
2523 2123 2789 2193 gignenti,
2843 2123 3026 2176 omnis
3077 2128 3273 2188 natura
3321 2120 3496 2173 homi-

1938 2232 2066 2270 num
2105 2215 2399 2284 prmdicare
2450 2214 2758 2279 didicimus
2805 2225 2860 2269 et
2895 2213 3102 2268 idcirco
3136 2225 3375 2281 praesens
3410 2223 3496 2266 sa-

1937 2306 2302 2362 cratissimum
2331 2315 2677 2375 compactum
2708 2304 2872 2375 huius
2897 2304 3173 2358 numerosi
3198 2309 3497 2356 conventus

1930 2396 2168 2450 dualitas
2216 2397 2432 2463 piorum
2495 2396 2890 2464 imperatorum
2932 2393 3283 2449 consolidans
3314 2390 3494 2460 colligi

1933 2485 2135 2548 sanxit,
2177 2485 2335 2538 lrene
2362 2484 2616 2539 videlicet
2664 2500 2801 2540 nova
2833 2483 3036 2538 Helena
3069 2499 3193 2536 cum
3226 2482 3496 2550 ﬂliopro-
3539 2510 3543 2514 -

1935 2577 2055 2646 prio
2088 2576 2449 2632 Constantino
2481 2590 2646 2642 novo,
2679 2591 2819 2645 quos
2849 2575 2902 2629 in
2940 2584 2992 2629 te
3029 2567 3268 2643 Spiritus
3300 2572 3494 2642 gratia,

1934 2683 2057 2737 quae
2090 2679 2223 2724 tunc
2251 2679 2306 2724 et
2340 2685 2485 2724 nunc
2516 2671 2726 2733 sanctis
2754 2668 2934 2722 illuxit
2967 2665 3247 2728 Patribus,
3278 2677 3496 2718 conser-

1937 2766 2026 2812 vet
2056 2775 2153 2828 per
2175 2760 2480 2830 largissima
2511 2770 2776 2828 tempora,
2807 2755 3260 2827 imperturbabile
3287 2755 3498 2809 donans

272 2847 357 2902 eis
411 2847 738 2916 imperium,
792 2847 1144 2916 hostiumque
1205 2850 1456 2903 nationes
1499 2852 1626 2901 ante
1675 2844 1840 2915 pedes
1879 2856 2226 2915 prosternat,
2283 2859 2554 2918 quatenus
2622 2848 2782 2904 nobis
2837 2848 3105 2902 bonorum
3182 2845 3337 2914 copia
3391 2859 3497 2898 non

270 2941 510 2996 deﬁciat.
1335 2950 1362 2979 ε
1406 2955 1413 2960 ·

345 3034 575 3105 Χαίροις
595 3032 797 3097 τοίνυν,
815 3026 870 3086 ὦ
888 3033 1274 3104 μητροπόλεων
1306 3052 1372 3087 πε
1383 3024 1585 3104 ρίδὸξον
1615 3035 1832 3099 κάλλος,

273 3127 334 3179 ἐν
373 3124 578 3187 τούτοις
599 3165 614 3189 ,
648 3125 728 3177 ὅτι
756 3127 813 3178 ἐν
848 3126 932 3177 σοὶ
970 3126 1028 3178 τὸ
1067 3124 1282 3195 πρῶτον
1310 3128 1447 3196 ἡμῖν
1477 3126 1583 3178 τῶν
1617 3125 1837 3193 ἀγαθῶν

272 3216 468 3284 ἀνέφυ,
503 3217 561 3267 ὲν
597 3215 683 3266 σοὶ
726 3213 792 3284 δὴ
820 3215 914 3267 καὶ
957 3215 1018 3276 τὸ
1061 3216 1236 3279 τέλος,
1267 3216 1365 3286 οὐχ
1397 3216 1472 3280 ὡς
1508 3216 1644 3286 πρὸς
1682 3213 1836 3281 ἀξίαν

274 3306 416 3378 πρὸς
445 3305 679 3375 ἀριθμὸν
709 3305 765 3356 δὲ
789 3304 916 3373 ,ἣτις
949 3305 1067 3356 ἐστὶ
1110 3305 1218 3358 τῶν
1241 3307 1585 3359 σεπτοτάτων
1615 3306 1838 3358 εἰκόνων

280 3404 381 3472 τῆς
397 3397 690 3471 καθολικῆγς
704 3397 735 3466 ἡ
743 3397 858 3467 μῶν
894 3398 1270 3467 Ἐκκλησίαςὴ
1293 3397 1494 3468 ἀρχαία
1516 3398 1836 3467 παράδοσις,

275 3490 337 3540 ἑν
367 3490 490 3552 τοῖς,
509 3488 659 3548 ἰδίοις
681 3489 1372 3558 άποκατασταθεῖσαόροις.
1419 3489 1532 3542 Νῦν
1561 3490 1730 3550 ὅντως
1758 3490 1842 3541 εὐ-

277 3579 533 3646 φαίνεται
576 3580 882 3651 όοὺρανδς,
949 3584 1044 3632 καίΙ
1103 3579 1159 3631 αἰ
1213 3580 1434 3645 νεφέλαι
1495 3580 1843 3648 δικαιοσύνην

276 3669 687 3731 ἁποστάζουσι-·
721 3671 812 3722 καὶ
835 3669 897 3722 τὸ
943 3670 1258 3738 μεσότοιχον
1283 3669 1378 3721 τοῦ
1409 3669 1665 3739 φραγμοῦ
1689 3669 1843 3720 λέλυ-

275 3777 373 3812 ται
401 3764 464 3830 τῇ
488 3759 679 3813 ένώσει
717 3761 813 3828 τῆς
860 3759 1192 3821 διαστάσεως
1217 3759 1720 3828 παραχωρησάσης,
1750 3760 1841 3811 καὶ

227 3911 229 3913 ,
278 3857 361 3913 εἰς
396 3850 522 3920 μίας
556 3850 932 3919 ὁμοφροσύνης
978 3849 1286 3916 σύμπνοιαν
1323 3852 1354 3917 ὴ
1395 3850 1592 3918 τετρὰς
1633 3851 1730 3919 τῆς
1762 3854 1840 3902 οἰ-

261 3927 558 4012 κουμένης
597 3942 944 4009 συνήνεκται.
987 3940 1100 3992 Νῦν
1129 3942 1180 3992 αἱ
1208 3940 1394 3992 πολλαὶ
1433 3941 1540 3992 τῶν
1571 3941 1842 4010 διαφόρως

280 4033 669 4103 ὑποσυρόντων
701 4035 779 4093 εἰς
813 4032 871 4084 ἓν
913 4030 1306 4102 συνεληλύθασι
1346 4031 1494 4096 δόξαι
1519 4048 1532 4061 ⁸
1564 4034 1656 4084 καί
1703 4032 1842 4101 σύμ-

280 4138 460 4189 φωνος
517 4119 685 4190 ὕμνος
739 4122 846 4173 ἀπὸ
904 4122 1153 4191 περάτων
1203 4123 1302 4190 γῆς
1357 4122 1460 4191 ἕως
1492 4122 1744 4192 περάτων
1765 4121 1843 4190 τῷ

277 4211 405 4278 Θεῷ
459 4210 863 4280 ἀναπέμπεται.
915 4212 1138 4281 Χαίροις
1167 4212 1477 4280 τοιγαροῦν,
1515 4214 1608 4264 καὶ
1645 4213 1841 4283 σκίρτα

282 4301 381 4354 ἐπὶ
404 4300 610 4365 τούτοις
639 4300 732 4352 καὶ
763 4303 850 4365 σὺ,
898 4301 1193 4370 Ἐκκλησία
1223 4300 1504 4370 καθολικὴ,
1540 4303 1572 4371 ὴ
1603 4302 1662 4352 ὲν
1690 4303 1842 4372 πάσῃ

280 4393 352 4460 τῇ
379 4390 673 4462 οἰκουμένῃ
699 4407 715 4421 ·
745 4389 937 4460 χόρευε
973 4390 1354 4461 άγαλλιωμένη
1372 4392 1464 4442 ἐπὶ
1494 4394 1559 4460 τῇ
1579 4392 1684 4443 τῶν
1711 4391 1842 4444 υἰῶν

285 4496 386 4532 σου
417 4479 767 4533 ἐπανελεύσει
787 4496 800 4510 ο
833 4473 1048 4532 ἀπόθου
1086 4481 1147 4532 τὸ
1184 4483 1282 4549 τῆς
1325 4481 1620 4541 διαλύσεως
1653 4481 1840 4551 ῥάκος,

2013 3031 2204 3085 Gaude
2236 3031 2420 3100 itaque
2452 3029 2506 3083 in
2537 3029 2641 3094 his,
2675 3043 2709 3083 o
2741 3028 3116 3097 metropoieon
3143 3025 3342 3095 inclyta
3374 3041 3500 3094 spe-

1913 3123 2088 3187 .cies;
2145 3123 2402 3190 quoniam
2463 3121 2516 3174 in
2570 3130 2621 3173 te
2672 3119 2830 3202 nobis
2887 3127 2941 3172 et
2994 3119 3169 3186 primo
3227 3117 3499 3172 bonorum

1943 3215 2252 3277 exordium,
2289 3225 2344 3268 et
2373 3227 2517 3267 nunc
2548 3211 2671 3266 linis
2701 3219 2926 3264 exortus
2955 3221 3058 3275 est,
3109 3208 3500 3264 venerabilium

1944 3306 2196 3358 nimirum
2229 3303 2526 3374 imaginum
2557 3301 2840 3357 catholicae
2879 3298 3138 3354 Ecclesia:
3167 3300 3348 3368 prisca
3391 3296 3503 3352 ti'a-

1917 3465 1924 3468 ,Α
1944 3399 2075 3453 ditio
2106 3397 2158 3450 in
2191 3397 2308 3451 suis
2344 3395 2595 3449 terminis
2625 3393 2897 3446 restituta.
2938 3390 3095 3445 Nunc
3125 3405 3255 3446 vero
3288 3390 3502 3445 [zelatur

1941 3488 2161 3552 caelum,
2199 3496 2254 3540 et
2291 3485 2464 3539 nubes
2497 3484 2704 3538 stillant
2746 3482 3037 3552 justitiam.
3086 3483 3246 3536 Nunc
3290 3481 3503 3535 medius

1941 3579 2123 3647 paries
2156 3575 2406 3630 maceria:
2435 3574 2742 3628 dissolutus
2791 3582 2878 3629 est
2913 3573 3157 3627 unitione
3200 3573 3503 3627 dissensio-

1944 3672 2028 3724 nis
2059 3684 2342 3732 concessa,
2383 3674 2438 3721 et
2479 3667 2535 3719 in
2579 3666 2740 3720 unius
2771 3664 3114 3720 assensionis
3146 3663 3502 3732 conspiratio-

1946 3777 2068 3813 nem
2128 3759 2468 3828 quaternitas
2517 3759 2667 3811 orbis
2723 3765 2882 3810 terra:
2929 3755 3154 3810 collecta
3195 3765 3297 3808 est.
3348 3753 3503 3807 Nunc

1944 3851 2128 3904 multae
2188 3841 2308 3918 qua:
2364 3849 2418 3902 in
2477 3848 2692 3902 diversa
2755 3848 3061 3910 trahebant,
3132 3856 3498 3899 convenerunt

1942 3943 2251 4012 opiniones,
2311 3949 2366 3993 et
2405 3954 2681 4015 consonus
2724 3941 2958 4009 hymnus
3009 3953 3040 3992 a
3091 3937 3291 3990 ﬁnibus
3343 3947 3502 3992 terrae

1944 4051 2117 4103 usque
2142 4027 2210 4089 ad
2251 4035 2384 4088 lines
2435 4043 2592 4088 terra:
2639 4031 2748 4084 Deo
2794 4031 3072 4098 dirigitur.
3113 4029 3304 4083 Gaude
3338 4027 3503 4097 igitur

1944 4127 2247 4195 tripudians
2294 4140 2456 4194 super
2501 4123 2588 4188 his
2617 4134 2672 4176 et
2705 4130 2783 4184 tu,
2815 4121 3080 4177 catholica
3129 4119 3392 4181 Ecclesia,
3446 4121 3499 4172 in

1946 4229 2057 4273 toto
2093 4229 2361 4272 terrarum
2394 4217 2526 4271 orbe
2555 4214 2770 4271 diffusa.
2825 4215 2939 4268 Duc
2981 4214 3179 4267 choros
3222 4212 3502 4265 exsultans

1946 4326 2112 4380 super
2145 4310 2380 4377 ﬁliorum
2427 4317 2643 4361 tuorum
2676 4315 2946 4360 conventu
2980 4321 2994 4356 :
3031 4305 3244 4372 depone
3276 4302 3502 4355 divisio—

1945 4402 2030 4455 nis
2065 4415 2297 4468 pannos,
2339 4409 2394 4453 et
2437 4397 2666 4451 induere
2705 4397 2910 4462 integra
2952 4395 3266 4448 orthodoxae
3317 4395 3499 4445 tunica

1948 4491 2192 4546 unitatis.
2246 4488 2365 4542 Jam
2420 4503 2525 4541 non
2583 4487 2799 4554 poneris
2855 4484 3206 4553 opprobrium
3264 4483 3502 4535 inimicis

285 4571 384 4624 καὶ
417 4570 631 4633 ἔνδυσαι
679 4571 770 4623 τὸν
807 4571 1099 4640 ὁλόκληρον
1147 4571 1244 4640 τῆς
1267 4570 1546 4640 όρθοδίξου
1597 4571 1839 4636 ένώσεως

1948 4583 2078 4646 tuis,
2124 4580 2486 4635 subsannatio
2516 4587 2570 4632 et
2598 4578 2801 4632 derisio
2826 4577 3038 4645 pupulis
3063 4577 3155 4644 qui
3187 4575 3240 4627 in
3267 4574 3500 4628 circuitu

286 4661 512 4732 χιτῶνα.
545 4660 743 4713 Οὐκέτι
773 4661 973 4730 τεθήσῃ
998 4659 1195 4721 ὄνειδος
1221 4661 1331 4721 τοῖς
1361 4660 1566 4725 γείτοσί
1602 4677 1718 4723 σου,
1751 4678 1846 4730 μυ-

284 4751 592 4822 κτηρισμδς
647 4752 738 4804 καὶ
792 4749 1099 4818 χλευασμὸς
1154 4751 1266 4812 τοῖς
1313 4749 1494 4818 κύκλῳ
1541 4765 1634 4801 σου
1671 4749 1840 4813 λαοῖς.

284 4840 490 4893 Οὐκέτι
531 4837 819 4908 φοϐηθήσῃ
862 4836 1237 4902 ὲξουδενώσεις
1264 4835 1436 4888 ἀθέων
1467 4836 1557 4888 καὶ
1586 4837 1844 4906 ἀμυήτων

286 4927 616 4998 ἀνθρώπων,
648 4924 915 4996 Ἐϐραίων
957 4923 1021 4994 δὴ
1050 4924 1192 4988 λέγω
1209 4925 1302 4976 καὶ
1317 4922 1629 4993 Ἀγαρηνῶν
1648 4941 1663 4956 ο
1683 4926 1757 4986 ὼς
1780 4924 1843 4994 δή

288 5033 378 5072 σοι
413 5017 488 5087 μὴ
534 5016 630 5069 τοῦ
671 5015 876 5068 τελείου
927 5015 1026 5084 τῆς
1057 5014 1290 5075 πίστεως
1317 5017 1434 5076 ταῖς
1461 5015 1844 5080 ἀποστολικαῖς
1918 5019 1926 5028 ⁴

289 5107 691 5178 παραδοθέντος
725 5102 1113 5168 διδασκαλίαις.
1153 5104 1348 5157 Οὐκέτι
1376 5104 1473 5172 τὴν
1508 5109 1572 5157 ὲκ
1607 5106 1700 5158 τοῦ
1727 5107 1846 5169 ἐνὸς

287 5196 428 5268 Θεοῦ
477 5196 829 5265 ἀναφοίτησιν
873 5194 961 5247 διὰ
1015 5195 1114 5264 τὴν
1141 5194 1276 5264 πρὸς
1306 5196 1430 5255 τοὺς
1472 5194 1636 5246 αὐτοῦ
1661 5196 1844 5263 φίλους

291 5287 752 5358 πρεπωδεστάτην
778 5287 942 5355 τιμὴν
957 5287 1067 5346 τοῖς
1087 5286 1196 5337 τῶν
1223 5284 1512 5354 αἰρετικῶν
1534 5285 1847 5357 ὲγκληθήσῃ

294 5378 578 5446 στόμασιν.
603 5377 798 5430 Οὐκέτι
831 5377 942 5437 τοῖς
967 5375 1076 5426 τῶν
1105 5374 1336 5426 εἰδώλων
1377 5375 1627 5441 τεμένεσι
1657 5376 1715 5427 ἐν
1749 5375 1846 5446 ἴσῳ

293 5466 734 5537 καταλογισθήσῃ
761 5505 776 5529 ,
811 5467 898 5519 διὰ
945 5465 1043 5535 τὴν
1070 5467 1126 5518 ὲν
1166 5466 1249 5516 σοὶ
1289 5464 1395 5517 τῶν
1423 5465 1643 5535 ἰερωτάν
1672 5484 1726 5518 ον
1754 5469 1846 5519 καὶ

296 5556 512 5610 σεπτῶν
541 5556 709 5622 ἁγίων
735 5557 955 5610 εἰκόνων
978 5556 1368 5623 ἀναστήλωσιν.

369 5645 586 5715 Πρέπον
634 5646 742 5715 γάρ
799 5663 880 5698 σοι
909 5632 982 5709 ώς
1029 5645 1104 5714 τῷ
1136 5645 1342 5715 βασιλεῖ
1375 5643 1477 5696 τῶν
1500 5643 1710 5697 αἰώνων
1733 5647 1846 5716 Υἰῷ

299 5739 396 5789 καὶ
426 5735 582 5804 Λόγῳ
609 5736 699 5788 τοῦ
729 5736 864 5790 Θεοῦ
893 5736 1280 5807 νυμφευθείσῃ,
1309 5736 1409 5806 τὴν
1451 5736 1551 5804 τῆς
1580 5737 1844 5806 ἐνσάρκου

301 5825 472 5882 αὐτοῦ
499 5829 801 5899 οἰκονομίας
828 5829 1287 5899 ἀνθρωπόμορφον
1312 5829 1490 5882 εἰκόνα
1519 5828 1604 5881 διὰ
1630 5832 1844 5896 γραφῆς

1947 4683 2038 4726 tuo
2073 4681 2219 4726 sunt.
2252 4669 2372 4724 Non
2407 4671 2517 4740 jam
2560 4669 2775 4723 timebis
2814 4677 3155 4736 contemptus
3200 4668 3499 4729 hominum,

1944 4764 2297 4817 Hebraeorum
2344 4761 2546 4816 scilicet
2570 4760 2643 4814 ὀι
2675 4761 3069 4827 Agarenorum,
3104 4758 3198 4827 qui
3247 4758 3361 4810 sine
3392 4755 3501 4808 Deo

1944 4861 2009 4908 et
2033 4867 2188 4907 sacra
2221 4852 2528 4906 initiatione
2557 4852 2890 4914 consistunt,
2928 4850 3085 4918 quasi
3119 4849 3212 4903 tibi
3252 4864 3356 4922 non
3387 4841 3524 4901 rue?

1945 4942 2015 4996 rit
2043 4943 2311 5012 perfectio
2341 4942 2466 4995 lidei
2501 4941 2762 4994 doctrinis
2786 4939 3100 5008 apostolicis
3129 4940 3344 4992 tradita.
3379 4937 3496 4991 Jam

1944 5048 2050 5087 non
2097 5033 2166 5087 ab
2212 5033 2589 5087 hzereticorum
2625 5045 2720 5084 ore
2766 5030 3165 5091 criminabcris,
3207 5029 3362 5097 quasi
3410 5044 3496 5081 re-

1945 5127 2178 5180 cesseris
2211 5123 2280 5177 ab
2315 5139 2424 5199 uno
2463 5123 2571 5177 Deo
2603 5131 2820 5190 propter
2850 5121 3293 5174 decentissimum
3327 5121 3499 5172 hono-

1947 5232 2059 5269 rem
2101 5230 2230 5285 erga
2263 5215 2436 5283 ipsius
2464 5217 2668 5268 amicos
2697 5213 3008 5266 cxhibitum.
3051 5210 3168 5265 Jam
3199 5227 3303 5264 non
3339 5229 3497 5279 I‘t‘ptt-

1949 5308 2152 5362 laberis
2190 5306 2458 5368 idolorum
2503 5307 2699 5359 similis
2736 5306 2949 5372 templis
2985 5313 3201 5372 propter
3237 5305 3496 5360 sacratis-

1947 5398 2208 5451 simarum
2241 5398 2296 5450 in
2333 5405 2383 5450 te
2415 5397 2710 5467 imaginum
2742 5395 3072 5448 eiectionem
3097 5392 3364 5445 eﬂ‘cctam.

2018 5648 2180 5701 Decet
2209 5649 2352 5701 enim
2388 5657 2438 5701 te
2467 5657 2719 5714 tanquam
2769 5646 2875 5711 regi
2913 5642 3232 5697 sa'culnruni
3262 5637 3400 5690 Filio
3438 5647 3490 5690 et

1949 5740 2123 5792 Verbo
2159 5737 2252 5790 Dei
2295 5748 2539 5805 nuptam,
2577 5739 2627 5790 in
2670 5752 2829 5791 carne
2861 5734 3032 5805 ipsius
3071 5728 3491 5798 dispensationis

1949 5829 2238 5882 humanam
2297 5827 2526 5882 formam
2584 5826 2869 5882 habentem
2956 5817 3485 5889 antliropomorphon
