4032 6334
595 439 727 508 1331

1263 443 1649 506 EPl-PHANII
1687 447 2144 507 CATANENSIS
2183 447 2492 526 DIACONI
2528 451 2748 512 SERM.
2791 453 3087 513 LAUDAT

3664 450 3790 518 1332

598 555 884 622 imaginem
928 569 1021 622 per
1059 555 1324 624 picturam
1364 556 1523 622 ferre,
1570 567 1628 611 ut
1661 560 1964 614 innotesCat
1993 561 2134 628 quod

2243 564 2447 633 φέρειν,
2497 565 2582 617 ἵνα
2625 567 2864 636 γνωρίζῃ
2913 563 3163 634 βασιλικὴ
3216 562 3540 635 ὑπάρχουσα
3581 566 3781 634 νύμφη.

592 661 737 713 regia
773 660 967 713 sponsa
999 645 1100 700 sis.
1138 644 1302 701 Decet
1333 649 1480 728 enim
1511 647 1603 709 Dei
1630 650 1906 716 genitricis
1936 649 2128 705 Matris

591 733 790 789 Christi
840 739 932 803 qui
974 745 1026 790 te
1059 736 1431 806 desponsavit,
1478 739 1764 809 imaginem
1810 743 1915 797 tuis
1951 757 2134 796 sacra-

477 823 481 826 ’
592 825 816 879 tissimis
865 826 1160 908 parietibus
1207 825 1413 884 factam.
1444 829 1498 884 in
1543 829 1750 905 pictura
1790 840 1839 884 et
1889 831 2128 886 musivo-

590 929 708 966 rum
743 929 903 981 opere
947 915 1090 970 ferre
1121 913 1198 985 [in
1242 917 1448 986 pictura
1498 915 1634 970 facta
1685 917 1748 972 ex
1797 919 2126 983 rnusivorum

497 1027 507 1038 π
590 1002 778 1073 opere]
809 1021 833 1066 εκ
855 1013 1124 1072 quatenus
1153 1005 1325 1074 gratia
1355 1023 1474 1076 quae
1499 1007 1596 1069 tibi
1632 1022 1724 1076 per
1757 1007 1896 1063 banc
1927 1008 2126 1070 illuxit,

593 1094 754 1146 tacita
795 1093 1180 1162 praedicatione
1234 1097 1595 1152 communiter
1646 1099 1856 1152 cunctis
1900 1098 2130 1167 .populis

591 1183 935 1249 praedicetur.
971 1183 1082 1238 Nisi
1125 1185 1269 1238 enim
1301 1200 1362 1244 ex
1408 1187 1506 1240 hac
1549 1187 1941 1254 incarnaretur,
1991 1203 2128 1256 quo-

593 1273 753 1325 modo
805 1280 911 1326 tam
961 1274 1206 1341 specioso
1265 1289 1464 1342 sponso
1521 1284 1575 1333 tu
1645 1276 1871 1345 spiritali
1940 1277 2130 1346 copula

590 1358 943 1428 jungereris‘l
981 1364 1143 1418 Decet
1192 1367 1332 1418 enim
1366 1378 1419 1428 te
1438 1373 1492 1420 et
1538 1364 1793 1421 omnium
1819 1377 2131 1421 sanctorum

595 1452 986 1516 apostolorum,
1030 1461 1086 1507 et
1130 1455 1534 1522 prepbctarum,
1593 1455 1992 1522 confessor-um,
2038 1471 2132 1524 pa-

596 1539 990 1605 triarcharum,
1037 1553 1092 1596 et
1140 1550 1447 1600 sanctorum
1496 1541 1740 1609 Patrum,
1785 1542 2130 1615 [ascetarum,

592 1629 889 1685 solitariam
925 1631 1092 1688 {vitam
1127 1632 1460 1703 degentium]
1498 1636 1858 1689 studiosorum
1911 1635 1984 1705 [in
2011 1636 2133 1690 cod.

591 1719 696 1791 .lol.
728 1722 779 1775 id
819 1731 900 1776 est
933 1723 1297 1786 confessornm
1322 1723 1348 1795 1
1376 1713 1589 1794 qquue
1629 1740 1691 1779 ac
1724 1734 2040 1795 martyrum,
2084 1734 2137 1779 et

595 1811 761 1866 totius
807 1813 878 1881 pii
926 1813 1136 1882 collegii
1189 1813 1452 1873 formatas
1500 1816 1766 1886 imagines
1810 1817 2036 1872 interius
2083 1817 2135 1870 in

2238 657 2440 725 Πρέπει
2472 672 2551 710 σοι
2585 656 2683 724 τῆς
2715 655 2809 708 τοῦ
2832 656 3286 724 νυμφευσαμένου
3309 670 3367 707 σε
3394 653 3635 724 Χριστοῦ
3661 655 3785 706 Θεο-

2239 746 2474 816 μήτορος
2531 746 2626 798 καὶ
2676 744 3060 814 ’Δειπαρθένου
3130 743 3348 812 Μητρὸς
3389 743 3786 812 ὲμμουσούργῳ

2236 837 2418 909 γραφῇ
2477 834 2573 904 τὴν
2611 833 2792 886 εἰκόνα
2839 827 2958 894 ’σοῖς
3012 833 3288 901 πανιέροις
3335 833 3540 902 τοίχοις
3564 833 3782 901 φέρειν·

2237 926 2311 988 ὡς
2335 917 2400 978 ἂν
2425 926 2457 995 ἡ
2484 924 2570 977 διὰ
2599 910 2802 993 ταῦτης
2845 940 2927 975 σοι
2956 922 3335 1003 ,ἀναλάμψασα
3364 923 3534 992 ’χάρις
3564 922 3782 989 σιγῶντι

2184 1057 2189 1063 ,
2237 1013 2548 1085 κηρύγματι
2571 1013 2761 1075 κοινῶς
2785 1015 2895 1074 τοῖς
2917 1012 3063 1074 λαοῖς
3081 1012 3449 1080 διαγγέληται.
3488 1012 3550 1063 Ei
3579 1012 3652 1080 μὴ
3674 1012 3781 1079 γὰρ

2236 1107 2300 1158 ἐκ
2345 1105 2544 1175 ταύτης
2579 1103 2910 1174 σεσάρκωτο,
2947 1101 3062 1163 πῶς
3113 1102 3175 1154 σὺ
3224 1100 3308 1170 τῷ-
3342 1101 3569 1169 τοιούτῳ
3597 1099 3782 1169 ὡραίῳ

2237 1197 2451 1266 νυμφίῳ
2500 1198 2558 1248 έν
2615 1196 2986 1273 πνευματικῇ⁸
3018 1191 3279 1267 συναφείςι
3326 1190 3778 1260 προσεπέλᾳσαςς

2237 1286 2446 1356 Πρέπει
2482 1300 2564 1338 σοι
2599 1285 2692 1336 καὶ
2733 1283 2837 1336 τῶν
2891 1281 3112 1334 πάντων
3173 1281 3341 1346 ἁγίων
3383 1278 3694 1332 ἀποστόλων
3719 1295 3780 1329 τε

2237 1378 2328 1428 καί
2390 1372 2682 1443 προφητῶν
2707 1410 2722 1432 ,
2760 1368 3136 1440 πατριαρχῶν,
3187 1368 3278 1418 καὶ
3307 1367 3466 1426 όσίων
3499 1366 3775 1434 Πατέρων,

2237 1461 2490 1532 ἀσκητῶν
2533 1478 2593 1512 τε
2643 1460 2958 1530 μαρτύρων,
2999 1459 3090 1510 καὶ
3125 1457 3320 1519 παντὸς
3365 1455 3621 1518 εὐσεδοῦς
3650 1456 3776 1509 συλ-

2238 1551 2395 1618 λόγου
2417 1549 2514 1611 τὰς
2546 1547 2758 1608 είκόνας
2790 1545 2934 1598 ἔνδον
2958 1547 3074 1607 ταῖς
3102 1546 3398 1612 γραφικοῖς
3417 1547 3777 1606 κατασκευαῖς

2242 1637 2640 1706 ὲντυπουμένας
2693 1634 2875 1704 φέρειν
2899 1673 2914 1696 ,
2947 1633 3021 1696 ὼς
3053 1633 3118 1690 ἄν
3154 1649 3234 1684 σοι
3266 1632 3326 1684 τὸ
3361 1633 3565 1686 τέλειον
3596 1633 3692 1701 τῆς
3717 1634 3778 1697 ἐξ

2241 1726 2409 1794 ὕψους
2466 1743 2522 1778 σε
2577 1721 2991 1795 περιλαμψάσης
3043 1722 3325 1790 ἀνατολῆς,
3360 1722 3509 1793 πάσῃ
3539 1725 3605 1790 τῇ
3655 1722 3777 1789 θείᾳ

2239 1817 2565 1870 καταστάσει
2602 1816 2755 1885 μένῃ.
2787 1814 2907 1866 Τῶν
2935 1814 3034 1882 μὲν
3060 1815 3157 1883 τὴν
3176 1813 3296 1883 σὴν,
3324 1801 3509 1882 ῶσπερ
3538 1828 3775 1881 προανα-

593 1902 933 1970 picturarum
991 1903 1421 1964 confectionibus
1463 1881 1656 1964 ferrei:
1697 1917 1966 1975 quatenus
2016 1908 2133 1975 ipsa

2237 1909 2554 1977 φωνούντων
2587 1881 2734 1976 ιέράὗ
2785 1881 3144 1976 πρόσκλησινν,
3175 1881 3396 1965 καὶτοῖς
3422 1881 3514 1954 τοῦ
3543 1904 3778 1972 νυμφίου

593 1990 981 2060 perfectionem
1009 1994 1234 2048 orientis
1271 1994 1361 2063 qui
1408 2002 1457 2054 te
1497 1995 1564 2048 ab
1595 1995 1704 2052 alto
1746 1993 2131 2060 cireumfulsit,

597 2081 747 2135 omni
799 2082 1006 2138 visione
1051 2092 1309 2144 ostentes.
1364 2083 1495 2137 Aliis
1543 2084 1756 2152 quidem
1800 2093 1947 2138 tuam
2001 2099 2137 2154 quo.-

597 2172 885 2227 dammodo
935 2174 1422 2242 praenuntiantibus
1479 2175 1846 2240 vocationem,
1901 2183 1956 2228 et
2006 2189 2136 2243 pro-

599 2263 978 2333 phetiis.suis
1042 2279 1239 2332 sponso
1309 2264 1466 2332 quasi
1533 2264 1854 2332 quibusdam
1923 2264 2138 2317 dotibus

601 2360 758 2404 antea
790 2351 1263 2419 desponsantibus.
1308 2351 1604 2416 Aliistvero
1637 2352 2003 2421 evangelicum
2043 2352 2134 2406 tibi

601 2440 1044 2499 ministrantibus
1084 2443 1327 2508 verbum,
1373 2451 1426 2497 et
1455 2456 1549 2511 per
1591 2443 1896 2500 universam
1940 2455 2135 2499 terram

602 2531 844 2598 dispersa
881 2531 1224 2598 rationabilia
1261 2531 1357 2585 tibi
1384 2531 1545 2588 ovilia
1574 2533 1973 2601 colligentibus.
2008 2535 2137 2587 Aliis

567 2662 577 2674 .
603 2632 783 2676 autem
813 2623 926 2676 suis
953 2624 1109 2691 quasi
1139 2623 1429 2686 sudoribus
1452 2638 1547 2692 per
1570 2623 1813 2692 eamdem
1839 2625 1895 2684 in,
1916 2625 2138 2693 dogma-

602 2712 750 2782 tibus
776 2712 1111 2781 diligentiam
1152 2713 1705 2782 incorruptibilitatem
1751 2715 2000 2784 gregibus
2035 2716 2152 2770 tuis-

608 2803 1001 2864 mercantibus.
1035 2802 1208 2874 Porro
1249 2803 1370 2857 aliis
1401 2801 1753 2870 sanguinibu‘s
1785 2805 1898 2859 suis
1925 2819 2046 2873 erga
2092 2815 2142 2858 te

609 2894 879 2950 sinceram
942 2893 1277 2947 aﬂectionem
1337 2894 1498 2946 etiam
1559 2909 1731 2962 usque
1795 2894 1859 2947 ad
1917 2903 2142 2948 mortem

609 2981 1083 3043 conservantibus,
1137 2991 1189 3035 et
1236 2980 1338 3043 hoc
1379 2981 1538 3035 modo
1577 2980 1953 3036 ccrtitudinem
1997 2983 2051 3036 in
2095 2991 2148 3037 te

608 3072 855 3126 veritatis
884 3072 1398 3140 demonstrantibus.
1433 3070 1643 3135 Quibus
1681 3087 1800 3125 cum
1832 3073 1986 3128 denis
2013 3075 2147 3143 mil-

2237 2017 2296 2053 σε
2329 1996 2886 2070 προμνηστευομένων
2917 1993 3208 2064 προικιίωις
3230 1995 3346 2057 ταῖς
3381 1991 3739 2062 προφητείαις
3763 2006 3776 2020 ⁸

2234 2091 2340 2143 τῶν
2365 2089 2421 2140 δὲ
2445 2071 2526 2156 ’τῷ
2556 2085 2896 2154 εὐαγγελικῷ
2929 2101 3011 2136 σοι
3043 2082 3452 2137 “διακονούντων
3493 2082 3655 2152 λόγῳ,
3686 2084 3780 2135 καὶ

2235 2182 2304 2233 τὰ
2350 2178 2622 2248 πανταχοῦ
2649 2178 2752 2245 γῆς
2786 2176 3189 2244 ὲσκορπισμένα
3236 2191 3316 2228 σοι
3345 2175 3780 2242 ὲπισυναγὸντων

2237 2271 2431 2339 λογικὰ
2457 2269 2679 2337 ποίμνια
2707 2283 2722 2297 '
2757 2267 2864 2327 τῶν
2884 2265 2942 2318 δὲ
2974 2269 3086 2328 τοῖς
3122 2266 3272 2328 ἰδίοις
3292 2306 3307 2329 ,
3343 2265 3530 2334 ὥσπερ
3573 2265 3782 2334 ἱδρῶσι,

2235 2361 2323 2416 διὰ
2342 2361 2439 2429 τῆς
2457 2363 2512 2412 ὲν
2534 2358 2762 2426 δόγμασι
2777 2354 3172 2425 ταυτομολόγου
3192 2354 3494 2423 συμπνοίας
3510 2354 3570 2406 τὸ
3598 2354 3784 2426 ἀδιάρ-

2240 2455 2439 2522 ῥηκτον
2466 2452 2571 2512 τοῖς
2603 2449 2712 2508 σοῖς
2755 2446 3026 2514 ποιμνίοις
3065 2444 3603 2514 πραγματευομένων
3625 2463 3639 2475 ·
3674 2445 3784 2498 τῶν

2239 2542 2293 2593 δὲ
2324 2543 2433 2601 τοῖς
2463 2536 2668 2592 ἑαυτῶν
2700 2537 2891 2604 αἵμασι
2924 2535 2983 2586 τὸ
3003 2534 3135 2604 πρὸς
3171 2534 3231 2586 σὲ
3255 2537 3469 2602 γνήσιον
3490 2535 3584 2587 καὶ
3619 2533 3784 2604 μέχρι

2241 2632 2468 2685 θανάτου
2525 2625 2981 2695 διαφυλαξάντων,
3013 2624 3102 2676 καὶ
3156 2624 3325 2691 ταύτῃ
3351 2623 3411 2674 τὸ
3446 2623 3661 2695 ξυὲὗαλιον
3684 2623 3786 2691 τῆς

2242 2727 2298 2776 ὲν
2326 2724 2407 2774 σοὶ
2462 2705 2916 2785 ἐπιδεικνυμένων
2966 2711 3222 2783 ἀληθείας
3247 2729 3262 2744 °
3292 2707 3372 2774 οἷς
3401 2713 3786 2781 σὺν-μυριάσιν

2243 2804 2583 2873 ἐπουρανίων
2625 2801 2867 2868 ἀγγέλων
2930 2799 3338 2869 στεφανηφόρος
3385 2799 3784 2868 πομπεύουσα,

2246 2896 2531 2965 ἐξάγγελλε
2554 2893 2650 2955 τὰς
2679 2891 2873 2963 ἀρετὰς
2905 2889 2996 2943 τοῦ
3028 2892 3092 2944 ὲκ
3124 2892 3345 2954 σκότους
3375 2908 3434 2944 σε
3460 2892 3558 2958 τῆς
3573 2892 3789 2944 εἰδωλο-

2243 2988 2438 3057 λάτρου
2473 2985 2679 3053 πλάνης
2716 2981 3041 3043 καλέσαντος
3084 2982 3160 3042 είς
3189 2979 3250 3033 τὸ
3284 2979 3592 3054 θαυμαστὸν
3621 2978 3785 3033 αὐτοῦ

2248 3079 2398 3149 φῶς·
2433 3077 2574 3144 λέγω
2617 3075 2680 3143 δὴ
2710 3073 2922 3142 τὴνεις
2971 3071 3131 3125 αὐτόν
3171 3085 3232 3121 τε
3275 3069 3367 3122 καὶ
3416 3069 3508 3120 τὸν
3552 3069 3792 3139 ἄναρχον

612 3165 756 3219 libus
800 3164 1098 3233 crelestium
1156 3163 1471 3231 angelorum
1522 3176 1779 3216 coronam
1830 3162 2031 3230 ferens,
2095 3176 2136 3226 et

2249 3167 2412 3225 αὐτοῦ
2443 3165 2677 3234 Πατέρα,
2701 3164 2795 3216 καὶ
2823 3161 2884 3213 τὸ
2909 3160 3167 3219 σοναῖδιον
3198 3159 3290 3212 καὶ
3317 3158 3600 3227 ὁμοοὺσιον
3624 3158 3790 3212 αὑτοῦ

615 3255 948 3323 amplissime
996 3253 1315 3321 praedicans,
1360 3251 1580 3314 enuntia
1629 3252 1856 3306 virtutes
1889 3255 2007 3322 ejus
2054 3259 2136 3324 qui

2255 3256 2475 3325 Πνεῦμα
2499 3271 2513 3284 ·
2537 3252 2636 3322 τὴν
2671 3251 2797 3320 μίαν
2821 3249 3189 3319 ὐπεραρχικὴν
3240 3248 3423 3315 φύσιν,
3463 3250 3670 3310 πίστιν,
3698 3250 3796 3319 καὶ

599 3346 681 3399 ‘de
727 3344 964 3398 tenebris
994 3353 1044 3398 te
1069 3342 1389 3406 idololatrici
1417 3342 1618 3397 erroris
1648 3344 1855 3396 vocavit
1883 3344 1936 3397 in
1966 3345 2151 3401 admi-

617 3435 788 3489 rabile
836 3435 1014 3488 lumen
1059 3448 1238 3498 suum,
1289 3431 1341 3486 id
1377 3440 1482 3497 est,
1530 3432 1585 3484 in
1614 3446 1671 3486 se
1703 3447 1766 3486 ac
1809 3431 2019 3488 Patrem
2059 3437 2150 3505 qui

2251 3345 2559 3416 ὁμολογίαν,
2592 3337 2636 3411 ᾧ
2665 3343 2699 3409 ἠ
2718 3341 2843 3406 δόξα
2873 3341 2966 3393 καὶ
2989 3340 3049 3392 τὺ
3075 3340 3274 3408 κράτος
3301 3339 3395 3392 νῦν
3420 3340 3513 3392 καὶ
3551 3342 3630 3406 είς
3666 3339 3800 3402 τοὺς

2255 3437 2570 3504 σύμπαντας
2607 3431 2804 3492 αίῶνας
2840 3430 2946 3482 τῶν
2983 3427 3213 3482 αἰώνων.
3248 3429 3440 3497 Ἀμήν.

621 3524 740 3580 sine
801 3524 955 3577 initio
992 3533 1093 3586 est,
1145 3531 1303 3590 atque
1352 3521 1404 3574 in
1468 3522 1959 3588 consempiternum
2008 3535 2061 3579 et
2118 3523 2627 3584 consubstantialem
2675 3519 2935 3589 Spiritum
2986 3533 3183 3583 suum,
3235 3518 3290 3571 in
3353 3531 3516 3571 unam
3591 3517 3804 3571 scilicet

622 3623 742 3680 quae
778 3618 858 3662 est
895 3624 1057 3677 super
1094 3623 1304 3662 omnem
1348 3608 1723 3678 principatum,
1776 3619 2044 3682 naturam,
2093 3616 2248 3672 ﬁdem
2281 3626 2332 3669 et
2361 3610 2774 3669 confessionem.
2806 3605 2906 3662 Cui
2934 3605 3102 3676 gloria
3131 3615 3182 3660 et
3226 3604 3512 3673 imperium
3560 3613 3710 3660 nunc
3746 3614 3807 3661 et

627 3705 680 3757 in
717 3701 964 3759 universa
994 3701 1190 3775 saecula
1220 3701 1558 3775 stimulorum.
1590 3700 1784 3782 Arnen.
