  <div class='ocr_page' id='page_1' title='image "/cluster/home/n/w/nwhite01/storage/ocr_20150623/98/pst.000005714056/702.png"; bbox 0 0 4032 6334; ppageno 0'>
   <div class='ocr_carea' id='block_1_1' title="bbox 183 447 301 514">
    <p class='ocr_par' dir='ltr' id='par_1_1' title="bbox 183 447 301 514">
     <span class='ocr_line' id='line_1_1' title="bbox 183 447 301 514; baseline -0.034 -1"><span class='ocrx_word' id='word_1_1' title='bbox 183 447 301 514; x_wconf 73' lang='grc'><strong>1337</strong></span> 
     </span>
    </p>
   </div>
   <div class='ocr_carea' id='block_1_2' title="bbox 1080 449 2317 523">
    <p class='ocr_par' dir='ltr' id='par_1_2' title="bbox 1080 449 2317 523">
     <span class='ocr_line' id='line_1_2' title="bbox 1080 449 2317 523; baseline 0.002 -13"><span class='ocrx_word' id='word_1_2' title='bbox 1080 518 1085 523; x_wconf 35' lang='grc' dir='ltr'><strong>η</strong></span> <span class='ocrx_word' id='word_1_3' title='bbox 1144 454 1149 459; x_wconf 84' lang='grc'><strong>’</strong></span> <span class='ocrx_word' id='word_1_4' title='bbox 1186 450 1283 510; x_wconf 87' lang='lat' dir='ltr'><strong>DE</strong></span> <span class='ocrx_word' id='word_1_5' title='bbox 1313 449 1547 511; x_wconf 60' lang='lat' dir='ltr'><strong>DlV‘lN.</strong></span> <span class='ocrx_word' id='word_1_6' title='bbox 1584 450 1865 511; x_wconf 76' lang='lat' dir='ltr'><strong>SCRIPT.</strong></span> <span class='ocrx_word' id='word_1_7' title='bbox 1896 450 2317 513; x_wconf 78' lang='lat' dir='ltr'><strong>UTlLlTATE.</strong></span> 
     </span>
    </p>
   </div>
   <div class='ocr_carea' id='block_1_3' title="bbox 3206 424 3397 513">
    <p class='ocr_par' dir='ltr' id='par_1_3' title="bbox 3206 424 3397 513">
     <span class='ocr_line' id='line_1_3' title="bbox 3206 424 3397 513; baseline 0.021 -4"><span class='ocrx_word' id='word_1_8' title='bbox 3206 446 3337 513; x_wconf 80' lang='lat'><strong>1338</strong></span> <span class='ocrx_word' id='word_1_9' title='bbox 3394 424 3397 427; x_wconf 68' lang='grc'>’</span> 
     </span>
    </p>
   </div>
   <div class='ocr_carea' id='block_1_4' title="bbox 181 555 1714 630">
    <p class='ocr_par' dir='ltr' id='par_1_4' title="bbox 181 555 1701 629">
     <span class='ocr_line' id='line_1_4' title="bbox 181 555 1701 629; baseline 0 -20"><span class='ocrx_word' id='word_1_10' title='bbox 181 555 501 625; x_wconf 76' lang='grc' dir='ltr'><strong>φθονοῦμεν·</strong></span> <span class='ocrx_word' id='word_1_11' title='bbox 556 555 882 625; x_wconf 79' lang='grc' dir='ltr'><strong>παρορῶμεν</strong></span> <span class='ocrx_word' id='word_1_12' title='bbox 941 556 999 609; x_wconf 75' lang='grc' dir='ltr'><strong>ἐν</strong></span> <span class='ocrx_word' id='word_1_13' title='bbox 1052 556 1227 626; x_wconf 74' lang='grc' dir='ltr'><strong>θλίψει</strong></span> <span class='ocrx_word' id='word_1_14' title='bbox 1282 560 1375 611; x_wconf 79' lang='grc' dir='ltr'><strong>καὶ</strong></span> <span class='ocrx_word' id='word_1_15' title='bbox 1424 558 1701 629; x_wconf 78' lang='grc' dir='ltr'><strong>ἀσθενείᾳο</strong></span> 
     </span>
    </p>
   </div>
   <div class='ocr_carea' id='block_1_5' title="bbox 1812 555 3341 630">
    <p class='ocr_par' dir='ltr' id='par_1_5' title="bbox 1812 557 3341 630">
     <span class='ocr_line' id='line_1_5' title="bbox 1812 557 3341 630; baseline 0.002 -20"><span class='ocrx_word' id='word_1_16' title='bbox 1812 557 1987 613; x_wconf 84' lang='lat' dir='ltr'><strong>[irmos</strong></span> <span class='ocrx_word' id='word_1_17' title='bbox 2017 561 2394 630; x_wconf 88' lang='lat' dir='ltr'><strong>despicientes,</strong></span> <span class='ocrx_word' id='word_1_18' title='bbox 2426 561 2478 615; x_wconf 90' lang='lat' dir='ltr'><strong>in</strong></span> <span class='ocrx_word' id='word_1_19' title='bbox 2507 560 2762 628; x_wconf 80' lang='lat' dir='ltr'><strong>operibus</strong></span> <span class='ocrx_word' id='word_1_20' title='bbox 2796 560 3134 614; x_wconf 83' lang='lat' dir='ltr'><strong>altercantes.</strong></span> <span class='ocrx_word' id='word_1_21' title='bbox 3164 559 3341 624; x_wconf 83' lang='lat' dir='ltr'><strong>Quare</strong></span> 
     </span>
    </p>
   </div>
   <div class='ocr_carea' id='block_1_6' title="bbox 181 638 1707 716">
    <p class='ocr_par' dir='ltr' id='par_1_6' title="bbox 181 638 1707 716">
     <span class='ocr_line' id='line_1_6' title="bbox 181 638 1707 716; baseline 0.002 -18"><span class='ocrx_word' id='word_1_22' title='bbox 181 645 543 715; x_wconf 80' lang='grc' dir='ltr'><strong>φιλονικοῦμεν</strong></span> <span class='ocrx_word' id='word_1_23' title='bbox 572 648 630 698; x_wconf 80' lang='grc' dir='ltr'><strong>ὲν</strong></span> <span class='ocrx_word' id='word_1_24' title='bbox 657 649 765 708; x_wconf 88' lang='grc' dir='ltr'>τοῖς</span> <span class='ocrx_word' id='word_1_25' title='bbox 787 638 986 716; x_wconf 71' lang='grc' dir='ltr'><strong>ἔργοις.</strong></span> <span class='ocrx_word' id='word_1_26' title='bbox 1012 646 1134 710; x_wconf 86' lang='grc' dir='ltr'><strong>Πῶς</strong></span> <span class='ocrx_word' id='word_1_27' title='bbox 1158 642 1442 701; x_wconf 81' lang='grc' dir='ltr'><strong>οὗν-ταῦτα</strong></span> <span class='ocrx_word' id='word_1_28' title='bbox 1468 666 1707 702; x_wconf 87' lang='grc' dir='ltr'><strong>κοινωνι-</strong></span> 
     </span>
    </p>
   </div>
   <div class='ocr_carea' id='block_1_7' title="bbox 180 734 1707 807">
    <p class='ocr_par' dir='ltr' id='par_1_7' title="bbox 180 734 1707 807">
     <span class='ocr_line' id='line_1_7' title="bbox 180 734 1707 807; baseline 0.003 -19"><span class='ocrx_word' id='word_1_29' title='bbox 180 734 266 789; x_wconf 81' lang='grc' dir='ltr'><strong>κοῦ</strong></span> <span class='ocrx_word' id='word_1_30' title='bbox 297 734 445 807; x_wconf 74' lang='grc' dir='ltr'>βίους</span> <span class='ocrx_word' id='word_1_31' title='bbox 493 735 613 789; x_wconf 74' lang='grc' dir='ltr'><strong>οὐδὲ</strong></span> <span class='ocrx_word' id='word_1_32' title='bbox 646 736 751 804; x_wconf 71' lang='grc' dir='ltr'><strong>γάρ</strong></span> <span class='ocrx_word' id='word_1_33' title='bbox 796 735 957 805; x_wconf 73' lang='grc' dir='ltr'><strong>σῶμα</strong></span> <span class='ocrx_word' id='word_1_34' title='bbox 1003 737 1275 802; x_wconf 76' lang='grc' dir='ltr'><strong>στασιάζει</strong></span> <span class='ocrx_word' id='word_1_35' title='bbox 1310 739 1430 791; x_wconf 84' lang='grc' dir='ltr'><strong>καθ’</strong></span> <span class='ocrx_word' id='word_1_36' title='bbox 1455 739 1612 792; x_wconf 84' lang='grc' dir='ltr'><strong>αὑτό·</strong></span> <span class='ocrx_word' id='word_1_37' title='bbox 1648 740 1707 791; x_wconf 84' lang='grc' dir='ltr'>οὐ</span> 
     </span>
    </p>
   </div>
   <div class='ocr_carea' id='block_1_8' title="bbox 176 826 1707 897">
    <p class='ocr_par' dir='ltr' id='par_1_8' title="bbox 176 826 1707 897">
     <span class='ocr_line' id='line_1_8' title="bbox 176 826 1707 897; baseline 0.003 -20"><span class='ocrx_word' id='word_1_38' title='bbox 176 827 311 893; x_wconf 79' lang='grc' dir='ltr'><strong>λέγει</strong></span> <span class='ocrx_word' id='word_1_39' title='bbox 351 826 381 878; x_wconf 99' lang='lat'><strong>6</strong></span> <span class='ocrx_word' id='word_1_40' title='bbox 422 826 661 895; x_wconf 81' lang='grc' dir='ltr'><strong>ἀντίχειρ</strong></span> <span class='ocrx_word' id='word_1_41' title='bbox 690 826 945 889; x_wconf 84' lang='grc' dir='ltr'><strong>δάκτυλος</strong></span> <span class='ocrx_word' id='word_1_42' title='bbox 983 826 1060 897; x_wconf 86' lang='grc' dir='ltr'><strong>τῷ</strong></span> <span class='ocrx_word' id='word_1_43' title='bbox 1088 828 1330 882; x_wconf 76' lang='grc' dir='ltr'><strong>ἐλάσσονι</strong></span> <span class='ocrx_word' id='word_1_44' title='bbox 1350 845 1364 859; x_wconf 80' lang='grc'><strong>“</strong></span> <span class='ocrx_word' id='word_1_45' title='bbox 1398 829 1581 881; x_wconf 86' lang='grc' dir='ltr'><strong>Πλείὁν</strong></span> <span class='ocrx_word' id='word_1_46' title='bbox 1615 847 1707 882; x_wconf 89' lang='grc' dir='ltr'><strong>σου</strong></span> 
     </span>
    </p>
   </div>
   <div class='ocr_carea' id='block_1_9' title="bbox 180 915 1709 989">
    <p class='ocr_par' dir='ltr' id='par_1_9' title="bbox 180 915 1709 989">
     <span class='ocr_line' id='line_1_9' title="bbox 180 915 1709 989; baseline 0 -19"><span class='ocrx_word' id='word_1_47' title='bbox 180 915 341 970; x_wconf 82' lang='grc' dir='ltr'><strong>κοπιῶ</strong></span> <span class='ocrx_word' id='word_1_48' title='bbox 363 933 377 947; x_wconf 87' lang='grc'><strong>·</strong></span> <span class='ocrx_word' id='word_1_49' title='bbox 406 918 525 969; x_wconf 79' lang='grc' dir='ltr'><strong>οὐδὲ</strong></span> <span class='ocrx_word' id='word_1_50' title='bbox 552 916 612 969; x_wconf 77' lang='grc' dir='ltr'><strong>τὸ</strong></span> <span class='ocrx_word' id='word_1_51' title='bbox 638 916 786 984; x_wconf 81' lang='grc' dir='ltr'><strong>ὑγιὲς</strong></span> <span class='ocrx_word' id='word_1_52' title='bbox 813 918 970 986; x_wconf 82' lang='grc' dir='ltr'><strong>μέλος</strong></span> <span class='ocrx_word' id='word_1_53' title='bbox 1004 920 1153 985; x_wconf 86' lang='grc' dir='ltr'><strong>μισεί</strong></span> <span class='ocrx_word' id='word_1_54' title='bbox 1190 918 1285 971; x_wconf 74' lang='grc' dir='ltr'><strong>καὶ</strong></span> <span class='ocrx_word' id='word_1_55' title='bbox 1316 920 1709 989; x_wconf 79' lang='grc' dir='ltr'><strong>ἀποστρέφεται</strong></span> 
     </span>
    </p>
   </div>
   <div class='ocr_carea' id='block_1_10' title="bbox 180 1002 1708 1078">
    <p class='ocr_par' dir='ltr' id='par_1_10' title="bbox 180 1002 1708 1078">
     <span class='ocr_line' id='line_1_10' title="bbox 180 1002 1708 1078; baseline 0.002 -21"><span class='ocrx_word' id='word_1_56' title='bbox 180 1005 231 1057; x_wconf 83' lang='grc' dir='ltr'><strong>τὸ</strong></span> <span class='ocrx_word' id='word_1_57' title='bbox 257 1002 491 1067; x_wconf 81' lang='grc' dir='ltr'><strong>ἀσθενὲς,</strong></span> <span class='ocrx_word' id='word_1_58' title='bbox 516 1004 649 1057; x_wconf 78' lang='grc' dir='ltr'><strong>ἀλλὰ</strong></span> <span class='ocrx_word' id='word_1_59' title='bbox 679 1004 875 1074; x_wconf 84' lang='grc' dir='ltr'><strong>μᾶλλον</strong></span> <span class='ocrx_word' id='word_1_60' title='bbox 907 1004 1195 1073; x_wconf 79' lang='grc' dir='ltr'><strong>θεραπεύει</strong></span> <span class='ocrx_word' id='word_1_61' title='bbox 1233 1008 1327 1058; x_wconf 75' lang='grc' dir='ltr'><strong>καὶ</strong></span> <span class='ocrx_word' id='word_1_62' title='bbox 1357 1007 1708 1078; x_wconf 81' lang='grc' dir='ltr'><strong>συναντιλαμ-</strong></span> 
     </span>
    </p>
   </div>
   <div class='ocr_carea' id='block_1_11' title="bbox 179 1094 1709 1164">
    <p class='ocr_par' dir='ltr' id='par_1_11' title="bbox 179 1094 1709 1164">
     <span class='ocr_line' id='line_1_11' title="bbox 179 1094 1709 1164; baseline 0.005 -20"><span class='ocrx_word' id='word_1_63' title='bbox 179 1094 417 1146; x_wconf 74' lang='grc' dir='ltr'><strong>ϐάνεται·</strong></span> <span class='ocrx_word' id='word_1_64' title='bbox 462 1094 594 1162; x_wconf 77' lang='grc' dir='ltr'><strong>φησὶ</strong></span> <span class='ocrx_word' id='word_1_65' title='bbox 637 1094 743 1162; x_wconf 81' lang='grc' dir='ltr'><strong>γὰρ</strong></span> <span class='ocrx_word' id='word_1_66' title='bbox 790 1094 923 1163; x_wconf 87' lang='grc' dir='ltr'>πρὸς</span> <span class='ocrx_word' id='word_1_67' title='bbox 960 1095 1257 1164; x_wconf 79' lang='grc' dir='ltr'><strong>Ῥωμαίους</strong></span> <span class='ocrx_word' id='word_1_68' title='bbox 1293 1097 1322 1148; x_wconf 89' lang='lat'><strong>6</strong></span> <span class='ocrx_word' id='word_1_69' title='bbox 1360 1097 1709 1162; x_wconf 82' lang='grc' dir='ltr'><strong>’Δπόστολος·</strong></span> 
     </span>
    </p>
   </div>
   <div class='ocr_carea' id='block_1_12' title="bbox 178 1178 1709 1256">
    <p class='ocr_par' dir='ltr' id='par_1_12' title="bbox 178 1178 1709 1256">
     <span class='ocr_line' id='line_1_12' title="bbox 178 1178 1709 1256; baseline 0.008 -29"><span class='ocrx_word' id='word_1_70' title='bbox 178 1178 701 1253; x_wconf 67' lang='grc' dir='ltr'><strong>«(1)Καθάπερὲνὲν“ι</strong></span> <span class='ocrx_word' id='word_1_71' title='bbox 719 1182 922 1253; x_wconf 79' lang='grc' dir='ltr'><strong>σώματι</strong></span> <span class='ocrx_word' id='word_1_72' title='bbox 951 1184 1085 1254; x_wconf 82' lang='grc' dir='ltr'><strong>μέλη</strong></span> <span class='ocrx_word' id='word_1_73' title='bbox 1116 1185 1283 1238; x_wconf 79' lang='grc' dir='ltr'><strong>πολλᾶ</strong></span> <span class='ocrx_word' id='word_1_74' title='bbox 1313 1186 1504 1256; x_wconf 80' lang='grc' dir='ltr'>ἔχομεν</span> <span class='ocrx_word' id='word_1_75' title='bbox 1523 1203 1535 1216; x_wconf 91' lang='grc'><strong>·</strong></span> <span class='ocrx_word' id='word_1_76' title='bbox 1559 1188 1626 1240; x_wconf 78' lang='grc' dir='ltr'><strong>τά</strong></span> <span class='ocrx_word' id='word_1_77' title='bbox 1656 1188 1709 1240; x_wconf 84' lang='grc' dir='ltr'><strong>δὲ</strong></span> 
     </span>
    </p>
   </div>
   <div class='ocr_carea' id='block_1_13' title="bbox 184 1267 1709 1345">
    <p class='ocr_par' dir='ltr' id='par_1_13' title="bbox 184 1267 1709 1345">
     <span class='ocr_line' id='line_1_13' title="bbox 184 1267 1709 1345; baseline 0.005 -24"><span class='ocrx_word' id='word_1_78' title='bbox 184 1267 306 1338; x_wconf 78' lang='grc' dir='ltr'><strong>μέλη</strong></span> <span class='ocrx_word' id='word_1_79' title='bbox 343 1271 517 1322; x_wconf 83' lang='grc' dir='ltr'><strong>πάντα</strong></span> <span class='ocrx_word' id='word_1_80' title='bbox 566 1272 624 1323; x_wconf 80' lang='grc' dir='ltr'>οὐ</span> <span class='ocrx_word' id='word_1_81' title='bbox 669 1275 766 1342; x_wconf 76' lang='grc' dir='ltr'><strong>τὴν</strong></span> <span class='ocrx_word' id='word_1_82' title='bbox 810 1272 976 1343; x_wconf 79' lang='grc' dir='ltr'><strong>αὐτὴν</strong></span> <span class='ocrx_word' id='word_1_83' title='bbox 1018 1273 1127 1344; x_wconf 73' lang='grc' dir='ltr'><strong>ἔχει</strong></span> <span class='ocrx_word' id='word_1_84' title='bbox 1172 1270 1396 1345; x_wconf 81' lang='grc' dir='ltr'><strong>πρᾶξιν,</strong></span> <span class='ocrx_word' id='word_1_85' title='bbox 1448 1275 1616 1338; x_wconf 74' lang='grc' dir='ltr'><strong>οὕτως</strong></span> <span class='ocrx_word' id='word_1_86' title='bbox 1661 1279 1709 1329; x_wconf 75' lang='grc' dir='ltr'><strong>οἱ</strong></span> 
     </span>
    </p>
   </div>
   <div class='ocr_carea' id='block_1_14' title="bbox 182 1358 1712 1434">
    <p class='ocr_par' dir='ltr' id='par_1_14' title="bbox 182 1358 1712 1434">
     <span class='ocr_line' id='line_1_14' title="bbox 182 1358 1712 1434; baseline 0.008 -27"><span class='ocrx_word' id='word_1_87' title='bbox 182 1358 356 1410; x_wconf 77' lang='grc' dir='ltr'><strong>πολλοὶ</strong></span> <span class='ocrx_word' id='word_1_88' title='bbox 383 1358 441 1410; x_wconf 82' lang='grc' dir='ltr'><strong>ἓν</strong></span> <span class='ocrx_word' id='word_1_89' title='bbox 465 1359 623 1429; x_wconf 86' lang='grc' dir='ltr'><strong>σῶμά</strong></span> <span class='ocrx_word' id='word_1_90' title='bbox 643 1361 810 1430; x_wconf 70' lang='grc' dir='ltr'><strong>ἐσμεν</strong></span> <span class='ocrx_word' id='word_1_91' title='bbox 838 1364 894 1413; x_wconf 85' lang='grc' dir='ltr'><strong>ὲν</strong></span> <span class='ocrx_word' id='word_1_92' title='bbox 920 1362 1139 1432; x_wconf 84' lang='grc' dir='ltr'><strong>Χριστῷ</strong></span> <span class='ocrx_word' id='word_1_93' title='bbox 1159 1376 1172 1392; x_wconf 87' lang='grc'>·</span> <span class='ocrx_word' id='word_1_94' title='bbox 1204 1365 1232 1415; x_wconf 90' lang='lat'><strong>6</strong></span> <span class='ocrx_word' id='word_1_95' title='bbox 1259 1363 1316 1416; x_wconf 76' lang='grc' dir='ltr'><strong>δὲ</strong></span> <span class='ocrx_word' id='word_1_96' title='bbox 1339 1362 1520 1427; x_wconf 79' lang='grc' dir='ltr'><strong>καθεὶς</strong></span> <span class='ocrx_word' id='word_1_97' title='bbox 1546 1365 1712 1434; x_wconf 73' lang='grc' dir='ltr'><strong>άλλήυ</strong></span> 
     </span>
    </p>
   </div>
   <div class='ocr_carea' id='block_1_15' title="bbox 179 1446 1708 1524">
    <p class='ocr_par' dir='ltr' id='par_1_15' title="bbox 179 1446 1708 1524">
     <span class='ocr_line' id='line_1_15' title="bbox 179 1446 1708 1524; baseline 0.007 -28"><span class='ocrx_word' id='word_1_98' title='bbox 179 1446 274 1498; x_wconf 78' lang='grc' dir='ltr'><strong>λων</strong></span> <span class='ocrx_word' id='word_1_99' title='bbox 304 1447 462 1516; x_wconf 69' lang='grc' dir='ltr'><strong>μέλη.</strong></span> <span class='ocrx_word' id='word_1_100' title='bbox 488 1468 506 1500; x_wconf 76' lang='grc' dir='ltr'><strong>ι</strong></span> <span class='ocrx_word' id='word_1_101' title='bbox 540 1450 648 1504; x_wconf 74' lang='grc' dir='ltr'><strong>Καὶ</strong></span> <span class='ocrx_word' id='word_1_102' title='bbox 679 1450 837 1504; x_wconf 84' lang='grc' dir='ltr'><strong>πάλιν</strong></span> <span class='ocrx_word' id='word_1_103' title='bbox 856 1468 871 1482; x_wconf 72' lang='grc' dir='ltr'>σ</span> <span class='ocrx_word' id='word_1_104' title='bbox 916 1471 934 1503; x_wconf 75' lang='grc' dir='ltr'><strong>ι</strong></span> <span class='ocrx_word' id='word_1_105' title='bbox 977 1453 1284 1524; x_wconf 84' lang='grc' dir='ltr'>Ὀφείλομεν</span> <span class='ocrx_word' id='word_1_106' title='bbox 1311 1455 1466 1524; x_wconf 79' lang='grc' dir='ltr'>ἡμεῖς</span> <span class='ocrx_word' id='word_1_107' title='bbox 1487 1456 1535 1507; x_wconf 78' lang='grc' dir='ltr'><strong>οἱ</strong></span> <span class='ocrx_word' id='word_1_108' title='bbox 1556 1455 1708 1507; x_wconf 86' lang='grc' dir='ltr'><strong>δυνα-</strong></span> 
     </span>
    </p>
   </div>
   <div class='ocr_carea' id='block_1_16' title="bbox 178 1538 1710 1614">
    <p class='ocr_par' dir='ltr' id='par_1_16' title="bbox 178 1538 1710 1614">
     <span class='ocr_line' id='line_1_16' title="bbox 178 1538 1710 1614; baseline 0.007 -28"><span class='ocrx_word' id='word_1_109' title='bbox 178 1538 252 1587; x_wconf 64' lang='grc' dir='ltr'><strong>τοὶ</strong></span> <span class='ocrx_word' id='word_1_110' title='bbox 280 1539 340 1589; x_wconf 81' lang='grc' dir='ltr'><strong>τά</strong></span> <span class='ocrx_word' id='word_1_111' title='bbox 366 1538 713 1608; x_wconf 77' lang='grc' dir='ltr'><strong>ἀσθενήματα</strong></span> <span class='ocrx_word' id='word_1_112' title='bbox 736 1540 840 1591; x_wconf 85' lang='grc' dir='ltr'><strong>τῶν</strong></span> <span class='ocrx_word' id='word_1_113' title='bbox 865 1541 1137 1593; x_wconf 80' lang='grc' dir='ltr'><strong>ἀδυνάτων</strong></span> <span class='ocrx_word' id='word_1_114' title='bbox 1165 1541 1453 1609; x_wconf 72' lang='grc' dir='ltr'><strong>βαστάζειν</strong></span> <span class='ocrx_word' id='word_1_115' title='bbox 1477 1558 1488 1570; x_wconf 92' lang='grc'><strong>·</strong></span> <span class='ocrx_word' id='word_1_116' title='bbox 1522 1544 1614 1596; x_wconf 73' lang='grc' dir='ltr'><strong>καὶ</strong></span> <span class='ocrx_word' id='word_1_117' title='bbox 1637 1543 1710 1614; x_wconf 84' lang='grc' dir='ltr'><strong>μὴ</strong></span> 
     </span>
    </p>
   </div>
   <div class='ocr_carea' id='block_1_17' title="bbox 180 1626 1710 1703">
    <p class='ocr_par' dir='ltr' id='par_1_17' title="bbox 180 1626 1710 1703">
     <span class='ocr_line' id='line_1_17' title="bbox 180 1626 1710 1703; baseline 0.006 -27"><span class='ocrx_word' id='word_1_118' title='bbox 180 1626 379 1687; x_wconf 71' lang='grc' dir='ltr'>ἑαυτοῖς</span> <span class='ocrx_word' id='word_1_119' title='bbox 407 1627 694 1695; x_wconf 58' lang='grc' dir='ltr'><strong>ἀρέσκειν</strong></span> <span class='ocrx_word' id='word_1_120' title='bbox 729 1628 953 1692; x_wconf 71' lang='grc' dir='ltr'><strong>ἕκαστος</strong></span> <span class='ocrx_word' id='word_1_121' title='bbox 994 1631 1101 1699; x_wconf 83' lang='grc' dir='ltr'><strong>γάρ</strong></span> <span class='ocrx_word' id='word_1_122' title='bbox 1156 1634 1308 1699; x_wconf 74' lang='grc' dir='ltr'><strong>ἡμῶν</strong></span> <span class='ocrx_word' id='word_1_123' title='bbox 1352 1633 1426 1703; x_wconf 83' lang='grc' dir='ltr'><strong>τῷ</strong></span> <span class='ocrx_word' id='word_1_124' title='bbox 1486 1632 1710 1701; x_wconf 79' lang='grc' dir='ltr'><strong>πλησίον</strong></span> 
     </span>
    </p>
   </div>
   <div class='ocr_carea' id='block_1_18' title="bbox 176 1715 1709 1793">
    <p class='ocr_par' dir='ltr' id='par_1_18' title="bbox 176 1715 1709 1793">
     <span class='ocr_line' id='line_1_18' title="bbox 176 1715 1709 1793; baseline 0.007 -28"><span class='ocrx_word' id='word_1_125' title='bbox 176 1715 443 1778; x_wconf 77' lang='grc' dir='ltr'><strong>ἀρεσκέτω</strong></span> <span class='ocrx_word' id='word_1_126' title='bbox 494 1720 572 1779; x_wconf 83' lang='grc' dir='ltr'><strong>εἰς</strong></span> <span class='ocrx_word' id='word_1_127' title='bbox 617 1719 677 1769; x_wconf 76' lang='grc' dir='ltr'><strong>τὸ</strong></span> <span class='ocrx_word' id='word_1_128' title='bbox 713 1718 912 1785; x_wconf 70' lang='grc' dir='ltr'><strong>ἀγαθὸν</strong></span> <span class='ocrx_word' id='word_1_129' title='bbox 953 1722 1087 1786; x_wconf 71' lang='grc' dir='ltr'>πρὸς</span> <span class='ocrx_word' id='word_1_130' title='bbox 1132 1722 1413 1790; x_wconf 79' lang='grc' dir='ltr'><strong>οἰκοδομήν</strong></span> <span class='ocrx_word' id='word_1_131' title='bbox 1436 1740 1448 1753; x_wconf 72' lang='grc' dir='ltr'><strong><em>ο</em></strong></span> <span class='ocrx_word' id='word_1_132' title='bbox 1483 1724 1575 1775; x_wconf 71' lang='grc' dir='ltr'><strong>καὶ</strong></span> <span class='ocrx_word' id='word_1_133' title='bbox 1605 1723 1709 1793; x_wconf 80' lang='grc' dir='ltr'><strong>γάρ</strong></span> 
     </span>
    </p>
   </div>
   <div class='ocr_carea' id='block_1_19' title="bbox 177 1802 1703 1877">
    <p class='ocr_par' dir='ltr' id='par_1_19' title="bbox 177 1802 1703 1877">
     <span class='ocr_line' id='line_1_19' title="bbox 177 1802 1703 1877; baseline 0.007 -24"><span class='ocrx_word' id='word_1_134' title='bbox 177 1802 261 1854; x_wconf 73' lang='grc' dir='ltr'><strong>καὶ</strong></span> <span class='ocrx_word' id='word_1_135' title='bbox 293 1806 319 1855; x_wconf 75' lang='grc' dir='ltr'>ὁ</span> <span class='ocrx_word' id='word_1_136' title='bbox 342 1802 571 1873; x_wconf 80' lang='grc' dir='ltr'><strong>Χριστὸς</strong></span> <span class='ocrx_word' id='word_1_137' title='bbox 599 1806 697 1873; x_wconf 84' lang='grc' dir='ltr'>οὐχ</span> <span class='ocrx_word' id='word_1_138' title='bbox 721 1806 896 1874; x_wconf 78' lang='grc' dir='ltr'><strong>ἑαυτῷ</strong></span> <span class='ocrx_word' id='word_1_139' title='bbox 919 1808 1131 1876; x_wconf 69' lang='grc' dir='ltr'><strong>ἤρεσεν.</strong></span> <span class='ocrx_word' id='word_1_140' title='bbox 1164 1828 1182 1858; x_wconf 71' lang='grc' dir='ltr'><strong>ι</strong></span> <span class='ocrx_word' id='word_1_141' title='bbox 1225 1810 1381 1877; x_wconf 61' lang='grc' dir='ltr'><strong>’ᾼλλά</strong></span> <span class='ocrx_word' id='word_1_142' title='bbox 1413 1810 1589 1873; x_wconf 83' lang='grc' dir='ltr'><strong>καθὼς</strong></span> <span class='ocrx_word' id='word_1_143' title='bbox 1616 1812 1703 1877; x_wconf 78' lang='grc' dir='ltr'><strong>γέ-</strong></span> 
     </span>
    </p>
   </div>
   <div class='ocr_carea' id='block_1_20' title="bbox 1808 648 3343 718">
    <p class='ocr_par' dir='ltr' id='par_1_20' title="bbox 1808 648 3343 718">
     <span class='ocr_line' id='line_1_20' title="bbox 1808 648 3343 718; baseline 0.001 -18"><span class='ocrx_word' id='word_1_144' title='bbox 1808 648 1909 701; x_wconf 85' lang='lat' dir='ltr'><strong>ista</strong></span> <span class='ocrx_word' id='word_1_145' title='bbox 1945 649 1997 701; x_wconf 91' lang='lat' dir='ltr'><strong>in</strong></span> <span class='ocrx_word' id='word_1_146' title='bbox 2034 649 2141 703; x_wconf 88' lang='lat' dir='ltr'><strong>vita</strong></span> <span class='ocrx_word' id='word_1_147' title='bbox 2173 651 2474 703; x_wconf 75' lang='lat' dir='ltr'><strong>communi?</strong></span> <span class='ocrx_word' id='word_1_148' title='bbox 2505 648 2620 704; x_wconf 89' lang='lat' dir='ltr'><strong>Non</strong></span> <span class='ocrx_word' id='word_1_149' title='bbox 2649 650 2792 703; x_wconf 89' lang='lat' dir='ltr'><strong>enim</strong></span> <span class='ocrx_word' id='word_1_150' title='bbox 2827 664 3027 718; x_wconf 89' lang='lat' dir='ltr'><strong>corpus</strong></span> <span class='ocrx_word' id='word_1_151' title='bbox 3064 658 3247 703; x_wconf 86' lang='lat' dir='ltr'><strong>contra</strong></span> <span class='ocrx_word' id='word_1_152' title='bbox 3286 666 3343 702; x_wconf 85' lang='lat' dir='ltr'><strong>se</strong></span> 
     </span>
    </p>
   </div>
   <div class='ocr_carea' id='block_1_21' title="bbox 1807 736 3341 808">
    <p class='ocr_par' dir='ltr' id='par_1_21' title="bbox 1807 736 3341 808">
     <span class='ocr_line' id='line_1_21' title="bbox 1807 736 3341 808; baseline -0.001 -17"><span class='ocrx_word' id='word_1_153' title='bbox 1807 738 2087 804; x_wconf 88' lang='lat' dir='ltr'><strong>dissentit;</strong></span> <span class='ocrx_word' id='word_1_154' title='bbox 2112 739 2407 808; x_wconf 73' lang='lat' dir='ltr'><strong>nonpollex</strong></span> <span class='ocrx_word' id='word_1_155' title='bbox 2440 739 2631 797; x_wconf 81' lang='lat' dir='ltr'><strong>minori</strong></span> <span class='ocrx_word' id='word_1_156' title='bbox 2662 739 2827 808; x_wconf 91' lang='lat' dir='ltr'><strong>digito</strong></span> <span class='ocrx_word' id='word_1_157' title='bbox 2853 738 3021 792; x_wconf 88' lang='lat' dir='ltr'><strong>dicit:</strong></span> <span class='ocrx_word' id='word_1_158' title='bbox 3054 736 3341 805; x_wconf 83' lang='lat' dir='ltr'><strong>Plusquam</strong></span> 
     </span>
    </p>
   </div>
   <div class='ocr_carea' id='block_1_22' title="bbox 1811 824 3341 899">
    <p class='ocr_par' dir='ltr' id='par_1_22' title="bbox 1811 824 3341 899">
     <span class='ocr_line' id='line_1_22' title="bbox 1811 824 3341 899; baseline -0.001 -17"><span class='ocrx_word' id='word_1_159' title='bbox 1811 838 1864 882; x_wconf 88' lang='lat' dir='ltr'><strong>tn</strong></span> <span class='ocrx_word' id='word_1_160' title='bbox 1897 824 2192 898; x_wconf 56' lang='lat' dir='ltr'><strong>defatiger;</strong></span> <span class='ocrx_word' id='word_1_161' title='bbox 2219 846 2394 899; x_wconf 83' lang='lat' dir='ltr'><strong>neque</strong></span> <span class='ocrx_word' id='word_1_162' title='bbox 2418 831 2720 885; x_wconf 85' lang='lat' dir='ltr'><strong>membrum</strong></span> <span class='ocrx_word' id='word_1_163' title='bbox 2753 844 2944 884; x_wconf 85' lang='lat' dir='ltr'><strong>sanum</strong></span> <span class='ocrx_word' id='word_1_164' title='bbox 2974 840 3177 895; x_wconf 65' lang='lat' dir='ltr'><strong>aagrum</strong></span> <span class='ocrx_word' id='word_1_165' title='bbox 3208 827 3341 885; x_wconf 86' lang='lat' dir='ltr'><strong>odit,</strong></span> 
     </span>
    </p>
   </div>
   <div class='ocr_carea' id='block_1_23' title="bbox 1808 916 3335 989">
    <p class='ocr_par' dir='ltr' id='par_1_23' title="bbox 1808 916 3335 989">
     <span class='ocr_line' id='line_1_23' title="bbox 1808 916 3335 989; baseline -0.004 -18"><span class='ocrx_word' id='word_1_166' title='bbox 1808 919 1933 972; x_wconf 85' lang='lat' dir='ltr'><strong>huic</strong></span> <span class='ocrx_word' id='word_1_167' title='bbox 1968 920 2167 988; x_wconf 90' lang='lat' dir='ltr'><strong>potius,</strong></span> <span class='ocrx_word' id='word_1_168' title='bbox 2200 920 2393 973; x_wconf 88' lang='lat' dir='ltr'><strong>nedum</strong></span> <span class='ocrx_word' id='word_1_169' title='bbox 2428 919 2615 989; x_wconf 86' lang='lat' dir='ltr'><strong>fugiat.</strong></span> <span class='ocrx_word' id='word_1_170' title='bbox 2646 933 2971 973; x_wconf 85' lang='lat' dir='ltr'><strong>succurrens</strong></span> <span class='ocrx_word' id='word_1_171' title='bbox 2994 931 3056 970; x_wconf 88' lang='lat' dir='ltr'><strong>ac</strong></span> <span class='ocrx_word' id='word_1_172' title='bbox 3080 916 3335 970; x_wconf 79' lang='lat' dir='ltr'><strong>serviens.</strong></span> 
     </span>
    </p>
   </div>
   <div class='ocr_carea' id='block_1_24' title="bbox 1809 1002 3342 1075">
    <p class='ocr_par' dir='ltr' id='par_1_24' title="bbox 1809 1002 3342 1075">
     <span class='ocr_line' id='line_1_24' title="bbox 1809 1002 3342 1075; baseline -0.004 -17"><span class='ocrx_word' id='word_1_173' title='bbox 1809 1006 1948 1061; x_wconf 86' lang='lat' dir='ltr'><strong>Dicit</strong></span> <span class='ocrx_word' id='word_1_174' title='bbox 1969 1007 2032 1060; x_wconf 85' lang='lat' dir='ltr'><strong>ad</strong></span> <span class='ocrx_word' id='word_1_175' title='bbox 2059 1007 2327 1062; x_wconf 79' lang='lat' dir='ltr'><strong>Romanos</strong></span> <span class='ocrx_word' id='word_1_176' title='bbox 2355 1007 2641 1075; x_wconf 82' lang='lat' dir='ltr'><strong>(scribens)</strong></span> <span class='ocrx_word' id='word_1_177' title='bbox 2677 1005 2964 1075; x_wconf 75' lang='lat' dir='ltr'><strong>Apostolus</strong></span> <span class='ocrx_word' id='word_1_178' title='bbox 2996 1021 3009 1055; x_wconf 87' lang='lat'><strong>:</strong></span> <span class='ocrx_word' id='word_1_179' title='bbox 3053 1023 3071 1054; x_wconf 82' lang='grc' dir='ltr'><strong>ι</strong></span> <span class='ocrx_word' id='word_1_180' title='bbox 3114 1003 3264 1057; x_wconf 92' lang='lat' dir='ltr'><strong>Sicut</strong></span> <span class='ocrx_word' id='word_1_181' title='bbox 3291 1002 3342 1054; x_wconf 89' lang='lat' dir='ltr'><strong>in</strong></span> 
     </span>
    </p>
   </div>
   <div class='ocr_carea' id='block_1_25' title="bbox 1809 1093 3342 1165">
    <p class='ocr_par' dir='ltr' id='par_1_25' title="bbox 1809 1093 3342 1165">
     <span class='ocr_line' id='line_1_25' title="bbox 1809 1093 3342 1165; baseline -0.006 -14"><span class='ocrx_word' id='word_1_182' title='bbox 1809 1112 1918 1151; x_wconf 88' lang='lat' dir='ltr'><strong>uno</strong></span> <span class='ocrx_word' id='word_1_183' title='bbox 1942 1112 2165 1165; x_wconf 86' lang='lat' dir='ltr'><strong>corpore</strong></span> <span class='ocrx_word' id='word_1_184' title='bbox 2199 1099 2363 1151; x_wconf 84' lang='lat' dir='ltr'><strong>multa</strong></span> <span class='ocrx_word' id='word_1_185' title='bbox 2395 1096 2630 1150; x_wconf 84' lang='lat' dir='ltr'><strong>membra</strong></span> <span class='ocrx_word' id='word_1_186' title='bbox 2657 1097 2936 1158; x_wconf 83' lang='lat' dir='ltr'><strong>habemus,</strong></span> <span class='ocrx_word' id='word_1_187' title='bbox 2964 1093 3143 1148; x_wconf 81' lang='lat' dir='ltr'><strong>omnia</strong></span> <span class='ocrx_word' id='word_1_188' title='bbox 3168 1102 3342 1145; x_wconf 78' lang='lat' dir='ltr'><strong>autem</strong></span> 
     </span>
    </p>
   </div>
   <div class='ocr_carea' id='block_1_26' title="bbox 1808 1181 3342 1246">
    <p class='ocr_par' dir='ltr' id='par_1_26' title="bbox 1808 1181 3342 1246">
     <span class='ocr_line' id='line_1_26' title="bbox 1808 1181 3342 1246; baseline -0.005 -7"><span class='ocrx_word' id='word_1_189' title='bbox 1808 1187 2047 1240; x_wconf 81' lang='lat' dir='ltr'><strong>membra</strong></span> <span class='ocrx_word' id='word_1_190' title='bbox 2098 1204 2199 1239; x_wconf 89' lang='lat' dir='ltr'><strong>non</strong></span> <span class='ocrx_word' id='word_1_191' title='bbox 2249 1188 2493 1241; x_wconf 72' lang='lat' dir='ltr'><strong>enuidem</strong></span> <span class='ocrx_word' id='word_1_192' title='bbox 2553 1197 2727 1241; x_wconf 85' lang='lat' dir='ltr'><strong>actum</strong></span> <span class='ocrx_word' id='word_1_193' title='bbox 2787 1184 3012 1246; x_wconf 91' lang='lat' dir='ltr'><strong>habent,</strong></span> <span class='ocrx_word' id='word_1_194' title='bbox 3071 1183 3140 1237; x_wconf 85' lang='lat' dir='ltr'><strong>ita</strong></span> <span class='ocrx_word' id='word_1_195' title='bbox 3192 1181 3342 1234; x_wconf 87' lang='lat' dir='ltr'><strong>multi</strong></span> 
     </span>
    </p>
   </div>
   <div class='ocr_carea' id='block_1_27' title="bbox 1810 1272 3343 1345">
    <p class='ocr_par' dir='ltr' id='par_1_27' title="bbox 1810 1272 3343 1345">
     <span class='ocr_line' id='line_1_27' title="bbox 1810 1272 3343 1345; baseline -0.006 -15"><span class='ocrx_word' id='word_1_196' title='bbox 1810 1292 1975 1330; x_wconf 91' lang='lat' dir='ltr'><strong>unum</strong></span> <span class='ocrx_word' id='word_1_197' title='bbox 2032 1291 2232 1345; x_wconf 85' lang='lat' dir='ltr'><strong>corpus</strong></span> <span class='ocrx_word' id='word_1_198' title='bbox 2282 1292 2472 1330; x_wconf 90' lang='lat' dir='ltr'><strong>sumus</strong></span> <span class='ocrx_word' id='word_1_199' title='bbox 2526 1277 2578 1329; x_wconf 92' lang='lat' dir='ltr'><strong>in</strong></span> <span class='ocrx_word' id='word_1_200' title='bbox 2633 1275 2868 1335; x_wconf 83' lang='lat' dir='ltr'><strong>Christo,</strong></span> <span class='ocrx_word' id='word_1_201' title='bbox 2916 1272 3111 1341; x_wconf 77' lang='lat' dir='ltr'><strong>singuli</strong></span> <span class='ocrx_word' id='word_1_202' title='bbox 3166 1279 3343 1323; x_wconf 87' lang='lat' dir='ltr'><strong>autem</strong></span> 
     </span>
    </p>
   </div>
   <div class='ocr_carea' id='block_1_28' title="bbox 1808 1360 3346 1420">
    <p class='ocr_par' dir='ltr' id='par_1_28' title="bbox 1808 1360 3346 1420">
     <span class='ocr_line' id='line_1_28' title="bbox 1808 1360 3346 1420; baseline -0.006 -1"><span class='ocrx_word' id='word_1_203' title='bbox 1808 1367 1943 1420; x_wconf 83' lang='lat' dir='ltr'><strong>alter</strong></span> <span class='ocrx_word' id='word_1_204' title='bbox 1989 1367 2209 1420; x_wconf 87' lang='lat' dir='ltr'><strong>alterius</strong></span> <span class='ocrx_word' id='word_1_205' title='bbox 2259 1367 2561 1419; x_wconf 72' lang='lat' dir='ltr'><strong>membra‘.</strong></span> <span class='ocrx_word' id='word_1_206' title='bbox 2621 1364 2888 1419; x_wconf 86' lang='lat' dir='ltr'><strong>Debemus</strong></span> <span class='ocrx_word' id='word_1_207' title='bbox 2932 1377 3031 1416; x_wconf 91' lang='lat' dir='ltr'><strong>nos</strong></span> <span class='ocrx_word' id='word_1_208' title='bbox 3084 1360 3346 1413; x_wconf 76' lang='lat' dir='ltr'><strong>firmiores</strong></span> 
     </span>
    </p>
   </div>
   <div class='ocr_carea' id='block_1_29' title="bbox 1809 1450 3345 1515">
    <p class='ocr_par' dir='ltr' id='par_1_29' title="bbox 1809 1450 3345 1515">
     <span class='ocr_line' id='line_1_29' title="bbox 1809 1450 3345 1515; baseline -0.005 -7"><span class='ocrx_word' id='word_1_209' title='bbox 1809 1457 2202 1511; x_wconf 86' lang='lat' dir='ltr'><strong>imbecillitates</strong></span> <span class='ocrx_word' id='word_1_210' title='bbox 2237 1456 2572 1508; x_wconf 78' lang='lat' dir='ltr'><strong>infirmorum</strong></span> <span class='ocrx_word' id='word_1_211' title='bbox 2607 1456 2875 1507; x_wconf 80' lang='lat' dir='ltr'><strong>sustinere</strong></span> <span class='ocrx_word' id='word_1_212' title='bbox 2905 1492 2919 1515; x_wconf 86' lang='lat'><strong>,</strong></span> <span class='ocrx_word' id='word_1_213' title='bbox 2953 1459 3004 1506; x_wconf 90' lang='lat' dir='ltr'><strong>et</strong></span> <span class='ocrx_word' id='word_1_214' title='bbox 3053 1466 3157 1512; x_wconf 83' lang='lat' dir='ltr'><strong>non</strong></span> <span class='ocrx_word' id='word_1_215' title='bbox 3192 1450 3345 1502; x_wconf 85' lang='lat' dir='ltr'><strong>nobis</strong></span> 
     </span>
    </p>
   </div>
   <div class='ocr_carea' id='block_1_30' title="bbox 1814 1539 3347 1616">
    <p class='ocr_par' dir='ltr' id='par_1_30' title="bbox 1814 1539 3347 1616">
     <span class='ocr_line' id='line_1_30' title="bbox 1814 1539 3347 1616; baseline -0.004 -20"><span class='ocrx_word' id='word_1_216' title='bbox 1814 1548 2039 1616; x_wconf 80' lang='lat' dir='ltr'><strong>placere.</strong></span> <span class='ocrx_word' id='word_1_217' title='bbox 2067 1544 2448 1614; x_wconf 80' lang='lat' dir='ltr'><strong>Unusquisque</strong></span> <span class='ocrx_word' id='word_1_218' title='bbox 2478 1553 2716 1596; x_wconf 86' lang='lat' dir='ltr'><strong>nostrum</strong></span> <span class='ocrx_word' id='word_1_219' title='bbox 2746 1542 2989 1610; x_wconf 81' lang='lat' dir='ltr'><strong>proximo</strong></span> <span class='ocrx_word' id='word_1_220' title='bbox 3020 1556 3116 1593; x_wconf 88' lang='lat' dir='ltr'><strong>suo</strong></span> <span class='ocrx_word' id='word_1_221' title='bbox 3142 1539 3347 1609; x_wconf 78' lang='lat' dir='ltr'><strong>placeat</strong></span> 
     </span>
    </p>
   </div>
   <div class='ocr_carea' id='block_1_31' title="bbox 1815 1628 3342 1688">
    <p class='ocr_par' dir='ltr' id='par_1_31' title="bbox 1815 1628 3342 1688">
     <span class='ocr_line' id='line_1_31' title="bbox 1815 1628 3342 1688; baseline -0.007 -2"><span class='ocrx_word' id='word_1_222' title='bbox 1815 1636 1867 1688; x_wconf 91' lang='lat' dir='ltr'><strong>in</strong></span> <span class='ocrx_word' id='word_1_223' title='bbox 1915 1635 2110 1687; x_wconf 81' lang='lat' dir='ltr'><strong>bonum</strong></span> <span class='ocrx_word' id='word_1_224' title='bbox 2143 1633 2208 1686; x_wconf 82' lang='lat' dir='ltr'><strong>ad</strong></span> <span class='ocrx_word' id='word_1_225' title='bbox 2245 1632 2678 1686; x_wconf 69' lang='lat' dir='ltr'><strong>aedilirationem.</strong></span> <span class='ocrx_word' id='word_1_226' title='bbox 2711 1628 2921 1682; x_wconf 80' lang='lat' dir='ltr'><strong>Etenim</strong></span> <span class='ocrx_word' id='word_1_227' title='bbox 2960 1628 3209 1680; x_wconf 73' lang='lat' dir='ltr'><strong>Christus</strong></span> <span class='ocrx_word' id='word_1_228' title='bbox 3239 1641 3342 1676; x_wconf 77' lang='lat' dir='ltr'><strong>non</strong></span> 
     </span>
    </p>
   </div>
   <div class='ocr_carea' id='block_1_32' title="bbox 1814 1717 3344 1793">
    <p class='ocr_par' dir='ltr' id='par_1_32' title="bbox 1814 1717 3344 1793">
     <span class='ocr_line' id='line_1_32' title="bbox 1814 1717 3344 1793; baseline -0.008 -16"><span class='ocrx_word' id='word_1_229' title='bbox 1814 1724 1914 1777; x_wconf 89' lang='lat' dir='ltr'><strong>sibi</strong></span> <span class='ocrx_word' id='word_1_230' title='bbox 1950 1725 2176 1793; x_wconf 87' lang='lat' dir='ltr'><strong>placuit;</strong></span> <span class='ocrx_word' id='word_1_231' title='bbox 2216 1724 2328 1785; x_wconf 84' lang='lat' dir='ltr'><strong>sed,</strong></span> <span class='ocrx_word' id='word_1_232' title='bbox 2365 1723 2502 1775; x_wconf 78' lang='lat' dir='ltr'><strong>sicut</strong></span> <span class='ocrx_word' id='word_1_233' title='bbox 2561 1721 2815 1789; x_wconf 87' lang='lat' dir='ltr'><strong>scriptum</strong></span> <span class='ocrx_word' id='word_1_234' title='bbox 2849 1726 2930 1773; x_wconf 87' lang='lat' dir='ltr'><strong>est</strong></span> <span class='ocrx_word' id='word_1_235' title='bbox 2966 1732 2979 1769; x_wconf 91' lang='lat'><strong>:</strong></span> <span class='ocrx_word' id='word_1_236' title='bbox 3022 1717 3344 1785; x_wconf 82' lang='lat' dir='ltr'><strong>lmproperia</strong></span> 
     </span>
    </p>
   </div>
   <div class='ocr_carea' id='block_1_33' title="bbox 1814 1808 3345 1882">
    <p class='ocr_par' dir='ltr' id='par_1_33' title="bbox 1814 1808 3345 1882">
     <span class='ocr_line' id='line_1_33' title="bbox 1814 1808 3345 1882; baseline -0.008 -15"><span class='ocrx_word' id='word_1_237' title='bbox 1814 1814 2293 1882; x_wconf 87' lang='lat' dir='ltr'><strong>improperantium</strong></span> <span class='ocrx_word' id='word_1_238' title='bbox 2320 1814 2633 1867; x_wconf 85' lang='lat' dir='ltr'><strong>ceciderunt</strong></span> <span class='ocrx_word' id='word_1_239' title='bbox 2658 1825 2818 1879; x_wconf 88' lang='lat' dir='ltr'><strong>super</strong></span> <span class='ocrx_word' id='word_1_240' title='bbox 2844 1825 2945 1863; x_wconf 89' lang='lat' dir='ltr'><strong>me.</strong></span> <span class='ocrx_word' id='word_1_241' title='bbox 2970 1808 3188 1875; x_wconf 87' lang='lat' dir='ltr'><strong>Propter</strong></span> <span class='ocrx_word' id='word_1_242' title='bbox 3206 1808 3345 1874; x_wconf 83' lang='lat' dir='ltr'><strong>quod</strong></span> 
     </span>
    </p>
   </div>
   <div class='ocr_carea' id='block_1_34' title="bbox 174 1874 1714 1971">
    <p class='ocr_par' dir='ltr' id='par_1_34' title="bbox 174 1874 1709 1964">
     <span class='ocr_line' id='line_1_34' title="bbox 174 1874 1709 1964; baseline 0.006 -20"><span class='ocrx_word' id='word_1_243' title='bbox 174 1908 405 1961; x_wconf 83' lang='grc' dir='ltr'><strong>γραπται</strong></span> <span class='ocrx_word' id='word_1_244' title='bbox 426 1910 440 1923; x_wconf 75' lang='grc' dir='ltr'>ο</span> <span class='ocrx_word' id='word_1_245' title='bbox 470 1912 488 1943; x_wconf 83' lang='grc' dir='ltr'><strong>ι</strong></span> <span class='ocrx_word' id='word_1_246' title='bbox 518 1896 578 1945; x_wconf 81' lang='lat' dir='ltr'><strong>Oi</strong></span> <span class='ocrx_word' id='word_1_247' title='bbox 605 1895 893 1964; x_wconf 72' lang='grc' dir='ltr'><strong>ὀνειδισμοὶ</strong></span> <span class='ocrx_word' id='word_1_248' title='bbox 919 1874 1025 1948; x_wconf 77' lang='grc' dir='ltr'><strong>τῶν</strong></span> <span class='ocrx_word' id='word_1_249' title='bbox 1056 1874 1416 1961; x_wconf 64' lang='grc' dir='ltr'><strong>ὀνειδιζιίντων</strong></span> <span class='ocrx_word' id='word_1_250' title='bbox 1446 1874 1709 1953; x_wconf 74' lang='grc' dir='ltr'><strong>ἐπέπεσον</strong></span> 
     </span>
    </p>
   </div>
   <div class='ocr_carea' id='block_1_35' title="bbox 1812 1874 3341 1971">
    <p class='ocr_par' dir='ltr' id='par_1_35' title="bbox 1812 1897 3341 1971">
     <span class='ocr_line' id='line_1_35' title="bbox 1812 1897 3341 1971; baseline -0.009 -12"><span class='ocrx_word' id='word_1_251' title='bbox 1812 1897 2066 1971; x_wconf 84' lang='lat' dir='ltr'><strong>suscipite</strong></span> <span class='ocrx_word' id='word_1_252' title='bbox 2095 1902 2346 1966; x_wconf 70' lang='lat' dir='ltr'><strong>invicem,</strong></span> <span class='ocrx_word' id='word_1_253' title='bbox 2378 1903 2518 1957; x_wconf 86' lang='lat' dir='ltr'><strong>sicut</strong></span> <span class='ocrx_word' id='word_1_254' title='bbox 2547 1911 2598 1955; x_wconf 89' lang='lat' dir='ltr'><strong>et</strong></span> <span class='ocrx_word' id='word_1_255' title='bbox 2623 1902 2871 1954; x_wconf 82' lang='lat' dir='ltr'><strong>Christus</strong></span> <span class='ocrx_word' id='word_1_256' title='bbox 2902 1898 3137 1965; x_wconf 82' lang='lat' dir='ltr'><strong>suscepit</strong></span> <span class='ocrx_word' id='word_1_257' title='bbox 3161 1898 3341 1949; x_wconf 66' lang='lat' dir='ltr'><strong>vos’.»</strong></span> 
     </span>
    </p>
   </div>
   <div class='ocr_carea' id='block_1_36' title="bbox 174 1982 1710 2056">
    <p class='ocr_par' dir='ltr' id='par_1_36' title="bbox 174 1982 1710 2056">
     <span class='ocr_line' id='line_1_36' title="bbox 174 1982 1710 2056; baseline 0.008 -26"><span class='ocrx_word' id='word_1_258' title='bbox 174 1982 253 2031; x_wconf 77' lang='grc' dir='ltr'><strong>ἐπ’</strong></span> <span class='ocrx_word' id='word_1_259' title='bbox 280 1982 400 2049; x_wconf 80' lang='grc' dir='ltr'><strong>ἐμέ.</strong></span> <span class='ocrx_word' id='word_1_260' title='bbox 427 1984 515 2033; x_wconf 81' lang='grc' dir='ltr'><strong>Διὸ</strong></span> <span class='ocrx_word' id='word_1_261' title='bbox 542 1984 1014 2052; x_wconf 77' lang='grc' dir='ltr'><strong>προσλαμϐάνεσθε</strong></span> <span class='ocrx_word' id='word_1_262' title='bbox 1038 1987 1294 2056; x_wconf 58' lang='lat' dir='ltr'><strong>sum»;</strong></span> <span class='ocrx_word' id='word_1_263' title='bbox 1311 2004 1324 2016; x_wconf 83' lang='lat'><strong><em>°</em></strong></span> <span class='ocrx_word' id='word_1_264' title='bbox 1361 1988 1537 2051; x_wconf 86' lang='grc' dir='ltr'><strong>καθὼς</strong></span> <span class='ocrx_word' id='word_1_265' title='bbox 1572 1990 1710 2042; x_wconf 75' lang='grc' dir='ltr'><strong>καὶὸ</strong></span> 
     </span>
    </p>
   </div>
   <div class='ocr_carea' id='block_1_37' title="bbox 173 2067 1708 2148">
    <p class='ocr_par' dir='ltr' id='par_1_37' title="bbox 173 2067 1708 2148">
     <span class='ocr_line' id='line_1_37' title="bbox 173 2067 1708 2148; baseline 0.005 -25"><span class='ocrx_word' id='word_1_266' title='bbox 173 2067 398 2139; x_wconf 79' lang='grc' dir='ltr'><strong>Χριστὸς</strong></span> <span class='ocrx_word' id='word_1_267' title='bbox 430 2072 793 2139; x_wconf 76' lang='grc' dir='ltr'><strong>προσελάϐετο</strong></span> <span class='ocrx_word' id='word_1_268' title='bbox 820 2077 984 2145; x_wconf 70' lang='grc' dir='ltr'>ἡμᾶς.</span> <span class='ocrx_word' id='word_1_269' title='bbox 1017 2095 1034 2126; x_wconf 78' lang='grc' dir='ltr'><strong>ι</strong></span> <span class='ocrx_word' id='word_1_270' title='bbox 1073 2078 1180 2129; x_wconf 69' lang='grc' dir='ltr'><strong>Καὶ</strong></span> <span class='ocrx_word' id='word_1_271' title='bbox 1220 2077 1354 2147; x_wconf 75' lang='grc' dir='ltr'>πρὸς</span> <span class='ocrx_word' id='word_1_272' title='bbox 1379 2079 1708 2148; x_wconf 70' lang='grc' dir='ltr'><strong>Κορινθίους·</strong></span> 
     </span>
    </p>
   </div>
   <div class='ocr_carea' id='block_1_38' title="bbox 179 2158 1711 2235">
    <p class='ocr_par' dir='ltr' id='par_1_38' title="bbox 179 2158 1711 2235">
     <span class='ocr_line' id='line_1_38' title="bbox 179 2158 1711 2235; baseline 0.006 -25"><span class='ocrx_word' id='word_1_273' title='bbox 179 2178 196 2210; x_wconf 84' lang='grc' dir='ltr'><strong>ι</strong></span> <span class='ocrx_word' id='word_1_274' title='bbox 237 2158 598 2228; x_wconf 74' lang='grc' dir='ltr'><strong>Ἀπρόσκοποι</strong></span> <span class='ocrx_word' id='word_1_275' title='bbox 645 2162 856 2229; x_wconf 76' lang='grc' dir='ltr'><strong>γίνεσθε</strong></span> <span class='ocrx_word' id='word_1_276' title='bbox 906 2164 999 2216; x_wconf 74' lang='grc' dir='ltr'><strong>καὶ</strong></span> <span class='ocrx_word' id='word_1_277' title='bbox 1036 2164 1304 2228; x_wconf 75' lang='grc' dir='ltr'><strong>Ἰουδαίοις</strong></span> <span class='ocrx_word' id='word_1_278' title='bbox 1356 2167 1447 2218; x_wconf 79' lang='grc' dir='ltr'><strong>καὶ</strong></span> <span class='ocrx_word' id='word_1_279' title='bbox 1489 2167 1711 2235; x_wconf 81' lang='grc' dir='ltr'><strong>Ἕλλησι</strong></span> 
     </span>
    </p>
   </div>
   <div class='ocr_carea' id='block_1_39' title="bbox 174 2246 1712 2322">
    <p class='ocr_par' dir='ltr' id='par_1_39' title="bbox 174 2246 1712 2322">
     <span class='ocr_line' id='line_1_39' title="bbox 174 2246 1712 2322; baseline 0.006 -23"><span class='ocrx_word' id='word_1_280' title='bbox 174 2247 260 2299; x_wconf 77' lang='grc' dir='ltr'><strong>καὶ</strong></span> <span class='ocrx_word' id='word_1_281' title='bbox 289 2249 356 2319; x_wconf 78' lang='grc' dir='ltr'><strong>τῇ</strong></span> <span class='ocrx_word' id='word_1_282' title='bbox 383 2248 675 2321; x_wconf 73' lang='grc' dir='ltr'><strong>Ἐκκλησία</strong></span> <span class='ocrx_word' id='word_1_283' title='bbox 703 2251 794 2304; x_wconf 75' lang='grc' dir='ltr'><strong>τοῦ</strong></span> <span class='ocrx_word' id='word_1_284' title='bbox 819 2252 952 2305; x_wconf 77' lang='grc' dir='ltr'><strong>θεοῦ</strong></span> <span class='ocrx_word' id='word_1_285' title='bbox 976 2268 989 2282; x_wconf 85' lang='lat'><strong><em>°</em></strong></span> <span class='ocrx_word' id='word_1_286' title='bbox 1020 2253 1196 2317; x_wconf 90' lang='grc' dir='ltr'><strong>καθὼς</strong></span> <span class='ocrx_word' id='word_1_287' title='bbox 1227 2246 1382 2322; x_wconf 77' lang='grc' dir='ltr'><strong>κάγὼ</strong></span> <span class='ocrx_word' id='word_1_288' title='bbox 1413 2256 1588 2310; x_wconf 66' lang='grc' dir='ltr'><strong>πάντα</strong></span> <span class='ocrx_word' id='word_1_289' title='bbox 1612 2258 1712 2309; x_wconf 72' lang='grc' dir='ltr'><strong>πᾶ·</strong></span> 
     </span>
    </p>
   </div>
   <div class='ocr_carea' id='block_1_40' title="bbox 174 2327 1713 2415">
    <p class='ocr_par' dir='ltr' id='par_1_40' title="bbox 174 2327 1713 2415">
     <span class='ocr_line' id='line_1_40' title="bbox 174 2327 1713 2415; baseline 0.006 -27"><span class='ocrx_word' id='word_1_290' title='bbox 174 2352 251 2391; x_wconf 91' lang='grc' dir='ltr'><strong>σιν</strong></span> <span class='ocrx_word' id='word_1_291' title='bbox 282 2327 520 2407; x_wconf 72' lang='grc' dir='ltr'><strong>ἀρέσκω,</strong></span> <span class='ocrx_word' id='word_1_292' title='bbox 571 2340 644 2410; x_wconf 79' lang='grc' dir='ltr'>μὴ</span> <span class='ocrx_word' id='word_1_293' title='bbox 669 2340 844 2409; x_wconf 76' lang='grc' dir='ltr'><strong>ζητῶν</strong></span> <span class='ocrx_word' id='word_1_294' title='bbox 883 2343 943 2395; x_wconf 78' lang='grc' dir='ltr'><strong>τὺ</strong></span> <span class='ocrx_word' id='word_1_295' title='bbox 968 2344 1201 2411; x_wconf 74' lang='grc' dir='ltr'><strong>ἐμαυτοῦ</strong></span> <span class='ocrx_word' id='word_1_296' title='bbox 1233 2346 1529 2415; x_wconf 81' lang='grc' dir='ltr'><strong>συμφέρον,</strong></span> <span class='ocrx_word' id='word_1_297' title='bbox 1579 2346 1713 2398; x_wconf 72' lang='grc' dir='ltr'><strong>ἀλλὰ</strong></span> 
     </span>
    </p>
   </div>
   <div class='ocr_carea' id='block_1_41' title="bbox 171 2426 1708 2505">
    <p class='ocr_par' dir='ltr' id='par_1_41' title="bbox 171 2426 1708 2505">
     <span class='ocr_line' id='line_1_41' title="bbox 171 2426 1708 2505; baseline 0.004 -26"><span class='ocrx_word' id='word_1_298' title='bbox 171 2426 227 2479; x_wconf 81' lang='grc' dir='ltr'><strong>τὸ</strong></span> <span class='ocrx_word' id='word_1_299' title='bbox 266 2429 375 2480; x_wconf 85' lang='grc' dir='ltr'><strong>τῶν</strong></span> <span class='ocrx_word' id='word_1_300' title='bbox 422 2428 650 2495; x_wconf 74' lang='grc' dir='ltr'><strong>πολλῶν,</strong></span> <span class='ocrx_word' id='word_1_301' title='bbox 678 2430 765 2483; x_wconf 76' lang='grc' dir='ltr'><strong>ἵνα</strong></span> <span class='ocrx_word' id='word_1_302' title='bbox 809 2430 1039 2486; x_wconf 78' lang='grc' dir='ltr'><strong>σωθῶσι.</strong></span> <span class='ocrx_word' id='word_1_303' title='bbox 1073 2451 1091 2483; x_wconf 77' lang='grc' dir='ltr'><strong>ι</strong></span> <span class='ocrx_word' id='word_1_304' title='bbox 1122 2433 1230 2485; x_wconf 78' lang='grc' dir='ltr'><strong>Καὶ</strong></span> <span class='ocrx_word' id='word_1_305' title='bbox 1273 2435 1405 2504; x_wconf 71' lang='grc' dir='ltr'>πρὸς</span> <span class='ocrx_word' id='word_1_306' title='bbox 1427 2434 1672 2505; x_wconf 68' lang='grc' dir='ltr'><strong>Γαλάτας</strong></span> <span class='ocrx_word' id='word_1_307' title='bbox 1695 2452 1708 2467; x_wconf 78' lang='grc' dir='ltr'><strong><em>ο</em></strong></span> 
     </span>
    </p>
   </div>
   <div class='ocr_carea' id='block_1_42' title="bbox 176 2496 1712 2591">
    <p class='ocr_par' dir='ltr' id='par_1_42' title="bbox 176 2496 1712 2591">
     <span class='ocr_line' id='line_1_42' title="bbox 176 2496 1712 2591; baseline 0.006 -25"><span class='ocrx_word' id='word_1_308' title='bbox 176 2533 195 2566; x_wconf 73' lang='grc' dir='ltr'><strong>ι</strong></span> <span class='ocrx_word' id='word_1_309' title='bbox 233 2516 493 2584; x_wconf 81' lang='grc' dir='ltr'><strong>’Δδελφοὶ,</strong></span> <span class='ocrx_word' id='word_1_310' title='bbox 548 2518 643 2570; x_wconf 73' lang='grc' dir='ltr'><strong>ἐὰν</strong></span> <span class='ocrx_word' id='word_1_311' title='bbox 696 2521 787 2571; x_wconf 78' lang='grc' dir='ltr'><strong>καὶ</strong></span> <span class='ocrx_word' id='word_1_312' title='bbox 838 2520 1156 2591; x_wconf 82' lang='grc' dir='ltr'><strong>προσληφθῇ</strong></span> <span class='ocrx_word' id='word_1_313' title='bbox 1201 2496 1481 2591; x_wconf 72' lang='grc' dir='ltr'><strong>ἄνθρωπος</strong></span> <span class='ocrx_word' id='word_1_314' title='bbox 1526 2521 1583 2574; x_wconf 75' lang='grc' dir='ltr'><strong>ἐν</strong></span> <span class='ocrx_word' id='word_1_315' title='bbox 1607 2496 1712 2576; x_wconf 78' lang='grc' dir='ltr'><strong>τινι</strong></span> 
     </span>
    </p>
   </div>
   <div class='ocr_carea' id='block_1_43' title="bbox 174 2603 1713 2682">
    <p class='ocr_par' dir='ltr' id='par_1_43' title="bbox 174 2603 1713 2682">
     <span class='ocr_line' id='line_1_43' title="bbox 174 2603 1713 2682; baseline 0.006 -28"><span class='ocrx_word' id='word_1_316' title='bbox 174 2603 592 2674; x_wconf 70' lang='grc' dir='ltr'><strong>παραπτώματι,</strong></span> <span class='ocrx_word' id='word_1_317' title='bbox 647 2607 801 2677; x_wconf 80' lang='grc' dir='ltr'>ὑμεῖς</span> <span class='ocrx_word' id='word_1_318' title='bbox 851 2609 898 2661; x_wconf 85' lang='grc' dir='ltr'><strong>οί</strong></span> <span class='ocrx_word' id='word_1_319' title='bbox 961 2611 1313 2677; x_wconf 79' lang='grc' dir='ltr'><strong>πνευματικοὶ</strong></span> <span class='ocrx_word' id='word_1_320' title='bbox 1366 2611 1713 2682; x_wconf 79' lang='grc' dir='ltr'><strong>καταρτίζετε</strong></span> 
     </span>
    </p>
   </div>
   <div class='ocr_carea' id='block_1_44' title="bbox 169 2693 1715 2772">
    <p class='ocr_par' dir='ltr' id='par_1_44' title="bbox 169 2693 1715 2772">
     <span class='ocr_line' id='line_1_44' title="bbox 169 2693 1715 2772; baseline 0.005 -26"><span class='ocrx_word' id='word_1_321' title='bbox 169 2693 257 2747; x_wconf 74' lang='grc' dir='ltr'><strong>τὸν</strong></span> <span class='ocrx_word' id='word_1_322' title='bbox 276 2694 515 2748; x_wconf 74' lang='grc' dir='ltr'><strong>τοιοῦτον</strong></span> <span class='ocrx_word' id='word_1_323' title='bbox 535 2697 594 2750; x_wconf 80' lang='grc' dir='ltr'><strong>ὲν</strong></span> <span class='ocrx_word' id='word_1_324' title='bbox 620 2697 888 2768; x_wconf 84' lang='grc' dir='ltr'><strong>πνεύματι</strong></span> <span class='ocrx_word' id='word_1_325' title='bbox 920 2701 1215 2769; x_wconf 83' lang='grc' dir='ltr'><strong>πραότητος</strong></span> <span class='ocrx_word' id='word_1_326' title='bbox 1241 2717 1254 2732; x_wconf 87' lang='grc'><strong>·</strong></span> <span class='ocrx_word' id='word_1_327' title='bbox 1283 2701 1503 2753; x_wconf 77' lang='grc' dir='ltr'><strong>σκοπῶν</strong></span> <span class='ocrx_word' id='word_1_328' title='bbox 1528 2702 1601 2772; x_wconf 76' lang='grc' dir='ltr'>μὴ</span> <span class='ocrx_word' id='word_1_329' title='bbox 1624 2704 1715 2755; x_wconf 71' lang='grc' dir='ltr'><strong>καὶ</strong></span> 
     </span>
    </p>
   </div>
   <div class='ocr_carea' id='block_1_45' title="bbox 172 2783 1716 2866">
    <p class='ocr_par' dir='ltr' id='par_1_45' title="bbox 172 2783 1716 2866">
     <span class='ocr_line' id='line_1_45' title="bbox 172 2783 1716 2866; baseline 0.004 -24"><span class='ocrx_word' id='word_1_330' title='bbox 172 2790 232 2842; x_wconf 73' lang='grc' dir='ltr'><strong>σὺ</strong></span> <span class='ocrx_word' id='word_1_331' title='bbox 261 2783 562 2862; x_wconf 76' lang='grc' dir='ltr'><strong>πειρασθῇς</strong></span> <span class='ocrx_word' id='word_1_332' title='bbox 580 2810 593 2826; x_wconf 89' lang='grc'><strong>·</strong></span> <span class='ocrx_word' id='word_1_333' title='bbox 624 2793 864 2864; x_wconf 78' lang='grc' dir='ltr'><strong>ἀλλήλων</strong></span> <span class='ocrx_word' id='word_1_334' title='bbox 892 2795 960 2849; x_wconf 84' lang='grc' dir='ltr'><strong>τὰ</strong></span> <span class='ocrx_word' id='word_1_335' title='bbox 993 2795 1132 2866; x_wconf 83' lang='grc' dir='ltr'><strong>βάρη</strong></span> <span class='ocrx_word' id='word_1_336' title='bbox 1162 2793 1456 2864; x_wconf 79' lang='grc' dir='ltr'><strong>βαστάζετε</strong></span> <span class='ocrx_word' id='word_1_337' title='bbox 1478 2813 1492 2826; x_wconf 72' lang='grc' dir='ltr'>ο</span> <span class='ocrx_word' id='word_1_338' title='bbox 1519 2797 1611 2849; x_wconf 73' lang='grc' dir='ltr'><strong>καὶ</strong></span> <span class='ocrx_word' id='word_1_339' title='bbox 1632 2794 1716 2848; x_wconf 79' lang='grc' dir='ltr'><strong>οὔ·</strong></span> 
     </span>
    </p>
   </div>
   <div class='ocr_carea' id='block_1_46' title="bbox 169 2866 1716 2956">
    <p class='ocr_par' dir='ltr' id='par_1_46' title="bbox 169 2866 1716 2956">
     <span class='ocr_line' id='line_1_46' title="bbox 169 2866 1716 2956; baseline 0.006 -24"><span class='ocrx_word' id='word_1_340' title='bbox 169 2896 270 2944; x_wconf 85' lang='grc' dir='ltr'><strong>τως</strong></span> <span class='ocrx_word' id='word_1_341' title='bbox 301 2880 734 2951; x_wconf 75' lang='grc' dir='ltr'><strong>ἀναπληρώσατε</strong></span> <span class='ocrx_word' id='word_1_342' title='bbox 768 2884 859 2937; x_wconf 86' lang='grc' dir='ltr'><strong>τὸν</strong></span> <span class='ocrx_word' id='word_1_343' title='bbox 890 2884 1050 2954; x_wconf 83' lang='grc' dir='ltr'><strong>νόμον</strong></span> <span class='ocrx_word' id='word_1_344' title='bbox 1078 2884 1170 2937; x_wconf 80' lang='grc' dir='ltr'><strong>τοῦ</strong></span> <span class='ocrx_word' id='word_1_345' title='bbox 1197 2884 1454 2956; x_wconf 80' lang='grc' dir='ltr'><strong>Χριστοῦ.</strong></span> <span class='ocrx_word' id='word_1_346' title='bbox 1493 2904 1510 2935; x_wconf 77' lang='grc' dir='ltr'><strong>ι</strong></span> <span class='ocrx_word' id='word_1_347' title='bbox 1551 2866 1716 2941; x_wconf 55' lang='lat' dir='ltr'><strong>Rothi</strong></span> 
     </span>
    </p>
   </div>
   <div class='ocr_carea' id='block_1_47' title="bbox 182 2970 1713 3045">
    <p class='ocr_par' dir='ltr' id='par_1_47' title="bbox 182 2970 1713 3045">
     <span class='ocr_line' id='line_1_47' title="bbox 182 2970 1713 3045; baseline 0.003 -21"><span class='ocrx_word' id='word_1_348' title='bbox 182 2970 466 3035; x_wconf 79' lang='grc' dir='ltr'><strong>Ἰάκωσος·</strong></span> <span class='ocrx_word' id='word_1_349' title='bbox 498 2989 516 3023; x_wconf 81' lang='grc' dir='ltr'><strong>ι</strong></span> <span class='ocrx_word' id='word_1_350' title='bbox 547 2972 720 3025; x_wconf 86' lang='grc' dir='ltr'>Ὅπου</span> <span class='ocrx_word' id='word_1_351' title='bbox 765 2971 925 3042; x_wconf 75' lang='grc' dir='ltr'><strong>ζῆλος</strong></span> <span class='ocrx_word' id='word_1_352' title='bbox 962 2976 1054 3027; x_wconf 78' lang='grc' dir='ltr'><strong>καὶ</strong></span> <span class='ocrx_word' id='word_1_353' title='bbox 1098 2976 1323 3045; x_wconf 81' lang='grc' dir='ltr'><strong>ὲρξθεια,</strong></span> <span class='ocrx_word' id='word_1_354' title='bbox 1353 2977 1467 3029; x_wconf 79' lang='grc' dir='ltr'><strong>ἐκεῖ</strong></span> <span class='ocrx_word' id='word_1_355' title='bbox 1509 2979 1713 3030; x_wconf 76' lang='grc' dir='ltr'><strong>ἀκαταο</strong></span> 
     </span>
    </p>
   </div>
   <div class='ocr_carea' id='block_1_48' title="bbox 172 3055 1715 3135">
    <p class='ocr_par' dir='ltr' id='par_1_48' title="bbox 172 3055 1715 3135">
     <span class='ocr_line' id='line_1_48' title="bbox 172 3055 1715 3135; baseline 0.004 -22"><span class='ocrx_word' id='word_1_356' title='bbox 172 3062 365 3115; x_wconf 87' lang='grc' dir='ltr'><strong>στασία</strong></span> <span class='ocrx_word' id='word_1_357' title='bbox 408 3064 501 3117; x_wconf 76' lang='grc' dir='ltr'><strong>καὶ</strong></span> <span class='ocrx_word' id='word_1_358' title='bbox 542 3064 650 3117; x_wconf 76' lang='grc' dir='ltr'><strong>πᾶν</strong></span> <span class='ocrx_word' id='word_1_359' title='bbox 681 3062 884 3132; x_wconf 82' lang='grc' dir='ltr'><strong>φαῦλον</strong></span> <span class='ocrx_word' id='word_1_360' title='bbox 922 3066 1177 3134; x_wconf 76' lang='grc' dir='ltr'><strong>πρᾶγμα.</strong></span> <span class='ocrx_word' id='word_1_361' title='bbox 1214 3083 1233 3116; x_wconf 70' lang='grc' dir='ltr'><strong>ι</strong></span> <span class='ocrx_word' id='word_1_362' title='bbox 1282 3055 1715 3135; x_wconf 73' lang='grc' dir='ltr'><strong>Δελήθαμενοῦν</strong></span> 
     </span>
    </p>
   </div>
   <div class='ocr_carea' id='block_1_49' title="bbox 170 3151 1711 3225">
    <p class='ocr_par' dir='ltr' id='par_1_49' title="bbox 170 3151 1711 3225">
     <span class='ocr_line' id='line_1_49' title="bbox 170 3151 1711 3225; baseline 0.003 -22"><span class='ocrx_word' id='word_1_363' title='bbox 170 3153 226 3205; x_wconf 64' lang='grc' dir='ltr'><strong>ἐν</strong></span> <span class='ocrx_word' id='word_1_364' title='bbox 268 3151 376 3205; x_wconf 88' lang='grc' dir='ltr'><strong>τίνι</strong></span> <span class='ocrx_word' id='word_1_365' title='bbox 418 3151 892 3224; x_wconf 57' lang='grc' dir='ltr'><strong>συνεληλύθαμεν</strong></span> <span class='ocrx_word' id='word_1_366' title='bbox 938 3153 1001 3206; x_wconf 82' lang='grc' dir='ltr'><strong>οὐ</strong></span> <span class='ocrx_word' id='word_1_367' title='bbox 1042 3153 1371 3208; x_wconf 77' lang='grc' dir='ltr'><strong>κοινοθιάται</strong></span> <span class='ocrx_word' id='word_1_368' title='bbox 1402 3154 1711 3225; x_wconf 63' lang='grc' dir='ltr'><strong>γενόμενον</strong></span> 
     </span>
    </p>
   </div>
   <div class='ocr_carea' id='block_1_50' title="bbox 168 3222 1715 3313">
    <p class='ocr_par' dir='ltr' id='par_1_50' title="bbox 168 3222 1715 3313">
     <span class='ocr_line' id='line_1_50' title="bbox 168 3222 1715 3313; baseline 0.002 -21"><span class='ocrx_word' id='word_1_369' title='bbox 168 3238 278 3293; x_wconf 76' lang='grc' dir='ltr'><strong>ἀλλ’</strong></span> <span class='ocrx_word' id='word_1_370' title='bbox 310 3222 605 3311; x_wconf 76' lang='grc' dir='ltr'><strong>ιδιόρυθμοι</strong></span> <span class='ocrx_word' id='word_1_371' title='bbox 627 3240 719 3293; x_wconf 70' lang='grc' dir='ltr'><strong>καὶ</strong></span> <span class='ocrx_word' id='word_1_372' title='bbox 745 3240 1180 3310; x_wconf 86' lang='grc' dir='ltr'><strong>πραγματευταί.</strong></span> <span class='ocrx_word' id='word_1_373' title='bbox 1197 3238 1361 3294; x_wconf 87' lang='grc' dir='ltr'><strong>Ὅταν</strong></span> <span class='ocrx_word' id='word_1_374' title='bbox 1380 3222 1486 3313; x_wconf 72' lang='grc' dir='ltr'><strong>γὰρ</strong></span> <span class='ocrx_word' id='word_1_375' title='bbox 1569 3244 1715 3312; x_wconf 78' lang='grc' dir='ltr'><strong>ισχυ-</strong></span> 
     </span>
    </p>
   </div>
   <div class='ocr_carea' id='block_1_51' title="bbox 172 3329 1718 3402">
    <p class='ocr_par' dir='ltr' id='par_1_51' title="bbox 172 3329 1718 3402">
     <span class='ocr_line' id='line_1_51' title="bbox 172 3329 1718 3402; baseline 0.003 -20"><span class='ocrx_word' id='word_1_376' title='bbox 172 3330 260 3400; x_wconf 74' lang='grc' dir='ltr'>ρὸς</span> <span class='ocrx_word' id='word_1_377' title='bbox 284 3331 381 3383; x_wconf 77' lang='grc' dir='ltr'><strong>καὶ</strong></span> <span class='ocrx_word' id='word_1_378' title='bbox 411 3329 680 3402; x_wconf 78' lang='grc' dir='ltr'><strong>εὔρωστος</strong></span> <span class='ocrx_word' id='word_1_379' title='bbox 703 3331 764 3384; x_wconf 82' lang='grc' dir='ltr'>οὐ</span> <span class='ocrx_word' id='word_1_380' title='bbox 788 3332 1031 3383; x_wconf 83' lang='grc' dir='ltr'><strong>κοινωνεί</strong></span> <span class='ocrx_word' id='word_1_381' title='bbox 1047 3330 1127 3401; x_wconf 80' lang='grc' dir='ltr'><strong>τῷ</strong></span> <span class='ocrx_word' id='word_1_382' title='bbox 1155 3332 1411 3401; x_wconf 82' lang='grc' dir='ltr'><strong>πάσχοντι</strong></span> <span class='ocrx_word' id='word_1_383' title='bbox 1446 3333 1538 3387; x_wconf 82' lang='grc' dir='ltr'><strong>καὶ</strong></span> <span class='ocrx_word' id='word_1_384' title='bbox 1557 3331 1718 3386; x_wconf 85' lang='grc' dir='ltr'><strong>ἀσθε-</strong></span> 
     </span>
    </p>
   </div>
   <div class='ocr_carea' id='block_1_52' title="bbox 168 3418 1717 3496">
    <p class='ocr_par' dir='ltr' id='par_1_52' title="bbox 168 3418 1717 3496">
     <span class='ocr_line' id='line_1_52' title="bbox 168 3418 1717 3496; baseline 0.001 -21"><span class='ocrx_word' id='word_1_385' title='bbox 168 3418 343 3476; x_wconf 79' lang='grc' dir='ltr'><strong>νοῦντι</strong></span> <span class='ocrx_word' id='word_1_386' title='bbox 364 3457 380 3484; x_wconf 84' lang='grc'><strong>,</strong></span> <span class='ocrx_word' id='word_1_387' title='bbox 402 3418 661 3472; x_wconf 83' lang='grc' dir='ltr'><strong>διακονῶν</strong></span> <span class='ocrx_word' id='word_1_388' title='bbox 687 3421 743 3472; x_wconf 70' lang='grc' dir='ltr'><strong>ὲν</strong></span> <span class='ocrx_word' id='word_1_389' title='bbox 766 3420 877 3482; x_wconf 74' lang='grc' dir='ltr'>τοὶς</span> <span class='ocrx_word' id='word_1_390' title='bbox 903 3419 1217 3486; x_wconf 68' lang='grc' dir='ltr'><strong>ἀναγκαίοις</strong></span> <span class='ocrx_word' id='word_1_391' title='bbox 1231 3461 1246 3484; x_wconf 87' lang='grc'><strong>,</strong></span> <span class='ocrx_word' id='word_1_392' title='bbox 1270 3421 1403 3474; x_wconf 77' lang='grc' dir='ltr'><strong>ἀλλὰ</strong></span> <span class='ocrx_word' id='word_1_393' title='bbox 1425 3422 1562 3491; x_wconf 72' lang='grc' dir='ltr'><strong>μετὰ</strong></span> <span class='ocrx_word' id='word_1_394' title='bbox 1580 3425 1717 3496; x_wconf 79' lang='grc' dir='ltr'><strong>παρ-</strong></span> 
     </span>
    </p>
   </div>
   <div class='ocr_carea' id='block_1_53' title="bbox 170 3509 1712 3581">
    <p class='ocr_par' dir='ltr' id='par_1_53' title="bbox 170 3509 1712 3581">
     <span class='ocr_line' id='line_1_53' title="bbox 170 3509 1712 3581; baseline 0.003 -20"><span class='ocrx_word' id='word_1_395' title='bbox 170 3509 361 3581; x_wconf 76' lang='grc' dir='ltr'><strong>ρησίας</strong></span> <span class='ocrx_word' id='word_1_396' title='bbox 392 3509 538 3577; x_wconf 78' lang='grc' dir='ltr'><strong>λέγει</strong></span> <span class='ocrx_word' id='word_1_397' title='bbox 565 3526 579 3538; x_wconf 79' lang='lat'><strong><em>°</em></strong></span> <span class='ocrx_word' id='word_1_398' title='bbox 611 3510 868 3563; x_wconf 81' lang='grc' dir='ltr'><strong>Κοπιάτω</strong></span> <span class='ocrx_word' id='word_1_399' title='bbox 896 3509 971 3575; x_wconf 83' lang='grc' dir='ltr'><strong>ὡς</strong></span> <span class='ocrx_word' id='word_1_400' title='bbox 1009 3512 1118 3578; x_wconf 69' lang='grc' dir='ltr'><strong>ἐγώ</strong></span> <span class='ocrx_word' id='word_1_401' title='bbox 1138 3525 1153 3542; x_wconf 77' lang='grc' dir='ltr'><strong><em>ο</em></strong></span> <span class='ocrx_word' id='word_1_402' title='bbox 1196 3509 1428 3572; x_wconf 44' lang='grc' dir='ltr'><strong>ισθιέτω,</strong></span> <span class='ocrx_word' id='word_1_403' title='bbox 1459 3513 1525 3565; x_wconf 86' lang='grc' dir='ltr'><strong>τά</strong></span> <span class='ocrx_word' id='word_1_404' title='bbox 1553 3513 1712 3576; x_wconf 74' lang='grc' dir='ltr'><strong>αὐτὰ,</strong></span> 
     </span>
    </p>
   </div>
   <div class='ocr_carea' id='block_1_54' title="bbox 170 3599 1717 3675">
    <p class='ocr_par' dir='ltr' id='par_1_54' title="bbox 170 3599 1717 3675">
     <span class='ocr_line' id='line_1_54' title="bbox 170 3599 1717 3675; baseline 0.002 -22"><span class='ocrx_word' id='word_1_405' title='bbox 170 3599 285 3663; x_wconf 77' lang='grc' dir='ltr'><strong>πῶς</strong></span> <span class='ocrx_word' id='word_1_406' title='bbox 302 3601 404 3653; x_wconf 82' lang='grc' dir='ltr'><strong>οὐκ</strong></span> <span class='ocrx_word' id='word_1_407' title='bbox 423 3600 784 3670; x_wconf 82' lang='grc' dir='ltr'><strong>άσπλαγχνία,</strong></span> <span class='ocrx_word' id='word_1_408' title='bbox 810 3601 901 3654; x_wconf 69' lang='grc' dir='ltr'><strong>καὶ</strong></span> <span class='ocrx_word' id='word_1_409' title='bbox 945 3600 1268 3671; x_wconf 83' lang='grc' dir='ltr'><strong>ἀναλγησία,</strong></span> <span class='ocrx_word' id='word_1_410' title='bbox 1326 3602 1422 3656; x_wconf 83' lang='grc' dir='ltr'><strong>καὶ</strong></span> <span class='ocrx_word' id='word_1_411' title='bbox 1459 3603 1717 3675; x_wconf 81' lang='grc' dir='ltr'><strong>διαίρεσις</strong></span> 
     </span>
    </p>
   </div>
   <div class='ocr_carea' id='block_1_55' title="bbox 168 3687 1146 3757">
    <p class='ocr_par' dir='ltr' id='par_1_55' title="bbox 168 3687 1146 3757">
     <span class='ocr_line' id='line_1_55' title="bbox 168 3687 1146 3757; baseline 0.004 -20"><span class='ocrx_word' id='word_1_412' title='bbox 168 3687 257 3740; x_wconf 76' lang='grc' dir='ltr'><strong>τοῦ</strong></span> <span class='ocrx_word' id='word_1_413' title='bbox 281 3687 650 3757; x_wconf 79' lang='grc' dir='ltr'><strong>πνευματικοῦ</strong></span> <span class='ocrx_word' id='word_1_414' title='bbox 676 3689 770 3742; x_wconf 74' lang='grc' dir='ltr'><strong>καὶ</strong></span> <span class='ocrx_word' id='word_1_415' title='bbox 791 3688 967 3742; x_wconf 87' lang='grc' dir='ltr'><strong>κοινοῦ</strong></span> <span class='ocrx_word' id='word_1_416' title='bbox 996 3688 1146 3757; x_wconf 79' lang='grc' dir='ltr'>βίους</span> 
     </span>
    </p>
   </div>
   <div class='ocr_carea' id='block_1_56' title="bbox 238 3776 1716 3855">
    <p class='ocr_par' dir='ltr' id='par_1_56' title="bbox 238 3776 1716 3855">
     <span class='ocr_line' id='line_1_56' title="bbox 238 3776 1716 3855; baseline 0.002 -25"><span class='ocrx_word' id='word_1_417' title='bbox 238 3778 585 3847; x_wconf 80' lang='grc' dir='ltr'><strong>Πνευματικὴ</strong></span> <span class='ocrx_word' id='word_1_418' title='bbox 624 3776 732 3846; x_wconf 85' lang='grc' dir='ltr'><strong>γὰρ</strong></span> <span class='ocrx_word' id='word_1_419' title='bbox 757 3777 943 3848; x_wconf 80' lang='grc' dir='ltr'><strong>ἀγάπη</strong></span> <span class='ocrx_word' id='word_1_420' title='bbox 970 3780 1105 3855; x_wconf 70' lang='grc' dir='ltr'><strong>ἐστὶ,</strong></span> <span class='ocrx_word' id='word_1_421' title='bbox 1138 3779 1199 3831; x_wconf 84' lang='grc' dir='ltr'><strong>τὸ</strong></span> <span class='ocrx_word' id='word_1_422' title='bbox 1227 3777 1429 3832; x_wconf 80' lang='grc' dir='ltr'><strong>τιθέναι</strong></span> <span class='ocrx_word' id='word_1_423' title='bbox 1470 3781 1569 3849; x_wconf 78' lang='grc' dir='ltr'><strong>τὴν</strong></span> <span class='ocrx_word' id='word_1_424' title='bbox 1611 3781 1716 3850; x_wconf 83' lang='grc' dir='ltr'>ψυ-</span> 
     </span>
    </p>
   </div>
   <div class='ocr_carea' id='block_1_57' title="bbox 169 3863 1717 3939">
    <p class='ocr_par' dir='ltr' id='par_1_57' title="bbox 169 3863 1717 3939">
     <span class='ocr_line' id='line_1_57' title="bbox 169 3863 1717 3939; baseline 0.003 -20"><span class='ocrx_word' id='word_1_425' title='bbox 169 3868 269 3936; x_wconf 77' lang='grc' dir='ltr'><strong>χὴν</strong></span> <span class='ocrx_word' id='word_1_426' title='bbox 325 3867 470 3937; x_wconf 78' lang='grc' dir='ltr'><strong>ὑπὲρ</strong></span> <span class='ocrx_word' id='word_1_427' title='bbox 518 3865 613 3920; x_wconf 81' lang='grc' dir='ltr'><strong>τοῦ</strong></span> <span class='ocrx_word' id='word_1_428' title='bbox 655 3865 885 3935; x_wconf 78' lang='grc' dir='ltr'><strong>ἀδελφοῦ</strong></span> <span class='ocrx_word' id='word_1_429' title='bbox 927 3869 977 3920; x_wconf 80' lang='grc' dir='ltr'><strong>εί</strong></span> <span class='ocrx_word' id='word_1_430' title='bbox 1003 3866 1133 3921; x_wconf 76' lang='grc' dir='ltr'><strong>δέει.</strong></span> <span class='ocrx_word' id='word_1_431' title='bbox 1166 3868 1329 3922; x_wconf 84' lang='grc' dir='ltr'><strong>Ὅταν</strong></span> <span class='ocrx_word' id='word_1_432' title='bbox 1366 3863 1605 3924; x_wconf 75' lang='grc' dir='ltr'>οὖνούδὲ</span> <span class='ocrx_word' id='word_1_433' title='bbox 1640 3870 1717 3939; x_wconf 84' lang='grc' dir='ltr'><strong>τῷ</strong></span> 
     </span>
    </p>
   </div>
   <div class='ocr_carea' id='block_1_58' title="bbox 170 3957 1717 4029">
    <p class='ocr_par' dir='ltr' id='par_1_58' title="bbox 170 3957 1717 4029">
     <span class='ocr_line' id='line_1_58' title="bbox 170 3957 1717 4029; baseline 0.003 -19"><span class='ocrx_word' id='word_1_434' title='bbox 170 3958 382 4029; x_wconf 86' lang='grc' dir='ltr'><strong>σώματι</strong></span> <span class='ocrx_word' id='word_1_435' title='bbox 414 3958 853 4029; x_wconf 80' lang='grc' dir='ltr'><strong>ὑπερκοπιῶμεν,</strong></span> <span class='ocrx_word' id='word_1_436' title='bbox 883 3957 1148 4013; x_wconf 80' lang='grc' dir='ltr'><strong>κοινόσιον</strong></span> <span class='ocrx_word' id='word_1_437' title='bbox 1178 3958 1392 4029; x_wconf 66' lang='grc' dir='ltr'><strong>ἔχομεν,</strong></span> <span class='ocrx_word' id='word_1_438' title='bbox 1431 3960 1516 4013; x_wconf 81' lang='grc' dir='ltr'><strong>ἵνα</strong></span> <span class='ocrx_word' id='word_1_439' title='bbox 1542 3962 1599 4014; x_wconf 78' lang='grc' dir='ltr'><strong>αἱ</strong></span> <span class='ocrx_word' id='word_1_440' title='bbox 1623 3961 1717 4014; x_wconf 82' lang='grc' dir='ltr'><strong>τοῦ</strong></span> 
     </span>
    </p>
   </div>
   <div class='ocr_carea' id='block_1_59' title="bbox 168 4047 1719 4121">
    <p class='ocr_par' dir='ltr' id='par_1_59' title="bbox 168 4047 1719 4121">
     <span class='ocr_line' id='line_1_59' title="bbox 168 4047 1719 4121; baseline 0.001 -21"><span class='ocrx_word' id='word_1_441' title='bbox 168 4048 407 4117; x_wconf 79' lang='grc' dir='ltr'><strong>Χριστοῦ</strong></span> <span class='ocrx_word' id='word_1_442' title='bbox 440 4048 650 4101; x_wconf 73' lang='grc' dir='ltr'><strong>ἐντολαὶ</strong></span> <span class='ocrx_word' id='word_1_443' title='bbox 675 4049 731 4100; x_wconf 72' lang='grc' dir='ltr'><strong>ἐν</strong></span> <span class='ocrx_word' id='word_1_444' title='bbox 759 4048 889 4117; x_wconf 78' lang='grc' dir='ltr'><strong>ἡμῖν</strong></span> <span class='ocrx_word' id='word_1_445' title='bbox 923 4047 1254 4119; x_wconf 71' lang='grc' dir='ltr'><strong>πληρῶνται,</strong></span> <span class='ocrx_word' id='word_1_446' title='bbox 1279 4048 1312 4119; x_wconf 81' lang='grc' dir='ltr'>ἦ</span> <span class='ocrx_word' id='word_1_447' title='bbox 1344 4049 1432 4103; x_wconf 83' lang='grc' dir='ltr'><strong>ἶνα</strong></span> <span class='ocrx_word' id='word_1_448' title='bbox 1458 4065 1719 4121; x_wconf 79' lang='grc' dir='ltr'><strong>περιφρο-</strong></span> 
     </span>
    </p>
   </div>
   <div class='ocr_carea' id='block_1_60' title="bbox 170 4137 1719 4213">
    <p class='ocr_par' dir='ltr' id='par_1_60' title="bbox 170 4137 1719 4213">
     <span class='ocr_line' id='line_1_60' title="bbox 170 4137 1719 4213; baseline 0.003 -24"><span class='ocrx_word' id='word_1_449' title='bbox 170 4137 400 4203; x_wconf 77' lang='grc' dir='ltr'><strong>νῶν-ταις</strong></span> <span class='ocrx_word' id='word_1_450' title='bbox 430 4137 558 4208; x_wconf 74' lang='grc' dir='ltr'><strong>μένε</strong></span> <span class='ocrx_word' id='word_1_451' title='bbox 585 4138 768 4191; x_wconf 75' lang='grc' dir='ltr'><strong>λοιπον</strong></span> <span class='ocrx_word' id='word_1_452' title='bbox 793 4139 935 4201; x_wconf 82' lang='grc' dir='ltr'><strong>ίδίως</strong></span> <span class='ocrx_word' id='word_1_453' title='bbox 957 4154 971 4169; x_wconf 86' lang='grc'><strong>·</strong></span> <span class='ocrx_word' id='word_1_454' title='bbox 1008 4139 1088 4213; x_wconf 86' lang='grc' dir='ltr'><strong>μὴ</strong></span> <span class='ocrx_word' id='word_1_455' title='bbox 1115 4138 1362 4206; x_wconf 73' lang='grc' dir='ltr'><strong>κιϐδήλου</strong></span> <span class='ocrx_word' id='word_1_456' title='bbox 1389 4139 1478 4192; x_wconf 81' lang='grc' dir='ltr'><strong>τὸν</strong></span> <span class='ocrx_word' id='word_1_457' title='bbox 1499 4141 1719 4207; x_wconf 81' lang='grc' dir='ltr'><strong>ἀγγελι-</strong></span> 
     </span>
    </p>
   </div>
   <div class='ocr_carea' id='block_1_61' title="bbox 169 4218 1721 4303">
    <p class='ocr_par' dir='ltr' id='par_1_61' title="bbox 169 4218 1721 4303">
     <span class='ocr_line' id='line_1_61' title="bbox 169 4218 1721 4303; baseline 0.002 -22"><span class='ocrx_word' id='word_1_458' title='bbox 169 4227 263 4282; x_wconf 59' lang='lat' dir='ltr'><strong>xliv</strong></span> <span class='ocrx_word' id='word_1_459' title='bbox 295 4226 410 4298; x_wconf 84' lang='grc' dir='ltr'><strong>βίον</strong></span> <span class='ocrx_word' id='word_1_460' title='bbox 427 4243 441 4256; x_wconf 74' lang='grc' dir='ltr'><strong><em>ο</em></strong></span> <span class='ocrx_word' id='word_1_461' title='bbox 567 4228 858 4299; x_wconf 86' lang='grc' dir='ltr'><strong>κατηγόρει</strong></span> <span class='ocrx_word' id='word_1_462' title='bbox 889 4228 1122 4299; x_wconf 82' lang='grc' dir='ltr'><strong>Χριστοῦ</strong></span> <span class='ocrx_word' id='word_1_463' title='bbox 1143 4247 1157 4260; x_wconf 92' lang='grc'><strong>·</strong></span> <span class='ocrx_word' id='word_1_464' title='bbox 1183 4229 1353 4297; x_wconf 77' lang='grc' dir='ltr'><strong>λέγων</strong></span> <span class='ocrx_word' id='word_1_465' title='bbox 1373 4247 1386 4261; x_wconf 91' lang='grc'><strong>·</strong></span> <span class='ocrx_word' id='word_1_466' title='bbox 1419 4232 1531 4284; x_wconf 78' lang='grc' dir='ltr'><strong>Οὐκ</strong></span> <span class='ocrx_word' id='word_1_467' title='bbox 1554 4232 1721 4300; x_wconf 75' lang='grc' dir='ltr'><strong>ἐσμὲν</strong></span> 
     </span>
    </p>
   </div>
   <div class='ocr_carea' id='block_1_62' title="bbox 169 4318 1720 4390">
    <p class='ocr_par' dir='ltr' id='par_1_62' title="bbox 169 4318 1720 4390">
     <span class='ocr_line' id='line_1_62' title="bbox 169 4318 1720 4390; baseline 0.001 -19"><span class='ocrx_word' id='word_1_468' title='bbox 169 4318 241 4380; x_wconf 84' lang='grc' dir='ltr'>ὡς</span> <span class='ocrx_word' id='word_1_469' title='bbox 272 4320 303 4372; x_wconf 92' lang='lat'><strong>6</strong></span> <span class='ocrx_word' id='word_1_470' title='bbox 324 4318 575 4389; x_wconf 80' lang='grc' dir='ltr'><strong>Χριστὸς,</strong></span> <span class='ocrx_word' id='word_1_471' title='bbox 615 4318 699 4371; x_wconf 74' lang='grc' dir='ltr'><strong>ἵνα</strong></span> <span class='ocrx_word' id='word_1_472' title='bbox 728 4319 1077 4390; x_wconf 85' lang='grc' dir='ltr'><strong>κατορθῶμεν</strong></span> <span class='ocrx_word' id='word_1_473' title='bbox 1102 4318 1197 4381; x_wconf 69' lang='grc' dir='ltr'>τὰς</span> <span class='ocrx_word' id='word_1_474' title='bbox 1218 4319 1414 4389; x_wconf 79' lang='grc' dir='ltr'><strong>ἀρετὰς</strong></span> <span class='ocrx_word' id='word_1_475' title='bbox 1458 4318 1531 4382; x_wconf 88' lang='grc' dir='ltr'>ὼς</span> <span class='ocrx_word' id='word_1_476' title='bbox 1561 4320 1720 4383; x_wconf 83' lang='grc' dir='ltr'>αὐτὸς</span> 
     </span>
    </p>
   </div>
   <div class='ocr_carea' id='block_1_63' title="bbox 169 4409 1721 4481">
    <p class='ocr_par' dir='ltr' id='par_1_63' title="bbox 169 4409 1721 4481">
     <span class='ocr_line' id='line_1_63' title="bbox 169 4409 1721 4481; baseline 0.002 -20"><span class='ocrx_word' id='word_1_477' title='bbox 169 4409 408 4480; x_wconf 73' lang='grc' dir='ltr'><strong>ἐπλήρου</strong></span> <span class='ocrx_word' id='word_1_478' title='bbox 433 4425 447 4439; x_wconf 83' lang='lat'><strong><em>&#39;</em></strong></span> <span class='ocrx_word' id='word_1_479' title='bbox 504 4410 695 4463; x_wconf 78' lang='grc' dir='ltr'><strong>ἑαυτὸν</strong></span> <span class='ocrx_word' id='word_1_480' title='bbox 745 4411 1101 4481; x_wconf 62' lang='grc' dir='ltr'><strong>ἀπεχωρίζων</strong></span> <span class='ocrx_word' id='word_1_481' title='bbox 1149 4410 1334 4464; x_wconf 69' lang='grc' dir='ltr'><strong>αὐτοῦ.</strong></span> <span class='ocrx_word' id='word_1_482' title='bbox 1370 4411 1507 4481; x_wconf 76' lang='grc' dir='ltr'><strong>Φησὶ</strong></span> <span class='ocrx_word' id='word_1_483' title='bbox 1546 4412 1654 4481; x_wconf 82' lang='grc' dir='ltr'><strong>γὰρ</strong></span> <span class='ocrx_word' id='word_1_484' title='bbox 1693 4414 1721 4464; x_wconf 91' lang='lat'><strong>6</strong></span> 
     </span>
    </p>
   </div>
   <div class='ocr_carea' id='block_1_64' title="bbox 1809 1983 3347 2047">
    <p class='ocr_par' dir='ltr' id='par_1_64' title="bbox 1809 1983 3347 2047">
     <span class='ocr_line' id='line_1_64' title="bbox 1809 1983 3347 2047; baseline -0.008 0"><span class='ocrx_word' id='word_1_485' title='bbox 1809 1994 1868 2047; x_wconf 85' lang='lat' dir='ltr'><strong>Et</strong></span> <span class='ocrx_word' id='word_1_486' title='bbox 1893 1995 1957 2047; x_wconf 87' lang='lat' dir='ltr'><strong>ad</strong></span> <span class='ocrx_word' id='word_1_487' title='bbox 1989 1991 2303 2047; x_wconf 85' lang='lat' dir='ltr'><strong>Corinthios</strong></span> <span class='ocrx_word' id='word_1_488' title='bbox 2335 2009 2347 2044; x_wconf 89' lang='lat'><strong>:</strong></span> <span class='ocrx_word' id='word_1_489' title='bbox 2385 2009 2400 2040; x_wconf 86' lang='grc' dir='ltr'><strong>ι</strong></span> <span class='ocrx_word' id='word_1_490' title='bbox 2439 1988 2565 2043; x_wconf 85' lang='lat' dir='ltr'><strong>Siue</strong></span> <span class='ocrx_word' id='word_1_491' title='bbox 2603 1987 2903 2043; x_wconf 80' lang='lat' dir='ltr'><strong>offensione</strong></span> <span class='ocrx_word' id='word_1_492' title='bbox 2932 1996 3103 2041; x_wconf 83' lang='lat' dir='ltr'><strong>estote</strong></span> <span class='ocrx_word' id='word_1_493' title='bbox 3127 1983 3347 2043; x_wconf 67' lang='lat' dir='ltr'><strong>Iudaeis,</strong></span> 
     </span>
    </p>
   </div>
   <div class='ocr_carea' id='block_1_65' title="bbox 1807 2062 3402 2155">
    <p class='ocr_par' dir='ltr' id='par_1_65' title="bbox 1807 2062 3402 2155">
     <span class='ocr_line' id='line_1_65' title="bbox 1807 2062 3402 2155; baseline -0.009 -15"><span class='ocrx_word' id='word_1_494' title='bbox 1807 2095 1860 2140; x_wconf 88' lang='lat' dir='ltr'><strong>et</strong></span> <span class='ocrx_word' id='word_1_495' title='bbox 1886 2085 2156 2155; x_wconf 81' lang='lat' dir='ltr'><strong>gentibus,</strong></span> <span class='ocrx_word' id='word_1_496' title='bbox 2187 2094 2239 2136; x_wconf 91' lang='lat' dir='ltr'><strong>et</strong></span> <span class='ocrx_word' id='word_1_497' title='bbox 2273 2083 2524 2137; x_wconf 72' lang='lat' dir='ltr'><strong>Ecclesia:</strong></span> <span class='ocrx_word' id='word_1_498' title='bbox 2550 2081 2661 2145; x_wconf 82' lang='lat' dir='ltr'><strong>Dei,</strong></span> <span class='ocrx_word' id='word_1_499' title='bbox 2697 2082 2835 2133; x_wconf 85' lang='lat' dir='ltr'><strong>sicut</strong></span> <span class='ocrx_word' id='word_1_500' title='bbox 2863 2088 2914 2132; x_wconf 87' lang='lat' dir='ltr'><strong>et</strong></span> <span class='ocrx_word' id='word_1_501' title='bbox 2938 2094 3037 2146; x_wconf 80' lang='lat' dir='ltr'><strong>ego</strong></span> <span class='ocrx_word' id='word_1_502' title='bbox 3059 2092 3151 2146; x_wconf 84' lang='lat' dir='ltr'><strong>per</strong></span> <span class='ocrx_word' id='word_1_503' title='bbox 3170 2077 3348 2128; x_wconf 68' lang='lat' dir='ltr'><strong>omnis</strong></span> <span class='ocrx_word' id='word_1_504' title='bbox 3399 2062 3402 2066; x_wconf 59' lang='grc'><strong>’</strong></span> 
     </span>
    </p>
   </div>
   <div class='ocr_carea' id='block_1_66' title="bbox 1809 2164 3349 2241">
    <p class='ocr_par' dir='ltr' id='par_1_66' title="bbox 1809 2164 3349 2241">
     <span class='ocr_line' id='line_1_66' title="bbox 1809 2164 3349 2241; baseline -0.008 -13"><span class='ocrx_word' id='word_1_505' title='bbox 1809 2176 1862 2229; x_wconf 86' lang='lat' dir='ltr'><strong>in</strong></span> <span class='ocrx_word' id='word_1_506' title='bbox 1891 2174 2144 2229; x_wconf 89' lang='lat' dir='ltr'><strong>omnibus</strong></span> <span class='ocrx_word' id='word_1_507' title='bbox 2169 2173 2377 2241; x_wconf 76' lang='lat' dir='ltr'><strong>placere</strong></span> <span class='ocrx_word' id='word_1_508' title='bbox 2404 2171 2616 2233; x_wconf 72' lang='lat' dir='ltr'><strong>studeo,</strong></span> <span class='ocrx_word' id='word_1_509' title='bbox 2640 2184 2745 2223; x_wconf 91' lang='lat' dir='ltr'><strong>non</strong></span> <span class='ocrx_word' id='word_1_510' title='bbox 2775 2169 3025 2237; x_wconf 63' lang='lat' dir='ltr'><strong>quaerens</strong></span> <span class='ocrx_word' id='word_1_511' title='bbox 3049 2166 3190 2234; x_wconf 81' lang='lat' dir='ltr'><strong>quod</strong></span> <span class='ocrx_word' id='word_1_512' title='bbox 3219 2164 3349 2216; x_wconf 75' lang='grc' dir='ltr'><strong>ιιιίιεί</strong></span> 
     </span>
    </p>
   </div>
   <div class='ocr_carea' id='block_1_67' title="bbox 1809 2253 3347 2332">
    <p class='ocr_par' dir='ltr' id='par_1_67' title="bbox 1809 2253 3347 2332">
     <span class='ocr_line' id='line_1_67' title="bbox 1809 2253 3347 2332; baseline -0.01 -13"><span class='ocrx_word' id='word_1_513' title='bbox 1809 2267 1935 2319; x_wconf 86' lang='lat' dir='ltr'><strong>utile</strong></span> <span class='ocrx_word' id='word_1_514' title='bbox 1962 2274 2065 2329; x_wconf 88' lang='lat' dir='ltr'><strong>est,</strong></span> <span class='ocrx_word' id='word_1_515' title='bbox 2103 2263 2195 2319; x_wconf 71' lang='lat' dir='ltr'><strong>sed</strong></span> <span class='ocrx_word' id='word_1_516' title='bbox 2233 2263 2374 2332; x_wconf 89' lang='lat' dir='ltr'><strong>quod</strong></span> <span class='ocrx_word' id='word_1_517' title='bbox 2412 2261 2615 2323; x_wconf 90' lang='lat' dir='ltr'><strong>multis,</strong></span> <span class='ocrx_word' id='word_1_518' title='bbox 2649 2268 2705 2313; x_wconf 91' lang='lat' dir='ltr'><strong>ut</strong></span> <span class='ocrx_word' id='word_1_519' title='bbox 2728 2258 2858 2326; x_wconf 66' lang='lat' dir='ltr'><strong>salvi</strong></span> <span class='ocrx_word' id='word_1_520' title='bbox 2892 2257 3022 2311; x_wconf 86' lang='lat' dir='ltr'><strong>fiant</strong></span> <span class='ocrx_word' id='word_1_521' title='bbox 3039 2255 3082 2311; x_wconf 89' lang='grc'><strong>³.</strong></span> <span class='ocrx_word' id='word_1_522' title='bbox 3143 2274 3160 2305; x_wconf 81' lang='grc' dir='ltr'><strong>ι</strong></span> <span class='ocrx_word' id='word_1_523' title='bbox 3197 2253 3260 2306; x_wconf 87' lang='lat' dir='ltr'><strong>Et</strong></span> <span class='ocrx_word' id='word_1_524' title='bbox 3285 2253 3347 2304; x_wconf 76' lang='lat' dir='ltr'><strong>ad</strong></span> 
     </span>
    </p>
   </div>
   <div class='ocr_carea' id='block_1_68' title="bbox 1810 2344 3351 2421">
    <p class='ocr_par' dir='ltr' id='par_1_68' title="bbox 1810 2344 3351 2421">
     <span class='ocr_line' id='line_1_68' title="bbox 1810 2344 3351 2421; baseline -0.009 -11"><span class='ocrx_word' id='word_1_525' title='bbox 1810 2354 2028 2410; x_wconf 80' lang='lat' dir='ltr'><strong>Galatas</strong></span> <span class='ocrx_word' id='word_1_526' title='bbox 2063 2373 2076 2409; x_wconf 89' lang='lat'><strong>:</strong></span> <span class='ocrx_word' id='word_1_527' title='bbox 2120 2374 2138 2404; x_wconf 73' lang='grc' dir='ltr'><strong>«ι</strong></span> <span class='ocrx_word' id='word_1_528' title='bbox 2171 2351 2226 2407; x_wconf 91' lang='lat' dir='ltr'><strong>Si</strong></span> <span class='ocrx_word' id='word_1_529' title='bbox 2268 2362 2675 2421; x_wconf 74' lang='lat' dir='ltr'><strong>praeoccupatus</strong></span> <span class='ocrx_word' id='word_1_530' title='bbox 2707 2346 2869 2401; x_wconf 88' lang='lat' dir='ltr'><strong>fuerit</strong></span> <span class='ocrx_word' id='word_1_531' title='bbox 2896 2347 3059 2399; x_wconf 91' lang='lat' dir='ltr'><strong>homo</strong></span> <span class='ocrx_word' id='word_1_532' title='bbox 3087 2344 3138 2397; x_wconf 91' lang='lat' dir='ltr'><strong>in</strong></span> <span class='ocrx_word' id='word_1_533' title='bbox 3173 2344 3351 2411; x_wconf 83' lang='lat' dir='ltr'><strong>aliquo</strong></span> 
     </span>
    </p>
   </div>
   <div class='ocr_carea' id='block_1_69' title="bbox 1809 2429 3353 2511">
    <p class='ocr_par' dir='ltr' id='par_1_69' title="bbox 1809 2429 3353 2511">
     <span class='ocr_line' id='line_1_69' title="bbox 1809 2429 3353 2511; baseline -0.01 -14"><span class='ocrx_word' id='word_1_534' title='bbox 1809 2445 2021 2508; x_wconf 87' lang='lat' dir='ltr'><strong>delicto,</strong></span> <span class='ocrx_word' id='word_1_535' title='bbox 2057 2458 2153 2498; x_wconf 87' lang='lat' dir='ltr'><strong>vos</strong></span> <span class='ocrx_word' id='word_1_536' title='bbox 2198 2442 2288 2511; x_wconf 89' lang='lat' dir='ltr'><strong>qui</strong></span> <span class='ocrx_word' id='word_1_537' title='bbox 2324 2441 2456 2495; x_wconf 87' lang='lat' dir='ltr'><strong>estis</strong></span> <span class='ocrx_word' id='word_1_538' title='bbox 2495 2440 2822 2508; x_wconf 87' lang='lat' dir='ltr'><strong>spirituales,</strong></span> <span class='ocrx_word' id='word_1_539' title='bbox 2853 2434 3163 2505; x_wconf 75' lang='lat' dir='ltr'><strong>huiusmodi</strong></span> <span class='ocrx_word' id='word_1_540' title='bbox 3196 2429 3353 2488; x_wconf 69' lang='lat' dir='ltr'><strong>inisti-</strong></span> 
     </span>
    </p>
   </div>
   <div class='ocr_carea' id='block_1_70' title="bbox 1810 2525 3351 2601">
    <p class='ocr_par' dir='ltr' id='par_1_70' title="bbox 1810 2525 3351 2601">
     <span class='ocr_line' id='line_1_70' title="bbox 1810 2525 3351 2601; baseline -0.008 -14"><span class='ocrx_word' id='word_1_541' title='bbox 1810 2534 1942 2587; x_wconf 89' lang='lat' dir='ltr'><strong>tuite</strong></span> <span class='ocrx_word' id='word_1_542' title='bbox 1976 2534 2028 2585; x_wconf 91' lang='lat' dir='ltr'><strong>in</strong></span> <span class='ocrx_word' id='word_1_543' title='bbox 2055 2533 2247 2601; x_wconf 87' lang='lat' dir='ltr'><strong>spiritu</strong></span> <span class='ocrx_word' id='word_1_544' title='bbox 2278 2527 2536 2592; x_wconf 76' lang='lat' dir='ltr'><strong>lenitatis,</strong></span> <span class='ocrx_word' id='word_1_545' title='bbox 2562 2526 2914 2581; x_wconf 85' lang='lat' dir='ltr'><strong>considerans</strong></span> <span class='ocrx_word' id='word_1_546' title='bbox 2938 2525 3190 2591; x_wconf 86' lang='lat' dir='ltr'><strong>teipsum,</strong></span> <span class='ocrx_word' id='word_1_547' title='bbox 3215 2536 3279 2574; x_wconf 90' lang='lat' dir='ltr'><strong>ne</strong></span> <span class='ocrx_word' id='word_1_548' title='bbox 3300 2534 3351 2574; x_wconf 82' lang='lat' dir='ltr'><strong>et</strong></span> 
     </span>
    </p>
   </div>
   <div class='ocr_carea' id='block_1_71' title="bbox 1772 2613 3354 2684">
    <p class='ocr_par' dir='ltr' id='par_1_71' title="bbox 1772 2613 3354 2684">
     <span class='ocr_line' id='line_1_71' title="bbox 1772 2613 3354 2684; baseline -0.013 -4"><span class='ocrx_word' id='word_1_549' title='bbox 1772 2676 1780 2681; x_wconf 88' lang='lat'><strong>.</strong></span> <span class='ocrx_word' id='word_1_550' title='bbox 1811 2632 1868 2679; x_wconf 87' lang='lat' dir='ltr'><strong>tu</strong></span> <span class='ocrx_word' id='word_1_551' title='bbox 1901 2623 2140 2678; x_wconf 85' lang='lat' dir='ltr'><strong>tenteris.</strong></span> <span class='ocrx_word' id='word_1_552' title='bbox 2173 2622 2321 2676; x_wconf 79' lang='lat' dir='ltr'><strong>Alter</strong></span> <span class='ocrx_word' id='word_1_553' title='bbox 2355 2618 2579 2674; x_wconf 82' lang='lat' dir='ltr'><strong>alterius</strong></span> <span class='ocrx_word' id='word_1_554' title='bbox 2610 2631 2770 2671; x_wconf 85' lang='lat' dir='ltr'><strong>onera</strong></span> <span class='ocrx_word' id='word_1_555' title='bbox 2809 2622 3038 2684; x_wconf 84' lang='lat' dir='ltr'><strong>portate.</strong></span> <span class='ocrx_word' id='word_1_556' title='bbox 3069 2621 3122 2664; x_wconf 88' lang='lat' dir='ltr'><strong>et</strong></span> <span class='ocrx_word' id='word_1_557' title='bbox 3152 2613 3230 2666; x_wconf 87' lang='lat' dir='ltr'><strong>sic</strong></span> <span class='ocrx_word' id='word_1_558' title='bbox 3260 2613 3354 2663; x_wconf 82' lang='lat' dir='ltr'><strong>ad-</strong></span> 
     </span>
    </p>
   </div>
   <div class='ocr_carea' id='block_1_72' title="bbox 1812 2696 3351 2781">
    <p class='ocr_par' dir='ltr' id='par_1_72' title="bbox 1812 2696 3351 2781">
     <span class='ocr_line' id='line_1_72' title="bbox 1812 2696 3351 2781; baseline -0.011 -13"><span class='ocrx_word' id='word_1_559' title='bbox 1812 2711 2100 2781; x_wconf 87' lang='lat' dir='ltr'><strong>implebitis</strong></span> <span class='ocrx_word' id='word_1_560' title='bbox 2155 2711 2323 2780; x_wconf 89' lang='lat' dir='ltr'><strong>legem</strong></span> <span class='ocrx_word' id='word_1_561' title='bbox 2374 2707 2638 2762; x_wconf 71' lang='lat' dir='ltr'><strong>Christi‘.</strong></span> <span class='ocrx_word' id='word_1_562' title='bbox 2676 2726 2694 2758; x_wconf 79' lang='grc'><strong>›</strong></span> <span class='ocrx_word' id='word_1_563' title='bbox 2751 2705 2818 2760; x_wconf 87' lang='lat' dir='ltr'><strong>Et</strong></span> <span class='ocrx_word' id='word_1_564' title='bbox 2870 2702 3153 2758; x_wconf 69' lang='lat' dir='ltr'><strong>lacubus:</strong></span> <span class='ocrx_word' id='word_1_565' title='bbox 3201 2719 3218 2750; x_wconf 82' lang='grc' dir='ltr'><strong>ι</strong></span> <span class='ocrx_word' id='word_1_566' title='bbox 3250 2696 3351 2753; x_wconf 75' lang='lat' dir='ltr'><strong>Ubi</strong></span> 
     </span>
    </p>
   </div>
   <div class='ocr_carea' id='block_1_73' title="bbox 1812 2790 3354 2871">
    <p class='ocr_par' dir='ltr' id='par_1_73' title="bbox 1812 2790 3354 2871">
     <span class='ocr_line' id='line_1_73' title="bbox 1812 2790 3354 2871; baseline -0.01 -16"><span class='ocrx_word' id='word_1_567' title='bbox 1812 2800 2070 2871; x_wconf 86' lang='lat' dir='ltr'><strong>z&#39;elotypia</strong></span> <span class='ocrx_word' id='word_1_568' title='bbox 2100 2809 2153 2854; x_wconf 90' lang='lat' dir='ltr'><strong>et</strong></span> <span class='ocrx_word' id='word_1_569' title='bbox 2194 2798 2538 2866; x_wconf 78' lang='lat' dir='ltr'><strong>disceptatio,</strong></span> <span class='ocrx_word' id='word_1_570' title='bbox 2574 2796 2646 2848; x_wconf 85' lang='lat' dir='ltr'><strong>ibi</strong></span> <span class='ocrx_word' id='word_1_571' title='bbox 2678 2793 2975 2849; x_wconf 81' lang='lat' dir='ltr'><strong>destructio</strong></span> <span class='ocrx_word' id='word_1_572' title='bbox 3000 2801 3053 2845; x_wconf 89' lang='lat' dir='ltr'><strong>et</strong></span> <span class='ocrx_word' id='word_1_573' title='bbox 3076 2790 3354 2859; x_wconf 72' lang='lat' dir='ltr'><strong>quodcun-</strong></span> 
     </span>
    </p>
   </div>
   <div class='ocr_carea' id='block_1_74' title="bbox 1812 2877 3354 2961">
    <p class='ocr_par' dir='ltr' id='par_1_74' title="bbox 1812 2877 3354 2961">
     <span class='ocr_line' id='line_1_74' title="bbox 1812 2877 3354 2961; baseline -0.012 -15"><span class='ocrx_word' id='word_1_574' title='bbox 1812 2907 1916 2961; x_wconf 87' lang='lat' dir='ltr'><strong>que</strong></span> <span class='ocrx_word' id='word_1_575' title='bbox 1945 2890 2143 2944; x_wconf 87' lang='lat' dir='ltr'><strong>malum</strong></span> <span class='ocrx_word' id='word_1_576' title='bbox 2161 2888 2203 2942; x_wconf 86' lang='lat'><strong>&#39;.</strong></span> <span class='ocrx_word' id='word_1_577' title='bbox 2237 2877 2270 2940; x_wconf 79' lang='grc' dir='ltr'><strong>ι’</strong></span> <span class='ocrx_word' id='word_1_578' title='bbox 2298 2885 2405 2941; x_wconf 70' lang='lat' dir='ltr'><strong>Nos</strong></span> <span class='ocrx_word' id='word_1_579' title='bbox 2448 2884 2585 2955; x_wconf 88' lang='lat' dir='ltr'><strong>fugit</strong></span> <span class='ocrx_word' id='word_1_580' title='bbox 2615 2885 2666 2938; x_wconf 91' lang='lat' dir='ltr'><strong>in</strong></span> <span class='ocrx_word' id='word_1_581' title='bbox 2698 2898 2805 2953; x_wconf 85' lang='lat' dir='ltr'><strong>qna</strong></span> <span class='ocrx_word' id='word_1_582' title='bbox 2840 2878 3190 2961; x_wconf 85' lang='lat' dir='ltr'><strong>(conditione)</strong></span> <span class='ocrx_word' id='word_1_583' title='bbox 3219 2893 3354 2931; x_wconf 84' lang='lat' dir='ltr'><strong>con-</strong></span> 
     </span>
    </p>
   </div>
   <div class='ocr_carea' id='block_1_75' title="bbox 1813 2956 3355 3046">
    <p class='ocr_par' dir='ltr' id='par_1_75' title="bbox 1813 2956 3355 3046">
     <span class='ocr_line' id='line_1_75' title="bbox 1813 2956 3355 3046; baseline -0.011 -10"><span class='ocrx_word' id='word_1_584' title='bbox 1813 2956 2080 3046; x_wconf 78' lang='lat' dir='ltr'><strong>venimus,</strong></span> <span class='ocrx_word' id='word_1_585' title='bbox 2129 2994 2234 3034; x_wconf 91' lang='lat' dir='ltr'><strong>non</strong></span> <span class='ocrx_word' id='word_1_586' title='bbox 2293 2974 2576 3032; x_wconf 65' lang='lat' dir='ltr'><strong>coenobiue</strong></span> <span class='ocrx_word' id='word_1_587' title='bbox 2607 2974 2761 3036; x_wconf 85' lang='lat' dir='ltr'><strong>facti,</strong></span> <span class='ocrx_word' id='word_1_588' title='bbox 2792 2973 2884 3027; x_wconf 89' lang='lat' dir='ltr'><strong>sed</strong></span> <span class='ocrx_word' id='word_1_589' title='bbox 2912 2956 3140 3041; x_wconf 80' lang='lat' dir='ltr'><strong>quisque</strong></span> <span class='ocrx_word' id='word_1_590' title='bbox 3170 2982 3264 3037; x_wconf 90' lang='lat' dir='ltr'><strong>pro</strong></span> <span class='ocrx_word' id='word_1_591' title='bbox 3299 2981 3355 3019; x_wconf 85' lang='lat' dir='ltr'><strong>se</strong></span> 
     </span>
    </p>
   </div>
   <div class='ocr_carea' id='block_1_76' title="bbox 1815 3058 3356 3141">
    <p class='ocr_par' dir='ltr' id='par_1_76' title="bbox 1815 3058 3356 3141">
     <span class='ocr_line' id='line_1_76' title="bbox 1815 3058 3356 3141; baseline -0.012 -13"><span class='ocrx_word' id='word_1_592' title='bbox 1815 3074 2184 3141; x_wconf 85' lang='lat' dir='ltr'><strong>satagitantes.</strong></span> <span class='ocrx_word' id='word_1_593' title='bbox 2206 3069 2432 3136; x_wconf 80' lang='lat' dir='ltr'><strong>Quando</strong></span> <span class='ocrx_word' id='word_1_594' title='bbox 2462 3068 2604 3122; x_wconf 88' lang='lat' dir='ltr'><strong>enim</strong></span> <span class='ocrx_word' id='word_1_595' title='bbox 2631 3068 2888 3120; x_wconf 87' lang='lat' dir='ltr'><strong>robustus</strong></span> <span class='ocrx_word' id='word_1_596' title='bbox 2914 3073 2967 3117; x_wconf 93' lang='lat' dir='ltr'><strong>et</strong></span> <span class='ocrx_word' id='word_1_597' title='bbox 2986 3061 3198 3115; x_wconf 87' lang='lat' dir='ltr'><strong>validus</strong></span> <span class='ocrx_word' id='word_1_598' title='bbox 3224 3058 3356 3111; x_wconf 88' lang='lat' dir='ltr'><strong>nihil</strong></span> 
     </span>
    </p>
   </div>
   <div class='ocr_carea' id='block_1_77' title="bbox 1813 3150 3357 3231">
    <p class='ocr_par' dir='ltr' id='par_1_77' title="bbox 1813 3150 3357 3231">
     <span class='ocr_line' id='line_1_77' title="bbox 1813 3150 3357 3231; baseline -0.011 -14"><span class='ocrx_word' id='word_1_599' title='bbox 1813 3179 1931 3217; x_wconf 86' lang='lat' dir='ltr'><strong>sese</strong></span> <span class='ocrx_word' id='word_1_600' title='bbox 1948 3177 2090 3231; x_wconf 63' lang='lat' dir='ltr'><strong>aegro</strong></span> <span class='ocrx_word' id='word_1_601' title='bbox 2115 3173 2168 3217; x_wconf 87' lang='lat' dir='ltr'><strong>et</strong></span> <span class='ocrx_word' id='word_1_602' title='bbox 2199 3160 2432 3215; x_wconf 87' lang='lat' dir='ltr'><strong>invalido</strong></span> <span class='ocrx_word' id='word_1_603' title='bbox 2452 3157 2842 3219; x_wconf 81' lang='lat' dir='ltr'><strong>communicat,</strong></span> <span class='ocrx_word' id='word_1_604' title='bbox 2863 3155 2916 3209; x_wconf 92' lang='lat' dir='ltr'><strong>in</strong></span> <span class='ocrx_word' id='word_1_605' title='bbox 2950 3150 3357 3208; x_wconf 81' lang='lat' dir='ltr'><strong>necessitatibus</strong></span> 
     </span>
    </p>
   </div>
   <div class='ocr_carea' id='block_1_78' title="bbox 1815 3242 3435 3324">
    <p class='ocr_par' dir='ltr' id='par_1_78' title="bbox 1815 3242 3435 3324">
     <span class='ocr_line' id='line_1_78' title="bbox 1815 3242 3435 3324; baseline -0.01 -16"><span class='ocrx_word' id='word_1_606' title='bbox 1815 3254 2075 3317; x_wconf 87' lang='lat' dir='ltr'><strong>serviens,</strong></span> <span class='ocrx_word' id='word_1_607' title='bbox 2097 3253 2306 3324; x_wconf 83' lang='lat' dir='ltr'><strong>(nimia)</strong></span> <span class='ocrx_word' id='word_1_608' title='bbox 2332 3266 2460 3306; x_wconf 80' lang='lat' dir='ltr'><strong>Vero</strong></span> <span class='ocrx_word' id='word_1_609' title='bbox 2488 3266 2609 3306; x_wconf 88' lang='lat' dir='ltr'><strong>cum</strong></span> <span class='ocrx_word' id='word_1_610' title='bbox 2638 3250 2885 3304; x_wconf 77' lang='lat' dir='ltr'><strong>libertate</strong></span> <span class='ocrx_word' id='word_1_611' title='bbox 2912 3247 3043 3301; x_wconf 86' lang='lat' dir='ltr'><strong>dicit</strong></span> <span class='ocrx_word' id='word_1_612' title='bbox 3071 3263 3085 3298; x_wconf 89' lang='lat'><strong>:</strong></span> <span class='ocrx_word' id='word_1_613' title='bbox 3126 3242 3362 3297; x_wconf 83' lang='lat' dir='ltr'><strong>Fatiscat</strong></span> <span class='ocrx_word' id='word_1_614' title='bbox 3414 3294 3435 3301; x_wconf 21' lang='grc' dir='ltr'><strong>,θ</strong></span> 
     </span>
    </p>
   </div>
   <div class='ocr_carea' id='block_1_79' title="bbox 1813 3333 3361 3417">
    <p class='ocr_par' dir='ltr' id='par_1_79' title="bbox 1813 3333 3361 3417">
     <span class='ocr_line' id='line_1_79' title="bbox 1813 3333 3361 3417; baseline -0.01 -16"><span class='ocrx_word' id='word_1_615' title='bbox 1813 3356 1874 3401; x_wconf 83' lang='grc' dir='ltr'><strong>ιιι</strong></span> <span class='ocrx_word' id='word_1_616' title='bbox 1909 3360 2029 3417; x_wconf 88' lang='lat' dir='ltr'><strong>ego,</strong></span> <span class='ocrx_word' id='word_1_617' title='bbox 2057 3353 2307 3399; x_wconf 78' lang='lat' dir='ltr'><strong>vescatur</strong></span> <span class='ocrx_word' id='word_1_618' title='bbox 2343 3352 2401 3397; x_wconf 90' lang='lat' dir='ltr'><strong>ut</strong></span> <span class='ocrx_word' id='word_1_619' title='bbox 2439 3359 2538 3411; x_wconf 83' lang='lat' dir='ltr'><strong>ego</strong></span> <span class='ocrx_word' id='word_1_620' title='bbox 2569 3360 2582 3396; x_wconf 90' lang='lat'><strong>:</strong></span> <span class='ocrx_word' id='word_1_621' title='bbox 2615 3340 2886 3410; x_wconf 88' lang='lat' dir='ltr'><strong>quomodo</strong></span> <span class='ocrx_word' id='word_1_622' title='bbox 2917 3353 3021 3390; x_wconf 89' lang='lat' dir='ltr'><strong>non</strong></span> <span class='ocrx_word' id='word_1_623' title='bbox 3053 3342 3232 3390; x_wconf 80' lang='lat' dir='ltr'><strong>essent</strong></span> <span class='ocrx_word' id='word_1_624' title='bbox 3259 3333 3361 3386; x_wconf 48' lang='lat' dir='ltr'><strong>du;-</strong></span> 
     </span>
    </p>
   </div>
   <div class='ocr_carea' id='block_1_80' title="bbox 1814 3423 3359 3499">
    <p class='ocr_par' dir='ltr' id='par_1_80' title="bbox 1814 3423 3359 3499">
     <span class='ocr_line' id='line_1_80' title="bbox 1814 3423 3359 3499; baseline -0.01 -8"><span class='ocrx_word' id='word_1_625' title='bbox 1814 3438 2014 3491; x_wconf 81' lang='lat' dir='ltr'><strong>ritia‘et</strong></span> <span class='ocrx_word' id='word_1_626' title='bbox 2036 3436 2483 3490; x_wconf 80' lang='lat' dir='ltr'><strong>immisericordia</strong></span> <span class='ocrx_word' id='word_1_627' title='bbox 2507 3441 2532 3499; x_wconf 68' lang='grc' dir='ltr'><strong>ς</strong></span> <span class='ocrx_word' id='word_1_628' title='bbox 2556 3431 2970 3499; x_wconf 86' lang='lat' dir='ltr'><strong>communisque</strong></span> <span class='ocrx_word' id='word_1_629' title='bbox 2998 3427 3122 3480; x_wconf 73' lang='lat' dir='ltr'><strong>vitae</strong></span> <span class='ocrx_word' id='word_1_630' title='bbox 3153 3438 3216 3479; x_wconf 88' lang='lat' dir='ltr'><strong>ae</strong></span> <span class='ocrx_word' id='word_1_631' title='bbox 3247 3423 3359 3492; x_wconf 82' lang='lat' dir='ltr'><strong>spi—</strong></span> 
     </span>
    </p>
   </div>
   <div class='ocr_carea' id='block_1_81' title="bbox 1816 3521 2587 3581">
    <p class='ocr_par' dir='ltr' id='par_1_81' title="bbox 1816 3521 2587 3581">
     <span class='ocr_line' id='line_1_81' title="bbox 1816 3521 2587 3581; baseline -0.005 -3"><span class='ocrx_word' id='word_1_632' title='bbox 1816 3524 2025 3581; x_wconf 85' lang='lat' dir='ltr'><strong>ritualis</strong></span> <span class='ocrx_word' id='word_1_633' title='bbox 2069 3521 2355 3580; x_wconf 80' lang='lat' dir='ltr'><strong>dissolutio</strong></span> <span class='ocrx_word' id='word_1_634' title='bbox 2372 3522 2396 3575; x_wconf 87' lang='lat'><strong>?</strong></span> <span class='ocrx_word' id='word_1_635' title='bbox 2584 3534 2587 3535; x_wconf 71' lang='lat'><strong><em>&#39;</em></strong></span> 
     </span>
    </p>
   </div>
   <div class='ocr_carea' id='block_1_82' title="bbox 1889 3753 3360 3850">
    <p class='ocr_par' dir='ltr' id='par_1_82' title="bbox 1889 3753 3360 3850">
     <span class='ocr_line' id='line_1_82' title="bbox 1889 3753 3360 3850; baseline -0.011 -15"><span class='ocrx_word' id='word_1_636' title='bbox 1889 3778 2200 3850; x_wconf 84' lang='lat' dir='ltr'><strong>Spiritualis</strong></span> <span class='ocrx_word' id='word_1_637' title='bbox 2234 3777 2378 3832; x_wconf 88' lang='lat' dir='ltr'><strong>enim</strong></span> <span class='ocrx_word' id='word_1_638' title='bbox 2406 3775 2643 3831; x_wconf 84' lang='lat' dir='ltr'><strong>charitas</strong></span> <span class='ocrx_word' id='word_1_639' title='bbox 2668 3782 2751 3828; x_wconf 90' lang='lat' dir='ltr'><strong>est</strong></span> <span class='ocrx_word' id='word_1_640' title='bbox 2780 3774 2943 3826; x_wconf 85' lang='lat' dir='ltr'><strong>vitam</strong></span> <span class='ocrx_word' id='word_1_641' title='bbox 2971 3785 3068 3839; x_wconf 86' lang='lat' dir='ltr'><strong>pro</strong></span> <span class='ocrx_word' id='word_1_642' title='bbox 3100 3753 3290 3829; x_wconf 76' lang='lat' dir='ltr'><strong>fratre,</strong></span> <span class='ocrx_word' id='word_1_643' title='bbox 3316 3767 3360 3820; x_wconf 91' lang='lat' dir='ltr'><strong>si</strong></span> 
     </span>
    </p>
   </div>
   <div class='ocr_carea' id='block_1_83' title="bbox 1816 3861 3368 3941">
    <p class='ocr_par' dir='ltr' id='par_1_83' title="bbox 1816 3861 3368 3941">
     <span class='ocr_line' id='line_1_83' title="bbox 1816 3861 3368 3941; baseline -0.01 -16"><span class='ocrx_word' id='word_1_644' title='bbox 1816 3871 2116 3941; x_wconf 83' lang='lat' dir='ltr'><strong>necessitas</strong></span> <span class='ocrx_word' id='word_1_645' title='bbox 2161 3868 2323 3927; x_wconf 87' lang='lat' dir='ltr'><strong>adsit,</strong></span> <span class='ocrx_word' id='word_1_646' title='bbox 2371 3880 2587 3935; x_wconf 86' lang='lat' dir='ltr'><strong>ponere.</strong></span> <span class='ocrx_word' id='word_1_647' title='bbox 2638 3862 2865 3927; x_wconf 81' lang='lat' dir='ltr'><strong>Quando</strong></span> <span class='ocrx_word' id='word_1_648' title='bbox 2928 3861 3087 3938; x_wconf 80' lang='lat' dir='ltr'><strong>igitur</strong></span> <span class='ocrx_word' id='word_1_649' title='bbox 3139 3872 3368 3925; x_wconf 88' lang='lat' dir='ltr'><strong>corpore</strong></span> 
     </span>
    </p>
   </div>
   <div class='ocr_carea' id='block_1_84' title="bbox 1817 3955 3368 4032">
    <p class='ocr_par' dir='ltr' id='par_1_84' title="bbox 1817 3955 3368 4032">
     <span class='ocr_line' id='line_1_84' title="bbox 1817 3955 3368 4032; baseline -0.01 -12"><span class='ocrx_word' id='word_1_650' title='bbox 1817 3980 1923 4020; x_wconf 90' lang='lat' dir='ltr'><strong>non</strong></span> <span class='ocrx_word' id='word_1_651' title='bbox 1948 3963 2327 4032; x_wconf 85' lang='lat' dir='ltr'><strong>defatigamur,</strong></span> <span class='ocrx_word' id='word_1_652' title='bbox 2366 3969 2619 4014; x_wconf 87' lang='lat' dir='ltr'><strong>utrumne</strong></span> <span class='ocrx_word' id='word_1_653' title='bbox 2655 3955 2963 4012; x_wconf 73' lang='lat' dir='ltr'><strong>emnobium</strong></span> <span class='ocrx_word' id='word_1_654' title='bbox 2999 3963 3266 4014; x_wconf 62' lang='lat' dir='ltr'><strong>tenemus,</strong></span> <span class='ocrx_word' id='word_1_655' title='bbox 3310 3960 3368 4005; x_wconf 87' lang='lat' dir='ltr'><strong>ut</strong></span> 
     </span>
    </p>
   </div>
   <div class='ocr_carea' id='block_1_85' title="bbox 1817 4047 3391 4116">
    <p class='ocr_par' dir='ltr' id='par_1_85' title="bbox 1817 4047 3391 4116">
     <span class='ocr_line' id='line_1_85' title="bbox 1817 4047 3391 4116; baseline -0.011 -5"><span class='ocrx_word' id='word_1_656' title='bbox 1817 4057 2016 4112; x_wconf 89' lang='lat' dir='ltr'><strong>Christi</strong></span> <span class='ocrx_word' id='word_1_657' title='bbox 2046 4054 2295 4108; x_wconf 89' lang='lat' dir='ltr'><strong>mandata</strong></span> <span class='ocrx_word' id='word_1_658' title='bbox 2326 4052 2378 4105; x_wconf 87' lang='lat' dir='ltr'><strong>in</strong></span> <span class='ocrx_word' id='word_1_659' title='bbox 2414 4051 2569 4106; x_wconf 90' lang='lat' dir='ltr'><strong>nobis</strong></span> <span class='ocrx_word' id='word_1_660' title='bbox 2591 4047 3002 4116; x_wconf 85' lang='lat' dir='ltr'><strong>adimpleantur,</strong></span> <span class='ocrx_word' id='word_1_661' title='bbox 3047 4060 3114 4098; x_wconf 86' lang='lat' dir='ltr'><strong>an</strong></span> <span class='ocrx_word' id='word_1_662' title='bbox 3153 4052 3209 4097; x_wconf 91' lang='lat' dir='ltr'><strong>ut</strong></span> <span class='ocrx_word' id='word_1_663' title='bbox 3235 4048 3391 4097; x_wconf 83' lang='lat' dir='ltr'><strong>con-‘</strong></span> 
     </span>
    </p>
   </div>
   <div class='ocr_carea' id='block_1_86' title="bbox 1818 4136 3365 4211">
    <p class='ocr_par' dir='ltr' id='par_1_86' title="bbox 1818 4136 3365 4211">
     <span class='ocr_line' id='line_1_86' title="bbox 1818 4136 3365 4211; baseline -0.01 -7"><span class='ocrx_word' id='word_1_664' title='bbox 1818 4144 2441 4206; x_wconf 69' lang='lat' dir='ltr'><strong>temnantur?Ca3terum</strong></span> <span class='ocrx_word' id='word_1_665' title='bbox 2470 4145 2714 4211; x_wconf 83' lang='lat' dir='ltr'><strong>privatus</strong></span> <span class='ocrx_word' id='word_1_666' title='bbox 2739 4152 3085 4210; x_wconf 85' lang='lat' dir='ltr'><strong>permaneas:</strong></span> <span class='ocrx_word' id='word_1_667' title='bbox 3115 4151 3179 4190; x_wconf 90' lang='lat' dir='ltr'><strong>ne</strong></span> <span class='ocrx_word' id='word_1_668' title='bbox 3203 4136 3365 4188; x_wconf 88' lang='lat' dir='ltr'><strong>vitam</strong></span> 
     </span>
    </p>
   </div>
   <div class='ocr_carea' id='block_1_87' title="bbox 1820 4224 3371 4308">
    <p class='ocr_par' dir='ltr' id='par_1_87' title="bbox 1820 4224 3371 4308">
     <span class='ocr_line' id='line_1_87' title="bbox 1820 4224 3371 4308; baseline -0.01 -16"><span class='ocrx_word' id='word_1_669' title='bbox 1820 4238 2116 4308; x_wconf 80' lang='lat' dir='ltr'><strong>angelicam</strong></span> <span class='ocrx_word' id='word_1_670' title='bbox 2147 4248 2488 4302; x_wconf 89' lang='lat' dir='ltr'><strong>corrumpas,</strong></span> <span class='ocrx_word' id='word_1_671' title='bbox 2519 4247 2586 4286; x_wconf 87' lang='lat' dir='ltr'><strong>ne</strong></span> <span class='ocrx_word' id='word_1_672' title='bbox 2622 4230 2897 4285; x_wconf 87' lang='lat' dir='ltr'><strong>Christum</strong></span> <span class='ocrx_word' id='word_1_673' title='bbox 2942 4228 3257 4294; x_wconf 86' lang='lat' dir='ltr'><strong>redarguas,</strong></span> <span class='ocrx_word' id='word_1_674' title='bbox 3286 4224 3371 4278; x_wconf 89' lang='lat' dir='ltr'><strong>di-</strong></span> 
     </span>
    </p>
   </div>
   <div class='ocr_carea' id='block_1_88' title="bbox 1820 4312 3370 4384">
    <p class='ocr_par' dir='ltr' id='par_1_88' title="bbox 1820 4312 3370 4384">
     <span class='ocr_line' id='line_1_88' title="bbox 1820 4312 3370 4384; baseline -0.013 -1"><span class='ocrx_word' id='word_1_675' title='bbox 1820 4315 1946 4383; x_wconf 80' lang='lat' dir='ltr'><strong>cens</strong></span> <span class='ocrx_word' id='word_1_676' title='bbox 1973 4342 1985 4379; x_wconf 87' lang='lat'><strong>:</strong></span> <span class='ocrx_word' id='word_1_677' title='bbox 2013 4324 2128 4379; x_wconf 87' lang='lat' dir='ltr'><strong>Non</strong></span> <span class='ocrx_word' id='word_1_678' title='bbox 2160 4338 2347 4379; x_wconf 90' lang='lat' dir='ltr'><strong>sumus</strong></span> <span class='ocrx_word' id='word_1_679' title='bbox 2373 4320 2587 4375; x_wconf 86' lang='lat' dir='ltr'><strong>Christo</strong></span> <span class='ocrx_word' id='word_1_680' title='bbox 2616 4319 2839 4379; x_wconf 88' lang='lat' dir='ltr'><strong>similes,</strong></span> <span class='ocrx_word' id='word_1_681' title='bbox 2875 4314 2966 4384; x_wconf 91' lang='lat' dir='ltr'><strong>qui</strong></span> <span class='ocrx_word' id='word_1_682' title='bbox 3023 4312 3247 4366; x_wconf 87' lang='lat' dir='ltr'><strong>virtutes</strong></span> <span class='ocrx_word' id='word_1_683' title='bbox 3286 4325 3370 4365; x_wconf 90' lang='lat' dir='ltr'><strong>re-</strong></span> 
     </span>
    </p>
   </div>
   <div class='ocr_carea' id='block_1_89' title="bbox 1821 4404 3367 4478">
    <p class='ocr_par' dir='ltr' id='par_1_89' title="bbox 1821 4404 3367 4478">
     <span class='ocr_line' id='line_1_89' title="bbox 1821 4404 3367 4478; baseline -0.012 -7"><span class='ocrx_word' id='word_1_684' title='bbox 1821 4421 2129 4477; x_wconf 84' lang='lat' dir='ltr'><strong>stituamus,</strong></span> <span class='ocrx_word' id='word_1_685' title='bbox 2162 4422 2223 4466; x_wconf 91' lang='lat' dir='ltr'><strong>ut</strong></span> <span class='ocrx_word' id='word_1_686' title='bbox 2249 4420 2305 4466; x_wconf 71' lang='grc' dir='ltr'><strong>α</strong></span> <span class='ocrx_word' id='word_1_687' title='bbox 2344 4412 2459 4478; x_wconf 85' lang='lat' dir='ltr'><strong>ipse</strong></span> <span class='ocrx_word' id='word_1_688' title='bbox 2504 4406 2747 4477; x_wconf 81' lang='lat' dir='ltr'><strong>perfecit,</strong></span> <span class='ocrx_word' id='word_1_689' title='bbox 2786 4414 2835 4459; x_wconf 89' lang='lat' dir='ltr'><strong>te</strong></span> <span class='ocrx_word' id='word_1_690' title='bbox 2865 4404 2933 4458; x_wconf 85' lang='lat' dir='ltr'><strong>ab</strong></span> <span class='ocrx_word' id='word_1_691' title='bbox 2964 4404 3054 4456; x_wconf 93' lang='lat' dir='ltr'><strong>illo</strong></span> <span class='ocrx_word' id='word_1_692' title='bbox 3087 4414 3367 4468; x_wconf 87' lang='lat' dir='ltr'><strong>separaus.</strong></span> 
     </span>
    </p>
   </div>
   <div class='ocr_carea' id='block_1_90' title="bbox 152 4492 1714 4579">
    <p class='ocr_par' dir='ltr' id='par_1_90' title="bbox 152 4499 1714 4579">
     <span class='ocr_line' id='line_1_90' title="bbox 152 4499 1714 4579; baseline 0.005 -28"><span class='ocrx_word' id='word_1_693' title='bbox 152 4499 463 4579; x_wconf 51' lang='lat'><strong>61:66:01.“</strong></span> <span class='ocrx_word' id='word_1_694' title='bbox 504 4503 793 4573; x_wconf 64' lang='grc' dir='ltr'><strong>Ἰωάννηςζ</strong></span> <span class='ocrx_word' id='word_1_695' title='bbox 832 4523 851 4556; x_wconf 79' lang='grc' dir='ltr'><strong>ι</strong></span> <span class='ocrx_word' id='word_1_696' title='bbox 888 4505 943 4558; x_wconf 84' lang='grc'><strong>’0</strong></span> <span class='ocrx_word' id='word_1_697' title='bbox 984 4505 1155 4572; x_wconf 81' lang='grc' dir='ltr'><strong>λέγων</strong></span> <span class='ocrx_word' id='word_1_698' title='bbox 1205 4506 1263 4558; x_wconf 84' lang='grc' dir='ltr'><strong>ἐν</strong></span> <span class='ocrx_word' id='word_1_699' title='bbox 1314 4504 1464 4575; x_wconf 84' lang='grc' dir='ltr'><strong>αὐτῷ</strong></span> <span class='ocrx_word' id='word_1_700' title='bbox 1514 4505 1714 4575; x_wconf 80' lang='grc' dir='ltr'><strong>μένειν,</strong></span> 
     </span>
    </p>
   </div>
   <div class='ocr_carea' id='block_1_91' title="bbox 1812 4492 3371 4579">
    <p class='ocr_par' dir='ltr' id='par_1_91' title="bbox 1824 4492 3371 4570">
     <span class='ocr_line' id='line_1_91' title="bbox 1824 4492 3371 4570; baseline -0.011 -8"><span class='ocrx_word' id='word_1_701' title='bbox 1824 4508 1960 4562; x_wconf 87' lang='lat' dir='ltr'><strong>Dicit</strong></span> <span class='ocrx_word' id='word_1_702' title='bbox 1982 4506 2125 4560; x_wconf 89' lang='lat' dir='ltr'><strong>enim</strong></span> <span class='ocrx_word' id='word_1_703' title='bbox 2151 4502 2387 4558; x_wconf 83' lang='lat' dir='ltr'><strong>Joannes</strong></span> <span class='ocrx_word' id='word_1_704' title='bbox 2416 4499 2695 4570; x_wconf 85' lang='lat' dir='ltr'><strong>apostolus</strong></span> <span class='ocrx_word' id='word_1_705' title='bbox 2725 4515 2738 4551; x_wconf 85' lang='lat'><strong>:</strong></span> <span class='ocrx_word' id='word_1_706' title='bbox 2785 4516 2803 4549; x_wconf 82' lang='grc' dir='ltr'><strong>ι</strong></span> <span class='ocrx_word' id='word_1_707' title='bbox 2835 4496 2941 4563; x_wconf 84' lang='lat' dir='ltr'><strong>Qui</strong></span> <span class='ocrx_word' id='word_1_708' title='bbox 2973 4510 3032 4551; x_wconf 91' lang='lat' dir='ltr'><strong>se</strong></span> <span class='ocrx_word' id='word_1_709' title='bbox 3066 4494 3120 4548; x_wconf 90' lang='lat' dir='ltr'><strong>in</strong></span> <span class='ocrx_word' id='word_1_710' title='bbox 3152 4492 3371 4547; x_wconf 88' lang='lat' dir='ltr'><strong>Christo</strong></span> 
     </span>
    </p>
   </div>
   <div class='ocr_carea' id='block_1_92' title="bbox 154 4590 1720 4666">
    <p class='ocr_par' dir='ltr' id='par_1_92' title="bbox 154 4590 1720 4666">
     <span class='ocr_line' id='line_1_92' title="bbox 154 4590 1720 4666; baseline 0.004 -22"><span class='ocrx_word' id='word_1_711' title='bbox 154 4590 375 4658; x_wconf 67' lang='grc' dir='ltr'><strong>⁵6φείλει</strong></span> <span class='ocrx_word' id='word_1_712' title='bbox 401 4593 579 4657; x_wconf 81' lang='grc' dir='ltr'><strong>καθὼς</strong></span> <span class='ocrx_word' id='word_1_713' title='bbox 600 4595 802 4658; x_wconf 68' lang='grc' dir='ltr'><strong>ἐκεῖνος</strong></span> <span class='ocrx_word' id='word_1_714' title='bbox 834 4597 1221 4666; x_wconf 83' lang='grc' dir='ltr'><strong>περιεπάτησε,</strong></span> <span class='ocrx_word' id='word_1_715' title='bbox 1250 4599 1342 4650; x_wconf 75' lang='grc' dir='ltr'><strong>καὶ</strong></span> <span class='ocrx_word' id='word_1_716' title='bbox 1365 4598 1526 4661; x_wconf 82' lang='grc' dir='ltr'><strong>αὐτὸς</strong></span> <span class='ocrx_word' id='word_1_717' title='bbox 1551 4598 1720 4660; x_wconf 75' lang='grc' dir='ltr'><strong>οὕτως</strong></span> 
     </span>
    </p>
   </div>
   <div class='ocr_carea' id='block_1_93' title="bbox 172 4684 1723 4757">
    <p class='ocr_par' dir='ltr' id='par_1_93' title="bbox 172 4684 1723 4757">
     <span class='ocr_line' id='line_1_93' title="bbox 172 4684 1723 4757; baseline 0.005 -25"><span class='ocrx_word' id='word_1_718' title='bbox 172 4686 513 4753; x_wconf 81' lang='grc' dir='ltr'><strong>περιπατεῖν.</strong></span> <span class='ocrx_word' id='word_1_719' title='bbox 541 4703 561 4737; x_wconf 68' lang='grc' dir='ltr'><strong>ι</strong></span> <span class='ocrx_word' id='word_1_720' title='bbox 606 4684 714 4738; x_wconf 80' lang='grc' dir='ltr'><strong>Καὶ</strong></span> <span class='ocrx_word' id='word_1_721' title='bbox 742 4685 931 4757; x_wconf 83' lang='grc' dir='ltr'><strong>πάλιν⁶</strong></span> <span class='ocrx_word' id='word_1_722' title='bbox 975 4704 993 4737; x_wconf 82' lang='grc' dir='ltr'><strong>ι</strong></span> <span class='ocrx_word' id='word_1_723' title='bbox 1022 4686 1134 4750; x_wconf 83' lang='grc' dir='ltr'><strong>Πᾶς</strong></span> <span class='ocrx_word' id='word_1_724' title='bbox 1172 4688 1200 4739; x_wconf 88' lang='lat'><strong>6</strong></span> <span class='ocrx_word' id='word_1_725' title='bbox 1234 4687 1408 4756; x_wconf 82' lang='grc' dir='ltr'><strong>μισῶν</strong></span> <span class='ocrx_word' id='word_1_726' title='bbox 1439 4688 1528 4740; x_wconf 75' lang='grc' dir='ltr'><strong>τὸν</strong></span> <span class='ocrx_word' id='word_1_727' title='bbox 1569 4688 1723 4741; x_wconf 82' lang='grc' dir='ltr'><strong>ἀδελ-</strong></span> 
     </span>
    </p>
   </div>
   <div class='ocr_carea' id='block_1_94' title="bbox 174 4765 1721 4846">
    <p class='ocr_par' dir='ltr' id='par_1_94' title="bbox 174 4765 1721 4846">
     <span class='ocr_line' id='line_1_94' title="bbox 174 4765 1721 4846; baseline 0.003 -20"><span class='ocrx_word' id='word_1_728' title='bbox 174 4773 271 4846; x_wconf 63' lang='grc' dir='ltr'><strong>φθν</strong></span> <span class='ocrx_word' id='word_1_729' title='bbox 298 4772 482 4839; x_wconf 71' lang='grc' dir='ltr'><strong>αὐτοῦ,</strong></span> <span class='ocrx_word' id='word_1_730' title='bbox 516 4765 956 4845; x_wconf 80' lang='grc' dir='ltr'><strong>ἀνθρωποκτόνος</strong></span> <span class='ocrx_word' id='word_1_731' title='bbox 988 4776 1104 4827; x_wconf 84' lang='grc' dir='ltr'><strong>ἐστί</strong></span> <span class='ocrx_word' id='word_1_732' title='bbox 1127 4793 1140 4805; x_wconf 92' lang='grc'><strong>·</strong></span> <span class='ocrx_word' id='word_1_733' title='bbox 1170 4778 1263 4829; x_wconf 79' lang='grc' dir='ltr'><strong>καὶ</strong></span> <span class='ocrx_word' id='word_1_734' title='bbox 1289 4777 1462 4830; x_wconf 73' lang='grc' dir='ltr'><strong>οἴδατε</strong></span> <span class='ocrx_word' id='word_1_735' title='bbox 1506 4777 1587 4828; x_wconf 84' lang='grc' dir='ltr'><strong>ὅτι</strong></span> <span class='ocrx_word' id='word_1_736' title='bbox 1616 4777 1721 4841; x_wconf 83' lang='grc' dir='ltr'>πᾶς</span> 
     </span>
    </p>
   </div>
   <div class='ocr_carea' id='block_1_95' title="bbox 172 4867 1720 4941">
    <p class='ocr_par' dir='ltr' id='par_1_95' title="bbox 172 4867 1720 4941">
     <span class='ocr_line' id='line_1_95' title="bbox 172 4867 1720 4941; baseline 0.002 -23"><span class='ocrx_word' id='word_1_737' title='bbox 172 4867 614 4937; x_wconf 80' lang='grc' dir='ltr'><strong>ἀνθρωποκτόνος</strong></span> <span class='ocrx_word' id='word_1_738' title='bbox 646 4869 744 4923; x_wconf 80' lang='grc' dir='ltr'><strong>οὐκ</strong></span> <span class='ocrx_word' id='word_1_739' title='bbox 789 4870 900 4938; x_wconf 80' lang='grc' dir='ltr'><strong>ἔχει</strong></span> <span class='ocrx_word' id='word_1_740' title='bbox 935 4868 1077 4939; x_wconf 78' lang='grc' dir='ltr'><strong>ζωὴν</strong></span> <span class='ocrx_word' id='word_1_741' title='bbox 1105 4868 1320 4924; x_wconf 77' lang='grc' dir='ltr'><strong>αἰώνιον</strong></span> <span class='ocrx_word' id='word_1_742' title='bbox 1363 4872 1420 4923; x_wconf 80' lang='grc' dir='ltr'><strong>ἐν</strong></span> <span class='ocrx_word' id='word_1_743' title='bbox 1450 4870 1596 4941; x_wconf 82' lang='grc' dir='ltr'><strong>αὐτῷ</strong></span> <span class='ocrx_word' id='word_1_744' title='bbox 1623 4870 1720 4939; x_wconf 77' lang='grc' dir='ltr'><strong>μὲ-</strong></span> 
     </span>
    </p>
   </div>
   <div class='ocr_carea' id='block_1_96' title="bbox 173 4959 1723 5030">
    <p class='ocr_par' dir='ltr' id='par_1_96' title="bbox 173 4959 1723 5030">
     <span class='ocr_line' id='line_1_96' title="bbox 173 4959 1723 5030; baseline 0.004 -21"><span class='ocrx_word' id='word_1_745' title='bbox 173 4974 369 5011; x_wconf 86' lang='grc' dir='ltr'><strong>νουσαν</strong></span> <span class='ocrx_word' id='word_1_746' title='bbox 391 4960 492 5011; x_wconf 58' lang='grc' dir='ltr'><strong>’λέν</strong></span> <span class='ocrx_word' id='word_1_747' title='bbox 523 4959 699 5030; x_wconf 76' lang='grc' dir='ltr'><strong>τούτῳ</strong></span> <span class='ocrx_word' id='word_1_748' title='bbox 721 4960 1037 5029; x_wconf 82' lang='grc' dir='ltr'><strong>ἐγνώκαμεν</strong></span> <span class='ocrx_word' id='word_1_749' title='bbox 1066 4959 1165 5028; x_wconf 83' lang='grc' dir='ltr'><strong>τὴν</strong></span> <span class='ocrx_word' id='word_1_750' title='bbox 1194 4960 1415 5029; x_wconf 82' lang='grc' dir='ltr'><strong>ἀγάπην</strong></span> <span class='ocrx_word' id='word_1_751' title='bbox 1434 4977 1450 4993; x_wconf 80' lang='grc' dir='ltr'>ο</span> <span class='ocrx_word' id='word_1_752' title='bbox 1483 4963 1561 5015; x_wconf 83' lang='grc' dir='ltr'><strong>ὅτι</strong></span> <span class='ocrx_word' id='word_1_753' title='bbox 1584 4964 1723 5015; x_wconf 77' lang='grc' dir='ltr'><strong>ὲκεί-</strong></span> 
     </span>
    </p>
   </div>
   <div class='ocr_carea' id='block_1_97' title="bbox 174 5047 1725 5122">
    <p class='ocr_par' dir='ltr' id='par_1_97' title="bbox 174 5047 1725 5122">
     <span class='ocr_line' id='line_1_97' title="bbox 174 5047 1725 5122; baseline 0.005 -24"><span class='ocrx_word' id='word_1_754' title='bbox 174 5062 263 5108; x_wconf 82' lang='grc' dir='ltr'>νος</span> <span class='ocrx_word' id='word_1_755' title='bbox 293 5047 433 5117; x_wconf 79' lang='grc' dir='ltr'><strong>ὑπὲρ</strong></span> <span class='ocrx_word' id='word_1_756' title='bbox 459 5048 616 5118; x_wconf 82' lang='grc' dir='ltr'><strong>ἡμῶν</strong></span> <span class='ocrx_word' id='word_1_757' title='bbox 642 5049 741 5119; x_wconf 68' lang='grc' dir='ltr'><strong>τὴν</strong></span> <span class='ocrx_word' id='word_1_758' title='bbox 767 5049 941 5120; x_wconf 78' lang='grc' dir='ltr'>ψυχὴν</span> <span class='ocrx_word' id='word_1_759' title='bbox 970 5048 1149 5103; x_wconf 77' lang='grc' dir='ltr'><strong>αὐτοῦ</strong></span> <span class='ocrx_word' id='word_1_760' title='bbox 1195 5049 1358 5119; x_wconf 84' lang='grc' dir='ltr'><strong>ἔθηκε</strong></span> <span class='ocrx_word' id='word_1_761' title='bbox 1376 5069 1391 5082; x_wconf 90' lang='grc'><strong>·</strong></span> <span class='ocrx_word' id='word_1_762' title='bbox 1429 5053 1524 5104; x_wconf 79' lang='grc' dir='ltr'><strong>καὶ</strong></span> <span class='ocrx_word' id='word_1_763' title='bbox 1563 5055 1725 5122; x_wconf 72' lang='grc' dir='ltr'>ἡμεῖς</span> 
     </span>
    </p>
   </div>
   <div class='ocr_carea' id='block_1_98' title="bbox 173 5137 1720 5211">
    <p class='ocr_par' dir='ltr' id='par_1_98' title="bbox 173 5137 1720 5211">
     <span class='ocr_line' id='line_1_98' title="bbox 173 5137 1720 5211; baseline 0.005 -22"><span class='ocrx_word' id='word_1_764' title='bbox 173 5137 461 5207; x_wconf 69' lang='grc' dir='ltr'><strong>θερείλομεν</strong></span> <span class='ocrx_word' id='word_1_765' title='bbox 509 5138 646 5209; x_wconf 83' lang='grc' dir='ltr'><strong>ὑπὲρ</strong></span> <span class='ocrx_word' id='word_1_766' title='bbox 674 5138 781 5192; x_wconf 90' lang='grc' dir='ltr'><strong>τῶν</strong></span> <span class='ocrx_word' id='word_1_767' title='bbox 813 5140 1053 5209; x_wconf 70' lang='grc' dir='ltr'><strong>ἀδελφῶν</strong></span> <span class='ocrx_word' id='word_1_768' title='bbox 1094 5146 1191 5203; x_wconf 83' lang='grc' dir='ltr'><strong>τὰς</strong></span> <span class='ocrx_word' id='word_1_769' title='bbox 1219 5140 1395 5211; x_wconf 75' lang='grc' dir='ltr'>ψυχὰς</span> <span class='ocrx_word' id='word_1_770' title='bbox 1440 5142 1662 5195; x_wconf 76' lang='grc' dir='ltr'><strong>τιθέναι.</strong></span> <span class='ocrx_word' id='word_1_771' title='bbox 1700 5162 1720 5196; x_wconf 73' lang='grc' dir='ltr'><strong>ι</strong></span> 
     </span>
    </p>
   </div>
   <div class='ocr_carea' id='block_1_99' title="bbox 175 5228 1723 5301">
    <p class='ocr_par' dir='ltr' id='par_1_99' title="bbox 175 5228 1723 5301">
     <span class='ocr_line' id='line_1_99' title="bbox 175 5228 1723 5301; baseline 0.005 -21"><span class='ocrx_word' id='word_1_772' title='bbox 175 5230 287 5281; x_wconf 73' lang='grc' dir='ltr'><strong>Καὶ</strong></span> <span class='ocrx_word' id='word_1_773' title='bbox 312 5228 471 5291; x_wconf 73' lang='grc' dir='ltr'><strong>αὐτὸς</strong></span> <span class='ocrx_word' id='word_1_774' title='bbox 499 5230 527 5282; x_wconf 89' lang='lat'><strong>6</strong></span> <span class='ocrx_word' id='word_1_775' title='bbox 545 5230 773 5300; x_wconf 82' lang='grc' dir='ltr'><strong>Χριστός</strong></span> <span class='ocrx_word' id='word_1_776' title='bbox 798 5247 811 5261; x_wconf 86' lang='grc'><strong>·</strong></span> <span class='ocrx_word' id='word_1_777' title='bbox 851 5248 869 5281; x_wconf 77' lang='grc' dir='ltr'><strong>ι</strong></span> <span class='ocrx_word' id='word_1_778' title='bbox 899 5232 958 5283; x_wconf 82' lang='lat' dir='ltr'><strong>El</strong></span> <span class='ocrx_word' id='word_1_779' title='bbox 981 5228 1071 5285; x_wconf 70' lang='grc' dir='ltr'><strong>οὖν</strong></span> <span class='ocrx_word' id='word_1_780' title='bbox 1100 5232 1207 5301; x_wconf 77' lang='grc' dir='ltr'><strong>ἐγὼ</strong></span> <span class='ocrx_word' id='word_1_781' title='bbox 1236 5231 1390 5300; x_wconf 63' lang='grc' dir='ltr'><strong>ἔνιψα</strong></span> <span class='ocrx_word' id='word_1_782' title='bbox 1422 5232 1572 5301; x_wconf 80' lang='grc' dir='ltr'><strong>ὑμῶν</strong></span> <span class='ocrx_word' id='word_1_783' title='bbox 1601 5235 1723 5295; x_wconf 85' lang='grc' dir='ltr'><strong>τοὺς</strong></span> 
     </span>
    </p>
   </div>
   <div class='ocr_carea' id='block_1_100' title="bbox 177 5318 1721 5393">
    <p class='ocr_par' dir='ltr' id='par_1_100' title="bbox 177 5318 1721 5393">
     <span class='ocr_line' id='line_1_100' title="bbox 177 5318 1721 5393; baseline 0.006 -25"><span class='ocrx_word' id='word_1_784' title='bbox 177 5318 369 5383; x_wconf 71' lang='grc' dir='ltr'>πέδας,</span> <span class='ocrx_word' id='word_1_785' title='bbox 391 5321 418 5371; x_wconf 87' lang='lat'><strong>6</strong></span> <span class='ocrx_word' id='word_1_786' title='bbox 444 5320 646 5390; x_wconf 83' lang='grc' dir='ltr'><strong>Κύριος</strong></span> <span class='ocrx_word' id='word_1_787' title='bbox 676 5322 767 5373; x_wconf 76' lang='grc' dir='ltr'><strong>καὶ</strong></span> <span class='ocrx_word' id='word_1_788' title='bbox 789 5321 816 5372; x_wconf 88' lang='lat'><strong>6</strong></span> <span class='ocrx_word' id='word_1_789' title='bbox 844 5319 1180 5384; x_wconf 82' lang='grc' dir='ltr'><strong>διδάσκαλος,</strong></span> <span class='ocrx_word' id='word_1_790' title='bbox 1195 5324 1287 5374; x_wconf 73' lang='grc' dir='ltr'><strong>καὶ</strong></span> <span class='ocrx_word' id='word_1_791' title='bbox 1306 5324 1460 5393; x_wconf 83' lang='grc' dir='ltr'>ὑμεῖς</span> <span class='ocrx_word' id='word_1_792' title='bbox 1481 5323 1721 5392; x_wconf 62' lang='grc' dir='ltr'><strong>ὀφείλετε</strong></span> 
     </span>
    </p>
   </div>
   <div class='ocr_carea' id='block_1_101' title="bbox 175 5408 1724 5483">
    <p class='ocr_par' dir='ltr' id='par_1_101' title="bbox 175 5408 1724 5483">
     <span class='ocr_line' id='line_1_101' title="bbox 175 5408 1724 5483; baseline 0.005 -23"><span class='ocrx_word' id='word_1_793' title='bbox 175 5408 421 5477; x_wconf 76' lang='grc' dir='ltr'><strong>ἀλλήλων</strong></span> <span class='ocrx_word' id='word_1_794' title='bbox 454 5411 661 5465; x_wconf 78' lang='grc' dir='ltr'><strong>νίπτειν</strong></span> <span class='ocrx_word' id='word_1_795' title='bbox 696 5413 822 5475; x_wconf 80' lang='grc' dir='ltr'>τοὺς</span> <span class='ocrx_word' id='word_1_796' title='bbox 846 5411 1029 5475; x_wconf 78' lang='grc' dir='ltr'><strong>πόδας.</strong></span> <span class='ocrx_word' id='word_1_797' title='bbox 1071 5413 1402 5482; x_wconf 81' lang='grc' dir='ltr'><strong>Ὑπόδειγμα</strong></span> <span class='ocrx_word' id='word_1_798' title='bbox 1426 5416 1530 5483; x_wconf 79' lang='grc' dir='ltr'><strong>γάρ</strong></span> <span class='ocrx_word' id='word_1_799' title='bbox 1552 5414 1724 5468; x_wconf 77' lang='grc' dir='ltr'><strong>ἔδωκα</strong></span> 
     </span>
    </p>
   </div>
   <div class='ocr_carea' id='block_1_102' title="bbox 177 5499 1723 5575">
    <p class='ocr_par' dir='ltr' id='par_1_102' title="bbox 177 5499 1723 5575">
     <span class='ocr_line' id='line_1_102' title="bbox 177 5499 1723 5575; baseline 0.004 -24"><span class='ocrx_word' id='word_1_800' title='bbox 177 5499 309 5567; x_wconf 79' lang='grc' dir='ltr'><strong>ὑμῖν</strong></span> <span class='ocrx_word' id='word_1_801' title='bbox 330 5541 344 5563; x_wconf 91' lang='grc'><strong>,</strong></span> <span class='ocrx_word' id='word_1_802' title='bbox 375 5500 463 5554; x_wconf 78' lang='grc' dir='ltr'><strong>ἶνα</strong></span> <span class='ocrx_word' id='word_1_803' title='bbox 489 5502 666 5566; x_wconf 83' lang='grc' dir='ltr'><strong>καθὼς</strong></span> <span class='ocrx_word' id='word_1_804' title='bbox 700 5503 810 5571; x_wconf 77' lang='grc' dir='ltr'><strong>ἐγὼ</strong></span> <span class='ocrx_word' id='word_1_805' title='bbox 837 5504 1064 5575; x_wconf 75' lang='grc' dir='ltr'><strong>ἐποίησα</strong></span> <span class='ocrx_word' id='word_1_806' title='bbox 1093 5505 1238 5573; x_wconf 82' lang='grc' dir='ltr'><strong>ὑμῖν,</strong></span> <span class='ocrx_word' id='word_1_807' title='bbox 1266 5507 1359 5557; x_wconf 79' lang='grc' dir='ltr'><strong>καὶ</strong></span> <span class='ocrx_word' id='word_1_808' title='bbox 1384 5506 1541 5572; x_wconf 76' lang='grc' dir='ltr'><strong>ὑμεῖς</strong></span> <span class='ocrx_word' id='word_1_809' title='bbox 1566 5507 1723 5574; x_wconf 77' lang='grc' dir='ltr'><strong>ποιῆ-</strong></span> 
     </span>
    </p>
   </div>
   <div class='ocr_carea' id='block_1_103' title="bbox 249 5599 1263 5680">
    <p class='ocr_par' dir='ltr' id='par_1_103' title="bbox 249 5599 1263 5680">
     <span class='ocr_line' id='line_1_103' title="bbox 249 5599 1263 5680; baseline 0.005 -17"><span class='ocrx_word' id='word_1_810' title='bbox 249 5615 265 5644; x_wconf 87' lang='grc'>¹</span> <span class='ocrx_word' id='word_1_811' title='bbox 310 5608 465 5665; x_wconf 81' lang='lat' dir='ltr'><strong>Rom.</strong></span> <span class='ocrx_word' id='word_1_812' title='bbox 500 5630 594 5676; x_wconf 75' lang='lat' dir='ltr'><strong>xu,</strong></span> <span class='ocrx_word' id='word_1_813' title='bbox 626 5615 678 5679; x_wconf 69' lang='grc'><strong>4,</strong></span> <span class='ocrx_word' id='word_1_814' title='bbox 706 5615 758 5669; x_wconf 84' lang='grc'><strong>5.</strong></span> <span class='ocrx_word' id='word_1_815' title='bbox 840 5618 860 5649; x_wconf 74' lang='grc'><strong><em>³</em></strong></span> <span class='ocrx_word' id='word_1_816' title='bbox 900 5599 1055 5670; x_wconf 78' lang='lat' dir='ltr'><strong>Rom.</strong></span> <span class='ocrx_word' id='word_1_817' title='bbox 1085 5634 1174 5680; x_wconf 70' lang='lat' dir='ltr'><strong>vv,</strong></span> <span class='ocrx_word' id='word_1_818' title='bbox 1213 5613 1263 5668; x_wconf 88' lang='lat'><strong>7.</strong></span> 
     </span>
    </p>
   </div>
   <div class='ocr_carea' id='block_1_104' title="bbox 182 5681 1228 5746">
    <p class='ocr_par' dir='ltr' id='par_1_104' title="bbox 182 5681 1228 5746">
     <span class='ocr_line' id='line_1_104' title="bbox 182 5681 1228 5746; baseline 0.003 -11"><span class='ocrx_word' id='word_1_819' title='bbox 182 5683 254 5736; x_wconf 80' lang='lat' dir='ltr'><strong>‘l</strong></span> <span class='ocrx_word' id='word_1_820' title='bbox 295 5681 449 5737; x_wconf 86' lang='lat' dir='ltr'><strong>Joan.</strong></span> <span class='ocrx_word' id='word_1_821' title='bbox 504 5699 559 5746; x_wconf 89' lang='grc' dir='ltr'><strong>ιι,</strong></span> <span class='ocrx_word' id='word_1_822' title='bbox 606 5684 659 5737; x_wconf 82' lang='lat'><strong>6.</strong></span> <span class='ocrx_word' id='word_1_823' title='bbox 735 5687 754 5716; x_wconf 80' lang='lat'><strong>&#39;</strong></span> <span class='ocrx_word' id='word_1_824' title='bbox 792 5685 994 5741; x_wconf 84' lang='lat' dir='ltr'><strong>lJoan.</strong></span> <span class='ocrx_word' id='word_1_825' title='bbox 1030 5705 1083 5743; x_wconf 85' lang='grc' dir='ltr'><strong>ιιι</strong></span> <span class='ocrx_word' id='word_1_826' title='bbox 1141 5688 1228 5742; x_wconf 77' lang='grc'><strong>15.</strong></span> 
     </span>
    </p>
   </div>
   <div class='ocr_carea' id='block_1_105' title="bbox 1487 5615 2100 5679">
    <p class='ocr_par' dir='ltr' id='par_1_105' title="bbox 1487 5615 2100 5679">
     <span class='ocr_line' id='line_1_105' title="bbox 1487 5615 2100 5679; baseline -0.002 -11"><span class='ocrx_word' id='word_1_827' title='bbox 1487 5617 1555 5668; x_wconf 88' lang='grc'><strong>³1</strong></span> <span class='ocrx_word' id='word_1_828' title='bbox 1616 5618 1736 5670; x_wconf 85' lang='lat' dir='ltr'><strong>Cor.</strong></span> <span class='ocrx_word' id='word_1_829' title='bbox 1772 5635 1824 5677; x_wconf 71' lang='grc' dir='ltr'><strong>χ,</strong></span> <span class='ocrx_word' id='word_1_830' title='bbox 1874 5616 1961 5679; x_wconf 71' lang='grc'><strong>52,</strong></span> <span class='ocrx_word' id='word_1_831' title='bbox 2014 5615 2100 5668; x_wconf 68' lang='lat'><strong>35.</strong></span> 
     </span>
    </p>
   </div>
   <div class='ocr_carea' id='block_1_106' title="bbox 1304 5682 2007 5750">
    <p class='ocr_par' dir='ltr' id='par_1_106' title="bbox 1304 5682 2007 5750">
     <span class='ocr_line' id='line_1_106' title="bbox 1304 5682 2007 5750; baseline 0.001 -12"><span class='ocrx_word' id='word_1_832' title='bbox 1304 5686 1325 5716; x_wconf 81' lang='grc'><strong>⁸</strong></span> <span class='ocrx_word' id='word_1_833' title='bbox 1357 5682 1512 5739; x_wconf 83' lang='lat' dir='ltr'><strong>Joan.</strong></span> <span class='ocrx_word' id='word_1_834' title='bbox 1541 5702 1657 5750; x_wconf 76' lang='lat' dir='ltr'><strong>xm,</strong></span> <span class='ocrx_word' id='word_1_835' title='bbox 1690 5687 1776 5749; x_wconf 79' lang='grc' dir='ltr'><strong>Η,</strong></span> <span class='ocrx_word' id='word_1_836' title='bbox 1848 5686 1926 5740; x_wconf 81' lang='grc'><strong>15.</strong></span> <span class='ocrx_word' id='word_1_837' title='bbox 2002 5704 2007 5710; x_wconf 75' lang='grc'><em>’</em></span> 
     </span>
    </p>
   </div>
   <div class='ocr_carea' id='block_1_107' title="bbox 1822 4582 3373 4668">
    <p class='ocr_par' dir='ltr' id='par_1_107' title="bbox 1822 4582 3373 4668">
     <span class='ocr_line' id='line_1_107' title="bbox 1822 4582 3373 4668; baseline -0.012 -17"><span class='ocrx_word' id='word_1_838' title='bbox 1822 4608 2135 4668; x_wconf 85' lang='lat' dir='ltr'><strong>permanere</strong></span> <span class='ocrx_word' id='word_1_839' title='bbox 2179 4591 2406 4647; x_wconf 82' lang='lat' dir='ltr'><strong>allirmat</strong></span> <span class='ocrx_word' id='word_1_840' title='bbox 2432 4629 2446 4656; x_wconf 96' lang='lat'><strong>,</strong></span> <span class='ocrx_word' id='word_1_841' title='bbox 2478 4591 2627 4644; x_wconf 90' lang='lat' dir='ltr'><strong>illum</strong></span> <span class='ocrx_word' id='word_1_842' title='bbox 2675 4596 2892 4658; x_wconf 90' lang='lat' dir='ltr'><strong>oportet</strong></span> <span class='ocrx_word' id='word_1_843' title='bbox 2919 4584 3196 4639; x_wconf 83' lang='lat' dir='ltr'><strong>ambulare</strong></span> <span class='ocrx_word' id='word_1_844' title='bbox 3230 4582 3373 4637; x_wconf 87' lang='lat' dir='ltr'><strong>sicut</strong></span> 
     </span>
    </p>
   </div>
   <div class='ocr_carea' id='block_1_108' title="bbox 1820 4674 3390 4753">
    <p class='ocr_par' dir='ltr' id='par_1_108' title="bbox 1820 4674 3390 4753">
     <span class='ocr_line' id='line_1_108' title="bbox 1820 4674 3390 4753; baseline -0.011 -12"><span class='ocrx_word' id='word_1_845' title='bbox 1820 4699 1873 4741; x_wconf 90' lang='lat' dir='ltr'><strong>et</strong></span> <span class='ocrx_word' id='word_1_846' title='bbox 1902 4685 2146 4741; x_wconf 84' lang='lat' dir='ltr'><strong>Christus</strong></span> <span class='ocrx_word' id='word_1_847' title='bbox 2172 4683 2522 4738; x_wconf 65' lang='lat' dir='ltr'><strong>ambulavit“.</strong></span> <span class='ocrx_word' id='word_1_848' title='bbox 2566 4700 2586 4733; x_wconf 80' lang='grc' dir='ltr'><strong>ι</strong></span> <span class='ocrx_word' id='word_1_849' title='bbox 2620 4679 2685 4733; x_wconf 85' lang='grc' dir='ltr'><strong>Ει</strong></span> <span class='ocrx_word' id='word_1_850' title='bbox 2708 4680 2903 4732; x_wconf 87' lang='lat' dir='ltr'><strong>iterum</strong></span> <span class='ocrx_word' id='word_1_851' title='bbox 2944 4692 2957 4728; x_wconf 87' lang='lat'><strong>:</strong></span> <span class='ocrx_word' id='word_1_852' title='bbox 2996 4694 3012 4725; x_wconf 82' lang='grc' dir='ltr'><strong>ι</strong></span> <span class='ocrx_word' id='word_1_853' title='bbox 3047 4674 3390 4753; x_wconf 27' lang='lat' dir='ltr'><strong>Quicunque.</strong></span> 
     </span>
    </p>
   </div>
   <div class='ocr_carea' id='block_1_109' title="bbox 1821 4760 3369 4839">
    <p class='ocr_par' dir='ltr' id='par_1_109' title="bbox 1821 4760 3369 4839">
     <span class='ocr_line' id='line_1_109' title="bbox 1821 4760 3369 4839; baseline -0.014 -5"><span class='ocrx_word' id='word_1_854' title='bbox 1821 4778 2041 4833; x_wconf 78' lang='lat' dir='ltr'><strong>fratrem</strong></span> <span class='ocrx_word' id='word_1_855' title='bbox 2073 4791 2231 4831; x_wconf 92' lang='lat' dir='ltr'><strong>suum</strong></span> <span class='ocrx_word' id='word_1_856' title='bbox 2264 4775 2395 4839; x_wconf 88' lang='lat' dir='ltr'><strong>odit,</strong></span> <span class='ocrx_word' id='word_1_857' title='bbox 2427 4770 2697 4826; x_wconf 89' lang='lat' dir='ltr'><strong>homicida</strong></span> <span class='ocrx_word' id='word_1_858' title='bbox 2724 4777 2840 4834; x_wconf 91' lang='lat' dir='ltr'><strong>est;</strong></span> <span class='ocrx_word' id='word_1_859' title='bbox 2891 4765 3171 4820; x_wconf 91' lang='lat' dir='ltr'><strong>et-scitote</strong></span> <span class='ocrx_word' id='word_1_860' title='bbox 3226 4760 3369 4831; x_wconf 89' lang='lat' dir='ltr'><strong>quod</strong></span> 
     </span>
    </p>
   </div>
   <div class='ocr_carea' id='block_1_110' title="bbox 1823 4853 3372 4925">
    <p class='ocr_par' dir='ltr' id='par_1_110' title="bbox 1823 4853 3372 4925">
     <span class='ocr_line' id='line_1_110' title="bbox 1823 4853 3372 4925; baseline -0.013 0"><span class='ocrx_word' id='word_1_861' title='bbox 1823 4871 2004 4925; x_wconf 86' lang='lat' dir='ltr'><strong>nullus</strong></span> <span class='ocrx_word' id='word_1_862' title='bbox 2032 4868 2299 4923; x_wconf 87' lang='lat' dir='ltr'><strong>homicida</strong></span> <span class='ocrx_word' id='word_1_863' title='bbox 2324 4866 2489 4917; x_wconf 90' lang='lat' dir='ltr'><strong>vitam</strong></span> <span class='ocrx_word' id='word_1_864' title='bbox 2518 4872 2771 4917; x_wconf 63' lang='lat' dir='ltr'><strong>aeternam</strong></span> <span class='ocrx_word' id='word_1_865' title='bbox 2810 4860 2862 4913; x_wconf 88' lang='lat' dir='ltr'><strong>in</strong></span> <span class='ocrx_word' id='word_1_866' title='bbox 2895 4874 2953 4913; x_wconf 91' lang='lat' dir='ltr'><strong>se</strong></span> <span class='ocrx_word' id='word_1_867' title='bbox 2984 4858 3165 4910; x_wconf 85' lang='lat' dir='ltr'><strong>habet.</strong></span> <span class='ocrx_word' id='word_1_868' title='bbox 3185 4854 3244 4907; x_wconf 84' lang='lat' dir='ltr'><strong>In</strong></span> <span class='ocrx_word' id='word_1_869' title='bbox 3267 4853 3372 4906; x_wconf 88' lang='lat' dir='ltr'><strong>hoc</strong></span> 
     </span>
    </p>
   </div>
   <div class='ocr_carea' id='block_1_111' title="bbox 1804 4944 3371 5026">
    <p class='ocr_par' dir='ltr' id='par_1_111' title="bbox 1804 4944 3371 5026">
     <span class='ocr_line' id='line_1_111' title="bbox 1804 4944 3371 5026; baseline -0.013 -8"><span class='ocrx_word' id='word_1_870' title='bbox 1804 4960 2140 5018; x_wconf 79' lang='lat' dir='ltr'><strong>‘charitatem</strong></span> <span class='ocrx_word' id='word_1_871' title='bbox 2172 4957 2521 5026; x_wconf 83' lang='lat' dir='ltr'><strong>cognovimus</strong></span> <span class='ocrx_word' id='word_1_872' title='bbox 2544 4997 2558 5018; x_wconf 90' lang='lat'><strong>,</strong></span> <span class='ocrx_word' id='word_1_873' title='bbox 2621 4953 2766 5022; x_wconf 86' lang='lat' dir='ltr'><strong>quod</strong></span> <span class='ocrx_word' id='word_1_874' title='bbox 2807 4950 3054 5024; x_wconf 63' lang='lat' dir='ltr'><strong>Christus</strong></span> <span class='ocrx_word' id='word_1_875' title='bbox 3093 4963 3186 5016; x_wconf 91' lang='lat' dir='ltr'><strong>pro</strong></span> <span class='ocrx_word' id='word_1_876' title='bbox 3213 4944 3371 4998; x_wconf 88' lang='lat' dir='ltr'><strong>nobis</strong></span> 
     </span>
    </p>
   </div>
   <div class='ocr_carea' id='block_1_112' title="bbox 1825 5036 3367 5117">
    <p class='ocr_par' dir='ltr' id='par_1_112' title="bbox 1825 5036 3367 5117">
     <span class='ocr_line' id='line_1_112' title="bbox 1825 5036 3367 5117; baseline -0.013 -9"><span class='ocrx_word' id='word_1_877' title='bbox 1825 5054 2058 5108; x_wconf 87' lang='lat' dir='ltr'><strong>animam</strong></span> <span class='ocrx_word' id='word_1_878' title='bbox 2094 5063 2246 5105; x_wconf 85' lang='lat' dir='ltr'><strong>suam</strong></span> <span class='ocrx_word' id='word_1_879' title='bbox 2274 5048 2475 5117; x_wconf 87' lang='lat' dir='ltr'><strong>posuit.</strong></span> <span class='ocrx_word' id='word_1_880' title='bbox 2505 5045 2570 5100; x_wconf 87' lang='lat' dir='ltr'><strong>Et</strong></span> <span class='ocrx_word' id='word_1_881' title='bbox 2610 5061 2708 5099; x_wconf 90' lang='lat' dir='ltr'><strong>nos</strong></span> <span class='ocrx_word' id='word_1_882' title='bbox 2741 5059 2837 5113; x_wconf 90' lang='lat' dir='ltr'><strong>pro</strong></span> <span class='ocrx_word' id='word_1_883' title='bbox 2865 5041 3127 5095; x_wconf 85' lang='lat' dir='ltr'><strong>fratribus</strong></span> <span class='ocrx_word' id='word_1_884' title='bbox 3156 5036 3367 5090; x_wconf 84' lang='lat' dir='ltr'><strong>animas</strong></span> 
     </span>
    </p>
   </div>
   <div class='ocr_carea' id='block_1_113' title="bbox 1827 5125 3371 5206">
    <p class='ocr_par' dir='ltr' id='par_1_113' title="bbox 1827 5125 3371 5206">
     <span class='ocr_line' id='line_1_113' title="bbox 1827 5125 3371 5206; baseline -0.013 -9"><span class='ocrx_word' id='word_1_885' title='bbox 1827 5150 2040 5197; x_wconf 87' lang='lat' dir='ltr'><strong>nostras</strong></span> <span class='ocrx_word' id='word_1_886' title='bbox 2091 5153 2288 5206; x_wconf 86' lang='lat' dir='ltr'><strong>ponere</strong></span> <span class='ocrx_word' id='word_1_887' title='bbox 2329 5137 2649 5192; x_wconf 71' lang='lat' dir='ltr'><strong>debemus’.</strong></span> <span class='ocrx_word' id='word_1_888' title='bbox 2689 5153 2706 5185; x_wconf 76' lang='grc' dir='ltr'><strong>ι</strong></span> <span class='ocrx_word' id='word_1_889' title='bbox 2761 5133 2878 5201; x_wconf 89' lang='lat' dir='ltr'><strong>Ipse</strong></span> <span class='ocrx_word' id='word_1_890' title='bbox 2920 5129 3170 5184; x_wconf 86' lang='lat' dir='ltr'><strong>Christus</strong></span> <span class='ocrx_word' id='word_1_891' title='bbox 3204 5145 3217 5180; x_wconf 87' lang='lat'><strong>:</strong></span> <span class='ocrx_word' id='word_1_892' title='bbox 3256 5144 3275 5177; x_wconf 84' lang='grc' dir='ltr'><strong>ι</strong></span> <span class='ocrx_word' id='word_1_893' title='bbox 3315 5125 3371 5177; x_wconf 88' lang='lat' dir='ltr'><strong>Si</strong></span> 
     </span>
    </p>
   </div>
   <div class='ocr_carea' id='block_1_114' title="bbox 1781 5216 3366 5302">
    <p class='ocr_par' dir='ltr' id='par_1_114' title="bbox 1781 5216 3366 5302">
     <span class='ocr_line' id='line_1_114' title="bbox 1781 5216 3366 5302; baseline -0.015 -16"><span class='ocrx_word' id='word_1_894' title='bbox 1781 5234 1987 5302; x_wconf 60' lang='lat' dir='ltr'><strong>&#39;igilur</strong></span> <span class='ocrx_word' id='word_1_895' title='bbox 2025 5230 2176 5283; x_wconf 84' lang='lat' dir='ltr'><strong>vobis</strong></span> <span class='ocrx_word' id='word_1_896' title='bbox 2206 5229 2367 5298; x_wconf 88' lang='lat' dir='ltr'><strong>pedes</strong></span> <span class='ocrx_word' id='word_1_897' title='bbox 2412 5227 2513 5281; x_wconf 79' lang='lat' dir='ltr'><strong>lavi</strong></span> <span class='ocrx_word' id='word_1_898' title='bbox 2562 5242 2662 5293; x_wconf 75' lang='lat' dir='ltr'><strong>ego</strong></span> <span class='ocrx_word' id='word_1_899' title='bbox 2707 5224 3047 5277; x_wconf 80' lang='lat' dir='ltr'><strong>Dominus-et</strong></span> <span class='ocrx_word' id='word_1_900' title='bbox 3094 5216 3366 5285; x_wconf 76' lang='lat' dir='ltr'><strong>Magister,</strong></span> 
     </span>
    </p>
   </div>
   <div class='ocr_carea' id='block_1_115' title="bbox 1827 5304 3371 5382">
    <p class='ocr_par' dir='ltr' id='par_1_115' title="bbox 1827 5304 3371 5382">
     <span class='ocr_line' id='line_1_115' title="bbox 1827 5304 3371 5382; baseline -0.017 -4"><span class='ocrx_word' id='word_1_901' title='bbox 1827 5321 2033 5378; x_wconf 83' lang='lat' dir='ltr'><strong>debetis</strong></span> <span class='ocrx_word' id='word_1_902' title='bbox 2082 5332 2135 5374; x_wconf 89' lang='lat' dir='ltr'><strong>ct</strong></span> <span class='ocrx_word' id='word_1_903' title='bbox 2189 5335 2281 5373; x_wconf 85' lang='lat' dir='ltr'><strong>vos</strong></span> <span class='ocrx_word' id='word_1_904' title='bbox 2316 5317 2718 5371; x_wconf 86' lang='lat' dir='ltr'><strong>vobisinvieem</strong></span> <span class='ocrx_word' id='word_1_905' title='bbox 2750 5314 2908 5382; x_wconf 62' lang='lat' dir='ltr'><strong>pelles</strong></span> <span class='ocrx_word' id='word_1_906' title='bbox 2935 5312 3136 5371; x_wconf 84' lang='lat' dir='ltr'><strong>lavare,</strong></span> <span class='ocrx_word' id='word_1_907' title='bbox 3171 5304 3371 5371; x_wconf 81' lang='lat' dir='ltr'><strong>quippe</strong></span> 
     </span>
    </p>
   </div>
   <div class='ocr_carea' id='block_1_116' title="bbox 1828 5394 3435 5479">
    <p class='ocr_par' dir='ltr' id='par_1_116' title="bbox 1828 5394 3435 5479">
     <span class='ocr_line' id='line_1_116' title="bbox 1828 5394 3435 5479; baseline -0.008 -10"><span class='ocrx_word' id='word_1_908' title='bbox 1828 5411 2132 5479; x_wconf 74' lang='lat' dir='ltr'><strong>exemplum</strong></span> <span class='ocrx_word' id='word_1_909' title='bbox 2166 5410 2286 5464; x_wconf 89' lang='lat' dir='ltr'><strong>dedi</strong></span> <span class='ocrx_word' id='word_1_910' title='bbox 2317 5410 2494 5471; x_wconf 84' lang='lat' dir='ltr'><strong>vobis,</strong></span> <span class='ocrx_word' id='word_1_911' title='bbox 2530 5420 2606 5470; x_wconf 88' lang='lat' dir='ltr'><strong>ut,</strong></span> <span class='ocrx_word' id='word_1_912' title='bbox 2640 5408 2780 5461; x_wconf 89' lang='lat' dir='ltr'><strong>sicut</strong></span> <span class='ocrx_word' id='word_1_913' title='bbox 2804 5420 2902 5471; x_wconf 75' lang='lat' dir='ltr'><strong>ego</strong></span> <span class='ocrx_word' id='word_1_914' title='bbox 2950 5401 3049 5453; x_wconf 75' lang='lat' dir='ltr'><strong>feci</strong></span> <span class='ocrx_word' id='word_1_915' title='bbox 3086 5398 3254 5457; x_wconf 66' lang='lat' dir='ltr'><strong>vobis,</strong></span> <span class='ocrx_word' id='word_1_916' title='bbox 3298 5394 3370 5447; x_wconf 71' lang='grc' dir='ltr'><strong>ίιά</strong></span> <span class='ocrx_word' id='word_1_917' title='bbox 3432 5430 3435 5431; x_wconf 53' lang='grc' dir='ltr'><strong>ν</strong></span> 
     </span>
    </p>
   </div>
   <div class='ocr_carea' id='block_1_117' title="bbox 1830 5493 3369 5557">
    <p class='ocr_par' dir='ltr' id='par_1_117' title="bbox 1830 5493 3369 5557">
     <span class='ocr_line' id='line_1_117' title="bbox 1830 5493 3369 5557; baseline -0.012 0"><span class='ocrx_word' id='word_1_918' title='bbox 1830 5515 1883 5557; x_wconf 85' lang='lat' dir='ltr'><strong>et</strong></span> <span class='ocrx_word' id='word_1_919' title='bbox 1907 5518 2000 5556; x_wconf 84' lang='lat' dir='ltr'><strong>vos</strong></span> <span class='ocrx_word' id='word_1_920' title='bbox 2032 5501 2293 5555; x_wconf 64' lang='lat' dir='ltr'><strong>faciatis”.</strong></span> <span class='ocrx_word' id='word_1_921' title='bbox 2338 5520 2354 5552; x_wconf 77' lang='grc' dir='ltr'><strong>ι</strong></span> <span class='ocrx_word' id='word_1_922' title='bbox 2389 5502 2453 5553; x_wconf 86' lang='lat' dir='ltr'><strong>Et</strong></span> <span class='ocrx_word' id='word_1_923' title='bbox 2482 5500 2716 5554; x_wconf 80' lang='lat' dir='ltr'><strong>iterum:</strong></span> <span class='ocrx_word' id='word_1_924' title='bbox 2762 5514 2779 5546; x_wconf 81' lang='grc' dir='ltr'><strong>ι</strong></span> <span class='ocrx_word' id='word_1_925' title='bbox 2825 5493 3129 5548; x_wconf 79' lang='lat' dir='ltr'><strong>Mandatum</strong></span> <span class='ocrx_word' id='word_1_926' title='bbox 3170 5497 3369 5538; x_wconf 80' lang='lat' dir='ltr'><strong>novum</strong></span> 
     </span>
    </p>
   </div>
   <div class='ocr_carea' id='block_1_118' title="bbox 2216 5592 3367 5674">
    <p class='ocr_par' dir='ltr' id='par_1_118' title="bbox 2216 5592 3367 5674">
     <span class='ocr_line' id='line_1_118' title="bbox 2216 5592 3367 5674; baseline -0.021 -5"><span class='ocrx_word' id='word_1_927' title='bbox 2216 5612 2234 5641; x_wconf 79' lang='lat'><strong>‘</strong></span> <span class='ocrx_word' id='word_1_928' title='bbox 2279 5613 2450 5667; x_wconf 82' lang='lat' dir='ltr'><strong>Calat.</strong></span> <span class='ocrx_word' id='word_1_929' title='bbox 2515 5627 2587 5671; x_wconf 78' lang='lat' dir='ltr'><strong>vi,</strong></span> <span class='ocrx_word' id='word_1_930' title='bbox 2650 5610 2695 5674; x_wconf 83' lang='lat' dir='ltr'><strong>I,</strong></span> <span class='ocrx_word' id='word_1_931' title='bbox 2753 5609 2804 5662; x_wconf 70' lang='lat'><strong>9..</strong></span> <span class='ocrx_word' id='word_1_932' title='bbox 2917 5607 2934 5637; x_wconf 80' lang='grc'><strong><em>⁵</em></strong></span> <span class='ocrx_word' id='word_1_933' title='bbox 2973 5602 3083 5656; x_wconf 77' lang='lat' dir='ltr'><strong>Jac.</strong></span> <span class='ocrx_word' id='word_1_934' title='bbox 3148 5612 3228 5660; x_wconf 86' lang='grc' dir='ltr'><strong>ιιι,</strong></span> <span class='ocrx_word' id='word_1_935' title='bbox 3281 5592 3367 5654; x_wconf 70' lang='lat' dir='ltr'><strong>ili,</strong></span> 
     </span>
    </p>
   </div>
   <div class='ocr_carea' id='block_1_119' title="bbox 254 5793 1714 5872">
    <p class='ocr_par' dir='ltr' id='par_1_119' title="bbox 254 5793 1714 5869">
     <span class='ocr_line' id='line_1_119' title="bbox 254 5793 1714 5869; baseline 0.003 -20"><span class='ocrx_word' id='word_1_936' title='bbox 254 5797 328 5866; x_wconf 67' lang='lat' dir='ltr'><strong>tl)</strong></span> <span class='ocrx_word' id='word_1_937' title='bbox 355 5793 411 5850; x_wconf 89' lang='lat' dir='ltr'><strong>lu</strong></span> <span class='ocrx_word' id='word_1_938' title='bbox 446 5797 691 5867; x_wconf 71' lang='lat' dir='ltr'><strong>margine</strong></span> <span class='ocrx_word' id='word_1_939' title='bbox 718 5813 730 5850; x_wconf 83' lang='lat'><strong>:</strong></span> <span class='ocrx_word' id='word_1_940' title='bbox 770 5799 991 5868; x_wconf 76' lang='grc' dir='ltr'><strong>σκόλιον.</strong></span> <span class='ocrx_word' id='word_1_941' title='bbox 1021 5802 1094 5852; x_wconf 63' lang='lat' dir='ltr'><strong>UO</strong></span> <span class='ocrx_word' id='word_1_942' title='bbox 1137 5804 1243 5868; x_wconf 77' lang='grc' dir='ltr'><strong>γὰρ</strong></span> <span class='ocrx_word' id='word_1_943' title='bbox 1276 5795 1425 5854; x_wconf 81' lang='grc' dir='ltr'>εἶπεν</span> <span class='ocrx_word' id='word_1_944' title='bbox 1453 5798 1508 5853; x_wconf 83' lang='grc' dir='ltr'><strong>ἓν</strong></span> <span class='ocrx_word' id='word_1_945' title='bbox 1541 5800 1714 5869; x_wconf 78' lang='grc' dir='ltr'><strong>σῶμα,</strong></span> 
     </span>
    </p>
   </div>
   <div class='ocr_carea' id='block_1_120' title="bbox 1812 5793 2642 5872">
    <p class='ocr_par' dir='ltr' id='par_1_120' title="bbox 1812 5796 2642 5872">
     <span class='ocr_line' id='line_1_120' title="bbox 1812 5796 2642 5872; baseline -0.007 -19"><span class='ocrx_word' id='word_1_946' title='bbox 1812 5802 1866 5853; x_wconf 72' lang='grc' dir='ltr'><strong>.λ’</strong></span> <span class='ocrx_word' id='word_1_947' title='bbox 1894 5803 1928 5872; x_wconf 76' lang='grc' dir='ltr'><strong>ἡ</strong></span> <span class='ocrx_word' id='word_1_948' title='bbox 1955 5799 2143 5869; x_wconf 64' lang='lat'><strong>7.19661</strong></span> <span class='ocrx_word' id='word_1_949' title='bbox 2172 5798 2261 5852; x_wconf 68' lang='grc' dir='ltr'><strong>καὶ</strong></span> <span class='ocrx_word' id='word_1_950' title='bbox 2293 5800 2325 5868; x_wconf 73' lang='grc' dir='ltr'>ἡ</span> <span class='ocrx_word' id='word_1_951' title='bbox 2349 5798 2493 5866; x_wconf 50' lang='grc' dir='ltr'><strong>φυλὴ</strong></span> <span class='ocrx_word' id='word_1_952' title='bbox 2527 5796 2642 5864; x_wconf 78' lang='grc' dir='ltr'><strong>μία.</strong></span> 
     </span>
    </p>
   </div>
  </div>
