4032 6334
88 453 195 518 ιιι]

1084 468 1182 526 DE
1215 467 1454 529 mvm.
1489 441 1768 532 scatur.
1831 462 2258 537 UTSILITATE.

3136 477 3270 541 1342

87 571 211 630 δέους
241 569 327 622 καὶ⁵
354 569 727 644 θάμϐουςίῦ),
764 575 838 645 μὴ
865 576 1014 631 ἐνθεν
1044 579 1292 633 κάκεῖθεν
1317 581 1547 652 ὁρῶντες
1579 583 1609 652 ἢ
1651 568 2060 653 μεταϐαίνοντες
2093 588 2188 657 (4),
2217 587 2290 651 ὡς
2359 590 2517 658 ἡμεῖς
2580 589 2916 660 ἀτακτοῦμεν
2949 593 3006 643 ἐν
3039 590 3114 660 τῷ
3145 591 3272 661 θείῳ

88 661 290 728 τεμένει.

158 753 279 806 Ἀλλ’
309 753 478 846 οὕτως
511 757 850 824 ἀποδιδόντες
883 764 1037 832 ἡμῶν
1072 766 1170 828 τὰς
1200 767 1363 837 εὐχάς
1386 768 1464 837 τῷ
1498 770 1612 821 Κυ-

1787 770 1922 825 Dum
1953 787 2076 827 vero
2111 775 2190 828 sie
2229 775 2454 829 Domino
2493 784 2616 829 vota
2643 775 2940 846 reddimus,
2974 792 3081 830 non
3111 775 3272 832 debe.

93 846 191 914 ρίῳ,
230 844 366 928 ¹μηδὲ
409 847 504 899 τοῦ
542 850 849 920 ὲργοχείρου
872 854 951 906 δεῖ
967 856 1185 924 ἀμελεῖν
1209 873 1222 887 ·
1263 857 1330 910 δι’
1358 851 1417 909 οῦ
1456 859 1620 910 εὐπο-

93 936 329 1003 ρήσωμεν
360 937 460 1004 τὴν
482 939 783 1004 ἀναγκαίαν
805 947 1007 1014 τροφήν
1036 963 1094 998 τε
1123 949 1215 999 καὶ
1236 948 1461 1015 σκέπην,
1489 948 1620 1017 πρὸς

91 1023 140 1073 τὸ
165 1023 228 1090 μὴ
256 1023 585 1093 ἐπιϐαρῆσαί
606 1024 724 1081 τινα
754 1033 1022 1099 προφάσει
1044 1034 1142 1102 τῆς
1168 1035 1380 1104 εὐχῆςῆ
1407 1036 1502 1103 τῆς
1527 1037 1622 1106 ἀρ-

90 1113 211 1178 γίας.
243 1113 328 1182 Μὴ
353 1113 412 1166 δὲ
437 1115 528 1168 τὸν
550 1117 772 1186 ἀδελφὸν
803 1123 1046 1193 παριδεῖν
1065 1126 1339 1194 κάμνοντα
1355 1166 1369 1190 ,
1401 1125 1496 1177 καὶ
1525 1126 1622 1194 τῆς

93 1205 141 1268 ἐξ
169 1203 306 1273 ἡμῶν
334 1205 584 1274 δεόμενον
630 1208 907 1278 βοηθείας·
947 1217 1198 1283 κρεῖσσον
1247 1217 1353 1284 γάρ
1390 1217 1649 1270 καταλι-·

93 1297 195 1345 πεῖν
229 1295 423 1366 μικράν
453 1299 673 1369 ἀρετὴν,
718 1302 749 1372 ἢ
783 1303 1082 1356 καταλῦσαι
1131 1307 1370 1376 μεγάλην
1405 1307 1622 1375 ἐντολὴν

94 1385 416 1453 Δεσποτικήν.
464 1385 552 1438 Ἑν
594 1387 702 1456 γὰρ
753 1388 828 1457 τῷ
883 1389 1215 1460 πληροῦσθαι
1251 1392 1347 1461 τὴν
1384 1391 1620 1459 ἐντολὴν,

93 1473 172 1522 καὶ
199 1473 226 1541 ἡ
251 1473 343 1540 τῆς
369 1475 738 1544 προαιρέσεως
764 1477 1152 1550 εὐγνωμοσύνη
1179 1480 1621 1551 συμπληροῦσθαι

93 1561 306 1629 πέφυκεν
331 1577 342 1589 ·
366 1563 426 1615 οὐ
455 1565 515 1616 τὺ
539 1565 834 1620 ἀνάπαλιν·
859 1569 937 1621 διδ
965 1571 1058 1621 καὶ
1087 1571 1434 1624 ἀποκλείεται
1469 1571 1502 1646 ἡ
1531 1571 1621 1623 τοῦ

95 1651 352 1720 νυμφῶνος
377 1652 580 1718 εἴσοδος
601 1658 714 1719 τοῖς
735 1657 1056 1727 ἀδιακρίτως
1091 1661 1501 1729 μετερχομένοις
1522 1656 1624 1720 ’τὰς

93 1742 285 1809 ἀρετάς.
308 1741 621 1814 Γέγραπται
649 1747 757 1815 γὰρ
786 1747 844 1798 ἒν
865 1750 929 1818 τῇ
961 1746 1066 1799 τῶν
1096 1748 1385 1800 Βασιλειῶν
1411 1746 1620 1816 πρὼτῃ’

99 1831 200 1881 (υύ
247 1829 386 1884 θέλει
431 1832 635 1902 Κύριος
679 1835 1067 1898 ὁλοκαυτώσεις
1098 1837 1190 1890 καὶ
1214 1836 1424 1899 θυσίας,
1453 1837 1529 1899 ὡς
1564 1838 1624 1888 τὸ

93 1921 297 1974 ἀκοῦσαι
334 1923 434 1990 τῆς
458 1925 637 1992 φωνῆς
667 1925 870 1992 αὐτοῦ·
915 1945 933 1976 ι
969 1927 1076 1979 ίδοὺ
1107 1930 1214 1996 γὰρ
1271 1928 1405 1997 ἀκοὴ
1448 1927 1623 1999 ἀγαθὴ

95 2008 215 2078 ὑπὲρ
239 2009 425 2063 θυσίαν
445 2027 458 2040 ’
484 2012 576 2064 καὶ
611 2012 870 2081 ἀκρόασις
893 2015 1031 2084 ὑπὲρ
1059 2015 1221 2084 στέαρ
1251 2016 1446 2086 ἀρνῶν.
1469 2016 1624 2068 Καθά

1728 873 1850 913 mus
1880 860 2116 916 laborem
2159 879 2420 918 manuum
2469 864 2774 933 negligere,
2818 879 2928 935 quo
2956 864 3136 919 escam
3176 881 3272 934 ne:

1723 950 2012 1002 cessat-iam
2045 960 2097 1005 et
2125 953 2502 1014 vestimentum
2545 967 2940 1022 comparemus,
2970 951 3271 1006 neminem-

1723 1049 1828 1102 que
1855 1036 1960 1090 sub
1989 1048 2244 1105 praetextu
2271 1041 2534 1094 orationis
2565 1048 2656 1094 aut
2686 1040 2933 1108 sognitiei
2958 1054 3268 1114 gravemus.

1723 1121 2070 1192 Nequaquam
2119 1125 2338 1197 fratrem
2371 1129 2810 1197 derelinquamus
2851 1139 3037 1183 nostro
3066 1129 3272 1183 auxilio

1723 1214 2050 1288 indigentem
2079 1235 2094 1271 :
2126 1219 2318 1272 melius
2345 1220 2485 1272 enim
2517 1219 2774 1272 minorem
2825 1220 3081 1279 virtutem
3111 1221 3273 1274 omit-

1725 1321 1864 1370 tere,
1899 1324 2059 1377 quam
2098 1324 2263 1362 unum
2295 1323 2357 1360 ex
2389 1310 2596 1375 magnis
2631 1307 2842 1361 Domini
2874 1308 3141 1362 mandatis
3164 1300 3276 1361 vio-
3328 1357 3333 1364 .

1724 1402 1856 1466 lare,
1920 1401 1972 1453 in
2023 1414 2130 1467 quo
2157 1399 2504 1467 adimplenth
2536 1399 2790 1452 meritum
2838 1397 3274 1475 perlicitdelibej

1725 1501 1838 1544 rata
1870 1491 2136 1555 voluntas,
2171 1489 2297 1543 dum
2347 1499 2536 1544 contra
2571 1490 2837 1544 clauditur
2867 1491 2986 1544 lecti
3019 1489 3273 1558 nuptialis

1725 1582 1982 1636 introitus
2033 1581 2138 1636 illis
2188 1581 2300 1650 qui'
2329 1583 2445 1634 s‘ne
2480 1579 2808 1656 diseretione
2853 1583 3077 1636 virtutes
3117 1596 3273 1635 exer-

1723 1669 2160 1738 cent.8criptum
2191 1679 2273 1724 est
2301 1669 2354 1723 in
2386 1670 2556 1738 primo
2579 1670 2786 1737 Regum
2808 1670 2972 1725 libro:
2992 1669 3138 1723 «Non
3165 1679 3270 1723 tam

1723 1764 1878 1809 amat
1919 1754 2057 1808 Deus
2103 1756 2418 1810 holocausta
2473 1767 2527 1811 et
2577 1757 2875 1820 sacriﬁcia,
2925 1772 3083 1826 quam
3124 1758 3274 1811 vocis

1723 1846 1842 1914 ejus
1861 1845 2188 1899 auditionem
2212 1847 2254 1876 ¹⁰
2276 1861 2322 1897 ιι
2356 1861 2479 1899 ecce
2502 1848 2705 1902 auditio
2725 1847 2863 1900 bona
2887 1862 3048 1917 super
3064 1846 3274 1900 sacriﬁ-

1723 1937 1948 2000 cium,ct
1962 1935 2169 1990 aurium
2189 1923 2585 2005 attentlosuper
2595 1952 2853 2006 agnorum
2870 1938 3272 2005 pinguedinem.

1723 2024 1908 2094 Itaque
1939 2025 2234 2093 Apostolus
2287 2025 2338 2077 in
2391 2023 2633 2094 Epistola
2665 2027 2730 2080 ad
2757 2025 3011 2080 Hebraeos
3039 2027 3227 2080 scribit
3258 2045 3272 2082 :

92 2096 145 2179 δὴ
183 2098 269 2155 καὶ
300 2100 327 2151 ό
372 2099 690 2166 Ἀπόστολος
740 2103 796 2156 ὲν
831 2107 897 2174 τῇ
947 2105 1080 2174 πρὸς
1132 2105 1413 2174 Ἐϐραίους
1461 2107 1621 2175 φησί·

1733 2133 1752 2165 ι
1789 2114 1865 2167 Ne
1899 2115 2297 2168 obliviscamini
2343 2115 2481 2168 bene
2515 2130 2695 2184 agere,
2739 2124 2792 2169 et
2842 2116 3102 2170 fratribus
3145 2131 3279 2169 con-

98 2177 236 2252 ιἸῆς
265 2185 320 2238 δὲ
350 2186 598 2250 εὐποιίας
628 2191 723 2242 καὶ
747 2191 1029 2252 κοινωνίας
1067 2191 1142 2262 μὴ
1173 2192 1620 2251 ἐπιλανθάνεσθε·

93 2273 348 2337 τοιαύταις
377 2276 485 2346 γάρ
515 2276 724 2341 θυσίαις
751 2279 1123 2350 εὐαρεστεῖται
1149 2285 1176 2335 ό
1198 2281 1346 2346 Θεός.
1378 2301 1397 2334 ι
1431 2284 1538 2336 Καὶ
1570 2285 1626 2336 ὲν

93 2366 148 2431 τῇ
176 2364 302 2433 πρὸς
345 2365 620 2432 Ἐφεσίους
643 2365 796 2430 αὖθις
819 2383 833 2398 ·
870 2387 890 2419 ι
932 2370 988 2421 '0
1019 2361 1261 2424 κλέπτων
1289 2373 1484 2440 μηκέτι
1509 2374 1629 2426 κλεν

92 2451 273 2517 πτέτω,
308 2454 508 2524 μᾶλλον
537 2455 594 2507 δὲ
625 2457 887 2525 κοπιάτω,
936 2457 1298 2528 ἐργαζόμενος
1332 2459 1392 2511 τὸ
1429 2459 1628 2526 ἀγαθὸν

91 2545 196 2604 ταῖς
222 2544 437 2613 χερσίν·
474 2546 559 2598 ἵνα
583 2545 679 2616 ἔχῃ
718 2546 1048 2616 μεταδιδόναι
1076 2547 1152 2617 τῷ
1176 2548 1360 2618 χρείαν
1385 2549 1576 2619 ἔχοντι.
1605 2568 1621 2600 ι

93 2630 297 2702 κλοπὴν
332 2633 377 2685 δ’
416 2633 481 2688 ἂν
510 2635 685 2705 ἔγωγε
714 2638 1002 2708 καλέσαιμι
1042 2640 1136 2692 καὶ
1162 2639 1258 2709 τὴν
1285 2641 1629 2712 ὁπωσδήποτε

97 2721 221 2788 μετά
262 2722 415 2776 δόλου
453 2713 560 2779 τῶν
595 2727 888 2796 χρημάτων
928 2729 1184 2797 συλλογήν
1205 2745 1218 2758 ·
1251 2730 1327 2791 ὡς
1362 2732 1486 2782 ὅταν
1531 2748 1628 2782 που

94 2812 362 2880 ρευόμενοι
409 2814 545 2884 πρὸς
592 2815 872 2879 πλουσίους
921 2818 1014 2870 καὶ⁵
1042 2818 1296 2885 πένητας,
1331 2819 1630 2888 ὀδυρόμεθα

93 2901 246 2970 ψευδῆ
276 2904 468 2956 πενίαν
493 2922 551 2957 τε
581 2908 674 2959 καὶ
696 2907 964 2976 πτωχείαν
985 2924 998 2936 ·
1021 2909 1113 2961 καὶ
1142 2908 1282 2962 ναῶν
1305 2908 1631 2978 ἀναλώματα
1659 2929 1668 2935 ·

95 2993 181 3044 καὶ
232 2994 626 3065 ἀναθημάτων·
687 2998 982 3068 κειμηλίων
1031 3016 1090 3051 τε
1149 3000 1244 3052 καὶ
1303 2999 1630 3070 ἀγαλμάτων

95 3083 424 3145 κατασκευάς
443 3099 457 3112 ⁸
484 3078 647 3152 ίερῶν
675 3085 979 3154 ἐνδυμάτων
1005 3085 1230 3150 ἔνδειαν,
1259 3088 1351 3140 καὶ
1388 3088 1632 3157 ίστοριῶν

93 3169 384 3238 ἀφανισμόν
410 3187 425 3200 ·
461 3171 548 3225 ῖνα
580 3173 753 3226 πάντα
786 3171 994 3242 ἔχωμεν
1028 3175 1145 3242 μετ’
1173 3175 1447 3257 εὐπορίας,
1491 3174 1631 3244 ειπερ

92 3258 202 3311 οὐδὲ
237 3260 493 3326 κοσμικοὶ
525 3259 675 3322 ὄντες
713 3260 928 3330 εῖχομεν
951 3276 963 3290 ·
996 3262 1242 3313 ἐντεῦθεν
1274 3261 1427 3330 ἡμῶν
1461 3262 1634 3316 πάντα

94 3347 474 3415 εὐπορούντων,
522 3346 670 3399 ἄλλοι
717 3348 978 3417 ἀποροῦσι
1019 3349 1112 3401 καὶ
1141 3349 1442 3416 ὀδύρονται·
1477 3350 1569 3401 καὶ
1601 3349 1633 3418 ὴ

94 3436 252 3508 ἀρετὴ
280 3437 438 3508 ἡμῶν
462 3437 663 3508 ματαία
690 3438 1039 3506 καθίσταται,
1067 3439 1151 3491 ἵνα
1179 3438 1250 3508 μὴ
1275 3439 1416 3505 λέγω
1439 3438 1636 3508 βλὰὅης
1664 3435 1710 3497 C

95 3525 360 3592 πρόξενος.

158 3617 298 3687 Πρὸς
327 3617 536 3681 τούτοις
559 3617 653 3671 καὶ
676 3600 1051 3688 περἰηὲκλογῆς
1066 3618 1364 3686 ἡγουμένου
1388 3616 1635 3685 ληπτέον·

90 3708 182 3758 ’καὶ¹
207 3709 389 3762 ὁποῖον
418 3703 554 3763 εἶναι
573 3707 679 3777 χρὴ
707 3707 803 3774 τὸν,
821 3706 1024 3776 ἑτέροις
1050 3707 1474 3778 καθηγούμενον·
1508 3707 1638 3776 μήτι

98 3797 410 3868 τοπαράπαν
464 3799 528 3855 ἐκ
579 3796 787 3858 κοιλίας
831 3797 1036 3857 ἑαυτῶν
1079 3797 1492 3864 ἀποφαίνοντες·
1525 3796 1640 3848 ἀλλ’

97 3885 210 3938 ὅσον
237 3886 302 3939 lx
332 3884 443 3938 τῶν
471 3883 630 3938 θείων
654 3883 903 3952 Γραφῶν,
959 3884 991 3952 ἢ
1029 3882 1137 3938 τῶν
1163 3883 1418 3951 Πατέρων
1447 3883 1643 3952 ἐμάθο-

100 3991 224 4043 μεν·
257 3977 340 4029 δεῖ
364 3976 422 4029 δὲ
451 3975 546 4028 καὶ
574 3973 760 4027 τοῦτον
787 3974 927 4043 μετά
955 3973 1368 4043 παρακλήσεως,
1415 3975 1489 4043 μὴ
1523 3975 1642 4042 μέν·

95 4081 170 4115 τοι
205 4065 344 4133 μετά
377 4064 500 4133 βίας
533 4063 779 4129 ὲφέλκειν
816 4057 911 4114 ἐπὶ
960 4061 1058 4132 τὴν
1113 4061 1434 4130 ήγουμενίαν
1461 4079 1474 4091 ·
1529 4063 1640 4114 ἀλλ’

99 4154 212 4205 οὐδὲ
241 4153 483 4216 εὐκόλως
515 4152 642 4206 ἀνευ
681 4150 996 4220 δοκιμασίας
1029 4150 1273 4218 δέχεσθαι
1293 4166 1306 4180 ·
1335 4149 1466 4218 ἀλλὰ
1509 4152 1644 4219 μετὰ

96 4243 186 4310 τῆς
229 4245 371 4314 πρὸς
397 4243 531 4296 Θεὸν
564 4243 768 4304 ἱκεσίας
817 4241 1060 4308 ἐκλέγειν
1109 4240 1203 4307 ἕνα
1245 4241 1344 4311 τῆς
1374 4242 1639 4303 συνοδίας·

99 4332 278 4402 ῶσπερ
310 4336 359 4386 οἱ
398 4333 492 4386 τοῦ
521 4331 755 4402 Χριστοῦ
783 4333 1065 4393 ἀπόστολοι
1087 4335 1177 4387 τὸν
1211 4333 1457 4386 Ματθίαν
1476 4349 1491 4364 ·
1534 4333 1643 4385 ὥσ·-

100 4439 197 4490 περ
234 4423 329 4476 τὸν
389 4419 672 4491 Βαρνάϐαν
721 4421 814 4484 καὶ
839 4420 1083 4476 Παῦλον·
1131 4421 1317 4490 ὥσπερ
1359 4421 1483 4482 τοὺς
1511 4422 1647 4474 ἑπτὰ

99 4511 373 4574 διακόνους
394 4528 408 4542 ·
434 4512 524 4564 τὸν
552 4511 659 4581 γάρ
688 4511 778 4578 ἀφ’
812 4510 1004 4564 ἑαυτοῦ
1037 4509 1298 4577 ζητοῦντά
1320 4526 1440 4562 τινα
1471 4509 1647 4572 ἀξίαν,

1727 2204 1926 2266 sentire
1963 2221 1976 2257 :
2011 2204 2212 2257 talibus
2247 2204 2468 2259 enimin
2494 2205 2776 2258 sacriﬁciis
2820 2206 2921 2258 sibi
2958 2205 3097 2259 Deus
3129 2221 3279 2260 com-

1726 2295 1994 2366 placet”;
2035 2313 2055 2346 ι
2085 2303 2138 2349 et
2173 2296 2225 2347 in
2260 2295 2505 2363 Epistula
2532 2295 2598 2349 ad
2627 2293 2888 2364 Ephesios
2922 2313 2934 2348 :
2975 2314 2992 2346 ι
3033 2296 3139 2349 Fur
3170 2307 3278 2350 non

1723 2387 1834 2455 jam
1869 2385 2102 2450 foretur,
2155 2384 2337 2452 potius
2397 2400 2524 2438 vero
2580 2385 2808 2451 laboret,
2844 2385 3043 2440 bonum
3100 2386 3278 2440 mani-

1669 2525 1671 2527 .
1730 2477 1831 2529 bus
1865 2489 2127 2543 Operans,
2162 2483 2219 2527 ut
2249 2473 2440 2528 habeat
2477 2475 2616 2532 unde
2661 2475 2806 2545 inepi
2853 2477 3217 2530 subveniat";
3255 2494 3277 2527 ι

1731 2564 1954 2620 Furtum
1990 2581 2088 2634 ego
2118 2579 2363 2619 vacarem
2423 2568 2581 2620 istam
2617 2570 2868 2635 qualibet
2888 2570 3105 2622 ratione
3132 2568 3283 2622 dolo-

1731 2673 1846 2716 sam
1880 2658 2143 2714 bonorum
2171 2658 2653 2725 comparationem,
2693 2659 2900 2713 scilicet
2939 2669 3018 2723 ut,
3053 2675 3176 2713 cum
3206 2659 3283 2712 di-

1732 2747 1868 2800 vites
1894 2759 2226 2813 pauperesve
2254 2746 2513 2813 aggressi,
2542 2745 2773 2814 inopiam
2799 2755 3036 2800 nostram
3068 2755 3120 2799 et
3149 2761 3284 2814 pau-

1733 2844 1990 2904 pertatem
2023 2835 2367 2900 deploramus
2391 2873 2405 2898 ,
2440 2836 2762 2903 templorum
2818 2838 3150 2904 (arguentes)
3183 2837 3283 2889 im-

1733 2939 1928 2995 pensas
1963 2934 2014 2978 et
2055 2922 2428 2986 oblationum,
2474 2924 2827 2992 supellectilis
2877 2935 2929 2978 et
2977 2914 3282 2980 statuarum

1734 3014 2169 3083 acquisitionem,
2201 3026 2483 3068 sacrorum
2512 3013 2957 3081 indumentorum
2999 3015 3281 3083 penuriam

1735 3103 2190 3169 historiarumque
2233 3100 2578 3165 deletionem,
2630 3109 2690 3154 ut
2747 3103 2928 3154 omnia
2961 3101 3118 3155 facile
3147 3101 3287 3155 obti-

1736 3209 1962 3247 neamus
1992 3207 2130 3259 quin,
2181 3193 2307 3245 dum
2343 3193 2396 3245 in
2433 3193 2635 3246 mundo
2666 3207 3022 3258 versaremur,
3053 3209 3156 3261 non
3193 3193 3288 3246 ba-

1737 3285 2015 3346 bebamus,
2040 3293 2093 3338 et
2125 3298 2250 3338 cum
2295 3282 2655 3347 obtineamus,
2693 3284 2782 3337 alii
2811 3299 2917 3336 non
2955 3285 3203 3338 obtinent
3233 3293 3288 3337 et

1732 3382 1979 3446 gemunt,
2013 3374 2210 3427 virtute
2241 3382 2424 3428 nostra
2456 3375 2522 3428 ad
2555 3389 2754 3428 vanum
2789 3374 3040 3435 redacta,
3098 3384 3158 3429 ut
3220 3389 3289 3431 ne

1739 3467 1940 3530 dicam,
1978 3465 2203 3519 exitiosa
2237 3464 2399 3518 facta.

1813 3597 1968 3653 Nunc
1995 3598 2059 3653 de
2086 3599 2374 3666 hegumeni
2407 3596 2664 3666 (abbatis)
2687 3597 2950 3651 electione
2978 3597 3284 3662 dicendum,

1739 3697 1791 3742 et
1836 3688 2050 3757 qualem
2093 3701 2211 3742 esse
2251 3685 2462 3752 debeat,
2514 3685 2606 3751 qui
2646 3686 2857 3738 caeteris
2910 3684 3281 3752 przeponitur:

1739 3776 1833 3847 qui
1864 3776 2013 3830 nullo
2044 3775 2205 3828 modo
2237 3776 2302 3828 de
2330 3773 2550 3843 preprio
2593 3779 2780 3826 nostro
2806 3772 3010 3840 judicio
3043 3772 3291 3825 indican-

1740 3865 1874 3928 dus,
1931 3865 2022 3918 sed
2042 3863 2355 3924 ,seeundum
2383 3860 2526 3929 quod
2561 3875 2630 3914 ex
2659 3859 3161 3927 sacrisScrlpturis
3199 3869 3291 3912 aut

1741 3967 1808 4009 ex
1858 3949 2112 4004 Pati-ibus
2155 3949 2466 4002 didicimus.
2499 3948 2592 4001 llle
2645 3962 2775 4001 vero
2825 3965 2919 4016 per
2957 3949 3288 4012 suasioaiem,

1743 4056 1852 4097 non
1885 4057 1979 4111 per
2001 4041 2130 4103 vim,
2165 4025 2531 4102 adduCendus,
2573 4037 2849 4106 utprasit,
2876 4051 2975 4092 nec
2994 4037 3151 4091 facile
3177 4039 3292 4092 sine

1743 4133 2062 4204 probatione
2089 4130 2467 4198 accipiendos,
2499 4130 2614 4192 sed,
2643 4136 2936 4198 postquam
2974 4129 3137 4182 Deum
3170 4143 3292 4198 pre-

1745 4225 1848 4279 cati
1879 4223 2144 4276 fuerimus
2168 4261 2182 4285 ,
2215 4235 2283 4274 ex
2319 4229 2502 4275 nostra
2547 4213 2965 4289 congregatione
2992 4218 3293 4288 eligendus,

1747 4314 1887 4371 sicut
1914 4328 1944 4366 a
1965 4311 2164 4367 Christi
2199 4309 2458 4378 apostolis
2484 4307 3071 4373 Matthias,Barnabas,
3094 4308 3297 4364 Paulus

1745 4417 1799 4463 et
1826 4413 2035 4472 septem
2074 4401 2313 4458 diaconi.
2342 4401 2430 4467 Ille
2462 4402 2556 4470 qui
2587 4415 2652 4454 ex
2681 4415 2738 4455 se
2764 4400 2934 4454 ambit
2979 4391 3294 4484 dignitatem

1748 4493 2081 4549 recusandus
2106 4501 2206 4556 est,
2229 4505 2287 4544 ut
2305 4490 2488 4544 Simon
2507 4509 2536 4544 ιι
2559 4490 2748 4554 Petro;
2781 4503 2892 4553 aut,
2916 4490 2960 4544 si
2992 4489 3148 4542 fuerit
3169 4507 3198 4543 e
3219 4489 3299 4543 fa-

100 4600 533 4672 ἀποστρέφεσθαι
555 4579 665 4653 δεῖ·
695 4601 769 4662 ὡς
801 4602 828 4652 ό
855 4600 1057 4668 Πέτρος
1081 4599 1171 4651 τὸν
1195 4600 1437 4668 Σιμῶνα·
1476 4598 1507 4665 ἢ
1535 4615 1633 4650 νου-

1747 4584 2069 4648 miliaribus,
2095 4583 2464 4637 admonendus
2483 4592 2538 4634 ut
2561 4597 2590 4634 a
2616 4581 2843 4654 Domino
2865 4589 3050 4634 nostro
3083 4581 3172 4633 lilii
3200 4579 3297 4635 Ze-

101 4690 266 4743 θετεῖν
302 4692 712 4760 εῐπεροίκεῖος·
742 4691 815 4752 ὼς
847 4692 876 4742 ό
920 4689 1122 4758 Κύριος
1165 4689 1319 4758 ἡμῶν
1349 4693 1474 4752 τοὺς
1503 4689 1633 4745 υἱςὶς

1748 4677 1937 4730 bed'ei.
1961 4675 2015 4728 Si
2035 4677 2188 4729 enim.
2205 4690 2359 4742 reges
2381 4675 2561 4740 mundi
2586 4687 2679 4726 eos
2696 4673 2782 4740 qui
2805 4689 2867 4724 ex
2898 4688 2954 4725 se
2981 4672 3295 4740 dignitatem

100 4780 404 4835 Ζεϐεδαίου.
455 4783 516 4834 Εἰ
547 4785 653 4850 γὰρ
683 4782 934 4850 κοσμικοὶ
972 4780 1206 4850 βασιλεῖς
1243 4783 1368 4843 τοὺς
1397 4781 1486 4846 ἀφ’
1519 4782 1626 4831 ἑαυ»

1751 4767 1993 4820 ambiunt
2027 4766 2184 4834 quasi
2205 4764 2524 4817 rebellantes
2553 4763 2884 4824 existimant,
2902 4770 3108 4831 quanto
3127 4761 3296 4828 magis

101 4870 199 4922 τῶν
220 4889 272 4923 τι
294 4871 593 4941 ζητοῦντας
625 4871 839 4940 ἀξίωμα
860 4871 1127 4939 ἀντάρτας
1155 4869 1473 4937 λογίζονται,
1499 4872 1633 4937 πόσις.

1752 4857 1927 4912 Deus?
1955 4855 2091 4910 Dicit
2112 4854 2312 4908 Paulus
2334 4855 2387 4906 in
2411 4853 2650 4922 Epistola
2674 4853 2736 4906 ad
2763 4851 3046 4905 Hebraeos:
3069 4869 3085 4901 ι
3107 4850 3297 4903 Omnis

106 4959 300 5026 μᾶλλον
334 4962 364 5012 δ
389 4960 520 5021 Θεός
549 4977 566 5026 ;
594 4960 730 5028 Φησὶ
767 4958 873 5030 γὰρ
916 4961 972 5010 ὲν
1013 4961 1077 5028 τῇ
1113 4958 1247 5026 πρὸς
1286 4957 1568 5024 Ἐϐραίους
1621 4961 1633 5006 ί

1756 4947 1995 5019 pontifex
2037 4962 2104 5024 ex
2136 4945 2448 4999 hominibus
2499 4953 2808 5013 assumptus
2857 4959 2954 5010 pro
2987 4941 3298 4995 hominibus

85 5046 311 5110 ιΠαῦλος
333 5062 348 5076 ·
388 5065 406 5098 ι
442 5047 554 5109 Πᾶς
583 5049 868 5117 ἀρχιερεὺς
899 5045 958 5110 ἐξ
984 5046 1280 5115 ἀνθρώπων
1310 5045 1633 5114 λαμϐανόμει

1754 5037 2102 5093 constituitur
2133 5036 2188 5089 in
2220 5035 2286 5090 iis
2312 5050 2431 5106 quae
2465 5044 2592 5088 sunt
2620 5035 2682 5086 ad
2724 5033 2985 5100 Deum”;
3008 5053 3024 5082 ι
3058 5041 3108 5084 et
3139 5033 3298 5098 paulo

104 5150 208 5201 νος
229 5136 376 5206 ὑπὲρ
411 5134 708 5205 ἀνθρώπων
739 5135 1057 5189 καθίσταται
1084 5135 1151 5206 τά
1180 5137 1313 5206 πρὸς
1336 5135 1424 5188 τὸν
1446 5134 1598 5190 Θεόν.
1628 5153 1633 5182 ι

1757 5136 1916 5194 post:
1957 5143 1974 5175 ι
2008 5123 2125 5178 Non
2174 5128 2462 5192 quisquam
2504 5121 2668 5174 sumit
2715 5119 2817 5172 sibi
2857 5121 3148 5182 honorem,
3203 5121 3296 5172 sed

103 5225 210 5282 Καὶ
258 5227 378 5294 μετ’
407 5224 563 5291 ὀλίγα
581 5241 596 5255 ·
631 5242 649 5275 ι
687 5225 799 5295 Οὐχ
822 5225 1014 5296 ,ἑαυτῷ
1042 5241 1122 5288 τις
1156 5225 1418 5293 λαμβάνει
1448 5225 1542 5293 τὴν
1571 5241 1633 5282 τι·

1755 5221 1848 5290 qui
1886 5228 2119 5275 vocatur
2153 5229 2184 5269 a
2219 5212 2349 5277 Deo,
2369 5221 2636 5279 tamquam
2664 5209 2865 5263 Aaron.
2898 5209 2991 5263 Sic
3040 5220 3093 5264 et
3141 5210 3300 5263 Chri-

189 5356 293 5430 “ll
329 5374 461 5444 Reg.
498 5390 588 5442 xv,
787 5377 826 5406 ¹¹
870 5356 1032 5434 Hebr.
1075 5390 1192 5453 xm,
1222 5374 1304 5428 16.
1394 5376 1436 5406 ⁸⁸
1475 5372 1633 5441 Ephcz‘

1730 5388 1778 5437 v,
1807 5370 1894 5425 28.
1971 5369 2012 5400 "
2049 5368 2209 5426 Hebr.
2247 5388 2299 5434 ν,
2331 5370 2382 5425 1.

174 5516 251 5586 (3)
280 5513 562 5586 Scholion:
581 5516 639 5586 in
669 5494 930 5586 margin
955 5511 1059 5581 γὰρ
1087 5513 1206 5574 ταῖς
1238 5509 1457 5580 πτέρυξι
1491 5527 1628 5565 κεκα

1759 5509 1964 5586 αὐτῶν·
1991 5513 2050 5560 οὐ
2083 5510 2190 5586 μὴν
2219 5508 2345 5586 περὶ
2372 5509 2461 5586 τοῦ
2492 5508 2820 5586 κανονάρχου
2838 5521 2850 5533 ·
2879 5497 3041 5586 οὗτος.
3063 5502 3188 5586 γὰρ..
3220 5499 3298 5566 εἷς

106 5572 754 5651 λύῷθαιίτὴνεύλάὸραν
781 5572 976 5651 δηλοῖ.’
1029 5572 1041 5581 ’
1276 5647 1299 5651 _
1344 5572 1449 5651 Ἀρί
1544 5647 1586 5651 μ
1759 5578 1852 5641 ῶν,
1899 5579 1956 5629 ὲν
2000 5572 2238 5651 μεγίστῃΔ
2270 5572 2996 5651 Ἐκκλησίᾳμού-δῦναταιῌὲν
3024 5572 3298 5651 έκαιτέροις

214 5601 305 5637 oar.
335 5601 434 5651 την
469 5601 754 5635 ευΑαοειαν
781 5601 946 5650 οηΑοι.
1759 5601 1852 5641 ων,
1899 5601 1956 5629 εν
2000 5601 2227 5648 μεγιστῃ
2291 5601 2563 5646 omni}th
2604 5601 2664 5629 ou
2694 5601 2910 5629 ουναται
2941 5601 2996 5624 ev
3024 5601 3295 5640 ιιιυιιειιυις

174 5601 258 5721 ῗι)
275 5650 570 5732 ,δειιρξίιιῐη
603 5665 614 5702 :
639 5648 806 5732 ΙΤοῦτο
833 5650 1064 5732 εἴρηται,
1089 5647 1337 5732 περὶτῶν
1352 5647 1412 5710 ὲξ
1430 5628 1654 5732 ἀκηδίας
1758 5648 2105 5732 κανοναρχεῖν
2132 5648 2266 5732 τοῖς
2315 5647 2613 5732 χοροῖς,ὶεὶι
2633 5646 2726 5732 μνὴῗ
2740 5642 2960 5732 μιεξαδῇ
2977 5659 2987 5670 ·
3021 5639 3161 5732 ὲὶιιιτελὶὲ
3173 5641 3299 5732 ὅταν

113 5710 384 5790 προσβάσει
413 5717 571 5788 δῆθεν
592 5719 832 5838 κάῖιφους
862 5710 955 5770 τόῦ
998 5710 1057 5769 ιν
1100 5710 1176 5786 τῷ
1213 5716 1481 5798 ἐδάφειηή
1512 5710 1633 5768 τινος

116 5789 301 5862 bimo
349 5788 422 5859 μὴ
455 5803 653 5841 κατεπε
677 5803 859 5856 γοντος
901 5785 1224 5862 κινουμένων
1266 5801 1329 5837 εκ
1362 5801 1454 5837 του
1493 5785 1633 5842 τόποτ

1757 5710 2084 5776 δυνατὸὺξού
2127 5714 2281 5782 μόνον
2315 5710 2548 5785 περιττὴ
2590 5710 2644 5782 ὴ”
2667 5710 2980 5784 μετάϐασις,
3034 5710 3164 5763 ἀλλὰ
3208 5710 3300 5758 καὶ⁹

1755 5781 1979 5852 ὀχληρὸν
2007 5783 2097 5841 καὶ
2129 5782 2388 5849 ἀπρεπές.
