4032 6334
683 106 776 119 ΞιὟη
831 104 944 119 ινιτ-τ
961 104 982 119 ..⁷

145 193 266 209 h—’

45 440 171 504 l3“

1077 458 1173 516 DE
1207 458 1445 519 mvm.
1480 433 1760 522 scatur.
1823 439 2260 534 UTILITATE.

3128 467 3260 531 1342

44 557 188 651 δέους
223 560 318 612 καὶ
345 559 584 631 θάμϐους
613 563 718 634 (ὅ),
755 565 830 635 μὴ
856 566 1005 621 ἔνθεν
1035 569 1284 623 κάκεῖθεν
1308 572 1538 643 ὁρῶντες
1570 573 1600 642 ἢ
1642 575 2052 644 μεταϐαίνοντες
2084 579 2180 646 (4),
2209 577 2282 641 ὡς
2350 581 2509 647 ἡμεῖς
2571 578 2908 650 ἀτακτοῠμεν
2941 582 2998 632 ἐν
3031 580 3105 650 τῷ
3136 581 3264 651 θείῳ

45 648 281 716 τεμένει.

128 742 268 795 Ἀλλ’
301 743 470 804 οὕτως
503 747 842 815 ἀποδιδόντες
874 754 1029 822 ήμῶν
1064 756 1162 818 τὰς
1192 757 1354 827 εὒχάς
1379 758 1456 826 τῷ
1490 759 1604 811 Κυ-

1778 759 1914 815 Dum
1945 777 2068 817 vero
2102 765 2182 818 sic
2221 765 2446 818 Domino
2485 774 2608 819 vota
2635 765 2931 828 reddimus,
2965 781 3072 820 non
3103 765 3264 821 debe.

54 832 166 902 ρίῳ,
211 834 358 917 ,μηδὲ
401 837 496 889 τοῦ
533 839 840 911 ἑργοχείρου
864 844 943 896 δεῖ
959 846 1177 914 ἀμελεῖν
1201 863 1214 876 ο
1255 847 1322 899 δι’
1350 841 1409 899 οὖ
1447 849 1611 901 εὐπο-

54 924 321 993 ρήσαιμεν
353 927 452 994 τὴν
474 929 774 994 ἀναγκαίαν
796 936 998 1004 τροφήν
1028 953 1086 988 τε
1115 939 1207 988 καὶ
1227 938 1454 1006 σκέπην,
1480 938 1612 1007 πρὸς

52 1011 108 1060 τὸ
137 1011 209 1080 μὴ
241 1013 576 1082 ἐπιϐαρῆσαί
597 1014 716 1070 τινα
745 1023 1013 1089 προφάσει
1035 1024 1134 1093 τῆς
1159 1025 1371 1094 εὐχῆςῆ
1399 1026 1494 1092 τῆς
1519 1027 1615 1096 ἀρ-

53 1102 191 1166 γίας.
227 1103 320 1172 Μὴ
346 1103 404 1156 δὲ
429 1105 520 1158 τὸν
541 1107 763 1176 ἀδελφὸν
794 1113 1038 1182 παριδεῖν
1057 1115 1361 1184 κάμνοντα,
1393 1115 1488 1167 καὶ
1517 1116 1614 1184 τῆς

56 1193 111 1257 ιξ
142 1193 298 1261 ἡμῶν
326 1195 576 1264 δεόμενον
622 1198 899 1268 βοηθείαςο
938 1207 1190 1273 κρεῖσσον
1238 1207 1345 1274 γὰρ
1383 1207 1640 1259 καταλι-’

58 1287 172 1334 πεῖν
211 1286 415 1356 μικρὰν
445 1289 664 1358 ἀρετὴν,
709 1292 741 1362 ἦ
775 1292 1074 1346 καταλῦσαι
1122 1297 1361 1366 μεγάλην
1398 1297 1614 1364 ἐντολὴν

58 1374 408 1443 Δεσποτικήν.
456 1375 544 1428 Ἑν
585 1377 694 1446 γὰρ
745 1377 820 1446 τῷ
874 1379 1207 1449 πληροῦσθαι
1243 1382 1340 1451 τὴν
1376 1381 1612 1449 ἐντολὴν,

60 1462 148 1512 καὶ
177 1463 208 1530 η
235 1463 335 1530 τῆς
361 1465 730 1534 προαιρέσεως
756 1467 1144 1540 εὐγνωμοσύνη
1171 1470 1613 1541 συμπληροῦσθαι

61 1550 297 1619 rigatier
322 1567 335 1580 °
359 1554 418 1605 οὑ
447 1555 508 1606 τὸ
531 1555 825 1610 ἀνάπαλιν·
851 1559 929 1610 διὸ
957 1560 1050 1611 καὶ
1079 1561 1426 1614 ἀποκλείεται
1462 1562 1494 1634 ὴ
1523 1560 1614 1613 τοῦ

63 1641 344 1709 νυμφῶνος
369 1643 572 1708 εἴσοδος
593 1648 705 1709 τοῖς
727 1646 1048 1717 ἀδιακρίτως
1082 1651 1493 1718 μετερχομὲνοις
1519 1648 1616 1710 τὰς

64 1731 273 1798 ἀρετάς.
300 1731 612 1803 Γέγραπται
641 1737 750 1805 γὰρ
777 1737 836 1788 ἒν
856 1739 920 1806 τῇ
953 1735 1058 1788 τῶν
1089 1738 1377 1790 Βασιλειῶν
1403 1735 1612 1806 πρώτῃ·

70 1837 86 1868 ι
110 1821 180 1872 οὐ
233 1819 378 1874 θέλει
423 1822 627 1892 Κύριος
671 1825 1060 1888 ὁλοκαυτώσεις
1090 1827 1183 1880 καὶ
1207 1826 1416 1889 θυσίας.
1446 1827 1522 1889 ὡς
1557 1828 1616 1879 τὸ

66 1911 288 1964 ἀκοῦσαι
326 1913 425 1980 τῆς
450 1915 629 1982 φωνῆς
659 1915 822 1968 αὐτοῦ
848 1933 862 1946 ο
907 1935 924 1966 ι
961 1917 1067 1969 ίδοὺ
1099 1920 1207 1985 γὰρ
1263 1918 1398 1987 ἀκοὴ
1440 1917 1615 1988 ἀγαθὴ

68 1998 199 2068 ὑπὲρ
224 1999 417 2053 θυσίαν
437 2017 450 2030 °
476 2002 567 2054 καὶ
603 2002 862 2071 ἀκρόασις
884 2005 1023 2073 ὑπὲρ
1051 2006 1214 2075 στέαρ
1243 2005 1439 2076 ἀρνῶν.
1460 2006 1617 2058 Καθά

1720 863 1841 903 mus
1872 850 2107 906 laborem
2151 868 2410 908 manuum
2460 854 2767 923 negligere,
2810 869 2921 924 quo
2948 852 3128 908 escam
3168 871 3264 908 ne-

1715 939 2004 992 cessariam
2036 951 2089 995 et
2117 943 2494 1004 vestimentum
2537 957 2932 1011 comparemus,
2961 941 3263 996 neminem-

1714 1039 1819 1093 que
1847 1026 1952 1079 sub
1981 1039 2236 1095 praetextu
2263 1031 2526 1084 orationis
2556 1037 2648 1084 aut
2678 1029 2924 1098 segnitiei
2949 1044 3261 1099 gravemus.

1714 1111 2062 1182 Nequaquam
2111 1116 2330 1187 fratrem
2362 1119 2802 1186 derelinquamus
2843 1128 3028 1172 nostro
3057 1119 3264 1172 auxilio

1715 1204 2042 1278 indigentem
2072 1225 2086 1260 :
2118 1209 2310 1262 melius
2337 1211 2476 1262 enim
2509 1209 2766 1262 minorem
2817 1209 3072 1269 virtutem
3102 1210 3265 1263 omit-

1717 1311 1856 1360 tere.
1891 1314 2051 1366 quam
2090 1314 2254 1352 unum
2287 1313 2349 1350 ex
2381 1300 2588 1365 magnis
2623 1297 2834 1350 Domini
2865 1297 3133 1351 mandatis
3156 1290 3268 1351 vio—
3319 1347 3324 1353 .

1716 1392 1848 1456 lare,
1911 1391 1964 1443 in
2015 1404 2122 1457 quo
2150 1389 2495 1457 adimplendo
2528 1388 2783 1441 meritum
2830 1387 3266 1465 perficitdelibef

1717 1491 1830 1534 rata
1862 1481 2129 1544 voluntas,
2163 1479 2290 1532 dum
2339 1489 2527 1533 contra
2563 1480 2829 1534 clauditur
2859 1480 2978 1534 lecti
3011 1479 3265 1548 nuptialis

1718 1572 1973 1625 introitus
2024 1571 2130 1626 illis
2180 1571 2291 1640 qui'
2321 1573 2437 1624 s‘ne
2472 1571 2800 1646 disdretione
2845 1573 3069 1626 virtutes
3109 1586 3264 1624 excr-

1715 1659 2152 1728 cent.8criptum
2183 1669 2265 1714 est
2294 1659 2346 1712 in
2378 1660 2549 1728 primo
2569 1659 2778 1727 Regum
2800 1660 2964 1714 libro:
2984 1658 3130 1713 «Non
3157 1668 3262 1713 tam

1715 1754 1860 1798 amat
1910 1743 2050 1798 Deus
2095 1746 2410 1800 holocausta
2465 1757 2519 1800 et
2569 1747 2867 1810 sacriﬁcia,
2917 1763 3075 1816 quam
3116 1747 3267 1801 vocis

1715 1836 1834 1904 ejus
1853 1835 2180 1889 auditionem
2203 1837 2246 1866 ‘°
2268 1851 2313 1888 ει
2348 1851 2471 1889 ecce
2494 1838 2697 1892 auditio
2717 1837 2854 1890 bona
2878 1852 3040 1906 super
3057 1836 3266 1890 sacrifi-

1715 1927 1939 1990 cium,et
1954 1925 2161 1979 aurium
2180 1926 2404 1979 attentio
2414 1941 2576 1995 super
2587 1942 2788 1996 agnoru
2798 1944 2845 1979 ιιι
2862 1928 3264 1995 pinguedinem.

1716 2015 1900 2084 Itaque
1931 2015 2226 2082 Apostolus
2279 2015 2330 2067 in
2383 2013 2625 2084 Epistola
2658 2016 2721 2069 ad
2749 2015 3003 2070 Hebraeos
3031 2016 3219 2070 scribit
3250 2035 3264 2071 :

165 2088 258 2146 καὶ
291 2090 319 2142 6
365 2089 681 2156 Ἀπόστολος
732 2094 787 2145 ὲν
823 2097 888 2165 τῇ
939 2094 1072 2164 πρὸς
1125 2095 1406 2164 Ἐϐραίους
1453 2096 1613 2165 φησί·

1728 2123 1744 2155 ι
1781 2104 1857 2157 Ne
1891 2105 2289 2158 obliviscamini
2336 2104 2474 2158 bene
2507 2120 2687 2174 agere,
2731 2114 2784 2159 et
2834 2105 3094 2160 fratribus
3136 2120 3271 2160 con-

75 2164 222 2243 ῖἹῆς
253 2175 311 2228 δὲ
342 2176 589 2240 εὐποιίας
620 2182 714 2232 καὶ
739 2164 1022 2242 κοινωνίας
1060 2180 1134 2252 μὴ
1165 2164 1612 2241 ἐπιλανθάνεσθε*

72 2263 340 2327 τοιαύταις
368 2267 478 2336 γὰρ
507 2267 716 2331 θυσίαις
743 2270 1115 2340 εὐαρεστεῖται
1140 2274 1169 2325 6
1190 2272 1339 2336 Θεός.
1371 2291 1389 2324 ι
1423 2274 1530 2326 Καὶ
1561 2275 1618 2326 ὲν

73 2356 130 2422 τῇ
160 2355 293 2424 πρὸς
336 2356 612 2422 Ἐφεσίους
636 2355 788 2420 αὖθις
811 2373 825 2388 ⁸
862 2377 882 2410 ι
924 2359 980 2412 '0
1011 2360 1253 2414 κλέπτων
1282 2364 1476 2430 μηκέτι
1502 2364 1620 2416 κλε-

74 2442 263 2508 πτέτω,
300 2444 500 2514 μᾶλλον
529 2445 585 2497 δὲ
611 2431 879 2513 κοπιάτω,
929 2448 1290 2518 ἐργαζόμενος
1324 2449 1384 2500 τὸ
1421 2449 1620 2516 ἀγαθὸν

72 2535 183 2596 ταῖς
210 2534 398 2603 χερσίν
415 2551 429 2567 ο
467 2536 551 2589 ἴνα
575 2535 671 2606 ἔχῃ
710 2537 1040 2606 μεταδιδόναι
1068 2537 1144 2607 τῷ
1168 2538 1352 2608 χρείαν
1377 2539 1569 2609 ἔχοντι.
1596 2558 1614 2590 ι

76 2621 289 2693 κλοπὴν
324 2623 370 2676 δ’
407 2624 473 2678 ἀν
503 2625 677 2695 ἔγωγε
707 2628 994 2698 καλέσαιμι
1034 2630 1128 2682 καὶ
1155 2629 1250 2699 τὴν
1277 2630 1621 2700 ὁπωσδήποτε

82 2712 210 2780 μετά
252 2713 408 2766 δόλου
445 2703 552 2768 τῶν
587 2718 880 2786 χρημάτων
920 2719 1176 2787 συλλογήν
1197 2735 1209 2748 ⁸
1243 2720 1318 2782 ὡς
1354 2722 1479 2772 ὅταν
1523 2737 1621 2772 πο-

82 2803 353 2872 ρευόμενοι
401 2804 538 2874 πρὸς
584 2805 864 2869 πλουσίους
913 2808 1006 2860 καὶ
1035 2809 1289 2876 πένητας,
1323 2809 1623 2878 ὀδυρόμεθα

81 2892 236 2961 ψευδῆ
267 2894 460 2948 πενίαν
486 2912 543 2947 τε
573 2898 666 2949 καὶ
689 2897 956 2966 πτωχείαν
977 2914 991 2928 ’
1014 2899 1105 2950 καὶ
1134 2898 1274 2952 ναῶν
1296 2898 1623 2968 ἀναλώματα
1649 2919 1661 2925 -

84 2984 170 3036 καὶ
221 2985 619 3055 ἀναθημάτων·
679 2988 974 3057 κειμηλίων
1023 3006 1082 3041 τε
1140 2991 1235 3042 καὶ
1294 2989 1623 3060 ἀγαλμάτων

86 3075 417 3136 κατασκευάς
436 3089 449 3102 ο
476 3071 639 3142 ἱερῶν
668 3075 972 3144 ἐνδυμάτων
998 3076 1222 3140 ἔνδειαν,
1251 3079 1343 3130 καὶ
1381 3078 1624 3148 ἱστοριῶν

84 3161 376 3229 ἀφανισμόν
402 3177 417 3192 ο
454 3162 540 3216 ῖνα
573 3163 746 3215 πάντα
778 3161 986 3232 ἔχωμεν
1021 3164 1137 3232 μετ’
1164 3165 1439 3247 εὐπορίας,
1483 3164 1624 3234 ἃπερ

86 3249 195 3303 οὐδὲ
229 3251 486 3316 κοσμικοὶ
517 3249 667 3313 ὄντες
705 3249 921 3320 εἴχομεν
943 3267 955 3280 ’
988 3251 1234 3304 ἐντεῦθεν
1266 3251 1419 3321 ἡμῶν
1453 3253 1626 3305 πάντα

87 3337 466 3406 εὐποροῦντων,
515 3336 662 3389 ἄλλοι
709 3338 971 3407 ἀποροῦσι
1012 3339 1105 3390 καὶ
1133 3339 1434 3406 ὀδύρονται·
1470 3340 1561 3391 καὶ
1593 3339 1625 3408 ὴ

89 3427 246 3499 ἁρετὴ
273 3429 430 3498 ἡμῶν
455 3426 654 3498 ματαία
682 3427 1031 3495 καθίσταται,
1059 3429 1144 3481 ἴνα
1171 3429 1242 3498 μὴ
1267 3429 1408 3496 λέγω
1431 3429 1628 3498 βλάϐης
1657 3425 1702 3487 C

91 3516 353 3583 πρόξενος.

155 3608 290 3678 Πρὸς
319 3608 529 3671 τούτοις
552 3607 645 3662 καὶ
669 3609 795 3676 περὶ
815 3608 1044 3678 ικλογῆς
1058 3608 1356 3676 ἡγουμένου
1381 3606 1627 3675 ληιιτειςέον⁹

95 3699 178 3750 καὶ
203 3701 382 3752 ὁποῖον
410 3693 547 3753 εἶναι
565 3697 672 3768 χρὴ
699 3697 796 3763 τὸν»
814 3696 1016 3766 ἑτέροις
1043 3697 1466 3768 καθηγούμενονο
1501 3696 1630 3766 μήτι

97 3787 402 3858 τοπαράπαν
457 3789 522 3845 ὲκ
571 3786 779 3848 κοιλίας
823 3787 1029 3846 ἑαυτῶν
1072 3787 1484 3853 ἀποφαίνοντες·
1517 3786 1633 3838 ἀλλ’

97 3877 207 3929 ὅσον
232 3877 296 3929 ἑκ
324 3875 436 3928 τῶν
465 3873 622 3928 θείων
647 3873 896 3942 Γραφῶν,
951 3874 983 3943 ἢ
1023 3871 1129 3930 τῶν
1156 3873 1411 3941 Πατέρων
1439 3873 1635 3942 ἐμάθο-

102 3982 220 4033 μεν’
252 3967 333 4019 δεῖ
356 3966 416 4019 δδ
443 3965 538 4018 καὶ
567 3963 752 4017 τοῦτον
779 3964 920 4033 μετὰ
947 3963 1361 4033 παρακλήσεως,
1407 3965 1482 4032 μὴ
1515 3964 1635 4032 μέν·

98 4071 170 4106 τοι
203 4055 337 4124 μετὰ
371 4054 493 4123 βίας
527 4052 772 4118 ἑφίλκειν
809 4046 904 4104 ἐπὶ
952 4052 1050 4122 τὴν
1105 4051 1427 4120 ἡγουμενίαν
1455 4068 1468 4080 ο
1522 4051 1633 4103 ἀλλ’

102 4145 210 4196 οὐδὲ
238 4143 477 4206 εὐκόλως
508 4142 634 4196 ἄνευ
673 4141 989 4210 δοκιμασίας
1022 4139 1266 4208 δέχεσθαι
1286 4156 1299 4170 ι
1328 4139 1458 4208 ἀλλὰ
1502 4142 1636 4208 μετά

102 4234 188 4301 τῆς
229 4235 363 4304 πρὸς
389 4233 524 4286 Θεὸν
557 4233 761 4295 ἱκεσίας
810 4232 1052 4298 ἐκλέγειν
1102 4230 1195 4298 Eva
1239 4231 1337 4300 τῆς
1367 4232 1632 4293 συνοδίας*

105 4323 274 4392 ὥσπερ
304 4326 351 4376 oi
391 4323 485 4377 τοῦ
514 4321 747 4391 Χριστοῦ
775 4323 1057 4382 ἀπόστολοι
1079 4325 1169 4376 τὸν
1204 4323 1450 4376 Ματθίαν
1469 4339 1484 4354 ο
1527 4322 1636 4375 ῶσ-

107 4429 199 4481 περ
233 4414 322 4466 τὸν
382 4409 665 4482 Βαρνάϐαν
713 4411 806 4475 καὶ
832 4410 1040 4466 Παῦλον
1063 4425 1076 4439 °
1124 4411 1311 4480 ὥσπερ
1351 4411 1476 4472 τοὺς
1504 4412 1641 4469 ἑπτὰ

107 4501 365 4566 διακόνους
387 4518 400 4533 ·
428 4502 518 4554 τὸν
545 4501 651 4572 γὰρ
681 4501 771 4568 ἀφ’
805 4500 996 4554 ἑαυτοῦ
1031 4500 1292 4567 ζητοῦντά
1313 4516 1434 4552 τινα
1464 4498 1640 4561 ἀξίαν,

110 4590 526 4662 ἀποστρέφεσθαι
548 4590 627 4643 δεῖ
644 4606 658 4619 '
687 4591 762 4652 ὼς
794 4592 822 4643 6
848 4590 1051 4659 Πέτρος
1074 4589 1164 4642 τὸν
1189 4589 1430 4658 Σιμῶνα·
1469 4588 1501 4655 ἢ
1528 4605 1644 4638 νου-

111 4680 264 4734 θετεῖν
298 4682 705 4751 είπεροίκεῖος·
734 4682 808 4742 ὡς
840 4682 869 4732 6
913 4679 1115 4748 Κύριος
1157 4679 1312 4749 ἡμῶν
1342 4682 1467 4740 τοὺς
1496 4678 1642 4738 υίοις

1719 2194 1919 2255 sentire
1956 2211 1969 2246 :
2003 2194 2204 2247 talibus
2238 2194 2460 2250 enimin
2486 2195 2768 2248 sacriﬁciis
2812 2195 2913 2247 sibi
2950 2195 3089 2249 Deus
3122 2211 3270 2250 com-

1719 2285 1987 2356 placet“;
2028 2303 2047 2336 i
2077 2293 2130 2338 et
2165 2285 2217 2337 in
2253 2284 2497 2353 Epistola
2525 2285 2590 2338 ad
2619 2283 2880 2353 Ephesios
2914 2303 2927 2338 :
2967 2304 2985 2336 ι
3025 2286 3130 2339 Fur
3162 2297 3270 2339 non

1716 2377 1828 2445 jam
1862 2374 2094 2439 foretur,
2147 2374 2330 2443 potius
2388 2390 2516 2428 vero
2573 2375 2799 2440 laboret,
2837 2375 3035 2430 bonum
3091 2376 3271 2430 mani-

1723 2467 1823 2518 bus
1857 2479 2120 2533 Operans,
2154 2472 2212 2517 ut
2242 2463 2432 2518 habeat
2469 2465 2608 2522 unde
2654 2466 2798 2535 in0pi
2846 2467 3209 2521 subveniat“.
3246 2484 3269 2516 ι

1723 2554 1946 2610 Furtum
1982 2571 2080 2624 ego
2111 2569 2356 2608 rocarem
2416 2558 2573 2610 istam
2609 2560 2852 2625 qualibet
2881 2560 3097 2612 ratione
3123 2558 3274 2612 dolo-

1724 2662 1838 2706 sam
1872 2648 2135 2703 bonorum
2163 2649 2645 2715 comparationem,
2685 2649 2893 2702 scilicet
2932 2658 3010 2712 ut,
3045 2665 3167 2702 cum
3197 2648 3275 2701 di-

1725 2736 1860 2790 vites
1886 2749 2218 2803 pauperesve
2247 2735 2505 2803 aggressi,
2534 2735 2765 2804 inopiam
2791 2743 3028 2789 nostram
3060 2745 3112 2789 et
3141 2750 3276 2803 pau-

1725 2834 1983 2894 pertatem
2015 2825 2359 2890 deploramus
2383 2863 2398 2888 ,
2433 2826 2755 2892 templorum
2811 2829 3142 2894 (arguentes)
3175 2827 3275 2878 im-

1725 2929 1921 2985 pensas
1955 2923 2006 2968 et
2048 2914 2419 2976 oblationum,
2467 2913 2819 2982 supellectilis
2869 2925 2921 2968 et
2969 2905 3274 2969 statuarum

1727 3004 2161 3073 acquisitionem,
2193 3017 2476 3058 sacrorum
2502 2999 2950 3071 indumentorum
2991 3004 3274 3072 penuriam

1728 3093 2183 3159 historiarumque
2225 3090 2570 3155 deletionem,
2622 3099 2682 3144 ut
2740 3092 2920 3144 omnia
2953 3091 3110 3145 facile
3139 3091 3279 3144 obti-

1728 3199 1955 3237 neamus
1984 3197 2123 3249 qum,
2173 3183 2300 3235 dum
2336 3183 2389 3234 in
2425 3183 2628 3236 mundo
2659 3197 3014 3248 versaremur,
3044 3198 3148 3250 non
3184 3183 3280 3234 ha-

1728 3276 2009 3336 bebamus,
2033 3283 2086 3329 et
2117 3288 2242 3327 cum
2287 3274 2648 3336 obtineamus,
2685 3274 2775 3327 alii
2803 3289 2909 3326 non
2947 3273 3194 3327 obtinent
3225 3281 3280 3326 et

1725 3372 1972 3436 gemunt,
2006 3363 2204 3416 virtute
2233 3371 2415 3418 nostra
2448 3365 2514 3418 ad
2548 3379 2746 3418 vanum
2781 3364 2996 3418 redacta
3017 3402 3032 3425 ,
3091 3373 3150 3418 ut
3211 3379 3280 3420 ne

1731 3457 1934 3520 dicam,
1971 3455 2196 3509 exitiosa
2230 3454 2392 3507 facta.

1805 3587 1961 3644 Nunc
1988 3588 2053 3642 de
2079 3588 2367 3656 liegumeni
2400 3587 2656 3656 (abbatis)
2679 3587 2942 3641 electione
2971 3587 3276 3651 dicendum,

1731 3687 1784 3733 et
1829 3677 2042 3747 qualem
2086 3692 2204 3732 esse
2244 3675 2455 3740 debeat,
2507 3674 2598 3741 qui
2638 3676 2849 3728 caeteris
2901 3674 3273 3742 praeponitur:

1732 3767 1826 3837 qui
1857 3767 2006 3820 nullo
2037 3765 2198 3819 modo
2230 3766 2296 3818 de
2324 3764 2544 3833 preprio
2586 3770 2773 3815 nostro
2799 3761 3001 3829 judicio
3035 3763 3282 3814 indican-

1732 3855 1866 3917 dus,
1924 3853 2348 3914 sed,secundum
2377 3849 2518 3919 quod
2554 3864 2622 3904 ex
2652 3849 3153 3917 sacrisScrlpturis
3190 3859 3283 3902 aut

1733 3957 1801 3997 ex
1851 3939 2105 3994 Patribus
2148 3939 2460 3992 didicimus.
2493 3938 2584 3991 Ille
2638 3951 2767 3991 vero
2817 3955 2911 4006 per
2949 3939 3280 4001 suasioaem,

1737 4046 1844 4086 non
1878 4046 1970 4100 per
1993 4031 2122 4093 vim,
2158 4028 2524 4092 adducendus,
2565 4027 2842 4096 utprasit,
2869 4041 2967 4082 nec
2986 4027 3143 4081 facile
3170 4029 3285 4082 sine

1736 4124 2053 4194 probatione
2082 4120 2460 4188 accipiendus,
2492 4120 2606 4182 sed,
2635 4126 2928 4188 postquam
2966 4119 3130 4172 Deum
3163 4133 3284 4188 pre-

1738 4215 1841 4269 cati
1873 4213 2136 4266 fuerimus
2161 4251 2175 4275 ,
2209 4225 2276 4264 ex
2313 4220 2496 4265 nostra
2540 4204 2957 4279 congregatione
2985 4208 3285 4278 eligendus,

1739 4304 1879 4360 sicut
1907 4317 1936 4355 a
1957 4301 2157 4356 Clu-isti
2192 4300 2450 4368 apostolis
2476 4297 3064 4363 Matthias,Barnabas,
3087 4297 3289 4353 Paulus

1739 4406 1792 4452 et
1819 4403 2027 4463 septem
2067 4391 2306 4447 diaconi.
2336 4391 2423 4456 Ille
2455 4392 2548 4460 qui
2580 4405 2645 4444 ex
2674 4405 2732 4444 se
2757 4390 2927 4444 ambit
2972 4381 3286 4473 dignitatem

1740 4483 2074 4538 recusandus
2098 4491 2199 4545 est,
2221 4494 2280 4534 ut
2297 4480 2481 4534 Simon
2501 4499 2528 4534 a
2553 4480 2742 4544 Petro;
2774 4493 2885 4543 aut,
2909 4480 2952 4534 si
2985 4478 3141 4532 fuerit
3162 4497 3191 4533 e
3212 4478 3291 4532 fa-

1740 4574 2062 4636 miliaribus,
2089 4573 2456 4626 admonendus
2476 4582 2530 4624 ut
2554 4587 2582 4624 a
2608 4572 2836 4644 Domino
2857 4579 3043 4624 nostro
3075 4571 3165 4623 fi1ii
3193 4569 3289 4625 Ze-

1743 4667 1931 4720 liCd'Ei.
1954 4665 2008 4718 Si
2028 4667 2180 4718 enim.
2198 4679 2352 4732 reges
2375 4663 2554 4730 mundi
2579 4677 2671 4716 eos
2688 4663 2775 4730 qui
2798 4679 2860 4714 ex
2892 4677 2948 4716 se
2974 4662 3288 4730 dignitatem

112 4771 398 4825 Ζεϐεδαίου.
449 4773 508 4825 Ei
541 4775 646 4840 γὰρ
676 4773 926 4840 κοσμικοὶ
965 4771 1199 4840 βασιλεῖς
1236 4773 1360 4832 τοὺς
1390 4771 1479 4836 ἀφ’
1513 4772 1618 4821 seu

1745 4757 1985 4810 ambiunt
2020 4755 2176 4823 quasi
2198 4753 2517 4806 rebellantes
2546 4753 2877 4815 existimant,
2896 4759 3101 4821 quanto
3120 4751 3289 4818 magis

113 4859 204 4911 τῶν
223 4878 272 4912 τι
291 4839 586 4932 ζητοῦντας
618 4839 832 4930 ἀξίωμα
853 4839 1120 4929 ἀντάρτας
1147 4859 1466 4927 λογίζονται,
1493 4862 1627 4927 πόση.

1747 4847 1920 4902 Deus?
1949 4844 2085 4899 Dicit
2106 4843 2305 4898 Paulus
2328 4844 2379 4895 in
2404 4842 2643 4911 Epistola
2667 4843 2730 4895 ad
2757 4841 3040 4895 llebrmos:
3062 4859 3079 4891 ι
3100 4839 3290 4894 Omnis

119 4949 298 5014 μᾶλλον
329 4952 358 5003 6
381 4950 514 5012 Θεός
542 4967 559 5017 ;
587 4950 724 5018 Φησὶ
760 4948 866 5018 γὰρ
909 4951 964 5000 ὲν
1005 4951 1070 5018 τῇ
1106 4948 1240 5016 πρὸς
1280 4947 1561 5014 Ἐϐραίους
1615 4950 1642 4997 6

99 5035 308 5099 -Παῦλος
328 5052 342 5066 ο
381 5055 400 5088 ι
436 5037 547 5100 Πᾶς
576 5039 861 5107 ἀρχιερεὺς
891 5035 951 5100 ἐξ
977 5036 1273 5105 ἀνθρώπων
1303 5035 1643 5104 λαμϐανόμε-

119 5139 214 5190 νοῆ
233 5125 370 5196 ὑπὲρ
404 5124 701 5195 ἀνθρώπων
732 5125 1050 5180 καθίσταται
1077 5125 1144 5196 τά
1173 5127 1306 5196 πρὸς
1329 5126 1417 5178 τὸν
1439 5125 1591 5180 Θεόν.
1621 5143 1638 5173 ι

120 5212 218 5268 Καὶ
261 5217 371 5284 μετ’
401 5215 556 5282 ὀλίγα
575 5231 588 5245 ·
623 5232 642 5265 ι
680 5215 792 5284 Οὐχ
815 5215 1006 5286 ,ἑαυτῷ
1035 5231 1116 5278 τις
1149 5215 1411 5283 λαμϐάνει
1442 5215 1534 5282 τὴν
1565 5231 1643 5271 τι·

199 5346 292 5419 ¹θ”Ι
325 5365 454 5435 Reg.
492 5381 581 5432 xv,
780 5367 820 5396 ¹¹
863 5346 1025 5424 ﬂebr.
1068 5381 1186 5442 xm,
1216 5364 1298 5418 l6.
1387 5365 1430 5396 “
1468 5362 1659 5431 Epheso

187 5504 256 5573 (ὅ)
282 5502 555 5573 Scholium
577 5507 632 5573 in
662 5484 923 5573 marg._’f6
948 5501 1052 5571 γάρ
1080 5504 1199 5565 ταῖς
1231 5499 1450 5571 πτέρυξι
1485 5517 1649 5556 κεκα-

127 5567 326 5650 mitigat.
332 5572 746 5650 1i;v__eb).66§_tay
774 5567 939 5650 δηλοῖ.

812 5620 1057 5718 Ethice“
1081 5638 1330 5718 περὶτῶν
1346 5637 1404 5702 ἐξ
1423 5620 1647 5718 ἀκηδίας

136 5707 564 5788 ῇρρφάσειιδῆθεν
586 5710 824 5788 κάρφους
856 5707 948 5760 τοῦ
992 5709 1048 5760 ἑν
1093 5707 1170 5788 τῷ
1206 5707 1474 5788 ἐδάφειηή
1505 5723 1645 5788 τινος

141 5775 303 5848 ἑτέρου
344 5778 416 5849 μὴ
449 5775 852 5846 κατεπείγοντος
893 5775 1218 5856 κινουμένων
1259 5778 1322 5828 ἐκ
1355 5775 1446 5828 τοῦ
1486 5775 1644 5832 τόπου

1749 5703 1988 5765 δυνατὸν,
2019 5704 2078 5755 οὺ

1748 5771 1972 5842 ὀχληρὸν
2000 5772 2090 5824 καὶ
2122 5773 2382 5839 ἀπρεπές.

1750 4937 1988 5009 pomifer
2030 4951 2096 4990 ex
2130 4934 2440 4988 hominibus
2493 4943 2802 5002 assumptus
2850 4948 2947 5000 pro
2981 4932 3291 4985 hominibus

1747 5026 2095 5082 constituitur
2126 5025 2180 5078 in
2213 5025 2278 5078 iis
2305 5039 2423 5095 quae
2458 5033 2584 5077 sunt
2614 5025 2676 5074 ad
2718 5023 2978 5090 Deum”;
3001 5042 3017 5072 ι
3051 5031 3102 5074 et
3133 5023 3291 5088 paulo

1750 5126 1910 5184 post:
1950 5132 1968 5164 ι
2001 5111 2117 5167 Non
2167 5117 2455 5181 quisquam
2497 5110 2661 5163 sumit
2709 5109 2811 5161 sibi
2851 5109 3142 5172 honorem,
3197 5111 3290 5162 sed

1748 5211 1841 5279 qui
1879 5217 2112 5265 vocatur
2146 5219 2176 5258 a
2213 5201 2342 5266 Deo,
2363 5210 2630 5268 tamquam
2657 5198 2858 5251 Aaron.
2891 5198 2985 5252 Sic
3034 5210 3087 5253 et
3135 5200 3294 5253 Clu-i—

1701 5378 1771 5427 tv,
1800 5359 1886 5414 28.
1963 5358 2005 5390 ⁸³
2043 5357 2202 5416 Hebr.
2241 5377 2292 5423 ν,
2325 5359 2375 5414 l.

1753 5498 1956 5551 αὐτῶνθ
1984 5503 2043 5550 οὐ
2076 5499 2182 5567 μὴν
2212 5497 2338 5567 περὶ
2365 5497 2454 5550 τοῦ
2484 5497 2813 5567 κανονάρχου
2831 5509 2844 5522 θ
2872 5486 3034 5567 οὗτος.
3057 5492 3182 5567 γὰρ,
3214 5489 3291 5555 είς

1751 5568 1846 5631 ὢν,
1893 5569 1949 5618 ὲν
1992 5561 2220 5637 μεγίστῃ
2264 5561 2990 5637 Ἐκκλησίᾳγοὺᾐδῦναταιξεν
3018 5561 3292 5637 exaltant;

1751 5628 2098 5704 κανοναρχεῖν
2147 5628 2259 5697 τοῖς
2308 5628 2499 5704 χοροῖς,
2529 5628 2578 5685 εἰ
2626 5635 2701 5704 μὴ
2743 5631 2981 5704 μεταϐῇ·
3015 5628 3293 5704 ἐπεὶ-ὅταν

2121 5704 2274 5771 μόνον
2309 5698 2542 5774 ’περιττὴ
2583 5698 2974 5774 η’μετάϐασις,
3027 5698 3157 5752 ἀλλὰ
3203 5699 3294 5747 καὶ
