4032 6334
80 356 202 421 1345

1095 347 1189 406 DE
1223 346 1455 429 Dlli'lN.
1499 346 1776 406 SCIlll’T.
1829 343 2252 410 UTlLlTATE.

3118 361 3251 424 1346

78 470 388 538 κιτάλληλον
433 467 617 528 αὐτοῖς
667 463 1058 533 προφέρουσιν·
1121 461 1240 514 οὔτε
1292 461 1647 529 άναργῦρους,
1687 463 1808 513 οὔτε
1867 463 2151 530 βασίλειον,
2184 462 2306 514 οὔτε
2330 466 2452 517 τινά
2481 466 2584 519 τῶν
2614 469 2780 535 ἁγίων
2827 469 2979 523 ἄλλον
3020 478 3093 536 εἰς
3130 477 3252 529 νοῦν

73 559 438 626 λαμϐάνοντες,
471 556 581 617 τοῖς
606 553 920 608 ἀσθενοῦσιν
951 551 1362 622 ἐπικουροῦντα.

135 656 335 721 Ὠσπερ
377 651 434 702 δὲ
479 650 572 701 ἐπὶ
608 649 719 700 τῶν
757 647 1080 716 σωματικῶν
1107 646 1312 708 τούτοις
1339 647 1396 697 οὐ
1433 644 1606 715 μέλει,
1641 655 1681 708 Α

67 743 197 793 οῦτω
232 741 296 805 δὴ
330 741 420 791 καὶ
462 740 552 790 ἐπὶ
589 739 696 790 τῶν
735 736 998 807 ψυχικῶν.
1039 737 1433 801 Ἀδοκιμάστως
1472 738 1608 788 ἀπο·

69 831 296 897 κείρουσι
326 831 449 890 τοὺς
487 829 952 902 προσερχομένους
974 846 985 858 ο
1019 825 1135 881 εἶτα
1166 828 1494 896 ἐξορίζουσιν
1531 831 1629 896 εἰς.

70 919 255 992 μρρίας
310 920 556 980 ἀνοδίαςο
616 922 672 969 ἐν
719 919 1010 988 βουκολίοις
1069 920 1160 971 καὶ
1207 919 1464 980 αἰπολίοις
1516 922 1640 970 καὶ;

67 1007 318 1073 ποιμνίοις
351 1007 441 1058 καὶ
475 998 698 1075 μόλωσι,
732 1007 824 1058 καὶ
864 1011 970 1067 τοῖς
1005 1008 1224 1076 ὁμοίοις,
1285 1010 1425 1078 άπερ
1459 1009 1634 1060 αὐτοι

64 1102 148 1150 καὶ
180 1100 230 1149 οί
262 1098 471 1159 τούτοις
503 1097 919 1166 συμφράδμονες
951 1095 1177 1166 ἐφεῦρον
1205 1099 1281 1157 εἰς
1308 1114 1606 1166 καταστρο-

64 1190 157 1259 φὴν
182 1189 285 1240 τῶν
312 1188 496 1258 ψυχῶν
517 1187 721 1241 αὐτῶν.
764 1188 871 1240 Καὶ
908 1187 1260 1255 πεπλήρωται
1311 1189 1396 1239 ἐπ’
1427 1189 1606 1250 αὐτοῖς

61 1284 113 1329 τὸ
138 1279 225 1330 τοῦ
259 1279 461 1348 Κυρίου
490 1280 623 1352 πρὸς
649 1280 772 1340 τοὺς
797 1278 835 1330 Γ
841 1279 1146 1349 ραμματεῖς
1171 1280 1260 1330 καὶ
1285 1280 1605 1348 Φαρισαίους

61 1371 336 1439 είρημένον
360 1387 374 1400 ’
413 1390 431 1421 ι
464 1371 581 1423 Ὀτι
613 1373 933 1440 περιάγουσι
969 1370 1062 1438 τὴν
1093 1369 1361 1425 θάλασσαν
1390 1373 1481 1422 καὶ
1509 1370 1604 1440 τὴν

60 1460 236 1526 ξηράν,
270 1462 494 1529 ποιῆσαι
536 1461 630 1512 ἕνα
667 1459 1021 1530 προσήλυτον,
1057 1460 1146 1511 καὶ
1191 1461 1315 1511 ὅταν
1358 1460 1602 1528 γένηται,

61 1550 292 1602 ποιοῦσιν
348 1551 508 1603 αὐτὸν
534 1551 664 1620 ,υἱὸν
703 1553 945 1618 γεέννης,
993 1551 1302 1620 διπλότερον
1350 1551 1546 1602 αὐτῶν.
1581 1570 1597 1599 i

70 1641 194 1694 Ἀλλ’
227 1641 367 1694 οὕτω
416 1617 742 1710 μὲνὶταῦτα.
775 1643 838 1694 Τί
885 1643 940 1694 δὲ
993 1643 1071 1694 ἔτι
1107 1643 1351 1694 λείπεται
1394 1643 1600 1704 είπεῖνς

59 1729 301 1796 Είπωμεν
326 1728 508 1797 ἀκμὴν
542 1731 667 1796 περὶ
696 1730 1126 1798 ἐξομολογήσεως
1167 1733 1257 1782 καὶ
1290 1731 1598 1799 μετανοίαςο

58 1819 207 1870 πόθεν
235 1819 291 1871 δὲ
331 1821 421 1871 καὶ
459 1819 630 1872 ταῦτα
670 1821 863 1889 ἔχομεν
912 1821 1322 1884 πιστώσασθαις
1372 1822 1462 1872 Ἐκ
1505 1821 1602 1890 τῆς

56 1911 200 1975 ἁγίας
240 1911 460 1979 Γραφῆς
489 1912 706 1973 πάντως
728 1927 741 1941 ο
770 1914 861 1962 καὶ
891 1915 968 1973 είς
1005 1914 1169 1979 μέσον
1196 1913 1488 1978 ἀγάγωμεν
1513 1912 1600 1964 τὸν

1782 645 1850 699 lit
1900 646 2097 698 nullam
2147 647 2386 714 corporis
2431 662 2615 701 curam
2651 649 2888 714 habent,
2926 652 3002 705 sic
3056 659 3253 706 nullam

1711 735 1921 787 animm.
1959 737 2290 789 Accedeutr‘s
2321 737 2384 788 ad
2416 753 2472 789 se
2503 738 2615 791 sine
2653 740 2968 805 probatione
3013 736 3254 804 tondent,

1711 842 1908 894 perque
1972 828 2113 879 mille
2183 828 2296 881 loca
2366 828 2505 880 invia
2568 838 2834 894 amovent,
2888 830 3134 899 (scilicet)
3189 835 3254 886 ad

1708 918 1891 978 boum,
1923 933 2228 985 caprarum,
2257 920 2543 988 oviumque
2572 934 2789 987 pascua,
2826 921 2891 974 aii
2924 924 3249 986 molcntlinu,

1708 1008 1918 1084 aliaque
1948 1009 2141 1060 similia
2171 1010 2238 1061 ab
2264 1010 2390 1076 ipsis
2419 1018 2472 1082 et
2501 1011 2739 1076 ipsorum
2787 1013 3018 1064 consciis
3051 1013 3102 1064 in
3132 1027 3249 1079 per-

1704 1099 1962 1150 ditionem
1999 1090 2300 1152 animarum
2339 1100 2573 1153 iuventa.
2622 1101 2687 1154 Et
2732 1103 3052 1169 adimpletur
3086 1104 3136 1155 in
3175 1105 3254 1155 cis

1707 1191 1925 1240 verbum
1979 1189 2185 1240 Domini
2219 1191 2284 1240 ad
2317 1188 2533 1242 Scribas
2593 1199 2644 1242 et
2680 1191 2976 1244 Pharisaeos
3005 1206 3017 1240 :
3057 1191 3254 1252 «Mare

1705 1285 1757 1331 et
1791 1287 1964 1332 terras
1991 1278 2308 1345 pereurritis
2341 1278 2405 1332 ad
2445 1293 2608 1331 umtm
2641 1279 2962 1348 proselytam
3004 1296 3251 1347 quaeren-

1704 1369 1854 1431 dum,
1899 1384 2084 1437 quem,
2131 1383 2250 1422 cum
2290 1368 2605 1432 invenistis,
2643 1368 2848 1459 efﬁat-itis
2880 1370 3135 1437 gehennae
3187 1372 3250 1424 ti-

1704 1461 1856 1520 lium,
1909 1460 2071 1527 duplo
2119 1474 2280 1525 quam
2336 1461 2509 1514 vos".
2549 1479 2566 1509 ι
2604 1461 2705 1513 Sed
2744 1461 2814 1514 ita
2882 1477 2966 1514 res
3029 1476 3087 1516 se
3152 1463 3249 1514 ha-

1701 1550 1848 1603 bent.
1876 1549 2013 1615 Quid
2047 1552 2192 1604 dictu
2226 1567 2369 1605 nunc
2396 1551 2704 1619 reliquum?
2731 1551 3002 1605 Continuo
3033 1553 3098 1606 de
3125 1569 3253 1606 cou-

1703 1641 1932 1694 fessione
1957 1649 2007 1694 et
2029 1642 2341 1708 paenitentia
2367 1642 2668 1709 loquamUr.
2694 1640 2843 1694 Unde
2875 1641 3030 1698 nobis
3050 1643 3114 1695 de
3135 1642 3253 1695 istis

1703 1729 1834 1782 ﬁdes
1857 1731 2036 1783 venit?
2062 1730 2133 1783 Ex
2167 1745 2318 1784 sacra
2347 1730 2625 1797 Scriptura
2659 1729 2900 1782 omnino.
2927 1728 2979 1780 ln
3015 1729 3248 1782 medium

1701 1821 2020 1874 inducamus
2055 1821 2338 1889 antiquum
2372 1819 2626 1881 Lamech,
2660 1834 2781 1872 cum
2831 1821 2883 1870 in
2919 1818 3033 1872 Itali
3085 1833 3250 1872 causa

1702 1924 1874 1978 usque
1918 1911 1982 1962 ad
2034 1925 2156 1963 cum
2208 1909 2516 1978 genealogia
2573 1898 2912 1982 (repetatur),
2971 1908 3249 1974 quomodo

56 1998 207 2050 πάλαι
233 2000 440 2067 Λάμεχ·
469 2001 590 2052 ἐπεὶ
616 2000 709 2052 καὶ
738 1999 822 2051 διὰ
849 1999 1002 2051 τοῦτο
1038 2001 1222 2069 μέχρις
1253 2003 1414 2072 αὐτοῦ
1444 2003 1473 2068 ἡ
1506 2019 1599 2067 γε·

1708 1997 1859 2050 Caiui
1905 2000 2150 2066 exemplo
2181 2000 2245 2050 ad
2287 1999 2605 2062 sapientiam
2639 2005 2936 2057 revocatus,
2970 1994 3250 2063 factusque

55 2089 312 2156 νεαλογίω
345 2091 488 2150 ὅπως
531 2085 618 2142 διᾶ
660 2089 750 2142 τοῦ
793 2089 928 2158 Κάῐν
971 2084 1122 2151 οὗτος
1175 2091 1554 2158 σωφρονισθείς
1581 2110 1595 2123 ο

58 2180 340 2246 μετανοῶν,
367 2178 560 2231 ἑαυτοῦ
589 2180 807 2248 τραῦμα
837 2180 1046 2247 ἡγεῖται
1072 2180 1160 2230 τὸν
1197 2181 1375 2244 φόνον.
1409 2181 1597 2233 Πολλαο

54 2271 327 2333 πλασιάζει
362 2273 469 2338 γάρ
504 2268 680 2338 ἑαυτῷ
704 2270 800 2339 τὴν
823 2269 1090 2338 τιμωρίαν
1115 2270 1204 2320 τοῦ
1237 2272 1596 2340 προπάτορος·

53 2358 135 2408 atii
162 2374 352 2426 φησιν·
389 2355 414 2407 ἱ
445 2357 568 2409 ’Ότι
602 2358 826 2418 ἑπτάκις
858 2356 1197 2423 ἐκδεδίκηται
1227 2360 1288 2408 ἐκ
1334 2359 1465 2409 Κάῖν
1488 2373 1498 2383 ·
1537 2359 1600 2408 ὲκ

51 2447 98 2498 δὲ
128 2449 314 2517 Λάμεχ
380 2447 832 2516 ἑδδομηκοντάκις
867 2449 1022 2499 ἑπτά.
1062 2467 1081 2498 ι
1129 2449 1283 2499 Ἤτοι
1323 2449 1468 2517 παρὰ
1503 2450 1598 2515 μὲν

52 2537 132 2589 τοῦ
162 2539 300 2592 Κάῖν
340 2537 414 2600 ὡς
453 2538 663 2606 μεγάλα
697 2539 1132 2607 ἁμαρτήσαντος,
1175 2539 1400 2598 ἑπτάκις
1432 2539 1597 2600 ἐξεδι-

52 2629 179 2698 κήθη
223 2631 250 2681 ὁ
283 2629 441 2696 φόνος
467 2646 478 2658 ’
528 2629 587 2693 ἐξ
625 2629 754 2698 ἐμοῦ
799 2631 854 2682 δὲ
897 2631 970 2691 ὡς
1003 2631 1278 2682 καταπολυ
1315 2632 1594 2698 μειζόνως,

51 2720 491 2789 ἑϐδομηκοντάκις
546 2722 683 2775 ἑπτά
739 2722 1152 2791 ὲκδικηθὴσεται
1186 2742 1197 2752 ·
1260 2724 1340 2775 ἔτι
1395 2724 1452 2775 δὲ
1509 2725 1598 2776 τὸν

52 2810 199 2863 Δαυῖό
227 2812 583 2881 ἐλεγχόμενον
615 2813 717 2866 ὑπὸ
755 2814 844 2866 τοῦ
870 2815 1055 2867 Νάθαν
1075 2830 1088 2843 ⁸
1115 2815 1204 2867 τὸν
1243 2816 1464 2883 Ἀχαὰϐ,
1496 2816 1598 2867 ὑπὸ

62 2901 226 2952 Ἠλίου
247 2919 260 2930 ·
293 2903 386 2952 τὸν
415 2903 644 2971 Μανασῆ
668 2904 771 2955 ὑπὸ
794 2901 884 2955 τοῦ
908 2905 1104 2956 οἰκείου
1134 2905 1446 2969 συνειδότος·
1476 2909 1599 2969 τοὺς

51 2989 327 3053 Νινευίτας
353 3008 365 3020 °
395 2992 482 3044 τὸν
513 2993 729 3061 Πέτρον.
764 2995 969 3056 Οἵτινες
996 2995 1297 3065 ὴλεήθησαν
1320 2996 1406 3049 διὰ
1433 3014 1597 3065 μετα-

50 3081 215 3142 νοίαςο
249 3081 440 3148 ὥσπερ
471 3083 794 3144 τούναντίον,
825 3069 873 3136 oi
905 3084 976 3154 μὴ
1007 3086 1449 3155 μετανοήσαντες.
1477 3071 1597 3141 "Ott

48 3170 95 3220 δὲ
138 3175 202 3241 τῇ
248 3173 503 3242 μετανοίᾳ
546 3175 636 3226 καὶ
669 3175 1046 3245 ἐξομολογήσει
1079 3177 1173 3228 καὶ
1205 3179 1328 3240 τοὺς
1355 3179 1598 3247 καρποὺς

48 3262 209 3313 αὐτῶν
242 3263 473 3316 ἕπεσθαι
506 3264 603 3326 δεῖ,
638 3266 902 3334 μάθοιμεν
928 3268 993 3319 ἂν
1045 3268 1137 3320 καὶ
1176 3267 1422 3321 άπὸτῶν
1448 3271 1596 3337 είρη-
1624 3291 1666 3348 C

51 3350 240 3416 μένωνο
274 3353 475 3420 μᾶλλον
506 3354 560 3406 δὲ
590 3357 652 3406 ὲκ
690 3354 778 3406 τοῦ
814 3355 909 3407 νῦν
941 3357 1314 3426 ῥηθησομένου
1361 3359 1594 3427 εὐαγγε-

47 3441 180 3493 λικοῦ
224 3443 390 3513 ῥητοῦ
442 3446 566 3512 περὶ
597 3444 688 3496 τοῦ
719 3446 963 3498 Ἰωάννου
990 3463 1002 3476 ·
1047 3467 1063 3498 ι
1100 3448 1254 3512 Τότε,
1297 3449 1480 3518 φησὶν,
1510 3449 1594 3514 ἐξ-

47 3533 322 3601 επορεύετο
355 3536 490 3603 πρὸς
532 3535 690 3587 αὐτὸν
747 3537 895 3590 πᾶσα
935 3537 1276 3608 Ἱεροσόλυμα
1325 3540 1418 3591 καὶ
1448 3541 1596 3593 πᾶσα

58 3624 295 3686 Ἰουδαία,
339 3627 433 3678 καὶ
462 3627 612 3678 πᾶσα
639 3627 668 3694 ἡ
707 3629 1010 3696 περίχωρος
1041 3628 1134 3681 τοῦ
1171 3629 1463 3697 Ἰορδάνου·
1503 3633 1596 3684 καὶ

49 3713 388 3776 ἐϐαπτίζοπο
431 3717 489 3767 ἐν
513 3717 588 3786 τῷ
629 3717 864 3788 Ἰορδάνῃ
895 3719 986 3769 ὑπ’
1009 3719 1169 3771 αὐτοῦ
1195 3738 1207 3750 ⁸
1241 3721 1592 3788 ἐξομολογού-

48 3817 186 3865 μενοι
234 3801 334 3864 τὰς
389 3803 660 3872 ἁμαρτίας
712 3806 912 3857 αὐτῶν.
956 3805 1098 3858 Ἰδὼν
1130 3807 1185 3860 δὲ
1222 3808 1446 3871 πολλοὺς
1488 3810 1595 3860 τῶν

44 3891 340 3962 Φαρισαίων
385 3897 480 3946 καὶ
521 3895 886 3966 Σαδδουκαίων
911 3897 1236 3966 ἐρχομένους
1271 3899 1361 3950 ἐπὶ
1401 3899 1461 3950 τὸ
1493 3900 1591 3968 βά-

48 3998 240 4052 πτισμα
288 3984 477 4049 αὐτοῦ,
534 3981 686 4039 εἶπεν
732 3988 946 4051 αὐτοῖς·
990 3989 1305 4058 Γεννήματα
1350 3991 1590 4059 ὲχιδνῶνο

44 4074 116 4132 τίς
144 4073 422 4138 ὑπέδειξεν
449 4077 576 4145 ὑμῖν
600 4080 788 4146 φυγεῖν
818 4079 924 4130 ἀπὸ
946 4081 1041 4150 τῆς
1066 4081 1361 4151 μελλούσης
1391 4083 1590 4153 ὀργῆς;

47 4166 290 4230 ποιήσατε
321 4160 414 4218 οῦν
445 4169 690 4236 καρποὺς
716 4169 898 4233 ἀξίους
922 4171 1019 4239 τῆς
1052 4175 1335 4241 μετανοίας
1355 4189 1370 4204 ο
1392 4175 1484 4226 καὶ
1521 4175 1593 4247 μὴ

47 4249 218 4319 δόξητε
279 4253 460 4320 λέγειν
524 4257 580 4307 ὲν
643 4257 892 4320 ἑαυτοῖς,
965 4261 1182 4329 Πατέρα
1241 4261 1434 4331 ἔχομεν
1503 4265 1594 4318 τὸν

57 4337 315 4412 Ἀϐραάμ.
356 4363 375 4394 ι
407 4344 590 4406 Ταῦτα
615 4347 680 4398 ὲκ
705 4347 914 4400 πολλῶν
962 4349 1122 4418 χάριν
1155 4353 1592 4421 παραδείγματος

47 4432 372 4504 προύθέμην,
431 4435 508 4498 ὡς
535 4438 812 4507 καταρχὰς
835 4441 1099 4509 εἰρήκειν,
1144 4441 1228 4494 ἵνα
1255 4441 1424 4509 γνῶτε
1456 4445 1530 4507 ὠς
1556 4447 1588 4516 ἡ

48 4520 152 4576 θεία
213 4525 408 4596 Γραφή
478 4528 638 4584 ἑστιν,
685 4532 718 4599 ή
781 4531 1088 4598 φωτίζουσα
1127 4534 1296 4603 ἡμᾶς.
1345 4535 1451 4588 Καὶ
1505 4536 1592 4591 διὰ

1698 2091 1983 2158 pceuitens,
2003 2091 2198 2143 vulnus
2225 2105 2252 2142 a
2288 2104 2344 2142 se
2379 2088 2635 2141 iullictum
2673 2088 3022 2141 homicidium
3059 2089 3248 2142 existi-

1699 2196 1877 2243 mans,
1905 2181 2139 2233 debitam
2175 2181 2275 2234 sibi
2313 2193 2524 2248 pinnam
2553 2178 2872 2245 multiplicat
2909 2178 3118 2244 proavi,
3164 2177 3250 2230 cli-

1699 2287 1826 2325 cens
1855 2291 1867 2324 :
1909 2291 1926 2320 ‹
1969 2273 2102 2336 Quia
2133 2286 2291 2340 paena
2335 2273 2364 2323 e
2392 2270 2560 2323 Caino
2594 2268 2790 2337 septies
2849 2278 3056 2333 exacta,
3088 2283 3119 2340 e
3143 2267 3246 2320 La-

1701 2359 1850 2413 mech
1906 2355 2270 2428 septuagesies
2329 2360 2526 2428 septies
2587 2359 2929 2428 exigetur";
2964 2377 2982 2408 ι
3045 2359 3248 2412 Caiuus

1699 2447 1933 2515 quidem,
1973 2450 2061 2515 qui
2091 2462 2417 2515 magqucre
2446 2448 2706 2514 peccaiit,
2741 2448 3007 2501 homicida
3052 2451 3248 2515 septies

1700 2537 1919 2606 punitus
1953 2537 2080 2597 fuit;
2113 2553 2210 2606 ego
2243 2548 2440 2600 autem,
2475 2539 2563 2606 qui
2598 2538 2767 2590 multo
2801 2537 2998 2606 magis,
3036 2546 3248 2605 septua-

1700 2629 1870 2692 gesies
1897 2629 2112 2697 septies.
2147 2628 2511 2698 (lnducamus)
2549 2637 2597 2681 et
2635 2628 2891 2718 Davidem
2934 2643 2962 2680 a
3004 2627 3248 2681 Nathaue

1701 2721 2106 2786 reprehensum,
2139 2720 2324 2772 Achab
2350 2721 2417 2771 ab
2455 2717 2591 2780 Elia,
2625 2719 2908 2773 Manassen
2956 2735 2984 2772 a
3033 2719 3248 2787 propria

1698 2811 2049 2872 conscientia,
2085 2809 2368 2872 Ninivitas,
2401 2811 2617 2863 Petrum
2640 2851 2654 2874 ,
2687 2809 2775 2879 qui
2806 2810 3118 2877 pteniteutia
3146 2811 3248 2863 mi-

1699 2903 2075 2962 sericordiam,
2109 2901 2571 2969 impmnitentihus
2621 2912 2864 2971 negatam
2901 2910 3027 2956 sunt
3056 2917 3249 2955 conse-

1698 2991 1830 3045 cuti.
1853 2990 2188 3045 Pmniteutiae
2212 3007 2338 3045 vero
2366 3001 2418 3045 et
2441 2991 2767 3045 confessioni
2800 3007 2927 3045 suos
2958 2993 3250 3046 succedere

1698 3080 1907 3134 fructus
1971 3083 2244 3134 discemus
2276 3097 2340 3134 ex
2375 3081 2531 3134 modo
2594 3083 2777 3143 dictis,
2812 3082 2902 3135 sed
2938 3083 3153 3151 planius
3182 3098 3249 3136 ex

1699 3185 1844 3224 nunc
1889 3171 2104 3223 citando
2137 3171 2449 3241 evangelico
2475 3171 2540 3226 de
2568 3170 2775 3225 Joanne
2803 3173 2966 3227 verbo
2993 3191 3006 3225 :
3040 3191 3057 3223 ι
3087 3171 3250 3234 Tum,

1700 3261 1916 3320 dicitur,
1956 3272 2221 3315 venerunt
2249 3264 2315 3316 ad
2351 3278 2474 3316 cum
2510 3264 2690 3318 omnis
2719 3261 3040 3326 Jerusalem,
3073 3265 3250 3317 omnis

1697 3351 1899 3414 Judma,
1927 3368 2224 3422 omnesque
2258 3354 2400 3408 circa
2428 3352 2716 3408 Jordauem
2753 3354 3079 3415 habitantes,
3103 3364 3150 3407 ct
3185 3356 3250 3408 ab

1694 3458 1761 3496 eo
1797 3443 1847 3495 iu
1883 3442 2120 3496 Jordaue
2166 3443 2620 3509 baptizabantur,
2674 3444 2986 3497 coutitentes
3035 3454 3248 3510 peccata

1693 3549 1812 3587 sua.
1851 3533 2047 3586 Videns
2093 3543 2272 3588 autem
2309 3534 2506 3588 multos
2538 3533 2842 3612 Pliarismos
2863 3532 3250 3588 etSadduca‘os

1694 3623 1785 3690 qui
1816 3623 1883 3676 ad
1919 3623 2244 3691 baptismum
2275 3633 2555 3688 venerant,
2585 3624 2722 3677 dixit
2755 3625 2860 3678 illis
2890 3644 2902 3678 :
2929 3622 3248 3693 Viperarum

1697 3714 1931 3777 soboles,
1957 3713 2080 3782 quis
2111 3728 2205 3766 vos
2235 3711 2421 3767 docuit
2444 3730 2473 3768 a
2506 3713 2685 3788 futura
2716 3715 2793 3768 ira
2823 3713 3250 3784 fugerc‘lFacite

1694 3819 1822 3873 ergo
1847 3805 2040 3872 dignos
2072 3802 2285 3857 fructus
2321 3803 2674 3869 ptenitentite,
2720 3818 2894 3872 neque
2925 3805 3250 3872 superbiatis

1692 3894 1935 3947 dicentes
1980 3909 1992 3944 :
2040 3892 2248 3946 Patrem
2283 3894 2543 3947 habemus
2575 3894 2846 3947 Abraham
2870 3894 2934 3947 “.
2974 3913 2993 3944 ι
3027 3894 3128 3948 Ista
3183 3911 3249 3948 ex

1693 3984 1880 4038 multis
1909 3983 2136 4052 exempli
2168 3997 2331 4037 causa
2363 3984 2559 4052 protuli
2588 4023 2602 4046 ,
2635 3983 2776 4038 sicut
2804 3998 2832 4035 a
2863 3983 3131 4052 principio
3164 3983 3249 4038 di-

1695 4091 1902 4136 xeram,
1934 4084 1995 4129 ut
2027 4075 2213 4131 sciatis
2243 4090 2450 4130 sacram
2484 4075 2818 4144 Seripturam
2851 4090 2972 4130 esse
3002 4075 3162 4131 nobis
3193 4077 3247 4130 iu

1693 4168 1890 4232 lucem,
1949 4167 2175 4237 ideoque
2225 4167 2549 4238 dlligeudos,
2587 4169 3007 4237 amplectcudos,
3058 4170 3249 4238 acqui-

1694 4259 1890 4312 rendos
1919 4272 2107 4312 sacros
2145 4259 2333 4322 libros,
2362 4274 2660 4328 eorumque
2690 4261 2850 4313 verba
2882 4269 3132 4312 accurate
3166 4262 3246 4314 le-

1693 4349 1863 4417 genda
1892 4357 2054 4417 atque
2089 4348 2142 4402 in
2172 4358 2348 4403 mente
2380 4349 2710 4418 reponenda,
2745 4358 2803 4402 ut
2830 4364 2917 4412 ea,
2949 4365 3070 4404 cum
3109 4366 3246 4420 opus

1691 4439 1873 4502 fuerit,
1923 4442 1973 4494 in
2023 4441 2228 4494 auxilio
2282 4441 2596 4494 habeamus.
2629 4440 2682 4493 Si
2713 4441 2854 4494 enim
2889 4441 3042 4496 libris
3075 4445 3246 4498 sat-ris

1695 4535 1945 4590 Christus
1973 4541 2028 4588 et
2093 4533 2344 4603 discipuli
2400 4543 2648 4600 utuntur,
2686 4513 2858 4588 inulto
2893 4535 3062 4605 magis
3092 4538 3276 4590 nobis.

46 4613 188 4667 τοῦτο
235 4617 460 4688 ἀγαπᾷν
506 4619 588 4672 δεῖ
633 4620 731 4685 τὰς
780 4622 932 4691 ἱερὰς
984 4623 1235 4692 βίὸλους’
1271 4627 1365 4679 καὶ
1416 4627 1593 4680 ἀσπά-

1698 4626 1927 4682 inﬁrmis
1953 4634 2036 4680 est
2060 4625 2342 4681 utendum.

48 4700 379 4775 ξεσθαι,’“καὶ
403 4714 652 4783 κτᾶσθαι,
682 4716 776 4767 καὶ
815 4719 1051 4786 συνεχῶς
1113 4720 1495 4783 ἀναπτύσσειν,
1562 4725 1656 4776 καὶ
1693 4724 1758 4776 τά
1802 4723 1877 4774 -ὲν
1919 4722 2108 4782 αὐταῖς
2165 4720 2408 4792 ἀκριϐῶς
2460 4720 2784 4789 διέρχεσθαι,
2825 4726 2918 4774 καὶ
2963 4724 3020 4776 ὲν
3064 4723 3140 4792 τῷ
3173 4722 3247 4792 νῷ

48 4798 385 4858 ἀποτίθεσθαι
409 4820 423 4847 ε
449 4806 513 4857 ἵν’
543 4806 669 4858 ὅταν
693 4804 786 4877 δὲῃ
817 4806 1028 4876 ἔχωμεν
1049 4811 1187 4863 αὐτὰ
1245 4812 1324 4875 είς
1383 4813 1650 4884 βοήθειαν.
1691 4815 1754 4867 Εἰ
1790 4813 1898 4883 γὰρ
1941 4815 1968 4866 ὁ
1999 4811 2247 4882 ,Χριστὸς
2298 4810 2392 4863 καὶ
2433 4812 2480 4864 οἱ
2513 4810 2700 4864 τούτου
2745 4807 2981 4884 μαθηταὶ
3024 4819 3246 4870 ταύταις

47 4896 296 4963 χρῶνται,
325 4898 502 4968 πολλῷ
534 4899 732 4970 μᾶλλον
767 4901 913 4969 ἡμᾶς
935 4903 1330 4968 τοὺςιάσθενεῑς
1359 4909 1590 4976 χρᾶσθαι
1627 4909 1724 4962 δεῖ.
1757 4975 1768 4982 ,

117 4991 276 5047 Ἀλλά
331 5010 530 5064 φησιν’
577 4994 1007 5062 ’Δναγινώσκων,
1067 4997 1126 5049 οὐ
1186 5001 1405 5071 συνίημι
1454 5002 1594 5075 άπερ

49 5080 406 5150 ἀναγινώσκω.
455 5085 636 5156 Μήτις
675 5085 864 5155 Αἰθίοψ
898 5082 964 5149 εἶ,
994 5088 1113 5141 είπέ
1160 5107 1280 5158 μοι·
1323 5092 1355 5162 ἢ
1390 5094 1590 5164 Ἄραψ·

49 5173 119 5225 ὅτι
145 5175 203 5248 οῦ
241 5175 534 5242 γινώσκεις
563 5177 662 5247 τὴν
693 5177 801 5230 τῶν
840 5178 1087 5248 Γραικῶν
1124 5181 1436 5248 διάλεκτον;
1473 5186 1592 5238 τίνα

50 5264 145 5332 γὰρ
190 5245 478 5318 δυσκολίαν
503 5245 644 5333 εχει)
675 5245 905 5332 (Βίϐλος
931 5271 1193 5338 γενέσεως
1237 5245 1431 5343 Ἰησοῦν
1457 5277 1589 5346 Χρις

52 5353 330 5413 στοῦ.υἱοῦ
367 5355 545 5421 Δαυῒδ,
578 5356 694 5410 υίοῦ
733 5358 1015 5430 Ἀϐραάμς
1055 5380 1074 5413 ι
1099 5361 1264 5414 Οὐδὲν
1306 5365 1363 5415 ὲν
1407 5365 1586 5429 αὐτοῖς

52 5445 246 5499 σκολιὸν
272 5448 389 5501 οὐδὲ
416 5448 850 5518 στραγγαλιῶδες
878 5452 1020 5504 κατὰ
1044 5453 1133 5506 τὸν
1158 5455 1584 5526 Παροιμιαστήν·

52 5533 210 5589 πάντα
253 5539 415 5592 εὐθέα
458 5541 716 5612 ἐστὶὶτοῖς
742 5540 940 5602 νοοῦσι,
980 5544 1074 5596 καὶ
1103 5545 1239 5614 ὀρθὰ
1282 5549 1390 5608 τοῖς
1441 5549 1590 5618 εὑρίυ

52 5636 226 5679 nouat
256 5629 488 5697 γνῶσιν
522 5630 582 5682 οὺ
620 5629 728 5701 γὰρ
773 5629 1180 5702 εὐληπτοτέρως
1226 5638 1398 5688 εἰπεῖν
1435 5639 1591 5690 τοῦτο

133 5737 175 5770 ⁸³
209 5737 396 5793 ﬂatth.
430 5758 584 5808 xxiii,
618 5744 704 5797 l5.
781 5743 826 5774 '°
863 5741 997 5796 Gen.
1029 5759 1099 5808 iv,
1132 5746 1219 5798 ‘24.

1314 5750 1356 5780 "
1379 5749 1565 5804 Matth.
1584 5769 1664 5819 tit,
1696 5759 1748 5811 9,

1772 5003 1874 5057 Sed
1911 5001 2089 5072 (forte)
2121 5002 2315 5071 aliquis
2337 5002 2532 5058 dixerit
2562 5021 2576 5056 :
2608 5003 2964 5074 Legens,qum
2993 5006 3109 5075 lego
3138 5022 3245 5061 non

1698 5093 1954 5163 intelligo.
2003 5091 2264 5149 Utrumne
2321 5094 2573 5165 EthiOps
2612 5090 2708 5158 es,
2767 5111 2833 5148 an
2881 5097 3083 5162 Arabs,
3150 5101 3243 5168 qui

1697 5184 2012 5239 Graecorum
2065 5184 2354 5240 dialectum
2405 5185 2974 5255 ignoreleuamnam
3006 5192 3242 5256 praebent

1693 5275 2053 5330 di'lllcultatem
2117 5277 2324 5349 (verba)
2358 5288 2398 5333 :‘
2435 5297 2453 5330 ι
2491 5277 2648 5332 Liber
2698 5281 3055 5355 generationis
3111 5279 3241 5335 Jesu

1692 5369 1918 5434 Christi,
1951 5368 2042 5422 ﬁlii
2110 5369 2296 5434 David,
2335 5370 2430 5424 ﬁlii
2460 5372 2729 5427 Abraham
2751 5372 2828 5423 "1'
2858 5390 2877 5423 ι
2910 5371 3051 5425 Nihil
3100 5375 3242 5442 apud

1693 5471 1966 5516 auctorem
2017 5461 2428 5518 Proverbiorum
2484 5473 2683 5518 tortum
2731 5474 2824 5519 aut
2873 5466 3241 5532 implicatum;

1694 5554 1870 5605 omnia
1918 5553 2342 5623 iutelligentibus
2390 5557 2566 5624 plana,
2603 5565 2856 5626 rectaque
2891 5571 3108 5611 sensum
3161 5559 3241 5611 iu-

1698 5645 2069 5712 vcuientibus;
2107 5661 2263 5700 nemo
2294 5647 2528 5705 lucidius
2582 5660 2760 5719 posset
2791 5651 2986 5705 dicere.
3028 5650 3238 5704 Etmim

1884 5759 1928 5788 "
1968 5759 2154 5817 Matth.
2186 5775 2229 5819 ι.
2259 5760 2311 5817 1.
