4016 6340
162 417 296 484 1381

1085 418 1279 480 γιΤΑ.
1318 440 1385 450 -—
1431 382 2419 476 COMMENTARIUSIPRJEVIUS.

3221 416 3354 483 1332

155 535 368 604 probus
415 532 613 587 eﬂiclar
642 538 684 601 (ι
732 540 858 588 ιον.
891 547 986 596 vlt,
1011 530 1139 598 27);
1179 527 1450 605 quomodo
1477 544 1594 598 ego,
1621 527 1713 596 qui
1744 533 1784 588 Α
1813 527 2128 592 beatissimo
2155 531 2461 597 patriarcha
2509 531 3066 602 Constantinopoleos.
3115 533 3272 590 Multa
3303 548 3358 594 et

155 625 213 677 in
244 622 446 677 mundo
470 630 844 684 conversatus,
874 629 1064 674 etcum
1094 615 1245 674 laicis
1271 630 1708 680 connumeratus,

155 715 213 768 in
260 712 616 781 imperatoriis
647 710 1205 764 administrationibus
1225 710 1468 773 militavi,
1495 709 1572 762 sic
1588 709 1710 762 abs-

153 818 267 872 que
320 801 860 870 judicationevatque
936 800 1420 878 circumspectione
1490 813 1708 866 possum

154 892 370 947 insilire
421 890 487 946 ad
523 890 813 944 sacerdotii
857 889 1320 960 magnitudinem?
1370 887 1708 941 Horrendum
1743 954 1752 964 ἰ

152 998 421 1036 conamen
459 982 524 1034 ad
563 981 907 1050 exiguitatem
942 996 1114 1033 meam
1144 990 1198 1033 et
1228 980 1566 1033 temerarium
1595 988 1708 1030 stu-

153 1073 334 1125 dium.
369 1073 546 1125 Causa
593 1085 718 1124 vero
749 1070 957 1123 timoris
985 1081 1037 1122 et
1071 1070 1408 1124 refutationis
1437 1083 1566 1122 mere
1599 1069 1710 1124 lucc

152 1173 260 1217 est.
294 1163 513 1230 Aspicio
540 1169 593 1214 et
617 1161 768 1213 video
792 1157 1103 1223 Ecclesiam,
1142 1176 1261 1227 qua:
1291 1175 1449 1226 supra
1480 1168 1704 1226 petram,

151 1255 433 1308 Christum
474 1255 752 1305 Dominum
786 1262 1050 1316 nostrum,
1094 1252 1309 1305 fundata
1346 1261 1448 1309 est,
1481 1253 1705 1304 'scissam

150 1357 303 1396 nunc
335 1354 388 1394 et
419 1343 667 1408 divisam,
700 1353 752 1396 et
781 1359 876 1396 nos
905 1344 1006 1394 alia
1041 1352 1198 1409 atque
1224 1343 1378 1394 aliter
1405 1342 1704 1410 loquentes,

148 1442 207 1486 et
242 1422 397 1485 aliter
439 1447 531 1485 eos
557 1433 913 1494 Christianos,
945 1433 1037 1500 qui
1083 1431 1134 1482 in
1167 1431 1384 1483 Oriente
1423 1431 1580 1482 unius
1608 1445 1706 1482 no-

149 1523 368 1576 biscum
406 1523 523 1576 ﬁdei
554 1531 698 1586 sunt,
731 1523 823 1576 sed
846 1534 898 1575 et
923 1523 1006 1576 his
1035 1524 1422 1578 concerdantes
1449 1520 1705 1573 Occiden-

151 1615 332 1666 tales:
370 1628 468 1666 nos
496 1613 564 1665 ab
587 1614 837 1665 omnibus
885 1613 988 1664 illis
1042 1603 1331 1674 alienatos:
1381 1620 1431 1664 et
1459 1626 1486 1662 a
1526 1625 1582 1663 se
1613 1625 1707 1678 per

149 1703 397 1772 singulos
420 1704 536 1757 dies
563 1689 1064 1757 anathematizatos.
1107 1702 1227 1757 Dira
1267 1717 1423 1769 parua
1462 1711 1542 1755 est
1575 1717 1706 1755 ana-

148 1795 358 1858 thema,
394 1796 582 1862 procul
617 1810 646 1848 a
692 1795 800 1848 Deo
831 1794 1046 1858 emittit,
1079 1802 1130 1845 et
1169 1809 1198 1846 a
1237 1809 1401 1863 regno
1444 1795 1701 1848 calorum

1811 632 2003 686 magna
2035 620 2370 687 providentia
2417 620 2680 678 Dominus
2717 622 2857 678 Deus
2907 625 3183 678 hominum
3220 629 3359 683 vitas

1809 723 2022 774 regens,
2048 718 2099 762 et
2125 711 2468 778 protrahens.
2496 708 2655 780 atque
2688 707 3004 781 proventum
3032 716 3151 768 vita:
3176 719 3361 772 unius-

1807 798 2070 866 cujusque
2099 801 2342 854 consulte
2371 800 2644 856 deducens
2693 804 2831 872 (sine
2865 805 2980 872 ipso
3009 821 3240 874 namque
3276 807 3357 861 fa-

1808 897 1954 956 ctum
1997 900 2077 942 est
2112 889 2266 954 nihil,
2297 893 2422 961 quia
2467 903 2518 946 et
2547 895 2721 960 capilli
2753 897 2940 962 capitis
2971 898 3134 949 nostri
3169 914 3357 952 nume-

1807 977 1908 1028 rati
1944 989 2068 1030 sunt
2094 980 2190 1044 ei),
2219 988 2273 1030 et
2306 996 2389 1034 ine
2425 981 2474 1033 in
2502 981 2762 1034 laicorum
2795 984 2980 1036 ordine
3009 1001 3178 1052 usque
3213 1002 3357 1039 nunc

1806 1080 2276 1146 COIIItUIIlel'IIlIIIIl,
2309 1079 2362 1120 et
2394 1072 2763 1138 imperialiluts
2795 1074 3107 1126 ministeriis
3135 1075 3355 1142 deputa-

1809 1165 1940 1222 tnni,
1990 1161 2193 1220 nescio,
2238 1162 2431 1226 quibus
2460 1164 2677 1229 judieiis
2711 1165 2824 1231 ipse
2865 1161 3113 1228 fecit,'in
3173 1169 3356 1219 cathe-

1806 1248 1955 1299 dt'ant
1983 1250 2344 1315 pontiﬁcalem
2372 1253 2566 1313 evexit,
2605 1254 2815 1304 hortatu
2850 1255 3021 1305 valido
3055 1270 3082 1306 a
3118 1257 3354 1310 vrt'italis

1806 1339 2322 1404 propugnatoribus.
2354 1340 2557 1405 piissim
2586 1358 2610 1395 s
2651 1342 2899 1396 videlicet
2938 1329 3012 1397 ac.
3040 1346 3355 1399 orthodoxis

1806 1426 2232 1494 imperatoribus
2264 1434 2463 1485 nostris
2497 1443 2657 1500 atque
2699 1435 3058 1488 sanctissvmis
3091 1437 3354 1503 episcopis

1806 1525 1896 1562 seu
1927 1512 2139 1567 clericis
2168 1516 2218 1567 in
2247 1533 2329 1567 me
2361 1519 2620 1572 violenter
2641 1521 2848 1582 ell'ccto,
2884 1525 2967 1575 cui
3000 1526 3356 1578 succumbens

1806 1605 2010 1663 annui,
2065 1615 2119 1658 et
2189 1609 2505 1663 obedientia:
2578 1611 2807 1664 fruemur
2887 1616 2969 1665 his
3028 1618 3352 1682 carpendum

1806 1695 2070 1748 commisi.
2127 1695 2190 1748 Ει
2227 1714 2358 1766 rugo
2409 1715 2504 1753 vos
2555 1704 2952 1767 sanctissimos,
2994 1715 3049 1757 ut
3101 1717 3352 1769 tanquam

1810 1791 1983 1850 patres
2025 1802 2110 1840 me
2174 1791 2568 1855 pusillanimes,»
2633 1795 2819 1845 hacqu
2853 1799 3116 1862 potentim,
3166 1796 3214 1847 id
3247 1807 3351 1859 est,

147 1884 391 1950 expellit,
432 1885 634 1939 ducens
666 1887 718 1940 in
749 1886 998 1939 tenebras
1035 1885 1348 1938 exteriores.
1392 1885 1572 1938 NeSeit
1606 1883 1704 1938 Ec-
1736 1863 1778 1916 Β
1806 1876 2048 1942 paternis
2075 1880 2270 1932 vestris
2301 1882 2622 1948 magisteriis
2656 1882 2886 1938 l‘ulciatis
2926 1904 2939 1939 :
2973 1897 3024 1939 ct
3057 1889 3212 1939 veluti
3243 1888 3355 1942 fra-

146 1973 331 2028 clcsize
361 1976 444 2027 lex
486 1975 567 2028 vel
608 1977 869 2030 terminus
897 1984 1098 2029 sectam
1134 1977 1244 2029 sive
1284 1979 1703 2046 contentionem,

144 2062 244 2116 sed
275 2065 417 2118 sicut
461 2066 607 2118 novit
640 2067 879 2120 conliteri
912 2083 1074 2120 unum
1121 2067 1304 2129 Deum,
1337 2084 1496 2120 unum
1529 2067 1705 2135 bapti-

143 2167 290 2217 sma,
325 2168 486 2205 unam
522 2155 699 2218 tidem,
734 2155 804 2206 ita
841 2163 894 2206 et
921 2156 1260 2208 concordiam
1293 2170 1450 2210 unam
1482 2154 1532 2206 in
1557 2169 1590 2206 o
1615 2153 1705 2205 nni

139 2244 517 2298 eoelesiastico
566 2245 795 2314 negotio.
844 2243 987 2297 Nihil
1017 2247 1156 2297 enim
1196 2255 1280 2298 est
1327 2244 1379 2297 in
1414 2255 1701 2312 conspectu

142 2332 242 2388 Dei
273 2344 380 2388 tam
414 2344 692 2403 acceptum
733 2347 892 2402 atque
935 2336 1216 2403 placabile,
1249 2351 1408 2402 quam
1453 2345 1508 2387 ut
1539 2351 1701 2387 unum

139 2423 341 2484 simus,
369 2431 422 2476 et
443 2440 544 2477 una
573 2424 833 2476 elliciatur
863 2425 1125 2477 catholica
1159 2425 1417 2483 Ecclesia,
1446 2426 1702 2491 quemad-

139 2515 368 2564 lLOtiUtIt
395 2513 446 2565 in
478 2515 698 2566 sincera).
729 2523 929 2566 nostra:
951 2515 1067 2566 lidei
1093 2514 1338 2581 symbolo
1362 2513 1697 2568 conﬁtemur.

123 2601 210 2654 Ἐς.
249 2605 481 2670 petimus
525 2617 642 2666 nos,
681 2601 894 2665 fratres,
931 2611 987 2656 ut
1025 2619 1168 2668 reor,
1202 2613 1254 2657 et
1300 2607 1412 2669 vo's,
1443 2605 1700 2672 quoniam

137 2693 264 2744 scio
295 2692 541 2744 timorem
575 2708 668 2745 vos
697 2691 784 2744 Dei
823 2693 1040 2756 habere,
1069 2707 1095 2744 a
1130 2693 1391 2762 piissimis
1425 2705 1477 2746 et
1515 2695 1700 2746 ortho-

136 2781 305 2836 doxis
351 2782 767 2850 imperatoribus
800 2782 1000 2836 nostris
1049 2787 1311 2851 synodum
1343 2785 1698 2837 universalem

136 2873 348 2940 colligi,
376 2883 433 2924 ut
455 2873 746 2925 ciliciamur
786 2882 837 2927 et
881 2889 1005 2937 nos,
1039 2874 1128 2940 qui
1168 2874 1324 2925 unius
1356 2872 1444 2925 Dei
1490 2888 1699 2938 sumus,

137 2977 315 3013 unum
354 2979 364 3013 :
397 2971 449 3015 et
488 2962 579 3029 qui
611 2961 890 3015 Trinitatis
939 2964 1171 3016 cultores
1202 2964 1512 3016 exsistimus
1545 2963 1696 3025 uniti,

135 3058 196 3103 et
226 3051 510 3104 unanimes
533 3060 586 3104 et
607 3051 824 3118 collega:
851 3068 863 3102 :
892 3061 943 3103 et
971 3053 1060 3118 qui
1087 3053 1277 3119 capitis
1303 3054 1469 3106 nostri
1497 3052 1700 3107 Christi

135 3155 360 3202 sumus,
402 3139 694 3194 etlieiamur
729 3156 925 3208 corpus
955 3155 1122 3192 unum
1172 3151 1509 3209 compactum
1541 3150 1701 3206 atque

134 3245 452 3282 connexum
491 3248 504 3284 :
546 3231 720 3298 et.qui
766 3232 937 3282 sancti
976 3230 1211 3298 Spiritus
1258 3246 1466 3292 sumus,
1503 3230 1699 3284 cilicia-

135 3335 269 3373 tnur
313 3335 418 3373 non
451 3329 638 3373 contra
685 3321 936 3385 invicem,
975 3323 1064 3374 sed
1098 3336 1195 3389 pro
1228 3322 1455 3376 invicem
1483 3339 1496 3375 :
1522 3332 1574 3375 et
1609 3322 1699 3392 qui

135 3410 398 3462 veritatis
447 3410 782 3472 exsistimus,
837 3410 1133 3465 efﬁciamur
1161 3414 1391 3482 idipsum
1436 3417 1702 3482 sapientes

137 3509 312 3569 atque
360 3499 622 3562 dicentes,
663 3509 716 3553 et
751 3515 856 3553 non
886 3501 958 3554 sit
1003 3500 1056 3553 in
1099 3504 1252 3556 nobis
1287 3513 1554 3556 certamen
1591 3504 1701 3558 sive

136 3592 437 3653 dissensio,
481 3601 539 3644 ut
579 3607 679 3658 pax
715 3590 828 3660 Dei,
860 3608 980 3659 quae
1011 3603 1297 3662 exsuperat
1333 3609 1544 3647 omnem
1578 3609 1700 3647 sen-

139 3697 290 3742 sum,
331 3682 536 3734 muniat
577 3698 696 3735 nos.
733 3682 796 3734 Et
851 3681 895 3736 si
943 3684 1154 3752 quidem
1199 3685 1461 3752 jusserint
1510 3685 1699 3737 ortho-

138 3771 326 3827 doxim
360 3784 808 3840 propugnatores,
849 3773 1198 3841 imperatores
1231 3773 1478 3826 videlicet
1505 3773 1697 3839 nostri,

139 3861 504 3931 postulationi
556 3878 687 3916 mea:
741 3878 999 3925 annuere,
1037 3864 1317 3917 consentio
1349 3873 1402 3918 et
1430 3878 1549 3932 ego.
1604 3862 1697 3916 Sin

141 3967 355 4017 autem,
398 3954 727 4022 impossibile
758 3963 840 4007 est
890 3954 1022 4007 mihi
1059 3956 1160 4008 hoc
1204 3953 1400 4019 facere,
1435 3970 1502 4008 ne
1531 3954 1700 4024 subji-

139 4048 264 4102 ciar
309 4047 657 4108 anathemati,
704 4038 1031 4110 etinvcniar
1073 4048 1462 4100 condemnatus
1510 4046 1563 4100 in
1616 4048 1700 4102 die

140 4132 366 4188 Domini
399 4133 569 4186 nostri
600 4141 652 4185 et
677 4132 964 4200 justissimi
996 4132 1218 4197 Jndicis,
1259 4136 1348 4189 ubi
1382 4150 1554 4204 neque
1593 4137 1698 4190 im-

139 4237 391 4295 perator,
429 4241 604 4294 neque
655 4225 929 4288 sacerdos,
980 4238 1153 4291 neque
1201 4223 1491 4292 principes,
1527 4234 1704 4294 neque

140 4317 432 4370 hominum
469 4317 755 4371 multitudo
805 4315 1002 4384 poterit
1040 4316 1246 4381 eripere
1298 4329 1402 4368 me.
1447 4314 1512 4367 Et
1540 4316 1696 4384 quid-

140 4406 279 4474 quid
317 4407 575 4474 placuerit
611 4406 800 4467 vobis,
837 4406 1059 4472 ,fratres,
1099 4403 1221 4456 date
1267 4404 1524 4472 apologia:
1567 4420 1700 4459 meae

145 4510 264 4550 uno
290 4495 452 4549 verbo
477 4495 792 4548 assertionis
830 4504 1016 4547 vestrae
1049 4493 1266 4547 reddita:
1299 4494 1538 4561 petitioni
1567 4511 1698 4549 meae
1730 4521 1773 4575 ι)

144 4601 524 4652 responsum.»
547 4585 612 4638 Et
629 4585 856 4638 libenter
880 4585 1164 4637 audierunt
1179 4599 1390 4650 omnes,
1415 4601 1534 4653 quae
1558 4586 1697 4640 dicta

144 4685 300 4736 sunt,
345 4691 665 4738 consensum
723 4674 1037 4741 praebentes,
1093 4683 1150 4726 ut
1201 4674 1351 4728 ﬁeret
1393 4678 1695 4745 synodus...

119 4767 336 4834 ‘ltaque
369 4780 461 4818 Vill
507 4765 731 4818 Kalend.
777 4763 997 4817 Januar.
1030 4773 1230 4817 octavae
1270 4764 1455 4818 indirt.
1505 4780 1697 4820 conse-

125 4841 336 4910 icratus
357 4866 438 4911 est
477 4856 653 4908 almus
684 4855 839 4908 Pater
868 4864 1053 4908 noster
1097 4853 1352 4909 Tarasius
1394 4857 1698 4924 patriarcha

147 4945 778 5014 Constantinopolitanus
819 4949 907 5012 qui
955 4944 1135 4998 missis
1169 4942 1393 4997 Romam
1428 4946 1699 5014 synodicis

147 5037 268 5094 suis
297 5049 344 5090 et
394 5038 576 5090 libello
627 5035 746 5089 fidei
797 5051 907 5089 suae
940 5044 1184 5104 receptus
1234 5043 1316 5088 est
1370 5036 1436 5089 ab
1463 5037 1699 5091 Adriano

149 5147 311 5200 papa.
353 5128 474 5182 Haec
500 5129 638 5197 apud
681 5122 1023 5182 Anastasiqu
1077 5128 1448 5197 TheOphanes.
1502 5127 1698 5183 Verum

148 5218 232 5274 eae
256 5221 320 5273 ad
348 5219 648 5287 pontiﬁcem
682 5217 985 5272 Romanum
1014 5219 1204 5272 littera:
1233 5219 1527 5286 perierunt,
1562 5237 1698 5288 quas

147 5325 218 5363 ex
257 5309 492 5376 ejusdem
523 5307 791 5374 pontiﬁcis
814 5320 1092 5373 _rcsponso
1125 5309 1472 5373 arbitramur,
1513 5309 1698 5374 paucis

151 5399 256 5455 sub
294 5398 453 5450 tinem
489 5399 729 5458 mutatis,
771 5399 975 5452 similes
1012 5397 1135 5450 aliis
1179 5398 1395 5460 litteris,
1443 5414 1562 5467 quae
1604 5415 1698 5454 ex-

150 5493 299 5542 stant
321 5486 545 5538 Actione
576 5484 608 5536 5
633 5485 823 5553 synodi
851 5485 880 5538 Ἰ
905 5499 1026 5538 cum
1056 5487 1154 5536 hac
1186 5483 1535 5552 inscriptione
1577 5502 1590 5538 :

223 5579 279 5634 7.
333 5597 353 5630 ι
397 5578 678 5650 Exemplar
705 5580 1028 5655 litterarum,
1068 5593 1188 5648 qua:
1225 5577 1404 5632 missa‘
1459 5586 1586 5634 sunt
1630 5579 1694 5634 ad

153 5683 401 5724 summos
413 5671 715 5727 sacerdotes
728 5679 782 5726 et
801 5671 1104 5725 sacerdotes
1123 5668 1439 5734 Antiochiae,
1464 5671 1697 5725 Alexan-

151 5763 308 5831 dria,
342 5769 398 5816 et
426 5771 620 5817 sanctae
652 5764 885 5820 civitatis
928 5777 958 5815 a
991 5757 1215 5817 Tarasio
1254 5760 1600 5815 sanctissimo
1645 5773 1696 5818 ct

1809 1971 1914 2016 tres
1955 1966 2104 2031 puris
2147 1969 2487 2024 orationibus
2527 1974 2720 2026 vestris
2769 1990 2865 2026 nos
2906 1991 3026 2026 cum
3079 1986 3352 2028 armatura

1810 2052 1896 2104 Dei
1920 2065 2111 2108 contra
2141 2063 2406 2113 versutias
2437 2065 2643 2130 antiqui
2677 2064 2844 2118 hosus
2877 2068 3051 2134 adiuv.
3077 2072 3163 2132 tis,
3194 2079 3353 2136 atque

1804 2140 2058 2199 ﬂuctibus
2114 2148 2340 2201 invicem
2393 2155 2740 2220 surgentibus
2790 2157 3124 2211 vacillantcm
3157 2162 3351 2227 guber-

1805 2235 1978 2295 netis,
2027 2247 2290 2303 quatenus
2329 2242 2626 2310 pertingant
2680 2245 2744 2296 ad
2780 2260 3011 2312 portum
3062 2250 3348 2303 voluntatis

1804 2323 2003 2378 Christi
2038 2325 2131 2378 Dei
2165 2332 2431 2386 nostri...
2472 2331 2625 2387 Nunc
2655 2343 2832 2387 auth
2879 2338 2943 2388 ad
2976 2339 3131 2388 aliain
3172 2341 3347 2394 inten—

1805 2418 2001 2470 tionem
2030 2420 2241 2473 dicendi
2277 2427 2608 2492 progredior.
2645 2428 2782 2492 Quia
2812 2432 2956 2480 enim
2987 2433 3166 2497 prisca
3202 2448 3348 2500 qua»

1802 2506 1948 2570 dam,
1983 2519 2056 2573 et,
2091 2524 2147 2564 ut
2179 2515 2356 2567 verius
2401 2515 2684 2578 fateamur,
2721 2522 3013 2584 apostolica
3046 2524 3264 2575 traditio
3294 2525 3347 2578 in

1803 2599 2058 2652 omnibus
2106 2599 2360 2656 Ecclesiis
2402 2606 2644 2671 inolevit,
2688 2617 2744 2659 tit
2775 2607 2847 2671 hi,
2895 2609 2983 2674 qui
3018 2610 3084 2661 ad
3129 2613 3344 2678 pontili-

1801 2691 1944 2741 cium
1977 2691 2363 2757 provehuntur,
2430 2696 2857 2763 prmcedeutibus
2926 2714 2982 2751 se
3055 2699 3106 2752 in
3159 2704 3346 2757 eodem

1802 2780 1994 2832 ordine
2039 2783 2273 2848 qualiter
2317 2798 2374 2836 se
2421 2786 2668 2850 habeant,
2722 2803 2842 2854 quae
2882 2804 2994 2841 suae
3027 2791 3146 2844 lidci
3198 2802 3346 2860 sunt,

1799 2873 2116 2937 exponendo
2158 2875 2569 2941 commendent;
2624 2879 2801 2930 visum
2851 2889 2932 2931 est
2963 2892 3012 2932 et
3063 2884 3192 2935 mibi
3243 2887 3346 2938 hoc

1801 2963 2024 3016 sectauti
2070 2981 2153 3018 me
2186 2966 2338 3021 vobis
2383 2968 2664 3034 inclinare,
2695 2981 2747 3024 ct
2799 2973 3000 3041 liquido
3045 2975 3343 3030 confessio-

1802 3067 1924 3105 nem
1978 3057 2350 3122 pronuntiare,
2404 3063 2857 3126 quemadmodum
2910 3080 2937 3116 a
2981 3065 3124 3118 tubis
3170 3066 3343 3121 sancti

1726 3187 1769 3244 Ο
1804 3140 2056 3209 Spiritus,
2090 3157 2318 3213 quarum
2359 3162 2526 3200 50nus
2575 3149 2625 3201 iu
2666 3165 2876 3204 omnem
2926 3161 3120 3244 terram
3161 3157 3342 3222 exivit,

1801 3243 1854 3286 et
1881 3234 1934 3284 in
1969 3235 2102 3288 ﬁnes
2132 3247 2290 3289 terra:
2316 3239 2496 3301 verba,
2520 3248 2571 3292 et
2606 3239 2673 3292 ab
2697 3255 2882 3294 earum
2915 3229 3147 3299 alumnis
3186 3257 3348 3315 atque

1803 3325 2060 3387 asseclis,
2111 3329 2502 3383 sacratissimis
2550 3331 2796 3384 videlicet
2843 3332 3094 3390 Pati-ibus
3147 3339 3348 3391 uestris

1802 3418 2086 3481 educatus,
2125 3435 2186 3471 ex
2240 3421 2369 3486 ipsis
2411 3421 2662 3474 mollibus
2697 3424 2905 3490 ungulis
2947 3425 3128 3479 didici.
3174 3429 3348 3482 Credo

1801 3505 1855 3558 in
1917 3522 2082 3559 unum
2119 3508 2405 3562 Dcum.....
2440 3508 2709 3578 Expetens
2737 3513 2896 3565 etiam
2931 3514 3344 3571 intercessiones

1801 3595 2158 3648 sanctissima
2209 3604 2260 3649 et
2317 3596 2651 3650 intemerata:
2709 3601 2944 3655 hominm
3004 3619 3196 3657 ηοω-ιε
3251 3605 3342 3660 Dei

1800 3682 2087 3738 Genitiicis
2131 3693 2183 3738 et
2222 3701 2432 3754 semper
2487 3686 2720 3756 Virginis
2770 3689 2969 3753 Marize,
3016 3709 3349 3750 sanctorum-

1800 3790 1906 3843 que
1934 3778 2268 3845 angelorum,
2305 3789 2358 3832 et
2392 3795 2699 3835 sanctorqu
2731 3794 2794 3845 ,et
2828 3785 3344 3849 gloriosissimorunt

1799 3866 2190 3931 apostolorum,
2245 3869 2661 3937 prophetarum,
2713 3882 3028 3942 martyrum,
3072 3876 3346 3931 confesso-

1802 3969 1918 4006 rum
1957 3965 2010 4008 et
2047 3955 2359 4022 doctorum;
2410 3959 2652 4014 salutans
2692 3970 2741 4013 ct
2775 3963 3108 4017 venerabiles
3158 3965 3350 4020 iconas

1798 4059 2007 4114 eorum,
2049 4054 2099 4100 et
2157 4064 2371 4103 omnem
2413 4052 2717 4107 luereticam
2751 4053 3071 4108 abominans
3118 4065 3350 4110 conten-

1802 4132 2122 4188 tionem.....
2171 4133 2393 4204 Recipio
2423 4126 2582 4193 etiam
2635 4152 2848 4194 sanctas
2894 4150 2947 4194 et
3013 4143 3347 4198 universales

1800 4237 1892 4276 sex
1924 4225 2180 4294 synodos,
2225 4235 2279 4281 et
2317 4241 2500 4282 carum
2545 4231 2722 4284 divina
2761 4232 3007 4300 dogmata
3054 4237 3252 4300 pariter
3291 4245 3347 4289 et

1797 4315 2073 4372 doctrinas
2107 4329 2359 4388 tanquam
2401 4336 2520 4389 qua:
2567 4322 2745 4375 divina
2790 4324 3139 4392 inspiratione
3188 4326 3347 4379 nobis

1798 4409 1991 4461 tradita
2046 4411 2279 4463 luerunt.
2317 4429 2334 4461 ν
2376 4411 2576 4465 Omitto
2623 4415 2829 4481 reliqua
2865 4430 2984 4468 cum
3027 4418 3344 4473 eorumdem

1797 4493 2230 4552 Patriarcharum
2298 4499 2364 4553 ad
2417 4512 2663 4554 sanctum
2721 4501 3001 4557 Tarasium
3057 4520 3338 4574 reSponso.

1801 4585 2038 4643 Suiliciat
2075 4605 2199 4658 pars
2240 4590 2417 4660 aliqua
2467 4593 2706 4660 cpistola:
2759 4595 2977 4647 Adriani
3025 4610 3188 4663 papae,
3232 4613 3342 4665 qua

1797 4679 1873 4732 illi
1928 4685 2240 4750 respondet,
2281 4699 2442 4752 quam
2493 4689 2623 4737 citat
2651 4685 2809 4738 etiam
2860 4686 3160 4741 Nicolausl
3203 4703 3342 4756 papa

1797 4771 1952 4836 epist.
1982 4772 2012 4823 6
2046 4776 2107 4824 ad
2133 4772 2400 4826 Photium.
2428 4772 2609 4826 Exstat
2639 4789 2698 4826 ea
2729 4775 2940 4828 actione
2961 4775 2994 4828 2
3023 4779 3210 4846 synodi
3241 4793 3338 4842 vit,

1797 4859 1956 4910 etiam
1986 4857 2170 4912 Grazre
2195 4860 2450 4912 translata
2480 4875 2603 4913 cum
2629 4861 2728 4914 hoc
2763 4861 2915 4913 titulo
2943 4879 2954 4914 :

1866 4949 1918 5003 8.
1961 4968 1978 4999 ι
2018 4949 2222 5004 Dilecto
2268 4949 2440 5001 Fratri
2471 4947 2692 5016 Tarasio
2723 4952 3034 5019 patriarchae
3069 4950 3342 5006 Adrianus

1796 5039 2080 5107 episcopus
2120 5055 2308 5094 servus
2338 5057 2613 5095 servorum
2657 5043 2768 5096 Dei.
2823 5039 3083 5095 Pastorali
3135 5059 3339 5100 cura...

1798 5132 2075 5186 considera
2087 5132 2261 5187 vimus
2288 5142 2475 5188 vestra:
2497 5135 2699 5188 dilectae
2719 5134 2989 5188 sanctitati
3014 5149 3163 5187 sacra
3185 5135 3335 5188 aﬂari

1797 5223 2106 5284 concordia,
2139 5233 2190 5277 et
2220 5225 2490 5278 subtiliter
2521 5226 2740 5278 verbum
2774 5222 3136 5280 manifestare.
3175 5225 3226 5279 In
3250 5244 3340 5296 sy-

1797 5314 2002 5367 nodiris
2034 5315 2390 5370 confessionis
2430 5324 2619 5369 vestrae
2667 5313 2808 5378 tidei,
2858 5330 2991 5384 quae
3029 5316 3335 5384 apostolica)

1797 5405 1908 5458 sedi
1934 5413 2131 5458 nostra!
2154 5406 2359 5460 directa
2386 5418 2510 5461 sunt
2539 5421 2699 5474 super
2719 5405 2950 5460 Leonem
2982 5407 3332 5460 reverendam

1796 5495 2166 5564 presbyterum
2194 5507 2450 5563 vestrum,
2473 5496 2775 5551 invenimus
2799 5498 2850 5550 in
2873 5497 2950 5550 eis
2974 5496 3125 5554 initio
3150 5495 3334 5558 prima:

1797 5585 2006 5653 paginae
2063 5586 2417 5638 reverentiam
2467 5593 2699 5639 vestram
2748 5601 2810 5640 ex
2861 5586 2996 5639 laico
3043 5582 3230 5636 ordine
3280 5594 3336 5638 ct

1796 5673 2138 5744 imperatoria
2172 5673 2638 5730 administratione
2669 5677 2732 5730 ad
2762 5675 2954 5731 sacrati
3001 5674 3200 5743 gradus
3237 5690 3334 5730 su-

1795 5767 2070 5822 blimatam
2131 5782 2250 5824 esse
2305 5765 2601 5837 fastigium,
2657 5777 2710 5824 et
2755 5769 3092 5824 vehementer
3143 5766 3200 5822 in
3247 5765 3336 5825 his
