4016 6340
120 474 238 538 1385

1645 458 1841 520 VITA.

3215 437 3347 503 1386

115 590 503 663 patriarcbatus
558 589 770 643 culmen
827 586 1053 655 adeptus
1105 592 1212 647 est,
1249 592 1300 637 et
1351 579 1666 650 apocaligus
1695 599 1738 644 Α
1769 573 1975 637 Romae,
1993 580 2217 641 paterna
2245 551 2496 638 dogmata
2531 575 2766 633 sequens
2787 569 2836 615 et
2877 555 3219 611 traditionem
3253 568 3346 605 Cn-

115 693 284 737 contra
319 691 632 736 sanctorum
694 693 960 733 canonum
1037 689 1325 730 censuram
1361 660 1534 726 factus
1563 678 1667 730 est,

115 773 549 843 patriart-ba......
586 770 649 823 Et
683 770 786 824 nisi
826 784 918 838 per
948 768 1066 834 ejus
1099 766 1307 821 ﬁdelem
1339 742 1667 817 concursum

116 879 200 934 pro
225 871 541 918 sanctarum
576 861 874 931 imaginum
899 859 1192 923 erectionc,
1227 857 1279 911 in
1307 857 1428 924 ejus
1473 843 1686 924 conse-l

115 955 352 1010 cratione
405 967 688 1009 assensum
743 949 1058 1004 omnimodo
1127 948 1368 1002 tribuere
1423 942 1669 1009 nequivi-

99 1061 246 1100 mus.
289 1063 308 1094 ι
371 1040 749 1100 Subscribitur
784 1039 908 1092 data
947 1053 1021 1092 vn
1075 1034 1195 1088 Kal.
1246 1032 1560 1093 Novemer
1590 1029 1674 1081 in—

116 1137 236 1191 dict.
264 1132 322 1202 9,
353 1130 557 1190 scilicet
589 1147 734 1186 anno
765 1130 886 1183 785.

183 1225 266 1278 i0.
304 1225 478 1290 Quam
514 1221 704 1292 procul
735 1219 802 1275 ab
826 1219 975 1273 omni
1004 1217 1144 1273 [astu
1173 1227 1225 1271 et
1256 1214 1534 1268 titulorum
1561 1227 1674 1264 am-

115 1316 312 1371 bitione
352 1314 589 1371 abfuerit
643 1319 866 1367 sanctus
927 1308 1212 1372 Tarasius,
1276 1304 1521 1359 modesta
1557 1303 1676 1371 ejus

118 1405 437 1474 subscriptio
491 1402 682 1474 synodi
740 1415 953 1470 semper
1000 1408 1121 1468 post
1171 1396 1402 1451 vicarios
1455 1392 1678 1448 Adriani

117 1498 283 1566 Papae,
320 1498 446 1550 licet
500 1496 738 1565 episc0pi
771 1509 878 1548 non
909 1501 1110 1557 essent,
1147 1490 1309 1554 facta,
1337 1488 1472 1543 satis
1500 1488 1676 1541 docet.

119 1590 187 1643 Ita
215 1589 434 1644 Actioni
473 1597 684 1658 quarta:
715 1586 783 1640 ita
823 1583 1186 1652 subscripsit:
1220 1600 1237 1632 ‹
1277 1579 1538 1635 Tarasius
1579 1577 1680 1632 mi-

118 1680 410 1735 sericordia
431 1677 708 1748 Deiepisc.
729 1674 1277 1742 Constantinopoleos
1302 1687 1455 1726 novae
1471 1668 1679 1733 Romus,

119 1773 447 1826 cantirmans
493 1770 572 1824 sic
619 1784 678 1823 se
727 1767 926 1822 habere
982 1764 1284 1829 veritatem,
1328 1762 1532 1824 omnia,
1565 1774 1684 1829 qua:

119 1863 368 1930 superius
400 1860 720 1922 etl'eruntur,
769 1858 1000 1911 libenter
1057 1855 1366 1917 admittens,
1418 1852 1504 1906 his
1555 1850 1683 1904 sub-

1777 666 1992 720 tbolicae
2022 662 2279 717 Ecclesiae
2315 660 2579 716 delinieus
2602 651 2921 721 subscripsi.
2958 667 2975 700 ι
3012 647 3066 701 in
3105 646 3348 714 epistulis

1779 773 1908 812 vero
1944 755 2010 810 ad
2065 755 2443 823 imperatores,
2490 747 2789 802 Adrianum
2831 743 3053 811 Papam,
3104 741 3352 806 aliosque

1780 865 1838 904 se
1867 848 2151 917 indignant
2187 845 2502 918 episcopum
2538 838 2793 910 appellat.
2825 835 3106 889 Habentur
3135 845 3212 884 cae
3242 831 3356 899 cpi-

1780 940 1932 993 stolae
1961 939 2062 993 sub
2090 938 2249 992 tinem
2289 935 2530 1004 ejusdem
2570 928 2764 1002 synodi
2803 925 3032 979 Nicmnae

1854 1031 1938 1082 il.
1976 1027 2166 1083 Exstat
2200 1029 2411 1080 illustre
2443 1022 2814 1078 testimonium
2848 1017 3019 1073 sancti
3056 1010 3265 1068 Tarasii
3301 1013 3354 1065 in

1782 1119 2014 1189 Prologo
2048 1119 2111 1172 ad
2146 1116 2320 1171 sancti
2355 1112 2608 1189 Dorothci
2635 1106 3095 1164 Areb‘imandritte
3131 1103 3355 1156 Institu-

1786 1211 1957 1265 tiones
1989 1207 2252 1262 asceticas
2275 1199 2342 1257 ab
2371 1186 2672 1257 orthodoxe
2693 1215 2758 1253 ac.
2787 1198 3041 1268 religioso
3067 1195 3354 1262 scriptore,

1785 1301 1969 1356 forsan
1992 1299 2204 1354 Studita
2235 1295 2529 1359 monacho,
2559 1293 2763 1360 scripto
2796 1289 2880 1344 bis
2907 1287 3086 1341 verbis
3119 1301 3132 1337 :
3168 1305 3183 1336 ι
3217 1284 3359 1338 San-

1786 1373 2063 1450 etosillos
2111 1392 2260 1443 viros
2311 1386 2577 1451 Marcum,
2626 1383 2848 1445 Isaiam,
2895 1378 3357 1448 Barsauupbium,

1789 1484 2120 1538 Durothcum
2146 1490 2200 1535 et
2226 1478 2626 1550 Hesychiunt...
2655 1490 2750 1546 per
2775 1488 3003 1549 examen
3032 1469 3358 1526 sanctissimi

1790 1574 2112 1646 patriarcha:
2143 1572 2376 1634 Tarasii,
2405 1571 2518 1640 jam
2551 1569 2756 1637 pridem
2789 1579 3007 1621 summo
3060 1563 3362 1618 sacerdotio

1790 1667 2083 1737 iungentis,
2137 1680 2234 1718 nec
2277 1679 2384 1716 non
2432 1662 2686 1737 aliorum_
2711 1657 2816 1712 ﬁde
2861 1657 3151 1727 dignorum
3189 1653 3362 1708 bomio

1793 1775 1943 1822 mnu,
1981 1771 2086 1811 tam
2122 1757 2496 1825 indigenarum
2529 1731 2691 1821 quam
2719 1750 3086 1811 orientalium,
3117 1748 3363 1802 testimo-

1792 1852 1885 1903 nio
1927 1852 2206 1919 probatos,
2252 1864 2316 1920 es
2367 1855 2596 1916 paterna
2648 1843 2945 1898 traditione
2978 1840 3299 1910 amplector.
3342 1857 3359 1886 ι

121 1953 332 2021 scripsi.
374 1971 393 2002 ι
437 1951 635 2004 lterum
680 1948 906 2001 Actione
936 1947 1164 2015 septima
1199 1964 1252 1996 ει
1293 1943 1554 1997 Tarasius
1581 1941 1684 1993 mi-
1721 1974 1760 2027 Β
1795 1941 2019 2009 Reliqua
2058 1941 2222 2008 hujus
2256 1937 2552 1992 testimonii
2582 1936 2854 1991 edidimus
2890 1946 3055 2002 supra
3087 1931 3153 1985 ad
3189 1927 3366 1997 Vitam

122 2042 416 2097 sericordia
473 2039 564 2094 Dei
621 2038 864 2109 episcop.
923 2035 1478 2103 Constantinopoleos
1537 2047 1690 2087 novae

333 2215 1600 2239 mw

134 2227 281 2240 ..ἡ

1792 2033 1960 2085 sancti
1993 2031 2227 2084 Dositltei
2267 2030 2336 2082 25
2372 2028 2528 2082 Febr.
2570 2042 2692 2096 pag.
2723 2025 2848 2090 38!,
2883 2042 2937 2079 ιι.
2983 2024 3032 2078 1.

1604 2216 1930 2223 .————.—--—
1949 2215 1987 2220 .-
2001 2214 2026 2219 ς
2057 2207 2834 2223 .——---——.—.—..-.——W——~
2853 2203 3324 2215 ο--ο-,ο--σ-μι-ι--ο--αι

921 2343 1203 2407 SANCTI
1257 2343 1576 2405 ranas"
1638 2285 2580 2403 CONSTA‘NTINOPOLITAl‘il

1603 2523 1882 2612 VITA

1313 2734 1338 2773 Α
1351 2731 1592 2775 UCTORE
1622 2725 1876 2772 IGNATIO
1912 2692 2200 2771 EﬁlSCOPO
2212 2757 2223 2770 .

656 2884 717 2946 (Ε
749 2882 916 2934 Grteco
937 2877 1109 2930 Latine
1133 2874 1321 2926 reddita
1354 2887 1380 2920 a
1405 2869 1907 2921 Gentianolierreto.
1942 2876 2044 2920 Art.
2085 2875 2268 2930 Suum,
2299 2871 2440 2920 Febr.
2477 2880 2510 2920 ι.
2540 2871 2628 2932 IIl,
2655 2886 2702 2933 p.
2735 2872 2867 2935 576.)

733 3121 1113 3179 PROLOGUS.

201 3225 246 3278 Ι.
283 3221 591 3276 Nataturus
620 3231 714 3286 per
755 3217 1025 3288 ingentem
1071 3217 1234 3269 maris
1274 3216 1702 3287 magnitudinem

123 3312 317 3382 inclyti
370 3309 551 3365 Patris
581 3315 634 3362 et
685 3307 791 3360 vita
839 3306 1113 3383 inaccessa
1155 3309 1481 3375 praestantis,
1515 3321 1706 3361 vereor

123 3419 192 3458 ne
224 3401 293 3454 ad
307 3413 500 3454 versas
531 3401 812 3454 ventorum
842 3396 1001 3451 ﬂatus
1026 3397 1222 3466 linguae
1263 3399 1493 3467 agrestis
1523 3406 1576 3451 et
1611 3411 1704 3451 va-

124 3503 342 3548 storum
384 3489 646 3542 ﬂuctuum
676 3488 1027 3543 obscuritatis
1058 3491 1306 3553 excitem,
1341 3489 1626 3558 salumque
1653 3499 1704 3542 et

123 3588 520 3651 tempestatem
547 3579 678 3633 mihi
704 3594 991 3648 procurem
1022 3581 1215 3633 anima:
1243 3579 1533 3648 naufragii.
1565 3580 1708 3634 Talis

121 3677 268 3729 enim
315 3681 414 3727 est
447 3671 674 3724 inscitiae
717 3670 1013 3736 temeritas,
1053 3685 1172 3738 quae
1205 3671 1506 3730 orationem
1541 3669 1712 3724 eﬂ‘uu-

121 3765 202 3818 dit.
237 3774 516 3832 tanquam
549 3762 778 3828 paleam,
811 3761 876 3814 ad
909 3761 1044 3815 nihil
1076 3761 1219 3830 quod
1249 3757 1318 3815 sit
1348 3772 1708 3828 opportunum

119 3854 568 3917 conducibilem,
607 3862 660 3907 et
699 3851 856 3906 aﬂert
904 3854 1164 3907 damnum
1195 3855 1268 3915 ei,
1315 3854 1458 3922 quod
1503 3861 1715 3923 oportet

124 3949 242 4004 lieri
283 3957 344 4002 et
384 3955 478 4001 est
504 3946 654 4008 utile,
685 3956 740 4000 et
770 3946 822 3998 in
863 3943 1204 4013 naufragium
1259 3945 1448 3999 incidit
1479 3945 1716 3997 multilo-

120 4039 263 4107 quii,
296 4037 459 4108 quod
493 4035 606 4089 ﬁeri
634 4051 737 4089 non
770 4043 967 4104 potest,
999 4043 1056 4087 ut
1083 4034 1309 4088 omnino
1340 4033 1560 4108 effugiat
1591 4049 1718 4102 pec-

122 4106 346 4194 catum,
385 4136 449 4181 ut
477 4136 562 4180 est
587 4125 896 4180 Salomonis
919 4134 972 4177 et
999 4125 1180 4177 divina
1211 4106 1508 4179 admoniiio
1532 4123 1712 4192 (Prov.

120 4237 173 4281 ι,
222 4221 343 4279 i9).
387 4214 507 4269 Hoc
538 4229 715 4268 meum
751 4213 994 4282 reprimit
1029 4213 1304 4281 ingenium
1336 4223 1389 4268 et
1431 4220 1593 4268 terret
1622 4226 1715 4265 co-

124 4310 509 4377 gitationcm,
561 4313 614 4358 et
668 4302 912 4358 refrenat
938 4303 1260 4368 orationem,
1303 4314 1356 4356 et
1407 4303 1712 4357 divinarum

122 4403 225 4454 \izi
273 4401 482 4455 dolum
514 4393 843 4465 profundum
889 4395 1090 4450 intueri
1131 4405 1508 4464 preperantem
1544 4405 1714 4448 retar-

121 4493 235 4544 dat.
280 4489 402 4543 Sed
450 4501 574 4540 cum
611 4485 777 4538 altum
825 4484 966 4554 longi
1017 4487 1274 4554 temporis
1325 4484 1595 4538 silentium
1631 4497 1717 4537 res

123 4584 249 4651 ejus
290 4591 499 4649 tegens
527 4585 670 4631 esset
711 4575 1006 4629 multorum
1039 4576 1265 4628 auribus
1295 4574 1554 4627 damnum
1590 4575 1720 4627 alla-

126 4683 347 4731 turum,
393 4676 460 4722 ut
494 4683 616 4736 qua:
667 4676 955 4722 teneantur
1001 4664 1280 4719 desiderio
1330 4664 1580 4717 audiendi
1633 4679 1719 4718 res

124 4764 381 4834 optimas
410 4767 488 4818 .et
537 4758 1035 4827 praestantissimas,
1093 4771 1212 4824 qua
1257 4756 1460 4810 ab-illo
1507 4756 1558 4809 in
1611 4755 1717 4808 vita

1809 3134 1899 3189 p10
1929 3132 1980 3174 et
2005 3120 2172 3172 alacri
2204 3121 2386 3188 animo
2413 3120 2607 3175 offerre
2637 3137 2734 3190 pro
2764 3103 2988 3188 sirib’us,
3014 3123 3114 3178 etsi
3139 3139 3246 3180 non
3276 3141 3376 3197 po-

1810 3223 1926 3267 tero
1956 3211 2196 3266 debitum
2248 3212 2460 3270 solvere
2511 3227 2635 3289 cum
2690 3211 2899 3280 fenore,
2954 3215 3007 3269 in
3047 3231 3110 3272 eo
3157 3218 3371 3289 quidem

1807 3313 1970 3367 certe,
2006 3301 2150 3371 quod
2203 3311 2402 3358 sortem
2437 3319 2745 3368 exerceam,
2784 3315 2845 3360 ct-
2874 3321 3184 3374 procurem,
3227 3319 3286 3364 ut
3324 3313 3373 3365 ei

1809 3395 1946 3449 nihil
1995 3395 2334 3461 detrahatur,
2389 3410 2485 3452 ero
2536 3397 2716 3467 aliqua
2762 3414 2826 3452 ex
2875 3409 3026 3468 parte
3075 3402 3376 3472 accipiendi

1736 3507 1779 3597 ο
1812 3482 2027 3555 (Matth.
2059 3502 2214 3550 xxut,
2249 3488 2360 3557 25).

2321 3599 2550 3655 CAPUT
2590 3602 2879 3657 PRIMUM.

1814 3691 2057 3744 Probitas
2087 3701 2360 3772 parentum
2389 3694 2559 3772 sancti
2591 3693 2842 3772 T_ar¢tsii._
2866 3695 3041 3765 Hujus
3071 3699 3160 3766 pia
3191 3701 3384 3753 edurae

2247 3764 2338 3824 tio,
2372 3763 2664 3816 consularia
2699 3765 2952 3833 dignitas.

1883 3853 1938 3904 2.
1968 3850 2070 3906 llic
2118 3867 2246 3921 ergo
2296 3862 2682 3906 sacrosanctus
2732 3863 2786 3906 et
2823 3870 3052 3924 magnus
3102 3856 3380 3926 Tarasins,

1813 3943 1908 4012 qui
1942 3941 2144 3998 Christi
2177 3944 2647 3998 mansuetudinem
2688 3953 2752 4015 et.
2794 3946 3149 4003 humilitatem
3187 3953 3253 4004 ab
3296 3952 3383 4005 iu-

1816 4030 1981 4085 fantia
2007 4045 2179 4110 usque
2203 4031 2270 4084 ad
2294 4041 2626 4096 senectutem
2653 4034 2894 4089 imitatus
2917 4037 3142 4103 pulchre
3161 4053 3384 4107 expres-

1815 4119 1907 4181 sit,
1945 4120 1997 4170 in
2038 4109 2215 4185 cujus,
2253 4119 2393 4172 sicut
2422 4120 2572 4187 prius
2618 4119 2752 4181 dixi,
2794 4123 3051 4177 virtutum
3099 4109 3388 4191 nzare‘lmr,

1817 4214 1877 4258 ut
1907 4217 2175 4269 natarem,
2206 4207 2417 4266 demisi,
2465 4208 2716 4274 quisnam
2761 4219 2900 4264 esset
2929 4221 2983 4264 et
3011 4214 3172 4277 unde,
3223 4225 3272 4267 et
3318 4233 3383 4269 ex

1817 4313 1923 4374 qua
1959 4299 2128 4380 patria
2165 4308 2216 4352 et
2250 4299 2566 4364 parentibus
2608 4310 2760 4355 ortus
2792 4304 2882 4362 sit,
2936 4303 3166 4358 arduum
3204 4304 3384 4371 fuerit,

1821 4387 1887 4441 iis
1942 4379 2104 4441 etiam
2167 4390 2259 4456 qui
2314 4405 2378 4440 ex
2441 4389 2664 4443 scientia
2706 4393 2885 4445 sciunt
2932 4396 3108 4462 ample
3161 4379 3218 4449 et
3270 4413 3384 4450 ma-

1797 4478 2014 4556 gniﬁce
2064 4480 2260 4543 dicere,
2297 4495 2402 4532 non
2450 4482 2623 4534 solum
2669 4483 2823 4548 mihi,
2875 4487 3031 4554 cujus
3085 4497 3168 4541 est
3229 4489 3384 4557 plane

1820 4568 2040 4623 humilis
2064 4578 2116 4622 et
2159 4569 2365 4638 abjecta
2404 4573 2597 4636 oratio,
2624 4583 2840 4635 tantam
2885 4577 3128 4644 praeclari
3174 4581 3385 4647 generis

1821 4660 1888 4712 ab
1918 4660 2028 4713 alto
2061 4668 2302 4728 repetere
2330 4663 2786 4729 magnitudinem,
2815 4675 2867 4720 et
2899 4681 2928 4719 a
2957 4668 3253 4735 majoribus
3288 4671 3386 4724 de-

1821 4751 2038 4803 ductam
2089 4751 2209 4818 ejus
2245 4752 2468 4820 stirpem
2519 4768 2821 4817 recensere,
2871 4758 2963 4824 qui
3010 4759 3228 4827 gloriari
3279 4777 3385 4816 non

123 4864 299 4926 εοεαε
335 4859 503 4909 sum,
533 4857 591 4901 ut
611 4849 741 4916 qua?
760 4848 867 4902 sint
894 4846 1062 4914 plenae
1089 4843 1318 4896 utilitate
1347 4841 1573 4902 animae:
1600 4857 1716 4910 age,
1753 4865 1795 4918 ο
1824 4843 1936 4894 vult
1955 4841 2220 4909 ejusmodi
2252 4841 2524 4906 laudibus,
2555 4859 2727 4912 neque
2756 4838 3047 4903 ﬂuentibus
3069 4851 3270 4905 divitiis
3293 4867 3388 4906 cer

125 4946 318 4996 valere
337 4938 558 5010 jubens
584 4951 797 4989 omnem
829 4933 1244 4996 dubitationem,
1273 4935 1441 4998 pauca
1475 4930 1717 5002 quaedam

125 5039 190 5089 de
223 5036 380 5101 ipso,
437 5042 562 5098 qua:
589 5027 842 5094 dignatus
869 5040 988 5078 sum
1025 5024 1208 5078 videre
1255 5023 1447 5087 oculis,
1509 5033 1562 5076 et
1603 5037 1722 5101 quae

125 5125 322 5193 accepi
360 5119 623 5180 auribus,
658 5121 712 5168 et
739 5129 859 5185 quae
905 5107 1016 5182 ipsa
1053 5113 1172 5167 novi
1207 5104 1558 5181 experientia,
1591 5092 1720 5164 etin

127 5230 254 5267 mea
305 5205 521 5264 humili
566 5213 617 5257 et
657 5217 824 5272 egena
872 5200 986 5256 scio
1015 5215 1233 5280 manere
1269 5199 1547 5265 memoria,
1596 5213 1719 5253 cum

127 5318 270 5375 pura
325 5309 389 5354 et
429 5294 904 5370 sincera‘veritate
956 5295 1010 5346 in
1062 5276 1234 5346 lucem
1272 5294 1450 5354 edere,
1484 5276 1527 5345 si
1581 5292 1721 5345 Dens

126 5378 439 5452 concedat,
485 5385 596 5454 jam
654 5385 910 5439 conabor.
951 5382 1084 5438 Nam
1117 5383 1216 5435 etsi
1259 5397 1364 5435 non
1404 5382 1606 5450 possim
1637 5381 1722 5433 di-

125 5499 256 5540 cere
292 5493 432 5551 pro,
463 5477 749 5546 dignitate,
784 5487 890 5528 non
927 5476 1046 5530 ideo
1082 5474 1397 5527 universum
1426 5473 1671 5527 deseram
1705 5486 1716 5520 :

126 5572 222 5626 Sed
251 5567 394 5638 quia
428 5562 564 5616 nolo
594 5562 926 5617 abscondere
951 5551 1241 5627 talentum,
1264 5563 1397 5615 sicut
1433 5563 1518 5615 ille
1551 5562 1724 5616 malus

127 5672 180 5714 et
213 5662 386 5732 piger
431 5652 652 5712 servus,
685 5653 805 5710 ideo
836 5651 979 5721 quod
1031 5651 1137 5712 Deo
1169 5663 1379 5722 gratum
1426 5660 1505 5704 est
1544 5666 1723 5720 prom-

199 5772 284 5840 (ι)
304 5769 461 5840 Aliis
479 5757 972 5840 _Encratea,Grtcce
997 5767 1344 5836 Ἑγκράτεια,
1377 5767 1726 5831 continentia,

133 5838 384 5901 uti-infra
425 5838 658 5893 dicitur.

492 5928 758 5990 PATROL.
803 5935 915 5991 Gn.
960 5931 1218 5992 XCVIII.

1826 4943 2116 4998 apponere,
2149 4932 2530 4984 convenienter
2577 4933 2761 4986 divino
2795 4933 3243 5004 Psalmograpbo,
3267 4931 3384 4998 am-

1825 5037 1986 5092 qnam
2016 5034 2098 5077 est
2133 5024 2420 5077 meditatus
2448 5022 2619 5092 (Psal.
2650 5042 2756 5091 ut,
2789 5029 2808 5078 l
2845 5029 3041 5098 seqq.).
3075 5028 3189 5083 Hoc
3217 5046 3384 5086 unum

1827 5120 2006 5166 autem
2041 5124 2334 5180 possumus
2381 5115 2585 5180 dicere,
2623 5118 2765 5184 quod
2801 5122 2946 5172 omni
2987 5125 3388 5180 auctoritatem

1827 5200 2058 5253 maxima
2104 5202 2420 5270 excellentia
2463 5205 2604 5273 apud
2650 5220 2766 5281 eos,
2815 5209 2907 5274 qui
2963 5223 3056 5276 per
3093 5211 3144 5264 id
3175 5219 3387 5281 tempus

1827 5288 2190 5358 imperabant,
2224 5292 2487 5361 Georgius
2519 5293 2638 5361 ejus
2671 5279 2818 5363 pater
2845 5307 2898 5350 et
2927 5298 3000 5350 rei
3034 5313 3226 5353 nomen
3258 5279 3390 5356 con-

1830 5380 2052 5434 reniens
2098 5383 2284 5434 sortita
2342 5395 2515 5435 mater
2562 5385 2680 5452 ejus
2730 5385 2977 5449 Eucratia
3029 5388 3125 5458 (l),
3169 5380 3388 5461 propter

1831 5485 2097 5523 summam
2146 5471 2412 5540 justitiam
2467 5475 2667 5542 primas
2711 5487 2890 5546 partes
2921 5480 3286 5547 obtinuerunt,
3322 5500 3384 5537 ex

1836 5560 2188 5615 Patriciorum
2237 5565 2377 5618 serie
2411 5566 2662 5628 derivati,
2719 5571 2972 5638 appellari
3030 5571 3244 5643 Patricii
3287 5575 3384 5643 (9).

1833 5650 2074 5716 Quorum
2112 5659 2262 5721 pater
2293 5657 2506 5723 quidem
2533 5673 2656 5710 cum
2690 5662 3022 5716 ascendisset
3051 5663 3117 5715 ad
3145 5641 3386 5720 altitudi-
3425 5722 3430 5727 ,

1910 5769 1981 5846 (fl)
2019 5769 2225 5849 {ionica
2256 5769 2608 5849 l’atrieiorrnn
2649 5777 2742 5849 illo
2779 5793 2891 5832 arvo
2923 5777 2976 5831 in
3019 5789 3242 5848 utroque
3281 5781 3386 5834 im-

1838 5853 1868 5906 p
1896 5843 1986 5890 .rio
2029 5843 2261 5894 Orientis
2289 5851 2337 5893 et
2388 5845 2690 5898 Occulcutis
2720 5863 2940 5901 summa:
2972 5860 3086 5900 erat
3126 5843 3175 5903 ei
3214 5850 3389 5919 digni-

2995 5937 3070 5997 44
