4016 6340
623 393 761 458 οηθι
807 476 816 483 ί

1226 505 1450 562 CAPUT
1491 505 1576 560 Ill.

624 636 809 692 Sancti
857 636 1062 690 Tarasii
1101 636 1283 691 electio
1320 647 1368 691 et
1409 637 1730 691 consecratio
1785 637 2179 704 patriarchalis.

546 826 547 829 η
699 773 746 824 7.
780 770 840 825 Et
872 772 950 827 sic
985 770 1202 841 quidem
1237 785 1296 826 se
1335 770 1505 841 gessit
1535 769 1735 825 Paulus
1766 788 1777 822 :
1827 771 2184 840 imperatores

524 887 528 892 -
625 873 806 918 autem
848 863 900 916 in
931 863 1167 934 pastoris
1211 862 1477 916 electione
1522 869 1756 915 mentem
1798 861 2060 930 habentes
2088 875 2182 914 oc-

623 961 897 1026 cupatam,
933 963 986 1008 et
1015 952 1162 1006 Pauli
1196 965 1448 1008 sermone
1480 950 1763 1014 stimulati,
1797 949 1850 1003 in
1896 945 2183 1004 Tarasium

623 1051 807 1112 aperte
852 1041 1090 1114 defigunt
1121 1042 1358 1096 oculos:
1401 1049 1454 1094 et
1509 1054 1652 1101 eum,
1690 1038 1798 1114 Deo
1846 1039 2078 1104 volente,
2127 1048 2186 1092 ut

624 1133 846 1191 vidnato
874 1131 1020 1202 gregi
1052 1138 1324 1201 praeesset,
1356 1129 1630 1183 communi
1669 1143 1936 1183 consensu
1967 1129 2185 1198 sapien-

625 1234 706 1279 ter
750 1224 976 1294 eligunt.
1015 1221 1105 1275 Eis
1146 1221 1564 1286 assentiebatur,
1607 1219 1868 1291 quidquid
1901 1228 2018 1274 erat
2043 1220 2185 1288 opti-

624 1331 774 1370 mum
816 1323 871 1368 ct
901 1312 1412 1383 praestantissimum
1451 1324 1481 1364 e
1519 1324 1678 1364 sacro
1728 1317 1940 1371 senatu,
1968 1307 2184 1363 divinus

614 1407 782 1477 plane
803 1413 977 1460 cmtus
1010 1420 1023 1456 :
1060 1411 1120 1457 ut
1152 1402 1243 1472 qui
1273 1402 1495 1456 omnino
1545 1400 1747 1456 scirent
1777 1400 1952 1454 virum
1982 1400 2033 1453 in
2062 1414 2182 1452 om-

628 1497 788 1550 nibus
834 1494 1176 1566 prtefulgere,
1234 1501 1286 1547 ct
1338 1492 1584 1562 dignum,
1634 1491 1720 1546 cui
1770 1490 2186 1545 demandaretur

625 1589 864 1659 dignitas
912 1585 1221 1656 pastoralis.
1256 1582 1532 1652 Quidquid
1583 1592 1763 1637 autem
1817 1590 1937 1637 erat
1982 1581 2186 1652 promi-

627 1693 818 1733 senum
849 1674 1364 1739 circumforaneum,
1394 1685 1445 1728 et
1473 1673 1752 1729 lucernam
1785 1671 2188 1728 redolebathte-

629 1769 876 1831 reticam,
913 1764 1092 1820 Patris
1130 1765 1496 1829 sanctitatem,
1528 1765 1689 1820 etiam
1721 1773 1845 1818 ante
1877 1778 2088 1818 sacram
2119 1763 2186 1818 ab

1705 400 1764 460 S.
1804 399 2107 459 TARASII
2164 399 2663 460 PATRIARCHIE
2711 398 2815 458 (ΣΡ.

1978 504 1979 507 “
2211 513 2256 570 Α
2283 505 2649 574 prehendatur
2671 504 2812 574 quod
2841 501 3199 558 desideratur.
3230 501 3465 574 Tempus
3503 510 3583 556 est
3607 518 3749 573 ergo.
3777 516 3825 556 ut

3707 393 3823 457 1392

2283 603 2606 651 conteratur
2643 595 2902 664 praeclara
2938 602 2993 648 et
3029 593 3190 648 valde
3215 593 3446 662 optanda
3477 592 3730 649 Ecclesia
3756 605 3826 648 tu-

2284 685 2427 748 nica,
2458 700 2620 759 quam
2666 683 2829 738 scidit
2873 683 3041 754 pestis
3071 684 3311 738 haeresis.
3354 683 3510 738 Nunc
3551 687 3826 754 appropin-

2285 783 2415 845 quat
2437 775 2552 831 dies
2588 774 2895 845 insignislet
2925 774 3204 838 salut-aris,
3234 775 3286 828 in
3310 789 3420 844 quo
3449 775 3703 830 Christus
3727 793 3828 833 ces-

2285 879 2408 919 sare
2454 865 2658 920 faciens
2698 865 2973 920 fremitum
3019 865 3224 921 erroris
3263 865 3704 932 simulacrorum,
3753 884 3827 921 an-

2284 953 2404 1007 nuit
2441 955 2678 1025 copiosis
2731 955 2847 1011 suis
2903 954 3366 1021 miserationibus,
3419 967 3481 1011 ut
3523 958 3644 1027 ejus
3687 975 3828 1013 vene-

2285 1047 2453 1100 randa
2489 1046 2791 1116 erigeretur
2829 1054 3030 1111 statua,
3057 1048 3201 1117 quod
3253 1049 3448 1103 attinet
3495 1051 3562 1102 ad
3593 1050 3832 1103 humani-

2287 1143 2472 1190 tatem.
2506 1135 2802 1191 Transiens
2832 1152 2963 1207 ergo
2999 1139 3066 1193 ad
3098 1147 3309 1208 septum
3355 1140 3678 1202 sacerdntii,
3720 1158 3827 1194 cum

2285 1231 2552 1285 adversus
2589 1229 2837 1284 haeresim
2871 1230 3258 1294 decertaveris,
3290 1244 3423 1284 cane
3448 1231 3693 1285 victoria:
3720 1247 3830 1285 can-

2287 1322 2453 1377 ticum
2485 1321 2743 1375 adversus
2791 1320 3062 1376 inimicos.
3111 1323 3154 1375 A
3191 1321 3301 1377 Deo
3344 1322 3627 1391 praemium
3669 1332 3720 1377 et
3749 1339 3829 1378 co-

2285 1427 2477 1467 ronam
2506 1414 2846 1481 accepturus,
2877 1414 3151 1483 egredere.

2356 1504 2408 1558 9.
2451 1505 2711 1559 Tarasius
2764 1514 2941 1558 autem
2991 1505 3333 1574 imperatoris
3366 1501 3696 1561 allocutione
3744 1509 3829 1559 ob—

2288 1594 2647 1665 Stupefactus,
2682 1604 2734 1649 et
2765 1605 3020 1666 tanquam
3056 1610 3086 1650 a
3126 1595 3336 1652 etelesti
3369 1597 3557 1666 aliquo
3603 1612 3734 1652 sono
3762 1610 3830 1649 al—

2289 1686 2517 1750 tonitus,
2559 1686 2837 1755 respondit
2869 1687 2920 1740 in
2954 1687 3093 1740 hanc
3127 1682 3467 1740 sententiam
3503 1687 3571 1741 ad
3616 1702 3698 1751 ea,
3727 1704 3832 1756 qua:

2288 1775 2429 1830 dicta
2472 1774 2688 1830 fuerant
2714 1794 2727 1830 :
2752 1775 3148 1844 Tempestatem
3175 1777 3416 1846 quidem,
3443 1793 3566 1847 qu:e
3606 1779 3658 1832 in
3691 1779 3829 1831 fidem

625 1874 691 1913 00
717 1867 992 1929 θοοθριειηι
1031 1867 1260 1922 Veslem.
1310 1865 1369 1910 ul
1427 1858 1493 1911 ad
1537 1856 1866 1929 arguentium
1900 1857 2189 1910 Vehemc'l-
2221 1849 2261 1903 Β
2289 1873 2342 1920 et
2364 1866 2681 1920 universum
2714 1879 3003 1920 commune
3024 1866 3371 1921 vehementer
3395 1867 3574 1932 irruit,
3605 1877 3657 1921 et
3680 1885 3832 1936 usque

627 1951 892 2005 tissimam
922 1959 977 2004 ct
1025 1949 1426 2012 acutissimam,
1480 1959 1788 2018 suspectam
1843 1947 2048 2002 habens
2098 1960 2186 2000 se-

629 2044 843 2108 curim,
891 2040 1110 2095 nolebat
1156 2039 1411 2095 assentiri
1467 2040 1847 2095 communibus
1891 2038 2183 2104 suffragiis,

629 2150 735 2189 non
770 2133 956 2190 volens
985 2132 1055 2188 ab
1108 2132 1330 2201 antiqua
1369 2146 1464 2187 sua
1515 2132 1836 2201 resipiscere
1865 2132 2131 2187 sententia
2169 2148 2182 2184 ;

609 2234 682 2293 ,et
707 2225 942 2280 malebat
975 2223 1177 2279 involvi
1209 2237 1367 2278 emno
1406 2224 1520 2278 limi
1570 2224 1858 2285 haereseos,
1891 2239 2054 2294 quam
2092 2239 2184 2292 μοι

631 2317 732 2370 tari
764 2316 976 2370 vivifico
997 2314 1205 2370 fluento
1229 2313 1352 2385 puri
1393 2320 1447 2368 et
1493 2313 1868 2384 imperturbati
1900 2314 2186 2389 foutisldo-

628 2408 818 2462 ctrina
841 2404 1076 2461 Tarasii.
1127 2405 1230 2460 Sed
1265 2405 1396 2460 vicit
1431 2406 1505 2469 id,
1537 2406 1679 2474 quod
1704 2406 1909 2474 justum
1942 2396 2058 2460 erat
2090 2424 2102 2458 :
2135 2413 2187 2460 et

634 2498 929 2552 admissum
965 2506 1069 2562 est,
1115 2495 1258 2566 quod
1294 2510 1391 2565 pro
1438 2496 1635 2565 pietate
1672 2495 1963 2563 ferebatur,
1999 2497 2185 2552 decre-

629 2602 766 2644 tum.
790 2585 991 2643 Jubent
1030 2587 1215 2656 itaque
1255 2587 1609 2656 imperatores
1636 2587 1818 2640 statim
1849 2602 2030 2641 coram
2067 2588 2186 2642 sisti

629 2679 940 2744 Tarasium,
973 2685 1054 2738 ut,
1097 2691 1219 2747 qua:
1247 2674 1360 2731 Deo
1385 2675 1710 2753 videbantur
1754 2686 1807 2730 et
1839 2676 2048 2746 legibus
2095 2691 2187 2730 ec-

629 2767 973 2834 clesiasticis,
1001 2765 1124 2837 jura
1165 2765 1218 2822 in
1266 2779 1333 2821 eo
1375 2766 1780 2822 confirmarent.
1813 2766 1907 2820 llle
1939 2782 2064 2821 vero
2096 2767 2202 2819 atl—

564 2880 568 2884 ·
629 2870 745 2915 erat
773 2875 898 2915 cum
929 2860 1019 2930 pia
1040 2869 1102 2913 et
1136 2859 1366 2914 honesta
1402 2859 1600 2928 specie,
1637 2866 1693 2912 et
1720 2872 1856 2928 quas
1887 2872 1915 2911 a
1951 2858 2059 2911 Deo
2091 2859 2188 2908 lia-

631 2951 810 3016 bebat,
842 2950 1033 3022 gratiis
1060 2949 1434 3006 circumdatus
1463 2970 1474 3004 :
1505 2949 1646 3019 apud
1677 2963 1834 3018 quem
1865 2947 2105 3001 honestis
2136 2954 2188 3000 et

627 3044 858 3114 egregiis
883 3025 1106 3112 agentes
1137 3040 1508 3106 sermonibus,
1541 3052 1595 3096 et
1627 3050 1882 3110 tanquam
1923 3041 2034 3108 jam
2063 3054 2184 3093 cum

2268 1950 2354 2012 'ad
2383 1955 2733 2012 fundamenta
2760 1955 3056 2012 Ecclesium
3088 1957 3409 2028 periculosis
3435 1960 3656 2028 agitavit
3688 1959 3833 2012 nucu-

2285 2047 2412 2114 bus,
2445 2057 2501 2103 et
2529 2047 2727 2102 anima:
2753 2045 3098 2117 naufragium
3130 2048 3315 2104 multis
3341 2050 3678 2115 conciliavit,
3705 2051 3831 2104 nulla

2284 2147 2372 2193 est
2412 2139 2584 2201 auris,
2618 2152 2742 2207 quae
2784 2151 2894 2193 non
2943 2140 3233 2208 acceperit,
3268 2141 3481 2194 etiamsi
3519 2143 3677 2210 pauci
3717 2141 3828 2195 effu-

2287 2229 2467 2300 gerint
2487 2229 2594 2282 vim
2621 2230 2889 2298 procella}.
2919 2227 3075 2284 llunc
3096 2245 3226 2284 vero
3258 2232 3445 2287 sedare
3477 2235 3760 2298 turbinem,
3789 2246 3832 2290 et

2288 2323 2567 2367 nocturna!
2592 2330 2790 2384 pugnae
2808 2315 2936 2369 luna
2965 2331 3071 2371 non
3099 2316 3312 2373 lucente
3345 2320 3481 2376 hanc
3510 2336 3706 2390 pacare
3726 2339 3832 2390 pro.

2288 2403 2499 2470 cellam,
2551 2405 2729 2470 majus
2761 2413 2864 2471 est,
2922 2421 3088 2476 quam
3139 2416 3199 2463 ut
3233 2409 3358 2464 ullae
3389 2411 3531 2465 vires
3572 2412 3622 2464 id
3657 2416 3834 2481 queat-t

2290 2505 2570 2564 praestare.
2594 2494 2727 2560 Quis
2747 2497 2915 2562 enim,
2947 2515 3066 2568 quae
3089 2507 3195 2553 tam
3223 2499 3428 2554 nefarie
3452 2498 3701 2568 invaluit,
3725 2521 3834 2558 cou-

2288 2587 2658 2654 suetudinem,
2713 2597 2768 2644 et
2816 2598 3026 2645 natura:
3072 2592 3182 2645 vim
3229 2593 3453 2661 accepit,
3501 2606 3557 2649 et
3591 2596 3829 2649 mundum

2287 2679 2679 2748 propemodum
2711 2679 3070 2750 jurejurando
3098 2683 3275 2753 adegit
3312 2685 3576 2740 adversus
3615 2686 3830 2741 divinam

2287 2776 2630 2835 potestatem,
2661 2770 3011 2838 converterit,
3047 2779 3103 2826 et
3129 2770 3318 2827 fecerit
3353 2774 3566 2829 discere
3604 2777 3738 2846 quod
3764 2788 3832 2831 est

2287 2857 2505 2921 melius,
2552 2859 2657 2914 nisi
2708 2860 2849 2916 Deus
2891 2863 3162 2931 aspexerit
3195 2871 3249 2918 et
3287 2863 3590 2919 defenderit
3621 2878 3833 2923 vestram

2289 2947 2528 3003 divinam
2573 2954 2935 3018 potestatem?
2978 2952 3242 3018 Ecclesia,
3288 2969 3408 3024 quae
3453 2955 3741 3025 impietatis
3768 2968 3834 3026 ty-

2289 3038 2517 3093 rannide
2561 3040 2692 3095 olim
2728 3040 2831 3096 fuit
2864 3052 3025 3099 exuta
3054 3045 3258 3099 veteris
3299 3044 3512 3100 decoris
3563 3048 3832 3116 pulchritu-

629 3137 812 3200 Patre,
836 3135 903 3191 de
927 3148 993 3190 eo
1021 3134 1165 3204 quod
1196 3141 1314 3188 erat
1345 3140 1533 3203 postea
1565 3132 2030 3198 constituendum,
2055 3149 2186 3188 con-
2217 3168 2258 3224 c
2291 3131 2435 3196 dine,
2476 3133 2775 3205 lacerisque
2819 3137 3015 3204 pannis
3057 3135 3148 3191 diu
3201 3151 3324 3191 esse
3373 3137 3566 3192 induta
3598 3140 3832 3192 sustinuit

630 3229 811 3285 silium
844 3227 1120 3293 ineuntes,
1152 3226 1400 3298 usi.sunt
1421 3227 1602 3282 verbis
1631 3225 1896 3297 ejusmodi
1938 3241 1951 3277 :

699 3321 754 3376 8.
773 3317 895 3375 Non
936 3311 1192 3391 putamus
1241 3318 1410 3374 latere
1451 3328 1596 3373 tuam
1636 3314 2013 3388 prudentiam,
2047 3320 2190 3389 quod

633 3409 922 3478 praeteritis
973 3407 1311 3479 temporibus
1359 3407 1660 3463 Ecclesium
1731 3408 1929 3461 invasit
1990 3409 2194 3487 vertigo

632 3501 899 3558 latereticm
922 3499 1189 3571 caliginis,
1221 3512 1341 3569 quae
1363 3499 1536 3554 nihilo
1565 3498 1898 3555 tolerabilius
1921 3513 2038 3553 eam
2067 3512 2197 3568 0pc-

635 3594 762 3660 ruit,
819 3606 982 3663 quam
1018 3606 1157 3648 nova
1204 3591 1359 3663 plaga
1400 3591 1739 3663 Egyptiaea,
1803 3590 2060 3656 tenebrae,
2116 3591 2198 3643 in-

610 3677 819 3756 quam,
876 3685 1216 3756 palpabiles,‘
1247 3693 1302 3740 et
1352 3699 1525 3753 usque
1554 3686 1608 3739 in
1667 3683 2020 3740 hodiernum,
2050 3681 2194 3756 diem

632 3776 813 3830 cancri
848 3790 999 3830 more
1033 3775 1206 3846 serpit
1239 3791 1336 3845 per
1365 3790 1580 3846 gregem
1612 3791 1624 3826 :
1658 3781 1710 3830 et
1755 3789 1849 3844 per
1883 3754 2195 3828 univers'um

631 3865 748 3921 fere
780 3865 1046 3920 mundum
1095 3867 1149 3920 in
1195 3867 1432 3920 animam
1463 3866 1762 3921 commovit
1799 3874 2192 3936 tempestatem.

634 3955 764 4022 Sed,
804 3956 1066 4026 quoniam
1096 3956 1241 4013 Deus
1273 3957 1535 4012 ineffabili
1582 3967 1717 4011 nutu
1754 3972 1871 4012 eam
1921 3959 2195 4027 produxit,

632 4050 751 4119 ejus
774 4049 1052 4114 ductores,
1089 4048 1183 4118 qui
1224 4063 1334 4102 non
1369 4049 1517 4117 juste
1557 4047 1763 4118 justum
1795 4050 2050 4119 persequi
2091 4060 2199 4106 sta-

635 4147 868 4204 tuerant,
895 4140 1044 4209 justo
1066 4137 1274 4209 judicio
1320 4139 1387 4193 ab
1432 4138 1664 4208 imperio
1691 4139 1892 4193 exemit
1921 4149 1974 4192 et
2003 4154 2031 4193 a
2064 4138 2194 4205 vita,

635 4244 686 4285 ct
713 4241 968 4299 tanquam
1002 4230 1306 4300 lampadem
1332 4230 1713 4299 prmlucentem
1740 4239 1981 4284 nostram
2008 4244 2198 4283 accen-

635 4322 712 4374 dit
745 4321 1065 4389 potentiam,
1113 4330 1170 4373 ut
1221 4321 1372 4372 mala:
1419 4319 1691 4388 opinionis
1731 4319 2017 4388 abigantus
2053 4328 2199 4372 tene-

636 4416 780 4476 bras,
816 4421 868 4464 et
901 4410 1168 4465 faciamus
1211 4411 1410 4464 exoriri
1456 4411 1626 4463 solem
1675 4409 2038 4476 cognitionis;
2076 4423 2199 4463 ecce

2295 3233 2509 3292 propter
2539 3226 2715 3294 putria
2747 3233 2800 3280 et
2829 3226 3094 3281 imbecilla
3134 3227 3386 3298 dogmata
3426 3229 3674 3293 haeresis,
3709 3245 3830 3283 nunc

2295 3329 2322 3369 a
2353 3313 2462 3369 Deo
2496 3315 2650 3370 vobis
2672 3324 2897 3371 ornetur
2924 3316 3030 3387 piis
3059 3317 3434 3388 varietatibus.
3472 3318 3576 3373 Per
3603 3335 3695 3374 vos
3721 3334 3831 3388 ergo

2298 3415 2622 3460 renoventur
2657 3406 2906 3460 mandata
2935 3409 3328 3478 apostolorum,
3355 3424 3450 3478 per
3493 3425 3618 3480 qua:
3645 3410 3833 3464 refulsit

2296 3497 2550 3566 splendor
2579 3511 2719 3550 vera!
2764 3495 2908 3551 fidei.
2963 3497 3248 3568 Rcspirent
3298 3514 3576 3555 sacrarum
3623 3501 3830 3569 synodo-

2295 3605 2415 3644 rum
2448 3605 2584 3660 pura
2623 3591 2860 3653 decreta,
2885 3606 3005 3660 quae
3043 3591 3377 3662 evangelicis
3425 3600 3711 3646 servantur
3741 3602 3831 3644 tra-

2296 3663 2620 3746 ditionibus,
2662 3696 2763 3736 nec
2808 3683 3085 3736 sustinent
3137 3683 3502 3745 inraelernum
3543 3683 3653 3738 ullo
3697 3686 3832 3734 modo

2298 3785 2458 3848 posse
2510 3770 2730 3840 surripi.
2788 3772 3116 3841 Aperiantur
3175 3772 3440 3825 vestibula
3501 3771 3829 3847 patefnormn

2297 3864 2635 3932 dogmatum,
2670 3871 2725 3916 et
2752 3862 2957 3917 Christi
2988 3862 3255 3936 pecudum
3288 3865 3341 3916 in
3366 3863 3446 3918 eis
3473 3879 3664 3931 greges
3689 3873 3832 3917 trans-

2297 3965 2444 4019 cant,
2494 3963 2833 4025 ettanquam
2865 3970 2928 4008 ex
2987 3955 3171 4010 divino
3208 3955 3457 4024 paradiso
3495 3957 3832 4010 confiteantur

2298 4044 2600 4099 doctrinam
2637 4053 2796 4098 rectae
2821 4043 3203 4099 confessionis.
3231 4045 3332 4100 Per
3369 4044 3715 4114 Caiphaicum
3741 4046 3831 4113 (l5)

2299 4139 2442 4192 enim
2475 4137 2763 4192 concilium
2799 4135 2940 4191 facta
2970 4145 3052 4192 est
3086 4138 3296 4191 abortio
3326 4137 3465 4192 fetus
3490 4138 3724 4192 haeresis.
3750 4141 3833 4192 Per

2299 4229 2691 4283 meumenieam
2745 4229 3009 4298 synodum
3059 4239 3354 4284 nascantur
3388 4229 3480 4282 filii
3513 4223 3772 4286 Ecclesia.
3792 4241 3832 4281 et

2298 4319 2364 4372 ad
2393 4333 2699 4371 mensuram
2733 4321 2907 4372 aetatis
2933 4318 3132 4372 Christi
3158 4319 3552 4372 incrementum
3570 4320 3830 4387 accipiant.

2301 4410 2433 4463 Nam
2457 4411 2500 4466 si
2531 4414 2634 4466 hoc
2667 4413 2864 4465 factum
2893 4393 3079 4475 fuerit,
3104 4420 3157 4464 et
3187 4394 3406 4480 antiqua
3435 4426 3497 4464 ac
3527 4412 3694 4479 prima
3721 4412 3831 4461 ami-

635 4514 687 4557 te
717 4517 1010 4559 evocamus
1056 4500 1398 4565 defensorem
1450 4509 1504 4553 ct
1531 4507 2004 4569 propugnatorem.
2045 4508 2097 4552 et
2128 4499 2192 4552 ad
2226 4504 2272 4558 Ι)
2298 4509 2418 4554 ctus
2456 4482 2719 4569 dignitate
2773 4498 2936 4553 fuerit
2979 4499 3254 4561 decorata.
3309 4509 3362 4553 et
3412 4515 3554 4554 verae
3593 4499 3830 4569 Opinionis

639 4599 737 4648 hoc
767 4604 1040 4648 certamen
1073 4591 1396 4660 adjutorcm,
1429 4590 1596 4659 utqui
1629 4591 1869 4644 sciamus
1890 4597 1945 4642 te
1976 4589 2199 4656 pulchre

638 4701 793 4754 posse
831 4683 1031 4738 armari
1084 4683 1150 4736 ad
1208 4692 1409 4739 rectam
1463 4680 1713 4735 tuendam
1751 4679 2100 4742 sententiam,
2147 4688 2199 4732 et

635 4789 837 4832 structa
869 4794 930 4831 ex
969 4777 1230 4830 divinitus
1267 4775 1547 4844 inSpiratis
1581 4774 1881 4843 Scripturis
1927 4774 2062 4836 acie,
2101 4774 2198 4841 pro

635 4888 696 4927 ea
734 4852 1027 4942 confligere
1056 4879 1108 4923 et
1159 4878 1208 4922 te
1260 4868 1513 4937 prirclare
1546 4881 1747 4935 gerere.
1779 4863 1856 4919 Ne
1891 4874 2196 4935 ergo‘terga

635 4974 816 5017 vertas
848 4963 917 5016 ob
957 4977 1042 5026 ea,
1089 4977 1208 5031 qua!
1241 4959 1324 5029 pie
1386 4974 1415 5012 a
1453 4957 1608 5011 nobis
1654 4967 2048 5026 pr0ponuntur,
2104 4956 2196 5024 qui

636 5041 932 5110 mundanis
961 5055 1153 5122 Opibus
1183 5062 1231 5106 et
1261 5051 1431 5121 c0piis
1456 5049 1739 5105 studemus
1779 5063 2066 5117 procurare
2105 5063 2199 5117 pa-

637 5151 716 5202 cis
761 5147 1100 5200 utilitatem:
1147 5144 1277 5212 quin
1327 5143 1487 5196 etiam
1555 5141 1780 5209 pedibus
1836 5150 1889 5193 ct
1944 5141 2195 5193 manibus

636 5255 791 5309 opem
825 5238 986 5301 ferre,
1023 5246 1075 5290 et
1109 5250 1325 5290 omnem
1376 5248 1592 5286 movere
1626 5232 1876 5300 lapidem,
1910 5241 1968 5285 ut
1997 5231 2194 5285 dicitur

635 5333 687 5384 in
722 5321 1051 5393 Proverbiis,
1083 5339 1139 5380 nt
1171 5325 1476 5378 inveniatur
1507 5325 1650 5392 quod
1696 5322 1978 5391 quaeritur,
2009 5329 2061 5376 et
2104 5337 2197 5389 ap-

710 5507 819 5574 tlii)
862 5502 983 5555 llmc
1017 5510 1097 5556 est
1145 5491 2100 5574 pseudosytnnlus“ConstantinOpoli
2145 5502 2195 5554 in

640 5567 844 5644 palatio
888 5574 1080 5625 [luerim
1114 5567 1181 5623 ab
1227 5567 2200 5644 imperatore“Constantino_t;opro-

647 5639 806 5718 iiymo
833 5652 1183 5718 it-ojigregata,
1222 5656 1364 5692 anno
1395 5640 1599 5704 imperii
1659 5642 1744 5718 lii,
1796 5639 2103 5718 ltnlietione
2141 5644 2191 5704 7,

647 5708 844 5770 fl'lnisti
890 5708 1011 5772 751,
1044 5708 1354 5778 'ltahtlaque
1384 5724 1410 5759 a
1442 5720 1636 5777 quarto
1687 5711 1789 5764 dus
1851 5708 2194 5773 Fclmtarias,

641 5790 706 5840 ad
754 5796 960 5840 sextum
1003 5783 1123 5836 ldus
1172 5781 1482 5849 Augustas:
1527 5780 1671 5836 nulla
1722 5791 1984 5848 praesente
2017 5795 2078 5834 cz;
2107 5796 2196 5834 ca-

2301 4593 2424 4662 pius
2452 4592 2768 4662 dogmatum
2801 4590 3018 4645 Lucifer
3048 4601 3228 4647 vestro
3263 4593 3440 4646 studio
3470 4605 3590 4646 eam
3626 4591 3830 4644 illustra-

2302 4685 2456 4746 verit,
2512 4684 2728 4737 habebit
2780 4696 2968 4737 omnes
3019 4683 3201 4738 ﬁdeles
3257 4684 3307 4737 in
3357 4684 3541 4738 eadem
3597 4682 3828 4738 scicntia

2269 4773 2702 4846 convenientes,
2746 4781 2798 4826 et
2829 4787 2952 4827 suas
3001 4773 3210 4850 attimas
3258 4774 3664 4844 profundentes,
3703 4784 3752 4826 ut
3779 4790 3826 4821 ra

2301 4867 2564 4920 stabiliter
2625 4865 2869 4929 fundata,
2922 4875 3273 4930 conservetur
3321 4883 3484 4937 supra
3526 4870 3726 4920 firmam
3755 4878 3828 4931 pc-

2301 4970 2438 5014 tram
2473 4960 2613 5013 fidei.

2373 5053 2460 5104 Nl.
2513 5051 2648 5106 Cu-n
2691 5052 2807 5106 haec
2858 5065 3037 5105 coram
3091 5051 3416 5120 imperatore
3463 5049 3652 5105 animm
3702 5034 3826 5099 utilia

2302 5144 2629 5198 declarasset
2660 5144 2934 5210 mysteria,
2971 5143 3084 5209 ipse
3113 5158 3234 5196 eum
3271 5151 3447 5211 rogat,
3492 5151 3549 5194 ut
3571 5159 3688 5193 cum
3717 5151 3826 5207 quo-

2302 5251 2408 5305 que
2452 5236 2519 5290 de
2560 5236 2645 5288 his
2690 5236 3046 5288 disserentem
3102 5233 3305 5301 audiat
3341 5233 3644 5286 communis
3682 5237 3826 5288 uetus

2303 5327 2503 5397 populi.
2546 5325 2678 5379 Nam
2731 5327 2833 5380 hoc
2880 5335 3042 5394 caput
3087 5335 3245 5378 recta:
3292 5323 3410 5377 fidei
3455 5325 3653 5376 ferebat
3699 5320 3824 5373 turba

2303 5509 2519 5562 tholieis
2575 5509 2816 5570 sedibus,
2874 5507 3116 5561 Romana
3183 5506 3424 5569 scilicet,
3487 5501 3824 5557 Antiochiam.

2301 5579 2689 5641 Alexandrina,-
2715 5578 3204 5648 llierosolymitana
3225 5594 3253 5648 _:
3290 5577 3341 5628 in
3375 5577 3824 5648 eaAe_ultus_s.1cra-

2303 5665 2418 5718 rum
2452 5639 2747 5718 imaginum
2779 5639 3066 5702 datnna'tus
3090 5659 3190 5702 est.
3225 5645 3455 5718 Legendi
3484 5639 3822 5709 Theophanes,

2304 5716 2637 5787 Nicepliorus
2669 5722 2719 5772 in
2753 5717 3023 5771 Breriurt’o
3062 5718 3314 5779 Itistoriar,
3343 5716 3574 5786 aliique.
