4016 6340
210 509 343 575 i393

207 718 512 773 adorandas
539 720 878 776 venerandas
908 721 1197 792 imagines.
1231 721 1376 778 Nutu
1422 706 1552 795 ergo
1582 722 1767 778 Eccle-

174 878 179 887 ι
208 809 302 864 sia:
329 809 434 864 hoc
461 809 638 864 facere
667 811 947 878 incitatus,
974 827 1096 868 cum
1122 812 1317 869 fuisset
1343 815 1395 868 in
1419 815 1623 886 inclyte
1662 815 1768 870 Ma-

208 913 428 968 gnaurae
456 898 567 971 (l6)
591 900 818 970 palatio,
844 902 1097 957 universa
1134 905 1442 962 confluente
1469 906 1685 962 civitate
1714 915 1766 962 et

207 989 526 1044 sacerdotali
566 991 936 1057 multitudine,
971 1008 1030 1047 se
1077 994 1296 1064 quidem
1337 997 1635 1055 excusavit.
1668 1012 1766 1050 va-

205 1079 329 1133 lidis
374 1080 755 1138 demonstrans
801 1083 1129 1148 rationibus,
1176 1085 1350 1155 qualis
1391 1093 1537 1142 esset
1583 1101 1767 1142 sacer-

110 1198 113 1202 -
203 1169 334 1226 dotii
368 1169 639 1239 professio
669 1180 723 1227 et
754 1173 1008 1242 dignitas,
1051 1184 1106 1229 et
1140 1175 1205 1230 ad
1237 1187 1496 1246 quantam
1523 1177 1767 1232 altitudi-

204 1274 326 1314 Iem
355 1271 408 1315 et
443 1262 870 1332 magnitudinem
903 1265 1098 1320 evehat
1125 1281 1273 1334 eum,
1310 1269 1402 1337 qui
1429 1269 1544 1323 vult
1575 1269 1640 1323 ad
1663 1269 1768 1324 hoc

203 1352 497 1421 procedere
533 1373 545 1407 :
580 1369 746 1422 seque
778 1371 886 1409 non
915 1370 1036 1410 esse
1079 1357 1336 1412 idoneum
1380 1359 1448 1413 ad
1494 1360 1543 1413 id
1589 1360 1765 1415 susci-

205 1442 485 1512 piendum,
548 1454 606 1498 ut
657 1445 752 1514 qui
807 1445 918 1515 jam
965 1447 1091 1501 olim
1143 1447 1309 1503 fuerit
1357 1450 1669 1520 implicatus
1713 1451 1765 1504 in

207 1535 395 1588 mundi
426 1536 808 1606 dignitatibus,
847 1547 901 1592 et
924 1538 977 1592 in
1009 1538 1174 1608 hujus
1198 1540 1319 1595 vita:
1346 1541 1519 1596 turbis
1541 1550 1596 1595 et
1620 1541 1771 1597 solli-

206 1626 542 1682 citudinibus
572 1628 866 1698 plurimum
898 1629 1198 1695 involutus,
1230 1639 1286 1685 et
1307 1633 1593 1702 mysticum
1623 1633 1770 1688 hunc

204 1728 406 1771 statum
438 1720 683 1774 nondum
709 1722 1026 1790 gustaverit.
1063 1721 1200 1776 Eum
1227 1724 1392 1787 enim,
1419 1724 1510 1792 qui
1540 1724 1605 1778 ad
1630 1726 1770 1780 hanc

204 1811 547 1864 vocationem
585 1819 642 1870 et.
685 1811 832 1866 hunc
863 1813 1090 1880 gradum
1139 1823 1415 1884 properat,
1472 1815 1659 1881 illotis,
1710 1822 1770 1870 ut

209 1898 428 1960 dicitur,
481 1886 737 1954 manibus
786 1901 893 1955 cito
942 1901 1007 1955 ad
1043 1901 1094 1955 id
1142 1903 1370 1967 insilire,
1410 1915 1464 1960 et
1502 1921 1624 1976 quas
1660 1922 1767 1962 non

207 1991 352 2058 tangi
391 2001 640 2060 possunt,
694 2002 912 2061 tangere
958 2009 1064 2047 non
1110 2005 1192 2049 est
1227 2004 1400 2050 tutum
1438 2017 1450 2052 :
1490 1999 1583 2054 sed
1619 2013 1764 2064 eum,

204 2081 295 2148 qui
336 2091 419 2135 est
452 2081 718 2136 educatus
749 2083 802 2135 in
840 2083 929 2148 iis,
967 2100 1087 2152 qua:
1114 2085 1180 2138 ad
1212 2085 1316 2140 huc
1349 2086 1768 2158 ferunt,justili-

205 2172 640 2236 cationibus,-e't
673 2173 914 2228 directus
961 2175 1288 2244 evangelicis
1316 2186 1395 2232 .et
1429 2181 1764 2249 apestolicis,

205 2271 412 2343 utpar
465 2272 565 2330 est,
626 2265 855 2321 viviticis
907 2268 1192 2332 doctrinis,
1247 2269 1313 2324 ad
1348 2270 1764 2326 discernendum

150 2376 155 2384 -
205 2355 344 2408 viam
375 2364 574 2410 rectam
611 2366 662 2412 et
690 2358 968 2413 incurvant
1003 2378 1018 2413 :
1056 2369 1114 2414 ut
1149 2361 1239 2414 illa
1270 2360 1490 2431 quidem
1515 2375 1769 2434 paStora-

205 2443 322 2498 liter
349 2447 582 2500 deducat
629 2450 692 2502 ad
742 2451 1003 2518 meliora';
1044 2454 1185 2508 hanc
1225 2463 1405 2509 autem
1442 2456 1676 2524 declinet
1717 2467 1770 2513 et

203 2536 352 2600 vi'et,
409 2540 797 2595 convenienter
839 2542 1037 2600 divinae
1097 2544 1474 2612 admonitioni,
1535 2561 1591 2602 ut
1650 2565 1770 2618 qua:

203 2629 394 2695 procul
449 2627 586 2684 ferat
623 2647 652 2685 a
708 2633 816 2687 Deo
862 2644 914 2688 et
959 2635 1077 2704 ejus
1127 2637 1627 2694 constitutionibus.
1675 2640 1768 2697 His

203 2717 422 2786 fretum,
463 2722 670 2776 traduci
705 2733 915 2793 oportet
963 2727 1028 2781 ad
1070 2729 1516 2799 magnitudinem.
1563 2730 1647 2787 Me
1673 2748 1771 2787 au—

205 2820 330 2876 tem,
391 2826 450 2870 ut
490 2818 594 2871 scit
641 2817 810 2884 Deus,
853 2822 918 2875 ad
967 2824 1070 2876 hoc
1122 2825 1526 2893 suscipiendum
1581 2843 1770 2881 mona-

203 2907 427 2960 sterium
461 2909 687 2965 invitum
717 2923 1012 2982 coegerunt
1061 2916 1439 2984 imperatores,
1487 2933 1614 2972 cum
1664 2920 1768 2974 hoc

205 2997 336 3050 mihi
377 3014 652 3069 nunquam
697 3005 932 3059 venisset
965 3005 1017 3058 in
1052 3015 1310 3073 mentem,
1362 3023 1537 3078 neque
1567 3009 1634 3064 de
1669 3011 1770 3064 hac

205 3102 441 3156 unquam
474 3093 712 3146 rectione
728 3095 1072 3164 cogitassem.
1096 3095 1377 3168 Tanquam
1427 3099 1599 3155 electo
1640 3114 1770 3170 ergo

204 3177 294 3232 Dei
342 3181 546 3250 populo
590 3193 642 3236 et
680 3185 828 3254 gregi
870 3202 1041 3240 meam
1092 3189 1439 3244 communico
1481 3190 1769 3244 conscien-

1727 519 1928 580 VITA.

209 625 478 690 militaris,
509 633 566 680 ut
593 625 682 682 cui
727 641 834 683 non
862 627 1138 684 videretur
1179 644 1300 686 esse
1326 631 1684 687 admittendus
1715 639 1768 685 et
1798 635 1842 689 A

3294 507 3426 568 1394

2471 624 2697 682 CAPUT
2742 624 2826 678 IV.

1851 736 2051 794 “Sancti
2089 737 2299 794 Tarasii
2323 739 2631 793 exercitatio
2656 739 2910 792 virtutum
2939 752 3065 806 erga
3098 750 3172 801 se,
3205 715 3424 797 clerum,

2336 823 2616 878 pauperes,
2656 807 2962 861 monachos.
3433 834 3438 840 ο

1936 897 2447 956 12.Continentiam
2469 887 2613 954 enim
2647 908 2905 968 tanquam
2936 885 3427 963 Encrateas‘filius,

1867 997 1921 1044 ct
1950 990 2044 1058 qui
2082 1005 2200 1045 eam
2249 991 2362 1060 jam
2399 990 2604 1060 pridem
2640 989 2853 1045 abunde
2883 972 3226 1054 exercuerat,
3252 994 3429 1058 usque

1868 1084 2003 1138 adeo
2032 1084 2135 1138 sibi
2174 1085 2384 1155 paravit
2411 1099 2477 1138 ex
2503 1099 2589 1150 eo,
2621 1083 2766 1153 quod
2810 1091 2955 1138 esset
2985 1075 3170 1153 paucis
3199 1081 3432 1138 conten-

1871 1183 1978 1240 tus,
2031 1186 2092 1230 ut
2131 1184 2278 1231 esset
2331 1175 2450 1246 ejus
2498 1177 2674 1231 victus
2726 1191 2754 1230 a
2810 1176 2973 1231 rebus
3014 1173 3431 1246 supervacaneis

1869 1265 2092 1320 omnino
2131 1265 2364 1331 alienus,
2409 1274 2463 1320 et
2491 1280 2599 1320 non
2635 1265 2917 1320 luxurians
2958 1279 3131 1334 usque
3171 1265 3236 1319 ad
3268 1265 3434 1318 satie-

1871 1364 2054 1409 tatem.
2092 1355 2229 1411 Vitaa
2270 1367 2452 1411 autem
2492 1372 2605 1438 suae
2633 1357 2874 1412 habenas
2910 1357 2982 1410 ita
3017 1355 3424 1414 moderabatmf.

1870 1455 1923 1501 et
1952 1447 2119 1500 animi
2149 1447 2619 1517 perturbationum
2651 1449 2917 1503 tumultus
2963 1447 3036 1502 ita
3074 1447 3427 1518 reprimebat,

1871 1547 1927 1592 ut
1957 1547 2101 1594 esset
2137 1539 2394 1594 omnibus
2444 1539 2846 1595 divinissimum
2879 1539 3155 1610 exemplar
3185 1544 3431 1610 proposi-

1868 1637 2009 1694 tum,
2057 1629 2143 1689 cui
2185 1644 2465 1701 nunquam
2517 1630 2830 1700 persuaderi
2865 1637 3096 1699 poterat,
3145 1634 3432 1684 ut‘move4

1871 1725 2027 1772 retur
2052 1718 2119 1772 ad
2154 1719 2448 1788 appetitum
2475 1719 2786 1788 voluptatis.
2828 1719 2964 1773 Cum
2997 1725 3174 1798 autem
3203 1717 3269 1773 ad
3295 1717 3432 1773 divi-

1871 1818 2065 1863 narum
2093 1806 2500 1878 Scripturarum
2524 1807 2930 1866 meditationem
2949 1808 3052 1867 sibi
3077 1811 3430 1867 domesticam

1873 1898 2156 1953 ascivissct
2182 1898 2446 1968 vigiliam,
2483 1907 2736 1954 somnum
2771 1907 2830 1952 ut
2858 1898 3102 1953 membra
3135 1899 3351 1954 solvens
3379 1909 3434 1963 et

1871 1989 2060 2044 inutile
2100 1989 2429 2044 amandabat
2471 1991 2806 2059 mancipium
2840 2007 2853 2043 :
2883 1997 2938 2044 et
2984 2003 3108 2044 cum
3155 2003 3287 2044 usus
3321 1990 3434 2042 exi-

1870 2087 2045 2148 geret,
2097 2095 2291 2134 rursus
2331 2080 2556 2150 jubebat
2595 2080 2808 2136 adesse.
2854 2079 2988 2146 Quis
3012 2080 3158 2135 enim
3202 2095 3325 2136 eum
3378 2081 3430 2132 iu

1870 2170 2012 2225 lecto
2040 2172 2467 2236 recumbentem,
2501 2181 2595 2226 aut
2628 2173 2882 2244 mollibus
2909 2173 3168 2244 stragulis
3195 2188 3432 2242 unquam

1871 2247 2006 2317 vidit
2043 2263 2396 2316 involutum?
2443 2261 2577 2329 Quis
2628 2262 2864 2318 tunicam
2917 2273 2970 2319 et
3027 2278 3220 2318 zonam
3270 2279 3434 2332 super

1871 2354 2050 2410 cubile
2078 2355 2441 2412 dimittentem
2475 2372 2714 2428 unquam
2744 2357 2952 2428 accepit
2994 2366 3044 2412 et
3084 2356 3429 2428 pra‘paravit,

1875 2453 1931 2500 ut
1963 2457 2109 2503 esset
2137 2447 2437 2518 elegantior
2459 2458 2513 2504 et
2542 2449 2905 2506 concinnior?
2931 2449 3060 2518 Quis
3096 2464 3161 2504 ex
3191 2448 3312 2519 ejus
3341 2464 3435 2519 pe-

1871 2537 2032 2592 dibus
2063 2554 2302 2608 unquam
2337 2540 2570 2594 detraxit
2597 2541 2831 2606 calceos,
2858 2549 2912 2596 et
2938 2541 3154 2612 alligata
3183 2542 3430 2611 spongia,

1874 2637 1932 2682 ut
1971 2641 2088 2682 mos
2118 2637 2221 2691 est,
2258 2629 2525 2700 laevigavit
2553 2639 2607 2685 et
2639 2631 2837 2700 poliit?
2877 2629 2982 2686 Sed
3015 2631 3131 2700 ipse
3160 2641 3277 2684 erat
3305 2632 3456 2693 sibi,-

1873 2726 1930 2772 ut
1959 2717 2178 2784 dicitur,
2213 2719 2516 2788 balneator,
2547 2729 2600 2776 et
2631 2721 2962 2778 inserviebat
3006 2722 3107 2778 sibi
3152 2723 3218 2778 ad
3273 2738 3432 2777 usuin

1872 2811 2120 2877 corporis
2153 2827 2166 2862 :
2206 2810 2260 2862 in
2294 2809 2397 2864 hoc
2435 2825 2654 2880 quoque
2685 2811 2964 2868 Christum
3001 2815 3322 2886 magistrum
3355 2815 3435 2868 di«

1873 2897 1999 2951 vino
2019 2898 2137 2952 zelo
2169 2898 2421 2966 imitans,
2457 2899 2594 2954 dixit
2627 2918 2640 2954 :
2681 2918 2700 2951 ι
2731 2899 2848 2956 Non
2877 2903 3078 2956 veniut
3114 2903 3245 2958 mihi
3277 2902 3436 2957 iniui-

1873 2999 2158 3054 straretur,
2189 2990 2281 3045 sed
2333 2999 2394 3045 ut
2425 2991 2794 3047 ministrarem
2849 2992 3071 3064 (Matth.
3100 3010 3192 3058 xx,
3239 2993 3338 3064 28)
3367 3011 3380 3049 :
3411 3014 3428 3045 ο

1871 3082 2178 3151 exemplum
2221 3083 2547 3139 humilitatis
2570 3085 2816 3156 prmbens
2847 3085 2962 3142 suis
2983 3085 3303 3158 discipulis.

1944 3174 2031 3226 15.
2082 3171 2325 3230 Habebat
2372 3185 2552 3232 autem
2587 3178 2984 3254 precationem,
3032 3187 3432 3266 qum.mentem

203 3268 357 3334 liam,
402 3279 496 3334 ,ιη’
550 3274 596 3326 εί
648 3288 735 3328 me
760 3276 914 3330 .qmic
967 3278 1204 3333 mmmo
1240 3280 1448 3334 muneri
1485 3265 1765 3336 νοιυετίῖίε
1796 3288 1838 3344 C
1872 3266 2106 3324 sublime
2141 3270 2207 3323 ad
2241 3271 2410 3325 caelos
2442 3270 2722 3336 evellebat,
2776 3283 2832 3326 et
2868 3271 2986 3326 lsoli.
3023 3269 3134 3326 Deo
3166 3265 3436 3326 reddebat

204 3361 448 3430 alligare,
503 3372 558 3417 et
611 3379 696 3418 me
744 3365 906 3435 hujus
955 3368 1144 3439 jugum
1206 3370 1390 3426 subire
1444 3373 1764 3438 statueritis,

203 3451 482 3525 traditioni
520 3454 873 3509 meumenicae
908 3455 1030 3510 fidei
1069 3471 1167 3511 vos
1192 3473 1409 3528 quoque
1435 3461 1583 3529 ipsos
1609 3461 1768 3517 incli-

204 3545 365 3611 netis,
417 3553 472 3598 et
509 3561 577 3599 ne
628 3561 722 3600 vos
759 3547 912 3616 sequi
952 3547 1132 3619 pigeat
1177 3548 1387 3617 Patres,
1424 3545 1516 3622 qui
1551 3553 1653 3621 hac
1685 3554 1768 3608 via

205 3644 330 3687 sunt
366 3634 619 3704 ingressi,
651 3646 704 3691 et
736 3653 829 3693 sex
867 3638 978 3709 (l7)
1015 3627 1220 3696 sanctis
1271 3643 1629 3698 meumenicis
1679 3660 1769 3716 sy-

205 3723 382 3798 nodis,
421 3725 591 3791 etiis,
635 3742 758 3796 quae
797 3728 880 3796 pie
921 3730 989 3782 ab
1040 3729 1174 3798 ipsis
1209 3739 1338 3784 sunt
1367 3732 1608 3796 decreta,
1640 3749 1771 3788 con-

206 3815 411 3868 sentire
449 3831 515 3870 ne
543 3821 823 3872 recusetis.
859 3819 938 3897 A_d
967 3835 1260 3889 supernam
1297 3824 1440 3876 enim
1485 3813 1771 3879 haeredita-

205 3912 308 3957 tem
365 3894 744 3963 transmittunt
781 3894 903 3975 eos,
957 3912 1050 3980 qui
1096 3913 1227 3981 ipsis
1281 3924 1490 3982 parcnt,
1532 3922 1586 3969 et
1637 3916 1772 3971 fiunt

205 4003 457 4051 auctores
489 4012 699 4067 magna:
730 4010 782 4054 et
822 4000 1148 4058 immortalis
1182 4006 1664 4062 remunerationis.

274 4088 361 4140 ll.
413 4089 549 4158 Ejus
595 4092 776 4163 itaque
826 4093 1228 4148 admonitiones
1281 4103 1541 4166 tanquam
1592 4098 1769 4167 angeli

205 4191 366 4234 voces
401 4181 639 4260 admittit
670 4184 922 4253 populus,
957 4195 1009 4240 et
1041 4186 1259 4254 polliciti
1295 4201 1354 4242 se
1392 4188 1563 4241 instar
1587 4189 1768 4242 ovium

207 4283 493 4326 secuturos
523 4272 808 4329 ducentem
841 4277 1204 4344 pastoralitcr,
1229 4293 1306 4342 sc,
1330 4289 1387 4332 ut
1411 4277 1520 4333 Deo
1550 4280 1664 4333 etei
1689 4281 1767 4333 vi-

206 4364 384 4428 detur,
417 4365 471 4419 in
504 4367 760 4421 omnibus
802 4368 1078 4435 parituros
1117 4366 1477 4422 afﬁrmabant.
1516 4369 1670 4423 Tunc
1705 4369 1770 4423 de

205 4468 404 4510 caetero
467 4457 824 4532 inspiratione
855 4458 966 4527 (18)
993 4458 1309 4526 principalis
1353 4468 1406 4512 ct
1440 4459 1608 4513 divini
1644 4459 1768 4528 Spi-

208 4547 365 4612 ritus,
401 4549 750 4616 conspirante
781 4549 941 4601 etiam
977 4551 1209 4603 consilio
1257 4550 1622 4618 imperatoris,
1652 4551 1767 4606 limi

207 4639 470 4692 mundani
507 4649 708 4694 mutata
738 4639 1017 4709 dignitate,
1051 4649 1105 4694 et
1141 4649 1296 4694 tonsa
1336 4657 1490 4695 coma
1524 4643 1627 4695 ritu
1658 4643 1768 4698 clc-
1801 4625 1842 4677 θ

208 4727 326 4786 tici.
361 4729 699 4796 honestoque
736 4737 790 4780 et
819 4727 1129 4780 venerando
1159 4727 1264 4779 alio
1292 4736 1510 4795 sumpto
1539 4728 1765 4792 amictu,

205 4817 403 4870 divinis
439 4827 491 4871 et
523 4817 857 4885 spiritalibus
889 4817 1349 4880 invocationibus,
1405 4817 1544 4879 sicut
1586 4817 1766 4871 Aaron

207 4918 255 4961 ct
284 4909 535 4972 Phinees,
568 4910 793 4977 suscipit
830 4909 1142 4962 unctionem
1190 4911 1415 4964 honoris
1453 4909 1766 4964 sacerdota-

207 4998 293 5062 lis,
323 5009 378 5052 ct
406 5000 649 5052 ascendit
679 5000 743 5051 ad
781 4999 1122 5053 altitudinem
1155 5001 1424 5053 cathedrae
1451 5001 1765 5069 pastoralis,

207 5090 310 5143 luci
346 5091 520 5144 lucem
558 5090 881 5159 adjnngens,
916 5100 968 5145 ct
1009 5091 1261 5145 virtutem
1310 5108 1520 5162 augens
1555 5096 1768 5150 virtuti-

210 5182 328 5245 bus,
379 5191 433 5236 ct
486 5181 701 5235 modum
756 5183 1140 5251 superantibus
1189 5184 1524 5252 profectibus
1553 5187 1766 5254 datum,

210 5274 638 5329 sacratissimum
673 5274 934 5327 talentum
967 5276 1351 5345 multipiicans.

282 5469 393 5538 (l6)
437 5467 801 5537 Luitprandus
841 5468 932 5521 lib.
975 5466 1061 5530 Vl,
1103 5467 1174 5520 De
1207 5473 1354 5520 rebus
1395 5470 1768 5536 imperatorum

215 5551 260 5591 et
289 5555 486 5605 regum,
517 5555 633 5606 cap.
671 5541 724 5601 2,
769 5539 842 5591 ait
874 5540 979 5591 dici
1013 5557 1028 5587 ι
1062 5538 1215 5606 quasi
1245 5553 1492 5606 magnam
1527 5541 1702 5592 aulam
1739 5557 1770 5609 ρ

214 5611 329 5662 loco
357 5609 385 5658 λ
419 5609 613 5674 posita,
663 5623 888 5676 esseque
935 5611 1086 5661 mira?
1132 5610 1518 5674 magnitudinis
1551 5624 1612 5662 ac
1649 5612 1769 5677 pul-

214 5679 574 5746 Clll‘illltitlliS:
613 5697 631 5727 ι
682 5687 736 5731 et
785 5678 1028 5744 pluribus
1086 5680 1248 5730 situm
1284 5686 1644 5746 ornatumque
1676 5681 1770 5731 de-

215 5749 416 5801 scribit.
446 5745 634 5802 Fuisse
669 5749 721 5801 iu
759 5747 1034 5801 llebdomo
1069 5747 1330 5801 suburbio
1359 5748 1484 5800 olim
1522 5745 1568 5800 a7
1592 5748 1770 5801 Theo-

216 5816 370 5870 dosio
396 5817 612 5886 juniore
663 5821 781 5872 urbi
830 5818 1060 5877 incluso,
1125 5817 1292 5870 docet‘
1333 5815 1524 5871 Gillius
1577 5821 1666 5869 lib.
1707 5817 1767 5870 ιν

219 5885 588 5953 Topogranhiw
616 5887 1134 5945 Constrmtinopch'os
1167 5901 1282 5954 cap.
1319 5886 1370 5951 4,
1412 5888 1662 5956 additque
1705 5889 1769 5940 ab

1873 3358 2223 3429 familiarem,
2255 3370 2311 3416 et
2350 3361 2716 3432 conjungebat
2763 3363 3117 3432 incorporeis,
3149 3372 3202 3417 et
3248 3362 3485 3431 expel-w

1870 3450 2016 3506 lebat
2065 3467 2279 3507 omnem
2337 3453 2731 3518 tentationem,
2781 3455 3164 3508 convenienter
3219 3453 3431 3509 Domini

1869 3543 2109 3612 eloquio.
2135 3542 2350 3597 Nullum
2376 3543 2520 3598 enim
2545 3553 2662 3598 erat
2685 3553 2916 3614 tempus,
2934 3559 3050 3615 quo
3072 3559 3179 3599 non
3207 3544 3436 3600 habebat

1871 3632 2046 3688 soium
2072 3647 2195 3686 eum
2226 3648 2364 3704 genu
2395 3618 2699 3690 flectentem
2724 3645 2778 3691 et
2803 3643 3136 3708 surgentem,
3162 3646 3216 3692 et
3242 3651 3434 3692 manus

1872 3721 1940 3776 ad
1984 3723 2154 3779 caelos
2201 3725 2571 3795 extollentem,
2620 3734 2676 3782 et
2719 3742 2954 3798 superne
3009 3728 3362 3799 accipientem
3403 3743 3432 3781 a

1873 3813 1985 3871 Deo
2021 3816 2501 3874 illuminationem.
2543 3818 2918 3875 Humilitatem
2951 3835 3111 3888 vero,
3147 3830 3208 3875 ut
3239 3835 3359 3890 quae
3384 3823 3431 3875 ei

1872 3922 1903 3961 a
1933 3922 2103 3976 puero
2132 3908 2308 3963 fuerat
2339 3908 2646 3977 familiaris,
2676 3912 2744 3964 ita
2771 3921 2851 3966 est
2875 3911 3211 3981 complexus,
3244 3922 3301 3964 ut
3329 3928 3434 3965 non

1874 4000 2050 4054 solum
2085 4014 2149 4055 ea
2195 4001 2247 4054 in
2285 4001 2404 4070 ipso
2447 4003 2878 4073 conspiceretur,
2926 4012 2980 4058 et
3031 4017 3097 4058 ex
3123 4017 3187 4059 ea
3222 4002 3434 4057 laudem

1871 4099 2261 4161 assequeretur
2294 4110 2306 4144 :
2340 4093 2433 4146 sed
2483 4093 2648 4146 etiam
2709 4093 2967 4147 transiret
3015 4094 3081 4148 ad
3137 4092 3294 4155 alios,
3344 4093 3434 4160 qui

1871 4182 2124 4252 exemplo
2165 4197 2269 4237 suo
2314 4181 2766 4238 informabantur.
2817 4182 2999 4239 Multis
3044 4185 3188 4237 enim
3233 4199 3297 4237 ex
3348 4184 3414 4236 iis

1872 4273 1965 4342 qui
1999 4281 2174 4326 erant»
2205 4273 2361 4328 relati
2400 4275 2455 4328 in
2487 4289 2772 4329 numerum
2802 4275 3147 4337 clericorum,
3193 4274 3282 4342 qui
3308 4289 3435 4327 suos.

1872 4365 2086 4419 lumbos
2118 4366 2271 4420 zonis
2304 4365 2596 4436 cingebant
2634 4367 2834 4430 aureis,
2872 4373 2933 4420 et
2957 4365 3132 4420 ornati
3163 4373 3318 4418 erant
3344 4379 3436 4414 va—

1871 4454 1971 4509 riis
2015 4464 2070 4509 et
2107 4456 2360 4526 pretiosis
2411 4458 2656 4513 vestibus
2693 4458 2939 4521 sericeis,
2982 4471 3174 4511 aurum
3210 4458 3427 4526 quidem

1875 4545 2116 4611 ademit;
2173 4545 2302 4602 fecit
2348 4557 2532 4602 autem
2582 4548 2897 4617 succingere
2953 4547 3166 4600 lumbos
3204 4548 3438 4616 cingulis

1873 4639 2142 4694 contextis
2169 4654 2233 4693 ex
2277 4629 2403 4708 pilis
2433 4654 2740 4709 caprarum.
2775 4639 2844 4694 lis
2871 4641 3142 4709 vero,.qui
3190 4641 3286 4694 toti
3317 4655 3439 4694 cur-

1871 4731 1990 4798 pori
2021 4745 2083 4785 ex
2106 4729 2295 4784 iisdem
2335 4731 2436 4785 ﬁlis
2457 4745 2756 4800 purpureas
2784 4739 2961 4785 vestes
2993 4729 3262 4784 habebant
3303 4744 3436 4799 cuu-

1873 4827 2088 4885 textas,
2145 4819 2416 4889 excogitat
2475 4820 2687 4875 tunicas
2736 4828 2976 4874 remotas
3034 4834 3061 4874 a
3116 4821 3434 4876 curiositate

1871 4910 2042 4966 nimii
2077 4919 2130 4964 et
2161 4911 2394 4972 deliciis,
2432 4920 2490 4964 ut
2517 4927 2636 4979 quae
2661 4921 2844 4966 essent
2880 4912 3105 4967 vestitus
3152 4911 3432 4971 honestus,

1874 5010 1929 5055 et
1973 5002 2328 5055 convenirent
2369 5001 2458 5064 iis,
2507 5003 2598 5070 qui
2637 4999 2746 5054 Deo
2789 5001 2994 5055 servire
3028 5008 3353 5062 Statuerunt,
3387 5016 3439 5059 et

1873 5094 2195 5161 profitentur
2235 5091 2624 5144 humilitatem.
2661 5091 2738 5150 Ex
2771 5105 2877 5160 quo
2928 5091 3057 5159 quid
3094 5090 3435 5146 evenit2'l1t

1875 5184 2150 5237 tolleretur
2190 5183 2432 5252 quidem,
2466 5180 2728 5251 quidquid
2781 5181 2966 5234 damni
3018 5197 3080 5235 ex
3123 5196 3188 5236 eo
3243 5197 3437 5236 nascc-

1872 5274 2064 5336 iiiillll‘;
2099 5273 2461 5326 houorarctur
2495 5278 2675 5326 autem
2711 5271 3014 5340 frugalitas,
3057 5280 3115 5324 ut
3142 5273 3436 5327 thesaurus

1874 5472 2148 5542 aliquibus
2197 5473 2267 5524 ita
2300 5452 2428 5535 dici,
2481 5471 2624 5539 quod
2660 5468 2981 5548 Anastasius
3038 5469 3159 5525 istic
3209 5472 3431 5540 perierit

1873 5557 2066 5610 magna
2097 5557 2229 5595 aura
2266 5549 2642 5608 tempestatum
2679 5547 2999 5610 exstinctus.

1945 5608 2055 5678 (Π)
2099 5610 2221 5665 Haec
2257 5620 2384 5664 sunt
2434 5610 2643 5664 Nicmna
2679 5608 2717 5667 I.
2752 5608 3348 5677 Constantinopolitano
3387 5611 3424 5672 Ι,

1874 5681 2192 5802 Εριίἳῄηῖή
2275 5679 2778 5743 Οιιαιοθάοηεηςὶδ,
2872 5678 3426 5748 Constantinopolita-

1874 5766 1940 5802 na
2045 5759 2099 5802 et
2191 5761 2211 5800 ‘.

1974 5752 2018 5802 If
2045 5759 2099 5802 el
2127 5752 2211 5802 lll‘.

1874 5766 2053 5899 ".308)
2099 5818 2246 5939 Haqc
2275 5819 2555 5897 indicant,
2605 5834 2724 5887 qum
2768 5818 2918 5873 ineo
2957 5818 3234 5872 eluxerunt
3276 5820 3428 5886 signa

1875 5906 1968 5939 \‘tl'l
2009 5900 2192 5939 :Inustt)
2222 5906 2307 5939 ξω.

1875 5906 1968 5942 \‘tl'l
2009 5900 2307 5957 upustolwr.

2315 6003 2346 6040 λ
