4016 6340
636 358 799 424 ‘1395

1697 380 1756 436 S.
1788 380 2094 442 TARASII
2124 383 2626 445 PATRIARCILE
2659 388 2766 453 (ΖΡ.

3716 398 3832 469 1396

661 471 933 557 quispiam.
960 462 1398 543 pretiosissimum
1445 481 1762 539 Castitatem
1802 504 1956 549 vero,
2001 500 2055 543 et
2085 505 2205 560 qua:
2236 499 2275 552 Α
2311 494 2596 547 vocabatur
2628 494 2770 550 Estia
2806 496 2934 566 (2|),
2972 502 3236 557 veniebah
3284 503 3397 559 Illic
3444 505 3589 559 enim
3631 509 3832 576 parabat

659 576 783 615 cum
814 577 889 617 ea
911 563 1073 619 simul
1108 567 1270 637 degit,
1300 573 1735 640 temperantiam,
1767 588 1821 631 ut
1853 592 1972 647 quae
2001 581 2202 635 sancti-

574 648 581 660 ‘
656 651 960 708 ﬁcationem
1019 657 1408 725 conciliarent,
1454 665 1760 737 appellavit
1814 683 2072 726 sorores:
2108 687 2202 742 per

557 799 560 802 ,
653 756 818 810 quas,
863 759 984 817 qua
1023 763 1242 805 carnem
1272 752 1506 816 invadit.
1555 758 1828 814 sordidam
1857 769 1908 814 et
1942 762 2202 817 adulteri-

652 847 787 889 nam
810 834 1185 896 exterminans
1219 843 1598 913 cogitationem
1623 857 1685 901 .et
1724 848 2032 917 ignominia:
2070 853 2201 908 δίτο-

651 925 859 1003 ctiones
889 927 1223 999 depopulans
1247 973 1261 997 ,
1316 949 1346 988 a
1389 934 1494 988 Deo
1530 934 1631 991 fuit
1667 938 1949 997 redimitus
1980 943 2199 998 victrice

648 1026 863 1093 cornua.
883 1017 1333 1088 impatibilitatis.

714 1096 819 1159 ﬂ;
856 1104 1395 1168 Commiscrationcm
1446 1125 1623 1170 autem
1669 1130 1718 1173 ct
1768 1120 2092 1177 ditissimam
2144 1124 2195 1178 in

652 1211 909 1267 pauperes
943 1201 1363 1259 misericordiam
1394 1215 1501 1260 tam
1530 1208 1792 1275 hilariter,
1827 1220 1886 1266 ut
1917 1211 2008 1267 ille
2039 1214 2193 1279 dixit,

552 1338 555 1341 .
649 1286 929 1356 impertiit,
959 1299 1033 1344 .ut
1075 1305 1357 1369 superaret
1390 1311 1600 1361 omnes,
1641 1301 1730 1368 qui
1782 1303 2197 1371 suppeditabant

590 1371 596 1376 ’
646 1379 991 1447 pauperibus,
1037 1391 1094 1437 et
1135 1382 1285 1439 ﬁeret
1319 1402 1489 1442 novus
1535 1386 1752 1459 Ioseph,
1780 1390 1914 1448 dans
1958 1392 2195 1448 frumen-

645 1476 761 1522 tum
792 1470 1107 1540 egeutibus-
1128 1471 1419 1552 suaecuim
1452 1493 1651 1534 mensae
1685 1480 1908 1536 obsonia
1934 1482 1985 1535 in
2022 1481 2193 1538 frusta

599 1563 603 1567 ’
641 1561 1043 1629 comminucns,
1089 1566 1155 1620 ad
1194 1568 1548 1638 accipiendos
1588 1576 1829 1642 eos,‘qoi
1861 1575 2188 1641 esui-iebant,

642 1648 696 1720 in
738 1651 853 1719 dies
895 1654 974 1708 eis
1004 1657 1227 1723 parabat
1254 1661 1581 1715 convivium.
1617 1664 1841 1720 Abunde
1874 1676 2051 1721 autem
2084 1668 2188 1721 hu.-

634 1742 726 1809 jus
757 1743 832 1797 rei
861 1730 989 1799 sunt
1014 1755 1200 1822 testes
1244 1766 1414 1819 usque
1459 1752 1510 1804 ia
1546 1753 1865 1810 hodiernum
1900 1756 2064 1821 diem,
2099 1759 2190 1813 dc-

2303 582 2583 649 cgentibus
2635 584 2947 651 maximum,
3002 605 3110 659 quo
3163 592 3556 663 acciperentur,
3610 597 3829 666 epulum.

2302 673 2451 736 Quos
2489 687 2610 727 cum
2663 673 2880 730 fecisset
2912 680 3241 745 recumbere,
3284 683 3578 752 incipiebat
3612 685 3721 753 ipse
3747 702 3833 740 uu-

2305 762 2567 843 uistrare,
2587 764 2771 818 vinum
2805 765 3085 825 effundens
3111 785 3177 825 ex
3208 783 3432 838 cratere,
3470 784 3525 829 et
3566 786 3743 843 potum
3764 780 3832 831 eis

2301 842 2652 905 distribuens.
2692 851 2896 908 Deinde
2933 869 3056 911 cum
3086 858 3187 914 hoc
3226 875 3422 916 munus
3452 842 3701 926 obiisset,
3737 865 3832 919 ibat

2304 940 2355 993 in
2406 939 2626 995 domum
2683 958 2835 998 suam
2891 947 3323 1014 patriarchicam.
3384 966 3493 1007 non
3542 955 3829 1024 aliquorum

2303 1028 2676 1091 ltittnulorum,
2711 1042 2768 1084 ιιι
2794 1032 2922 1086 dicit
2951 1032 3153 1098 fabula,
3183 1039 3431 1096 medullis
3460 1057 3520 1097 se
3568 1045 3797 1098 nutriens
3816 1086 3829 1109 ,

2301 1134 2474 1188 neque
2518 1135 2701 1176 mensa
2752 1122 3048 1193 Sybaritica
3096 1127 3204 1197 (22)
3258 1132 3556 1201 excipiens,
3605 1151 3703 1190 nec
3727 1152 3833 1205 qua:

2299 1221 2538 1265 ventrem
2573 1212 2787 1268 titillant
2819 1223 2873 1269 et
2913 1218 3250 1288 im‘pinguaut
3292 1223 3550 1289 bellariis,
3607 1227 3699 1280 sed
3740 1226 3832 1280 fru-

2297 1298 2507 1370 galibus
2534 1305 2797 1367 obsoniis,
2826 1316 2879 1360 et
2900 1323 3016 1375 qua:
3039 1325 3144 1363 non
3174 1314 3488 1380 spectabant
3511 1316 3576 1370 ad
3605 1317 3828 1384 delicias,

2297 1408 2356 1447 se
2389 1394 2654 1449 reﬁciens.
2717 1398 2851 1462 Quis
2895 1399 2959 1452 ad
3002 1410 3206 1456 tantam
3251 1403 3568 1461 humilitatis
3617 1409 3832 1463 altitudi-

2292 1498 2416 1541 nem
2447 1496 2778 1541 memoratur
2807 1485 2975 1542 fuisse
3011 1499 3222 1545 erectus
3250 1507 3312 1546 es
3353 1492 3442 1560 iis,
3473 1497 3567 1562 qui
3609 1500 3828 1566 normam

2296 1575 2551 1630 fuerunt?
2593 1577 2724 1642 Quis
2754 1578 3135 1635 demissionem
3164 1582 3363 1637 Christi
3394 1585 3473 1640 sic
3499 1596 3585 1642 cst
3609 1588 3831 1644 imitatus

2295 1664 2544 1734 (Philipp.
2587 1684 2647 1730 lt,
2694 1670 2769 1735 7),
2807 1670 2900 1740 qui
2943 1675 3149 1741 paterni
3204 1677 3355 1729 sinus
3401 1690 3508 1734 ttnu
3573 1678 3831 1733 exinanita

2296 1757 2681 1825 magnitudine,
2732 1769 2929 1814 nostrm
2954 1764 3282 1831 paupertatis
3307 1765 3470 1818 subiit
3509 1767 3761 1835 speciem,
3786 1779 3830 1823 et

640 1833 788 1887 tinita
839 1826 1172 1906 receptacula
1204 1855 1390 1895 eorum
1437 1859 1620 1909 causa,
1653 1846 1744 1915 qui
1780 1846 2013 1915 hospitio
2048 1840 2190 1903 aeci-
2228 1835 2264 1887 Β
2297 1845 2654 1900 ministrando
2683 1836 2881 1904 docens
2912 1852 2978 1905 ad
3027 1853 3222 1915 coelum
3265 1855 3500 1920 evolare,
3552 1855 3677 1909 fecit
3714 1871 3830 1910 con-

640 1925 942 1994 piebantur,
973 1938 1027 1983 et
1057 1944 1354 2000 pauperum
1395 1941 1703 1988 nostrorum
1735 1933 1984 1992 fratrum.
2022 1938 2162 2006 Quin

636 2016 796 2071 etiam
839 2034 1148 2074 mansuram
1178 2014 1442 2091 pecuniae
1471 2025 1741 2080 datiouem
1770 2028 1891 2082 aliis
1920 2029 2006 2098 pie
2036 2033 2190 2084 attri-

634 2106 774 2171 buit,
810 2109 862 2162 in
896 2112 1254 2181 pugillaribus
1290 2132 1481 2170 nomen
1525 2104 1953 2189 uniuscujusque
1986 2122 2189 2194 signiﬁ-

635 2212 787 2252 cans.
841 2199 1215 2266 Quotidiauam
1272 2219 1448 2262 autem
1499 2208 1956 2279 distributionem,
2024 2227 2185 2281 quam

618 2297 926 2346 manusua
960 2296 1173 2365 propria
1208 2298 1259 2350 in
1296 2314 1486 2354 manus
1512 2315 1806 2369 pauperum
1841 2302 2183 2372 immitti-bat,

634 2380 759 2448 quis
791 2382 1138 2438 ratiocinator
1166 2386 1444 2444 dimensus
1480 2388 1642 2443 fuerit
1685 2388 2023 2461 Diophantus
2052 2393 2181 2463 (l9),

635 2480 727 2525 attt
770 2473 1131 2541 multiplicans
1159 2482 1459 2534 numerarit
1501 2480 1863 2539 Nicomachus
1900 2484 2032 2554 (‘20),
2067 2500 2186 2555 quae

633 2573 749 2617 erat
792 2562 953 2639 arena
992 2569 1285 2639 copiosior,
1321 2582 1381 2641 et
1407 2588 1701 2643 egenorum
1736 2584 1948 2630 ventres
1980 2577 2185 2631 reﬁcie-

634 2656 764 2709 bat?
791 2656 1007 2726 Jejunio
1028 2676 1178 2726 vero,
1208 2665 1351 2732 quod
1372 2675 1451 2719 est
1482 2674 1606 2720 ante
1624 2665 1825 2721 Christi
1854 2668 2181 2737 passionem,

633 2761 882 2817 magnam
904 2763 1123 2821 erogare
1151 2751 1487 2823 largitionem
1520 2759 1573 2813 in
1602 2760 1828 2817 diversis
1852 2763 1983 2816 locis
2007 2770 2061 2818 et
2083 2768 2186 2819 cur.

558 2853 563 2859 ’
633 2838 861 2904 naculis,
895 2840 980 2906 iis,
1007 2845 1096 2912 qui
1123 2860 1311 2915 magna
1332 2850 1709 2916 premebantur
1735 2852 1933 2922 inopia,
1961 2852 2073 2922 ipse
2090 2868 2184 2908 ex-

630 2928 886 2999 cogitavit
917 2947 1089 3001 usque
1123 2934 1187 2988 ad
1215 2934 1412 2991 Christi
1448 2937 1618 2995 lucem
1659 2938 1930 2994 atterentis
1987 2941 2181 2996 festum

630 3018 895 3075 festorum
932 3021 1417 3083 Resurrcctiouem.
1459 3026 1520 3081 Et
1540 3029 1651 3083 otio
1683 3039 1732 3083 et
1762 3037 2000 3098 tempore
2021 3031 2182 3102 longo

628 3110 759 3165 mihi
787 3126 925 3182 opus
959 3112 1139 3180 fuerit,
1176 3126 1235 3171 ut
1276 3133 1368 3187 per
1390 3119 1630 3173 ordinem
1667 3120 1924 3175 collocem
1960 3121 2180 3176 accuhi‘

626 3211 716 3256 tus
744 3194 1096 3259 invitatorum
1123 3206 1395 3277 hospitum
1431 3218 1482 3263 et
1513 3209 1930 3280 proselytorum,
1963 3210 2181 3266 claudo-

628 3307 858 3362 rumque
903 3304 956 3349 et
984 3310 1251 3351 caecorum
1306 3309 1360 3352 et
1404 3301 1716 3354 mutilorum
1762 3301 2065 3363 ordinatam
2102 3316 2182 3357 se-

625 3398 800 3453 quens
831 3389 1287 3457 consequentiam,
1323 3401 1375 3443 et
1427 3392 1654 3459 posteris
1706 3389 1822 3444 dem
1872 3391 2177 3460 exemplum

624 3477 865 3532 muniﬁci
893 3495 957 3532 ac
987 3480 1224 3535 liberalis
1251 3482 1501 3537 instituti.

696 3589 784 3645 15.
822 3589 1057 3661 Tempus
1100 3602 1277 3649 autem
1328 3595 1560 3666 hyemis,
1598 3600 1738 3666 quod
1804 3611 1919 3655 erat
1975 3605 2179 3658 acerri-

624 3695 813 3747 mum,
853 3683 1080 3754 niveque
1124 3697 1175 3739 ct
1222 3690 1338 3758 gelu
1396 3700 1449 3743 et
1498 3692 1666 3759 glacie
1707 3701 1862 3747 terra:
1910 3692 2177 3763 vinciebat

626 3770 902 3836 intestina,
940 3784 992 3829 et
1023 3775 1108 3839 iis,
1142 3778 1229 3846 qui
1275 3780 1325 3832 in
1372 3780 1485 3849 ipsa
1529 3793 1703 3847 erant,
1742 3786 2051 3853 imponebat
2094 3787 2177 3840 in-

626 3852 741 3918 star
799 3865 1033 3931 collaris,
1083 3868 1507 3939 frigefacicntem
1541 3888 1769 3943 eamque
1796 3866 2174 3947 gravissimam

627 3956 950 4022 molestiam,
987 3961 1259 4028 quomodo
1305 3961 1356 4014 in
1398 3964 1636 4032 eos,.qui
1678 3962 1995 4031 horrebant,
2021 3978 2068 4021 et
2102 3968 2175 4021 la-

626 4047 768 4101 ceris
796 4050 988 4117 paunis
1016 4060 1166 4104 erant
1208 4051 1389 4117 obsiti,
1418 4052 1481 4106 et
1503 4054 1676 4108 solum
1718 4056 1962 4124 pudenda
1999 4067 2204 4113 conte--

626 4137 843 4209 gebant,
874 4155 1003 4194 usus
1030 4140 1515 4197 machinationibus
1543 4142 1768 4199 foventis
1802 4148 2172 4212 recreationis,

533 4251 537 4255 ν
627 4232 1004 4301 propulsavit?
1034 4231 1269 4290 Tunicas
1302 4234 1465 4302 enim,
1520 4238 1765 4306 pe‘nulas,
1813 4249 1867 4292 et
1917 4228 2174 4308 praeterea

628 4330 936 4392 tegumenta
968 4338 1036 4377 ex
1064 4325 1419 4382 crassissimis
1462 4328 1595 4382 lana:
1625 4328 1727 4383 ﬁlis
1757 4337 1811 4382 et
1852 4330 2175 4386 staminibus

623 4411 891 4483 confecta,
925 4424 978 4470 et
1008 4416 1202 4472 vellere
1225 4417 1391 4472 denso
1422 4419 1625 4488 gravia,
1658 4435 1854 4489 tnagno
1889 4421 2005 4473 auri
2047 4436 2176 4489 pon-

620 4505 749 4559 dere
770 4519 975 4573 emens,
998 4516 1051 4561 et
1080 4508 1171 4573 iis,
1196 4508 1290 4577 qui
1317 4510 1414 4563 sub
1438 4510 1527 4564 dio
1554 4511 1749 4566 misere
1776 4510 2170 4581 aﬁligebantur,
2207 4513 2248 4565 Ι)

622 4597 980 4665 distribuens,
1007 4602 1226 4656 arcebat
1260 4616 1474 4671 gravem
1508 4603 1811 4658 molestiam
1844 4603 2077 4675 frigoris.
2116 4603 2170 4657 In

600 4678 849 4746 salutari
884 4701 1065 4747 autem
1113 4694 1263 4765 prius
1307 4694 1450 4748 dicto
1489 4694 1576 4749 die
1618 4695 1925 4750 reverenda:
1971 4694 2170 4751 Christi

621 4779 1077 4849 Resurreetionis,
1096 4790 1215 4853 post
1240 4784 1434 4838 divinae
1459 4785 1679 4853 synaxis
1701 4792 1753 4838 et
1772 4786 2173 4840 communionis

624 4880 901 4943 peractum
930 4873 1269 4944 mysterium,
1302 4874 1480 4928 adhuc
1514 4878 1681 4930 sacris
1712 4876 1954 4931 vestibus
1985 4878 2171 4931 candi-

621 4964 803 5030 datus,
837 4963 901 5017 ad
936 4964 1132 5019 veteris
1162 4963 1397 5019 basilicae
1424 4964 1535 5035 jam
1567 4966 1805 5019 dirutum
1852 4965 2051 5030 locum,
2079 4966 2170 5035 qui

690 5205 800 5278 ιιςρ)
841 5206 1009 5278 ﬂujus
1038 5216 1213 5278 exstat
1252 5207 1598 5263 Aritbntctica
1630 5218 1680 5262 et
1712 5209 1960 5278 Algebra.

693 5274 804 5345 (20)
843 5273 1205 5347 Nicomachus
1235 5278 1537 5333 Gerasenus
1567 5273 1886 5347 scripsit'de
1916 5282 2171 5337 arithme-

620 5347 749 5407 tica,
778 5346 1093 5409 geometria.
1132 5346 1434 5405 harmonia.
1469 5359 1574 5402 etc.

692 5416 802 5484 (2i)
834 5415 1036 5489 scribit
1058 5416 1389 5489 Soaomentts
1415 5416 1503 5489 lib.
1557 5434 1615 5483 tt,
1652 5436 1768 5489 cap.
1813 5422 1868 5483 9.,
1909 5419 2118 5473 Ἑστίαν
2141 5438 2169 5473 a

622 5496 863 5558 tempore
877 5484 1218 5558 Constantini
1245 5487 1295 5558 in
1325 5488 1567 5558 maxime
1589 5484 1793 5544 honore
1825 5506 1852 5544 a
1877 5490 2169 5558 peregrinis

621 5567 675 5606 et.
721 5555 930 5608 civibus
964 5556 1200 5607 habitam
1260 5555 1467 5621 fuiSSc;
1528 5567 1577 5610 οἱ
1631 5555 1965 5614 Michaelich
2008 5555 2167 5613 ctiattt

621 5624 726 5678 dici
756 5626 825 5676 ob
853 5626 1023 5694 sancti
1055 5624 1355 5690 archangeli
1391 5631 1768 5694 apparitioms.
1806 5632 1903 5682 Sed
1942 5631 1983 5681 is
2022 5632 2085 5681 lo:
2109 5648 2169 5680 ης

621 5712 673 5751 ιιι
701 5694 936 5763 ltosporo
982 5692 1241 5767 Thraeico
1281 5692 1438 5767 situs,
1463 5692 1857 5767 atavigantibns
1895 5714 1954 5751 ex
2002 5699 2169 5751 Ponto

620 5765 1140 5835 tioustantitmpolim
1172 5767 1235 5819 ad
1267 5766 1505 5819 dextram
1554 5765 1791 5840 apparet,
1841 5779 1887 5823 et
1923 5770 2071 5822 abest
2104 5774 2169 5822 ab

2291 1939 2469 1996 sidere
2495 1958 2614 1996 eum
2655 1952 2876 2013 paterna
2910 1944 3222 2014 majestate?

2365 2035 2446 2087 16.
2475 2032 2572 2088 llic
2605 2036 2739 2104 ipse,
2774 2035 2866 2104 qui
2899 2052 3040 2090 num:
3067 2036 3340 2101 laudatur,
3371 2039 3587 2094 etiamsi
3636 2041 3687 2094 in
3732 2054 3839 2096 me-

2291 2126 2392 2179 diis
2425 2126 2720 2193 jactarctur
2746 2128 3087 2194 tumultibus,
3122 2143 3227 2183 non
3259 2126 3434 2185 solum
3465 2133 3670 2185 amavit
3693 2133 3830 2201 quie-

2290 2222 2396 2268 tem
2431 2226 2484 2269 et
2515 2214 2812 2279 silentium,
2853 2217 2944 2270 sed
2991 2218 3114 2272 aliis
3140 2234 3357 2288 quoque
3387 2236 3447 2274 ea
3479 2220 3682 2275 aﬁ'atlm
3713 2237 3828 2292 sup-

2289 2306 2564 2374 peditavit,
2613 2321 2706 2362 eos
2740 2324 2768 2361 a
2808 2309 3011 2362 mutulo
3058 2306 3330 2365 abducens
3363 2319 3415 2364 et
3468 2310 3577 2370 Deo
3616 2312 3830 2365 reddens

2287 2396 2605 2463 fatniliarcs,
2633 2409 2686 2451 et
2716 2398 2926 2453 virtutis
2959 2399 3192 2456 eﬁiciens
3228 2400 3388 2463 ﬁlios,
3434 2410 3492 2455 ut
3523 2402 3685 2471 hujus
3718 2417 3833 2455 saav

2286 2495 2384 2541 ctae
2411 2489 2532 2541 vitm
2559 2498 2611 2543 et
2645 2489 2975 2556 operationis
3002 2491 3210 2560 genitor
3236 2500 3289 2545 et
3317 2491 3637 2563 productior.
3671 2492 3823 2560 Hujus

2287 2586 2462 2632 autem
2496 2578 2572 2632 rei
2631 2580 2786 2634 ﬁdem
2823 2580 2951 2635 facit
3002 2584 3246 2646 omnino,
3276 2597 3339 2636 ex
3384 2584 3696 2638 hmreditate
3747 2599 3829 2635 «το-

2285 2687 2429 2733 rom,
2471 2686 2591 2741 quae
2620 2676 2686 2726 ad
2739 2672 2913 2741 ipsum
2951 2675 3066 2745 lege
3113 2676 3251 2730 dotis
3294 2691 3355 2730 cx
3402 2676 3560 2731 bonis
3602 2673 3826 2745 paternis

2286 2762 2528 2817 redibant
2576 2763 2896 2818 mdilicatum
2951 2768 3336 2823 monasterium
3377 2769 3488 2838 (‘25)
3524 2768 3579 2821 in
3625 2768 3828 2823 sinistra

2278 2867 2436 2932 parte
2477 2855 2701 2925 Bospori
2765 2848 3096 2913 Thraciiﬂln
3148 2875 3257 2929 quo
3293 2876 3415 2914 eum
3449 2862 3707 2914 arborum
3762 2872 3836 2908 ra-

2286 2943 2446 2997 tionis
2475 2943 2793 3013 participum
2822 2944 3117 3012 plantasset
3135 2960 3395 3017 generosa
3426 2945 3694 3016 germina,
3719 2959 3827 3013 mu:

2285 3034 2705 3103 pinguesccbant
2750 3034 2965 3091 ﬂuentis
3008 3038 3434 3103 exercitationis,
3476 3047 3529 3093 et
3568 3039 3827 3109 augeban-

2286 3133 2371 3176 tur
2399 3124 2637 3197 copiosis
2659 3126 3019 3184 condimentis
3049 3127 3407 3193 abstinentia},
3438 3145 3501 3184 ea
3532 3128 3665 3184 fecit
3692 3128 3828 3183 Chri-

2282 3216 2348 3269 SLi
2407 3198 2817 3284 agriculturam,
2877 3219 3205 3273 tricesimum
3244 3227 3299 3273 et.
3335 3222 3737 3291 sexagesimum
3779 3226 3827 3275 et

2279 3308 2632 3363 centesimum
2657 3309 2913 3364 virtutum
2963 3309 3195 3366 fructum
3230 3311 3457 3368 ﬁdeliter
3487 3312 3825 3396 producenda

2280 3399 2332 3453 iu
2368 3400 2651 3454 sanctitate
2702 3411 2756 3453 et
2785 3401 3014 3469 justitia,
3052 3403 3125 3457 Ex
3161 3403 3360 3471 quibus
3409 3405 3562 3459 multi
3617 3406 3683 3459 ab
3718 3405 3821 3475 ipso
3910 3439 3915 3443 -

2278 3501 2405 3544 sunt
2441 3492 2612 3545 vocati
2660 3493 2724 3544 ad
2781 3493 3097 3561 dignitatem
3140 3495 3485 3565 pastoralem,
3536 3504 3615 3560 et,
3648 3508 3704 3548 ιιι
3742 3510 3825 3563 par

2277 3592 2416 3652 erat,
2445 3593 2708 3637 ornarunt
2731 3586 3127 3653 possessionem
3151 3588 3437 3642 sacerdotii
3467 3605 3479 3637 :
3509 3589 3825 3657 fueruntque

2277 3674 2541 3728 columnae
2599 3675 2904 3732 itnmobiles
2934 3677 3054 3731 ﬁdei
3083 3678 3380 3733 catholicae.
3429 3678 3587 3743 Quod
3619 3680 3824 3748 quidem

2277 3766 2515 3819 ostendit
2576 3767 2856 3820 tenebrosa
2912 3762 3191 3824 inundatio
3268 3770 3513 3837 ltzer'esis,
3576 3772 3824 3826 adversus

2278 3870 2435 3923 quam
2481 3855 2692 3911 fortiter
2715 3868 3033 3933 pugnantes,
3064 3867 3117 3937 et
3146 3861 3339 3913 nubem
3374 3862 3674 3935 subeuntes
3708 3861 3823 3915 mul-

2280 3957 2453 3999 torum
2489 3948 2853 4016 periculorum
2901 3949 2953 4003 in
2987 3951 3448 4018 persecutionibus
3479 3961 3533 4007 et
3587 3951 3821 4006 aﬁlictio-

2279 4037 2456 4099 nibus,
2491 4046 2545 4091 et
2592 4037 2693 4092 sub
2742 4037 2831 4093 dio
2870 4040 3331 4109 perpession’ibus,
3374 4041 3440 4115 ad
3489 4042 3822 4110 splendorem

2277 4130 2499 4197 superni
2531 4127 2774 4193 luminis,
2812 4146 2930 4183 eam
2969 4132 3220 4187 fuderunt
3248 4148 3311 4186 ac
3333 4133 3743 4189 dissolverunt:
3777 4134 3821 4186 in

2276 4233 2382 4284 qua
2433 4219 2594 4270 etiam
2641 4234 2800 4272 suum
2850 4221 3124 4291 cognitum
3182 4224 3459 4278 reddidere
3490 4225 3821 4294 magistrum,

2243 4338 2248 4342 -
2279 4318 2531 4375 tanquam
2567 4322 2778 4376 semper
2807 4310 3072 4365 lucentem
3114 4310 3441 4367 Luciferum.
3476 4314 3538 4368 Et
3570 4316 3685 4371 haec
3712 4317 3823 4386 qui-

2277 4399 2396 4451 dem
2437 4406 2642 4473 postca.
2904 4454 2905 4459 η

2886 4511 3114 4570 CAPUT
3154 4515 3216 4569 ιν.

2279 4603 2517 4673 Synodus
2566 4620 2635 4657 ιιι
2707 4603 3055 4660 Olicume'nica
3107 4606 3297 4661 [Victus
3332 4609 3534 4663 habitu.
3574 4610 3822 4681 Imagines

2923 4697 3194 4750 restitutw.
3431 4762 3441 4770 _

2349 4787 2434 4839 i7.
2477 4786 2595 4855 Ipse
2638 4794 2816 4839 autem
2850 4785 3102 4854 perlectis
3154 4787 3442 4842 virtutibus
3474 4804 3604 4844 usus
3647 4798 3727 4844 est
3764 4788 3821 4842 ad

2278 4875 2607 4937 satietatem,
2635 4890 2755 4927 cum
2794 4884 3029 4929 mentem
3066 4891 3217 4929 suam
3249 4876 3463 4931 actione
3498 4880 3652 4948 prius
3679 4894 3820 4933 exer-

2276 4965 2491 5029 cuisset,
2536 4974 2594 5018 ut
2615 4966 2931 5020 ascenderet
2966 4966 3034 5020 ad
3063 4968 3599 5037 contemplationem,
3634 4979 3688 5023 et
3714 4970 3818 5037 eius

2275 5216 2427 5277 orbe,
2462 5214 2505 5267 si
2543 5211 2660 5264 navi
2688 5211 3005 5277 trajiciatur,
3030 5212 3241 5266 circiter
3273 5212 3341 5267 55
3367 5213 3575 5279 stadiis;
3608 5215 3653 5268 si
3682 5215 3819 5268 sinos

2277 5287 2586 5351 interjectus
2634 5282 2859 5349 pedibus
2893 5293 2985 5335 aut
3019 5297 3157 5350 equo
3194 5282 3578 5347 circumeatur,
3615 5295 3818 5351 ειιριιιιι-
3901 5343 3905 5346 ξ

2276 5358 2442 5422 ginta.
2473 5351 2675 5405 Forsan
2710 5352 2778 5433 ob
2813 5351 2947 5404 bella
2973 5353 3355 5433 frequentiora,
3392 5362 3451 5433 ut
3490 5354 3668 5420 populi
3701 5352 3816 5433 reli-

2275 5420 2417 5489 gioni
2463 5420 2943 5485 obsecundaretur,
2974 5437 3038 5475 ea
3084 5423 3246 5475 statio
3280 5422 3332 5476 in
3366 5428 3499 5476 urbe
3541 5426 3816 5476 constituta

2302 5513 2324 5542 ιι
2383 5533 2394 5544 .
2828 5522 2832 5531 ’

2274 5499 2286 5547 Ι
2338 5505 2454 5629 i:22!)
2499 5563 2759 5632 Sybarim:
2786 5561 2838 5614 in
2869 5558 3057 5630 magna
3086 5560 3290 5626 Grauia
3315 5560 3465 5617 luxui
3494 5566 3816 5619 habebantur

2277 5634 2497 5687 nimium
2534 5635 2715 5687 dediti.
2808 5704 2816 5710 _
2940 5703 2958 5710 _
2996 5703 3005 5710 _
3173 5702 3183 5710 _
3233 5700 3254 5710 ,
3353 5701 3383 5710 ..
3425 5702 3436 5710 .
3737 5701 3763 5710 --

2346 5705 2454 5772 (23)
2500 5705 2552 5758 In
2579 5722 2642 5757 ρο
2669 5704 2909 5772 sepultus
2938 5703 3053 5766 fuit,
3085 5713 3142 5756 ut
3173 5700 3311 5757 inira
3335 5701 3533 5759 dicitur
3558 5718 3707 5759 num.
3734 5699 3814 5757 59.
