4016 6340
665 389 802 455 1103

1702 341 1788 453 ¹8.
1837 391 2142 477 ΤΑΒΑΞΠ
2184 390 2677 453 PATRIARCHzE
2719 393 2826 453 ΕΡ.

3722 383 3847 448 illi!

734 506 823 560 24.
862 504 998 559 Cum
1026 504 1167 559 enim
1200 504 1492 559 invenisset
1530 504 1819 560 Ecclesiam
1850 506 2204 575 prmstigiato-
2233 506 2274 559 A
2302 520 2422 559 cum
2458 522 2646 578 graves
2671 514 2724 561 et
2752 504 2959 560 acerbi:
2987 504 3053 559 de
3074 519 3139 559 eo
3158 503 3489 558 haberentur
3508 500 3846 571 question“,

668 595 745 648 iis
793 605 841 649 et
879 594 1212 649 circulatoris
1258 596 1314 648 in
1350 610 1553 649 morem
1584 596 1830 673 affectam
1862 603 1916 649 et
1942 605 2208 649 errantem

669 685 724 739 in
748 684 1019 739 montibus
1040 684 1281 749 haeresis,
1303 695 1355 740 et
1377 688 1729 740 sustinentem
1754 687 1946 740 famem
1971 695 2026 740 et
2046 686 2208 750 sitim,

670 787 776 825 non
809 772 960 841 panis
985 785 1038 826 et
1076 788 1246 841 aquis,
1278 776 1369 827 sed
1412 773 1607 827 famem
1644 772 1893 826 audiendi
1925 772 2073 826 verbi
2107 771 2211 824 Do~

668 863 818 925 mini,
849 878 968 918 eam
993 863 1143 917 alens
1170 864 1226 917 in
1262 865 1475 933 pascuis
1514 866 1730 934 quietis,
1760 874 1815 919 et
1847 864 2117 919 deducens
2146 864 2212 919 ad

669 953 884 1009 semitas
909 953 1150 1023 justitim,
1187 969 1401 1024 gregem
1448 955 1575 1009 fecit
1604 954 2032 1024 pinguissimum,
2066 955 2211 1008 salu-

670 1044 874 1099 taribus
913 1044 1307 1115 pinguefactum
1341 1047 1662 1107 actionibus,
1684 1052 1740 1101 et
1764 1046 1905 1101 dulei
1930 1046 2067 1101 lacte
2091 1046 2211 1100 fidei

671 1148 845 1188 acrem
875 1136 1106 1190 hmretici
1132 1135 1378 1190 fermenti
1406 1138 1812 1192 amaritudinem
1837 1147 2209 1207 exspuentem,

668 1230 721 1276 et
749 1223 1000 1278 effectum
1030 1240 1225 1279 novam
1254 1227 1713 1295 conspersionem.
1748 1227 1811 1282 Et
1838 1229 2069 1297 primum
2088 1228 2215 1298 qui-

666 1313 788 1367 dem
812 1314 929 1383 '(50)
969 1314 1285 1371 Simoniacae
1327 1332 1596 1371 crumena:
1640 1319 1891 1373 scindens
1918 1320 2211 1386 vinculum,

669 1416 776 1468 quo
831 1411 1046 1456 sanctus
1106 1402 1336 1472 Spiritus
1392 1407 1589 1469 donum
1642 1406 1831 1461 venale
1878 1411 2213 1477 proponitur,

673 1488 878 1556 statuit,
926 1502 986 1547 ut
1032 1494 1366 1549 sacerdotum
1392 1497 1557 1567 gratis
1603 1498 1792 1571 tierent
1826 1500 2129 1556 creationes
2161 1510 2217 1556 et

671 1578 1038 1635 ordinationes
1074 1598 1087 1633 :
1120 1596 1186 1636 ex
1213 1583 1349 1637 atrio
1381 1585 1747 1641 ecclesiastico
1789 1602 2001 1641 omnem
2048 1604 2214 1657 pecu-

670 1669 896 1725 niariam
930 1673 1201 1742 expellens
1225 1677 1693 1741 consuetudinem,
1727 1686 1781 1732 et
1809 1678 2064 1748 quidquid
2099 1690 2216 1737 erat

669 1774 918 1828 asperum
945 1761 1181 1828 eiiciens,
1212 1772 1386 1817 rectas
1409 1764 1533 1818 facit
1568 1765 1785 1820 semitas
1830 1767 1972 1832 iidei,
1990 1784 2210 1837 gregem

672 1841 851 1902 multis
879 1864 1170 1918 provocans
1191 1854 1547 1913 sermonibus.
1573 1857 1624 1907 et
1644 1856 1939 1909 ascendens
1961 1857 2011 1909 in
2039 1871 2214 1911 sacra-

673 1933 939 1990 tissimum
971 1937 1274 2003 amhonem,
1316 1941 1533 2008 parabat
1570 1956 1806 1995 mensam
1838 1943 2114 2009 doctrinae,
2149 1962 2213 2001 ex

672 2023 932 2098 diti-nitus
982 2028 1253 2096 inspiratis
1299 2030 1589 2100 Scripturis
1619 2048 1818 2088 venans
1850 2037 2092 2098 obsonia,
2149 2037 2216 2090 ad

671 2113 889 2168 alendus
916 2117 1121 2181 animas
1151 2118 1318 2172 utilia.
1350 2118 1490 2184 Quin
1519 2120 1676 2173 etiam
1707 2123 1930 2189 sparsim
1962 2125 2217 2194 colligens

670 2203 876 2256 cantica
916 2204 1183 2269 Davidica,
1216 2221 1311 2274 per
1349 2208 1788 2275 perspicuitatem
1834 2219 1884 2262 et
1914 2211 2214 2266 evidentem

673 2309 849 2346 rerum
882 2295 1302 2360 distinctionem,
1334 2297 1473 2350 clare
1499 2299 1771 2365 aperiebat
1799 2314 1882 2365 ea,
1910 2315 2029 2369 qua:
2061 2302 2218 2355 intel-

673 2383 1020 2451 ligebantum:
1054 2386 1186 2439 adeo
1219 2396 1275 2439 ut
1312 2400 1491 2442 essent
1525 2389 1683 2442 veluti
1716 2389 1767 2443 in
1799 2401 2091 2460 conspectu
2130 2394 2215 2458 iis,

673 2473 764 2540 qui
792 2485 946 2527 erant
974 2475 1188 2535 lecturi.
1218 2485 1271 2531 et
1297 2462 1440 2533 recta
1476 2479 1539 2533 iis
1575 2480 1667 2549 qui
1720 2481 2001 2537 inveniunt
2033 2485 2217 2555 cogni-

677 2564 894 2618 tionem.

739 2651 825 2707 9.3.
851 2653 1000 2719 Quod
1027 2664 1204 2709 autem
1233 2659 1615 2726 propemodum
1639 2662 1979 2729 praterinisi,
2007 2671 2058 2717 et
2081 2666 2220 2734 quod

673 2743 987 2796 memoriam
1014 2744 1277 2815 effugiens
1307 2762 1411 2800 non
1445 2756 1557 2801 erat
1584 2751 1996 2818 enuntiandum,
2028 2742 2082 2807 et
2109 2765 2223 2809 erat

673 2832 970 2888 Celaturum
1003 2850 1182 2908 curam
1207 2837 1370 2891 divini
1401 2837 1588 2903 Patris,
1611 2836 1769 2906 quam
1793 2843 2005 2911 gerebat
2030 2843 2084 2895 in
2108 2859 2220 2909 eos,

673 2924 766 2992 qui
816 2925 1146 2988 laborabant,
1191 2942 1292 2993 qua
1334 2927 1449 2996 ipse
1490 2944 1581 2981 eos
1616 2929 1846 2988 levabat.
1881 2941 1936 2984 et
1963 2932 2138 3001 cujus,
2166 2942 2223 2986 ut

673 3014 886 3081 opinor,
925 3012 1024 3067 fuit
1048 3014 1159 3085 ipse
1187 3017 1394 3086 primus
1419 3019 1615 3087 opifex,
1648 3034 1767 3073 cum
1795 3021 1846 3073 in
1875 3022 2018 3075 hunc
2049 3025 2228 3100 locum

2313 612 2487 666 neque
2540 599 2590 653 ei
2628 597 2917 667 quidquam
2966 596 3184 651 daretur
3231 593 3545 654 laxamenti,
3598 593 3692 647 sed
3723 592 3851 646 allii-

2312 689 2492 743 ctione
2516 699 2569 744 et
2597 689 2838 748 cruciatu
2868 688 3015 741 omni
3054 703 3117 740 ex
3159 696 3309 756 parte
3337 678 3645 755 urgeretur,
3675 686 3851 739 detur-

2313 776 2540 829 babatur
2591 778 2644 829 in
2711 775 3036 845 profundum
3090 774 3481 845 desperationis
3531 789 3644 844 pne
3696 775 3851 827 animi

2311 867 2648 936 aegritudine.
2697 867 2747 922 Is
2783 882 2907 922 cum
2959 874 3173 922 noctem
3221 860 3565 920 observasset
3598 866 3853 934 intempe-

2310 968 2469 1020 stam,
2499 973 2591 1011 eos
2618 957 2814 1019 latens,
2843 971 3071 1026 quorum
3097 957 3353 1011 custodiae
3384 955 3562 1010 fuerat
3602 955 3848 1017 creditus,

2311 1046 2378 1102 ad
2406 1047 2586 1115 templi
2616 1048 2855 1102 divinum
2887 1062 2946 1102 se
2995 1047 3220 1101 contulit
3258 1045 3545 1117 refugium.
3577 1046 3713 1100 Cum
3760 1062 3851 1099 au-

2315 1144 2419 1188 tem
2453 1134 2641 1189 fuisset
2668 1136 2809 1189 intra
2840 1136 3015 1206 adyta,
3048 1136 3367 1190 venerandae
3414 1149 3617 1188 mensa:
3657 1135 3843 1188 mordi~

2313 1239 2407 1278 cus
2441 1226 2793 1295 apprehensis
2837 1226 3110 1291 cornibus,
3147 1241 3208 1280 ea
3255 1227 3471 1281 tenebat
3507 1240 3633 1279 cum
3670 1240 3852 1295 magno

2314 1323 2545 1369 tremore
2598 1324 2653 1369 et
2704 1316 2915 1369 timore.
2955 1315 3089 1370 Cum
3132 1330 3259 1384 ergo
3310 1330 3436 1369 eum
3486 1314 3853 1379 cognovissent

2313 1403 2602 1473 aufugisse,
2635 1414 2780 1459 metu
2811 1420 2879 1460 ne
2908 1406 3046 1460 idem
3077 1400 3320 1460 subirent
3348 1404 3693 1474 supplicium,
3719 1404 3853 1458 velo-

2314 1493 2466 1548 cibus
2517 1494 2745 1563 pedibus
2770 1504 3037 1550 venerunt
3085 1495 3151 1549 ad
3191 1494 3430 1549 divinum
3470 1493 3752 1561 templum,
3804 1501 3855 1546 et

2313 1594 2437 1635 eum
2474 1576 2795 1649 aspicientes
2841 1596 3078 1636 mensam
3127 1581 3359 1637 divinam
3418 1580 3849 1649 apprehendisse.

2314 1671 2647 1725 circumdant
2676 1672 2817 1742 adyti
2864 1672 3148 1735 ambitum,
3183 1681 3423 1740 tempore
3467 1670 3574 1724 eihi
3612 1671 3850 1724 sumendi

2313 1775 2408 1814 reo
2445 1760 2748 1828 aperientes
2798 1760 3121 1830 ingressum,
3172 1774 3279 1812 non
3313 1760 3503 1813 dantes
3558 1760 3756 1822 locum,
3802 1767 3854 1815 ut

2314 1861 2495 1921 posset
2526 1852 2599 1905 uti
2636 1851 2853 1921 reliquis
2888 1851 3204 1906 necessariis
3242 1867 3257 1903 :
3289 1851 3381 1906 sed
3422 1853 3719 1919 sperabant
3747 1851 3853 1907 fore

2317 1949 2376 2021 ut
2412 1955 2533 1994 eum
2569 1943 2813 2010 proderet
2849 1941 3161 2004 necessitas,
3216 1951 3273 1996 et
3303 1957 3426 1995 eum
3473 1943 3557 1995 vel
3590 1942 3855 1996 nolentem

2312 2031 2621 2099 expelleret.
2669 2032 3014 2086 Adhibebant
3043 2033 3221 2102 itaque
3259 2032 3512 2100 majorem
3542 2034 3852 2086 custodiam.

2313 2118 2612 2174 Prohibent
2657 2120 2812 2174 enim
2862 2119 3428 2188 omnino.iugressum
3478 2120 3546 2173 ad
3580 2133 3754 2181 aram,
3805 2127 3858 2171 ut

2316 2224 2477 2264 nemo
2521 2224 2642 2262 cum
2690 2223 2938 2262 sermone
2986 2208 3308 2277 impertiret,
3355 2219 3448 2261 aut
3495 2210 3564 2263 ad
3612 2224 3731 2273 eos,
3773 2207 3857 2278 qui

2316 2306 2469 2352 erant
2490 2305 2663 2362 extra,
2700 2296 2912 2366 aliquod
2947 2297 3170 2350 verbum
3205 2296 3275 2350 ab
3298 2311 3364 2349 eo
3389 2298 3856 2351 transmitteretur.

2384 2388 2471 2444 26.
2503 2387 2637 2443 Cum
2672 2390 2786 2443 hate
2821 2389 2980 2459 igitur
3006 2390 3281 2444 venissent
3315 2389 3380 2443 ad
3416 2404 3575 2442 aures
3605 2386 3857 2450 Pastoris,

2317 2495 2439 2534 cuin
2474 2478 2818 2546 repleverunt
2861 2479 3088 2533 maxima
3116 2480 3281 2533 animi
3313 2478 3656 2550 aegritudine,
3696 2479 3858 2549 utqui

2317 2571 2526 2623 videret
2565 2571 3024 2637 contemptionem
3052 2568 3360 2622 di\inorum
3404 2579 3857 2623 sacramentorum

2319 2673 2536 2713 movere
2584 2660 2652 2713 ad
2700 2658 3121 2727 indignationem
3164 2658 3427 2713 bonorum
3475 2659 3738 2713 datriceni
3774 2658 3857 2713 Dei

2320 2747 2729 2818 benignitatem.
2760 2744 2866 2801 Sed
2895 2746 3069 2801 videte
3099 2762 3141 2800 .a
3184 2748 3519 2802 misericordi
3551 2746 3713 2800 Patre
3738 2760 3858 2816 snp«

2320 2841 2616 2910 peditatum
2647 2851 2777 2895 tunc
2802 2841 2849 2894 ei
2877 2839 3155 2902 auxilium,
3186 2848 3241 2892 et
3263 2839 3596 2895 admiramini
3629 2839 3857 2907 pruden-

2323 2931 2472 2984 tiam.
2512 2929 2584 2984 Eo
2613 2931 2756 2985 enim
2806 2937 3075 3000 tempore,
3119 2944 3224 2998 quo
3252 2930 3534 2999 oportebat
3561 2930 3745 2983 cibum
3774 2943 3857 2981 su-

2325 3034 2472 3074 mere
2501 3035 2643 3085 eum,
2672 3020 2761 3088 qui
2786 3019 3136 3091 allligebatur,
3166 3034 3319 3073 saera
3353 3028 3497 3072 veste
3528 3033 3585 3071 se
3609 3018 3855 3082 inducas,

678 3104 935 3167 venerim,
996 3117 1246 3175 tanquam
1304 3110 1706 3164 condimentum
1767 3111 1983 3180 aliquod
2017 3121 2073 3167 et
2120 3102 2224 3191 mel
2252 3148 2292 3203 ο
2317 3105 2768 3179 proficiscebatur
2813 3111 2879 3165 ad
2921 3111 3135 3180 adytum
3170 3127 3183 3162 :
3223 3118 3277 3163 et
3308 3123 3401 3183 per
3434 3109 3712 3162 dexteram
3751 3122 3860 3176 por.

679 3192 830 3247 dulce
870 3196 1176 3251 admiscens
1207 3199 1413 3266 reliquo
1446 3201 1657 3269 corpori
1690 3201 1971 3264 orationis,
2018 3204 2223 3260 viscera

678 3285 975 3338 dementire
1005 3293 1059 3339 et
1085 3288 1461 3343 misericordia:
1494 3290 1654 3343 statui
1696 3291 1933 3347 inserere
1966 3293 2019 3347 in
2050 3296 2225 3349 cordi-

681 3372 780 3425 bus
831 3387 1035 3435 eorum,
1076 3375 1169 3443 qui
1219 3386 1344 3429 sunt
1382 3377 1593 3445 benigni
1635 3386 1690 3431 et
1738 3379 2047 3432 clementes.
2097 3377 2223 3433 Nam

680 3462 967 3531 aliquando
1000 3467 1215 3534 quidam
1248 3482 1311 3520 ex
1345 3468 1428 3525 iis.
1454 3468 1542 3536 qui
1579 3468 1835 3537 gerebant
1863 3468 2221 3538 magistratus,

681 3555 965 3623 splendore
1009 3567 1063 3611 et
1112 3559 1273 3629 gloria
1306 3568 1360 3612 et
1393 3560 1592 3613 divitiis
1626 3560 1869 3629 insignis,
1901 3561 1991 3627 qui
2042 3561 2221 3627 etiam,

681 3654 743 3698 ut
771 3645 879 3715 (5t)
909 3662 1090 3701 ensem
1120 3648 1521 3717 imperatorium
1547 3657 1798 3720 gestaret,
1829 3651 2085 3705 honorem
2113 3663 2227 3707 erat

683 3735 928 3805 adeptus,
959 3753 1056 3809 pro
1087 3755 1277 3810 magno
1299 3741 1543 3811 pecunia:
1572 3742 1810 3811 pondere
1842 3743 1997 3797 luens
2022 3759 2224 3813 paruas,

753 3877 864 3942 (50)
923 3875 1203 3930 Sincerum
1259 3876 1377 3940 ejus
1436 3877 1698 3939 animum,
1752 3892 1860 3943 quo
1914 3877 2226 3946 hujusmodi

686 3947 889 3998 crimen
924 3946 1137 4012 penitus
1180 3946 1408 3999 evellere
1434 3946 1657 4007 studuit,
1687 3947 1889 4000 indieat
1918 3947 2223 4012 conscripta

687 4015 750 4066 ad
780 4013 1070 4070 Adrianum
1103 4013 1298 4082 Papam
1332 4015 1578 4079 epistola,
1624 4031 1744 4084 quae
1778 4015 1878 4069 sub
1911 4019 2068 4068 linem
2100 4032 2225 4084 scp-

687 4085 832 4136 tima:
854 4084 1039 4150 synodi
1071 4094 1240 4136 exstat
1276 4084 1685 4138 Graeco-Latina
1702 4100 1765 4138 ex
1790 4086 2229 4151 interpretatione

689 4152 960 4221 anastasii
1015 4151 1434 4207 Bibliothecarii.
1474 4152 1528 4205 ln
1576 4168 1639 4205 ea
1692 4164 1815 4221 post
1866 4155 2027 4207 citata
2058 4170 2228 4209 sacra:

692 4218 1007 4287 Scriptnric,
1050 4221 1261 4272 Patrum
1291 4231 1341 4273 et
1367 4218 1724 4275 Concilioriiiii
1772 4223 2105 4285 testimonia,
2153 4225 2249 4277 ita.

691 4299 906 4360 perorat
940 4304 1006 4360 εὴ(
1046 4292 1134 4360 Sic
1169 4305 1267 4343 nos
1294 4290 1502 4350 docete,
1537 4291 1621 4360 yir
1642 4292 2026 4353 sacratissime,
2071 4293 2227 4360 sequi

689 4359 924 4412 divinam
958 4359 1310 4425 Scripturatn,
1335 4371 1386 4411 ct
1426 4359 1753 4428 evangelica,
1783 4362 2094 4429 apostolica,
2136 4359 2228 4413 ca-

2328 3210 2435 3254 tam
2488 3200 2824 3271 ingrediens,
2857 3213 2977 3267 qua:
3009 3198 3074 3253 ad
3119 3197 3466 3252 reficiendum
3497 3197 3671 3251 virum
3720 3206 3862 3253 erant

2325 3277 2649 3353 necessaria,
2700 3283 3095 3359 suppeditabat,
3132 3287 3345 3343 abunde
3387 3304 3453 3343 ex
3498 3303 3555 3343 se
3591 3288 3858 3343 atterens:

2327 3389 2379 3432 (οι
2409 3379 2829 3441 ἀείηάθέιιίὺίιῑ,
2858 3394 2980 3432 cum
3005 3378 3335 3457 relinquens.
3362 3377 3419 3431 Si
3454 3368 3670 3447 quando
3694 3388 3860 3433 autem

2328 3479 2531 3534 venter,
2566 3469 2650 3523 cui
2685 3470 2866 3538 negari
2898 3483 3003 3521 non
3040 3475 3231 3536 potest,
3264 3482 3387 3521 eum
3414 3477 3631 3537 cogeret
3676 3469 3861 3527 facere,

2325 3578 2445 3631 quae
2473 3570 2599 3615 sunt
2631 3559 2886 3627 requisita
2917 3565 3123 3611 naturae
3145 3599 3157 3620 ,
3189 3572 3254 3610 ex
3297 3558 3403 3612 alto
3429 3573 3612 3611 rursus
3650 3558 3863 3612 descen-

2326 3651 2478 3713 dens,
2547 3658 2601 3701 et
2656 3662 2777 3701 eum
2830 3646 2894 3699 ad
2932 3659 3203 3699 secessum
3241 3645 3514 3699 deducens
3543 3654 3609 3703 et
3648 3661 3860 3715 exspec-

2327 3747 2464 3803 tans,
2520 3748 2573 3793 et
2639 3753 2761 3792 eum
2812 3744 2997 3806 postea
3045 3750 3207 3789 manu
3252 3734 3508 3804 capiens,
3558 3735 3863 3791 restituebat

2329 3875 2379 3928 in
2420 3872 2760 3927 Theodorum
2799 3869 3194 3932 Balsamoncm,
3225 3868 3379 3937 quasi
3405 3868 3451 3923 is
3485 3870 3858 3923 acerbissimas
3910 3884 3917 3893 '

2329 3944 2581 3996 Romana:
2609 3940 2859 3994 Ecclesia:
2891 3941 3059 3995 hostis
3087 3940 3223 3993 hanc
3246 3936 3435 3992 inusta
3461 3936 3719 3990 Simonia:
3749 3948 3833 3994 not

2327 4011 2782 4077 contemptibilem
2839 4011 3060 4062 reddere
3119 4009 3388 4077 voluerit;
3436 4005 3591 4074 cuius
3665 4007 3861 4073 injurize

2328 4098 2454 4135 reus
2494 4081 2706 4151 videtur
2745 4077 3051 4151 Bonetidius
3099 4076 3305 4151 aliusve
3361 4076 3433 4129 ita
3489 4078 3859 4151 interpretatus

2327 4152 2486 4204 verba
2523 4147 2705 4202 Grieca
2739 4161 2899 4214 supra
2934 4147 3098 4200 relata
3131 4164 3144 4199 :
3185 4162 3202 4196 ι
3245 4143 3503 4199 Fraterna
3540 4143 3673 4211 ergo
3698 4155 3855 4214 vestra

2329 4217 2678 4272 sacerdotalis
2706 4215 2985 4277 sanctitas,
3038 4230 3160 4283 qua:
3213 4230 3320 4267 non
3367 4214 3747 4283 jure,‘nec-ex
3780 4213 3856 4265 Dei

2328 4289 2604 4340 voluntate
2662 4284 2968 4353 pontificale
3019 4282 3617 4353 mnnnsadministrat,
3680 4296 3855 4353 magna

2330 4357 2537 4409 laborat
2577 4350 2815 4415 infamia,
2860 4370 2878 4403 ι
2946 4368 3108 4419 quam
3167 4351 3310 4405 illius
3364 4352 3513 4404 infidi
3565 4350 3857 4419 interpretis

692 4429 901 4507 nimica.
942 4436 994 4480 et
1032 4417 1249 4507 patrari-na
1285 4417 1899 4507 prmeepia70hedinins
1930 4417 2223 4507 enirn'ver-
2259 4452 2301 4507 ο
2331 4424 2735 4507 translationem
2765 4423 2836 4507 ita
2862 4417 3498 4507 corrigitLe‘tinclavius
3519 4438 3582 4507 ελ
3612 4417 3855 4507 Eraterua

692 4498 775 4549 his
798 4498 905 4548 oris
932 4498 1113 4549 vestri.
1140 4496 1311 4563 Super
1336 4500 1543 4551 excelsa
1586 4501 1887 4551 conscende
1924 4515 1935 4550 :
1963 4499 2136 4551 exalia
2172 4498 2246 4563 in,

693 4565 1007 4636 fortitudine
1031 4580 1210 4618 vocem
1243 4574 1386 4636 tuam
1424 4585 1434 4618 :
1469 4568 1551 4619 abi
1584 4568 1635 4617 in
1669 4568 1966 4636 latitudine,
1996 4568 2222 4636 prazdica

689 4649 812 4690 .rum
857 4634 1068 4696 fiducia,
1096 4643 1153 4687 ut
1185 4633 1455 4687 auferatur
1485 4644 1536 4687 et
1566 4636 1617 4688 in
1665 4633 2007 4689 abolitionem
2050 4637 2226 4688 veniat

687 4704 960 4773 ﬁniptisitio
984 4719 1328 4771 inanus,qu;r:
1352 4722 1441 4771 per
1465 4705 1716 4773 pecunias
1736 4706 1811 4766 iit,
1841 4726 1857 4756 ι
1884 4714 1985 4760 etc.
2006 4702 2138 4758 Nam
2170 4714 2228 4757 ut

685 4768 794 4826 lsnh
829 4773 1037 4825 initium
1070 4768 1271 4833 scribit,
1302 4791 1318 4822 ι
1345 4768 1578 4826 fraterna
1612 4784 1664 4826 et
1689 4790 1902 4827 summo
1927 4775 2228 4827 sacerdotio

686 4844 944 4901 decorata
980 4846 1233 4894 sanctitas
1289 4854 1481 4901 vestra,
1526 4843 1646 4907 jure
1693 4858 1755 4895 ac
1801 4842 2098 4895 secundum
2134 4841 2226 4896 Dei

694 4911 1043 4973 coluiitamm,
1073 4911 1429 4978 pontiﬁcalem
1462 4912 1715 4963 ordinans
1744 4914 2021 4976 pietatem,
2047 4912 2231 4978 opina-

699 4981 956 5057 l‘lsilﬂli-llll
989 4980 1153 5057 habet
1183 4981 1427 5057 gloriam:
1453 5002 1468 5030 ι
1505 4982 1706 5057 (haece,
1752 4981 1810 5032 'lI
1843 4978 1934 5057 οᾷν
1968 4981 2226 5057 essent]

693 5049 848 5115 ὑμῶν
872 5049 1200 5117 ἁρχιεροπὴς
1226 5050 1494 5115 ἁγιωςύνη
1521 5050 1788 5116 satiesue);
1816 5053 1904 5099 mi.
1928 5052 2064 5101 κατὰ
2095 5049 2226 5100 Θεοῦ

696 5119 948 5191 βυύξηηςιν
990 5118 1394 5191 ῖρυταγεύουσα
1433 5120 1529 5185 τὴν
1575 5118 1884 5186 ἱεραρχικὴν
1925 5120 2224 5184 ἁγίςτειπν,

693 5185 973 5256 ὃιαὸἐηῖοιί
1000 5185 1109 5255 ἔχει
1134 5187 1229 5256 τὴν
1253 5188 1426 5249 δόξαν.
1448 5189 1642 5240 Eadem
1677 5190 1746 5239 ita
1767 5185 1947 5241 (litem:
1982 5192 2230 5252 leguntur

696 5268 748 5309 et
778 5257 913 5323 apud
948 5254 1283 5310 Theodorum
1345 5256 1712 5311 Balsainonein
1748 5258 1883 5308 inter
1922 5267 2229 5308 sanctorum

699 5329 917 5391 Patrum
949 5325 1211 5391 Epistolas
1240 5328 1559 5385 Canonieas,
1620 5327 1685 5376 ab
1718 5342 1779 5377 eo
1836 5336 1952 5391 post
1983 5324 2231 5377 (quenes

701 5396 1179 5463 Apostolorumiet
1232 5395 1594 5448 Conciliorum
1648 5395 1856 5463 editas,
1905 5404 1955 5446 et
2015 5405 2157 5456 tonio
2215 5393 2231 5444 ι

700 5461 846 5517 Jnris
880 5462 1321 5519 Gnaeo-Romani
1360 5480 1386 5515 a
1416 5463 1624 5516 Joanne
1648 5461 1967 5515 Lennclavio
2000 5463 2227 5523 toilecti,

706 5533 778 5586 lib
831 5532 921 5592 Ill.
963 5534 1051 5599 qui
1086 5533 1290 5599 primus
1324 5543 1404 5585 est
1435 5532 1778 5585 Decretorum
1804 5533 2137 5599 synodalium
2167 5537 2233 5582 ab

709 5602 1007 5654 liniinunilu
1036 5601 1306 5655 iiunetidio
1329 5610 1452 5654 ante
1484 5600 1667 5653 Latine
1694 5599 1962 5654 retldifus:
1997 5616 2059 5651 ex
2080 5601 2234 5664 cujus

706 5672 949 5723 vvrsiozie
999 5680 1197 5738 partrm
1246 5670 1407 5734 hujus
1463 5671 1699 5735 epi:tui.r
1751 5669 1915 5722 edidit
1976 5670 2234 5723 Barenins

706 5756 796 5793 Ml.
822 5739 937 5805 73.7,
972 5757 1115 5793 num.
1156 5741 1212 5791 tit
1252 5754 1295 5791 et
1323 5740 1408 5804 (Β,
1452 5740 1684 5791 sudante
1722 5754 1865 5791 num.
1902 5738 1967 5791 60
1998 5739 2234 5791 invi-etiis

2333 4488 2459 4563 ergo
2487 4488 3035 4563 vestrasacerdotalis
3064 4492 3349 4563 sanctitas,
3383 4504 3506 4563 qua:
3535 4488 3772 4558 legitime
3802 4502 3857 4540 ac

2333 4559 2630 4617 secundum
2670 4559 2759 4611 Dei
2802 4560 3127 4613 voluntatem
3169 4560 3528 4626 pontillcalem
3585 4571 3854 4611 consecra-

2335 4633 2535 4685 tionem
2562 4628 2925 4692 administrat,
2977 4626 3338 4696 percelebrem
3371 4627 3530 4680 habet
3562 4626 3799 4696 gleriam.
3833 4643 3849 4674 ι

2334 4696 2628 4753 tientianus
2661 4697 2922 4751 llervetns
2967 4694 3299 4749 Balsamonis
3354 4694 3619 4763 interpres
3657 4695 3727 4746 ita
3756 4694 3853 4763 haec

2337 4769 2527 4821 habet:
2570 4786 2587 4818 ‹
2625 4766 2875 4819 Fraterna
2898 4778 3026 4833 ergo
3057 4771 3229 4819 vestra
3292 4761 3638 4819 sacerdotalis
3666 4761 3852 4833 sandi-

2338 4850 2437 4902 tas,
2466 4854 2584 4904 qua:
2610 4834 2844 4903 legitime
2875 4832 3036 4902 atque
3062 4849 3133 4904 ex,
3159 4834 3248 4886 Dei
3278 4834 3550 4887 voluntate
3576 4832 3857 4904 pontificale

2336 4902 2531 4960 munus
2568 4902 2927 4964 administrat,
2965 4903 3324 4969 percrlehrem
3365 4904 3527 4956 habet
3563 4902 3800 4969 gloriam:
3834 4915 3851 4948 ι

2338 4975 2458 5028 Haec
2499 4976 2739 5044 pluribus
2762 4966 3071 5044 deducenda
3099 4972 3370 5044 dusiinus,
3408 4982 3466 5023 ut
3512 4966 3744 5044 suspicio
3766 4966 3855 5044 Ba:

2339 5035 2769 5106 ronii'tollatur,
2840 5041 2907 5093 de
2957 5040 3056 5093 hac
3114 5040 3336 5109 epistola
3390 5035 3620 5101 nomine
3662 5035 3852 5091 Tarasii

2337 5116 2477 5166 ficta.

2409 5181 2516 5249 (5|)
2546 5179 2904 5246 Theophanes
2928 5178 3124 5249 Indici.
3150 5177 3244 5249 £5,
3270 5192 3439 5249 anno
3473 5176 3685 5249 imperii
3722 5172 3852 5249 Con-

2338 5244 2556 5303 stantini
2578 5260 2628 5303 et
2652 5244 2832 5302 lrenes
2851 5249 2937 5309 lt),
2964 5247 3166 5316 Christi
3192 5246 3309 5310 790,
3339 5265 3357 5297 ι
3386 5244 3642 5316 Augusta,
3675 5244 3851 5316 inquit.

2338 5321 2753 5388 comprehensos
2797 5317 3043 5369 homines
3096 5312 3697 5388 imperatorisfomnes
3736 5312 3855 5388 diris

2341 5379 2647 5441 verberibus
2679 5401 2845 5439 caesos
2875 5391 2929 5436 et
2972 5393 3154 5438 tensos
3180 5379 3293 5437 'una
3329 5396 3449 5437 cum
3502 5383 3706 5438 Joanne
3736 5379 3853 5433 Pro-

2341 5458 2599 5525 tospathai
2615 5456 2665 5507 io
2681 5466 2730 5507 et
2751 5454 2930 5525 bajnlu
2952 5452 3142 5525 ipsius,
3158 5454 3249 5525 cui
3271 5451 3853 5525 Picridiusrugnomrr

2344 5520 2477 5586 tum,
2522 5527 2585 5577 ad
2619 5534 2855 5577 remotos
2899 5520 3109 5591 imperii
3137 5523 3271 5591 lines
3300 5537 3472 5588 usque
3529 5523 3582 5591 in
3631 5520 3852 5591 Siciliam

2343 5595 2593 5661 relegavit
2615 5594 2845 5647 exsules.
2876 5610 2893 5641 ι
2941 5587 3011 5644 De
3036 5596 3137 5646 hoc
3157 5587 3361 5661 {oanne
3389 5587 3728 5661 intelligenda
3758 5587 3853 5661 bac

2344 5655 2631 5716 arbitratur
2689 5661 2950 5713 Baronins
2987 5674 3125 5714 anno
3163 5659 3261 5714 789
3294 5660 3382 5714 ubi
3423 5655 3852 5712 hanc'historiam

2346 5737 2500 5785 r-irrt
2532 5733 2758 5796 lllllll._.'§,
2802 5731 2823 5783 ι
2860 5740 2913 5781 et
2944 5729 2977 5782 ὕ
