4016 6340
100 410 321 473 1405’

1591 413 1786 474 VITA.

3146 386 3283 481 tios

99 521 364 575 tribunali.
411 520 574 591 quue
618 536 724 577 non
770 522 935 577 semel
979 528 1035 576 et
1076 522 1162 577 bis
1190 521 1245 575 in
1277 522 1361 577 die
1390 522 1639 584 faeiebat.
1673 533 1711 584 Α
1744 539 1985 594 personae
2028 526 2208 581 divitis
2244 520 2550 596 gratificans
2581 544 2592 578 :
2628 526 2720 580 sed
2769 526 2819 579 in
2863 525 3112 580 omnibus
3151 527 3286 596 juris

98 613 181 665 sed
209 608 699 681 quoties'evocatus
716 620 832 665 erat
855 611 920 666 ad
950 612 1054 666 boe
1082 611 1441 666 ministerium
1465 611 1533 666 ab
1554 626 1637 677 eo,

97 703 178 771 qui
214 692 449 773 graviter
477 702 899 772 periclitabatur.
1002 694 1017 700 ’

160 792 251 848 27.
287 791 438 846 Hanc
491 792 847 847 insatiabilem
890 791 1056 845 divini
1108 793 1207 845 viri
1261 792 1642 847 demissionem

100 882 425 937 admirantes
450 882 670 946 milites,
694 888 748 935 et
773 881 888 934 fieri
918 895 1025 934 non
1061 895 1219 950 posse
1248 875 1562 950 cogitantes,
1589 888 1646 933 ut

101 973 184 1042 qui
210 973 435 1043 supplex
466 980 602 1036 erat,
656 981 958 1041 caperetur,
1003 972 1240 1042 quandiu
1284 972 1413 1040 justi
1456 984 1645 1024 manus

101 1079 214 1117 eum
251 1071 481 1133 regeret,
523 1062 829 1132 improbum
861 1049 913 1115 in
944 1077 1066 1115 eum
1094 1069 1310 1116 struunt
1338 1060 1644 1125 consilium,

102 1154 239 1220 quod
272 1152 560 1223 superabat
591 1167 803 1207 omnem
839 1152 1082 1206 fraudem
1114 1160 1169 1205 et
1192 1139 1466 1207 astutiam.
1499 1150 1647 1204 Clam

105 1245 243 1298 enim
295 1260 392 1313 per
438 1245 601 1299 alium
658 1244 873 1314 adytum
937 1243 1202 1297 collocant
1260 1241 1525 1304 insidias,
1591 1250 1650 1294 ut

104 1333 315 1402 quando
338 1348 404 1388 ex
436 1331 602 1387 sacris
642 1334 817 1403 adytis
851 1348 1006 1386 ovem
1037 1329 1222 1401 pastor
1267 1330 1505 1386 traheret
1551 1347 1649 1385 na—

106 1434 235 1477 tura:
281 1423 628 1487 servientem,
676 1437 794 1477 eam
845 1423 1014 1477 instar
1062 1418 1309 1491 luporum
1361 1432 1648 1492 raperent:

105 1516 244 1585 quod
276 1516 437 1570 etiam
474 1515 672 1570 factum
713 1523 816 1570 est.
847 1514 983 1568 Nam
1017 1529 1139 1571 cum
1187 1523 1404 1568 sanctus
1447 1514 1569 1587 viri,
1596 1522 1657 1569 ut

108 1607 332 1673 solebat,
361 1621 543 1660 curam
568 1614 800 1676 gereret,
833 1613 884 1658 et
910 1605 977 1658 ad
1010 1605 1268 1674 requisita
1302 1615 1502 1659 natura:
1531 1621 1654 1660 eum

105 1697 348 1759 duceret,
397 1696 455 1760 ii,
505 1697 597 1765 qui
640 1710 831 1750 secure
884 1696 1123 1749 latebant
1170 1695 1222 1749 in
1274 1696 1504 1760 insidiis,
1560 1711 1656 1765 per

106 1792 263 1844 aliaat
295 1798 506 1859 portam
536 1788 918 1858 irrumpentes,
950 1803 1073 1842 eum
1104 1786 1338 1855 rapiunt,
1374 1795 1430 1839 et
1464 1786 1528 1840 ad
1570 1801 1656 1840 rc-

106 1882 240 1952 giam
275 1895 373 1950 per
398 1880 503 1933 vim
534 1880 775 1933 trahunt.
806 1877 1094 1948 Postquam
1125 1888 1304 1933 autem
1338 1878 1656 1933 sceleratam

108 1974 399 2029 infelicium
423 1972 874 2028 machinationem
899 1972 955 2026 in
976 1987 1098 2026 eum
1123 1973 1436 2025 adornatam
1463 1983 1660 2039 cogno-

109 2067 182 2119 vit
231 2073 420 2134 pastor
456 2063 867 2127 sanctissimus,
918 2061 993 2114 ira
1041 2071 1096 2116 et
1141 2061 1326 2115 dolore
1372 2067 1617 2127 arreptus
1644 2099 1656 2122 ,

109 2157 250 2210 nulla
288 2163 442 2211 utens
478 2154 756 2219 dilatione,
787 2154 854 2208 ad
885 2152 996 2224 (5‘2)
1028 2151 1321 2207 Eleutlterii
1361 2151 1539 2205 aulam
1570 2166 1659 2204 re-

108 2242 244 2313 giam
281 2242 428 2313 (illic
454 2242 600 2296 enim
642 2249 770 2296 tunc
821 2241 959 2296 forte
997 2242 1218 2309 contigit
1254 2241 1449 2311 degere
1491 2240 1662 2307 impe-

110 2333 393 2401 ratricem)
440 2333 665 2387 accedit.
717 2334 848 2388 Cum
898 2333 933 2386 ii
984 2347 1109 2386 vero
1154 2332 1326 2386 Patris
1369 2332 1660 2386 adventum

110 2425 423 2488 sensissent,
474 2433 527 2478 et
565 2425 683 2492 ejus
742 2424 1081 2504 pscesentiam
1131 2422 1184 2476 in
1230 2424 1377 2492 ipsos
1424 2423 1662 2476 futuram

110 2516 223 2571 zelo
270 2517 483 2585 plenam
522 2524 575 2569 et
624 2515 794 2568 instar
840 2514 983 2568 acuti
1028 2513 1189 2583 gladii
1240 2514 1662 2582 suspicarentur,

109 2622 229 2660 cum
266 2607 513 2661 siverunt
563 2617 714 2660 extra
766 2606 988 2676 regiam,
1042 2620 1111 2658 ne
1152 2619 1402 2660 sermone
1448 2604 1664 2672 quidem

111 2697 339 2768 dignati.
390 2697 480 2750 lllc
519 2705 697 2750 autem
744 2696 932 2750 videns
979 2678 1135 2749 suum
1190 2695 1481 2749 adventum
1534 2694 1664 2748 nihil

112 2787 211 2842 sibi
253 2786 551 2856 profuisse.
595 2787 979 2842 ecclesiasticae
1016 2801 1189 2856 poenae
1223 2787 1452 2840 vinculis
1480 2802 1668 2840 omnes

111 2879 476 2934 communiter
501 2879 713 2950 alligat,
749 2881 1107 2949 pronuntians
1150 2878 1400 2947 indignos
1429 2870 1669 2933 commu-

114 2972 279 3024 nione
310 2970 512 3025 Cbristi
548 2980 1033 3037 sacramentorum,
1066 2971 1108 3024 si
1150 2971 1257 3025 ullo
1290 2971 1437 3041 gravi
1476 2971 1671 3024 damno

114 3062 393 3118 allicerent
442 3077 587 3128 eum,
622 3063 713 3132 qui
746 3062 1071 3133 confugerat.
1105 3062 1330 3132 supplex
1374 3063 1442 3115 ad
1490 3061 1672 3116 Eccle-

116 3156 272 3210 siam.
317 3155 455 3209 Cum
476 3155 602 3210 'haec
626 3169 755 3225 ergo
783 3164 1035 3224 tanquam
1064 3169 1127 3207 ex
1168 3153 1457 3222 apostolica
1488 3161 1672 3206 aucto-

116 3247 275 3301 ritate
307 3240 481 3317 libere
514 3246 759 3309 dixisset,
804 3255 888 3301 est
928 3261 1200 3300 reversus.
1234 3245 1315 3298 llli
1351 3255 1529 3316 autem
1560 3259 1673 3297 ma-

116 3337 270 3408 gistri
298 3338 432 3393 linis
461 3338 688 3403 astricti,
720 3353 843 3392 eum
874 3354 982 3393 non
1017 3347 1238 3407 possent
1264 3337 1501 3407 effugere
1526 3351 1675 3390 sacra

117 3428 245 3483 retia
289 3442 468 3497 pretia:
513 3428 914 3490 ecclesiasticae,
948 3428 1013 3482 de
1054 3443 1147 3481 reo
1179 3427 1395 3495 quidem
1428 3441 1535 3481 non
1565 3443 1679 3481 ain-

120 3519 260 3588 plius
292 3520 536 3574 babuere
565 3519 915 3588 quaestionem
940 3518 1242 3584 tormentis,
1270 3519 1362 3572 sed
1393 3519 1677 3572 verborum

119 3612 247 3666 solis
288 3611 803 3672 examinationibus.
827 3611 893 3665 de
915 3612 1110 3680 quibus
1135 3610 1390 3680 agebatur
1413 3608 1679 3679 pecuniis,

121 3702 384 3757 trutinam
432 3702 827 3766 exinanientes,
883 3711 1134 3771 tanquam
1175 3701 1523 3756 innocentem
1559 3717 1681 3755 etnn

121 3794 431 3848 absolvunt.
468 3793 621 3847 Talis
642 3803 757 3847 erat
802 3794 855 3847 in
891 3808 1081 3851 omnes
1117 3793 1200 3845 vir
1236 3793 1472 3854 divinus,
1503 3792 1684 3846 divina

122 3884 410 3955 vindicans
439 3898 502 3936 ac
533 3882 852 3953 defendens,
887 3893 942 3937 et
979 3899 1076 3954 pro
1107 3884 1282 3955 gregis
1326 3884 1518 3938 ovibus
1548 3883 1688 3953 peri-

122 3975 305 4031 culum
342 3974 554 4030 adiens.

725 4146 950 4227 CAPUT
992 4146 1102 4202 va.

126 4282 357 4337 Sanctus
391 4280 640 4335 Tui-asins
682 4281 887 4352 fortiter
916 4279 1230 4352 Imperatori
1276 4280 1489 4352 resistit,
1522 4279 1696 4346 legiti-

198 4352 653 4475 mrlzmoconjugem
684 4350 988 4421 repudiare,
1027 4360 1072 4403 ct
1097 4350 1473 4403 cubicularium
1507 4352 1697 4402 ducere

198 4439 259 4475 ro
285 4431 418 4475 enlt.
747 4465 753 4471 .

198 4431 418 4477 talenti.

1742 612 2172 668 indeclinabilem
2212 629 2445 668 servans
2486 613 2943 675 distributionem,
2993 629 3099 668 non
3130 616 3286 669 dabat

1742 703 1917 757 locum
1946 703 2032 765 iis,
2066 703 2160 773 qui
2200 704 2453 758 volebant
2496 706 2742 774 proximo
2788 704 2967 759 facere
3016 706 3282 773 injuriam.

1745 791 1852 848 Sed
1899 792 2039 847 forte
2069 791 2246 863 legum
2286 796 2503 863 quidem
2550 804 2745 850 rectam
2775 804 2828 850 ct
2854 811 3118 865 nusquam
3163 811 3291 864 pro:

1744 884 2069 953 pendentem
2118 887 2459 940 conservavit
2498 887 2778 949 trutinam,
2829 886 3072 956 despexit
3110 894 3289 956 autem

1743 975 1862 1067 in?
1886 1015 1901 1040 ,
1938 989 2059 1043 quae.
2105 976 2358 1044 praeclare
2406 984 2716 1031 statuuntur
2754 992 2784 1031 a
2822 975 3155 1031 canonibus?
3191 974 3290 1028 lili-

1748 1064 1932 1119 nime:
1968 1065 2060 1119 sed
2082 1080 2203 1120 eum
2240 1066 2610 1136 sciretjlegum
2634 1069 2975 1122 severitatem
3025 1066 3295 1121 canonicar

1748 1155 2083 1209 auctoritatis
2131 1155 2187 1209 in
2241 1157 2421 1210 multis
2452 1170 2572 1210 esse
2601 1171 2838 1211 sororem
2870 1166 2930 1210 et
2970 1165 3294 1216 consortem,

1751 1256 1804 1300 ut
1858 1246 2095 1315 prudens
2140 1247 2304 1315 judex
2342 1247 2482 1301 banc
2509 1247 2756 1314 camilla
2793 1256 3192 1314 contemperat.
3244 1256 3298 1299 et

1751 1335 1994 1390 ostendit
2039 1351 2162 1391 esse
2204 1336 2492 1407 legitimam
2522 1352 2788 1391 canonum
2816 1337 3212 1391 aeeurationem
3244 1337 3296 1388 in

1752 1415 1837 1489 iis,
1874 1442 1994 1495 qua:
2024 1428 2281 1481 canonice
2308 1427 2681 1498 corriguntur;
2722 1428 2895 1498 legum
2924 1443 3049 1481 vero
3083 1427 3299 1479 rectitu-

1753 1516 1933 1571 dinem
1963 1516 2015 1569 in
2047 1516 2132 1580 iis,
2165 1531 2285 1586 quae
2311 1507 2546 1586 legitime
2580 1522 2831 1586 aguntur,
2866 1517 3174 1570 canonicam
3203 1507 3302 1568 ob-

1756 1608 2134 1677 signationem.
2188 1606 2339 1673 Quod
2375 1615 2552 1661 autem
2593 1623 2702 1661 non
2736 1608 3028 1680 prodiderit
3072 1609 3171 1661 hoc
3210 1606 3299 1662 Dei

1754 1707 1810 1751 et
1838 1698 2081 1751 divinum
2110 1708 2460 1768 praeceptum,
2496 1699 2587 1753 sed
2624 1714 2693 1761 ex,
2720 1714 2873 1791 acqup
2901 1714 3158 1753 canonrm
3186 1715 3301 1752 ser-

1758 1789 1962 1843 vaverit
1992 1799 2046 1842 et
2070 1789 2259 1861 legem.
2297 1800 2512 1844 nonest
2542 1791 2805 1845 obscurus
2839 1789 3009 1854 testis,
3042 1797 3207 1860 quem
3223 1802 3305 1844 est

1759 1880 2152 1950 consequenter
2182 1882 2479 1935 adduetura
2510 1883 2701 1935 oratio.

1828 1971 1916 2026 ΞΕ).
1950 1970 2135 2027 Dictus
2170 1971 2269 2026 fuit
2302 1971 2410 2042 (55)
2460 1971 2753 2041 imperator
2791 1970 3178 2026 Constantinus
3219 1970 3304 2038 ju-

1759 2060 1932 2125 venis,
1967 2061 2263 2115 desistente
2292 2070 2465 2115 matre
2499 2061 2649 2115 lrene
2683 2076 2711 2115 a
2741 2058 3026 2131 conjuncta
3058 2077 3178 2116 cum
3218 2060 3308 2113 iilo

1761 2152 1997 2206 rectione
2032 2152 2368 2220 iinperii,’et
2414 2152 2559 2206 solus
2587 2153 2807 2206 tenebat
2840 2153 3047 2205 clavum
3078 2151 3309 2206 admini-

1761 2244 2055 2299 strationis.
2079 2244 2176 2310 Qui
2200 2248 2322 2300 cum
2345 2238 2491 2298 esset
2515 2243 2712 2312 alioqui
2737 2245 2927 2307 bonus,
2961 2258 3068 2295 non
3089 2243 3310 2295 omnino

1763 2345 1938 2389 autent
1972 2334 2196 2388 firmiter
2229 2334 2459 2396 tenebat.
2496 2350 2614 2404 qua:
2648 2335 2712 2388 ad
2750 2350 2933 2404 puram
2957 2344 3012 2387 et
3047 2336 3312 2387 sinceram

1763 2426 1922 2501 fidem
1954 2427 2249 2495 pertinent,
2292 2418 2345 2479 ct
2383 2426 2523 2495 quod
2554 2426 2828 2496 juniorum
2860 2410 3137 2501 mentibus
3174 2438 3313 2492 smpe

1765 2517 1900 2570 solet
1931 2513 2242 2579 usuven’ire,
2274 2516 2448 2569 elatus
2480 2530 2612 2569 vana
2650 2517 3015 2585 persuasione,
3044 2515 3183 2583 quod
3213 2514 3314 2566 sibi

1766 2606 2064 2668 videbatur,
2104 2604 2443 2657 existimabat
2495 2604 2691 2672 justius
2734 2604 2945 2674 scriptis
2991 2604 3214 2673 legibus.
3270 2602 3315 2655 Is

1767 2693 2067 2765 aggreditur
2113 2692 2383 2745 iniirmare
2430 2692 2591 2762 leges,
2641 2700 2694 2746 ct
2742 2691 2881 2762 quod
2912 2707 2939 2744 a
2983 2687 3206 2744 Domino
3234 2690 3317 2744 di-

1768 2793 1910 2838 ctant
1941 2792 2023 2838 est
2054 2784 2108 2837 in
2132 2783 2455 2853 Evangeliis,
2490 2784 2788 2853 patrocinio
2818 2791 2973 2837 utens
2998 2797 3107 2837 sure
3136 2792 3324 2851 potcnn

1769 2873 1855 2926 tice
1886 2891 1897 2925 :
1925 2881 2119 2925 etcum
2150 2872 2425 2948 statuisset
2455 2877 2499 2924 a'
2520 2886 2613 2925 sua
2643 2872 2754 2939 (54)
2784 2872 3009 2939 conjuge
3037 2869 3211 2923 facere
3239 2870 3322 2923 di-

1768 2965 2021 3023 vortium,
2056 2973 2109 3018 et
2149 2963 2257 3042 (€55)
2297 2963 2454 3016 aliam
2503 2963 2558 3015 in
2596 2962 2775 3016 animo
2806 2960 3031 3016 babcrct
3067 2962 3322 3016 extollere

1772 3056 1837 3110 ad
1873 3056 2079 3125 imperii
2106 3055 2466 3117 altitudinem,
2495 3053 2709 3123 juvenis
2738 3053 2961 3106 adornat
2998 3051 3202 3105 facinus
3240 3052 3324 3104 in-

1698 3172 1740 3229 c
1772 3149 1991 3218 dignum
2015 3161 2111 3200 sua
2135 3154 2420 3215 potestate.
2461 3144 2515 3198 Id
2543 3152 2719 3197 autem
2751 3134 2851 3197 fuit
2882 3142 3167 3195 mortifera:
3197 3140 3325 3194 insi-

1775 3240 1895 3299 dizc,
1937 3253 1965 3289 a
2009 3236 2238 3305 conjuge
2282 3235 2619 3305 imperatricc
2660 3234 2709 3289 ei
2759 3241 2977 3303 paratae.
3022 3230 3327 3285 Aliirmabat

1775 3338 1959 3384 autem
1993 3329 2047 3382 id
2089 3343 2207 3383 esse
2232 3343 2524 3390 venenum,
2555 3326 2697 3396 quod
2729 3342 2851 3381 eum
2885 3334 3011 3394 potu
3058 3325 3325 3385 haustum,

1780 3430 2003 3478 mortem
2037 3421 2195 3476 simul
2230 3420 2551 3490 attrabebat.
2593 3417 2754 3484 Quod
2788 3416 3001 3484 quidem
3038 3414 3331 3468 conabatur

1781 3517 2002 3583 probare
2038 3522 2090 3567 et
2120 3504 2718 3580 cuilibet-persuadere,
2750 3516 2804 3563 ut
2838 3508 3077 3579 putabat.
3113 3506 3334 3577 Putabat

1782 3604 1924 3658 enim
1962 3603 2075 3655 fieri
2126 3592 2250 3655 non;
2279 3615 2456 3670 posse,
2492 3608 2550 3652 ut
2583 3597 2713 3653 fides
2741 3598 2839 3652 sibi
2886 3611 2991 3651 non
3027 3595 3332 3655 haberetur,

1785 3713 1906 3752 cum
1937 3704 2079 3749 esset
2109 3694 2418 3763 imperator,
2448 3699 2501 3745 et
2526 3691 2685 3745 verba
2712 3687 2913 3742 faceret
2942 3686 3080 3756 apud
3105 3699 3216 3748 eos,
3245 3686 3334 3751 qui

1785 3788 2010 3858 subjecti
2041 3794 2193 3841 erant
2218 3785 2336 3853 ejus
2383 3782 2605 3850 imperio
2660 3779 2848 3833 Nullus
2881 3794 3007 3832 vero
3053 3783 3339 3845 persuade-

1788 3881 1964 3941 batur,
2000 3878 2102 3932 nisi
2136 3878 2226 3945 qui
2273 3872 2582 3946 gratificans
2617 3868 2943 3941 imperatori,
2986 3877 3203 3938 propter
3226 3868 3338 3937 glo-

1790 3975 1920 4026 riam
1951 3970 2004 4023 in
2025 3970 2267 4024 animant
2299 3967 2583 4021 inducebat
2607 3965 2755 4033 justo
2781 3963 2867 4032 jus
2890 3960 3146 4015 adimere.

1862 4065 1949 4119 50.
1979 4063 2266 4131 Postquam
2298 4068 2478 4113 autem
2506 4054 3029 4124 escitata-famaboc
3052 4050 3344 4105 transmisit

1795 4149 1963 4225 usque
1995 4154 2061 4207 ad
2107 4152 2237 4207 atria
2281 4149 2556 4213 Ecclesiae,
2593 4158 2648 4201 et
2695 4144 2901 4200 nefaria
2934 4143 3073 4197 actio
3104 4142 3345 4217 pervenit

1796 4261 1966 4315 usque
1994 4246 2060 4307 ad
2088 4259 2248 4298 aures
2275 4240 2561 4313 pontiﬁcis,
2592 4239 2645 4293 id
2674 4253 2797 4294 eum
2828 4236 3056 4291 reddidit
3078 4235 3226 4288 valde
3253 4235 3349 4286 du-

1798 4337 1942 4393 bium
1975 4345 2030 4388 et
2062 4335 2408 4403 perplexum;
2433 4331 2559 4385 dum
2584 4328 2722 4398 apud
2760 4340 2815 4382 sc
2842 4327 3057 4396 cogitat,
3083 4322 3349 4393 quomodo

1800 4445 1857 4483 se
1917 4434 2150 4480 armaret
2197 4424 2457 4476 adversus
2512 4421 2653 4472 banc
2706 4417 3143 4478 decertationem,
3195 4419 3248 4464 ct
3297 4413 3354 4462 in

197 4534 293 4587 28.
340 4531 476 4587 Cum
508 4539 686 4585 autem
721 4540 773 4584 et
805 4532 947 4602 leges
978 4541 1229 4585 accurate
1270 4538 1508 4593 teneret,
1541 4540 1595 4585 et
1632 4530 1684 4583 in
1722 4514 1760 4568 ὓ
1792 4522 1965 4589 ipsum
1990 4519 2389 4586 imperatorem,
2422 4512 2499 4566 rei
2527 4511 2729 4566 bellicae
2754 4507 3135 4579 peritissimum
3161 4513 3212 4558 et
3242 4503 3352 4556 for-

134 4622 289 4678 omni
345 4635 548 4692 genere
596 4621 871 4675 canonica:
914 4620 1255 4674 rectitudinis
1301 4631 1446 4674 esset
1487 4620 1697 4674 excrci-

135 4724 304 4780 tattts,
347 4728 469 4784 qua:
497 4713 753 4768 universo
784 4713 1060 4767 communi
1104 4712 1413 4767 incidebant
1447 4712 1584 4776 lites,
1608 4713 1699 4782 ju-

133 4808 393 4872 dicabat,
431 4813 485 4860 el
538 4805 851 4859 acutissima
901 4806 1127 4875 cogebat
1177 4805 1383 4873 prolata
1433 4806 1699 4858 sententia

135 4901 410 4956 eosinter
445 4913 505 4954 se
535 4899 867 4954 convenire:
907 4913 1015 4951 non
1059 4898 1329 4967 pauperis,
1370 4897 1460 4965 qui
1513 4897 1567 4950 in
1616 4896 1652 4965 j-
1680 4914 1702 4949 ,ς

136 4993 444 5049 vocabatur
469 5030 483 5056 ,
529 4989 699 5045 ﬂexus
736 4989 1103 5044 misericordia
1137 5006 1148 5040 :
1191 5003 1365 5056 neque
1410 4987 1700 5057 quidquam

212 5177 332 5248 (5'2)
369 5175 631 5248 Palatium
660 5164 968 5248 'Eletitlterii
1016 5172 1220 5248 lrcnent
1253 5169 1709 5248 Augustaurmdi-

144 5240 367 5305 lii-aSs'e.
404 5245 457 5299 in
492 5260 664 5314 eaque
713 5255 767 5298 et
793 5242 993 5298 multas
1031 5242 1289 5311 pecunias
1335 5240 1706 5314 abscondisse,

142 5330 253 5375 cla
317 5316 436 5372 lilio
488 5310 850 5369 Constantino
912 5310 1045 5369 solo’
1084 5319 1339 5381 regnante
1385 5310 1707 5381 collocatam

144 5406 268 5445 esse
292 5388 488 5442 mense
530 5383 834 5447 Decembri,
860 5385 1056 5443 lndiet.
1103 5377 1187 5442 lli,
1215 5379 1575 5433 annoCbristi
1608 5377 1711 5431 Ἱεῑο

148 5458 316 5515 tradit
345 5457 724 5524 'l‘beophanes.
756 5451 1043 5524 Eamdem_
1073 5450 1710 5524 imperatriccuritcrnni

147 5519 707 5584 declaratam'lndict.
729 5524 809 5589 l5,
828 5523 912 5577 die
941 5524 1001 5577 [5
1016 5519 1282 5587 Januarii,
1302 5519 1571 5575 anniCbr.
1587 5519 1711 5582 795,

151 5601 295 5655 idem
326 5595 930 5665 asserit'l‘lreOphanes.
1019 5661 1043 5665 ᾧ
1233 5662 1244 5665 _
1288 5652 1291 5657 ,

222 5668 339 5729 (53)
365 5658 661 5721 lndietione
686 5658 772 5730 Η,
801 5679 985 5719 mense
1013 5661 1313 5732 Septembri
1367 5676 1539 5715 anuus
1567 5658 1712 5713 Con-

154 5737 388 5795 stantini
421 5735 590 5805 solius
614 5735 882 5805 regnantis
906 5736 1068 5805 coepit
1098 5732 1391 5805 numerari,
1410 5747 1539 5797 ergo
1568 5744 1710 5805 antur

156 5812 286 5865 Cbr.
324 5804 449 5862 790.
484 5801 762 5876 Legendus
786 5807 849 5861 de
877 5822 941 5862 ca
971 5801 1149 5861 rerum
1171 5803 1311 5872 apud
1332 5801 1711 5855 Constantino-

1801 4613 2064 4666 tissimum
2119 4598 2494 4679 pugnatorem,
2536 4622 2601 4660 ex
2638 4604 2888 4674 pharetra
2925 4610 2977 4655 et
3027 4604 3153 4653 arcu
3189 4597 3357 4650 telum

1795 4702 2140 4774 jacularetur,
2171 4702 2279 4769 jam
2314 4701 2441 4752 olim
2492 4699 2789 4751 honoratus
2821 4691 3135 4746 sacerdotali
3164 4691 3354 4742 borum

1801 4795 2042 4850 omnium
2073 4793 2336 4846 nuditate.
2368 4790 2502 4843 Cum
2532 4790 2647 4843 bare
2675 4786 2814 4855 apud
2840 4798 2896 4839 se
2924 4796 3148 4855 magnus
3180 4793 3365 4834 mente

1802 4895 2040 4943 versaret
2078 4884 2351 4945 'l’arasius,
2389 4890 2443 4936 et
2477 4888 2688 4951 pararet
2716 4893 2772 4932 se
2804 4878 2869 4930 ad
2905 4872 3361 4943 congrediendum

1803 4997 1925 5034 curn
1951 4981 2290 5047 imperatore,
2334 4984 2385 5030 ct
2414 4971 2800 5031 decertandum
2836 4968 3001 5023 armis
3023 4963 3361 5021 sacerdotali-

1808 5163 2075 5229 Politan‘ls
2101 5153 2514 5229 perturbatione
2542 5149 2921 5229 TheQP"3"?.S-

2030 5210 2601 5301 l’ri'tno‘deSpnn-terat
2659 5210 3156 5301 ll'otruditnmliliam

1810 5283 1986 5369 na‘gni
2022 5283 2437 5369 exAllildegarde
2466 5293 2639 5362 prima
2693 5283 2811 5369 ejus
2836 5299 3035 5369 nitore,
3069 5293 3125 5336 ut
3161 5283 3362 5369 dictum

1819 5378 1872 5427 in
1902 5357 2063 5439 iiujns
2093 5366 2212 5439 Vita
2251 5357 2320 5418 2'8
2352 5357 2725 5439 Januar._cap.
2758 5360 2810 5411 (5.
2836 5357 2918 5439 Ea.
2946 5365 3119 5439 tamen
3147 5357 3365 5439 minime

1811 5427 1991 5504 ducta:
2024 5441 2127 5494 sibi
2174 5438 2431 5506 juuxet‘at
2480 5427 2719 5506 puellam
2773 5444 2837 5481 ex
2879 5427 3230 5506 Armeniae-is,
3264 5435 3353 5473 no-

1815 5517 1960 5567 mine
1982 5500 2215 5563 Mariam
2242 5505 2309 5559 ab
2334 5500 2548 5567 Amnia,
2580 5512 2633 5555 et
2656 5572 2659 5573 ν
2684 5500 3201 5573 consunnnaveruut
3235 5506 3365 5573 nnp.

1816 5563 2125 5637 tiasntense
2149 5576 2462 5640 Novembri,
2481 5563 2775 5643 indictione
2805 5570 2885 5627 ιε,
2910 5567 2960 5643 id
2983 5573 3063 5643 est
3085 5574 3226 5643 anno
3243 5563 3358 5643 7'35.

1918 5632 2026 5704 fere
2049 5647 2424 5717 'l‘bcopbanes.
2450 5629 2599 5696 lianc
2633 5641 2791 5709 etrapit
2824 5635 3076 5707 paulatim
3112 5630 3236 5682 odio
3270 5629 3369 5681 ba-

1814 5726 1940 5777 bere
1971 5736 2030 5772 ac
2064 5716 2531 5785 velle’repttuiare.
2655 5728 2660 5785 ξ

1885 5791 1996 5862 (iiii)
2023 5784 2333 5844 Tlicorloten
2368 5784 2779 5841 cubicularium.
