4016 6340
160 462 296 528 1413

1678 461 1725 518 ν
1734 461 1874 520 ΙΤΑ.

3221 466 3357 531 illi

150 593 268 632 mas
304 585 521 647 propter
581 574 746 627 Deum
785 573 1055 642 prodegit,
1089 586 1198 626 non
1250 571 1315 625 ad
1360 570 1591 625 tribunal
1642 585 1699 623 se
1734 579 1773 629 Α
1805 570 1926 624 tur?
1958 570 2089 637 Qiis
2123 587 2245 625 eum
2270 572 2476 637 videns,
2510 572 2594 626 cui
2644 584 2803 642 caput
2841 574 3110 645 tyrannica
3136 590 3352 647 prepter

147 668 345 723 sistens
372 665 721 735 tyrannieum,
755 663 806 717 in
827 663 1174 730 stadiumque
1199 653 1253 717 et
1274 676 1494 715 arenam
1517 661 1702 715 decer-

150 766 364 812 taturus
409 756 660 826 prodiens
697 762 777 807 est
819 754 1075 813 imitatus,
1112 752 1378 805 et.ercxit
1402 751 1699 821 tropbaagnn

147 845 421 898 veribtis:
453 843 547 898 sed
576 857 687 905 eos,
722 841 811 909 qui
844 840 957 893 h;ec
987 846 1040 892 et
1072 838 1157 891 his
1202 838 1400 906 majora
1430 836 1702 889 sustinue-

150 943 299 997 runt,
345 932 682 996 desiderans,
714 940 768 985 et
797 929 964 1001 ,miris
1018 928 1281 982 extollens
1320 926 1593 988 laudibus,
1647 932 1703 978 et

147 1039 417 1079 coronans
437 1024 597 1080 veluti
625 1023 945 1092 quibusdam
975 1020 1250 1075 victoriam
1276 1015 1701 1088 significantibus

148 1114 915 1176 verborumdiadematibus,
979 1120 1029 1164 et
1077 1112 1264 1163 eorum
1318 1109 1579 1162 salutares
1634 1106 1700 1160 ad

147 1204 319 1258 Deum
366 1216 622 1257 reverens
666 1203 1106 1265 intercessiones,
1138 1207 1195 1253 et
1232 1214 1428 1253 vocans
1456 1199 1521 1252 ad
1552 1197 1702 1250 auxi-

146 1297 280 1350 lium
309 1308 546 1365 paratam
579 1296 903 1371 scripturam
934 1304 988 1348 et
1035 1294 1252 1356 librum,
1295 1308 1352 1348 se
1381 1288 1487 1346 sua'
1509 1298 1702 1357 sponte

145 1386 471 1441 oﬂ'erentem
503 1385 557 1439 in
590 1385 759 1439 sacris
793 1384 1029 1453 templis,
1060 1382 1357 1491 honoriﬁce
1389 1382 1454 1434 de
1482 1377 1699 1448 scriptis

191 1490 201 1491 γ
232 1489 329 1491 γης-
396 1472 767 1491 μημμεαειμη
835 1472 1047 1491 ,μυξη
1089 1478 1141 1491 --ι
1185 1460 1255 1491 εε-”
1321 1469 1403 1491 -.-ι
1434 1467 1671 1491 _.:.a.._.....

145 1489 335 1528 eorum
384 1472 791 1536 certaminibus,
835 1472 1051 1540 posuit:
1089 1471 1268 1533 ut.iis,
1305 1467 1405 1538 ‘qui
1434 1467 1697 1532 viderent,

143 1566 383 1636 aperiret
410 1565 670 1620 vestibula
710 1563 1162 1633 compunctionis,
1204 1571 1258 1616 et
1288 1562 1515 1615 athletas
1546 1559 1700 1613 indu.

143 1665 313 1719 ceret,
345 1670 533 1710 eorum
565 1654 681 1709 zelo
713 1670 990 1720 accensos,
1022 1664 1081 1708 ut
1118 1652 1368 1713 similem,
1402 1652 1444 1705 si
1489 1658 1698 1717 tempus

144 1754 393 1809 voearet,
440 1746 651 1801 beatam
716 1745 1019 1814 arriperent
1080 1743 1522 1799 deeertationem.
1568 1732 1698 1793 'Bes

141 1832 290 1886 enim
327 1834 591 1903 ejusmodi
638 1835 736 1889 scit
777 1827 1065 1891 conciliare
1105 1833 1313 1895 oculus,
1363 1831 1454 1901 qui
1489 1839 1571 1885 est
1598 1831 1696 1883 bo-

140 1937 274 1976 num
325 1936 696 1994 argumentum
735 1936 1078 1989 consecutus,
1128 1933 1184 1978 et
1219 1924 1460 1978 auditum
1496 1936 1694 1989 przece-

141 2012 294 2064 dere.
360 2011 476 2081 Ipse
512 2014 654 2068 enim
702 2013 997 2068 secundum
1045 2015 1305 2068 honorem
1354 2020 1468 2081 post
1521 2010 1694 2064 visunt

139 2111 225 2156 est
279 2104 540 2173 adeptus,
595 2112 817 2159 etcum
873 2105 1059 2161 oculus
1102 2106 1303 2173 absque
1359 2104 1693 2173 expositione
1740 2132 1747 2139 κ

138 2207 352 2254 eorum.
379 2203 654 2262 quassant
698 2195 963 2266 subjecta,
995 2196 1188 2266 tiguras
1212 2194 1443 2263 accipiat
1469 2193 1693 2248 eviden-

139 2293 249 2345 tes.
298 2286 512 2340 auditus
552 2302 777 2356 semper
827 2288 1121 2343 secundum
1179 2287 1356 2341 locum
1411 2294 1578 2347 tenet,
1639 2292 1694 2339 ut

137 2375 276 2429 dixit
298 2376 512 2446 quidam
542 2379 783 2446 sapiens.

208 2466 302 2520 40.
342 2465 471 2532 Quis
511 2467 653 2521 enim
686 2467 956 2523 coloribus
986 2483 1298 2538 expressum
1334 2467 1522 2522 videns
1547 2482 1692 2532 eum,

135 2555 228 2623 qui
278 2554 534 2619 decertat,
572 2564 626 2609 et
657 2556 831 2627 ignem
870 2556 1281 2626 despicientem,
1328 2565 1380 2610 et
1408 2556 1553 2609 nube
1603 2555 1698 2607 ﬂa-

137 2645 401 2715 gellorum
447 2647 861 2712 circumdatum,
915 2658 970 2704 et
1019 2649 1074 2702 in
1123 2650 1206 2704 his
1246 2649 1486 2704 Creatori
1529 2646 1697 2702 conti-

138 2732 337 2787 denter
396 2734 643 2803 spiritum
697 2737 1057 2800 emittentem,
1094 2755 1204 2791 non
1246 2739 1432 2794 calidis
1460 2739 1696 2793 circum-

139 2825 387 2879 tunditur
430 2825 697 2896 lacrymis,
748 2837 803 2881 et
850 2829 1097 2897 suspiriis
1136 2845 1199 2884 ac
1226 2831 1515 2899 gemitibus
1545 2847 1698 2885 com-

140 2917 440 2987 pungitur?
469 2915 601 2982 Quis
626 2933 771 2983 cum,
800 2921 892 2989 qui
927 2935 985 2975 se
1012 2921 1161 2974 exuit
1184 2921 1249 2974 ad
1276 2920 1456 2992 gravia
1489 2922 1699 2975 crucia-

140 3019 294 3060 tuum
337 3016 393 3061 et
435 3007 830 3077 suppliciorum
871 3026 1090 3079 genera,
1135 3019 1188 3064 et
1220 3018 1492 3080 postremo
1523 3021 1697 3066 tortus

140 3092 262 3161 fuit,
316 3098 602 3168 aspiciens,
648 3116 755 3154 non
789 3102 965 3155 cordis
995 3102 1315 3157 contritione
1344 3111 1531 3172 pectus
1574 3113 1697 3157 tun-

141 3187 281 3243 dens
309 3192 554 3246 recedit?
582 3191 712 3264 Quis
747 3209 869 3248 eum
898 3195 1104 3259 videns,
1146 3195 1237 3263 qui
1267 3209 1363 3263 pro
1390 3194 1605 3250 Christo
1639 3209 1697 3250 se

142 3280 364 3335 tradidit
388 3280 685 3349 lictoribus,
708 3285 1054 3353 compedibus
1075 3288 1403 3355 manicisque
1425 3296 1476 3341 et
1502 3287 1698 3341 ﬁdibus

140 3374 463 3445 constringi,
485 3385 539 3430 et
557 3376 750 3432 deinde
787 3377 998 3432 fortiter
1026 3380 1305 3449 exspirare
1338 3381 1391 3433 in
1421 3379 1699 3448 suppliciis

141 3464 512 3527 intolerandis,
576 3481 682 3521 non
709 3468 1007 3522 admiratur
1043 3471 1379 3538 patientiam,
1412 3470 1697 3526 invictam-

141 3571 247 3626 que
285 3557 484 3612 excelsi
529 3558 693 3612 animi
736 3559 988 3614 virtutem
1028 3570 1083 3614 et
1136 3561 1339 3616 Iidem?
1400 3560 1531 3628 Quis
1577 3579 1697 3618 cum

141 3650 555 3717 Spectans,qui,
607 3665 674 3702 ne
724 3641 934 3719 aliquod
971 3652 1191 3706 verbum
1246 3653 1519 3707 emitteret
1556 3654 1697 3707 indi-

144 3752 312 3807 gnum
349 3740 563 3807 pietate,
599 3750 652 3793 et
690 3742 743 3795 in
792 3741 1048 3796 lateribus
1080 3752 1135 3795 et
1171 3744 1223 3795 in
1260 3744 1419 3797 dorso
1446 3745 1696 3808 laniatur,

145 3844 255 3883 non
290 3831 588 3885 emollescit
614 3832 1121 3887 commiseratione?
1147 3833 1276 3899 Quis
1303 3849 1412 3890 non
1445 3834 1701 3901 impletur

144 3913 527 3984 admiratione,
551 3924 604 3969 et
640 3916 877 3984 quatitur
902 3916 1113 3985 timore,
1144 3921 1360 3987 quando
1386 3920 1527 3974 videt
1553 3935 1698 3982 eum,

144 4004 239 4075 qui
267 4020 367 4075 pro
389 4006 492 4059 ﬂde
517 4007 736 4075 patitur,
771 4011 950 4077 omnia
984 4011 1222 4064 membra
1251 4025 1343 4064 sua
1368 4010 1700 4065 distribuen-

144 4104 297 4163 tem;
332 4097 459 4152 dum
492 4099 771 4166 scinditur,
808 4109 863 4155 et
886 4101 963 4168 ad
995 4102 1087 4156 Dei
1114 4102 1434 4157 sacriﬁcium
1462 4111 1516 4156 et
1552 4102 1702 4156 abla-

149 4189 350 4242 tiouem
381 4203 442 4243 ea
480 4191 727 4266 secrevit,
770 4207 891 4261 qua:
920 4208 1089 4262 usque
1126 4193 1191 4246 ad
1228 4194 1503 4259 musculos
1534 4193 1700 4247 femo-

150 4293 320 4347 raque
353 4288 409 4332 et
438 4280 571 4334 talos
609 4289 662 4333 et
702 4290 878 4335 tarsos
916 4281 1231 4336 dividuntur
1262 4282 1703 4337 immisericordi-

153 4380 252 4432 ter.
288 4384 399 4425 non
440 4372 737 4428 admiratur
774 4373 1245 4428 laboriosissimum
1293 4375 1344 4426 in
1378 4374 1705 4428 decertando

149 4463 502 4532 patientiam?
560 4463 692 4530 Quis
763 4481 885 4519 eum
943 4466 1248 4535 aspicicns,
1306 4468 1397 4536 qui
1457 4465 1708 4520 leonibus

1802 659 2074 716 Christum
2129 662 2229 717 fuit
2266 674 2599 732 amputatum
2632 668 2917 731 sententia,
2955 677 3010 721 et
3048 670 3140 736 qui
3194 684 3353 725 omne

1802 768 1972 822 genus
2029 753 2278 809 ﬂuctibus
2326 769 2566 808 seorsum
2626 754 2870 831 fortuna
2905 757 3107 825 reliqua
3170 762 3355 827 cymba

1802 844 2064 913 corporis,
2090 854 2143 898 et
2166 855 2299 902 nutu
2332 846 2497 899 divini
2531 848 2713 902 auxilii
2740 862 2801 901 ea
2836 848 2983 901 unita
3003 856 3353 916 etper.mare

1804 938 2055 999 tanquam
2115 948 2207 1001 per
2262 934 2466 987 aridam
2528 943 2676 988 recto
2728 936 2920 989 itinere
2974 936 3353 1006 ingredientia.

1800 1020 2007 1075 etiamsi
2059 1023 2258 1077 duritie
2311 1039 2403 1077 eor
2459 1026 2650 1077 habeat
2704 1024 2992 1088 ﬂuctuans,
3040 1042 3145 1081 non
3173 1029 3352 1080 statim

1800 1110 1947 1185 venit
1975 1110 2039 1163 ad
2072 1120 2280 1179 portum
2311 1114 2709 1181 tranquillitatis
2738 1114 2993 1181 spiritalis
3013 1116 3036 1168 ?
3054 1114 3185 1180 Quis
3208 1130 3353 1176 eum,

1801 1201 1957 1268 cujus
2019 1217 2224 1270 ungues
2284 1203 2638 1257 arundinibus
2692 1205 2864 1258 aeutis
2911 1205 3272 1274 perforantur,
3302 1214 3358 1260 et

1799 1290 1889 1358 qui
1924 1289 1976 1342 in
2023 1289 2337 1355 bullientem
2382 1291 2515 1359 picis
2545 1293 2774 1347 lebetem
2816 1309 3056 1362 prmceps
3081 1297 3354 1366 immergi-

1802 1389 1888 1433 tur
1911 1389 1965 1435 et
1990 1398 2175 1436 rursus
2223 1385 2470 1446 emergit,
2503 1392 2564 1450 et.
2585 1384 2760 1451 gladio
2804 1385 3070 1438 hostiliter
3097 1400 3355 1438 consum-

1801 1480 1997 1535 matur,
2039 1468 2329 1541 aspiciens,
2375 1488 2480 1527 non
2513 1487 2707 1548 manus
2734 1476 2801 1531 ad
2841 1472 3006 1527 Deum
3032 1474 3266 1534 sustulit,
3301 1485 3354 1528 et

1799 1577 1906 1629 non
1932 1564 2135 1632 optavit
2175 1566 2371 1619 deinde
2404 1566 2558 1619 talem
2594 1566 2826 1633 experiri
2851 1568 3148 1620 cruciatum
3172 1568 3197 1619 ?
3221 1566 3354 1631 Quis

1797 1654 2024 1722 eos,qui
2061 1654 2181 1724 gelu
2221 1656 2448 1709 hiberno
2492 1665 2545 1709 et
2588 1656 2727 1710 aeris
2759 1656 2939 1725 algore
2971 1666 3350 1717 concrescunt,

1798 1728 1850 1795 et
1879 1743 2007 1796 nudi
2042 1746 2339 1807 decertant,
2368 1753 2570 1798 attente
2591 1745 2943 1799 considerans
2973 1761 2987 1807 ;
3025 1753 3080 1798 et
3105 1745 3193 1814 qui
3226 1760 3352 1797 eru-

1800 1849 1915 1887 rmn
1953 1833 2220 1887 sustinent
2250 1833 2559 1894 h'actiones.
2585 1843 2638 1888 et
2662 1848 2787 1889 cum
2812 1836 3064 1889 ardentes
3090 1835 3350 1906 carbones

1729 1925 1770 1980 Β
1799 1934 2004 1979 naturre
2028 1925 2219 1979 robore
2250 1918 2555 1992 eﬂ'ugerint,
2591 1925 2642 1977 in
2676 1924 2958 1980 ﬂuviorum
2991 1926 3191 1979 ﬂuenta
3223 1926 3350 1979 utit-

1797 2024 1982 2069 tuutnr
2003 2008 2188 2071 eorum
2225 2016 2480 2085 reliquiae,
2523 2032 2627 2069 non
2668 2016 2991 2070 desideravit
3032 2018 3350 2071 eoshabere

1795 2117 2070 2173 patronos,
2121 2114 2174 2159 et
2207 2106 2459 2175 precibus
2490 2106 2789 2159 attrahere
2841 2114 3025 2159 eorum
3088 2122 3265 2160 acrem
3297 2117 3352 2161 ct

1792 2197 2004 2267 dignam
2041 2197 2451 2252 defensionem?

1861 2289 1948 2341 In.
1990 2286 2112 2343 llaae
2138 2299 2314 2342 autem
2346 2286 2540 2341 tideris
2573 2286 2684 2339 ﬁeri
2725 2300 2831 2339 non
2858 2286 3027 2341 solum
3058 2286 3109 2340 in
3137 2300 3349 2341 mascu-

1792 2378 1876 2436 lis.
1928 2380 2019 2433 scd
2063 2379 2222 2432 etiam
2272 2378 2324 2431 in
2383 2377 2618 2438 feminis,
2670 2393 2789 2446 qua:
2822 2378 3038 2444 paribus
3074 2378 3353 2433 decertant

1796 2468 2204 2533 certaminibus,
2242 2478 2298 2521 ct
2343 2467 2693 2536 equuieorum
2733 2475 2788 2521 et
2825 2482 3062 2521 rotarum
3110 2478 3163 2520 et
3188 2478 3350 2523 caete-

1795 2575 1977 2613 rorum
2007 2568 2397 2613 tormentorum
2425 2560 2627 2613 nullam
2660 2560 2865 2614 ducunt
2906 2560 3184 2614 rationem.
3220 2560 3353 2625 Quis

1795 2649 1939 2702 enim
1987 2650 2103 2704 haec
2153 2649 2267 2704 ﬂeri
2316 2649 2587 2719 aspiciens
2617 2650 2671 2703 in
2706 2650 3021 2704 mollissima
3049 2660 3262 2713 natura,
3306 2653 3351 2705 si

1797 2740 1960 2793 veluti
1991 2742 2195 2794 litteras
2223 2740 2526 2804 attendens,
2556 2740 2695 2809 legat
2730 2742 2959 2801 colores,
3011 2756 3119 2801 nen
3163 2743 3352 2795 mulie-

1798 2830 1946 2883 brem
1978 2830 2197 2896 abjiciat
2244 2831 2603 2891 timiditatem,
2650 2840 2703 2883 et
2745 2831 2931 2884 llducia
2974 2833 3216 2890 indutus.
3246 2849 3352 2887 non

1796 2928 1974 2973 autem
2024 2919 2309 2972 temeraria
2360 2919 2602 2980 audacia.
2652 2927 2709 2973 et
2759 2921 2825 2972 ad
2860 2920 3025 2974 Deum
3074 2919 3353 2977 funebrem

1798 3018 1956 3063 eanat
2013 3009 2394 3073 laudationem,
2454 3017 2508 3063 et
2552 3019 2738 3078 aperte
2786 3012 3104 3079 pronuntiet
3145 3013 3356 3066 beatam

1800 3101 1938 3154 hanc
1968 3100 2223 3153 invictam
2255 3170 2259 3175 η
2287 3099 2694 3153 fortitudinem?
2738 3099 2871 3165 Quis
2925 3102 3115 3154 videns
3166 3102 3365 3157 itllm3-'

1801 3201 2042 3243 [urorum
2073 3205 2360 3258 puerorum
2410 3198 2622 3248 {etatem
2657 3190 2708 3243 in
2742 3188 3053 3258 asperrimis
3081 3191 3357 3245 doloribus

1724 3259 1767 3315 θ
1803 3293 2051 3352 tanquam
2080 3281 2131 3335 in
2163 3282 2315 3351 aquis
2342 3282 2697 3345 innatantem,
2730 3292 2783 3337 et
2824 3291 3077 3353 tanquam
3116 3285 3197 3338 lac
3227 3299 3360 3337 eoa—

1799 3376 2057 3447 gulatum,
2118 3373 2380 3428 emulsum
2435 3390 2498 3428 ex
2560 3375 2817 3429 uberibus
2880 3375 3037 3438 ﬂdci,
3091 3385 3145 3430 et
3199 3393 3387 3435 omne.

1799 3480 1965 3537 genus
2001 3466 2249 3519 tormenti
2280 3473 2333 3520 et
2377 3464 2624 3532 supplicii
2658 3465 2815 3516 simul
2842 3463 3101 3518 ferentem
3138 3474 3358 3535 propter

1798 3555 2094 3615 Christum,
2150 3571 2258 3609 non
2313 3555 2606 3623 coniecerit
2662 3554 2764 3607 hoc
2818 3569 2939 3622 esse
2995 3571 3135 3623 opus
3185 3553 3352 3611 divini

1799 3646 2004 3707 auxilii,
2054 3646 2197 3715 quod
2235 3636 2644 3700 ct'muliebrem
2699 3644 3123 3700 imbecillitatem
3144 3647 3355 3703 virtute

1799 3738 1934 3791 virili
1963 3737 2090 3791 fecit
2119 3736 2498 3798 robustiorem,
2532 3746 2588 3790 ct
2626 3736 2958 3804 impuberem
3000 3752 3062 3790 ac
3094 3739 3357 3805 puerdem

1802 3827 2264 3897 imperfectionem
2291 3827 2530 3881 ostendit
2560 3826 2751 3893 spiritu
2789 3841 2852 3879 ac
2896 3842 3057 3880 sensu
3088 3843 3205 3881 esse
3239 3847 3357 3881 mn-

1803 3924 1961 3969 tatam
2018 3918 2071 3969 in
2126 3916 2351 3971 senilem
2390 3915 2750 3970 vetustatem?
2814 3914 2948 3981 Quis
3000 3916 3249 3971 ’l'bvclatu
3305 3932 3357 3972 ct

1805 4006 2157 4075 Stephanum,
2206 4007 2298 4075 qui
2361 4006 2518 4076 primi
2572 4016 2690 4076 post
2718 4006 2993 4062 Christum
3038 4007 3353 4062 athleticam

1805 4107 2008 4167 portam
2036 4104 2363 4167 aperuerunt
2387 4098 2729 4167 martyribus,
2763 4096 2910 4151 hunc
2932 4096 3147 4165 quidem
3168 4097 3359 4155 videns

1804 4189 2071 4259 lapidibus
2104 4191 2424 4259 appetitum,
2469 4200 2523 4243 et
2554 4189 2853 4244 occisorum
2888 4205 2983 4259 per
3011 4205 3230 4257 precum
3272 4194 3358 4242 in-

1806 4281 2184 4336 tercessionem
2220 4284 2361 4350 apud
2406 4283 2569 4336 Deum
2611 4297 2794 4337 curam
2840 4292 3157 4350 gerentem;
3208 4282 3356 4334 illam

1806 4389 1933 4426 vero
1976 4382 2031 4427 et
2083 4372 2317 4427 ferarum
2372 4374 2630 4427 saevitiam
2668 4374 3077 4444 deSpicienteiu,
3138 4381 3356 4440 propter

1806 4478 1956 4517 suam
1990 4478 2101 4516 non
2132 4463 2307 4517 [ictam
2364 4463 2416 4516 in
2457 4464 2748 4528 Christum,
2793 4477 2950 4533 quem
2994 4462 3356 4529 desiderabat,

148 4554 406 4625 obiicitur
430 4554 790 4620 devorandos,
822 4567 877 4610 et
898 4556 1147 4611 dentibus
1181 4573 1367 4612 eorum
1397 4555 1701 4627 molendus,
1742 4595 1780 4647 ο
1808 4554 2144 4617 charitatem,
2183 4569 2287 4607 non
2328 4555 2508 4609 statim
2537 4555 2695 4610 discit
2736 4570 2841 4607 non
2877 4554 3013 4608 male.
3046 4555 3246 4623 precari
3273 4555 3357 4608 iu~

151 4656 205 4701 et
241 4647 408 4701 veluti
457 4642 694 4703 cmlestis
726 4648 879 4717 panis
924 4662 1121 4702 mensa:
1151 4649 1356 4702 ωειςειί
1392 4647 1706 4717 conspergi-

154 4745 258 4801 tur,
308 4752 416 4791 non
446 4747 523 4792 est
562 4739 906 4809 intelligentia
948 4740 1217 4808 particeps
1253 4738 1396 4791 illius
1426 4736 1701 4806 martyrici

152 4824 413 4895 spiritalis
463 4824 734 4880 convivii?
785 4824 916 4891 Quis
975 4841 1097 4880 eum
1143 4826 1552 4896 contemplans,
1614 4825 1704 4893 qui

152 4918 345 4972 acerba
378 4924 563 4971 catena
580 4927 799 4986 propter
832 4916 996 4970 Deum
1025 4919 1344 4987 exagitatus,
1375 4927 1431 4972 ct.
1454 4919 1511 4995 in
1541 4917 1705 4970 altum

155 5009 420 5074 sublatus,
460 5017 514 5063 et
543 5008 669 5060 loris
699 5023 761 5061 ac
784 5008 1000 5063 stutinis
1028 5008 1225 5063 vibices
1244 5010 1405 5063 habet
1435 5018 1704 5071 extensus,

154 5108 210 5154 ct
239 5099 456 5153 tandem
501 5098 677 5169 gladio
718 5106 944 5151 mortem
975 5099 1140 5163 subit,
1178 5114 1284 5152 non
1313 5099 1553 5167 seipsum
1590 5090 1706 5166 om,

157 5191 290 5245 nino
331 5191 507 5265 cordis
541 5192 866 5245 contrahens
890 5193 1333 5255 contritionibus,
1378 5193 1709 5246 convertitur

158 5286 223 5339 ad
257 5291 464 5355 gratam
506 5283 597 5337 Dei
646 5284 1119 5354 glorificationem?
1161 5283 1295 5349 Quis
1327 5301 1449 5339 eum
1496 5284 1707 5347 videns,

159 5378 249 5446 qui
283 5385 463 5432 rectus
496 5376 546 5429 in
585 5374 726 5444 ligno
768 5376 1019 5441 vincitur,
1059 5384 1114 5431 et
1145 5376 1298 5444 cujus
1330 5378 1713 5430 exinaniantur

148 5467 417 5522 tintestina
467 5466 836 5538 frequentibus
881 5468 1078 5521 ictibus
1121 5465 1448 5537 ﬂagellorum
1476 5509 1490 5531 ,
1527 5476 1581 5521 et
1618 5467 1710 5537 qui

160 5556 470 5611 diuturnam
509 5556 650 5610 illam
679 5555 906 5609 sustinet
941 5555 994 5607 in
1024 5555 1165 5625 ligno
1200 5556 1625 5624 perpessionem,
1659 5565 1712 5610 ct

163 5651 279 5703 sine
330 5644 625 5702 visceribus
684 5644 1019 5716 ingrediens,
1098 5645 1377 5699 funebrem
1426 5646 1709 5714 quamdam

165 5737 322 5794 euitat
358 5738 720 5803 saltationem,
760 5754 871 5793 non
921 5737 1101 5792 divino
1149 5739 1253 5792 telo
1298 5740 1352 5791 in
1384 5739 1544 5793 corde
1587 5752 1711 5791 sau-

166 5831 353 5897 ditur,
388 5829 902 5901 tabernaculumque
929 5838 981 5884 et
1008 5830 1265 5899 templum
1301 5829 1514 5897 pictatis
1544 5828 1712 5883 eﬂici-

1808 4646 2116 4707 imicis,sed
2155 4654 2404 4713 tanquam
2442 4645 2873 4700 benefactoribus
2910 4647 2988 4700 eis
3017 4644 3237 4715 gratiam
3271 4662 3356 4700 re-

1807 4737 1964 4793 ferre.
1997 4744 2049 4788 ct
2098 4736 2357 4788 adversus
2412 4751 2635 4787 omnem
2663 4735 2949 4788 belluinam
3004 4742 3057 4786 et
3087 4746 3361 4792 amentem

1807 4825 2077 4877 ἁμαρτίαι-θ
2113 4822 2357 4877 haeresim
2376 4822 2398 4875 ?
2418 4880 2427 4886 ,

1874 4911 1962 4966 42.
2002 4909 2106 4966 Sed
2144 4906 2359 4966 transeo
2405 4911 2470 4964 ad
2507 4910 2672 4964 Deum
2705 4927 2886 4965 meum
2933 4923 2987 4968 et
3028 4914 3354 4973 Dominum,

1809 5004 1898 5073 qui
1936 5014 2136 5074 martyr
2165 5013 2249 5057 est
2291 5004 2613 5071 appeilatus,
2650 5012 2701 5055 et
2748 5004 2847 5057 fuit
2877 5008 3105 5074 posteris
3136 5007 3355 5076 dispen-

1809 5090 1955 5148 sator
2005 5094 2243 5148 victoria:
2278 5111 2290 5146 :
2324 5109 2484 5163 quem
2528 5093 2580 5145 in
2631 5094 2777 5164 ligno
2823 5113 3051 5151 cernens
3082 5100 3247 5153 clavis
3276 5102 3359 5152 aio

1812 5188 1996 5249 lixam,
2034 5193 2087 5239 et
2124 5187 2348 5256 spongia
2385 5193 2538 5240 aceto
2569 5196 2622 5239 et
2659 5185 2780 5240 felle
2817 5198 3075 5254 potarum,
3117 5192 3354 5247 ctlatere

1812 5278 1994 5331 lancea
2039 5285 2322 5346 punctum,
2367 5286 2421 5331 et
2449 5292 2513 5330 ex
2546 5292 2609 5330 eo
2637 5276 2843 5331 viviﬂca
2878 5277 3075 5333 ﬂuenta
3108 5284 3325 5335 emittar

1815 5376 1943 5430 tem,
1976 5369 2175 5423 horreo
2204 5377 2259 5423 et
2292 5384 2320 5422 a
2357 5384 2440 5422 me
2468 5368 2705 5429 discedo.
2755 5368 3068 5437 honoreque
3113 5374 3228 5441 ejus
3276 5374 3354 5428 in-

1812 5460 2180 5530 vestigabilem
2221 5470 2276 5515 ct
2302 5460 2623 5529 stupendam
2662 5460 2741 5512 sui
2778 5459 3180 5531 demissioncm.
3216 5466 3331 5531 ejus

1812 5568 1919 5621 que
1964 5553 2201 5606 admiror
2246 5568 2470 5607 summa:
2505 5552 2765 5605 malorum
2800 5553 3091 5607 tolerantiae
3119 5556 3333 5621 pelagus

1812 5645 2023 5699 Etenim
2054 5655 2273 5714 propter
2298 5644 2598 5699 clementia:
2616 5645 3061 5715 magnitudinem,
3093 5654 3145 5697 et
3174 5645 3359 5701 ineﬂ'a-

1814 5738 1971 5791 biiem
2038 5736 2423 5791 misericordiae
2482 5736 2817 5799 bonitatem,
2890 5751 3010 5789 cum
3063 5750 3363 5805 M'Cl‘ptSSt't

1813 5844 2027 5884 carnem
2064 5823 2341 5898 ejusdem,
2386 5828 2541 5899 cujus
2594 5837 2797 5894 nostra,
2844 5828 3105 5894 essentim,
3158 5844 3257 5897 tie-3
3286 5848 3357 5882 ua.
