4016 6340
682 431 813 495 Ml!)

1708 445 1788 507 VS.
1843 444 2145 506 TARASII
2187 447 2690 509 PATRIARCllxli
2726 452 2833 510 (ΣΡ.

3753 467 3864 530 1416

668 564 828 616 quam
861 563 918 602 se
965 564 1084 605 esse
1125 551 1293 607 Deum
1329 553 1619 622 inficiatus,
1657 560 1821 614 verbo
1852 561 2069 629 quidem
2100 563 2231 616 veri-
2264 578 2307 633 Α
2340 563 2409 617 sit
2455 566 2575 633 ejus
2607 568 2885 636 exemplar
2926 572 3312 638 venerandum,
3362 585 3417 630 et
3465 575 3654 632 levem
3686 581 3871 640 abomi-

670 639 820 698 tatis,
851 654 879 691 a
910 641 1056 694 verbi
1088 643 1355 700 ministris
1383 655 1688 702 atramento
1715 650 1976 717 colorate,
2000 662 2059 706 ut
2083 653 2232 717 licet,

671 730 1026 782 annuntiatnr
1058 748 1071 783 :
1117 748 1175 788 re
1209 750 1335 793 uera
1363 746 1546 789 autem
1580 738 1859 802 coloribus
1901 742 1970 813 ab
2020 743 2151 812 ipsis
2180 753 2234 798 et

670 831 855 872 eorum
895 823 1118 877 asseclis
1149 824 1621 881 circumscribitur
1650 837 1705 883 et
1748 830 2074 903 depingitur;
2122 849 2231 886 non

668 923 863 965 erassre
913 913 1153 968 materia:
1202 914 1680 973 commiscentibus
1728 920 2128 991 simplicitatem
2177 933 2231 978 et

669 996 859 1054 formae
886 1004 1212 1059 vacuitatem
1244 1024 1256 1058 :
1292 1022 1466 1076 neque
1499 1008 1641 1062 enim
1674 1011 2099 1076 circumciditur,
2129 1029 2231 1068 nec

669 1091 817 1145 subit
858 1093 1196 1151 affectionem
1232 1114 1244 1149 :
1276 1100 1373 1155 sed
1411 1100 1555 1168 quod
1597 1117 1690 1154 sua
1734 1111 1928 1169 natura
1955 1104 2105 1193 cerni
2135 1120 2231 1172 po.

667 1187 775 1234 test
802 1191 857 1236 et
908 1189 1253 1255 contrectari,
1292 1193 1677 1261 .quamoptime
1719 1187 2137 1264 depingenlibus
2175 1204 2230 1250 ct

659 1274 1268 1336 circumscribentihus:
1298 1284 1660 1349 Quamobrem
1691 1296 1799 1345 tota
1828 1292 2025 1354 anima,
2067 1293 2228 1347 corde

669 1369 722 1414 et
752 1363 1101 1431 cogitatione,
1123 1383 1243 1435 qua:
1276 1381 1404 1428 sunt
1435 1375 1503 1429 ab
1537 1376 1617 1429 eis
1648 1378 1886 1442 decreta,
1930 1386 2147 1433 tuentes
2173 1388 2228 1435 et

668 1451 1074 1518 amplcctcntes,
1126 1464 1175 1510 et
1214 1459 1303 1524 qui
1348 1466 1431 1513 ες·
1468 1463 1578 1517 Deo
1624 1476 1753 1520 sunt
1798 1470 1994 1523 mentis
2030 1478 2227 1524 nostrae.

667 1556 887 1608 gressus
945 1544 1012 1597 ab
1086 1561 1152 1599 co
1216 1551 1552 1616 apertissime
1610 1544 1872 1610 habentes
1929 1558 2223 1624 dilatatos,

666 1644 860 1700 magno
906 1634 1099 1689 sttttlio‘
1134 1640 1516 1696 contendimus
1553 1645 1618 1698 ad
1651 1646 2049 1714 excipiendam,
2079 1654 2138 1703 ‘et
2170 1658 2226 1703 ut

666 1719 747 1773 fas
786 1730 886 1786 est,
924 1726 1249 1781 adorandum
1283 1730 1493 1787 Christi
1536 1735 1822 1805 imaginem
1860 1748 1911 1793 et
1954 1740 2074 1808 ejus
2102 1756 2225 1810 pcr-
2269 1747 2272 1749 λ

667 1812 994 1878 pessionem,
1045 1825 1100 1869 et
1132 1819 1198 1871 ad
1238 1836 1336 1875 nos
1379 1824 1712 1881 exhibendos
1764 1829 1953 1899 dignos
1984 1833 2222 1896 isanetis,

667 1898 756 1965 qui
810 1900 1028 1956 fuerunt
1078 1921 1106 1957 a
1155 1909 1369 1964 saeculo.
1405 1911 1684 1976 Quomodo
1716 1933 1846 1988 ergo
1877 1936 1985 1975 non
2034 1937 2097 1976 ex
2136 1924 2222 1978 his

666 1988 842 2042 bonus
872 1992 1103 2047 ellieitur
1131 1997 1342 2072 aliquis,
1375 2002 1707 2058 etiamsi’cor
1732 2007 1927 2063 habeat
1952 2014 2219 2066 sententia
2256 2069 2261 2073 ,

664 2074 975 2144 lapideum?
1016 2082 1148 2147 Quis
1170 2101 1288 2153 non
1319 2102 1595 2145 reveretur
1620 2094 1908 2151 coloratam
1930 2098 2215 2167 picturam,

662 2179 782 2231 qua:
824 2166 926 2221 fert
957 2172 1201 2240 exempla
1238 2175 1478 2242 pietatis.
1518 2196 1614 2247 per
1635 2199 1754 2250 qua:
1782 2166 1965 2240 doceri
1996 2203 2223 2257 possunt

661 2263 876 2309 veteres
915 2273 1002 2311 res
1045 2271 1228 2329 geste,
1272 2267 1455 2318 mundi
1476 2279 1662 2336 ,ortus,
1712 2273 1948 2345 legisque
1991 2289 2045 2333 et
2097 2296 2221 2349 pro-

664 2343 969 2409 phetarum,
998 2362 1292 2420 senemque
1316 2364 1369 2409 et
1389 2357 1665 2426 antiquam
1696 2364 1907 2420 ellicere
1937 2370 2220 2440 cogitatio-

661 2433 828 2485 nem?
871 2430 972 2489 Per
996 2454 1155 2507 quam
1185 2446 1393 2501 accedit
1434 2450 1682 2505 meditari
1729 2452 1906 2512 divina
1948 2470 2001 2515 et
2028 2460 2216 2534 magna

660 2524 845 2592 gratia:
877 2527 1153 2593 miracula,
1182 2547 1301 2601 qua:
1327 2537 1518 2603 adﬁci
1554 2542 1773 2611 gloriam
1803 2549 2068 2605 inducunt
2094 2524 2217 2624 spe-

657 2622 912 2680 ctatores,
935 2619 1025 2686 qui
1049 2623 1232 2677 omnia
1258 2625 1386 2680 fecit
1415 2629 1469 2682 in
1498 2634 1779 2701 sapientia,
1806 2646 1860 2692 et
1881 2656 2007 2697 suos
2030 2660 2215 2709 servos

659 2718 757 2771 per
784 2720 931 2759 suam
965 2709 1019 2761 in
1055 2711 1200 2780 ipsos
1235 2716 1690 2793 benevolentiam,
1737 2731 1987 2785 maximis
2027 2736 2219 2793 extulit

660 2793 962 2852 honoribus
1014 2800 1196 2870 (Psal.
1241 2821 1370 2873 cm,
1418 2810 1519 2877 24)
1555 2833 1567 2865 :
1602 2822 1654 2869 et
1699 2830 1983 2887 propterea
2029 2834 2215 2893 aperte

658 2884 827 2957 voluit
858 2902 951 2941 eos
972 2890 1190 2961 dcpingi
1219 2910 1281 2947 ac
1313 2898 1566 2963 describi,
1602 2914 1653 2957 et
1679 2919 1867 2960 eorum
1900 2915 2213 2992 memoriam

658 2986 778 3026 esse
813 2986 1125 3045 perpetuam
1172 2982 1224 3035 in
1272 2990 1473 3042 nostris
1510 2993 1783 3048 cordibus.
1830 2997 2111 3061 Quodnam
2134 2984 2212 3059 “ex

654 3061 745 3115 his
767 3078 999 3132 unquam
1024 3068 1275 3126 damnum
1309 3076 1373 3129 ad
1401 3079 1635 3134 animam
1664 3086 1926 3141 redierit?
1953 3088 2208 3154 Quisnam

2336 654 2515 719 naris,
2564 667 2785 724 propter
2826 664 3218 716 exsecrandatn
3239 664 3359 732 ejus
3406 665 3685 724 libidinem
3732 684 3871 744 atque

2332 745 2728 812 petulantiam?
2770 747 2887 804 Non
2931 752 3209 808 Christum
3249 755 3416 809 Deum
3451 762 3785 828 pronuntias,
3814 769 3871 821 ob

2333 839 2673 894 sanctitatem
2706 843 2825 910 ejus
2855 846 3357 915 incomparabilem,
3395 858 3451 905 et
3487 868 3606 921 quae
3638 869 3870 924 expressa

2331 935 2411 979 est
2454 942 2550 994 per
2593 931 2970 986 materiamah
2992 930 3236 1004 antiquis
3267 938 3612 1006 honoratam,
3642 944 3797 999 Deum
3826 962 3870 1003 et

2335 1016 2612 1072 hominem
2663 1022 2953 1079 referentis
3000 1027 3249 1097 imaginis
3301 1032 3542 1088 admittis
3578 1037 3869 1094 similitudi-

2330 1120 2485 1172 nem;
2529 1108 2834 1165 fabulosum
2873 1123 3055 1168 autem
3096 1118 3243 1172 illum
3283 1124 3629 1190 parricidam,
3664 1138 3717 1183 et
3746 1132 3868 1199 ejus,

2327 1211 2450 1264 quae
2481 1213 2508 1250 a
2561 1198 2847 1256 divinitate
2897 1207 3131 1273 excidit,
3183 1209 3410 1280 eiligiem
3467 1198 3785 1275 transmittis
3823 1223 3867 1275 in

2328 1284 2679 1355 profundum,
2714 1290 2766 1343 in
2794 1306 2900 1360 qua
2931 1293 3047 1362 ipse
3074 1298 3242 1364 patris
3274 1301 3378 1361 sui,
3415 1318 3537 1370 quae
3561 1305 3866 1373 absciderat,

2328 1377 2562 1431 verenda
2596 1389 2683 1432 est
2707 1381 3015 1449 jaculatus‘?
3039 1384 3130 1441 Na:
3157 1397 3212 1441 tu
3239 1387 3515 1447 Christum
3546 1395 3866 1455 Servatorem

2327 1461 2915 1544 habea's_propitium,
2965 1476 3057 1543 qui
3109 1480 3374 1534 materiali
3427 1494 3736 1542 sanctorum
3784 1507 3865 1544 ex-

2327 1568 2513 1621 pressa
2549 1540 3067 1634 delectatur-efﬁgie,
3095 1569 3219 1622 odio
3249 1581 3428 1626 autem
3475 1576 3638 1645 habet
3670 1578 3859 1637 Satanae

2327 1653 2383 1696 et
2412 1645 2781 1715 improborum
2811 1653 2931 1721 ejus
2958 1658 3248 1714 satellitum
3278 1663 3714 1724 abominatioues
3743 1691 3756 1724 :
3782 1674 3861 1743 qui

2327 1748 2449 1789 cum
2483 1738 2671 1794 vident
2703 1742 2906 1814 Christi
2940 1754 2995 1799 et
3016 1747 3138 1815 ejus
3173 1764 3451 1827 servorum
3498 1769 3710 1815 erectas
3748 1762 3864 1817 ima-

2326 1825 2499 1895 gines,
2537 1839 2878 1898 evertuntur,
2930 1834 3292 1907 ingemiscunt
3326 1825 3381 1897 et
3420 1846 3654 1912 deflent,
3699 1862 3751 1906 et
3781 1856 3863 1908 ad-

2324 1933 2516 1974 versus
2543 1936 2656 1986 eos,
2686 1924 2779 1993 qui
2809 1925 2922 1980 luec
2950 1927 3201 1984 lubenter
3228 1932 3454 1999 faciunt,
3481 1940 3713 1997 strident
3748 1946 3862 2001 den-

2318 2008 2486 2071 tibus,
2523 2019 2577 2064 et
2603 2014 2881 2081 pulverem
2906 2019 3145 2074 excitant
3173 2023 3563 2081 calamitatum.
3602 2029 3696 2084 llis
3719 2047 3863 2088 enco-

2322 2100 2553 2155 miorum
2594 2089 2790 2159 verbis:
2814 2108 3059 2163 excitans
3116 2110 3408 2179 Tarasius,
3464 2128 3517 2172 et
3576 2120 3631 2174 iu
3690 2124 3863 2179 tabulis

2321 2189 2616 2246 honoriﬁce
2665 2194 2982 2265 insculpens
3038 2202 3107 2255 ab
3136 2202 3225 2257 eis
3247 2220 3349 2273 pro
3378 2207 3600 2264 Christo
3630 2227 3861 2285 suscepta

2320 2285 2619 2338 certamina
2655 2294 2709 2341 et
2750 2289 2990 2356 pericula
3013 2330 3028 2354 ,
3073 2308 3258 2377 eorum
3302 2297 3588 2356 insistebat
3625 2307 3859 2376 vestigiis.

2318 2365 2530 2421 etiamsi
2583 2375 2846 2429 manserit
2888 2376 3005 2431 sine
3044 2365 3334 2449 ‘vihicibus,
3373 2400 3482 2439 non
3514 2399 3700 2444 autem
3730 2408 3859 2447 eos:

2320 2463 2470 2526 tergo
2499 2463 2852 2530 sequebatur.

2923 2577 3148 2639 CAPL‘T
3187 2585 3252 2638 Χ.

2381 2655 2717 2727 Comparatio
2762 2670 2930 2720 sancti
2970 2670 3316 2794 Tqragjicum
3359 2682 3612 2746 apostolis
3638 2693 3685 2735 et
3714 2701 3801 2754 pa-

2969 2750 3100 2791 triar
3146 2760 3227 2794 us.

2969 2750 3227 2795 trtarclu's.

2380 2816 2468 2871 Η.
2511 2819 2801 2878 Videamus
2836 2841 2982 2889 vero,
3029 2846 3095 2883 an
3145 2834 3305 2889 etiam
3356 2842 3703 2896 contenderit
3747 2858 3852 2899 cum

2314 2902 2378 2955 iis
2405 2907 2495 2973 qui
2535 2921 2689 2962 erant
2733 2914 2785 2964 in
2832 2918 3018 2981 gratia.
3061 2919 3194 2974 Nam
3225 2940 3346 2977 eum
3391 2927 3547 2983 Verbi
3604 2930 3853 3004 discipuli,

2312 2994 2509 3047 mentis
2544 2996 2596 3048 in
2641 2998 2949 3068 Magistrum
2981 2999 3490 3080 imtnutabilitatem,
3517 3036 3618 3088 per
3641 3025 3854 3081 divinam

2311 3083 2657 3141 osmnderent
2688 3090 3101 3161 confessionem,
3143 3100 3255 3168 ipse
3293 3112 3507 3173 quoque
3537 3124 3658 3164 eam
3692 3129 3857 3169 serva-

658 3158 836 3203 autem
888 3169 995 3207 non
1040 3159 1217 3225 potius
1254 3177 1320 3216 ex
1365 3165 1430 3220 iis
1465 3171 1671 3239 accepit
1718 3175 2042 3234 utilitatem?
2078 3181 2209 3248 Quis

659 3253 720 3265 η,
757 3243 937 3265 η,,ι,,,
999 3260 1055 3265 η
1303 3254 1335 3265 _.
1798 3263 1803 3265 Α

2311 3170 2388 3224 vit
2440 3173 2697 3244 integram
2751 3189 2804 3233 ct
2857 3178 3275 3252 inviolabilema
3308 3203 3555 3251 materno
3600 3211 3772 3265 utero,
3809 3216 3854 3259 et

656 3253 722 3293 ex
754 3243 944 3297 crebra
996 3260 1059 3299 ac
1096 3248 1338 3318 diligenti
1382 3271 1567 3311 eorum
1617 3263 2048 3339 consideratione
2099 3289 2211 3327 non

657 3336 970 3395 perpetuam
1002 3338 1335 3404 comparavit
1365 3345 1680 3403 memoriam
1726 3350 1916 3405 salutis
1955 3336 2210 3413 concilia-

659 3417 843 3472 tricem
864 3420 887 3472 ?
1652 3508 1656 3512 δ

723 3506 811 3560 45.
845 3506 940 3562 Dic
968 3512 1094 3565 mihi
1135 3516 1277 3569 enim
1300 3558 1313 3579 ,
1349 3520 1442 3587 qui
1486 3508 1703 3579 infamis
1751 3539 1803 3582 et
1840 3529 2209 3600 ignominiosae

654 3596 822 3660 partis
850 3597 1092 3652 ordinem
1123 3603 1324 3667 laudas,
1361 3622 1393 3661 ο
1425 3600 1707 3678 haeretice;
1739 3605 1916 3684 neque
1952 3623 2099 3675 enim
2126 3626 2207 3678 di-

654 3682 831 3735 dicisti
881 3685 1146 3743 honorare
1201 3693 1343 3759 quod
1419 3700 1772 3770 estdignum
1827 3682 2066 3772 honore;
2117 3715 2207 3781 qui

656 3770 811 3826 idolis
854 3783 909 3827 et
941 3780 1258 3835 venerandis
1305 3783 1653 3855 imaginibus
1681 3787 1928 3849 lubenter
1960 3799 2206 3854 eamdem

653 3859 846 3915 tribuis
879 3863 1249 3937 ignominiam,
1282 3876 1497 3941 quando
1529 3879 1740 3947 profani
1780 3891 1834 3936 et
1871 3888 2039 3940 sancti
2067 3889 2207 3944 scies

652 3951 1037 4018 differentiam,
1076 3967 1132 4012 et
1164 3960 1251 4022 iis,
1283 3977 1401 4030 qua:
1443 3981 1505 4020 ex
1545 3969 1654 4024 illis
1692 3967 2056 4036 deducuntur,
2107 3978 2205 4030 tri-

651 4037 785 4092 bues
820 4041 870 4094 id
896 4044 1037 4110 quod
1062 4050 1357 4104 convenit?
1390 4052 1482 4106 Est
1506 4057 1648 4109 enim
1679 4062 1957 4129 proprium
1992 4065 2123 4137 legis
2151 4078 2205 4123 et

651 4128 993 4191 eruditionis.
1047 4146 1231 4191 saneta
1277 4140 1584 4198 discernere
1623 4162 1651 4200 a
1688 4151 1946 4219 profanis,
2000 4166 2056 4210 et
2102 4158 2202 4212 im-

650 4219 849 4273 munda
900 4236 927 4273 a
977 4225 1190 4278 mundis
1219 4238 1241 4278 2‘
1269 4233 1536 4296 quomodo
1564 4247 1763 4293 rursus
1794 4250 1870 4295 est
1904 4243 2202 4314 iniquitatis

646 4318 703 4361 ct
734 4309 980 4376 inscitiae,
1030 4331 1147 4383 qua:
1181 4318 1320 4372 inter
1369 4336 1425 4375 se
1464 4337 1723 4394 pugnant,
1770 4332 1929 4386 simul
1968 4350 2158 4404 cogere
2184 4377 2199 4401 ,

647 4401 1018 4465 permiscendo
1043 4414 1098 4459 et
1126 4410 1507 4468 confundentlo
1531 4420 1729 4472 omnia.
1756 4421 1812 4474 Si
1837 4424 1983 4477 enim
2010 4425 2196 4481 Jovem

641 4668 861 4722 ctione:
911 4675 1175 4742 numquid
1203 4683 1583 4737 contumeliam
1637 4696 1692 4741 et
1732 4689 1991 4755 'dedecus,
2049 4698 2192 4764 quod

1065 4738 1077 4742 _
1646 4738 1687 4741 ρ
1743 4738 1991 4755 "wn".
2050 4738 2191 4764 ιιι-νι-

608 4738 781 4818 Ἰονί,
829 4761 917 4826 qui
976 4761 1112 4817 falso
1163 4767 1387 4831 dicitur,
1439 4774 1667 4839 tribuis,
1728 4791 1927 4835 sanctae
1975 4799 2191 4851 quoque

637 4846 835 4901 Christi
864 4850 1051 4906 formae
1085 4854 1304 4912 inures?
1340 4859 1534 4916 Audivi
1570 4867 1713 4920 enim
1749 4878 1801 4923 te
1832 4872 2009 4928 inania
2039 4892 2189 4945 quae-

636 4935 758 4989 dam
794 4939 1099 5007 hujusmodi
1133 4947 1402 5007 adducere
1436 4969 1499 5008 ac
1534 4952 1914 5026 blaterare,"ct
1967 4935 2069 5032 iis;
2094 4971 2187 5038 qui

636 5046 666 5080 a
694 5027 895 5085 Christi
924 5042 1187 5090 vocantur
1212 5043 1453 5107 nomine,
1476 5056 1531 5099 et
1556 5048 2044 5125 Trinit’atis'gloriaz
2071 5062 2184 5114 cul-

635 5126 772 5182 tum,
808 5121 1066 5180 honorem
1101 5137 1156 5183 et
1197 5131 1365 5186 solam
1400 5133 1568 5190 latrize
1593 5139 1959 5199 adorationem
1993 5149 2184 5204 invisi-

633 5208 815 5284 biliter
830 5220 887 5265 et
914 5227 1115 5271 canunt
1143 5228 1193 5273 et
1208 5221 1470 5291 tribuunt,
1494 5225 1762 5283 intentare
1788 5233 1989 5289 crimen
2009 5237 2175 5293 idolo-

630 5300 818 5365 latriae,
860 5312 916 5357 et
948 5307 1180 5377 maligne
1214 5312 1439 5370 miscere
1496 5334 1616 5388 qua:
1642 5335 1751 5376 non
1787 5337 2015 5401 possunt
2044 5330 2181 5401 inter

630 5404 686 5443 se
709 5394 1021 5449 convenire.
1057 5395 1170 5451 Non
1194 5401 1288 5455 das
1314 5401 1678 5464 differentiam
1705 5398 1954 5485 imaginis
1978 5396 2178 5476 Christi

629 5488 683 5530 et
715 5480 985 5537 simulacri
1032 5483 1222 5541 Jovis?
1264 5491 1379 5547 Non
1413 5496 1648 5553 honoras
1681 5502 1951 5559 Christum
1972 5546 1985 5571 ,
2034 5512 2175 5577 quod

698 5612 804 5680 (δε)
845 5617 921 5697 lta
953 5620 1100 5698 apud
1128 5620 1487 5698 Nicephorum
1521 5636 1691 5687 sancti
1723 5636 1931 5693 Tarasii
1960 5656 2177 5698 succes»

629 5695 798 5777 iorem
848 5689 899 5738 in
953 5691 1207 5777 Catalogo
1238 5689 1925 5777 episcoporum“Byzantii.
1967 5713 2172 5777 primus

631 5751 863 5833 Andreas
892 5751 1168 5846 apostolus
1202 5751 1377 5832 prch
1421 5751 1813 5846 Byzantiiul'uit
1863 5751 2168 5846 Eva'ngclii;

628 5826 887 5878 exstruxit
920 5829 1108 5896 tndem,
1144 5826 1325 5903 iit-qun
1357 5826 1608 5907 precibus
1645 5826 2162 5915 piisimploraretut:

2314 3258 2471 3316 factis
2502 3264 2675 3332 ipsum
2713 3283 2898 3323 verum
2931 3271 3098 3327 Deum
3132 3280 3585 3357 prrcdicans,qui
3613 3307 3677 3345 ex
3709 3292 3852 3347 Mar'a

2312 3348 2367 3401 in
2396 3350 2596 3406 ultimis
2636 3359 2987 3425 temporibus,
3027 3370 3081 3417 et
3121 3380 3184 3419 ex
3211 3365 3370 3424 Patre
3402 3348 3528 3428 ante
3559 3381 3752 3433 saecula
3783 3393 3853 3437 est

2270 3440 2544 3508 .genitus,
2575 3448 2833 3513 aequalem
2868 3450 3032 3517 Patri,
3083 3458 3226 3525 quod
3274 3463 3467 3518 attinet
3513 3469 3584 3522 ad
3629 3472 3851 3539 ejusdem

2288 3530 2491 3599 gloria:
2547 3534 2799 3591 virtutem
2857 3540 3171 3601 divinitatis.
3234 3547 3487 3608 Siocuru
3542 3530 3784 3631 Philippo
3809 3573 3852 3617 et

2311 3619 2516 3675 Thoma
2569 3625 2844 3682 decretum
2904 3636 3166 3701 protulit,
3248 3638 3535 3698 Dominum
3596 3658 3653 3702 et
3688 3619 3851 3706 ⁵Ιδιξιιιιι

2308 3710 2585 3769 Christum
2627 3718 2834 3783 dicens,
2887 3716 2994 3778 non
3026 3723 3261 3797 palpatis
3296 3747 3415 3800 quae
3446 3737 3618 3793 clavis
3648 3744 3849 3798 conlisa

2308 3800 2543 3869 fuerant,
2572 3810 2845 3873 manibus,
2877 3829 3052 3891 neque
3078 3821 3337 3887 quaesitis,
3356 3839 3477 3894 quae
3503 3843 3605 3898 per
3629 3831 3848 3888 lanceam

2307 3890 2460 3946 facta:
2495 3907 2671 3962 erant,
2707 3890 3089 3967 punctionibus
3139 3909 3331 3979 (Joan.
3371 3890 3469 3981 ιιι,
3499 3890 3630 3986 ὲῖ).
3671 3921 3846 3988 Quam-

2304 3982 2488 4039 obrem
2535 3986 2755 4044 beatum
2806 3986 3022 4064 quoque
3072 3998 3233 4054 finem
3284 4016 3470 4072 aperte
3516 3982 3727 4081 accepit
3766 4031 3847 4084 per

2305 4074 2513 4131 ﬁdelem
2556 4088 2610 4133 et
2653 4081 2953 4139 ferventem
2998 4089 3415 4151 confessionem.
3469 4096 3562 4153 Sic
3622 4074 3844 4159 Z-ebedzi

2304 4162 2471 4218 filium
2517 4179 2738 4223 secutus
2779 4182 2881 4236 est,
2921 4176 3011 4245 qui
3055 4181 3355 4249 appellatus
3397 4185 3498 4241 fuit
3542 4190 3687 4246 filius
3719 4194 3843 4248 toni-

2303 4262 2387 4308 tru
2418 4255 2619 4324 (Marc.
2653 4276 2733 4323 tu,
2774 4263 2866 4330 l7)
2898 4283 2910 4319 :
2945 4278 3226 4337 prepterea
3259 4276 3400 4342 quod
3452 4291 3644 4348 aperte
3672 4286 3842 4338 memi-

2301 4343 2383 4395 nit
2407 4344 2459 4396 in
2503 4346 2771 4419 principio
2796 4351 3032 4409 Verbum
3070 4371 3208 4418 esse,
3238 4370 3294 4415 et
3323 4366 3467 4432 apud
3489 4343 3671 4424 ‘Dcum
3697 4388 3838 4428 esse:

2298 4440 2353 4486 et
2383 4429 2640 4491 erudiens
2680 4440 2861 4495 eﬂ'ecit
2908 4445 3047 4499 alios
3102 4449 3294 4517 spiritu
3329 4429 3689 4529 apostolicos,
3729 4480 3837 4533 pro-

2300 4532 2485 4591 pterea
2529 4528 2673 4594 quod
2715 4529 3168 4602 evangelistarum
3225 4543 3486 4601 divinitus
3532 4528 3836 4619 instrira-tum

2297 4613 2740 4685 instrumentum,
2784 4633 2844 4678 ut
2887 4642 3117 4694 quorum
3158 4647 3290 4687 voce
3332 4640 3520 4693 mundi
3572 4646 3718 4700 salus
3764 4663 3835 4701 re-

2294 4715 2467 4769 sonet,
2506 4708 2557 4761 in
2610 4709 2892 4781 Ecclesiis,
2932 4735 3051 4788 qute
3104 4731 3258 4777 erant
3314 4727 3512 4799 ubique
3562 4744 3830 4799 terrarum.

2292 4795 2563 4863 coloribus
2593 4816 2902 4870 expressum
2937 4812 3321 4876 materialibus,
3351 4825 3740 4897 convenienter
3763 4832 3831 4883 di-

2290 4884 2428 4939 vina:
2456 4896 2509 4940 et
2539 4899 2776 4957 paternae
2806 4898 3081 4954 traditioni
3119 4903 3342 4970 jusserit
3371 4927 3384 4963 :
3413 4922 3471 4967 ut
3500 4892 3656 4970 mens
3697 4935 3829 4973 com-

2289 4986 2487 5040 puncta
2518 4978 2613 5049 per
2644 4988 3009 5067 evangelii-am
3041 5007 3355 5067 sacramque
3383 5003 3613 5074 effigiem
3636 5008 3687 5063 et
3713 5026 3827 5079 sau-

2287 5065 2524 5122 ctitatem
2557 5071 2623 5124 ad
2655 5052 2856 5137 ‘Deu'm,
2882 5076 2974 5146 qni
3015 5081 3129 5137 huic
3160 5086 3240 5139 eis
3271 5052 3571 5159 inspira‘vit,
3605 5076 3823 5152 multifa-

2288 5153 2419 5209 riam
2454 5158 2710 5217 honorem
2742 5168 3153 5235 transmitteret,
3180 5183 3235 5227 ct
3262 5176 3573 5238 efficeretur
3600 5198 3823 5257 recepta‘

2286 5245 2470 5301 culum
2530 5252 2960 5311 venerandarum
3009 5260 3629 5328 auditionum.Andrea
3685 5293 3818 5341 vero,

2281 5336 2373 5403 qui
2432 5336 2534 5390 fuit
2567 5350 2787 5397 vocatus
2822 5345 3028 5413 primus
3055 5360 3117 5403 ex
3149 5358 3621 5435 apostolistloan.
3658 5380 3694 5430 ι,
3715 5336 3816 5435 40),

2280 5425 2417 5479 adeo
2467 5424 2565 5481 fuit
2596 5432 2930 5502 prepinquus
2970 5448 3025 5491 et
3056 5443 3375 5512 conjunctus
3403 5424 3818 5519 germano-vittae

2280 5514 2545 5581 instituto,
2578 5528 2640 5573 ut
2668 5520 2785 5592 (62)
2812 5524 3051 5583 habenas
3074 5532 3310 5601 ejusdem
3341 5514 3625 5605 pastoralis
3651 5547 3813 5602 cathe-

2279 5644 3297 5748 Βοιιῗηιιιιιιιιιιὶιίεξςξιιθιιιοᾼιεριιοῃοιῑε
3328 5678 3379 5724 et
3412 5674 3684 5748 ordinavit
3711 5681 3812 5748 eri-

2276 5730 2500 5819 Efi’Pfi"?
2559 5722 2883 5819 :‘IP‘.i.““."?
2908 5722 3177 5819 ,ἓέεξῖιῐειέ
3211 5722 3377 5804 wine
3397 5722 3645 5819 usus
3681 5722 3810 5819 iul»-

2276 5786 2447 5839 stolus
2475 5786 2526 5840 in
2558 5790 2780 5857 epistola
2812 5796 2875 5848 ad
2906 5786 3196 5869 Romanos;
3221 5786 3362 5875 εἰῇ..
3378 5786 3484 5871 xii.
3522 5786 3576 5865 9:
