4016 6340
219 469 357 535 1417

1660 530 1663 534 .
1751 471 1948 542 νΙΤἈ.

3312 465 3450 536 1418

208 587 360 643 time,
381 591 501 650 post
523 589 598 648 tot
614 588 830 645 saecula,
863 584 955 637 sed
982 599 1208 638 numero
1232 587 1387 640 valde
1420 566 1782 654 multiplicatae
1814 596 1856 648 Α
1886 588 2125 657 pretioso
2165 587 2256 640 illo
2303 557 2611 655 sanguine,
2636 597 2796 651 quem
2845 581 3152 644 ostendens,
3189 581 3350 636 dabat
3385 583 3450 636 ad

211 672 508 740 acceperit,
539 682 595 725 et
620 671 685 725 ad
726 681 924 726 metam
951 675 1187 729 cmlestis
1215 691 1409 731 cursus
1445 691 1659 747 gregem
1685 691 1778 745 per

211 763 477 816 virtutem
501 761 805 829 deduxerit,
830 773 885 818 et
904 766 1144 820 victoria:
1166 766 1246 820 eis
1271 781 1432 821 causa
1460 765 1625 821 fuerit
1652 774 1785 823 con-

212 844 692 909 tra’adver'sarios‘.
730 854 897 909 Paulo
948 863 1129 910 autem
1177 855 1280 910 fuit
1306 847 1586 927 colligatus
1611 857 1665 909 in
1695 873 1781 921 eo,

208 945 361 1013 quod
397 945 453 997 in
482 944 730 1001 docendo
756 946 960 1015 primas
1004 953 1186 1016 partes
1221 948 1539 1003 obtinuerit.
1585 946 1781 1003 Totum

207 1034 362 1086 enim
395 1034 660 1090 mundum
685 1036 833 1101 verbi
867 1037 1097 1093 nexibus
1114 1038 1382 1093 inclusum
1408 1040 1549 1093 intra
1568 1039 1783 1094 decreta

205 1123 611 1192 maclesiastica,
639 1127 912 1196 sapienter
931 1127 1109 1182 eﬂ‘ecit
1131 1116 1388 1199 pupulum
1418 1128 1529 1184 Deo
1547 1116 1784 1200 acquisi-

209 1221 331 1267 tum
384 1223 441 1269 et
490 1217 670 1286 regale
722 1217 1107 1272 sacerdotium.
1161 1218 1380 1272 Petrum
1438 1234 1591 1282 vero,
1639 1220 1785 1289 quod

206 1306 512 1360 multorum
546 1316 762 1375 patrum
793 1324 1039 1363 summus
1073 1309 1142 1363 sit
1171 1312 1493 1380 appellatus,
1540 1318 1594 1365 et
1638 1311 1784 1379 quod

207 1397 264 1450 ei
295 1398 566 1452 creditum
587 1398 751 1454 fuerit
775 1400 944 1472 ligare
964 1409 1018 1455 et
1042 1401 1273 1467 solvere,
1299 1417 1636 1472 quaecunque
1656 1414 1786 1457 sunt

205 1482 435 1542 vinculo
472 1488 636 1560 digna
666 1496 722 1544 et
760 1490 1052 1555 solutione,
1081 1491 1304 1553 abunde
1325 1495 1610 1562 expressit.
1646 1493 1781 1548 Cum

208 1576 559 1634 Pra'eursore
589 1581 982 1636 convenienter
1027 1582 1245 1651 quidem
1297 1584 1369 1648 ei,
1423 1584 1515 1654 qui
1549 1585 1617 1639 ab
1669 1584 1784 1656 ipso
1832 1600 1838 1607 ·

208 1669 319 1725 fuit
347 1670 657 1740 praedictus,
691 1680 747 1725 et
789 1672 925 1727 dixit
953 1675 1212 1744 majorem
1256 1673 1470 1730 Joanne
1517 1690 1626 1729 non
1662 1692 1785 1730 sur-

203 1761 422 1815 rexisse
472 1761 616 1816 inter
648 1771 805 1817 natos
837 1764 1128 1819 mulierum
1161 1752 1378 1841 (Matth.
1406 1782 1482 1830 ιι,
1526 1766 1643 1834 Η),
1672 1784 1783 1821 non

202 1850 519 1905 audendum
534 1860 618 1906 est
634 1867 757 1907 eum
787 1853 844 1907 in
876 1855 1062 1910 multis
1086 1855 1354 1922 conferre,
1387 1858 1491 1912 nisi
1519 1859 1691 1913 solum
1727 1860 1780 1914 in

204 1941 324 1995 acri
360 1950 417 1996 et
466 1942 752 2012 praefracta
777 1945 1032 2000 libertate
1062 1949 1518 2015 reprehendendi;
1556 1952 1781 2019 zeloque

201 2031 301 2100 qui
337 2033 560 2102 reprimi
603 2049 713 2088 non
747 2042 982 2103 poterat,
1014 2034 1387 2091 aﬂirmandum
1412 2048 1495 2093 est
1516 2054 1625 2093 non
1656 2055 1783 2108 pro-

201 2122 297 2176 cul
358 2124 601 2179 abfuisse
641 2123 948 2191 Tarasium.
1713 2115 1720 2120 ’

276 2213 370 2268 45.
421 2210 491 2270 Ut
541 2222 724 2272 autem
758 2232 883 2271 eum
920 2232 1137 2286 quoque
1180 2218 1364 2273 videas
1402 2220 1598 2275 merito
1630 2222 1782 2289 sequi

201 2319 329 2369 eos,
352 2306 448 2375 qui
486 2304 790 2363 ﬂoruerunt
817 2316 945 2361 ante
975 2308 1236 2377 gratiam,
1283 2308 1413 2362 hinc
1455 2312 1614 2363 scies.
1647 2308 1781 2362 Cum

198 2398 471 2452 divinitus
497 2411 647 2457 moto
662 2408 810 2454 coetu
838 2400 1223 2469 prophetarum
1246 2401 1576 2469 conspiravit
1598 2402 1784 2454 divino

200 2489 407 2559 spiritu
458 2488 754 2559 inspiratus
784 2503 797 2538 :
828 2489 1269 2558 quandoquidem
1316 2491 1395 2543 illi
1429 2492 1647 2558 quidem
1687 2508 1783 2560 po-

201 2580 359 2649 pulo,
391 2581 481 2648 qui
510 2580 647 2637 duce
670 2578 820 2634 Mose
843 2595 951 2649 .per
978 2594 1129 2635 mare
1174 2579 1418 2635 Rubrum
1450 2596 1627 2651 nuper
1648 2582 1782 2636 fue-

200 2679 293 2726 rat
333 2686 364 2725 a
396 2670 531 2726 dura
563 2671 829 2730 servitute
861 2671 1142 2735 liberatus,
1175 2680 1231 2726 et
1275 2673 1346 2726 ab
1388 2672 1582 2728 insano
1628 2674 1777 2729 cultu
1846 2689 1853 2695 '

204 2762 478 2817 idolorum
515 2762 908 2818 admirabiliter
936 2763 1250 2827 transierat,
1285 2775 1407 2834 post
1440 2765 1683 2820 divinum
1712 2762 1777 2819 il-

200 2853 321 2906 lum
371 2851 464 2907 Dei
496 2852 1004 2923 contemplatorem,
1037 2854 1302 2909 salutares
1354 2866 1543 2924 portus
1580 2857 1779 2912 divini-

203 2952 300 2997 tus
317 2942 632 3007 adfuerunt,
663 2944 966 3014 prophetia:
994 2954 1223 3000 ancoras
1248 2946 1571 3021 relaxantes,
1601 2959 1778 3024 et-va-

202 3034 333 3089 lidis
364 3034 583 3104 pietatis
611 3035 892 3106 alligantes
915 3036 1256 3100 rudentibus,
1288 3047 1347 3091 et
1368 3037 1503 3093 citra
1534 3053 1777 3095 errorem

203 3126 542 3184 deducentes
569 3127 638 3182 ad
692 3135 890 3181 terram
920 3127 1029 3193 ξι)θί
1063 3126 1406 3199 Cognitionis.
1454 3129 1554 3185 Hie
1597 3142 1778 3188 autem

203 3218 530 3285 Ecclesiam,
566 3233 688 3288 qure
727 3233 836 3273 non
863 3234 1021 3275 secus
1050 3234 1114 3274 ac
1141 3221 1333 3291 cymba
1360 3224 1416 3276 in
1443 3224 1579 3277 mari
1609 3224 1779 3295 agita-
1804 3252 1848 3311 ο

202 3312 370 3366 batur
396 3310 671 3377 ﬂuctibus,
706 3319 762 3366 et
785 3312 1039 3366 veniebat
1071 3311 1128 3365 in
1162 3310 1488 3381 periculum,
1526 3328 1597 3367 ne
1626 3314 1776 3368 face-

201 3409 292 3457 ret
313 3381 826 3471 jacturameorum,
856 3416 994 3470 quos
1029 3400 1280 3468 vehebat,
1317 3412 1608 3475 propterea
1630 3407 1774 3474 quod

201 3492 425 3546 deesset
448 3492 656 3560 peritus
688 3492 1039 3563 gubernator,
1067 3493 1159 3560 qui
1191 3492 1472 3548 resisteret
1500 3492 1774 3566 ﬂuctibus,

199 3600 355 3640 sanae
388 3583 513 3639 ﬁdei
545 3584 699 3641 clavo
732 3597 949 3654 regens,
995 3583 1053 3637 in
1082 3591 1245 3653 portu
1271 3584 1503 3640 collocat
1532 3603 1546 3639 :
1573 3594 1775 3651 eteos,

198 3676 301 3747 qui
329 3684 488 3731 erant
526 3675 694 3742 inea,
727 3685 1097 3741 conservatos,
1126 3676 1319 3732 idolica
1343 3687 1399 3732 et
1424 3690 1582 3739 vana,
1612 3692 1774 3747 quam

198 3769 261 3823 in
294 3768 476 3840 lingua
500 3769 777 3825 habebant
801 3766 1065 3825 adversus
1084 3752 1266 3824 sacras
1293 3769 1578 3845 imagines,
1598 3769 1776 3824 ablata

197 3859 487 3930 opinione,
514 3860 867 3930 synodalibus
890 3861 1242 3930 paternisque
1267 3869 1321 3914 et
1352 3861 1517 3915 rectis
1541 3863 1776 3916 cireum-

201 3952 427 4008 vallavit
471 3951 727 4007 decretis.
785 3950 923 4006 Cum
971 3962 1320 4008 sacrosancto
1366 3962 1549 4007 autem
1604 3933 1776 4021 psalle

203 4042 379 4098 David
408 4041 686 4098 concurrit
724 4042 781 4096 in
838 4036 1172 4104 innocentia,
1201 4051 1259 4096 et
1297 4058 1419 4098 cum
1448 4043 1776 4120 eo-diligens

196 4136 463 4191 decorem
502 4133 698 4189 domus
728 4133 966 4204 Domini,
1001 4150 1113 4189 non
1145 4134 1293 4189 dedit
1321 4146 1572 4187 somnum
1603 4134 1776 4188 oculis
1810 4206 1817 4211 ν

198 4239 261 4284 et
286 4226 556 4297 palpebris
582 4222 1047 4289 dorm‘itationem,
1068 4236 1124 4282 et
1148 4228 1391 4297 requiem
1415 4228 1772 4297 temporibus,

198 4318 382 4372 donec
409 4316 651 4387 seipsum
701 4316 977 4387 exemplar
1008 4318 1237 4373 Domino
1267 4327 1322 4372 et
1364 4319 1772 4373 tabernaculum

200 4410 319 4462 Deo
344 4407 531 4479 Jacob,
580 4408 721 4465 sicut
763 4409 873 4475 ille,
921 4409 1187 4464 exhibuit.
1239 4411 1367 4465 Zelo
1420 4419 1601 4465 motus
1650 4429 1773 4466 cum

197 4498 458 4563 Phinees,
488 4496 736 4558 haeresim
764 4511 821 4555 et
852 4502 970 4570 ejus
1013 4509 1285 4557 amatores
1331 4513 1589 4573 tanquam
1634 4520 1774 4559 vene

1883 679 2187 753 debitorum
2219 675 2414 731 animae
2435 674 2781 730 solutionem.

1954 768 2042 823 46.
2072 767 2271 822 Mosem
2301 776 2483 821 autem
2505 764 2773 835 expressit
2804 764 2857 817 in
2884 772 2969 829 eo,
3001 763 3147 832 quod
3173 772 3319 818 esset
3347 764 3450 817 mi-

1886 860 1979 928 tis,
2006 840 2062 913 et
2092 857 2149 912 in
2171 857 2383 915 nullum
2415 855 2712 910 ostenderit
2748 853 3034 924 vestigium
3065 852 3178 907 odii
3205 863 3262 907 et
3290 854 3454 921 male-

1883 949 2155 1015 volentiaa,
2190 948 2407 1004 etiamsi
2435 947 2626 1003 furiosi
2655 955 2711 1002 et
2743 946 3009 1023 malevoli,
3041 943 3219 999 Patris
3246 945 3451 999 Tarasii

1884 1032 2097 1096 dicendi
2132 1040 2459 1104 libertatem,
2487 1052 2609 1108 qua“:
2650 1040 2718 1093 ad
2766 1036 3454 1106 insipientium‘spectabat

1883 1132 2302 1196 correctionem,
2331 1131 2463 1185 iram
2493 1140 2550 1185 et
2572 1129 2756 1184 odium
2782 1143 2904 1183 esse
2932 1129 3072 1181 male
3097 1127 3449 1195 conjecerint.

1885 1220 2130 1277 Gestavit
2158 1222 2279 1277 Jobi
2309 1222 2657 1284 tentationes,
2694 1219 2907 1274 etiamsi
2942 1233 3050 1273 non
3093 1216 3149 1269 in
3197 1210 3364 1271 rebus
3383 1218 3453 1271 si-

1886 1312 2128 1367 milibus.
2152 1311 2287 1367 Cum
2310 1310 2560 1367 Jacob‘ut
2581 1309 2767 1381 gratim
2789 1309 3049 1369 Israelita,
3074 1316 3127 1361 et
3151 1308 3454 1376 appellatus

1884 1410 2063 1461 mens,
2092 1411 2215 1466 qua:
2239 1396 2409 1451 Deum
2436 1395 2674 1461 videbat,
2708 1393 2870 1449 simul
2904 1402 3166 1462 purgatus
3212 1391 3452 1446 sanctiﬁ-

1886 1496 2041 1542 catur
2095 1486 2279 1550 anima
2322 1497 2380 1544 et
2406 1486 2756 1558 cogitatione.
2790 1484 2962 1543 Simul
2996 1498 3148 1545 eum_
3170 1482 3320 1537 Isaac
3352 1482 3453 1537 fuit

1886 1578 1989 1633 ﬁde
2011 1568 2397 1643 sanctificatus,
2428 1577 2642 1633 etiamsi
2668 1592 2778 1632 non
2808 1592 2837 1630 a
2868 1585 3044 1646 patre,
3093 1574 3187 1630 sed
3217 1573 3332 1644 ipse
3362 1588 3454 1629 cor

1886 1685 2045 1725 suum
2071 1670 2127 1724 in
2166 1671 2543 1730 holocaustum
2570 1668 2811 1724 offerens
2837 1687 2849 1722 :
2880 1678 3117 1739 cumque
3152 1664 3343 1720 fuisset
3375 1666 3454 1718 vi-

1886 1763 2048 1818 ctima
2100 1772 2156 1817 et
2211 1762 2506 1827 sacrificus,
2553 1762 2605 1815 in
2657 1760 2881 1815 odorem
2928 1758 3213 1814 {suavitatis
3259 1759 3455 1813 obtulit

1886 1836 2315 1924 pulcherrimum
2364 1850 2847 1909 Deosacrificium.
2876 1849 3011 1905 Cum
3058 1848 3353 1911 Abraham,
3388 1865 3454 1903 eo

1869 1945 2029 2015 quod
2064 1946 2232 2001 fuerit
2283 1929 2438 2015 pater
2480 1930 2743 2016 spiritalis
2790 1942 3078 1997 multarum
3133 1943 3370 1996 tribuum
3401 1951 3453 1996 et

1887 2036 2232 2105 populorum,
2273 2045 2327 2091 et
2372 2026 2686 2099 crediderit,
2735 2033 2897 2098 etei,
2926 2033 3018 2104 qui
3062 2048 3185 2088 eum
3229 2032 3451 2096 fecerat,

1886 2146 2021 2200 pure
2051 2130 2321 2192 servierit,
2344 2128 2649 2184 divinarum
2676 2126 3100 2198 promissionum
3124 2125 3354 2180 fructum
3374 2136 3457 2178 est

1884 2228 2232 2275 consecutus.
2258 2219 2363 2273 Sed
2393 2218 2521 2289 quid
2549 2218 2666 2287 ejus
2688 2214 2951 2272 virtutum
2974 2216 3281 2271 transmitte
3309 2232 3455 2271 mare

1861 2310 2256 2366 Atlanticum?
2286 2311 2629 2381 lmponamus
2663 2322 2790 2391 ergo
2823 2307 2983 2362 rebus
3024 2305 3453 2379 conclusionem,

1884 2412 1941 2458 et
1973 2418 2038 2458 ex
2092 2402 2357 2473 procemio
2411 2400 2574 2455 tinem
2613 2388 2929 2459 ciliciamus.
2953 2388 3037 2453 vet
3068 2413 3140 2453 ne
3184 2398 3454 2468 promisso

1883 2506 1995 2545 non
2026 2503 2170 2547 stare
2203 2508 2513 2562 arguamur,
2544 2491 2668 2562 plus
2697 2506 2860 2561 quam
2894 2505 2991 2560 par
3044 2489 3114 2544 sit
3150 2491 3454 2560 producen-

1885 2592 1965 2637 tes
1993 2584 2313 2639 orationem.

2493 2671 2717 2729 CAPUT
2755 2673 2846 2727 XI.

1917 2748 2101 2821 Sancti
2127 2766 2332 2820 Tarasii
2359 2775 2612 2833 senectus,
2643 2766 2869 2832 morbus,
2891 2764 3079 2830 obitus,
3102 2764 3394 2833 sepultura.

1951 2857 2041 2912 47.
2079 2856 2206 2912 Post
2228 2857 2461 2928 plurima
2500 2857 2646 2911 enim
2683 2855 3002 2921 certamina,
3030 2863 3085 2909 et
3120 2853 3449 2924 profundum

1879 2946 2143 3001 doctrinm
2184 2945 2485 3011 infinitum,
2516 2944 2728 3031 et\vita2
2767 2945 3012 3017 honesta:
3039 2943 3350 3014 puritatem,
3396 2953 3452 2997 et

1880 3052 2023 3092 verae
2052 3036 2177 3091 fidei
2208 3035 2627 3101 confessionem,
2657 3045 2714 3091 et
2758 3035 2971 3091 ratione
3018 3035 3231 3105 prwditi
3276 3037 3456 3106 gregis

1879 3129 1946 3185 ad
1987 3144 2073 3196 ea,
2105 3144 2226 3199 quae
2276 3137 2404 3185 sunt
2432 3128 2808 3198 praestantiora
2838 3128 2899 3183 et
2925 3126 3128 3194 divina,
3163 3127 3283 3195 ejus
3332 3142 3452 3181 mo-

1880 3220 2009 3281 nitis
2038 3219 2442 3291 deductionem,
2485 3229 2541 3274 et
2569 3219 2623 3276 in
2658 3219 2865 3274 alendis
2895 3219 3225 3290 pauperibus
3262 3220 3452 3289 cepio—

1882 3326 1997 3367 sam
2026 3310 2540 3381 suppeditatiouem,
2570 3322 2625 3364 et
2644 3310 2917 3365 assiduam
2941 3310 3142 3367 sanctis
3166 3311 3329 3384 rebus
3355 3313 3451 3367 da-

1882 3410 1988 3455 tam
2020 3395 2264 3469 0peram,
2291 3408 2347 3454 et
2367 3398 2419 3454 in
2447 3400 2701 3472 pastorali
2726 3415 2956 3455 munere
2977 3398 3291 3455 diuturnam
3330 3416 3450 3455 mo-

1879 3506 1995 3546 ram
2025 3491 2232 3562 (viginti
2289 3490 2433 3545 enim
2464 3501 2521 3547 et
2564 3492 2701 3563 duos
2725 3491 2836 3561 (65)
2873 3505 3048 3555 annos
3083 3480 3450 3561 pontificalem

1878 3584 2154 3638 decoravit
2193 3573 2856 3660 ‘cathedram),ingruens
2912 3585 3137 3640 morbus
3190 3594 3245 3639 et
3295 3586 3451 3641 valde

1878 3690 2094 3747 gravem
2119 3676 2178 3740 ei
2201 3676 2444 3731 dolorem
2479 3675 2734 3742 allerens,
2761 3691 2870 3731 non
2902 3677 3192 3747 persuasit,
3223 3686 3284 3731 ut
3312 3677 3451 3732 obli-

1879 3760 2182 3824 visceretur
2210 3756 2460 3840 perpetui
2497 3777 2555 3826 et
2583 3762 2756 3826 divini
2784 3768 2964 3829 cilicii.
3002 3769 3149 3840 rNam
3180 3779 3236 3825 et
3259 3771 3451 3825 morbo
3488 3782 3491 3783 '
3546 3822 3550 3827 .

1879 3872 1933 3919 et
1957 3862 2109 3918 Senio
2131 3862 2401 3929 laborans,
2425 3877 2768 3933 nequaquam
2790 3834 3447 3919 satiabatur’s’acrosancti

1879 3954 2115 4028 mysterii
2149 3954 2533 4022 celebratione,
2570 3954 2664 4008 sed
2713 3953 2929 4008 intenso
2966 3955 3034 4008 ad
3064 3955 3231 4008 Deum
3264 3971 3449 4009 amore

1877 4045 2094 4110 ardens,
2122 4053 2177 4097 et
2206 4044 2378 4098 morbi
2426 4043 2627 4097 nullam
2654 4044 2860 4098 ducens
2891 4045 3179 4109 rationem,
3230 4055 3448 4114 prctore

1878 4126 2119 4190 innitens
2153 4150 2355 4189 mensa:
2386 4134 2598 4205 ligneae,
2626 4150 2747 4203 quae
2788 4135 3096 4205 ponebatur
3146 4145 3270 4189 ante
3299 4150 3447 4190 aram
3538 4128 3542 4139 ’

1875 4225 2135 4289 divinam,
2164 4233 2352 4281 saneta
2382 4226 2694 4296 peragebat.
2719 4223 2764 4279 0
2797 4224 2957 4280 fidem
2984 4224 3363 4296 et‘sapientem
3392 4227 3448 4281 in

1876 4316 2040 4371 rebus
2067 4316 2269 4371 divinis
2298 4317 2665 4388 diligentiam!
2700 4332 2733 4372 ο
2754 4316 3163 4371 interminatum
3192 4319 3244 4372 in
3278 4318 3446 4373 Deum

1874 4425 2113 4463 amorem
2139 4411 2151 4462 l
2181 4410 2297 4463 Non
2323 4412 2468 4465 enim
2494 4426 2681 4465 curam
2702 4410 2920 4481 gerebat
2944 4411 3206 4480 corporis,
3237 4421 3293 4465 ut
3321 4426 3444 4465 cum

1850 4517 2055 4557 rerum
2113 4501 2419 4556 divinarum
2457 4517 2583 4556 eum
2634 4502 2867 4571 cepisset
2910 4500 3154 4561 satietas,
3194 4503 3447 4571 mysteria

198 4591 578 4647 fornicationis
617 4593 1018 4649 introductores
1064 4604 1120 4663 et,
1163 4595 1471 4664 dogmatum
1510 4596 1770 4651 adulteri-
1810 4597 1849 4651 D
1878 4594 2059 4648 divina
2094 4593 2535 4663 interrumperet,
2579 4593 2674 4648 sed
2724 4591 2998 4646 laboribus
3042 4592 3445 4678 corroboratus,

194 4677 405 4738 norum
430 4683 722 4756 genitores,
747 4684 1009 4740 confodit.
1040 4685 1271 4757 Aaronis
1293 4676 1568 4758 superavit
1596 4705 1776 4745 sacer-

195 4776 432 4845 dotium.
464 4775 589 4831 Non
610 4777 757 4831 enim
802 4777 1166 4833 tintinnabula
1202 4790 1259 4835 et
1294 4781 1433 4837 mala
1472 4782 1689 4850 punica,
1722 4792 1777 4836 et

194 4864 677 4943 lapides-pectoris,
699 4877 754 4921 et
787 4866 1271 4937 superhumeralis,
1298 4886 1477 4942 neque
1510 4872 1688 4933 mitra,
1720 4882 1774 4924 et

192 4956 414 5022 cidaris,
444 4965 499 5010 et
526 4958 732 5023 talaris,
758 4968 810 5013 et
852 4960 970 5014 auri
1016 4959 1233 5027 lamina,
1277 4962 1424 5017 hunc
1453 4964 1591 5017 sicut
1624 4964 1771 5016 illum

152 5046 487 5110 ,amicicbat
540 5050 647 5103 ritu
700 5051 1018 5117 sacerdotis,
1076 5067 1250 5121 neque
1305 5055 1626 5109 sacrificium
1675 5069 1773 5124 per

192 5139 520 5207 sanguinem
552 5146 829 5195 taurorum
876 5151 932 5196 et
978 5143 1276 5208 hircorum,
1308 5145 1429 5213 ejus
1480 5156 1533 5198 et
1588 5145 1768 5216 pepuli

188 5228 449 5294 expiabat
479 5227 812 5298 ignorautias
843 5248 854 5284 :
895 5232 989 5286 sed
1022 5232 1335 5286 moderatus
1375 5234 1607 5289 amictus
1645 5254 1767 5290 cum

191 5318 389 5387 spiritu
445 5320 799 5389 paupertatis,
831 5338 956 5376 eum
1010 5323 1270 5378 reddebat
1307 5323 1669 5391 Splendidum,
1716 5340 1771 5383 et

191 5408 351 5478 legali
390 5411 706 5466 holocausta
734 5423 893 5466 erant
926 5415 1242 5485 sacratiora,
1282 5432 1401 5485 quae
1433 5418 1500 5471 ab
1536 5434 1601 5473 eo
1629 5420 1766 5474 oile-

190 5500 458 5553 rebantur
488 5519 503 5555 :
532 5510 593 5555 ut
628 5502 723 5572 qui
766 5518 986 5573 agnum,
1020 5506 1111 5573 qui
1160 5507 1294 5560 tollit
1334 5508 1517 5561 mundi
1574 5525 1765 5577 pecca-

192 5605 333 5654 tum,
365 5594 643 5649 Christum
674 5596 1007 5651 sacrificaret
1032 5599 1199 5651 sacris
1245 5600 1674 5655 ἰηγορτιιιοιιὶιιυε
1710 5613 1765 5657 et

191 5685 433 5741 fidelium
465 5687 815 5744 distribueret
837 5688 1112 5753 manibus,
1145 5700 1199 5743 et
1224 5706 1413 5747 omnes
1452 5703 1763 5765 aspergeret

262 5867 379 5935 (63)
422 5865 533 5921 Nm
561 5870 882 5936 completus,
916 5880 969 5921 ut
996 5884 1158 5937 supra
1200 5868 1265 5921 iii.
1294 5879 1425 5923 tum.

507 5988 773 6046 PATRUL.
823 5991 939 6047 (in.
994 5990 1263 6050 XCVI“.

1878 4695 2075 4740 etcum
2110 4685 2272 4739 Paulo
2301 4686 2580 4739 clamans:
2611 4686 2745 4740 Cum
2785 4676 3050 4752 infirmor,
3086 4676 3227 4741 tunc
3254 4695 3446 4754 potens

1876 4793 1997 4831 sum
2030 4776 2117 4846 (II
2148 4777 2269 4831 Cor.
2301 4762 2397 4844 xit,
2422 4778 2531 4850 10),
2563 4778 2762 4831 acriter
2796 4777 3019 4831 vacabat
3047 4776 3229 4830 divino
3254 4777 3443 4830 cultui.
3498 4776 3501 4779 ’

1946 4869 2031 4921 48.
2078 4870 2305 4927 Invaluit
2336 4883 2463 4938 ergo
2494 4870 2731 4930 morbus,
2767 4875 2820 4921 et
2857 4881 2983 4920 eum
3012 4867 3079 4921 de
3103 4876 3301 4921 caetero
3326 4884 3448 4923 ces-

1874 4975 1995 5013 sare
2040 4960 2246 5025 faciens
2300 4977 2329 5014 a
2382 4961 2688 5015 divinorum
2741 4962 3080 5028 Operatione,
3136 4960 3185 5014 ei
3234 4964 3448 5039 paravit

1873 5051 2072 5105 lectum
2106 5051 2457 5117 inﬁrmitatis,
2486 5052 2630 5121 quod
2666 5051 2870 5106 utinam
2905 5070 3014 5137 “ph
3048 5054 3267 5107 fecisset
3318 5063 3447 5109 ante

1872 5148 2059 5200 oculos
2086 5161 2293 5208 eorum,
2326 5146 2418 5215 qui
2446 5160 2570 5200 eum
2593 5162 2870 5216 nunquam
2896 5145 2949 5200 in
2976 5147 3117 5201 lecto
3145 5162 3446 5216 conspexe-

1869 5246 2012 5293 rant.
2048 5236 2222 5302 Tunc,
2261 5248 2390 5294 tunc
2416 5240 2474 5293 lit
2519 5239 2834 5293 miraculum
2861 5256 3059 5294 novum
3089 5248 3143 5293 et
3181 5238 3444 5307 terrihiic,
3512 5286 3515 5289 ,

1869 5331 2011 5400 quod
2060 5346 2181 5393 nos,
2212 5330 2305 5400 qui
2359 5332 2667 5395 aderamus,
2702 5330 3061 5385 admiratione
3120 5331 3359 5400 implevit
3389 5346 3446 5388 et

1870 5424 2085 5488 timore,
2116 5423 2363 5477 videntes
2393 5436 2517 5475 eum
2544 5421 2705 5476 veluti
2741 5423 2795 5475 in
2826 5424 2992 5476 extasi
3023 5462 3038 5487 ,
3064 5432 3119 5477 et
3145 5420 3440 5476 luctantem

1867 5532 1990 5569 cum
2047 5515 2391 5578 adversariis,
2442 5515 2533 5585 qui
2579 5530 2690 5570 non
2742 5515 2943 5571 cadunt
3001 5519 3102 5569 sub
3133 5516 3435 5584 a'speCtum.

1865 5610 1984 5661 Non
2025 5611 2168 5664 enim
2239 5610 2499 5665 adversus
2562 5626 2781 5665 carnem
2838 5622 2891 5667 et
2944 5611 3258 5682 sanguinem
3322 5624 3442 5668 erat

1866 5700 1911 5751 ei
1946 5712 2245 5765 certamen,
2298 5701 2394 5756 sed
2431 5701 2691 5756 adversus
2744 5682 3096 5770 principatus,
3175 5701 3439 5756 adversus

3030 6001 3106 6056 hii
