4016 6340
636 358 786 424 4419

1696 367 1753 423 S.
1794 365 2101 425 TABASII
2139 367 2637 427 PATRIARCilsE
2671 370 2778 429 (ΖΡ.

3726 366 3847 431 μευ

650 479 962 537 potestates,
994 472 1253 525 adversus
1309 472 1564 540 Spirilnlia
1607 471 2110 540 nequitize.(Ephrs.
2138 487 2285 548 νιιΛ
2314 474 2614 539 obtimbat,
2663 475 2857 540 Patris,
2902 484 3155 543 tanquam
3208 477 3298 545 qui
3341 469 3609 531 contineri
3656 495 3840 547 μαινίδι,

648 562 759 630 1'2.)
812 562 1088 631 Tanquam
1135 563 1279 616 cnim
1326 565 1492 618 verba
1543 564 1750 617 faciens
1768 578 1893 616 cum
1918 563 2207 632 aliquibus,

643 654 735 722 qui
760 669 883 706 eum
916 653 1313 718 exaniinabant,
1340 661 1396 707 et
1432 664 1565 707 acta:
1597 654 1721 707 vitae
1747 639 2013 705 rationein
2049 653 2118 706 ab
2147 666 2213 705 eo

644 745 947 814 exigebant,
986 746 1057 797 ita
1111 759 1328 798 causam
1372 759 1529 798 suam
1580 745 1793 814 agebat.
1843 742 2211 808 Quamobrem

643 835 829 888 inullis
852 834 1136 889 videbatur
1155 849 1275 889 esse
1301 850 1426 889 reus
1445 834 1702 898 debendi,
1731 840 1787 887 et
1809 814 2073 889 rationem
2098 835 2214 888 red-

641 928 773 979 dere
803 925 1123 987 exactionis,
1167 932 1283 978 erat
1306 938 1439 977 vero
1463 924 1666 992 justqu
1697 923 2212 992 judicium'superni

641 1019 827 1071 auxilii
869 1032 1087 1071 onmem
1148 1013 1274 1070 vitae
1329 1016 1595 1070 maculam
1638 1015 1857 1079 eluere,
1909 1022 1965 1068 ct
2000 1015 2210 1069 nullum

641 1112 790 1164 illinc
833 1111 975 1164 ferre
1014 1109 1273 1163 delictum
1319 1125 1332 1161 :
1368 1098 1627 1177 appellari
1663 1092 1843 1159 autem
1874 1105 2012 1159 locis
2052 1104 2213 1174 parti-

636 1203 835 1271 t'ipeltt,
868 1210 921 1254 rt
954 1200 1114 1254 simul
1164 1198 1317 1253 obire
1347 1197 1659 1259 coalestibus
1702 1196 1943 1251 materia:
1981 1194 2214 1264 experti-

622 1293 740 1346 bus
769 1290 1148 1361 potestatibus.
1198 1287 1332 1342 Nam
1362 1273 1602 1357 quandiu
1631 1287 1849 1355 quidem
1874 1285 2081 1341 babuit
2112 1286 2214 1339 Iin-

637 1398 796 1452 gnam
836 1382 924 1441 iis.
960 1379 1053 1445 qui
1079 1380 1394 1441 audiebant,
1428 1393 1583 1433 sensa
1610 1391 1796 1445 aperte
1827 1377 2211 1446 explicantem,

619 1470 816 1529 ~verbis
841 1468 1148 1527 resistebat.
1185 1475 1239 1520 et
1270 1475 1516 1536 prompta
1541 1466 1705 1520 dabat
1733 1480 1995 1536 responsa
2029 1466 2095 1519 ad
2146 1481 2210 1521 ea

636 1576 756 1629 qua-
782 1559 1197 1629 objiciobaatur,
1223 1558 1413 1612 dieens
1436 1572 1495 1610 se
1516 1556 1718 1617 nullius
1741 1545 1928 1610 eoruni
1955 1572 2077 1612 esse
2107 1557 2209 1611 sibi

636 1652 934 1717 conscium,
968 1665 1201 1720 quorum
1231 1664 1357 1703 eum
1390 1663 1648 1703 accusare
1673 1649 1979 1703 voluerant.
2002 1647 2046 1702 Ο
2075 1649 2211 1703 nulli

635 1744 805 1809 culpa:
834 1741 1046 1797 aﬂlnem
1071 1756 1196 1810 eum
1229 1740 1339 1795 Deo
1360 1740 1801 1811 coniunctionem
1828 1742 1841 1793 !
1870 1739 1985 1794 Non
2014 1751 2212 1810 potue-

636 1845 767 1890 runt
798 1835 1012 1905 maligni
1039 1833 1240 1888 inimici
1268 1849 1393 1887 eum
1423 1832 1505 1886 vel
1532 1820 1618 1903 pi.
1655 1847 1697 1886 'a
1726 1832 1779 1886 in
1813 1848 1869 1885 re
1897 1833 2197 1901 deprehen-
2229 1833 2277 1888 Β

634 1926 763 1979 dere
783 1924 1098 1987 obnoxium,
1130 1923 1213 1977 vel
1262 1922 1639 1975 abominandis
1684 1921 1799 1975 suis
1836 1920 2132 1975 sceleribus
2159 1921 2209 1975 ei

625 2015 836 2083 aliquid
865 2009 1122 2084 alﬁngere
1147 2053 1162 2077 ,
1196 2013 1290 2068 sed
1324 2030 1418 2067 eos
1445 2012 1651 2083 redegit
1675 2012 1741 2067 ad
1771 2026 1987 2067 omnem
2023 2012 2208 2065 consi-

614 2106 689 2160 vlii
721 2104 982 2175 inopiam,
1008 2119 1107 2175 per
1134 2103 1443 2175 generalem
1477 2113 1543 2159 et
1574 2101 1873 2157 terribilem
1916 2100 2209 2157 inﬁciatio-

632 2192 996 2265 nem,'utnec
1025 2197 1080 2251 in
1126 2212 1251 2251 eum
1283 2194 1504 2265 quidem
1539 2203 1761 2264 possent
1789 2193 1951 2246 ullam
1987 2206 2206 2247 causam

632 2293 688 2345 in
719 2290 957 2360 speciem
989 2289 1173 2343 dicere
1209 2285 1568 2357 probabilem.
1600 2284 1829 2350 Quando
1871 2291 2054 2338 autem
2108 2283 2210 2336 Iin-

618 2378 752 2454 .gtnc
780 2381 1061 2451 obtorpuit
1086 2372 1530 2443 iusti-omentum,
1567 2392 1671 2433 nec
1699 2393 1757 2432 se
1788 2377 2209 2446 verbispoterat

632 2474 952 2539 defendere,
997 2473 1169 2539 labro,
1199 2480 1255 2527 et
1298 2485 1484 2535 manu,
1516 2480 1572 2530 et
1606 2479 1743 2524 nutu
1786 2484 1880 2524 eos
1909 2467 2208 2533 evertebat,

632 2577 687 2621 et
714 2581 822 2620 non
851 2565 1101 2620 cessabat
1130 2577 1225 2619 eos
1268 2562 1560 2632 expellere.
1603 2559 1901 2615 Videbatur
1931 2558 2077 2613 enim
2108 2571 2210 2612 no-

633 2660 718 2715 bis
743 2667 998 2734 tanquam
1043 2659 1098 2711 in
1149 2654 1401 2710 inimicos
1434 2653 1688 2708 ferociter
1733 2652 1990 2712 fremere,
2026 2657 2083 2706 et
2113 2664 2210 2704 eos

613 2766 757 2805 tcum
788 2749 866 2803 ira
911 2748 1194 2819 repellere,
1247 2745 1423 2801 donec
1472 2758 1664 2799 sensus
1689 2750 1976 2812 coeperunt
2015 2739 2208 2795 conni-

633 2860 797 2920 vere.

701 2957 793 3012 49.
813 2951 967 3010 Tunc
983 2951 1596 3022 enim‘tranquillissimo
1624 2949 1841 3012 habitu,
1863 2946 2209 3017 vespertinas

633 3047 821 3102 laudes
866 3046 1182 3101 celebrante
1230 3041 1500 3107 Ecclesia,
1544 3048 1600 3095 et
1624 3040 1896 3094 clamante
1932 3037 2205 3100 :lnclina,

622 3140 977 3205 ’llomine,».et
1011 3136 1206 3192 exaudi
1235 3150 1341 3201 me,
1376 3135 1496 3205 ipse
1525 3134 1815 3203 pelliceum
1862 3132 2008 3185 hunc
2056 3130 2208 3184 exuit
2233 3160 2278 3221 ς

574 3270 577 3271 ν
632 3232 895 3286 amictmn
926 3247 938 3281 :
972 3237 1029 3283 et
1062 3226 1271 3283 relictis
1307 3225 1541 3281 vinculis
1571 3226 1808 3291 carneis,
1850 3223 2003 3278 venit
2020 3221 2087 3275 ad
2117 3219 2203 3273 lu-

632 3325 845 3378 minosa
892 3322 1029 3376 atria
1077 3318 1417 3384 caelestium,
1469 3326 1526 3372 et
1579 3316 1792 3372 habitat
1840 3316 1896 3369 in
1942 3310 2205 3368 ineﬂ‘abili

613 3416 839 3478 ‘lmtitia,
863 3427 983 3482 quae
1012 3411 1314 3481 percipitur
1335 3408 1717 3479 intelligentia,
1753 3422 1818 3461 ex
1848 3420 1934 3471 ea,
1966 3419 2087 3475 qua:
2116 3404 2205 3458 hic

629 3517 735 3573 est,
770 3502 1208 3576 improbitate’in
1239 3502 1423 3556 animo
1451 3500 1664 3555 nullum
1693 3500 1908 3569 signum
1940 3497 2201 3552 inferens.

616 3599 765 3653 Nam
800 3610 923 3651 cum
973 3595 1064 3648 hic
1111 3602 1319 3663 ageret,
1378 3590 1675 3645 virtutibus
1723 3598 1898 3642 morte
1945 3586 2204 3641 aﬂ‘ecerat

620 3676 1013 3745 ‘mortale‘boc
1054 3682 1491 3747 tabernaculum,
1515 3680 1900 3735 erubescebat
1940 3679 2086 3733 enim
2116 3677 2232 3733 di-.

629 3787 797 3842 midia
828 3800 892 3840 ex
924 3792 1081 3854 parte
1111 3790 1359 3836 naturam
1403 3778 1606 3833 habere
1653 3772 2018 3830 immortalem
2064 3768 2200 3841 (64).

632 3881 878 3934 Mortuus
915 3886 1095 3932 tamen
1124 3882 1232 3938 est,
1276 3872 1529 3927 existimo
1573 3878 1759 3923 autem
1794 3864 1956 3921 simul
1987 3877 2205 3933 quoque

629 3989 729 4024 ruit
800 3986 866 4025 eo
908 3971 1138 4021 virtutes
1178 3978 1300 4019 esse
1351 3971 1618 4021 mortuas,
1672 3960 1775 4013 nisi
1826 3957 1963 4011 forte
2010 3954 2200 4017 falior,

631 4060 826 4130 insigni
861 4057 1087 4112 audacia
1119 4067 1375 4124 magnum
1408 4052 1540 4120 quid
1566 4060 1621 4104 et
1650 4049 1887 4103 terribile
1916 4048 2200 4113 eloquens.

701 4152 789 4203 5t).
828 4148 1095 4205 Universa
1130 4162 1262 4211 vero
1297 4143 1513 4206 civitas,
1551 4138 1930 4195 inconsolabili
1968 4140 2117 4190 luctu
2148 4144 2204 4189 et

614 4242 880 4313 ‘tacrymis
906 4255 1033 4294 cum
1065 4252 1175 4291 non
1209 4236 1461 4291 cessabat
1493 4234 1715 4295 deﬂere,
1755 4242 2010 4300 tanquam
2042 4245 2201 4283 suum

632 4346 916 4405 rati-onum
953 4344 1007 4387 et
1038 4332 1410 4387 defensorem.
1437 4329 1547 4393 'Qui
1593 4337 1775 4382 autem
1812 4325 2042 4379 lideliter
2074 4336 2203 4377 tunc

629 4437 844 4497 sceptra
905 4423 1323 4479 administrabat
1354 4422 1439 4491 tis
1478 4435 1607 4474 vero
1633 4428 1749 4475 erat
1774 4418 1886 4487 (65)
1930 4416 2199 4485 Nicepho-

2314 562 2543 630 cupiens
2589 565 2881 631 prohibere
2931 565 3260 629 decessum,
3339 563 3589 639 lacryntis
3639 570 3843 634 foedata,

2312 651 2614 719 acerbeque
2642 668 2767 707 eum
2798 670 3061 711 revocans
3088 662 3143 711 et
3163 659 3515 728 amplectens,
3536 671 3593 715 et
3620 671 3844 732 tanquam

2310 738 2432 810 (ιυιὲ
2484 744 2774 798 multorum
2826 746 3095 801 bonorum
3152 759 3432 818 pateretur
3480 752 3842 821 amissionem,

2311 829 2539 897 perinde
2572 839 2736 901 atque
2765 832 2917 897 rivis,
2953 835 3230 905 rigabatnr
3259 839 3531 910 lacrymis.

2382 920 2469 975 51.
2504 921 2761 977 Ecclesia:
2805 935 2986 979 autem
3018 926 3208 982 laetitia
3245 931 3480 984 deflebat
3527 933 3845 995 utilissimum

2312 1024 2474 1064 suum
2510 1021 2944 1080 procuratorem,
2973 1017 3287 1087 agricolam,
3318 1021 3694 1090 plantatorem,
3720 1038 3844 1086 eum,

2311 1101 2403 1170 qui
2439 1102 2591 1155 omni
2625 1104 2766 1157 artati
2810 1105 3211 1162 incrementum
3242 1109 3468 1166 dederat
3488 1113 3568 1166 ad
3596 1114 3845 1179 virtutem,

2310 1191 2405 1260 qui
2449 1193 2585 1246 nulli
2631 1196 2856 1250 macula:
2900 1198 3196 1254 obnoxium
3229 1214 3577 1259 conservarat
3621 1205 3847 1259 sacerdo~

2312 1280 2468 1346 tium,
2502 1284 2592 1352 qui
2624 1299 2844 1340 omnem
2879 1282 3067 1358 rugam
3114 1290 3268 1345 malas
3307 1292 3583 1362 opinionis
3621 1308 3651 1346 a
3676 1294 3847 1348 divinis

2317 1371 2467 1427 afriis
2496 1375 2849 1442 absterserat,
2889 1379 2982 1447 qui
3026 1394 3130 1450 pro
3161 1382 3389 1438 veritate
3414 1398 3715 1448 sennones,
3750 1400 3849 1440 tan-

2310 1480 2471 1533 quam
2505 1465 2774 1545 pretiosos
2804 1468 3034 1538 lapides,
3084 1471 3138 1524 in
3177 1468 3434 1527 Ecclesia:
3463 1473 3726 1528 inﬂixerat
3750 1474 3850 1528 dia-

2310 1555 2546 1620 demate,
2582 1557 2675 1625 qui
2709 1566 2826 1611 erat
2868 1559 3498 1632 incorruptusantistes,
3531 1567 3629 1632 qui
3657 1565 3724 1617 ad
3753 1579 3849 1618 ma-

2311 1663 2485 1703 nuum
2523 1651 3137 1721 impositionem'donis
3179 1655 3322 1710 allici
3365 1671 3476 1710 non
3520 1665 3750 1726 poterat,
3772 1657 3848 1728 qui

2314 1734 2643 1797 Simoniacie
2665 1743 2865 1815 magiae
2899 1761 3094 1801 ausum
3133 1749 3503 1819 adulterinum
3529 1767 3655 1808 esse
3686 1761 3850 1809 osten-

2306 1832 2479 1903 derat,
2515 1835 2606 1904 qui
2648 1848 2764 1890 erat
2806 1838 3179 1907 apostolorum
3228 1856 3514 1899 successor
3556 1844 3614 1899 iu
3642 1846 3846 1910 virtute,

2308 1923 2399 1993 qui
2450 1925 2768 1997 considebat
2800 1938 2855 1983 et
2888 1932 3334 1996 ,conversabatur
3377 1950 3509 1990 cum
3554 1936 3848 2004 patriarchis

2308 2023 2362 2070 et
2375 2015 2647 2085 Patribus,
2666 2020 2898 2089 quicum
2920 2022 3110 2077 electis
3129 2010 3846 2099 consentiebat-synodis,qui

2307 2109 2489 2164 omnia
2511 2109 2686 2166 factus
2697 2120 2781 2167 est
2791 2112 3064 2181 omnibus,
3084 2117 3360 2188 ntaliquos
3375 2116 3849 2176 omninosalnosl'ac

2306 2208 2454 2253 ceret
2475 2198 2524 2268 (1
2553 2198 2767 2267 Comx,
2805 2201 2926 2273 22).
2958 2205 3351 2261 convenienter
3365 2223 3563 2280 magno
3593 2222 3652 2265 et
3689 2212 3849 2266 divino

2309 2292 2580 2361 apostolo.
2624 2293 3011 2351 Monachorum
3029 2306 3211 2353 autem
3228 2308 3403 2355 conus
3434 2302 3850 2372 religiosissimus

2310 2381 2365 2434 in
2395 2396 2547 2447 eum,
2584 2394 2646 2437 ut
2678 2385 2913 2463 probum
2936 2401 3098 2442 suum
3122 2389 3581 2456 excitatoremret
3605 2409 3849 2447 summum

2306 2472 2501 2528 ducem
2558 2476 2629 2530 ad
2679 2476 3086 2545 abstinentiam,
3124 2481 3425 2537 ostendens
3481 2484 3767 2549 tristitiam,
3806 2494 3852 2539 et

2308 2561 2541 2632 hymnos
2569 2574 2873 2620 contexens
2903 2568 3175 2639 laerymis,
3200 2564 3657 2643 prosequebatur
3678 2577 3741 2629 ad
3770 2593 3851 2645 pa-

2309 2660 2437 2718 tres,
2469 2654 2564 2723 qui
2592 2656 2747 2725 prius
2774 2656 3104 2715 refulserant
3135 2659 3190 2713 in
3223 2663 3641 2730 exercitatione,
3669 2679 3849 2737 patrem

2304 2741 2399 2810 qui
2418 2746 2911 2805 erat-continentia:
2938 2752 3401 2821 propugnaculum
3419 2752 3848 2827 inexpugnabile.

2306 2834 2411 2901 Qui
2445 2845 2602 2891 erant
2633 2839 2811 2910 egeni,
2856 2854 3016 2895 suum
3060 2842 3527 2912 suppeditatorem
3558 2865 3573 2901 :
3605 2847 3695 2917 qui
3722 2847 3847 2908 orbi.

2307 2926 2525 2982 oculum
2556 2948 2569 2983 :
2595 2930 2688 2999 qui
2710 2930 2914 2996 claudi,
2934 2933 3130 3001 pedem
3163 2934 3298 3005 :qui
3322 2936 3480 3003 nudi,
3511 2949 3715 2994 vestem
3741 2941 3848 3008 :qui

2307 3017 2582 3089 hospites,
2633 3029 2981 3091 exceptorem
3019 3041 3031 3077 :
3064 3023 3155 3093 qui
3201 3024 3256 3078 in
3301 3015 3849 3098 vinculistvisitatio-

2307 3123 2433 3162 nem
2470 3127 2483 3161 :
2514 3110 2725 3175 viduae,
2776 3110 3119 3167 defensorem
3165 3128 3180 3164 :
3226 3114 3495 3184 orpbani,
3550 3117 3847 3186 adiutorem.

2305 3198 2498 3255 Omnis
2520 3201 2766 3264 conditio
2794 3209 2851 3257 et
2878 3202 3061 3256 omnis
3084 3211 3216 3257 artas
3246 3204 3562 3261 conﬂuebat
3588 3208 3751 3264 instar
3767 3209 3852 3261 llu-

2307 3293 2491 3358 minis,
2526 3282 2724 3349 lectuui
2755 3304 3009 3366 tangens,
3039 3305 3093 3350 et
3120 3311 3280 3352 sacro
3308 3297 3402 3353 illo
3431 3276 3744 3369 spectaculo
3764 3300 3851 3353 frui

2305 3387 2397 3458 pie
2423 3389 2785 3443 contendens.
2809 3388 2878 3444 Et
2905 3391 3009 3444 nisi
3042 3391 3337 3462 imperator
3369 3394 3554 3463 populi
3585 3378 3851 3448 tumultum

2305 3489 2362 3534 et
2395 3480 2656 3550 impetum
2683 3482 2910 3537 militari
2961 3497 3128 3538 manu
3164 3484 3291 3539 cito.
3319 3487 3689 3556 repressisset,
3716 3487 3851 3541 llllllll

2305 3573 2590 3628 venissent
2621 3561 2683 3627 in
2732 3574 2926 3629 mortis
2977 3577 3306 3646 periculum,
3356 3578 3489 3634 dum
3544 3579 3765 3634 trudunt
3802 3588 3852 3634 et

2305 3663 2545 3720 vicissim
2589 3664 2906 3732 truduntur,
2937 3674 2992 3721 et
3029 3667 3299 3723 laudabile
3324 3668 3630 3725 ostendunt
3661 3670 3852 3725 deside-

2307 3755 2447 3810 rium
2472 3756 2528 3839 in
2560 3772 2707 3823 eum,
2741 3759 2836 3837 qui
2864 3758 3305 3815 desiderabatur.

2374 3836 2477 3903 δι’
2505 3848 2780 3919 Sepelitur
2814 3836 2945 3923 ergo
2970 3854 3156 3923 gloria:
3178 3855 3399 3925 plenum
3443 3836 3704 3927 inclytum
3744 3872 3849 3911 cur-

2305 3959 2411 4013 pus
2459 3957 2775 4002 sanctorum
2823 3948 3066 4004 virorum
3104 3951 3390 4013 manibus,
3437 3951 3531 4020 qui
3584 3950 3765 4004 lembis
3806 3957 3850 4002 et

2307 4037 2562 4093 lintribus
2618 4040 2783 4095 latum
2831 4057 2982 4096 mare
3035 4051 3235 4095 terram
3286 4042 3517 4097 solidam
3559 4042 3846 4099 eﬂ‘eceraut.

2305 4129 2435 4181 dum
2472 4129 2769 4185 transirent
2797 4132 2861 4185 ad
2895 4133 3287 4186 monasterimn
3332 4132 3401 4187 ab
3445 4149 3514 4188 eo
3551 4133 3845 4188 :ediﬁcatmn

2308 4224 2361 4275 in
2401 4221 2640 4292 Bosporo
2674 4222 2997 4294 Byzantina,
3051 4227 3107 4278 in
3159 4207 3476 4279 venerando
3521 4225 3721 4295 templo
3747 4242 3844 4279 om-

2306 4313 2457 4366 nium
2497 4322 2820 4383 martyrum,
2846 4314 2940 4383 qui
2968 4330 3069 4387 pro
3096 4314 3319 4369 Christo
3361 4316 3683 4385 sanguinem
3718 4315 3843 4370 cﬂu-

2284 4401 2527 4474 derunt,
2559 4415 2682 4455 cum
2715 4403 2919 4456 mensis
2949 4400 3211 4457 Februar.
3247 4402 3358 4474 (66)
3385 4404 3639 4472 quintum
3664 4413 3845 4459 teneret

632 4490 744 4589 rus-3
768 4559 781 4580 ,
802 4534 911 4572 non
948 4516 1197 4570 cessabat
1225 4490 1411 4567 dolore
1440 4511 1692 4567 cruciari.
1732 4510 2026 4564 l’rocidens
2058 4507 2202 4561 enim
2236 4508 2280 4562 ἰ)
2307 4492 2452 4545 diem
2494 4507 2615 4545 Cum
2647 4490 3340 4563 ίιυίηιυριὸἶιυθιετηὶυηθ·
3374 4495 3513 4548 Eum
3542 4504 3719 4551 amem
3743 4496 3844 4547 ιοη⁴

628 4583 793 4680 supra
840 4616 1029 4678 pectus
1084 4583 1303 4675 gloriosi
1360 4584 1638 4673 corporis,
1678 4611 1733 4655 ct
1782 4601 1958 4669 ipsum
2015 4583 2201 4667 tegens

622 4717 887 4773 purpura,
940 4699 1223 4753 l'nncbrcm
1279 4696 1514 4764 faciebat
1552 4693 2021 4754 lamentationem,
2077 4706 2199 4742 cum

624 4807 830 4848 vocans
864 4802 1157 4862 pastorem,
1192 4786 1432 4850 Patrem,
1482 4785 1699 4862 imperii
1733 4784 2064 4851 adjutorcm,
2095 4780 2203 4833 Lu-
2239 4854 2242 4856 γ

622 4886 878 4948 ciferum,
916 4885 1019 4953 qui
1043 4876 1323 4953 nunquam
1356 4879 1575 4942 occidit,
1622 4877 1757 4946 reip.
1786 4876 1981 4929 ducem
2013 4873 2082 4927 ad
2114 4888 2198 4936 ea,

626 4991 749 5045 qua:
780 4984 909 5027 sunt
935 4972 1177 5031 meliora.
1210 4981 1263 5025 et
1292 4969 1537 5024 divinum
1552 4966 1896 5036 magistrum,
1927 4963 2204 5018 exercitus

629 5064 1051 5137 inexpugnabile
1082 5061 1572 5133 propugnaculum,
1617 5057 1961 5111 inimicorum
2006 5069 2104 5110 sua
2137 5053 2205 5107 ad

628 5161 802 5213 Deum
834 5155 1229 5210 intercessione
1271 5162 1557 5205 strenuum
1608 5149 2029 5218 proﬂigatorem.
2064 5144 2205 5210 Quid

627 5247 865 5302 deniaue
901 5259 1012 5299 non
1034 5243 1267 5305 faciens,
1314 5240 1443 5310 quid
1485 5254 1595 5293 non
1628 5238 1836 5302 dicens,
1868 5236 2205 5319 orbisterra:

628 5341 891 5395 damnum
925 5343 1191 5406 reputans
1225 5333 1463 5403 pastoris
1485 5330 1800 5402 iacturam?
1841 5328 1973 5394 Qua:
2020 5338 2203 5389 autem

620 5431 683 5487 in
720 5408 1080 5495 potestatibus
1109 5432 1165 5478 et
1195 5422 1496 5477 honoribus
1530 5420 1826 5475 maximum
1857 5419 2204 5489 splendorem

702 5629 815 5701 (fit;
859 5628 1211 5701 blortuqsest
1239 5639 1385 5701 anno
1416 5624 1540 5701 εοίξ.

701 5693 814 5772 {Uni}
855 5700 1008 5753 lrenc
1062 5696 1298 5772 fortunis
1338 5697 1616 5772 _o_nmibu_s
1675 5702 1863 5772 exuta,
1909 5693 2203 5772 imperium

638 5765 858 5842 adoptas
885 5778 963 5824 es!
997 5782 1142 5820 atino
1174 5765 1298 5829 802,
1338 5767 1397 5821 5l
1436 5769 1650 5833 Ucloli.,
1685 5766 1873 5819 indict.
1899 5767 1953 5819 2.

2305 4598 2428 4652 gum
2475 4590 2689 4651 tempus
2733 4583 2912 4637 celare
2962 4598 3073 4637 non
3125 4584 3341 4653 poterit,
3390 4593 3476 4639 est
3532 4585 3677 4640 enim
3720 4585 3844 4638 Olllttl

2292 4682 2553 4741 tempore
2592 4673 2879 4726 excelsior.
2903 4671 3108 4727 Natura
3137 4675 3284 4730 enim
3312 4675 3533 4730 virtutis
3571 4692 3679 4729 non
3705 4678 3843 4729 susti-

2304 4773 2403 4818 net
2420 4763 2750 4818 oblivionem
2788 4782 2801 4817 :
2831 4778 2941 4818 non
2967 4764 3089 4819 tabe
3118 4765 3264 4819 enim
3291 4753 3603 4823 invidias-ba
3616 4768 3841 4822 Jebatnr:

2305 4858 2386 4911 sui
2420 4855 2565 4909 enim
2602 4857 2922 4910 memoriam
2956 4856 3084 4911 facit
3113 4841 3473 4921 immortalem
3522 4861 3719 4916 nostris
3745 4860 3844 4915 ani-

2305 4950 2426 5015 mis,
2462 4958 2517 5003 et
2547 4964 2657 5002 non
2692 4949 2827 5003 sinit
2858 4949 3095 5020 dispergi
3126 4958 3181 5005 et
3216 4951 3321 5021 tegi
3353 4951 3593 5007 silentio.

2897 5061 3125 5119 CAPUT
3164 5062 3280 5118 XII.

2410 5150 2669 5205 Miracula
2698 5156 2769 5205 ad
2800 5152 3096 5223 sepulcrum
3127 5157 3299 5208 sattcti
3325 5154 3531 5211 Tarasii
3564 5168 3787 5228 patrata.

2379 5243 2466 5297 5'5.
2511 5242 2750 5311 Tempus
2777 5253 2859 5297 est
2900 5254 3103 5309 autem,
3138 5246 3314 5311 vobis,
3353 5247 3444 5318 qui
3492 5249 3625 5302 esus
3659 5249 3846 5303 virtutis

2307 5333 2559 5398 studiosi,
2594 5332 2902 5402 exponendi
2942 5348 3029 5388 res
3059 5348 3089 5386 a
3120 5333 3276 5389 Patre
3309 5336 3567 5405 pneclare
3601 5350 3768 5408 gestas
3801 5340 3844 5389 in

2308 5427 2581 5497 sepulcro,
2633 5442 2770 5496 quas
2808 5442 2921 5481 non
2969 5427 3171 5499 poterit
3218 5430 3507 5499 prohibere
3553 5447 3844 5486 "10mmch

2308 5624 2491 5752 c.(06)
2536 5626 2581 5677 Is
2623 5625 2738 5678 dies
2782 5638 2850 5679 co
2880 5640 3024 5680 anno
3052 5598 3243 5680 incidit
3287 5625 3341 5678 in
3386 5622 3582 5680 feriam
3625 5632 3842 5695 quanam

2356 5712 2588 5750 merum.

2356 5712 2588 5750 lllCl'lllll.
