  <div class='ocr_page' id='page_1' title='image "/cluster/home/n/w/nwhite01/storage/ocr_20150623/98/pst.000005714056/746.png"; bbox 0 0 4016 6340; ppageno 0'>
   <div class='ocr_carea' id='block_1_1' title="bbox 259 436 384 501">
    <p class='ocr_par' dir='ltr' id='par_1_1' title="bbox 259 436 384 501">
     <span class='ocr_line' id='line_1_1' title="bbox 259 436 384 501; baseline -0.008 0"><span class='ocrx_word' id='word_1_1' title='bbox 259 436 384 501; x_wconf 74' lang='grc'><strong>1421</strong></span> 
     </span>
    </p>
   </div>
   <div class='ocr_carea' id='block_1_2' title="bbox 257 632 1807 706">
    <p class='ocr_par' dir='ltr' id='par_1_2' title="bbox 257 632 1807 706">
     <span class='ocr_line' id='line_1_2' title="bbox 257 632 1807 706; baseline -0.004 -18"><span class='ocrx_word' id='word_1_2' title='bbox 257 635 352 690; x_wconf 85' lang='lat' dir='ltr'><strong>ille</strong></span> <span class='ocrx_word' id='word_1_3' title='bbox 380 636 791 706; x_wconf 79' lang='lat' dir='ltr'><strong>monumentum</strong></span> <span class='ocrx_word' id='word_1_4' title='bbox 822 634 1186 701; x_wconf 69' lang='lat' dir='ltr'><strong>monumenti,</strong></span> <span class='ocrx_word' id='word_1_5' title='bbox 1231 633 1379 688; x_wconf 74' lang='lat' dir='ltr'><strong>Multi</strong></span> <span class='ocrx_word' id='word_1_6' title='bbox 1413 633 1556 686; x_wconf 91' lang='lat' dir='ltr'><strong>enim</strong></span> <span class='ocrx_word' id='word_1_7' title='bbox 1589 632 1654 683; x_wconf 88' lang='lat' dir='ltr'><strong>ad</strong></span> <span class='ocrx_word' id='word_1_8' title='bbox 1685 646 1807 683; x_wconf 89' lang='lat' dir='ltr'><strong>cum</strong></span> 
     </span>
    </p>
   </div>
   <div class='ocr_carea' id='block_1_3' title="bbox 257 720 1806 791">
    <p class='ocr_par' dir='ltr' id='par_1_3' title="bbox 257 720 1806 791">
     <span class='ocr_line' id='line_1_3' title="bbox 257 720 1806 791; baseline -0.005 -12"><span class='ocrx_word' id='word_1_9' title='bbox 257 727 547 786; x_wconf 85' lang='lat' dir='ltr'><strong>accedunt,</strong></span> <span class='ocrx_word' id='word_1_10' title='bbox 578 733 634 779; x_wconf 90' lang='lat' dir='ltr'><strong>et</strong></span> <span class='ocrx_word' id='word_1_11' title='bbox 660 725 959 779; x_wconf 73' lang='lat' dir='ltr'><strong>liberamur</strong></span> <span class='ocrx_word' id='word_1_12' title='bbox 984 723 1052 779; x_wconf 87' lang='lat' dir='ltr'><strong>ab</strong></span> <span class='ocrx_word' id='word_1_13' title='bbox 1079 722 1168 786; x_wconf 88' lang='lat' dir='ltr'><strong>iis,</strong></span> <span class='ocrx_word' id='word_1_14' title='bbox 1199 739 1318 791; x_wconf 75' lang='lat' dir='ltr'><strong>quae</strong></span> <span class='ocrx_word' id='word_1_15' title='bbox 1346 722 1492 791; x_wconf 90' lang='lat' dir='ltr'><strong>ipsos</strong></span> <span class='ocrx_word' id='word_1_16' title='bbox 1521 720 1806 780; x_wconf 80' lang='lat' dir='ltr'><strong>vexabant,</strong></span> 
     </span>
    </p>
   </div>
   <div class='ocr_carea' id='block_1_4' title="bbox 257 809 1810 880">
    <p class='ocr_par' dir='ltr' id='par_1_4' title="bbox 257 809 1810 880">
     <span class='ocr_line' id='line_1_4' title="bbox 257 809 1810 880; baseline -0.005 -12"><span class='ocrx_word' id='word_1_17' title='bbox 257 815 658 870; x_wconf 69' lang='lat' dir='ltr'><strong>allectionibus.</strong></span> <span class='ocrx_word' id='word_1_18' title='bbox 687 813 732 868; x_wconf 90' lang='grc'>0</span> <span class='ocrx_word' id='word_1_19' title='bbox 761 814 1108 868; x_wconf 78' lang='lat' dir='ltr'><strong>miraculum!</strong></span> <span class='ocrx_word' id='word_1_20' title='bbox 1158 813 1320 866; x_wconf 88' lang='lat' dir='ltr'><strong>etiam</strong></span> <span class='ocrx_word' id='word_1_21' title='bbox 1358 821 1641 880; x_wconf 77' lang='lat' dir='ltr'><strong>postquam</strong></span> <span class='ocrx_word' id='word_1_22' title='bbox 1686 809 1810 861; x_wconf 88' lang='lat' dir='ltr'><strong>hinc</strong></span> 
     </span>
    </p>
   </div>
   <div class='ocr_carea' id='block_1_5' title="bbox 260 899 1811 971">
    <p class='ocr_par' dir='ltr' id='par_1_5' title="bbox 260 899 1811 971">
     <span class='ocr_line' id='line_1_5' title="bbox 260 899 1811 971; baseline -0.006 -11"><span class='ocrx_word' id='word_1_23' title='bbox 260 905 516 970; x_wconf 82' lang='lat' dir='ltr'><strong>excessit,</strong></span> <span class='ocrx_word' id='word_1_24' title='bbox 551 919 759 966; x_wconf 79' lang='lat' dir='ltr'><strong>eorum,</strong></span> <span class='ocrx_word' id='word_1_25' title='bbox 791 903 881 971; x_wconf 86' lang='lat' dir='ltr'><strong>qui</strong></span> <span class='ocrx_word' id='word_1_26' title='bbox 922 903 1007 956; x_wconf 91' lang='lat' dir='ltr'><strong>hic</strong></span> <span class='ocrx_word' id='word_1_27' title='bbox 1038 912 1185 966; x_wconf 91' lang='lat' dir='ltr'><strong>sunt,</strong></span> <span class='ocrx_word' id='word_1_28' title='bbox 1237 917 1418 955; x_wconf 88' lang='lat' dir='ltr'><strong>curam</strong></span> <span class='ocrx_word' id='word_1_29' title='bbox 1464 903 1616 970; x_wconf 81' lang='lat' dir='ltr'><strong>gerit,</strong></span> <span class='ocrx_word' id='word_1_30' title='bbox 1660 899 1811 952; x_wconf 91' lang='lat' dir='ltr'><strong>etab</strong></span> 
     </span>
    </p>
   </div>
   <div class='ocr_carea' id='block_1_6' title="bbox 260 987 1804 1064">
    <p class='ocr_par' dir='ltr' id='par_1_6' title="bbox 260 987 1804 1064">
     <span class='ocr_line' id='line_1_6' title="bbox 260 987 1804 1064; baseline -0.005 -17"><span class='ocrx_word' id='word_1_31' title='bbox 260 994 353 1064; x_wconf 83' lang='lat' dir='ltr'><strong>iis,</strong></span> <span class='ocrx_word' id='word_1_32' title='bbox 387 993 478 1062; x_wconf 92' lang='lat' dir='ltr'><strong>qui</strong></span> <span class='ocrx_word' id='word_1_33' title='bbox 524 1000 794 1060; x_wconf 68' lang='lat' dir='ltr'><strong>quaarunt,</strong></span> <span class='ocrx_word' id='word_1_34' title='bbox 847 990 1140 1053; x_wconf 75' lang='lat' dir='ltr'><strong>invenitur,</strong></span> <span class='ocrx_word' id='word_1_35' title='bbox 1195 997 1249 1043; x_wconf 92' lang='lat' dir='ltr'><strong>et</strong></span> <span class='ocrx_word' id='word_1_36' title='bbox 1298 989 1384 1050; x_wconf 92' lang='lat' dir='ltr'><strong>iis,</strong></span> <span class='ocrx_word' id='word_1_37' title='bbox 1443 989 1534 1057; x_wconf 91' lang='lat' dir='ltr'><strong>qui</strong></span> <span class='ocrx_word' id='word_1_38' title='bbox 1573 987 1804 1056; x_wconf 88' lang='lat' dir='ltr'><strong>pulsant,</strong></span> 
     </span>
    </p>
   </div>
   <div class='ocr_carea' id='block_1_7' title="bbox 259 1077 1811 1152">
    <p class='ocr_par' dir='ltr' id='par_1_7' title="bbox 259 1077 1811 1152">
     <span class='ocr_line' id='line_1_7' title="bbox 259 1077 1811 1152; baseline -0.003 -17"><span class='ocrx_word' id='word_1_39' title='bbox 259 1083 440 1152; x_wconf 86' lang='lat' dir='ltr'><strong>aperit</strong></span> <span class='ocrx_word' id='word_1_40' title='bbox 487 1081 681 1135; x_wconf 90' lang='lat' dir='ltr'><strong>ostium</strong></span> <span class='ocrx_word' id='word_1_41' title='bbox 719 1081 1038 1134; x_wconf 88' lang='lat' dir='ltr'><strong>medicantis</strong></span> <span class='ocrx_word' id='word_1_42' title='bbox 1081 1095 1192 1133; x_wconf 84' lang='lat' dir='ltr'><strong>suae</strong></span> <span class='ocrx_word' id='word_1_43' title='bbox 1239 1079 1586 1132; x_wconf 87' lang='lat' dir='ltr'><strong>visitationis.</strong></span> <span class='ocrx_word' id='word_1_44' title='bbox 1617 1077 1662 1149; x_wconf 74' lang='grc' dir='ltr'>ᾼ</span> <span class='ocrx_word' id='word_1_45' title='bbox 1691 1077 1811 1152; x_wconf 87' lang='lat' dir='ltr'><strong>diu-</strong></span> 
     </span>
    </p>
   </div>
   <div class='ocr_carea' id='block_1_8' title="bbox 262 1153 1813 1237">
    <p class='ocr_par' dir='ltr' id='par_1_8' title="bbox 262 1153 1813 1237">
     <span class='ocr_line' id='line_1_8' title="bbox 262 1153 1813 1237; baseline -0.004 -13"><span class='ocrx_word' id='word_1_46' title='bbox 262 1179 428 1224; x_wconf 89' lang='lat' dir='ltr'><strong>turno</strong></span> <span class='ocrx_word' id='word_1_47' title='bbox 459 1171 601 1223; x_wconf 91' lang='lat' dir='ltr'><strong>enim</strong></span> <span class='ocrx_word' id='word_1_48' title='bbox 633 1169 911 1237; x_wconf 76' lang='lat' dir='ltr'><strong>sanguinis</strong></span> <span class='ocrx_word' id='word_1_49' title='bbox 943 1167 1219 1236; x_wconf 91' lang='lat' dir='ltr'><strong>proﬂuvio</strong></span> <span class='ocrx_word' id='word_1_50' title='bbox 1261 1165 1495 1236; x_wconf 72' lang='lat' dir='ltr'><strong>graviter</strong></span> <span class='ocrx_word' id='word_1_51' title='bbox 1542 1153 1813 1234; x_wconf 80' lang='lat' dir='ltr'><strong>quondam</strong></span> 
     </span>
    </p>
   </div>
   <div class='ocr_carea' id='block_1_9' title="bbox 256 1253 1811 1334">
    <p class='ocr_par' dir='ltr' id='par_1_9' title="bbox 256 1253 1811 1334">
     <span class='ocr_line' id='line_1_9' title="bbox 256 1253 1811 1334; baseline -0.005 -23"><span class='ocrx_word' id='word_1_52' title='bbox 256 1260 476 1328; x_wconf 69' lang='lat' dir='ltr'><strong>agitata:</strong></span> <span class='ocrx_word' id='word_1_53' title='bbox 504 1257 746 1334; x_wconf 76' lang='lat' dir='ltr'><strong>quaedam</strong></span> <span class='ocrx_word' id='word_1_54' title='bbox 784 1255 1132 1319; x_wconf 70' lang='lat' dir='ltr'><strong>mulierculae,</strong></span> <span class='ocrx_word' id='word_1_55' title='bbox 1174 1263 1229 1307; x_wconf 91' lang='lat' dir='ltr'><strong>et</strong></span> <span class='ocrx_word' id='word_1_56' title='bbox 1259 1266 1486 1322; x_wconf 84' lang='lat' dir='ltr'><strong>magnos</strong></span> <span class='ocrx_word' id='word_1_57' title='bbox 1517 1253 1811 1307; x_wconf 85' lang='lat' dir='ltr'><strong>subeuntes</strong></span> 
     </span>
    </p>
   </div>
   <div class='ocr_carea' id='block_1_10' title="bbox 157 1341 1812 1413">
    <p class='ocr_par' dir='ltr' id='par_1_10' title="bbox 157 1341 1812 1413">
     <span class='ocr_line' id='line_1_10' title="bbox 157 1341 1812 1413; baseline -0.005 -12"><span class='ocrx_word' id='word_1_58' title='bbox 157 1368 176 1380; x_wconf 84' lang='grc'><strong>·</strong></span> <span class='ocrx_word' id='word_1_59' title='bbox 256 1347 458 1401; x_wconf 89' lang='lat' dir='ltr'><strong>ﬂuctus</strong></span> <span class='ocrx_word' id='word_1_60' title='bbox 488 1354 541 1399; x_wconf 90' lang='lat' dir='ltr'><strong>et</strong></span> <span class='ocrx_word' id='word_1_61' title='bbox 580 1354 948 1413; x_wconf 88' lang='lat' dir='ltr'><strong>tempestates,</strong></span> <span class='ocrx_word' id='word_1_62' title='bbox 981 1360 1102 1398; x_wconf 90' lang='lat' dir='ltr'><strong>cum</strong></span> <span class='ocrx_word' id='word_1_63' title='bbox 1131 1345 1186 1396; x_wconf 91' lang='lat' dir='ltr'><strong>in</strong></span> <span class='ocrx_word' id='word_1_64' title='bbox 1217 1343 1614 1398; x_wconf 87' lang='lat' dir='ltr'><strong>medicamenta</strong></span> <span class='ocrx_word' id='word_1_65' title='bbox 1638 1341 1812 1394; x_wconf 74' lang='lat' dir='ltr'><strong>maxi-</strong></span> 
     </span>
    </p>
   </div>
   <div class='ocr_carea' id='block_1_11' title="bbox 257 1431 1814 1505">
    <p class='ocr_par' dir='ltr' id='par_1_11' title="bbox 257 1431 1814 1505">
     <span class='ocr_line' id='line_1_11' title="bbox 257 1431 1814 1505; baseline -0.004 -17"><span class='ocrx_word' id='word_1_66' title='bbox 257 1452 406 1491; x_wconf 88' lang='lat' dir='ltr'><strong>mam</strong></span> <span class='ocrx_word' id='word_1_67' title='bbox 449 1444 657 1505; x_wconf 89' lang='lat' dir='ltr'><strong>partem</strong></span> <span class='ocrx_word' id='word_1_68' title='bbox 707 1450 924 1490; x_wconf 90' lang='lat' dir='ltr'><strong>suarum</strong></span> <span class='ocrx_word' id='word_1_69' title='bbox 965 1434 1283 1488; x_wconf 80' lang='lat' dir='ltr'><strong>facultatum</strong></span> <span class='ocrx_word' id='word_1_70' title='bbox 1331 1431 1814 1501; x_wconf 85' lang='lat' dir='ltr'><strong>consumpsissem,</strong></span> 
     </span>
    </p>
   </div>
   <div class='ocr_carea' id='block_1_12' title="bbox 259 1521 1811 1596">
    <p class='ocr_par' dir='ltr' id='par_1_12' title="bbox 259 1521 1811 1596">
     <span class='ocr_line' id='line_1_12' title="bbox 259 1521 1811 1596; baseline -0.008 -14"><span class='ocrx_word' id='word_1_71' title='bbox 259 1540 323 1582; x_wconf 86' lang='lat' dir='ltr'><strong>et</strong></span> <span class='ocrx_word' id='word_1_72' title='bbox 371 1543 478 1580; x_wconf 89' lang='lat' dir='ltr'><strong>non</strong></span> <span class='ocrx_word' id='word_1_73' title='bbox 531 1526 839 1596; x_wconf 87' lang='lat' dir='ltr'><strong>potuissent</strong></span> <span class='ocrx_word' id='word_1_74' title='bbox 895 1525 1139 1578; x_wconf 87' lang='lat' dir='ltr'><strong>invenire</strong></span> <span class='ocrx_word' id='word_1_75' title='bbox 1186 1523 1310 1576; x_wconf 90' lang='lat' dir='ltr'><strong>mali</strong></span> <span class='ocrx_word' id='word_1_76' title='bbox 1355 1521 1811 1591; x_wconf 87' lang='lat' dir='ltr'><strong>tranquillitatem,</strong></span> 
     </span>
    </p>
   </div>
   <div class='ocr_carea' id='block_1_13' title="bbox 255 1609 1818 1688">
    <p class='ocr_par' dir='ltr' id='par_1_13' title="bbox 255 1609 1818 1688">
     <span class='ocr_line' id='line_1_13' title="bbox 255 1609 1818 1688; baseline -0.008 -15"><span class='ocrx_word' id='word_1_77' title='bbox 255 1618 778 1688; x_wconf 77' lang='lat' dir='ltr'><strong>evangelicamillam</strong></span> <span class='ocrx_word' id='word_1_78' title='bbox 791 1616 1050 1685; x_wconf 83' lang='lat' dir='ltr'><strong>proﬂuvio</strong></span> <span class='ocrx_word' id='word_1_79' title='bbox 1067 1616 1344 1684; x_wconf 83' lang='lat' dir='ltr'><strong>sanguinis</strong></span> <span class='ocrx_word' id='word_1_80' title='bbox 1356 1615 1685 1667; x_wconf 85' lang='lat' dir='ltr'><strong>laborantem</strong></span> <span class='ocrx_word' id='word_1_81' title='bbox 1702 1609 1818 1662; x_wconf 87' lang='lat' dir='ltr'><strong>imi-</strong></span> 
     </span>
    </p>
   </div>
   <div class='ocr_carea' id='block_1_14' title="bbox 195 1701 1817 1776">
    <p class='ocr_par' dir='ltr' id='par_1_14' title="bbox 195 1701 1817 1776">
     <span class='ocr_line' id='line_1_14' title="bbox 195 1701 1817 1776; baseline -0.008 -13"><span class='ocrx_word' id='word_1_82' title='bbox 195 1721 202 1724; x_wconf 82' lang='lat'>&#39;</span> <span class='ocrx_word' id='word_1_83' title='bbox 258 1720 384 1764; x_wconf 72' lang='lat' dir='ltr'><strong>tata:</strong></span> <span class='ocrx_word' id='word_1_84' title='bbox 415 1709 693 1763; x_wconf 89' lang='lat' dir='ltr'><strong>mulierem</strong></span> <span class='ocrx_word' id='word_1_85' title='bbox 720 1706 978 1776; x_wconf 61' lang='grc' dir='ltr'><strong>(Μαῖαν,</strong></span> <span class='ocrx_word' id='word_1_86' title='bbox 995 1705 1084 1774; x_wconf 69' lang='grc'><strong>25)</strong></span> <span class='ocrx_word' id='word_1_87' title='bbox 1100 1721 1204 1772; x_wconf 73' lang='lat' dir='ltr'><strong>prae</strong></span> <span class='ocrx_word' id='word_1_88' title='bbox 1228 1701 1480 1758; x_wconf 84' lang='lat' dir='ltr'><strong>laudabili</strong></span> <span class='ocrx_word' id='word_1_89' title='bbox 1505 1701 1817 1771; x_wconf 90' lang='lat' dir='ltr'><strong>impruden-</strong></span> 
     </span>
    </p>
   </div>
   <div class='ocr_carea' id='block_1_15' title="bbox 258 1790 1814 1871">
    <p class='ocr_par' dir='ltr' id='par_1_15' title="bbox 258 1790 1814 1871">
     <span class='ocr_line' id='line_1_15' title="bbox 258 1790 1814 1871; baseline -0.009 -16"><span class='ocrx_word' id='word_1_90' title='bbox 258 1804 336 1856; x_wconf 89' lang='lat' dir='ltr'><strong>tia</strong></span> <span class='ocrx_word' id='word_1_91' title='bbox 363 1801 493 1871; x_wconf 92' lang='lat' dir='ltr'><strong>(non</strong></span> <span class='ocrx_word' id='word_1_92' title='bbox 534 1799 734 1854; x_wconf 83' lang='lat' dir='ltr'><strong>licebat</strong></span> <span class='ocrx_word' id='word_1_93' title='bbox 758 1798 902 1851; x_wconf 88' lang='lat' dir='ltr'><strong>enim</strong></span> <span class='ocrx_word' id='word_1_94' title='bbox 932 1795 1142 1850; x_wconf 91' lang='lat' dir='ltr'><strong>mulieri</strong></span> <span class='ocrx_word' id='word_1_95' title='bbox 1166 1803 1386 1863; x_wconf 80' lang='lat' dir='ltr'><strong>tangere</strong></span> <span class='ocrx_word' id='word_1_96' title='bbox 1408 1790 1814 1852; x_wconf 85' lang='lat' dir='ltr'><strong>monasterium,</strong></span> 
     </span>
    </p>
   </div>
   <div class='ocr_carea' id='block_1_16' title="bbox 1759 397 1952 497">
    <p class='ocr_par' dir='ltr' id='par_1_16' title="bbox 1759 397 1952 497">
     <span class='ocr_line' id='line_1_16' title="bbox 1759 397 1952 497; baseline 0.01 -3"><span class='ocrx_word' id='word_1_97' title='bbox 1759 397 1952 497; x_wconf 34' lang='lat' dir='ltr'><strong>VITA&#39;.</strong></span> 
     </span>
    </p>
   </div>
   <div class='ocr_carea' id='block_1_17' title="bbox 265 542 1883 602">
    <p class='ocr_par' dir='ltr' id='par_1_17' title="bbox 265 542 1883 602">
     <span class='ocr_line' id='line_1_17' title="bbox 265 542 1883 602; baseline -0.005 0"><span class='ocrx_word' id='word_1_98' title='bbox 265 561 400 602; x_wconf 90' lang='lat' dir='ltr'><strong>tum.</strong></span> <span class='ocrx_word' id='word_1_99' title='bbox 446 545 564 601; x_wconf 79' lang='lat' dir='ltr'><strong>Non</strong></span> <span class='ocrx_word' id='word_1_100' title='bbox 611 555 696 600; x_wconf 89' lang='lat' dir='ltr'><strong>est</strong></span> <span class='ocrx_word' id='word_1_101' title='bbox 740 545 882 598; x_wconf 84' lang='lat' dir='ltr'><strong>enim</strong></span> <span class='ocrx_word' id='word_1_102' title='bbox 938 545 1080 598; x_wconf 87' lang='lat' dir='ltr'><strong>illius</strong></span> <span class='ocrx_word' id='word_1_103' title='bbox 1112 553 1522 598; x_wconf 85' lang='lat' dir='ltr'><strong>monumentum</strong></span> <span class='ocrx_word' id='word_1_104' title='bbox 1554 561 1568 595; x_wconf 87' lang='lat'><strong>:</strong></span> <span class='ocrx_word' id='word_1_105' title='bbox 1599 542 1692 595; x_wconf 91' lang='lat' dir='ltr'><strong>sed</strong></span> <span class='ocrx_word' id='word_1_106' title='bbox 1729 551 1811 594; x_wconf 87' lang='lat' dir='ltr'><strong>est</strong></span> <span class='ocrx_word' id='word_1_107' title='bbox 1839 549 1883 601; x_wconf 81' lang='grc' dir='ltr'><strong>Α</strong></span> 
     </span>
    </p>
   </div>
   <div class='ocr_carea' id='block_1_18' title="bbox 3335 421 3464 483">
    <p class='ocr_par' dir='ltr' id='par_1_18' title="bbox 3335 421 3464 483">
     <span class='ocr_line' id='line_1_18' title="bbox 3335 421 3464 483; baseline 0 -1"><span class='ocrx_word' id='word_1_108' title='bbox 3335 421 3464 483; x_wconf 65' lang='lat'><strong>1429.</strong></span> 
     </span>
    </p>
   </div>
   <div class='ocr_carea' id='block_1_19' title="bbox 1983 533 3460 599">
    <p class='ocr_par' dir='ltr' id='par_1_19' title="bbox 1983 533 3460 599">
     <span class='ocr_line' id='line_1_19' title="bbox 1983 533 3460 599; baseline -0.008 -6"><span class='ocrx_word' id='word_1_109' title='bbox 2093 537 2212 592; x_wconf 85' lang='lat' dir='ltr'><strong>Jam</strong></span> <span class='ocrx_word' id='word_1_110' title='bbox 2235 552 2362 592; x_wconf 90' lang='lat' dir='ltr'><strong>vero</strong></span> <span class='ocrx_word' id='word_1_111' title='bbox 2385 535 2546 590; x_wconf 86' lang='lat' dir='ltr'><strong>etiam</strong></span> <span class='ocrx_word' id='word_1_112' title='bbox 2569 534 2828 588; x_wconf 88' lang='lat' dir='ltr'><strong>adversus</strong></span> <span class='ocrx_word' id='word_1_113' title='bbox 2855 533 3155 595; x_wconf 69' lang='lat' dir='ltr'><strong>haereticos,</strong></span> <span class='ocrx_word' id='word_1_114' title='bbox 3181 538 3460 599; x_wconf 82' lang='lat' dir='ltr'><strong>postquam</strong></span> 
     </span>
    </p>
   </div>
   <div class='ocr_carea' id='block_1_20' title="bbox 1911 610 3458 692">
    <p class='ocr_par' dir='ltr' id='par_1_20' title="bbox 1911 610 3458 692">
     <span class='ocr_line' id='line_1_20' title="bbox 1911 610 3458 692; baseline -0.006 -8"><span class='ocrx_word' id='word_1_115' title='bbox 1911 632 2039 684; x_wconf 86' lang='lat' dir='ltr'><strong>hinc</strong></span> <span class='ocrx_word' id='word_1_116' title='bbox 2071 629 2414 692; x_wconf 76' lang='lat' dir='ltr'><strong>excessisset,</strong></span> <span class='ocrx_word' id='word_1_117' title='bbox 2458 627 2697 681; x_wconf 85' lang='lat' dir='ltr'><strong>divinum</strong></span> <span class='ocrx_word' id='word_1_118' title='bbox 2726 610 2899 680; x_wconf 85' lang='lat' dir='ltr'><strong>zelum</strong></span> <span class='ocrx_word' id='word_1_119' title='bbox 2929 623 3183 683; x_wconf 75' lang='lat' dir='ltr'><strong>ardenter</strong></span> <span class='ocrx_word' id='word_1_120' title='bbox 3205 621 3458 676; x_wconf 82' lang='lat' dir='ltr'><strong>ostendit.</strong></span> 
     </span>
    </p>
   </div>
   <div class='ocr_carea' id='block_1_21' title="bbox 1899 715 3461 797">
    <p class='ocr_par' dir='ltr' id='par_1_21' title="bbox 1899 715 3461 797">
     <span class='ocr_line' id='line_1_21' title="bbox 1899 715 3461 797; baseline -0.008 -21"><span class='ocrx_word' id='word_1_121' title='bbox 1899 724 2026 792; x_wconf 60' lang='lat'><strong>(67)</strong></span> <span class='ocrx_word' id='word_1_122' title='bbox 2066 720 2174 775; x_wconf 90' lang='lat' dir='ltr'><strong>Leo</strong></span> <span class='ocrx_word' id='word_1_123' title='bbox 2219 720 2362 773; x_wconf 90' lang='lat' dir='ltr'><strong>enim</strong></span> <span class='ocrx_word' id='word_1_124' title='bbox 2404 719 2581 772; x_wconf 90' lang='lat' dir='ltr'><strong>adhuc</strong></span> <span class='ocrx_word' id='word_1_125' title='bbox 2625 716 2986 797; x_wconf 43' lang='lat' dir='ltr'><strong>imperatori;</strong></span> <span class='ocrx_word' id='word_1_126' title='bbox 3027 715 3212 785; x_wconf 59' lang='lat' dir='ltr'><strong>gloriae</strong></span> <span class='ocrx_word' id='word_1_127' title='bbox 3253 721 3461 782; x_wconf 87' lang='lat' dir='ltr'><strong>sceptra</strong></span> 
     </span>
    </p>
   </div>
   <div class='ocr_carea' id='block_1_22' title="bbox 1910 798 3460 878">
    <p class='ocr_par' dir='ltr' id='par_1_22' title="bbox 1910 798 3460 878">
     <span class='ocr_line' id='line_1_22' title="bbox 1910 798 3460 878; baseline -0.008 -10"><span class='ocrx_word' id='word_1_128' title='bbox 1910 813 2334 873; x_wconf 79' lang='lat' dir='ltr'><strong>administrans,</strong></span> <span class='ocrx_word' id='word_1_129' title='bbox 2381 821 2436 866; x_wconf 90' lang='lat' dir='ltr'><strong>et</strong></span> <span class='ocrx_word' id='word_1_130' title='bbox 2487 810 2595 878; x_wconf 87' lang='lat'><strong>(68)</strong></span> <span class='ocrx_word' id='word_1_131' title='bbox 2670 798 3150 863; x_wconf 81' lang='lat' dir='ltr'><strong>lconomachorum</strong></span> <span class='ocrx_word' id='word_1_132' title='bbox 3211 804 3460 860; x_wconf 75' lang='lat' dir='ltr'><strong>haeresim</strong></span> 
     </span>
    </p>
   </div>
   <div class='ocr_carea' id='block_1_23' title="bbox 1913 895 3461 970">
    <p class='ocr_par' dir='ltr' id='par_1_23' title="bbox 1913 895 3461 970">
     <span class='ocr_line' id='line_1_23' title="bbox 1913 895 3461 970; baseline -0.006 -16"><span class='ocrx_word' id='word_1_133' title='bbox 1913 902 2120 956; x_wconf 80' lang='lat' dir='ltr'><strong>nefarie</strong></span> <span class='ocrx_word' id='word_1_134' title='bbox 2167 902 2534 970; x_wconf 91' lang='lat' dir='ltr'><strong>amplectens,</strong></span> <span class='ocrx_word' id='word_1_135' title='bbox 2561 899 2710 953; x_wconf 72' lang='lat' dir='ltr'><strong>&#39;cum</strong></span> <span class='ocrx_word' id='word_1_136' title='bbox 2761 899 2808 951; x_wconf 93' lang='lat' dir='ltr'><strong>ei</strong></span> <span class='ocrx_word' id='word_1_137' title='bbox 2853 898 3310 967; x_wconf 83' lang='lat' dir='ltr'><strong>appropinquaret</strong></span> <span class='ocrx_word' id='word_1_138' title='bbox 3338 895 3461 947; x_wconf 81' lang='lat' dir='ltr'><strong>vita:</strong></span> 
     </span>
    </p>
   </div>
   <div class='ocr_carea' id='block_1_24' title="bbox 1913 977 3460 1060">
    <p class='ocr_par' dir='ltr' id='par_1_24' title="bbox 1913 977 3460 1060">
     <span class='ocr_line' id='line_1_24' title="bbox 1913 977 3460 1060; baseline -0.008 -14"><span class='ocrx_word' id='word_1_139' title='bbox 1913 993 2053 1055; x_wconf 82' lang='lat' dir='ltr'><strong>ﬁnis,</strong></span> <span class='ocrx_word' id='word_1_140' title='bbox 2087 1007 2195 1060; x_wconf 92' lang='lat' dir='ltr'><strong>quo</strong></span> <span class='ocrx_word' id='word_1_141' title='bbox 2225 998 2349 1044; x_wconf 80' lang='lat' dir='ltr'><strong>erat.</strong></span> <span class='ocrx_word' id='word_1_142' title='bbox 2369 991 2545 1060; x_wconf 88' lang='lat' dir='ltr'><strong>gladio</strong></span> <span class='ocrx_word' id='word_1_143' title='bbox 2580 989 2879 1049; x_wconf 73' lang='lat' dir='ltr'><strong>feriendus.</strong></span> <span class='ocrx_word' id='word_1_144' title='bbox 2919 997 2979 1041; x_wconf 85' lang='lat' dir='ltr'><strong>&#39;ut</strong></span> <span class='ocrx_word' id='word_1_145' title='bbox 3005 987 3119 1055; x_wconf 93' lang='lat' dir='ltr'><strong>ipse</strong></span> <span class='ocrx_word' id='word_1_146' title='bbox 3160 977 3337 1038; x_wconf 70' lang='lat' dir='ltr'><strong>adhuc</strong></span> <span class='ocrx_word' id='word_1_147' title='bbox 3373 999 3460 1037; x_wconf 88' lang='lat' dir='ltr'><strong>sn-</strong></span> 
     </span>
    </p>
   </div>
   <div class='ocr_carea' id='block_1_25' title="bbox 1913 1075 3460 1153">
    <p class='ocr_par' dir='ltr' id='par_1_25' title="bbox 1913 1075 3460 1153">
     <span class='ocr_line' id='line_1_25' title="bbox 1913 1075 3460 1153; baseline -0.008 -16"><span class='ocrx_word' id='word_1_148' title='bbox 1913 1092 2119 1153; x_wconf 86' lang='lat' dir='ltr'><strong>perstes</strong></span> <span class='ocrx_word' id='word_1_149' title='bbox 2177 1097 2275 1135; x_wconf 89' lang='lat' dir='ltr'><strong>sua</strong></span> <span class='ocrx_word' id='word_1_150' title='bbox 2328 1095 2458 1134; x_wconf 90' lang='lat' dir='ltr'><strong>voce</strong></span> <span class='ocrx_word' id='word_1_151' title='bbox 2517 1078 2848 1142; x_wconf 77' lang='lat' dir='ltr'><strong>declaravit,</strong></span> <span class='ocrx_word' id='word_1_152' title='bbox 2906 1076 3016 1144; x_wconf 76' lang='lat'><strong>(69)</strong></span> <span class='ocrx_word' id='word_1_153' title='bbox 3073 1075 3203 1130; x_wconf 81' lang='lat' dir='ltr'><strong>vidit</strong></span> <span class='ocrx_word' id='word_1_154' title='bbox 3246 1076 3460 1128; x_wconf 87' lang='lat' dir='ltr'><strong>beatum</strong></span> 
     </span>
    </p>
   </div>
   <div class='ocr_carea' id='block_1_26' title="bbox 1913 1165 3462 1234">
    <p class='ocr_par' dir='ltr' id='par_1_26' title="bbox 1913 1165 3462 1234">
     <span class='ocr_line' id='line_1_26' title="bbox 1913 1165 3462 1234; baseline -0.008 -6"><span class='ocrx_word' id='word_1_155' title='bbox 1913 1173 2196 1228; x_wconf 80' lang='lat' dir='ltr'><strong>&#39;l‘arasium</strong></span> <span class='ocrx_word' id='word_1_156' title='bbox 2227 1173 2281 1225; x_wconf 92' lang='lat' dir='ltr'><strong>in</strong></span> <span class='ocrx_word' id='word_1_157' title='bbox 2308 1171 2514 1225; x_wconf 86' lang='lat' dir='ltr'><strong>somnis</strong></span> <span class='ocrx_word' id='word_1_158' title='bbox 2535 1169 2600 1223; x_wconf 90' lang='lat' dir='ltr'><strong>ad</strong></span> <span class='ocrx_word' id='word_1_159' title='bbox 2624 1184 2749 1222; x_wconf 87' lang='lat' dir='ltr'><strong>eum</strong></span> <span class='ocrx_word' id='word_1_160' title='bbox 2780 1167 3061 1231; x_wconf 83' lang='lat' dir='ltr'><strong>accedere,</strong></span> <span class='ocrx_word' id='word_1_161' title='bbox 3089 1176 3293 1220; x_wconf 90' lang='lat' dir='ltr'><strong>etcum</strong></span> <span class='ocrx_word' id='word_1_162' title='bbox 3315 1165 3462 1234; x_wconf 77' lang='lat' dir='ltr'><strong>gravi</strong></span> 
     </span>
    </p>
   </div>
   <div class='ocr_carea' id='block_1_27' title="bbox 1915 1251 3459 1334">
    <p class='ocr_par' dir='ltr' id='par_1_27' title="bbox 1915 1251 3459 1334">
     <span class='ocr_line' id='line_1_27' title="bbox 1915 1251 3459 1334; baseline -0.008 -16"><span class='ocrx_word' id='word_1_163' title='bbox 1915 1266 1991 1318; x_wconf 88' lang='lat' dir='ltr'><strong>ira</strong></span> <span class='ocrx_word' id='word_1_164' title='bbox 2013 1251 2206 1334; x_wconf 78' lang='lat' dir='ltr'><strong>jubere</strong></span> <span class='ocrx_word' id='word_1_165' title='bbox 2228 1263 2460 1326; x_wconf 79' lang='lat' dir='ltr'><strong>cuidam,</strong></span> <span class='ocrx_word' id='word_1_166' title='bbox 2489 1259 2599 1329; x_wconf 75' lang='grc' dir='ltr'><strong>(το)</strong></span> <span class='ocrx_word' id='word_1_167' title='bbox 2631 1259 2876 1314; x_wconf 70' lang='grc' dir='ltr'><strong>Μίοἱιειθὶὶ</strong></span> <span class='ocrx_word' id='word_1_168' title='bbox 2919 1257 3158 1320; x_wconf 79' lang='lat' dir='ltr'><strong>nomine,</strong></span> <span class='ocrx_word' id='word_1_169' title='bbox 3190 1265 3248 1308; x_wconf 89' lang='lat' dir='ltr'><strong>ut</strong></span> <span class='ocrx_word' id='word_1_170' title='bbox 3277 1269 3459 1309; x_wconf 87' lang='lat' dir='ltr'><strong>ensem</strong></span> 
     </span>
    </p>
   </div>
   <div class='ocr_carea' id='block_1_28' title="bbox 1915 1351 3460 1422">
    <p class='ocr_par' dir='ltr' id='par_1_28' title="bbox 1915 1351 3460 1422">
     <span class='ocr_line' id='line_1_28' title="bbox 1915 1351 3460 1422; baseline -0.008 -14"><span class='ocrx_word' id='word_1_171' title='bbox 1915 1357 1970 1408; x_wconf 91' lang='lat' dir='ltr'><strong>in</strong></span> <span class='ocrx_word' id='word_1_172' title='bbox 1999 1370 2123 1409; x_wconf 87' lang='lat' dir='ltr'><strong>eum</strong></span> <span class='ocrx_word' id='word_1_173' title='bbox 2167 1354 2424 1422; x_wconf 75' lang='lat' dir='ltr'><strong>adigeret.</strong></span> <span class='ocrx_word' id='word_1_174' title='bbox 2478 1352 2571 1404; x_wconf 86' lang='lat' dir='ltr'><strong>llic</strong></span> <span class='ocrx_word' id='word_1_175' title='bbox 2603 1366 2734 1404; x_wconf 89' lang='lat' dir='ltr'><strong>vero</strong></span> <span class='ocrx_word' id='word_1_176' title='bbox 2765 1351 2936 1419; x_wconf 78' lang='lat' dir='ltr'><strong>jussui</strong></span> <span class='ocrx_word' id='word_1_177' title='bbox 2997 1363 3200 1401; x_wconf 86' lang='lat' dir='ltr'><strong>morem</strong></span> <span class='ocrx_word' id='word_1_178' title='bbox 3247 1362 3460 1417; x_wconf 82' lang='lat' dir='ltr'><strong>gerens,</strong></span> 
     </span>
    </p>
   </div>
   <div class='ocr_carea' id='block_1_29' title="bbox 1915 1434 3464 1515">
    <p class='ocr_par' dir='ltr' id='par_1_29' title="bbox 1915 1434 3464 1515">
     <span class='ocr_line' id='line_1_29' title="bbox 1915 1434 3464 1515; baseline -0.007 -17"><span class='ocrx_word' id='word_1_179' title='bbox 1915 1444 2090 1515; x_wconf 79' lang='lat' dir='ltr'><strong>gladio</strong></span> <span class='ocrx_word' id='word_1_180' title='bbox 2147 1443 2406 1511; x_wconf 76' lang='lat' dir='ltr'><strong>transegit</strong></span> <span class='ocrx_word' id='word_1_181' title='bbox 2459 1442 2890 1509; x_wconf 85' lang='lat' dir='ltr'><strong>imperatorem.‘</strong></span> <span class='ocrx_word' id='word_1_182' title='bbox 2929 1436 3065 1491; x_wconf 82' lang='lat' dir='ltr'><strong>llinc</strong></span> <span class='ocrx_word' id='word_1_183' title='bbox 3109 1446 3303 1491; x_wconf 83' lang='lat' dir='ltr'><strong>autem</strong></span> <span class='ocrx_word' id='word_1_184' title='bbox 3358 1434 3464 1488; x_wconf 80' lang='lat' dir='ltr'><strong>Leo</strong></span> 
     </span>
    </p>
   </div>
   <div class='ocr_carea' id='block_1_30' title="bbox 1916 1518 3464 1597">
    <p class='ocr_par' dir='ltr' id='par_1_30' title="bbox 1916 1518 3464 1597">
     <span class='ocr_line' id='line_1_30' title="bbox 1916 1518 3464 1597; baseline -0.006 -9"><span class='ocrx_word' id='word_1_185' title='bbox 1916 1533 2203 1588; x_wconf 77' lang='lat' dir='ltr'><strong>multus-in</strong></span> <span class='ocrx_word' id='word_1_186' title='bbox 2238 1532 2342 1586; x_wconf 89' lang='lat' dir='ltr'><strong>hoc</strong></span> <span class='ocrx_word' id='word_1_187' title='bbox 2379 1530 2499 1589; x_wconf 86' lang='lat' dir='ltr'><strong>fuit,</strong></span> <span class='ocrx_word' id='word_1_188' title='bbox 2536 1545 2661 1583; x_wconf 88' lang='lat' dir='ltr'><strong>eum</strong></span> <span class='ocrx_word' id='word_1_189' title='bbox 2687 1518 2776 1597; x_wconf 79' lang='lat' dir='ltr'><strong>qui</strong></span> <span class='ocrx_word' id='word_1_190' title='bbox 2812 1529 2868 1582; x_wconf 91' lang='lat' dir='ltr'><strong>in</strong></span> <span class='ocrx_word' id='word_1_191' title='bbox 2905 1529 3109 1582; x_wconf 83' lang='lat' dir='ltr'><strong>somnis</strong></span> <span class='ocrx_word' id='word_1_192' title='bbox 3137 1527 3311 1596; x_wconf 88' lang='lat' dir='ltr'><strong>ipsum</strong></span> <span class='ocrx_word' id='word_1_193' title='bbox 3339 1542 3464 1580; x_wconf 87' lang='lat' dir='ltr'><strong>sau—</strong></span> 
     </span>
    </p>
   </div>
   <div class='ocr_carea' id='block_1_31' title="bbox 1916 1601 3461 1688">
    <p class='ocr_par' dir='ltr' id='par_1_31' title="bbox 1916 1601 3461 1688">
     <span class='ocr_line' id='line_1_31' title="bbox 1916 1601 3461 1688; baseline -0.006 -12"><span class='ocrx_word' id='word_1_194' title='bbox 1916 1624 2173 1688; x_wconf 83' lang='lat' dir='ltr'><strong>ciaverat,</strong></span> <span class='ocrx_word' id='word_1_195' title='bbox 2209 1620 2526 1675; x_wconf 82' lang='lat' dir='ltr'><strong>Michaelem</strong></span> <span class='ocrx_word' id='word_1_196' title='bbox 2598 1601 2820 1672; x_wconf 75' lang='lat' dir='ltr'><strong>oninino</strong></span> <span class='ocrx_word' id='word_1_197' title='bbox 2875 1630 3078 1669; x_wconf 85' lang='lat' dir='ltr'><strong>conans</strong></span> <span class='ocrx_word' id='word_1_198' title='bbox 3117 1614 3360 1668; x_wconf 85' lang='lat' dir='ltr'><strong>invenire</strong></span> <span class='ocrx_word' id='word_1_199' title='bbox 3407 1615 3461 1666; x_wconf 88' lang='lat' dir='ltr'><strong>in</strong></span> 
     </span>
    </p>
   </div>
   <div class='ocr_carea' id='block_1_32' title="bbox 1917 1704 3462 1772">
    <p class='ocr_par' dir='ltr' id='par_1_32' title="bbox 1917 1704 3462 1772">
     <span class='ocr_line' id='line_1_32' title="bbox 1917 1704 3462 1772; baseline -0.005 -8"><span class='ocrx_word' id='word_1_200' title='bbox 1917 1711 2088 1764; x_wconf 86' lang='lat' dir='ltr'><strong>sancti</strong></span> <span class='ocrx_word' id='word_1_201' title='bbox 2136 1708 2484 1763; x_wconf 88' lang='lat' dir='ltr'><strong>monasterio.</strong></span> <span class='ocrx_word' id='word_1_202' title='bbox 2533 1707 2890 1770; x_wconf 84' lang='lat' dir='ltr'><strong>Quamobrem</strong></span> <span class='ocrx_word' id='word_1_203' title='bbox 2937 1720 3066 1762; x_wconf 29' lang='lat' dir='ltr'><strong>cum.</strong></span> <span class='ocrx_word' id='word_1_204' title='bbox 3105 1704 3362 1772; x_wconf 89' lang='lat' dir='ltr'><strong>quosdam</strong></span> <span class='ocrx_word' id='word_1_205' title='bbox 3398 1719 3462 1757; x_wconf 79' lang='lat' dir='ltr'><strong>ex</strong></span> 
     </span>
    </p>
   </div>
   <div class='ocr_carea' id='block_1_33' title="bbox 1918 1793 3464 1868">
    <p class='ocr_par' dir='ltr' id='par_1_33' title="bbox 1918 1793 3464 1868">
     <span class='ocr_line' id='line_1_33' title="bbox 1918 1793 3464 1868; baseline -0.005 -15"><span class='ocrx_word' id='word_1_206' title='bbox 1918 1799 2006 1862; x_wconf 88' lang='lat' dir='ltr'><strong>iis,</strong></span> <span class='ocrx_word' id='word_1_207' title='bbox 2047 1799 2140 1868; x_wconf 88' lang='lat' dir='ltr'><strong>qui</strong></span> <span class='ocrx_word' id='word_1_208' title='bbox 2169 1799 2225 1852; x_wconf 91' lang='lat' dir='ltr'><strong>in</strong></span> <span class='ocrx_word' id='word_1_209' title='bbox 2276 1798 2394 1866; x_wconf 89' lang='lat' dir='ltr'><strong>ipso</strong></span> <span class='ocrx_word' id='word_1_210' title='bbox 2449 1805 2624 1858; x_wconf 89' lang='lat' dir='ltr'><strong>erant,</strong></span> <span class='ocrx_word' id='word_1_211' title='bbox 2677 1795 2956 1849; x_wconf 82' lang='lat' dir='ltr'><strong>monachis</strong></span> <span class='ocrx_word' id='word_1_212' title='bbox 3005 1794 3069 1846; x_wconf 89' lang='lat' dir='ltr'><strong>ad</strong></span> <span class='ocrx_word' id='word_1_213' title='bbox 3112 1808 3169 1847; x_wconf 88' lang='lat' dir='ltr'><strong>se</strong></span> <span class='ocrx_word' id='word_1_214' title='bbox 3208 1793 3464 1867; x_wconf 67' lang='lat' dir='ltr'><strong>jussisset</strong></span> 
     </span>
    </p>
   </div>
   <div class='ocr_carea' id='block_1_34' title="bbox 254 1878 3461 1958">
    <p class='ocr_par' dir='ltr' id='par_1_34' title="bbox 254 1878 3461 1958">
     <span class='ocr_line' id='line_1_34' title="bbox 254 1878 3461 1958; baseline -0.008 -11"><span class='ocrx_word' id='word_1_215' title='bbox 254 1909 388 1947; x_wconf 86' lang='lat' dir='ltr'><strong>cum</strong></span> <span class='ocrx_word' id='word_1_216' title='bbox 410 1891 462 1945; x_wconf 91' lang='lat' dir='ltr'><strong>id</strong></span> <span class='ocrx_word' id='word_1_217' title='bbox 496 1890 728 1958; x_wconf 83' lang='lat' dir='ltr'><strong>inclytus</strong></span> <span class='ocrx_word' id='word_1_218' title='bbox 772 1886 928 1939; x_wconf 70' lang='lat' dir='ltr'><strong>Pater</strong></span> <span class='ocrx_word' id='word_1_219' title='bbox 968 1885 1091 1938; x_wconf 90' lang='lat' dir='ltr'><strong>olim</strong></span> <span class='ocrx_word' id='word_1_220' title='bbox 1135 1878 1815 1947; x_wconf 76' lang='lat' dir='ltr'><strong>ronstituisset),muliebri</strong></span> <span class='ocrx_word' id='word_1_221' title='bbox 1853 1879 1892 1931; x_wconf 75' lang='grc' dir='ltr'>Β</span> <span class='ocrx_word' id='word_1_222' title='bbox 1919 1891 2132 1954; x_wconf 54' lang='lat' dir='ltr'><strong>adduci,</strong></span> <span class='ocrx_word' id='word_1_223' title='bbox 2171 1888 2478 1943; x_wconf 65' lang='lat' dir='ltr'><strong>carceribus</strong></span> <span class='ocrx_word' id='word_1_224' title='bbox 2515 1895 2567 1940; x_wconf 77' lang='grc' dir='ltr'><strong>ρι</strong></span> <span class='ocrx_word' id='word_1_225' title='bbox 2602 1884 2883 1940; x_wconf 59' lang='lat' dir='ltr'><strong>[cummis</strong></span> <span class='ocrx_word' id='word_1_226' title='bbox 2915 1898 3009 1936; x_wconf 73' lang='grc' dir='ltr'><strong>ρος</strong></span> <span class='ocrx_word' id='word_1_227' title='bbox 3055 1884 3280 1950; x_wconf 55' lang='lat' dir='ltr'><strong>subice&quot;</strong></span> <span class='ocrx_word' id='word_1_228' title='bbox 3304 1922 3318 1944; x_wconf 67' lang='grc'>,</span> <span class='ocrx_word' id='word_1_229' title='bbox 3363 1899 3461 1934; x_wconf 71' lang='grc' dir='ltr'><strong>ιιῃ..</strong></span> 
     </span>
    </p>
   </div>
   <div class='ocr_carea' id='block_1_35' title="bbox 254 1967 1814 2051">
    <p class='ocr_par' dir='ltr' id='par_1_35' title="bbox 254 1967 1814 2051">
     <span class='ocr_line' id='line_1_35' title="bbox 254 1967 1814 2051; baseline -0.011 -15"><span class='ocrx_word' id='word_1_230' title='bbox 254 1993 385 2038; x_wconf 85' lang='lat' dir='ltr'><strong>astu</strong></span> <span class='ocrx_word' id='word_1_231' title='bbox 409 1977 608 2051; x_wconf 88' lang='lat' dir='ltr'><strong>optime</strong></span> <span class='ocrx_word' id='word_1_232' title='bbox 633 1994 762 2043; x_wconf 68' lang='lat' dir='ltr'><strong>usae,</strong></span> <span class='ocrx_word' id='word_1_233' title='bbox 785 1976 920 2028; x_wconf 79' lang='lat' dir='ltr'><strong>virili</strong></span> <span class='ocrx_word' id='word_1_234' title='bbox 945 1971 1093 2028; x_wconf 60' lang='lat' dir='ltr'><strong>‘veste</strong></span> <span class='ocrx_word' id='word_1_235' title='bbox 1115 1982 1356 2042; x_wconf 88' lang='lat' dir='ltr'><strong>tegentes</strong></span> <span class='ocrx_word' id='word_1_236' title='bbox 1378 1971 1635 2040; x_wconf 89' lang='lat' dir='ltr'><strong>pudorem</strong></span> <span class='ocrx_word' id='word_1_237' title='bbox 1659 1967 1814 2022; x_wconf 76' lang='lat' dir='ltr'><strong>femi-</strong></span> 
     </span>
    </p>
   </div>
   <div class='ocr_carea' id='block_1_36' title="bbox 255 2059 1811 2138">
    <p class='ocr_par' dir='ltr' id='par_1_36' title="bbox 255 2059 1811 2138">
     <span class='ocr_line' id='line_1_36' title="bbox 255 2059 1811 2138; baseline -0.01 -14"><span class='ocrx_word' id='word_1_238' title='bbox 255 2088 450 2136; x_wconf 82' lang='lat' dir='ltr'><strong>neum,</strong></span> <span class='ocrx_word' id='word_1_239' title='bbox 499 2080 553 2124; x_wconf 91' lang='lat' dir='ltr'><strong>et</strong></span> <span class='ocrx_word' id='word_1_240' title='bbox 610 2084 720 2138; x_wconf 66' lang='lat' dir='ltr'><strong>prae</strong></span> <span class='ocrx_word' id='word_1_241' title='bbox 753 2082 810 2122; x_wconf 90' lang='lat' dir='ltr'><strong>se</strong></span> <span class='ocrx_word' id='word_1_242' title='bbox 869 2059 1811 2130; x_wconf 78' lang='lat' dir='ltr'><strong>ferentes.speciem-cunuchorum,</strong></span> 
     </span>
    </p>
   </div>
   <div class='ocr_carea' id='block_1_37' title="bbox 256 2146 1815 2227">
    <p class='ocr_par' dir='ltr' id='par_1_37' title="bbox 256 2146 1815 2227">
     <span class='ocr_line' id='line_1_37' title="bbox 256 2146 1815 2227; baseline -0.01 -15"><span class='ocrx_word' id='word_1_243' title='bbox 256 2159 403 2218; x_wconf 78' lang='lat' dir='ltr'><strong>clam</strong></span> <span class='ocrx_word' id='word_1_244' title='bbox 456 2155 777 2227; x_wconf 82' lang='lat' dir='ltr'><strong>confugiunt</strong></span> <span class='ocrx_word' id='word_1_245' title='bbox 831 2156 900 2208; x_wconf 89' lang='lat' dir='ltr'><strong>ad</strong></span> <span class='ocrx_word' id='word_1_246' title='bbox 972 2152 1169 2223; x_wconf 84' lang='lat' dir='ltr'><strong>egregii</strong></span> <span class='ocrx_word' id='word_1_247' title='bbox 1229 2152 1386 2219; x_wconf 81' lang='lat' dir='ltr'><strong>hujus</strong></span> <span class='ocrx_word' id='word_1_248' title='bbox 1441 2146 1815 2222; x_wconf 80' lang='lat' dir='ltr'><strong>gubernatoris</strong></span> 
     </span>
    </p>
   </div>
   <div class='ocr_carea' id='block_1_38' title="bbox 205 2241 1816 2316">
    <p class='ocr_par' dir='ltr' id='par_1_38' title="bbox 205 2241 1816 2316">
     <span class='ocr_line' id='line_1_38' title="bbox 205 2241 1816 2316; baseline -0.007 -15"><span class='ocrx_word' id='word_1_249' title='bbox 205 2254 209 2258; x_wconf 83' lang='lat'>&#39;</span> <span class='ocrx_word' id='word_1_250' title='bbox 258 2261 506 2316; x_wconf 83' lang='lat' dir='ltr'><strong>capsam,</strong></span> <span class='ocrx_word' id='word_1_251' title='bbox 551 2260 672 2314; x_wconf 65' lang='lat' dir='ltr'><strong>qua)</strong></span> <span class='ocrx_word' id='word_1_252' title='bbox 717 2244 880 2298; x_wconf 90' lang='lat' dir='ltr'><strong>nullis</strong></span> <span class='ocrx_word' id='word_1_253' title='bbox 909 2244 1139 2313; x_wconf 88' lang='lat' dir='ltr'><strong>agitatur</strong></span> <span class='ocrx_word' id='word_1_254' title='bbox 1182 2241 1437 2297; x_wconf 85' lang='lat' dir='ltr'><strong>ﬂuctibus</strong></span> <span class='ocrx_word' id='word_1_255' title='bbox 1469 2256 1484 2291; x_wconf 91' lang='lat'><strong>:</strong></span> <span class='ocrx_word' id='word_1_256' title='bbox 1515 2250 1721 2294; x_wconf 89' lang='lat' dir='ltr'><strong>etcum</strong></span> <span class='ocrx_word' id='word_1_257' title='bbox 1751 2253 1816 2290; x_wconf 82' lang='lat' dir='ltr'><strong>ex</strong></span> 
     </span>
    </p>
   </div>
   <div class='ocr_carea' id='block_1_39' title="bbox 255 2329 1816 2406">
    <p class='ocr_par' dir='ltr' id='par_1_39' title="bbox 255 2329 1816 2406">
     <span class='ocr_line' id='line_1_39' title="bbox 255 2329 1816 2406; baseline -0.006 -17"><span class='ocrx_word' id='word_1_258' title='bbox 255 2336 534 2406; x_wconf 85' lang='lat' dir='ltr'><strong>lampade,</strong></span> <span class='ocrx_word' id='word_1_259' title='bbox 563 2351 682 2403; x_wconf 65' lang='lat' dir='ltr'><strong>quae</strong></span> <span class='ocrx_word' id='word_1_260' title='bbox 709 2335 762 2387; x_wconf 89' lang='lat' dir='ltr'><strong>in</strong></span> <span class='ocrx_word' id='word_1_261' title='bbox 791 2349 853 2387; x_wconf 81' lang='lat' dir='ltr'><strong>ea</strong></span> <span class='ocrx_word' id='word_1_262' title='bbox 882 2333 1046 2399; x_wconf 89' lang='lat' dir='ltr'><strong>lucet,</strong></span> <span class='ocrx_word' id='word_1_263' title='bbox 1077 2334 1254 2386; x_wconf 91' lang='lat' dir='ltr'><strong>oleum</strong></span> <span class='ocrx_word' id='word_1_264' title='bbox 1294 2330 1624 2393; x_wconf 82' lang='lat' dir='ltr'><strong>hausissent,</strong></span> <span class='ocrx_word' id='word_1_265' title='bbox 1665 2329 1816 2381; x_wconf 89' lang='lat' dir='ltr'><strong>citis-</strong></span> 
     </span>
    </p>
   </div>
   <div class='ocr_carea' id='block_1_40' title="bbox 259 2413 1815 2494">
    <p class='ocr_par' dir='ltr' id='par_1_40' title="bbox 259 2413 1815 2494">
     <span class='ocr_line' id='line_1_40' title="bbox 259 2413 1815 2494; baseline -0.007 -14"><span class='ocrx_word' id='word_1_266' title='bbox 259 2413 404 2481; x_wconf 83' lang='lat' dir='ltr'><strong>sime</strong></span> <span class='ocrx_word' id='word_1_267' title='bbox 444 2423 722 2494; x_wconf 91' lang='lat' dir='ltr'><strong>appellunt</strong></span> <span class='ocrx_word' id='word_1_268' title='bbox 750 2423 802 2475; x_wconf 92' lang='lat' dir='ltr'><strong>in</strong></span> <span class='ocrx_word' id='word_1_269' title='bbox 849 2430 1066 2490; x_wconf 81' lang='lat' dir='ltr'><strong>portum</strong></span> <span class='ocrx_word' id='word_1_270' title='bbox 1110 2421 1426 2476; x_wconf 84' lang='lat' dir='ltr'><strong>curationis.</strong></span> <span class='ocrx_word' id='word_1_271' title='bbox 1469 2418 1611 2484; x_wconf 83' lang='lat' dir='ltr'><strong>Quin</strong></span> <span class='ocrx_word' id='word_1_272' title='bbox 1654 2418 1815 2472; x_wconf 90' lang='lat' dir='ltr'><strong>etiam</strong></span> 
     </span>
    </p>
   </div>
   <div class='ocr_carea' id='block_1_41' title="bbox 259 2508 1813 2584">
    <p class='ocr_par' dir='ltr' id='par_1_41' title="bbox 259 2508 1813 2584">
     <span class='ocr_line' id='line_1_41' title="bbox 259 2508 1813 2584; baseline -0.006 -14"><span class='ocrx_word' id='word_1_273' title='bbox 259 2517 355 2570; x_wconf 81' lang='lat' dir='ltr'><strong>vir</strong></span> <span class='ocrx_word' id='word_1_274' title='bbox 387 2515 624 2584; x_wconf 88' lang='lat' dir='ltr'><strong>quidam,</strong></span> <span class='ocrx_word' id='word_1_275' title='bbox 673 2512 760 2566; x_wconf 91' lang='lat' dir='ltr'><strong>cui</strong></span> <span class='ocrx_word' id='word_1_276' title='bbox 797 2513 932 2565; x_wconf 85' lang='lat' dir='ltr'><strong>alter</strong></span> <span class='ocrx_word' id='word_1_277' title='bbox 976 2526 1044 2575; x_wconf 82' lang='lat' dir='ltr'><strong>ex</strong></span> <span class='ocrx_word' id='word_1_278' title='bbox 1075 2512 1249 2565; x_wconf 90' lang='lat' dir='ltr'><strong>oculis</strong></span> <span class='ocrx_word' id='word_1_279' title='bbox 1293 2511 1431 2564; x_wconf 92' lang='lat' dir='ltr'><strong>lema</strong></span> <span class='ocrx_word' id='word_1_280' title='bbox 1477 2508 1813 2570; x_wconf 73' lang='lat' dir='ltr'><strong>caecutiebat,</strong></span> 
     </span>
    </p>
   </div>
   <div class='ocr_carea' id='block_1_42' title="bbox 259 2600 1817 2675">
    <p class='ocr_par' dir='ltr' id='par_1_42' title="bbox 259 2600 1817 2675">
     <span class='ocr_line' id='line_1_42' title="bbox 259 2600 1817 2675; baseline -0.006 -12"><span class='ocrx_word' id='word_1_281' title='bbox 259 2625 394 2664; x_wconf 86' lang='lat' dir='ltr'><strong>cum</strong></span> <span class='ocrx_word' id='word_1_282' title='bbox 433 2608 628 2661; x_wconf 86' lang='lat' dir='ltr'><strong>fuisset</strong></span> <span class='ocrx_word' id='word_1_283' title='bbox 686 2621 854 2675; x_wconf 86' lang='lat' dir='ltr'><strong>prope</strong></span> <span class='ocrx_word' id='word_1_284' title='bbox 895 2604 1132 2658; x_wconf 89' lang='lat' dir='ltr'><strong>divinam</strong></span> <span class='ocrx_word' id='word_1_285' title='bbox 1182 2604 1429 2665; x_wconf 87' lang='lat' dir='ltr'><strong>thecam,</strong></span> <span class='ocrx_word' id='word_1_286' title='bbox 1476 2609 1533 2656; x_wconf 89' lang='lat' dir='ltr'><strong>et</strong></span> <span class='ocrx_word' id='word_1_287' title='bbox 1568 2600 1817 2656; x_wconf 88' lang='lat' dir='ltr'><strong>salutaris</strong></span> 
     </span>
    </p>
   </div>
   <div class='ocr_carea' id='block_1_43' title="bbox 259 2690 1816 2759">
    <p class='ocr_par' dir='ltr' id='par_1_43' title="bbox 259 2690 1816 2759">
     <span class='ocr_line' id='line_1_43' title="bbox 259 2690 1816 2759; baseline -0.009 -3"><span class='ocrx_word' id='word_1_288' title='bbox 259 2696 543 2756; x_wconf 74' lang='lat' dir='ltr'><strong>unctionis</strong></span> <span class='ocrx_word' id='word_1_289' title='bbox 578 2695 778 2750; x_wconf 76' lang='lat' dir='ltr'><strong>auxilio</strong></span> <span class='ocrx_word' id='word_1_290' title='bbox 809 2703 956 2749; x_wconf 87' lang='lat' dir='ltr'><strong>esset</strong></span> <span class='ocrx_word' id='word_1_291' title='bbox 988 2708 1138 2759; x_wconf 90' lang='lat' dir='ltr'><strong>usus,</strong></span> <span class='ocrx_word' id='word_1_292' title='bbox 1184 2693 1380 2747; x_wconf 89' lang='lat' dir='ltr'><strong>lemam</strong></span> <span class='ocrx_word' id='word_1_293' title='bbox 1408 2706 1519 2746; x_wconf 89' lang='lat' dir='ltr'><strong>non</strong></span> <span class='ocrx_word' id='word_1_294' title='bbox 1547 2691 1620 2746; x_wconf 84' lang='lat' dir='ltr'><strong>ita</strong></span> <span class='ocrx_word' id='word_1_295' title='bbox 1647 2690 1816 2745; x_wconf 89' lang='lat' dir='ltr'><strong>multo</strong></span> 
     </span>
    </p>
   </div>
   <div class='ocr_carea' id='block_1_44' title="bbox 262 2780 1817 2860">
    <p class='ocr_par' dir='ltr' id='par_1_44' title="bbox 262 2780 1817 2860">
     <span class='ocr_line' id='line_1_44' title="bbox 262 2780 1817 2860; baseline -0.006 -18"><span class='ocrx_word' id='word_1_296' title='bbox 262 2797 396 2857; x_wconf 87' lang='lat' dir='ltr'><strong>post</strong></span> <span class='ocrx_word' id='word_1_297' title='bbox 420 2787 574 2850; x_wconf 89' lang='lat' dir='ltr'><strong>eluit,</strong></span> <span class='ocrx_word' id='word_1_298' title='bbox 604 2795 659 2840; x_wconf 87' lang='lat' dir='ltr'><strong>et</strong></span> <span class='ocrx_word' id='word_1_299' title='bbox 698 2800 728 2838; x_wconf 82' lang='lat' dir='ltr'><strong>a</strong></span> <span class='ocrx_word' id='word_1_300' title='bbox 749 2783 882 2838; x_wconf 88' lang='lat' dir='ltr'><strong>&#39;Deo</strong></span> <span class='ocrx_word' id='word_1_301' title='bbox 911 2784 1084 2838; x_wconf 87' lang='lat' dir='ltr'><strong>visum</strong></span> <span class='ocrx_word' id='word_1_302' title='bbox 1115 2791 1300 2851; x_wconf 88' lang='lat' dir='ltr'><strong>aperte</strong></span> <span class='ocrx_word' id='word_1_303' title='bbox 1328 2781 1552 2860; x_wconf 64' lang='lat' dir='ltr'><strong>recepit.</strong></span> <span class='ocrx_word' id='word_1_304' title='bbox 1582 2780 1817 2833; x_wconf 83' lang='lat' dir='ltr'><strong>Alterius</strong></span> 
     </span>
    </p>
   </div>
   <div class='ocr_carea' id='block_1_45' title="bbox 261 2867 1817 2946">
    <p class='ocr_par' dir='ltr' id='par_1_45' title="bbox 261 2867 1817 2946">
     <span class='ocr_line' id='line_1_45' title="bbox 261 2867 1817 2946; baseline -0.008 -15"><span class='ocrx_word' id='word_1_305' title='bbox 261 2889 488 2946; x_wconf 78' lang='lat' dir='ltr'><strong>quoque</strong></span> <span class='ocrx_word' id='word_1_306' title='bbox 533 2886 748 2936; x_wconf 84' lang='lat' dir='ltr'><strong>manus,</strong></span> <span class='ocrx_word' id='word_1_307' title='bbox 797 2887 914 2940; x_wconf 73' lang='lat' dir='ltr'><strong>qua:</strong></span> <span class='ocrx_word' id='word_1_308' title='bbox 961 2871 1243 2925; x_wconf 90' lang='lat' dir='ltr'><strong>allatrabat</strong></span> <span class='ocrx_word' id='word_1_309' title='bbox 1285 2868 1518 2937; x_wconf 87' lang='lat' dir='ltr'><strong>corpori,</strong></span> <span class='ocrx_word' id='word_1_310' title='bbox 1561 2876 1616 2921; x_wconf 90' lang='lat' dir='ltr'><strong>et</strong></span> <span class='ocrx_word' id='word_1_311' title='bbox 1658 2867 1817 2937; x_wconf 90' lang='lat' dir='ltr'><strong>longo</strong></span> 
     </span>
    </p>
   </div>
   <div class='ocr_carea' id='block_1_46' title="bbox 266 2946 1812 3034">
    <p class='ocr_par' dir='ltr' id='par_1_46' title="bbox 266 2946 1812 3034">
     <span class='ocr_line' id='line_1_46' title="bbox 266 2946 1812 3034; baseline -0.008 -14"><span class='ocrx_word' id='word_1_312' title='bbox 266 2978 514 3034; x_wconf 82' lang='lat' dir='ltr'><strong>tempore</strong></span> <span class='ocrx_word' id='word_1_313' title='bbox 541 2961 814 3018; x_wconf 86' lang='lat' dir='ltr'><strong>manserat</strong></span> <span class='ocrx_word' id='word_1_314' title='bbox 836 2961 890 3014; x_wconf 90' lang='lat' dir='ltr'><strong>in</strong></span> <span class='ocrx_word' id='word_1_315' title='bbox 920 2961 1138 3014; x_wconf 89' lang='lat' dir='ltr'><strong>assiduo</strong></span> <span class='ocrx_word' id='word_1_316' title='bbox 1176 2946 1328 3013; x_wconf 78' lang='lat' dir='ltr'><strong>motu</strong></span> <span class='ocrx_word' id='word_1_317' title='bbox 1353 2958 1668 3027; x_wconf 87' lang='lat' dir='ltr'><strong>operatione</strong></span> <span class='ocrx_word' id='word_1_318' title='bbox 1689 2957 1812 3028; x_wconf 83' lang='lat' dir='ltr'><strong>mali</strong></span> 
     </span>
    </p>
   </div>
   <div class='ocr_carea' id='block_1_47' title="bbox 266 3036 1860 3120">
    <p class='ocr_par' dir='ltr' id='par_1_47' title="bbox 266 3036 1860 3120">
     <span class='ocr_line' id='line_1_47' title="bbox 266 3036 1860 3120; baseline -0.008 -7"><span class='ocrx_word' id='word_1_319' title='bbox 266 3055 554 3120; x_wconf 64' lang='lat' dir='ltr'><strong>damonis,</strong></span> <span class='ocrx_word' id='word_1_320' title='bbox 588 3053 700 3108; x_wconf 88' lang='lat' dir='ltr'><strong>sola</strong></span> <span class='ocrx_word' id='word_1_321' title='bbox 731 3052 1066 3106; x_wconf 81' lang='lat' dir='ltr'><strong>invocatione</strong></span> <span class='ocrx_word' id='word_1_322' title='bbox 1105 3050 1432 3103; x_wconf 84' lang='lat' dir='ltr'><strong>sacrosancti</strong></span> <span class='ocrx_word' id='word_1_323' title='bbox 1471 3049 1731 3116; x_wconf 86' lang='lat' dir='ltr'><strong>corporis,</strong></span> <span class='ocrx_word' id='word_1_324' title='bbox 1763 3058 1818 3100; x_wconf 92' lang='lat' dir='ltr'><strong>et</strong></span> <span class='ocrx_word' id='word_1_325' title='bbox 1853 3036 1860 3041; x_wconf 68' lang='grc'><em>’</em></span> 
     </span>
    </p>
   </div>
   <div class='ocr_carea' id='block_1_48' title="bbox 267 3138 1814 3208">
    <p class='ocr_par' dir='ltr' id='par_1_48' title="bbox 267 3138 1814 3208">
     <span class='ocr_line' id='line_1_48' title="bbox 267 3138 1814 3208; baseline -0.008 -8"><span class='ocrx_word' id='word_1_326' title='bbox 267 3146 531 3201; x_wconf 89' lang='lat' dir='ltr'><strong>unctione</strong></span> <span class='ocrx_word' id='word_1_327' title='bbox 585 3144 688 3198; x_wconf 89' lang='lat' dir='ltr'><strong>olei</strong></span> <span class='ocrx_word' id='word_1_328' title='bbox 743 3143 886 3196; x_wconf 82' lang='lat' dir='ltr'><strong>illius</strong></span> <span class='ocrx_word' id='word_1_329' title='bbox 933 3142 1132 3204; x_wconf 68' lang='lat' dir='ltr'><strong>thecae,</strong></span> <span class='ocrx_word' id='word_1_330' title='bbox 1181 3154 1298 3208; x_wconf 70' lang='lat' dir='ltr'><strong>quae</strong></span> <span class='ocrx_word' id='word_1_331' title='bbox 1346 3138 1474 3191; x_wconf 82' lang='lat' dir='ltr'><strong>facit</strong></span> <span class='ocrx_word' id='word_1_332' title='bbox 1523 3139 1814 3200; x_wconf 85' lang='lat' dir='ltr'><strong>miracula,</strong></span> 
     </span>
    </p>
   </div>
   <div class='ocr_carea' id='block_1_49' title="bbox 1914 1971 3459 2047">
    <p class='ocr_par' dir='ltr' id='par_1_49' title="bbox 1914 1971 3459 2047">
     <span class='ocr_line' id='line_1_49' title="bbox 1914 1971 3459 2047; baseline -0.007 -14"><span class='ocrx_word' id='word_1_333' title='bbox 1914 1991 2164 2033; x_wconf 84' lang='lat' dir='ltr'><strong>cturnum</strong></span> <span class='ocrx_word' id='word_1_334' title='bbox 2199 1979 2316 2047; x_wconf 81' lang='lat' dir='ltr'><strong>ejus</strong></span> <span class='ocrx_word' id='word_1_335' title='bbox 2349 1975 2752 2030; x_wconf 82' lang='lat' dir='ltr'><strong>interfectorem</strong></span> <span class='ocrx_word' id='word_1_336' title='bbox 2773 1989 2867 2042; x_wconf 84' lang='lat' dir='ltr'><strong>per</strong></span> <span class='ocrx_word' id='word_1_337' title='bbox 2895 1987 2988 2025; x_wconf 91' lang='lat' dir='ltr'><strong>eos</strong></span> <span class='ocrx_word' id='word_1_338' title='bbox 3022 1971 3122 2025; x_wconf 91' lang='lat' dir='ltr'><strong>sibi</strong></span> <span class='ocrx_word' id='word_1_339' title='bbox 3154 1986 3272 2025; x_wconf 90' lang='lat' dir='ltr'><strong>esse</strong></span> <span class='ocrx_word' id='word_1_340' title='bbox 3319 1972 3459 2025; x_wconf 88' lang='lat' dir='ltr'><strong>indi-</strong></span> 
     </span>
    </p>
   </div>
   <div class='ocr_carea' id='block_1_50' title="bbox 1912 2063 3458 2133">
    <p class='ocr_par' dir='ltr' id='par_1_50' title="bbox 1912 2063 3458 2133">
     <span class='ocr_line' id='line_1_50' title="bbox 1912 2063 3458 2133; baseline -0.006 -10"><span class='ocrx_word' id='word_1_341' title='bbox 1912 2069 2142 2124; x_wconf 82' lang='lat' dir='ltr'><strong>candum</strong></span> <span class='ocrx_word' id='word_1_342' title='bbox 2175 2067 2449 2121; x_wconf 88' lang='lat' dir='ltr'><strong>fremens:</strong></span> <span class='ocrx_word' id='word_1_343' title='bbox 2483 2080 2639 2133; x_wconf 91' lang='lat' dir='ltr'><strong>quem</strong></span> <span class='ocrx_word' id='word_1_344' title='bbox 2675 2065 2857 2125; x_wconf 82' lang='lat' dir='ltr'><strong>etiam,</strong></span> <span class='ocrx_word' id='word_1_345' title='bbox 2901 2073 2958 2118; x_wconf 90' lang='lat' dir='ltr'><strong>ut</strong></span> <span class='ocrx_word' id='word_1_346' title='bbox 3001 2078 3307 2118; x_wconf 81' lang='lat' dir='ltr'><strong>eversorem</strong></span> <span class='ocrx_word' id='word_1_347' title='bbox 3360 2063 3458 2115; x_wconf 84' lang='lat' dir='ltr'><strong>im-</strong></span> 
     </span>
    </p>
   </div>
   <div class='ocr_carea' id='block_1_51' title="bbox 1911 2153 3459 2227">
    <p class='ocr_par' dir='ltr' id='par_1_51' title="bbox 1911 2153 3459 2227">
     <span class='ocr_line' id='line_1_51' title="bbox 1911 2153 3459 2227; baseline -0.006 -13"><span class='ocrx_word' id='word_1_348' title='bbox 1911 2159 2068 2227; x_wconf 85' lang='lat' dir='ltr'><strong>perii,</strong></span> <span class='ocrx_word' id='word_1_349' title='bbox 2091 2173 2211 2213; x_wconf 88' lang='lat' dir='ltr'><strong>esse</strong></span> <span class='ocrx_word' id='word_1_350' title='bbox 2228 2167 2465 2212; x_wconf 77' lang='lat' dir='ltr'><strong>extrema</strong></span> <span class='ocrx_word' id='word_1_351' title='bbox 2497 2170 2802 2223; x_wconf 88' lang='lat' dir='ltr'><strong>passurum.</strong></span> <span class='ocrx_word' id='word_1_352' title='bbox 2825 2153 2934 2208; x_wconf 81' lang='lat' dir='ltr'><strong>lloc</strong></span> <span class='ocrx_word' id='word_1_353' title='bbox 2954 2154 3098 2206; x_wconf 89' lang='lat' dir='ltr'><strong>enim</strong></span> <span class='ocrx_word' id='word_1_354' title='bbox 3121 2153 3171 2207; x_wconf 87' lang='lat' dir='ltr'><strong>ei</strong></span> <span class='ocrx_word' id='word_1_355' title='bbox 3194 2153 3459 2223; x_wconf 76' lang='lat' dir='ltr'><strong>persuasit</strong></span> 
     </span>
    </p>
   </div>
   <div class='ocr_carea' id='block_1_52' title="bbox 1912 2243 3456 2316">
    <p class='ocr_par' dir='ltr' id='par_1_52' title="bbox 1912 2243 3456 2316">
     <span class='ocr_line' id='line_1_52' title="bbox 1912 2243 3456 2316; baseline -0.005 -14"><span class='ocrx_word' id='word_1_356' title='bbox 1912 2249 1997 2302; x_wconf 88' lang='lat' dir='ltr'><strong>vel</strong></span> <span class='ocrx_word' id='word_1_357' title='bbox 2028 2248 2217 2312; x_wconf 87' lang='lat' dir='ltr'><strong>invito,</strong></span> <span class='ocrx_word' id='word_1_358' title='bbox 2244 2246 2400 2316; x_wconf 91' lang='lat' dir='ltr'><strong>.quod</strong></span> <span class='ocrx_word' id='word_1_359' title='bbox 2433 2246 2642 2310; x_wconf 83' lang='lat' dir='ltr'><strong>factum</strong></span> <span class='ocrx_word' id='word_1_360' title='bbox 2689 2254 2826 2311; x_wconf 82' lang='lat' dir='ltr'><strong>erat,</strong></span> <span class='ocrx_word' id='word_1_361' title='bbox 2868 2257 3088 2297; x_wconf 89' lang='lat' dir='ltr'><strong>narrare</strong></span> <span class='ocrx_word' id='word_1_362' title='bbox 3131 2243 3410 2297; x_wconf 85' lang='lat' dir='ltr'><strong>monachis</strong></span> <span class='ocrx_word' id='word_1_363' title='bbox 3443 2261 3456 2294; x_wconf 88' lang='lat'><strong>:</strong></span> 
     </span>
    </p>
   </div>
   <div class='ocr_carea' id='block_1_53' title="bbox 1913 2335 3459 2407">
    <p class='ocr_par' dir='ltr' id='par_1_53' title="bbox 1913 2335 3459 2407">
     <span class='ocr_line' id='line_1_53' title="bbox 1913 2335 3459 2407; baseline -0.003 -17"><span class='ocrx_word' id='word_1_364' title='bbox 1913 2353 1942 2390; x_wconf 92' lang='lat' dir='ltr'><strong>a</strong></span> <span class='ocrx_word' id='word_1_365' title='bbox 1991 2338 2186 2407; x_wconf 86' lang='lat' dir='ltr'><strong>quibus</strong></span> <span class='ocrx_word' id='word_1_366' title='bbox 2225 2351 2346 2391; x_wconf 88' lang='lat' dir='ltr'><strong>cum</strong></span> <span class='ocrx_word' id='word_1_367' title='bbox 2400 2351 2500 2390; x_wconf 90' lang='lat' dir='ltr'><strong>nos</strong></span> <span class='ocrx_word' id='word_1_368' title='bbox 2542 2349 2756 2403; x_wconf 89' lang='lat' dir='ltr'><strong>quoque</strong></span> <span class='ocrx_word' id='word_1_369' title='bbox 2811 2335 3127 2393; x_wconf 83' lang='lat' dir='ltr'><strong>miraculum</strong></span> <span class='ocrx_word' id='word_1_370' title='bbox 3152 2375 3166 2397; x_wconf 94' lang='lat'><strong>,</strong></span> <span class='ocrx_word' id='word_1_371' title='bbox 3207 2344 3459 2402; x_wconf 87' lang='lat' dir='ltr'><strong>tanquam</strong></span> 
     </span>
    </p>
   </div>
   <div class='ocr_carea' id='block_1_54' title="bbox 1914 2425 3463 2492">
    <p class='ocr_par' dir='ltr' id='par_1_54' title="bbox 1914 2425 3463 2492">
     <span class='ocr_line' id='line_1_54' title="bbox 1914 2425 3463 2492; baseline -0.001 -12"><span class='ocrx_word' id='word_1_372' title='bbox 1914 2436 2184 2480; x_wconf 88' lang='lat' dir='ltr'><strong>maturum</strong></span> <span class='ocrx_word' id='word_1_373' title='bbox 2216 2426 2450 2478; x_wconf 87' lang='lat' dir='ltr'><strong>fructum</strong></span> <span class='ocrx_word' id='word_1_374' title='bbox 2481 2425 2930 2492; x_wconf 84' lang='lat' dir='ltr'><strong>decerpserimus,</strong></span> <span class='ocrx_word' id='word_1_375' title='bbox 2967 2425 3213 2478; x_wconf 87' lang='lat' dir='ltr'><strong>venimus</strong></span> <span class='ocrx_word' id='word_1_376' title='bbox 3254 2425 3320 2478; x_wconf 85' lang='lat' dir='ltr'><strong>ad</strong></span> <span class='ocrx_word' id='word_1_377' title='bbox 3366 2440 3463 2479; x_wconf 83' lang='lat' dir='ltr'><strong>vos</strong></span> 
     </span>
    </p>
   </div>
   <div class='ocr_carea' id='block_1_55' title="bbox 1915 2513 3460 2584">
    <p class='ocr_par' dir='ltr' id='par_1_55' title="bbox 1915 2513 3460 2584">
     <span class='ocr_line' id='line_1_55' title="bbox 1915 2513 3460 2584; baseline -0.002 -15"><span class='ocrx_word' id='word_1_378' title='bbox 1915 2515 2131 2581; x_wconf 85' lang='lat' dir='ltr'><strong>ﬁdeles,</strong></span> <span class='ocrx_word' id='word_1_379' title='bbox 2192 2513 2482 2568; x_wconf 74' lang='lat' dir='ltr'><strong>aﬂerentes</strong></span> <span class='ocrx_word' id='word_1_380' title='bbox 2554 2523 2819 2584; x_wconf 83' lang='lat' dir='ltr'><strong>craterem</strong></span> <span class='ocrx_word' id='word_1_381' title='bbox 2871 2513 3088 2567; x_wconf 65' lang='lat' dir='ltr'><strong>laetitiae.</strong></span> <span class='ocrx_word' id='word_1_382' title='bbox 3143 2514 3259 2584; x_wconf 71' lang='lat' dir='ltr'><strong>Non</strong></span> <span class='ocrx_word' id='word_1_383' title='bbox 3315 2514 3460 2567; x_wconf 88' lang='lat' dir='ltr'><strong>enim</strong></span> 
     </span>
    </p>
   </div>
   <div class='ocr_carea' id='block_1_56' title="bbox 1915 2602 3462 2674">
    <p class='ocr_par' dir='ltr' id='par_1_56' title="bbox 1915 2602 3462 2674">
     <span class='ocr_line' id='line_1_56' title="bbox 1915 2602 3462 2674; baseline -0.003 -15"><span class='ocrx_word' id='word_1_384' title='bbox 1915 2605 2248 2674; x_wconf 62' lang='lat' dir='ltr'><strong>praeterierat</strong></span> <span class='ocrx_word' id='word_1_385' title='bbox 2271 2613 2483 2674; x_wconf 88' lang='lat' dir='ltr'><strong>tempus</strong></span> <span class='ocrx_word' id='word_1_386' title='bbox 2504 2618 2597 2658; x_wconf 78' lang='lat' dir='ltr'><strong>sex</strong></span> <span class='ocrx_word' id='word_1_387' title='bbox 2618 2602 2849 2666; x_wconf 89' lang='lat' dir='ltr'><strong>dierum,</strong></span> <span class='ocrx_word' id='word_1_388' title='bbox 2877 2617 2999 2656; x_wconf 90' lang='lat' dir='ltr'><strong>cum</strong></span> <span class='ocrx_word' id='word_1_389' title='bbox 3028 2602 3270 2656; x_wconf 82' lang='lat' dir='ltr'><strong>Michael</strong></span> <span class='ocrx_word' id='word_1_390' title='bbox 3290 2602 3462 2656; x_wconf 85' lang='lat' dir='ltr'><strong>susci-</strong></span> 
     </span>
    </p>
   </div>
   <div class='ocr_carea' id='block_1_57' title="bbox 1913 2689 3462 2769">
    <p class='ocr_par' dir='ltr' id='par_1_57' title="bbox 1913 2689 3462 2769">
     <span class='ocr_line' id='line_1_57' title="bbox 1913 2689 3462 2769; baseline -0.003 -19"><span class='ocrx_word' id='word_1_391' title='bbox 1913 2696 1992 2764; x_wconf 90' lang='lat' dir='ltr'><strong>pit</strong></span> <span class='ocrx_word' id='word_1_392' title='bbox 2040 2703 2253 2764; x_wconf 87' lang='lat' dir='ltr'><strong>sceptra</strong></span> <span class='ocrx_word' id='word_1_393' title='bbox 2292 2694 2540 2764; x_wconf 90' lang='lat' dir='ltr'><strong>imperii,</strong></span> <span class='ocrx_word' id='word_1_394' title='bbox 2584 2689 2808 2769; x_wconf 83' lang='lat' dir='ltr'><strong>et_eum</strong></span> <span class='ocrx_word' id='word_1_395' title='bbox 2857 2692 3132 2747; x_wconf 89' lang='lat' dir='ltr'><strong>iuterﬂcit.</strong></span> <span class='ocrx_word' id='word_1_396' title='bbox 3191 2693 3268 2746; x_wconf 92' lang='lat' dir='ltr'><strong>lta</strong></span> <span class='ocrx_word' id='word_1_397' title='bbox 3319 2692 3462 2747; x_wconf 88' lang='lat' dir='ltr'><strong>Deus</strong></span> 
     </span>
    </p>
   </div>
   <div class='ocr_carea' id='block_1_58' title="bbox 1915 2771 3465 2854">
    <p class='ocr_par' dir='ltr' id='par_1_58' title="bbox 1915 2771 3465 2854">
     <span class='ocr_line' id='line_1_58' title="bbox 1915 2771 3465 2854; baseline 0.002 -15"><span class='ocrx_word' id='word_1_398' title='bbox 1915 2787 2076 2839; x_wconf 87' lang='lat' dir='ltr'><strong>etiam</strong></span> <span class='ocrx_word' id='word_1_399' title='bbox 2107 2777 2233 2854; x_wconf 69' lang='lat' dir='ltr'><strong>poSt</strong></span> <span class='ocrx_word' id='word_1_400' title='bbox 2265 2771 2497 2839; x_wconf 86' lang='lat' dir='ltr'><strong>mortem</strong></span> <span class='ocrx_word' id='word_1_401' title='bbox 2529 2784 2790 2838; x_wconf 84' lang='lat' dir='ltr'><strong>clariﬂcat</strong></span> <span class='ocrx_word' id='word_1_402' title='bbox 2832 2776 2958 2837; x_wconf 78' lang='lat' dir='ltr'><strong>suos</strong></span> <span class='ocrx_word' id='word_1_403' title='bbox 2992 2784 3220 2839; x_wconf 88' lang='lat' dir='ltr'><strong>famulos</strong></span> <span class='ocrx_word' id='word_1_404' title='bbox 3247 2825 3262 2848; x_wconf 93' lang='lat'><strong>,</strong></span> <span class='ocrx_word' id='word_1_405' title='bbox 3288 2795 3339 2839; x_wconf 89' lang='lat' dir='ltr'><strong>et</strong></span> <span class='ocrx_word' id='word_1_406' title='bbox 3369 2799 3465 2842; x_wconf 83' lang='lat' dir='ltr'><strong>eos</strong></span> 
     </span>
    </p>
   </div>
   <div class='ocr_carea' id='block_1_59' title="bbox 1915 2873 2976 2944">
    <p class='ocr_par' dir='ltr' id='par_1_59' title="bbox 1915 2873 2976 2944">
     <span class='ocr_line' id='line_1_59' title="bbox 1915 2873 2976 2944; baseline -0.003 -16"><span class='ocrx_word' id='word_1_407' title='bbox 1915 2875 2076 2941; x_wconf 77' lang='lat' dir='ltr'><strong>delet,</strong></span> <span class='ocrx_word' id='word_1_408' title='bbox 2112 2875 2204 2944; x_wconf 87' lang='lat' dir='ltr'><strong>qui</strong></span> <span class='ocrx_word' id='word_1_409' title='bbox 2235 2874 2427 2929; x_wconf 88' lang='lat' dir='ltr'><strong>nolunt</strong></span> <span class='ocrx_word' id='word_1_410' title='bbox 2456 2873 2746 2944; x_wconf 84' lang='lat' dir='ltr'><strong>ipsumpie</strong></span> <span class='ocrx_word' id='word_1_411' title='bbox 2765 2875 2976 2932; x_wconf 85' lang='lat' dir='ltr'><strong>colere.</strong></span> 
     </span>
    </p>
   </div>
   <div class='ocr_carea' id='block_1_60' title="bbox 1985 2963 3462 3041">
    <p class='ocr_par' dir='ltr' id='par_1_60' title="bbox 1985 2963 3462 3041">
     <span class='ocr_line' id='line_1_60' title="bbox 1985 2963 3462 3041; baseline 0.001 -22"><span class='ocrx_word' id='word_1_412' title='bbox 1985 2965 2072 3020; x_wconf 78' lang='lat'><strong>56.</strong></span> <span class='ocrx_word' id='word_1_413' title='bbox 2101 2963 2207 3041; x_wconf 65' lang='lat' dir='ltr'><strong>sed</strong></span> <span class='ocrx_word' id='word_1_414' title='bbox 2264 2978 2351 3017; x_wconf 89' lang='lat' dir='ltr'><strong>me</strong></span> <span class='ocrx_word' id='word_1_415' title='bbox 2387 2972 2599 3032; x_wconf 84' lang='lat' dir='ltr'><strong>tempus</strong></span> <span class='ocrx_word' id='word_1_416' title='bbox 2634 2963 2848 3018; x_wconf 77' lang='lat' dir='ltr'><strong>deficiet</strong></span> <span class='ocrx_word' id='word_1_417' title='bbox 2882 2975 3188 3041; x_wconf 81' lang='lat' dir='ltr'><strong>narrantem</strong></span> <span class='ocrx_word' id='word_1_418' title='bbox 3218 2965 3462 3036; x_wconf 62' lang='lat' dir='ltr'><strong>praeclari</strong></span> 
     </span>
    </p>
   </div>
   <div class='ocr_carea' id='block_1_61' title="bbox 1914 3054 3464 3129">
    <p class='ocr_par' dir='ltr' id='par_1_61' title="bbox 1914 3054 3464 3129">
     <span class='ocr_line' id='line_1_61' title="bbox 1914 3054 3464 3129; baseline 0.002 -20"><span class='ocrx_word' id='word_1_419' title='bbox 1914 3066 1968 3109; x_wconf 91' lang='lat' dir='ltr'><strong>et</strong></span> <span class='ocrx_word' id='word_1_420' title='bbox 1995 3055 2160 3110; x_wconf 87' lang='lat' dir='ltr'><strong>divini</strong></span> <span class='ocrx_word' id='word_1_421' title='bbox 2210 3054 2384 3109; x_wconf 87' lang='lat' dir='ltr'><strong>Patris</strong></span> <span class='ocrx_word' id='word_1_422' title='bbox 2424 3070 2614 3124; x_wconf 88' lang='lat' dir='ltr'><strong>magna</strong></span> <span class='ocrx_word' id='word_1_423' title='bbox 2652 3054 2928 3118; x_wconf 85' lang='lat' dir='ltr'><strong>miracula,</strong></span> <span class='ocrx_word' id='word_1_424' title='bbox 2963 3070 3082 3123; x_wconf 78' lang='lat' dir='ltr'><strong>qua-</strong></span> <span class='ocrx_word' id='word_1_425' title='bbox 3127 3065 3377 3129; x_wconf 89' lang='lat' dir='ltr'><strong>tanquam</strong></span> <span class='ocrx_word' id='word_1_426' title='bbox 3408 3059 3464 3112; x_wconf 89' lang='lat' dir='ltr'><strong>in</strong></span> 
     </span>
    </p>
   </div>
   <div class='ocr_carea' id='block_1_62' title="bbox 1918 3148 3466 3216">
    <p class='ocr_par' dir='ltr' id='par_1_62' title="bbox 1918 3148 3466 3216">
     <span class='ocr_line' id='line_1_62' title="bbox 1918 3148 3466 3216; baseline 0.002 -15"><span class='ocrx_word' id='word_1_427' title='bbox 1918 3160 2068 3216; x_wconf 89' lang='lat' dir='ltr'><strong>prato</strong></span> <span class='ocrx_word' id='word_1_428' title='bbox 2117 3164 2272 3210; x_wconf 66' lang='lat' dir='ltr'><strong>rosae,</strong></span> <span class='ocrx_word' id='word_1_429' title='bbox 2325 3148 2522 3214; x_wconf 86' lang='lat' dir='ltr'><strong>ubique</strong></span> <span class='ocrx_word' id='word_1_430' title='bbox 2574 3156 2889 3212; x_wconf 89' lang='lat' dir='ltr'><strong>nascuntur,</strong></span> <span class='ocrx_word' id='word_1_431' title='bbox 2937 3156 2992 3202; x_wconf 93' lang='lat' dir='ltr'><strong>et</strong></span> <span class='ocrx_word' id='word_1_432' title='bbox 3045 3148 3349 3214; x_wconf 90' lang='lat' dir='ltr'><strong>hortantur,</strong></span> <span class='ocrx_word' id='word_1_433' title='bbox 3406 3163 3466 3204; x_wconf 88' lang='lat' dir='ltr'><strong>ut</strong></span> 
     </span>
    </p>
   </div>
   <div class='ocr_carea' id='block_1_63' title="bbox 269 3208 1817 3307">
    <p class='ocr_par' dir='ltr' id='par_1_63' title="bbox 269 3222 1816 3304">
     <span class='ocr_line' id='line_1_63' title="bbox 269 3222 1816 3304; baseline -0.009 -12"><span class='ocrx_word' id='word_1_434' title='bbox 269 3237 486 3292; x_wconf 82' lang='lat' dir='ltr'><strong>etiamsi</strong></span> <span class='ocrx_word' id='word_1_435' title='bbox 512 3222 697 3304; x_wconf 80' lang='lat' dir='ltr'><strong>procul</strong></span> <span class='ocrx_word' id='word_1_436' title='bbox 726 3234 957 3296; x_wconf 91' lang='lat' dir='ltr'><strong>abesset,</strong></span> <span class='ocrx_word' id='word_1_437' title='bbox 993 3246 1235 3300; x_wconf 80' lang='lat' dir='ltr'><strong>repressa</strong></span> <span class='ocrx_word' id='word_1_438' title='bbox 1273 3238 1356 3283; x_wconf 89' lang='lat' dir='ltr'><strong>est</strong></span> <span class='ocrx_word' id='word_1_439' title='bbox 1397 3229 1590 3282; x_wconf 83' lang='lat' dir='ltr'><strong>manus</strong></span> <span class='ocrx_word' id='word_1_440' title='bbox 1635 3229 1702 3282; x_wconf 90' lang='lat' dir='ltr'><strong>ab</strong></span> <span class='ocrx_word' id='word_1_441' title='bbox 1733 3229 1816 3280; x_wconf 86' lang='lat' dir='ltr'><strong>illa</strong></span> 
     </span>
    </p>
   </div>
   <div class='ocr_carea' id='block_1_64' title="bbox 1917 3208 3535 3307">
    <p class='ocr_par' dir='ltr' id='par_1_64' title="bbox 1923 3238 3535 3307">
     <span class='ocr_line' id='line_1_64' title="bbox 1923 3238 3535 3307; baseline 0.004 -17"><span class='ocrx_word' id='word_1_442' title='bbox 1923 3239 2159 3291; x_wconf 82' lang='lat' dir='ltr'><strong>feramur</strong></span> <span class='ocrx_word' id='word_1_443' title='bbox 2199 3239 2265 3291; x_wconf 94' lang='lat' dir='ltr'><strong>ad</strong></span> <span class='ocrx_word' id='word_1_444' title='bbox 2298 3238 2719 3307; x_wconf 84' lang='lat' dir='ltr'><strong>uniuscujusque</strong></span> <span class='ocrx_word' id='word_1_445' title='bbox 2765 3239 3102 3295; x_wconf 90' lang='lat' dir='ltr'><strong>electionem.</strong></span> <span class='ocrx_word' id='word_1_446' title='bbox 3131 3241 3244 3296; x_wconf 89' lang='lat' dir='ltr'><strong>Nos</strong></span> <span class='ocrx_word' id='word_1_447' title='bbox 3284 3252 3465 3297; x_wconf 88' lang='lat' dir='ltr'><strong>autem</strong></span> <span class='ocrx_word' id='word_1_448' title='bbox 3533 3259 3535 3261; x_wconf 75' lang='lat'>‘</span> 
     </span>
    </p>
   </div>
   <div class='ocr_carea' id='block_1_65' title="bbox 267 3319 1471 3389">
    <p class='ocr_par' dir='ltr' id='par_1_65' title="bbox 267 3319 1471 3389">
     <span class='ocr_line' id='line_1_65' title="bbox 267 3319 1471 3389; baseline -0.008 -10"><span class='ocrx_word' id='word_1_449' title='bbox 267 3324 448 3389; x_wconf 80' lang='lat' dir='ltr'><strong>rabie,</strong></span> <span class='ocrx_word' id='word_1_450' title='bbox 479 3334 536 3376; x_wconf 91' lang='lat' dir='ltr'><strong>et</strong></span> <span class='ocrx_word' id='word_1_451' title='bbox 573 3321 778 3375; x_wconf 88' lang='lat' dir='ltr'><strong>reddita</strong></span> <span class='ocrx_word' id='word_1_452' title='bbox 818 3321 919 3373; x_wconf 91' lang='lat' dir='ltr'><strong>fuit</strong></span> <span class='ocrx_word' id='word_1_453' title='bbox 949 3335 1077 3372; x_wconf 88' lang='lat' dir='ltr'><strong>sana</strong></span> <span class='ocrx_word' id='word_1_454' title='bbox 1108 3319 1244 3372; x_wconf 85' lang='lat' dir='ltr'><strong>sicut</strong></span> <span class='ocrx_word' id='word_1_455' title='bbox 1282 3319 1471 3371; x_wconf 89' lang='lat' dir='ltr'><strong>altera.</strong></span> 
     </span>
    </p>
   </div>
   <div class='ocr_carea' id='block_1_66' title="bbox 351 3405 1820 3478">
    <p class='ocr_par' dir='ltr' id='par_1_66' title="bbox 351 3405 1820 3478">
     <span class='ocr_line' id='line_1_66' title="bbox 351 3405 1820 3478; baseline -0.005 -12"><span class='ocrx_word' id='word_1_456' title='bbox 351 3414 441 3468; x_wconf 75' lang='grc'><strong>54.</strong></span> <span class='ocrx_word' id='word_1_457' title='bbox 472 3411 652 3466; x_wconf 75' lang='lat' dir='ltr'><strong>Multis</strong></span> <span class='ocrx_word' id='word_1_458' title='bbox 681 3425 893 3478; x_wconf 89' lang='lat' dir='ltr'><strong>quoque</strong></span> <span class='ocrx_word' id='word_1_459' title='bbox 922 3409 1058 3472; x_wconf 90' lang='lat' dir='ltr'><strong>aliis,</strong></span> <span class='ocrx_word' id='word_1_460' title='bbox 1099 3408 1189 3476; x_wconf 92' lang='lat' dir='ltr'><strong>qui</strong></span> <span class='ocrx_word' id='word_1_461' title='bbox 1227 3408 1560 3461; x_wconf 78' lang='lat' dir='ltr'><strong>vexabantur</strong></span> <span class='ocrx_word' id='word_1_462' title='bbox 1593 3421 1624 3459; x_wconf 92' lang='lat' dir='ltr'><strong>a</strong></span> <span class='ocrx_word' id='word_1_463' title='bbox 1664 3405 1820 3458; x_wconf 90' lang='lat' dir='ltr'><strong>malis</strong></span> 
     </span>
    </p>
   </div>
   <div class='ocr_carea' id='block_1_67' title="bbox 271 3497 1820 3574">
    <p class='ocr_par' dir='ltr' id='par_1_67' title="bbox 271 3497 1820 3574">
     <span class='ocr_line' id='line_1_67' title="bbox 271 3497 1820 3574; baseline -0.006 -15"><span class='ocrx_word' id='word_1_464' title='bbox 271 3505 580 3574; x_wconf 82' lang='lat' dir='ltr'><strong>spiritibus,</strong></span> <span class='ocrx_word' id='word_1_465' title='bbox 610 3502 862 3554; x_wconf 79' lang='lat' dir='ltr'><strong>inventus</strong></span> <span class='ocrx_word' id='word_1_466' title='bbox 892 3499 994 3554; x_wconf 86' lang='lat' dir='ltr'><strong>fuit</strong></span> <span class='ocrx_word' id='word_1_467' title='bbox 1035 3508 1187 3568; x_wconf 86' lang='lat' dir='ltr'><strong>pater</strong></span> <span class='ocrx_word' id='word_1_468' title='bbox 1228 3499 1488 3553; x_wconf 87' lang='lat' dir='ltr'><strong>medicus.</strong></span> <span class='ocrx_word' id='word_1_469' title='bbox 1532 3497 1597 3551; x_wconf 89' lang='lat' dir='ltr'><strong>Et</strong></span> <span class='ocrx_word' id='word_1_470' title='bbox 1617 3498 1820 3558; x_wconf 69' lang='lat' dir='ltr'><strong>daemo-</strong></span> 
     </span>
    </p>
   </div>
   <div class='ocr_carea' id='block_1_68' title="bbox 270 3585 1817 3660">
    <p class='ocr_par' dir='ltr' id='par_1_68' title="bbox 270 3585 1817 3660">
     <span class='ocr_line' id='line_1_68' title="bbox 270 3585 1817 3660; baseline -0.006 -12"><span class='ocrx_word' id='word_1_471' title='bbox 270 3590 409 3648; x_wconf 81' lang='lat' dir='ltr'><strong>num</strong></span> <span class='ocrx_word' id='word_1_472' title='bbox 449 3591 666 3660; x_wconf 88' lang='lat' dir='ltr'><strong>quidem</strong></span> <span class='ocrx_word' id='word_1_473' title='bbox 711 3590 916 3658; x_wconf 75' lang='lat' dir='ltr'><strong>expulit</strong></span> <span class='ocrx_word' id='word_1_474' title='bbox 946 3590 1288 3658; x_wconf 84' lang='lat' dir='ltr'><strong>operationes</strong></span> <span class='ocrx_word' id='word_1_475' title='bbox 1317 3606 1330 3641; x_wconf 90' lang='lat'>:</span> <span class='ocrx_word' id='word_1_476' title='bbox 1364 3602 1460 3641; x_wconf 88' lang='lat' dir='ltr'><strong>eos</strong></span> <span class='ocrx_word' id='word_1_477' title='bbox 1502 3596 1701 3649; x_wconf 86' lang='lat' dir='ltr'><strong>autem,</strong></span> <span class='ocrx_word' id='word_1_478' title='bbox 1727 3585 1817 3654; x_wconf 90' lang='lat' dir='ltr'><strong>qui</strong></span> 
     </span>
    </p>
   </div>
   <div class='ocr_carea' id='block_1_69' title="bbox 274 3669 1821 3746">
    <p class='ocr_par' dir='ltr' id='par_1_69' title="bbox 274 3669 1821 3746">
     <span class='ocr_line' id='line_1_69' title="bbox 274 3669 1821 3746; baseline -0.005 -8"><span class='ocrx_word' id='word_1_479' title='bbox 274 3693 545 3739; x_wconf 83' lang='lat' dir='ltr'><strong>tormenta</strong></span> <span class='ocrx_word' id='word_1_480' title='bbox 597 3683 964 3745; x_wconf 84' lang='lat' dir='ltr'><strong>sustinebant,</strong></span> <span class='ocrx_word' id='word_1_481' title='bbox 1018 3681 1265 3736; x_wconf 86' lang='lat' dir='ltr'><strong>allevavit</strong></span> <span class='ocrx_word' id='word_1_482' title='bbox 1294 3669 1572 3734; x_wconf 87' lang='lat' dir='ltr'><strong>voluntate</strong></span> <span class='ocrx_word' id='word_1_483' title='bbox 1619 3688 1673 3732; x_wconf 92' lang='lat' dir='ltr'><strong>et</strong></span> <span class='ocrx_word' id='word_1_484' title='bbox 1718 3693 1821 3746; x_wconf 91' lang='lat' dir='ltr'><strong>ope</strong></span> 
     </span>
    </p>
   </div>
   <div class='ocr_carea' id='block_1_70' title="bbox 273 3754 1819 3837">
    <p class='ocr_par' dir='ltr' id='par_1_70' title="bbox 273 3754 1819 3837">
     <span class='ocr_line' id='line_1_70' title="bbox 273 3754 1819 3837; baseline -0.005 -12"><span class='ocrx_word' id='word_1_485' title='bbox 273 3754 701 3837; x_wconf 72' lang='lat' dir='ltr'><strong>omnipotentis.</strong></span> <span class='ocrx_word' id='word_1_486' title='bbox 731 3768 874 3832; x_wconf 82' lang='lat' dir='ltr'><strong>Quin</strong></span> <span class='ocrx_word' id='word_1_487' title='bbox 896 3769 1057 3821; x_wconf 89' lang='lat' dir='ltr'><strong>etiam</strong></span> <span class='ocrx_word' id='word_1_488' title='bbox 1083 3767 1367 3835; x_wconf 80' lang='lat' dir='ltr'><strong>quosdam,</strong></span> <span class='ocrx_word' id='word_1_489' title='bbox 1390 3767 1481 3834; x_wconf 91' lang='lat' dir='ltr'><strong>qui</strong></span> <span class='ocrx_word' id='word_1_490' title='bbox 1501 3766 1578 3820; x_wconf 81' lang='lat' dir='ltr'><strong>&#39;ab</strong></span> <span class='ocrx_word' id='word_1_491' title='bbox 1601 3766 1819 3820; x_wconf 85' lang='lat' dir='ltr'><strong>adversa</strong></span> 
     </span>
    </p>
   </div>
   <div class='ocr_carea' id='block_1_71' title="bbox 274 3857 1819 3934">
    <p class='ocr_par' dir='ltr' id='par_1_71' title="bbox 274 3857 1819 3934">
     <span class='ocr_line' id='line_1_71' title="bbox 274 3857 1819 3934; baseline -0.005 -19"><span class='ocrx_word' id='word_1_492' title='bbox 274 3870 544 3934; x_wconf 80' lang='lat' dir='ltr'><strong>potestate</strong></span> <span class='ocrx_word' id='word_1_493' title='bbox 587 3859 819 3928; x_wconf 89' lang='lat' dir='ltr'><strong>spectris</strong></span> <span class='ocrx_word' id='word_1_494' title='bbox 847 3857 1468 3926; x_wconf 37' lang='lat' dir='ltr'><strong>fuerant‘obstupefacti,</strong></span> <span class='ocrx_word' id='word_1_495' title='bbox 1500 3866 1555 3910; x_wconf 93' lang='lat' dir='ltr'><strong>et</strong></span> <span class='ocrx_word' id='word_1_496' title='bbox 1579 3857 1667 3924; x_wconf 89' lang='lat' dir='ltr'><strong>qui</strong></span> <span class='ocrx_word' id='word_1_497' title='bbox 1699 3871 1819 3933; x_wconf 82' lang='lat' dir='ltr'><strong>sur-</strong></span> 
     </span>
    </p>
   </div>
   <div class='ocr_carea' id='block_1_72' title="bbox 275 3928 1822 4024">
    <p class='ocr_par' dir='ltr' id='par_1_72' title="bbox 275 3928 1822 4024">
     <span class='ocr_line' id='line_1_72' title="bbox 275 3928 1822 4024; baseline -0.004 -21"><span class='ocrx_word' id='word_1_498' title='bbox 275 3928 381 4007; x_wconf 60' lang='lat' dir='ltr'><strong>;los</strong></span> <span class='ocrx_word' id='word_1_499' title='bbox 409 3961 464 4005; x_wconf 90' lang='lat' dir='ltr'><strong>et</strong></span> <span class='ocrx_word' id='word_1_500' title='bbox 495 3956 674 4004; x_wconf 78' lang='lat' dir='ltr'><strong>mutos</strong></span> <span class='ocrx_word' id='word_1_501' title='bbox 701 3939 796 4002; x_wconf 86' lang='lat' dir='ltr'><strong>eos</strong></span> <span class='ocrx_word' id='word_1_502' title='bbox 825 3947 1102 4024; x_wconf 87' lang='lat' dir='ltr'><strong>reddebat,</strong></span> <span class='ocrx_word' id='word_1_503' title='bbox 1145 3955 1413 4015; x_wconf 86' lang='lat' dir='ltr'><strong>torporem</strong></span> <span class='ocrx_word' id='word_1_504' title='bbox 1457 3928 1822 4000; x_wconf 76' lang='lat' dir='ltr'><strong>sustinuerant</strong></span> 
     </span>
    </p>
   </div>
   <div class='ocr_carea' id='block_1_73' title="bbox 276 4037 1819 4114">
    <p class='ocr_par' dir='ltr' id='par_1_73' title="bbox 276 4037 1819 4114">
     <span class='ocr_line' id='line_1_73' title="bbox 276 4037 1819 4114; baseline -0.005 -20"><span class='ocrx_word' id='word_1_505' title='bbox 276 4051 338 4095; x_wconf 87' lang='lat' dir='ltr'><strong>et</strong></span> <span class='ocrx_word' id='word_1_506' title='bbox 359 4040 557 4114; x_wconf 80' lang='lat' dir='ltr'><strong>deinde</strong></span> <span class='ocrx_word' id='word_1_507' title='bbox 578 4040 643 4094; x_wconf 92' lang='lat' dir='ltr'><strong>ad</strong></span> <span class='ocrx_word' id='word_1_508' title='bbox 678 4039 842 4096; x_wconf 85' lang='lat' dir='ltr'><strong>divini</strong></span> <span class='ocrx_word' id='word_1_509' title='bbox 885 4037 982 4092; x_wconf 83' lang='lat' dir='ltr'><strong>viri</strong></span> <span class='ocrx_word' id='word_1_510' title='bbox 1010 4038 1313 4106; x_wconf 89' lang='lat' dir='ltr'><strong>sepulcrum</strong></span> <span class='ocrx_word' id='word_1_511' title='bbox 1358 4037 1461 4090; x_wconf 88' lang='lat' dir='ltr'><strong>fide</strong></span> <span class='ocrx_word' id='word_1_512' title='bbox 1490 4043 1819 4098; x_wconf 88' lang='lat' dir='ltr'><strong>manserant,</strong></span> 
     </span>
    </p>
   </div>
   <div class='ocr_carea' id='block_1_74' title="bbox 276 4125 1819 4202">
    <p class='ocr_par' dir='ltr' id='par_1_74' title="bbox 276 4125 1819 4202">
     <span class='ocr_line' id='line_1_74' title="bbox 276 4125 1819 4202; baseline -0.003 -19"><span class='ocrx_word' id='word_1_513' title='bbox 276 4145 377 4202; x_wconf 85' lang='lat' dir='ltr'><strong>per</strong></span> <span class='ocrx_word' id='word_1_514' title='bbox 413 4131 616 4184; x_wconf 61' lang='lat' dir='ltr'><strong>utilem-</strong></span> <span class='ocrx_word' id='word_1_515' title='bbox 650 4137 706 4183; x_wconf 90' lang='lat' dir='ltr'><strong>et</strong></span> <span class='ocrx_word' id='word_1_516' title='bbox 745 4129 1032 4182; x_wconf 83' lang='lat' dir='ltr'><strong>salutarem</strong></span> <span class='ocrx_word' id='word_1_517' title='bbox 1075 4126 1306 4195; x_wconf 89' lang='lat' dir='ltr'><strong>lucentis</strong></span> <span class='ocrx_word' id='word_1_518' title='bbox 1343 4126 1443 4180; x_wconf 89' lang='lat' dir='ltr'><strong>olei</strong></span> <span class='ocrx_word' id='word_1_519' title='bbox 1472 4125 1779 4178; x_wconf 85' lang='lat' dir='ltr'><strong>unctionem</strong></span> <span class='ocrx_word' id='word_1_520' title='bbox 1803 4163 1819 4188; x_wconf 91' lang='lat'><strong>,</strong></span> 
     </span>
    </p>
   </div>
   <div class='ocr_carea' id='block_1_75' title="bbox 278 4217 1824 4290">
    <p class='ocr_par' dir='ltr' id='par_1_75' title="bbox 278 4217 1824 4290">
     <span class='ocr_line' id='line_1_75' title="bbox 278 4217 1824 4290; baseline -0.002 -16"><span class='ocrx_word' id='word_1_521' title='bbox 278 4225 424 4277; x_wconf 82' lang='lat' dir='ltr'><strong>Deus</strong></span> <span class='ocrx_word' id='word_1_522' title='bbox 453 4221 708 4282; x_wconf 86' lang='lat' dir='ltr'><strong>visitavit,</strong></span> <span class='ocrx_word' id='word_1_523' title='bbox 737 4229 792 4274; x_wconf 91' lang='lat' dir='ltr'><strong>et</strong></span> <span class='ocrx_word' id='word_1_524' title='bbox 816 4220 1050 4274; x_wconf 88' lang='lat' dir='ltr'><strong>liberatis</strong></span> <span class='ocrx_word' id='word_1_525' title='bbox 1082 4236 1112 4274; x_wconf 89' lang='lat' dir='ltr'><strong>a</strong></span> <span class='ocrx_word' id='word_1_526' title='bbox 1140 4218 1644 4290; x_wconf 85' lang='lat' dir='ltr'><strong>spectrivertigine,</strong></span> <span class='ocrx_word' id='word_1_527' title='bbox 1674 4217 1824 4272; x_wconf 87' lang='lat' dir='ltr'><strong>dedit</strong></span> 
     </span>
    </p>
   </div>
   <div class='ocr_carea' id='block_1_76' title="bbox 275 4309 1821 4379">
    <p class='ocr_par' dir='ltr' id='par_1_76' title="bbox 275 4309 1821 4379">
     <span class='ocr_line' id='line_1_76' title="bbox 275 4309 1821 4379; baseline -0.003 -14"><span class='ocrx_word' id='word_1_528' title='bbox 275 4320 339 4365; x_wconf 91' lang='lat' dir='ltr'><strong>ut</strong></span> <span class='ocrx_word' id='word_1_529' title='bbox 363 4310 547 4365; x_wconf 87' lang='lat' dir='ltr'><strong>auditu</strong></span> <span class='ocrx_word' id='word_1_530' title='bbox 578 4324 766 4363; x_wconf 86' lang='lat' dir='ltr'><strong>rursus</strong></span> <span class='ocrx_word' id='word_1_531' title='bbox 788 4319 843 4363; x_wconf 91' lang='lat' dir='ltr'><strong>et</strong></span> <span class='ocrx_word' id='word_1_532' title='bbox 869 4311 1049 4379; x_wconf 87' lang='lat' dir='ltr'><strong>lingua</strong></span> <span class='ocrx_word' id='word_1_533' title='bbox 1082 4325 1212 4364; x_wconf 89' lang='lat' dir='ltr'><strong>sane</strong></span> <span class='ocrx_word' id='word_1_534' title='bbox 1235 4319 1483 4378; x_wconf 89' lang='lat' dir='ltr'><strong>agerent,</strong></span> <span class='ocrx_word' id='word_1_535' title='bbox 1511 4325 1628 4376; x_wconf 77' lang='lat' dir='ltr'><strong>quae</strong></span> <span class='ocrx_word' id='word_1_536' title='bbox 1663 4309 1729 4361; x_wconf 89' lang='lat' dir='ltr'><strong>ad</strong></span> <span class='ocrx_word' id='word_1_537' title='bbox 1759 4323 1821 4362; x_wconf 89' lang='lat' dir='ltr'><strong>ea</strong></span> 
     </span>
    </p>
   </div>
   <div class='ocr_carea' id='block_1_77' title="bbox 272 4394 1839 4477">
    <p class='ocr_par' dir='ltr' id='par_1_77' title="bbox 272 4394 1839 4477">
     <span class='ocr_line' id='line_1_77' title="bbox 272 4394 1839 4477; baseline -0.003 -25"><span class='ocrx_word' id='word_1_538' title='bbox 272 4394 571 4469; x_wconf 82' lang='lat' dir='ltr'><strong>pertinent.</strong></span> <span class='ocrx_word' id='word_1_539' title='bbox 602 4395 743 4477; x_wconf 83' lang='lat' dir='ltr'><strong>Quin</strong></span> <span class='ocrx_word' id='word_1_540' title='bbox 775 4398 936 4451; x_wconf 90' lang='lat' dir='ltr'><strong>etiam</strong></span> <span class='ocrx_word' id='word_1_541' title='bbox 980 4413 1099 4465; x_wconf 62' lang='lat' dir='ltr'><strong>quae</strong></span> <span class='ocrx_word' id='word_1_542' title='bbox 1141 4397 1209 4450; x_wconf 90' lang='lat' dir='ltr'><strong>ab</strong></span> <span class='ocrx_word' id='word_1_543' title='bbox 1242 4396 1658 4450; x_wconf 87' lang='lat' dir='ltr'><strong>inﬂammatione</strong></span> <span class='ocrx_word' id='word_1_544' title='bbox 1698 4400 1839 4468; x_wconf 86' lang='lat' dir='ltr'><strong>gra-&#39;</strong></span> 
     </span>
    </p>
   </div>
   <div class='ocr_carea' id='block_1_78' title="bbox 273 4483 1824 4549">
    <p class='ocr_par' dir='ltr' id='par_1_78' title="bbox 273 4483 1824 4549">
     <span class='ocr_line' id='line_1_78' title="bbox 273 4483 1824 4549; baseline 0.002 -10"><span class='ocrx_word' id='word_1_545' title='bbox 273 4491 416 4542; x_wconf 58' lang='lat' dir='ltr'><strong>viter</strong></span> <span class='ocrx_word' id='word_1_546' title='bbox 441 4488 841 4549; x_wconf 85' lang='lat' dir='ltr'><strong>cruciabantur,</strong></span> <span class='ocrx_word' id='word_1_547' title='bbox 892 4496 947 4539; x_wconf 92' lang='lat' dir='ltr'><strong>et</strong></span> <span class='ocrx_word' id='word_1_548' title='bbox 973 4487 1342 4540; x_wconf 87' lang='lat' dir='ltr'><strong>laborantibus</strong></span> <span class='ocrx_word' id='word_1_549' title='bbox 1375 4486 1586 4540; x_wconf 91' lang='lat' dir='ltr'><strong>dolores</strong></span> <span class='ocrx_word' id='word_1_550' title='bbox 1626 4483 1824 4542; x_wconf 74' lang='lat' dir='ltr'><strong>aﬂ‘ere:</strong></span> 
     </span>
    </p>
   </div>
   <div class='ocr_carea' id='block_1_79' title="bbox 275 4574 1814 4638">
    <p class='ocr_par' dir='ltr' id='par_1_79' title="bbox 275 4574 1814 4638">
     <span class='ocr_line' id='line_1_79' title="bbox 275 4574 1814 4638; baseline -0.002 -7"><span class='ocrx_word' id='word_1_551' title='bbox 275 4580 410 4632; x_wconf 77' lang='lat' dir='ltr'><strong>bant</strong></span> <span class='ocrx_word' id='word_1_552' title='bbox 449 4575 836 4638; x_wconf 75' lang='lat' dir='ltr'><strong>intolerabiles,</strong></span> <span class='ocrx_word' id='word_1_553' title='bbox 870 4574 1053 4630; x_wconf 90' lang='lat' dir='ltr'><strong>divina</strong></span> <span class='ocrx_word' id='word_1_554' title='bbox 1101 4576 1440 4630; x_wconf 84' lang='lat' dir='ltr'><strong>invocatione</strong></span> <span class='ocrx_word' id='word_1_555' title='bbox 1479 4576 1583 4629; x_wconf 89' lang='lat' dir='ltr'><strong>olei</strong></span> <span class='ocrx_word' id='word_1_556' title='bbox 1624 4576 1814 4636; x_wconf 72' lang='lat' dir='ltr'><strong>thecze,</strong></span> 
     </span>
    </p>
   </div>
   <div class='ocr_carea' id='block_1_80' title="bbox 275 4662 1819 4733">
    <p class='ocr_par' dir='ltr' id='par_1_80' title="bbox 275 4662 1819 4733">
     <span class='ocr_line' id='line_1_80' title="bbox 275 4662 1819 4733; baseline -0.001 -18"><span class='ocrx_word' id='word_1_557' title='bbox 275 4663 422 4732; x_wconf 87' lang='lat' dir='ltr'><strong>quod</strong></span> <span class='ocrx_word' id='word_1_558' title='bbox 476 4675 666 4733; x_wconf 90' lang='lat' dir='ltr'><strong>purgat</strong></span> <span class='ocrx_word' id='word_1_559' title='bbox 721 4679 784 4716; x_wconf 89' lang='lat' dir='ltr'><strong>ac</strong></span> <span class='ocrx_word' id='word_1_560' title='bbox 847 4662 1100 4728; x_wconf 85' lang='lat' dir='ltr'><strong>mundat,</strong></span> <span class='ocrx_word' id='word_1_561' title='bbox 1145 4673 1391 4717; x_wconf 88' lang='lat' dir='ltr'><strong>assecuta</strong></span> <span class='ocrx_word' id='word_1_562' title='bbox 1445 4663 1819 4716; x_wconf 90' lang='lat' dir='ltr'><strong>sunt&#39;doloris</strong></span> 
     </span>
    </p>
   </div>
   <div class='ocr_carea' id='block_1_81' title="bbox 275 4755 754 4832">
    <p class='ocr_par' dir='ltr' id='par_1_81' title="bbox 275 4755 754 4832">
     <span class='ocr_line' id='line_1_81' title="bbox 275 4755 754 4832; baseline 0 -25"><span class='ocrx_word' id='word_1_563' title='bbox 275 4755 675 4832; x_wconf 69' lang='lat' dir='ltr'><strong>relaxationem.</strong></span> <span class='ocrx_word' id='word_1_564' title='bbox 751 4775 754 4777; x_wconf 54' lang='grc' dir='ltr'>λ</span> 
     </span>
    </p>
   </div>
   <div class='ocr_carea' id='block_1_82' title="bbox 348 4969 1820 5042">
    <p class='ocr_par' dir='ltr' id='par_1_82' title="bbox 348 4969 1820 5042">
     <span class='ocr_line' id='line_1_82' title="bbox 348 4969 1820 5042; baseline -0.003 -15"><span class='ocrx_word' id='word_1_565' title='bbox 348 4975 458 5042; x_wconf 83' lang='grc'>(67)</span> <span class='ocrx_word' id='word_1_566' title='bbox 495 4970 790 5040; x_wconf 77' lang='lat' dir='ltr'><strong>Nicephoro</strong></span> <span class='ocrx_word' id='word_1_567' title='bbox 812 4972 1131 5042; x_wconf 87' lang='lat' dir='ltr'><strong>imperatore</strong></span> <span class='ocrx_word' id='word_1_568' title='bbox 1155 4987 1294 5042; x_wconf 83' lang='lat' dir='ltr'><strong>anno</strong></span> <span class='ocrx_word' id='word_1_569' title='bbox 1326 4969 1591 5042; x_wconf 77' lang='lat' dir='ltr'><strong>8ll,.lulii</strong></span> <span class='ocrx_word' id='word_1_570' title='bbox 1625 4971 1713 5032; x_wconf 70' lang='lat'><strong>25,</strong></span> <span class='ocrx_word' id='word_1_571' title='bbox 1736 4971 1820 5023; x_wconf 91' lang='lat' dir='ltr'><strong>ln-</strong></span> 
     </span>
    </p>
   </div>
   <div class='ocr_carea' id='block_1_83' title="bbox 275 5039 1816 5109">
    <p class='ocr_par' dir='ltr' id='par_1_83' title="bbox 275 5039 1816 5109">
     <span class='ocr_line' id='line_1_83' title="bbox 275 5039 1816 5109; baseline -0.003 -13"><span class='ocrx_word' id='word_1_572' title='bbox 275 5039 407 5097; x_wconf 76' lang='lat' dir='ltr'><strong>dict.</strong></span> <span class='ocrx_word' id='word_1_573' title='bbox 436 5039 469 5093; x_wconf 66' lang='grc' dir='ltr'>ι</span> <span class='ocrx_word' id='word_1_574' title='bbox 491 5039 776 5103; x_wconf 74' lang='lat' dir='ltr'><strong>exstincto,</strong></span> <span class='ocrx_word' id='word_1_575' title='bbox 803 5049 928 5109; x_wconf 78' lang='lat' dir='ltr'><strong>post</strong></span> <span class='ocrx_word' id='word_1_576' title='bbox 959 5040 1193 5109; x_wconf 68' lang='lat' dir='ltr'><strong>regimen</strong></span> <span class='ocrx_word' id='word_1_577' title='bbox 1222 5039 1490 5093; x_wconf 88' lang='lat' dir='ltr'><strong>Stauracii</strong></span> <span class='ocrx_word' id='word_1_578' title='bbox 1521 5054 1816 5109; x_wconf 66' lang='lat' dir='ltr'><strong>paucorum</strong></span> 
     </span>
    </p>
   </div>
   <div class='ocr_carea' id='block_1_84' title="bbox 276 5105 1810 5176">
    <p class='ocr_par' dir='ltr' id='par_1_84' title="bbox 276 5105 1810 5176">
     <span class='ocr_line' id='line_1_84' title="bbox 276 5105 1810 5176; baseline -0.003 -12"><span class='ocrx_word' id='word_1_579' title='bbox 276 5110 566 5173; x_wconf 87' lang='lat' dir='ltr'><strong>mensium,</strong></span> <span class='ocrx_word' id='word_1_580' title='bbox 597 5105 856 5163; x_wconf 84' lang='lat' dir='ltr'><strong>successit</strong></span> <span class='ocrx_word' id='word_1_581' title='bbox 883 5105 1106 5168; x_wconf 74' lang='lat' dir='ltr'><strong>Michael</strong></span> <span class='ocrx_word' id='word_1_582' title='bbox 1135 5105 1580 5176; x_wconf 29' lang='lat' dir='ltr'><strong>Curnpalates,‘2</strong></span> <span class='ocrx_word' id='word_1_583' title='bbox 1618 5105 1810 5160; x_wconf 77' lang='lat' dir='ltr'><strong>Octob.</strong></span> 
     </span>
    </p>
   </div>
   <div class='ocr_carea' id='block_1_85' title="bbox 278 5177 1819 5247">
    <p class='ocr_par' dir='ltr' id='par_1_85' title="bbox 278 5177 1819 5247">
     <span class='ocr_line' id='line_1_85' title="bbox 278 5177 1819 5247; baseline -0.002 -15"><span class='ocrx_word' id='word_1_584' title='bbox 278 5182 576 5247; x_wconf 78' lang='lat' dir='ltr'><strong>imperator</strong></span> <span class='ocrx_word' id='word_1_585' title='bbox 595 5177 875 5237; x_wconf 77' lang='lat' dir='ltr'><strong>salutatus,</strong></span> <span class='ocrx_word' id='word_1_586' title='bbox 915 5192 1023 5244; x_wconf 93' lang='lat' dir='ltr'><strong>quo</strong></span> <span class='ocrx_word' id='word_1_587' title='bbox 1058 5177 1339 5247; x_wconf 70' lang='lat' dir='ltr'><strong>imperium</strong></span> <span class='ocrx_word' id='word_1_588' title='bbox 1363 5177 1700 5247; x_wconf 77' lang='lat' dir='ltr'><strong>relinquente</strong></span> <span class='ocrx_word' id='word_1_589' title='bbox 1732 5193 1819 5247; x_wconf 83' lang='lat' dir='ltr'><strong>ca-</strong></span> 
     </span>
    </p>
   </div>
   <div class='ocr_carea' id='block_1_86' title="bbox 273 5243 1819 5367">
    <p class='ocr_par' dir='ltr' id='par_1_86' title="bbox 273 5243 1819 5367">
     <span class='ocr_line' id='line_1_86' title="bbox 273 5243 1819 5367; baseline -0.001 -67"><span class='ocrx_word' id='word_1_590' title='bbox 273 5243 498 5367; x_wconf 53' lang='lat' dir='ltr'><strong>ﬁssjivlit</strong></span> <span class='ocrx_word' id='word_1_591' title='bbox 526 5243 635 5300; x_wconf 80' lang='lat' dir='ltr'><strong>Leo</strong></span> <span class='ocrx_word' id='word_1_592' title='bbox 663 5243 1098 5300; x_wconf 61' lang='lat' dir='ltr'><strong>Armenusfanuo</strong></span> <span class='ocrx_word' id='word_1_593' title='bbox 1127 5243 1231 5298; x_wconf 82' lang='grc'><strong>815</strong></span> <span class='ocrx_word' id='word_1_594' title='bbox 1253 5283 1269 5309; x_wconf 87' lang='grc'><em>,</em></span> <span class='ocrx_word' id='word_1_595' title='bbox 1296 5243 1410 5298; x_wconf 80' lang='lat' dir='ltr'><strong>lud‘.</strong></span> <span class='ocrx_word' id='word_1_596' title='bbox 1438 5244 1491 5309; x_wconf 88' lang='grc'><strong>6,</strong></span> <span class='ocrx_word' id='word_1_597' title='bbox 1525 5245 1622 5299; x_wconf 88' lang='lat' dir='ltr'><strong>fer.</strong></span> <span class='ocrx_word' id='word_1_598' title='bbox 1648 5244 1704 5308; x_wconf 75' lang='lat'><strong>2,</strong></span> <span class='ocrx_word' id='word_1_599' title='bbox 1731 5245 1819 5298; x_wconf 91' lang='lat' dir='ltr'><strong>die</strong></span> 
     </span>
     <span class='ocr_line' id='line_1_87' title="bbox 413 5332 1155 5367; baseline -0.019 0"><span class='ocrx_word' id='word_1_600' title='bbox 413 5332 442 5367; x_wconf 90' lang='lat' dir='ltr'><strong>u</strong></span> <span class='ocrx_word' id='word_1_601' title='bbox 470 5352 485 5365; x_wconf 80' lang='grc' dir='ltr'><strong>ο</strong></span> <span class='ocrx_word' id='word_1_602' title='bbox 770 5341 775 5348; x_wconf 72' lang='grc' dir='ltr'><strong><em>ο</em></strong></span> <span class='ocrx_word' id='word_1_603' title='bbox 1150 5348 1155 5353; x_wconf 98' lang='grc'>.</span> 
     </span>
    </p>
   </div>
   <div class='ocr_carea' id='block_1_87' title="bbox 273 5319 1155 5371">
    <p class='ocr_par' dir='ltr' id='par_1_87' title="bbox 273 5319 1155 5371">
     <span class='ocr_line' id='line_1_88' title="bbox 273 5319 1155 5371; baseline -0.019 -1"><span class='ocrx_word' id='word_1_604' title='bbox 273 5319 334 5371; x_wconf 73' lang='lat' dir='ltr'><strong>il</strong></span> <span class='ocrx_word' id='word_1_605' title='bbox 379 5319 485 5368; x_wconf 83' lang='lat' dir='ltr'><strong>Jul.</strong></span> <span class='ocrx_word' id='word_1_606' title='bbox 770 5341 775 5348; x_wconf 86' lang='lat'><strong>-</strong></span> <span class='ocrx_word' id='word_1_607' title='bbox 1150 5348 1155 5353; x_wconf 95' lang='lat'><strong>.</strong></span> 
     </span>
    </p>
   </div>
   <div class='ocr_carea' id='block_1_88' title="bbox 347 5376 1815 5460">
    <p class='ocr_par' dir='ltr' id='par_1_88' title="bbox 347 5376 1815 5460">
     <span class='ocr_line' id='line_1_89' title="bbox 347 5376 1815 5460; baseline 0 -24"><span class='ocrx_word' id='word_1_608' title='bbox 347 5383 458 5460; x_wconf 74' lang='lat'><strong>(68)</strong></span> <span class='ocrx_word' id='word_1_609' title='bbox 498 5376 1049 5460; x_wconf 56' lang='lat' dir='ltr'><strong>Sanctti&#39;Nicephoro</strong></span> <span class='ocrx_word' id='word_1_610' title='bbox 1092 5380 1399 5460; x_wconf 69' lang='lat' dir='ltr'><strong>patriarcha</strong></span> <span class='ocrx_word' id='word_1_611' title='bbox 1448 5383 1639 5460; x_wconf 81' lang='lat' dir='ltr'><strong>p_ul_so,_</strong></span> <span class='ocrx_word' id='word_1_612' title='bbox 1670 5382 1815 5436; x_wconf 87' lang='lat' dir='ltr'><strong>Con-</strong></span> 
     </span>
    </p>
   </div>
   <div class='ocr_carea' id='block_1_89' title="bbox 271 5449 1817 5519">
    <p class='ocr_par' dir='ltr' id='par_1_89' title="bbox 271 5449 1817 5519">
     <span class='ocr_line' id='line_1_90' title="bbox 271 5449 1817 5519; baseline -0.003 -11"><span class='ocrx_word' id='word_1_613' title='bbox 271 5449 810 5519; x_wconf 67' lang='lat' dir='ltr'><strong>sta&#39;ntinOpolitanum</strong></span> <span class='ocrx_word' id='word_1_614' title='bbox 857 5449 1058 5504; x_wconf 89' lang='lat' dir='ltr'><strong>c&#39;reavit</strong></span> <span class='ocrx_word' id='word_1_615' title='bbox 1095 5449 1407 5519; x_wconf 60' lang='lat' dir='ltr'><strong>antistitem</strong></span> <span class='ocrx_word' id='word_1_616' title='bbox 1458 5449 1817 5515; x_wconf 81' lang='lat' dir='ltr'><strong>Theodotum,</strong></span> 
     </span>
    </p>
   </div>
   <div class='ocr_carea' id='block_1_90' title="bbox 270 5517 1818 5590">
    <p class='ocr_par' dir='ltr' id='par_1_90' title="bbox 270 5517 1818 5590">
     <span class='ocr_line' id='line_1_91' title="bbox 270 5517 1818 5590; baseline -0.001 -14"><span class='ocrx_word' id='word_1_617' title='bbox 270 5536 384 5590; x_wconf 91' lang='lat' dir='ltr'><strong>quo</strong></span> <span class='ocrx_word' id='word_1_618' title='bbox 410 5517 541 5573; x_wconf 81' lang='lat' dir='ltr'><strong>usus</strong></span> <span class='ocrx_word' id='word_1_619' title='bbox 564 5520 845 5590; x_wconf 77' lang='lat' dir='ltr'><strong>hortatore</strong></span> <span class='ocrx_word' id='word_1_620' title='bbox 869 5520 922 5572; x_wconf 94' lang='lat' dir='ltr'><strong>iu</strong></span> <span class='ocrx_word' id='word_1_621' title='bbox 945 5531 1128 5573; x_wconf 85' lang='lat' dir='ltr'><strong>sacras</strong></span> <span class='ocrx_word' id='word_1_622' title='bbox 1148 5517 1412 5589; x_wconf 83' lang='lat' dir='ltr'><strong>imagines</strong></span> <span class='ocrx_word' id='word_1_623' title='bbox 1441 5528 1494 5572; x_wconf 90' lang='lat' dir='ltr'><strong>et</strong></span> <span class='ocrx_word' id='word_1_624' title='bbox 1524 5521 1818 5575; x_wconf 87' lang='lat' dir='ltr'><strong>monachos</strong></span> 
     </span>
    </p>
   </div>
   <div class='ocr_carea' id='block_1_91' title="bbox 269 5587 1775 5650">
    <p class='ocr_par' dir='ltr' id='par_1_91' title="bbox 269 5587 1775 5650">
     <span class='ocr_line' id='line_1_92' title="bbox 269 5587 1775 5650; baseline -0.006 -6"><span class='ocrx_word' id='word_1_625' title='bbox 269 5587 534 5644; x_wconf 82' lang='lat' dir='ltr'><strong>atrociter</strong></span> <span class='ocrx_word' id='word_1_626' title='bbox 561 5587 854 5643; x_wconf 85' lang='lat' dir='ltr'><strong>bacchatus</strong></span> <span class='ocrx_word' id='word_1_627' title='bbox 884 5597 984 5641; x_wconf 90' lang='lat' dir='ltr'><strong>est.</strong></span> <span class='ocrx_word' id='word_1_628' title='bbox 1271 5587 1281 5589; x_wconf 14' lang='grc' dir='ltr'><strong>ἡ</strong></span> <span class='ocrx_word' id='word_1_629' title='bbox 1769 5642 1775 5650; x_wconf 51' lang='grc'><em>,</em></span> 
     </span>
    </p>
   </div>
   <div class='ocr_carea' id='block_1_92' title="bbox 341 5654 1819 5738">
    <p class='ocr_par' dir='ltr' id='par_1_92' title="bbox 341 5654 1819 5738">
     <span class='ocr_line' id='line_1_93' title="bbox 341 5654 1819 5738; baseline -0.003 -25"><span class='ocrx_word' id='word_1_630' title='bbox 341 5658 456 5738; x_wconf 67' lang='grc'>(69)</span> <span class='ocrx_word' id='word_1_631' title='bbox 477 5655 751 5738; x_wconf 66' lang='grc' dir='ltr'><strong>ρεὸτρρυε</strong></span> <span class='ocrx_word' id='word_1_632' title='bbox 780 5673 793 5708; x_wconf 93' lang='lat'><strong>:</strong></span> <span class='ocrx_word' id='word_1_633' title='bbox 825 5654 1216 5738; x_wconf 48' lang='lat' dir='ltr'><strong>«ﬁerlurbabat</strong></span> <span class='ocrx_word' id='word_1_634' title='bbox 1237 5666 1290 5738; x_wconf 74' lang='lat' dir='ltr'><strong>et</strong></span> <span class='ocrx_word' id='word_1_635' title='bbox 1315 5657 1420 5738; x_wconf 70' lang='lat' dir='ltr'><strong>alia</strong></span> <span class='ocrx_word' id='word_1_636' title='bbox 1445 5655 1580 5738; x_wconf 67' lang='lat' dir='ltr'><strong>haud</strong></span> <span class='ocrx_word' id='word_1_637' title='bbox 1612 5659 1819 5737; x_wconf 80' lang='lat' dir='ltr'><strong>modice</strong></span> 
     </span>
    </p>
   </div>
   <div class='ocr_carea' id='block_1_93' title="bbox 268 5726 1814 5796">
    <p class='ocr_par' dir='ltr' id='par_1_93' title="bbox 268 5726 1814 5796">
     <span class='ocr_line' id='line_1_94' title="bbox 268 5726 1814 5796; baseline -0.004 -12"><span class='ocrx_word' id='word_1_638' title='bbox 268 5726 436 5792; x_wconf 84' lang='lat' dir='ltr'><strong>visio,</strong></span> <span class='ocrx_word' id='word_1_639' title='bbox 477 5726 757 5781; x_wconf 84' lang='lat' dir='ltr'><strong>Tarasium</strong></span> <span class='ocrx_word' id='word_1_640' title='bbox 788 5726 1150 5796; x_wconf 78' lang='lat' dir='ltr'><strong>patriarcham</strong></span> <span class='ocrx_word' id='word_1_641' title='bbox 1202 5727 1436 5780; x_wconf 86' lang='lat' dir='ltr'><strong>nobilem</strong></span> <span class='ocrx_word' id='word_1_642' title='bbox 1488 5727 1634 5778; x_wconf 84' lang='lat' dir='ltr'><strong>illum</strong></span> <span class='ocrx_word' id='word_1_643' title='bbox 1671 5727 1814 5793; x_wconf 84' lang='lat' dir='ltr'><strong>jam-</strong></span> 
     </span>
    </p>
   </div>
   <div class='ocr_carea' id='block_1_94' title="bbox 1917 3321 3468 3398">
    <p class='ocr_par' dir='ltr' id='par_1_94' title="bbox 1917 3321 3468 3398">
     <span class='ocr_line' id='line_1_95' title="bbox 1917 3321 3468 3398; baseline 0.005 -19"><span class='ocrx_word' id='word_1_644' title='bbox 1917 3343 2039 3380; x_wconf 74' lang='lat' dir='ltr'><strong>rnm</strong></span> <span class='ocrx_word' id='word_1_645' title='bbox 2087 3341 2194 3380; x_wconf 90' lang='lat' dir='ltr'><strong>non</strong></span> <span class='ocrx_word' id='word_1_646' title='bbox 2247 3321 2535 3381; x_wconf 67' lang='lat' dir='ltr'><strong>habeamus</strong></span> <span class='ocrx_word' id='word_1_647' title='bbox 2568 3328 2824 3398; x_wconf 90' lang='lat' dir='ltr'><strong>linguam,</strong></span> <span class='ocrx_word' id='word_1_648' title='bbox 2857 3344 2975 3397; x_wconf 67' lang='lat' dir='ltr'><strong>qua:</strong></span> <span class='ocrx_word' id='word_1_649' title='bbox 3007 3332 3174 3398; x_wconf 91' lang='lat' dir='ltr'><strong>possit</strong></span> <span class='ocrx_word' id='word_1_650' title='bbox 3199 3332 3374 3386; x_wconf 90' lang='lat' dir='ltr'><strong>metiri</strong></span> <span class='ocrx_word' id='word_1_651' title='bbox 3404 3348 3468 3387; x_wconf 90' lang='lat' dir='ltr'><strong>ac</strong></span> 
     </span>
    </p>
   </div>
   <div class='ocr_carea' id='block_1_95' title="bbox 1917 3405 3462 3489">
    <p class='ocr_par' dir='ltr' id='par_1_95' title="bbox 1917 3405 3462 3489">
     <span class='ocr_line' id='line_1_96' title="bbox 1917 3405 3462 3489; baseline 0.003 -18"><span class='ocrx_word' id='word_1_652' title='bbox 1917 3415 2150 3480; x_wconf 74' lang='lat' dir='ltr'><strong>refer-re,</strong></span> <span class='ocrx_word' id='word_1_653' title='bbox 2173 3433 2506 3485; x_wconf 65' lang='lat' dir='ltr'><strong>quaecunque</strong></span> <span class='ocrx_word' id='word_1_654' title='bbox 2538 3431 2583 3470; x_wconf 28' lang='lat' dir='ltr'><strong>ia</strong></span> <span class='ocrx_word' id='word_1_655' title='bbox 2613 3417 2778 3472; x_wconf 89' lang='lat' dir='ltr'><strong>Beato</strong></span> <span class='ocrx_word' id='word_1_656' title='bbox 2826 3418 2966 3472; x_wconf 87' lang='lat' dir='ltr'><strong>facta</strong></span> <span class='ocrx_word' id='word_1_657' title='bbox 3003 3429 3130 3473; x_wconf 85' lang='lat' dir='ltr'><strong>sunt</strong></span> <span class='ocrx_word' id='word_1_658' title='bbox 3182 3405 3462 3489; x_wconf 84' lang='lat' dir='ltr'><strong>miracula,</strong></span> 
     </span>
    </p>
   </div>
   <div class='ocr_carea' id='block_1_96' title="bbox 1918 3505 3464 3576">
    <p class='ocr_par' dir='ltr' id='par_1_96' title="bbox 1918 3505 3464 3576">
     <span class='ocr_line' id='line_1_97' title="bbox 1918 3505 3464 3576; baseline 0.003 -17"><span class='ocrx_word' id='word_1_659' title='bbox 1918 3506 2176 3559; x_wconf 81' lang='lat' dir='ltr'><strong>hactenus</strong></span> <span class='ocrx_word' id='word_1_660' title='bbox 2225 3513 2461 3572; x_wconf 74' lang='lat' dir='ltr'><strong>emptum</strong></span> <span class='ocrx_word' id='word_1_661' title='bbox 2499 3505 2759 3559; x_wconf 86' lang='lat' dir='ltr'><strong>orationis</strong></span> <span class='ocrx_word' id='word_1_662' title='bbox 2811 3520 3028 3560; x_wconf 89' lang='lat' dir='ltr'><strong>cursum</strong></span> <span class='ocrx_word' id='word_1_663' title='bbox 3100 3508 3464 3576; x_wconf 84' lang='lat' dir='ltr'><strong>perﬂeientes.</strong></span> 
     </span>
    </p>
   </div>
   <div class='ocr_carea' id='block_1_97' title="bbox 1919 3594 3466 3669">
    <p class='ocr_par' dir='ltr' id='par_1_97' title="bbox 1919 3594 3466 3669">
     <span class='ocr_line' id='line_1_98' title="bbox 1919 3594 3466 3669; baseline 0.004 -21"><span class='ocrx_word' id='word_1_664' title='bbox 1919 3596 2184 3648; x_wconf 90' lang='lat' dir='ltr'><strong>malumus</strong></span> <span class='ocrx_word' id='word_1_665' title='bbox 2228 3596 2292 3648; x_wconf 85' lang='lat' dir='ltr'><strong>ad</strong></span> <span class='ocrx_word' id='word_1_666' title='bbox 2337 3594 2612 3649; x_wconf 85' lang='lat' dir='ltr'><strong>silentium</strong></span> <span class='ocrx_word' id='word_1_667' title='bbox 2641 3597 2894 3658; x_wconf 85' lang='lat' dir='ltr'><strong>transire,</strong></span> <span class='ocrx_word' id='word_1_668' title='bbox 2928 3604 3228 3653; x_wconf 85' lang='lat' dir='ltr'><strong>statuentes</strong></span> <span class='ocrx_word' id='word_1_669' title='bbox 3260 3615 3288 3652; x_wconf 89' lang='lat' dir='ltr'><strong>a</strong></span> <span class='ocrx_word' id='word_1_670' title='bbox 3319 3601 3466 3669; x_wconf 83' lang='lat' dir='ltr'><strong>peri-</strong></span> 
     </span>
    </p>
   </div>
   <div class='ocr_carea' id='block_1_98' title="bbox 1917 3684 3466 3756">
    <p class='ocr_par' dir='ltr' id='par_1_98' title="bbox 1917 3684 3466 3756">
     <span class='ocr_line' id='line_1_99' title="bbox 1917 3684 3466 3756; baseline 0.005 -20"><span class='ocrx_word' id='word_1_671' title='bbox 1917 3686 2054 3753; x_wconf 15' lang='lat' dir='ltr'><strong>culo“</strong></span> <span class='ocrx_word' id='word_1_672' title='bbox 2079 3695 2340 3738; x_wconf 87' lang='lat' dir='ltr'><strong>remotam</strong></span> <span class='ocrx_word' id='word_1_673' title='bbox 2381 3685 2620 3753; x_wconf 90' lang='lat' dir='ltr'><strong>requiem</strong></span> <span class='ocrx_word' id='word_1_674' title='bbox 2651 3684 2774 3754; x_wconf 89' lang='lat' dir='ltr'><strong>plus</strong></span> <span class='ocrx_word' id='word_1_675' title='bbox 2813 3686 2946 3740; x_wconf 91' lang='lat' dir='ltr'><strong>lucri</strong></span> <span class='ocrx_word' id='word_1_676' title='bbox 2987 3688 3197 3752; x_wconf 83' lang='lat' dir='ltr'><strong>all‘erre,</strong></span> <span class='ocrx_word' id='word_1_677' title='bbox 3231 3705 3389 3756; x_wconf 87' lang='lat' dir='ltr'><strong>quam</strong></span> <span class='ocrx_word' id='word_1_678' title='bbox 3422 3693 3466 3744; x_wconf 90' lang='lat' dir='ltr'><strong>si</strong></span> 
     </span>
    </p>
   </div>
   <div class='ocr_carea' id='block_1_99' title="bbox 1918 3773 3467 3841">
    <p class='ocr_par' dir='ltr' id='par_1_99' title="bbox 1918 3773 3467 3841">
     <span class='ocr_line' id='line_1_100' title="bbox 1918 3773 3467 3841; baseline 0.005 -17"><span class='ocrx_word' id='word_1_679' title='bbox 1918 3774 2196 3826; x_wconf 72' lang='lat' dir='ltr'><strong>\incamnr</strong></span> <span class='ocrx_word' id='word_1_680' title='bbox 2243 3788 2365 3825; x_wconf 90' lang='lat' dir='ltr'><strong>cum</strong></span> <span class='ocrx_word' id='word_1_681' title='bbox 2416 3773 2674 3841; x_wconf 89' lang='lat' dir='ltr'><strong>periculo.</strong></span> <span class='ocrx_word' id='word_1_682' title='bbox 2723 3773 2958 3841; x_wconf 84' lang='lat' dir='ltr'><strong>Prompti</strong></span> <span class='ocrx_word' id='word_1_683' title='bbox 3007 3775 3239 3831; x_wconf 81' lang='lat' dir='ltr'><strong>enimet</strong></span> <span class='ocrx_word' id='word_1_684' title='bbox 3273 3773 3467 3832; x_wconf 79' lang='lat' dir='ltr'><strong>alacris</strong></span> 
     </span>
    </p>
   </div>
   <div class='ocr_carea' id='block_1_100' title="bbox 1919 3857 3468 3931">
    <p class='ocr_par' dir='ltr' id='par_1_100' title="bbox 1919 3857 3468 3931">
     <span class='ocr_line' id='line_1_101' title="bbox 1919 3857 3468 3931; baseline 0.003 -18"><span class='ocrx_word' id='word_1_685' title='bbox 1919 3861 2081 3913; x_wconf 90' lang='lat' dir='ltr'><strong>animi</strong></span> <span class='ocrx_word' id='word_1_686' title='bbox 2115 3861 2487 3915; x_wconf 87' lang='lat' dir='ltr'><strong>insatiabilitas</strong></span> <span class='ocrx_word' id='word_1_687' title='bbox 2527 3876 2668 3931; x_wconf 68' lang='lat' dir='ltr'><strong>saepe</strong></span> <span class='ocrx_word' id='word_1_688' title='bbox 2710 3857 3066 3931; x_wconf 83' lang='lat' dir='ltr'><strong>arrogantiam</strong></span> <span class='ocrx_word' id='word_1_689' title='bbox 3111 3864 3244 3917; x_wconf 85' lang='lat' dir='ltr'><strong>solet</strong></span> <span class='ocrx_word' id='word_1_690' title='bbox 3268 3867 3468 3918; x_wconf 82' lang='lat' dir='ltr'><strong>conci-</strong></span> 
     </span>
    </p>
   </div>
   <div class='ocr_carea' id='block_1_101' title="bbox 1922 3949 3466 4018">
    <p class='ocr_par' dir='ltr' id='par_1_101' title="bbox 1922 3949 3466 4018">
     <span class='ocr_line' id='line_1_102' title="bbox 1922 3949 3466 4018; baseline 0.004 -16"><span class='ocrx_word' id='word_1_691' title='bbox 1922 3953 2070 4002; x_wconf 78' lang='lat' dir='ltr'><strong>liare.</strong></span> <span class='ocrx_word' id='word_1_692' title='bbox 2102 3949 2181 4002; x_wconf 92' lang='lat' dir='ltr'><strong>Tu</strong></span> <span class='ocrx_word' id='word_1_693' title='bbox 2215 3965 2341 4004; x_wconf 90' lang='lat' dir='ltr'><strong>vero</strong></span> <span class='ocrx_word' id='word_1_694' title='bbox 2379 3951 2681 4008; x_wconf 80' lang='lat' dir='ltr'><strong>veneranda</strong></span> <span class='ocrx_word' id='word_1_695' title='bbox 2711 3951 2854 4004; x_wconf 87' lang='lat' dir='ltr'><strong>basis</strong></span> <span class='ocrx_word' id='word_1_696' title='bbox 2891 3952 3193 4018; x_wconf 76' lang='lat' dir='ltr'><strong>sacerdotii,</strong></span> <span class='ocrx_word' id='word_1_697' title='bbox 3234 3969 3301 4007; x_wconf 91' lang='lat' dir='ltr'><strong>ne</strong></span> <span class='ocrx_word' id='word_1_698' title='bbox 3336 3969 3466 4008; x_wconf 69' lang='lat' dir='ltr'><strong>mea:</strong></span> 
     </span>
    </p>
   </div>
   <div class='ocr_carea' id='block_1_102' title="bbox 1923 4032 3464 4110">
    <p class='ocr_par' dir='ltr' id='par_1_102' title="bbox 1923 4032 3464 4110">
     <span class='ocr_line' id='line_1_103' title="bbox 1923 4032 3464 4110; baseline 0.005 -18"><span class='ocrx_word' id='word_1_699' title='bbox 1923 4041 2238 4094; x_wconf 79' lang='lat' dir='ltr'><strong>temeritatis</strong></span> <span class='ocrx_word' id='word_1_700' title='bbox 2273 4040 2633 4109; x_wconf 89' lang='lat' dir='ltr'><strong>reprehendas</strong></span> <span class='ocrx_word' id='word_1_701' title='bbox 2661 4032 2942 4104; x_wconf 86' lang='lat' dir='ltr'><strong>vomitum,</strong></span> <span class='ocrx_word' id='word_1_702' title='bbox 2970 4041 3059 4109; x_wconf 87' lang='lat' dir='ltr'><strong>qui</strong></span> <span class='ocrx_word' id='word_1_703' title='bbox 3089 4044 3464 4110; x_wconf 81' lang='lat' dir='ltr'><strong>audacissime,</strong></span> 
     </span>
    </p>
   </div>
   <div class='ocr_carea' id='block_1_103' title="bbox 1921 4121 3464 4205">
    <p class='ocr_par' dir='ltr' id='par_1_103' title="bbox 1921 4121 3464 4205">
     <span class='ocr_line' id='line_1_104' title="bbox 1921 4121 3464 4205; baseline 0.004 -21"><span class='ocrx_word' id='word_1_704' title='bbox 1921 4131 2012 4184; x_wconf 80' lang='lat' dir='ltr'><strong>sed</strong></span> <span class='ocrx_word' id='word_1_705' title='bbox 2043 4129 2156 4182; x_wconf 91' lang='lat' dir='ltr'><strong>rudi</strong></span> <span class='ocrx_word' id='word_1_706' title='bbox 2186 4139 2238 4182; x_wconf 92' lang='lat' dir='ltr'><strong>et</strong></span> <span class='ocrx_word' id='word_1_707' title='bbox 2265 4129 2534 4183; x_wconf 85' lang='lat' dir='ltr'><strong>incondito</strong></span> <span class='ocrx_word' id='word_1_708' title='bbox 2561 4121 2828 4193; x_wconf 82' lang='lat' dir='ltr'><strong>sermone,</strong></span> <span class='ocrx_word' id='word_1_709' title='bbox 2855 4139 2958 4183; x_wconf 87' lang='lat' dir='ltr'><strong>tam</strong></span> <span class='ocrx_word' id='word_1_710' title='bbox 2986 4147 3203 4205; x_wconf 84' lang='lat' dir='ltr'><strong>magnas</strong></span> <span class='ocrx_word' id='word_1_711' title='bbox 3240 4136 3464 4190; x_wconf 80' lang='lat' dir='ltr'><strong>referam</strong></span> 
     </span>
    </p>
   </div>
   <div class='ocr_carea' id='block_1_104' title="bbox 1922 4213 3472 4289">
    <p class='ocr_par' dir='ltr' id='par_1_104' title="bbox 1922 4213 3472 4289">
     <span class='ocr_line' id='line_1_105' title="bbox 1922 4213 3472 4289; baseline 0.002 -15"><span class='ocrx_word' id='word_1_712' title='bbox 1922 4218 2292 4274; x_wconf 87' lang='lat' dir='ltr'><strong>narrationes:</strong></span> <span class='ocrx_word' id='word_1_713' title='bbox 2320 4218 2410 4271; x_wconf 90' lang='lat' dir='ltr'><strong>sed</strong></span> <span class='ocrx_word' id='word_1_714' title='bbox 2450 4218 2716 4285; x_wconf 75' lang='lat' dir='ltr'><strong>intonsam</strong></span> <span class='ocrx_word' id='word_1_715' title='bbox 2745 4233 2914 4272; x_wconf 90' lang='lat' dir='ltr'><strong>meam</strong></span> <span class='ocrx_word' id='word_1_716' title='bbox 2951 4219 3376 4276; x_wconf 87' lang='lat' dir='ltr'><strong>benevolentiam</strong></span> <span class='ocrx_word' id='word_1_717' title='bbox 3405 4213 3472 4289; x_wconf 77' lang='lat' dir='ltr'><strong>ae</strong></span> 
     </span>
    </p>
   </div>
   <div class='ocr_carea' id='block_1_105' title="bbox 1922 4308 3466 4380">
    <p class='ocr_par' dir='ltr' id='par_1_105' title="bbox 1922 4308 3466 4380">
     <span class='ocr_line' id='line_1_106' title="bbox 1922 4308 3466 4380; baseline 0.003 -18"><span class='ocrx_word' id='word_1_718' title='bbox 1922 4309 2078 4362; x_wconf 84' lang='lat' dir='ltr'><strong>ﬁdem</strong></span> <span class='ocrx_word' id='word_1_719' title='bbox 2107 4317 2356 4376; x_wconf 88' lang='lat' dir='ltr'><strong>tanquam</strong></span> <span class='ocrx_word' id='word_1_720' title='bbox 2399 4324 2618 4376; x_wconf 88' lang='lat' dir='ltr'><strong>parvum</strong></span> <span class='ocrx_word' id='word_1_721' title='bbox 2665 4323 2860 4361; x_wconf 90' lang='lat' dir='ltr'><strong>munus</strong></span> <span class='ocrx_word' id='word_1_722' title='bbox 2907 4308 3140 4364; x_wconf 76' lang='lat' dir='ltr'><strong>oblatum</strong></span> <span class='ocrx_word' id='word_1_723' title='bbox 3191 4322 3466 4380; x_wconf 86' lang='lat' dir='ltr'><strong>reputans,</strong></span> 
     </span>
    </p>
   </div>
   <div class='ocr_carea' id='block_1_106' title="bbox 1923 4399 3464 4470">
    <p class='ocr_par' dir='ltr' id='par_1_106' title="bbox 1923 4399 3464 4470">
     <span class='ocr_line' id='line_1_107' title="bbox 1923 4399 3464 4470; baseline 0.005 -19"><span class='ocrx_word' id='word_1_724' title='bbox 1923 4399 2158 4452; x_wconf 89' lang='lat' dir='ltr'><strong>concede</strong></span> <span class='ocrx_word' id='word_1_725' title='bbox 2185 4399 2363 4452; x_wconf 91' lang='lat' dir='ltr'><strong>verbis</strong></span> <span class='ocrx_word' id='word_1_726' title='bbox 2397 4399 2590 4470; x_wconf 83' lang='lat' dir='ltr'><strong>locum,</strong></span> <span class='ocrx_word' id='word_1_727' title='bbox 2627 4408 2685 4450; x_wconf 93' lang='lat' dir='ltr'><strong>nt</strong></span> <span class='ocrx_word' id='word_1_728' title='bbox 2725 4399 3055 4467; x_wconf 85' lang='lat' dir='ltr'><strong>accipiantur</strong></span> <span class='ocrx_word' id='word_1_729' title='bbox 3083 4411 3139 4453; x_wconf 90' lang='lat' dir='ltr'><strong>et</strong></span> <span class='ocrx_word' id='word_1_730' title='bbox 3165 4404 3464 4468; x_wconf 80' lang='lat' dir='ltr'><strong>quiesCan-t.</strong></span> 
     </span>
    </p>
   </div>
   <div class='ocr_carea' id='block_1_107' title="bbox 1920 4485 3463 4557">
    <p class='ocr_par' dir='ltr' id='par_1_107' title="bbox 1920 4485 3463 4557">
     <span class='ocr_line' id='line_1_108' title="bbox 1920 4485 3463 4557; baseline 0.003 -17"><span class='ocrx_word' id='word_1_731' title='bbox 1920 4485 2038 4540; x_wconf 81' lang='lat' dir='ltr'><strong>Non</strong></span> <span class='ocrx_word' id='word_1_732' title='bbox 2076 4486 2218 4554; x_wconf 88' lang='lat' dir='ltr'><strong>enim</strong></span> <span class='ocrx_word' id='word_1_733' title='bbox 2243 4487 2527 4539; x_wconf 88' lang='lat' dir='ltr'><strong>obliviscar</strong></span> <span class='ocrx_word' id='word_1_734' title='bbox 2557 4485 2801 4538; x_wconf 88' lang='lat' dir='ltr'><strong>utilitatis</strong></span> <span class='ocrx_word' id='word_1_735' title='bbox 2848 4496 2951 4540; x_wconf 61' lang='lat' dir='ltr'><strong>tuae</strong></span> <span class='ocrx_word' id='word_1_736' title='bbox 2985 4490 3038 4540; x_wconf 92' lang='lat' dir='ltr'><strong>in</strong></span> <span class='ocrx_word' id='word_1_737' title='bbox 3071 4503 3155 4540; x_wconf 90' lang='lat' dir='ltr'><strong>me</strong></span> <span class='ocrx_word' id='word_1_738' title='bbox 3184 4489 3463 4557; x_wconf 63' lang='lat' dir='ltr'><strong>doctrinae,</strong></span> 
     </span>
    </p>
   </div>
   <div class='ocr_carea' id='block_1_108' title="bbox 1921 4559 3464 4636">
    <p class='ocr_par' dir='ltr' id='par_1_108' title="bbox 1921 4559 3464 4636">
     <span class='ocr_line' id='line_1_109' title="bbox 1921 4559 3464 4636; baseline 0.006 -10"><span class='ocrx_word' id='word_1_739' title='bbox 1921 4589 2022 4629; x_wconf 78' lang='lat' dir='ltr'><strong>ne’c</strong></span> <span class='ocrx_word' id='word_1_740' title='bbox 2072 4575 2330 4628; x_wconf 89' lang='lat' dir='ltr'><strong>ferventis</strong></span> <span class='ocrx_word' id='word_1_741' title='bbox 2356 4559 2470 4628; x_wconf 38' lang='lat' dir='ltr'><strong>mei.</strong></span> <span class='ocrx_word' id='word_1_742' title='bbox 2507 4577 2561 4628; x_wconf 91' lang='lat' dir='ltr'><strong>in</strong></span> <span class='ocrx_word' id='word_1_743' title='bbox 2616 4583 2666 4628; x_wconf 89' lang='lat' dir='ltr'><strong>te</strong></span> <span class='ocrx_word' id='word_1_744' title='bbox 2705 4577 2987 4631; x_wconf 89' lang='lat' dir='ltr'><strong>ministerii</strong></span> <span class='ocrx_word' id='word_1_745' title='bbox 3034 4568 3464 4636; x_wconf 86' lang='lat' dir='ltr'><strong>mediocritatis:</strong></span> 
     </span>
    </p>
   </div>
   <div class='ocr_carea' id='block_1_109' title="bbox 1922 4654 3467 4736">
    <p class='ocr_par' dir='ltr' id='par_1_109' title="bbox 1922 4654 3467 4736">
     <span class='ocr_line' id='line_1_110' title="bbox 1922 4654 3467 4736; baseline 0.007 -20"><span class='ocrx_word' id='word_1_746' title='bbox 1922 4679 2044 4717; x_wconf 90' lang='lat' dir='ltr'><strong>cum</strong></span> <span class='ocrx_word' id='word_1_747' title='bbox 2084 4665 2227 4718; x_wconf 91' lang='lat' dir='ltr'><strong>illius</strong></span> <span class='ocrx_word' id='word_1_748' title='bbox 2255 4665 2469 4733; x_wconf 88' lang='lat' dir='ltr'><strong>quidem</strong></span> <span class='ocrx_word' id='word_1_749' title='bbox 2503 4654 2711 4719; x_wconf 84' lang='lat' dir='ltr'><strong>deliciis</strong></span> <span class='ocrx_word' id='word_1_750' title='bbox 2741 4683 2827 4720; x_wconf 90' lang='lat' dir='ltr'><strong>me</strong></span> <span class='ocrx_word' id='word_1_751' title='bbox 2872 4668 3194 4736; x_wconf 81' lang='lat' dir='ltr'><strong>expleverim</strong></span> <span class='ocrx_word' id='word_1_752' title='bbox 3241 4671 3293 4724; x_wconf 92' lang='lat' dir='ltr'><strong>in</strong></span> <span class='ocrx_word' id='word_1_753' title='bbox 3333 4673 3467 4728; x_wconf 84' lang='lat' dir='ltr'><strong>ﬂore</strong></span> 
     </span>
    </p>
   </div>
   <div class='ocr_carea' id='block_1_110' title="bbox 1919 4754 3467 4822">
    <p class='ocr_par' dir='ltr' id='par_1_110' title="bbox 1919 4754 3467 4822">
     <span class='ocr_line' id='line_1_111' title="bbox 1919 4754 3467 4822; baseline 0.009 -19"><span class='ocrx_word' id='word_1_754' title='bbox 1919 4755 2235 4822; x_wconf 70' lang='lat' dir='ltr'><strong>iuventutis,</strong></span> <span class='ocrx_word' id='word_1_755' title='bbox 2264 4764 2315 4806; x_wconf 87' lang='lat' dir='ltr'><strong>et</strong></span> <span class='ocrx_word' id='word_1_756' title='bbox 2345 4770 2372 4806; x_wconf 90' lang='lat' dir='ltr'><strong>a</strong></span> <span class='ocrx_word' id='word_1_757' title='bbox 2409 4764 2459 4806; x_wconf 88' lang='lat' dir='ltr'><strong>te</strong></span> <span class='ocrx_word' id='word_1_758' title='bbox 2489 4754 2678 4810; x_wconf 86' lang='lat' dir='ltr'><strong>fuerim</strong></span> <span class='ocrx_word' id='word_1_759' title='bbox 2711 4756 2947 4810; x_wconf 85' lang='lat' dir='ltr'><strong>initiatus</strong></span> <span class='ocrx_word' id='word_1_760' title='bbox 2986 4756 3037 4810; x_wconf 88' lang='lat' dir='ltr'><strong>in</strong></span> <span class='ocrx_word' id='word_1_761' title='bbox 3078 4759 3161 4822; x_wconf 88' lang='lat' dir='ltr'><strong>iis,</strong></span> <span class='ocrx_word' id='word_1_762' title='bbox 3193 4775 3311 4818; x_wconf 72' lang='lat' dir='ltr'><strong>qua:</strong></span> <span class='ocrx_word' id='word_1_763' title='bbox 3339 4773 3467 4818; x_wconf 89' lang='lat' dir='ltr'><strong>sunt</strong></span> 
     </span>
    </p>
   </div>
   <div class='ocr_carea' id='block_1_111' title="bbox 1923 4950 3460 5041">
    <p class='ocr_par' dir='ltr' id='par_1_111' title="bbox 1923 4950 3460 5041">
     <span class='ocr_line' id='line_1_112' title="bbox 1923 4950 3460 5041; baseline 0.007 -19"><span class='ocrx_word' id='word_1_764' title='bbox 1923 4970 2124 5041; x_wconf 88' lang='lat' dir='ltr'><strong>dudum</strong></span> <span class='ocrx_word' id='word_1_765' title='bbox 2149 4981 2443 5041; x_wconf 77' lang='lat' dir='ltr'><strong>mortuum,</strong></span> <span class='ocrx_word' id='word_1_766' title='bbox 2473 4950 2782 5033; x_wconf 62' lang='lat' dir='ltr'><strong>Hiehaelem</strong></span> <span class='ocrx_word' id='word_1_767' title='bbox 2813 4977 3101 5041; x_wconf 84' lang='lat' dir='ltr'><strong>quemdam</strong></span> <span class='ocrx_word' id='word_1_768' title='bbox 3141 4977 3460 5033; x_wconf 60' lang='lat' dir='ltr'><strong>nominﬂtim</strong></span> 
     </span>
    </p>
   </div>
   <div class='ocr_carea' id='block_1_112' title="bbox 1924 5038 3561 5116">
    <p class='ocr_par' dir='ltr' id='par_1_112' title="bbox 1924 5038 3561 5116">
     <span class='ocr_line' id='line_1_113' title="bbox 1924 5038 3561 5116; baseline 0.009 -28"><span class='ocrx_word' id='word_1_769' title='bbox 1924 5039 2222 5116; x_wconf 67' lang='lat' dir='ltr'><strong>exiliortari,</strong></span> <span class='ocrx_word' id='word_1_770' title='bbox 2244 5048 2300 5090; x_wconf 87' lang='lat' dir='ltr'><strong>ut</strong></span> <span class='ocrx_word' id='word_1_771' title='bbox 2328 5039 2379 5090; x_wconf 93' lang='lat' dir='ltr'><strong>in</strong></span> <span class='ocrx_word' id='word_1_772' title='bbox 2407 5038 2643 5116; x_wconf 67' lang='lat' dir='ltr'><strong>_l_.eonem</strong></span> <span class='ocrx_word' id='word_1_773' title='bbox 2672 5038 3176 5116; x_wconf 32' lang='lat' dir='ltr'><strong>imper—umfacerel,</strong></span> <span class='ocrx_word' id='word_1_774' title='bbox 3210 5047 3462 5116; x_wconf 89' lang='lat' dir='ltr'><strong>letalique</strong></span> <span class='ocrx_word' id='word_1_775' title='bbox 3557 5081 3561 5086; x_wconf 88' lang='lat'>—</span> 
     </span>
    </p>
   </div>
   <div class='ocr_carea' id='block_1_113' title="bbox 1925 5099 3544 5182">
    <p class='ocr_par' dir='ltr' id='par_1_113' title="bbox 1925 5099 3544 5182">
     <span class='ocr_line' id='line_1_114' title="bbox 1925 5099 3544 5182; baseline 0.007 -22"><span class='ocrx_word' id='word_1_776' title='bbox 1925 5099 2336 5182; x_wconf 79' lang='lat' dir='ltr'><strong>ietusternerct.</strong></span> <span class='ocrx_word' id='word_1_777' title='bbox 2370 5125 2387 5157; x_wconf 71' lang='grc' dir='ltr'><strong><em>ι</em></strong></span> <span class='ocrx_word' id='word_1_778' title='bbox 2407 5105 2662 5182; x_wconf 85' lang='lat' dir='ltr'><strong>zonaras.</strong></span> <span class='ocrx_word' id='word_1_779' title='bbox 2695 5128 2713 5159; x_wconf 87' lang='grc'><strong>‹</strong></span> <span class='ocrx_word' id='word_1_780' title='bbox 2739 5099 2831 5162; x_wconf 85' lang='lat' dir='ltr'><strong>Est</strong></span> <span class='ocrx_word' id='word_1_781' title='bbox 2854 5099 3074 5182; x_wconf 49' lang='lat' dir='ltr'><strong>e‘tdivns</strong></span> <span class='ocrx_word' id='word_1_782' title='bbox 3102 5099 3461 5182; x_wconf 48' lang='lat' dir='ltr'><strong>Tarasius,‘ett</strong></span> <span class='ocrx_word' id='word_1_783' title='bbox 3532 5152 3544 5176; x_wconf 58' lang='grc' dir='ltr'><strong>ι</strong></span> 
     </span>
    </p>
   </div>
   <div class='ocr_carea' id='block_1_114' title="bbox 1923 5175 3460 5244">
    <p class='ocr_par' dir='ltr' id='par_1_114' title="bbox 1923 5175 3460 5244">
     <span class='ocr_line' id='line_1_115' title="bbox 1923 5175 3460 5244; baseline 0.008 -18"><span class='ocrx_word' id='word_1_784' title='bbox 1923 5175 2025 5228; x_wconf 88' lang='lat' dir='ltr'><strong>hac</strong></span> <span class='ocrx_word' id='word_1_785' title='bbox 2070 5189 2372 5228; x_wconf 59' lang='lat' dir='ltr'><strong>aerumnosa</strong></span> <span class='ocrx_word' id='word_1_786' title='bbox 2419 5178 2526 5228; x_wconf 90' lang='lat' dir='ltr'><strong>vita</strong></span> <span class='ocrx_word' id='word_1_787' title='bbox 2557 5192 2725 5244; x_wconf 86' lang='lat' dir='ltr'><strong>nuper</strong></span> <span class='ocrx_word' id='word_1_788' title='bbox 2770 5176 3079 5241; x_wconf 76' lang='lat' dir='ltr'><strong>translatus,</strong></span> <span class='ocrx_word' id='word_1_789' title='bbox 3131 5175 3374 5235; x_wconf 48' lang='lat' dir='ltr'><strong>cuidam&#39;</strong></span> <span class='ocrx_word' id='word_1_790' title='bbox 3407 5187 3460 5238; x_wconf 87' lang='lat' dir='ltr'><strong>in</strong></span> 
     </span>
    </p>
   </div>
   <div class='ocr_carea' id='block_1_115' title="bbox 1923 5244 3461 5315">
    <p class='ocr_par' dir='ltr' id='par_1_115' title="bbox 1923 5244 3461 5315">
     <span class='ocr_line' id='line_1_116' title="bbox 1923 5244 3461 5315; baseline 0.006 -18"><span class='ocrx_word' id='word_1_791' title='bbox 1923 5244 2129 5297; x_wconf 90' lang='lat' dir='ltr'><strong>somnis</strong></span> <span class='ocrx_word' id='word_1_792' title='bbox 2174 5246 2357 5315; x_wconf 69' lang='lat' dir='ltr'><strong>visus,</strong></span> <span class='ocrx_word' id='word_1_793' title='bbox 2387 5245 2488 5315; x_wconf 80' lang='lat' dir='ltr'><strong>qui</strong></span> <span class='ocrx_word' id='word_1_794' title='bbox 2529 5245 2838 5315; x_wconf 73' lang='lat' dir='ltr'><strong>Micliaelem</strong></span> <span class='ocrx_word' id='word_1_795' title='bbox 2879 5250 3162 5315; x_wconf 78' lang='lat' dir='ltr'><strong>quemdam</strong></span> <span class='ocrx_word' id='word_1_796' title='bbox 3201 5251 3461 5306; x_wconf 82' lang='lat' dir='ltr'><strong>inclama-</strong></span> 
     </span>
    </p>
   </div>
   <div class='ocr_carea' id='block_1_116' title="bbox 1924 5313 3460 5380">
    <p class='ocr_par' dir='ltr' id='par_1_116' title="bbox 1924 5313 3460 5380">
     <span class='ocr_line' id='line_1_117' title="bbox 1924 5313 3460 5380; baseline 0.009 -16"><span class='ocrx_word' id='word_1_797' title='bbox 1924 5321 2022 5375; x_wconf 90' lang='lat' dir='ltr'><strong>ret,</strong></span> <span class='ocrx_word' id='word_1_798' title='bbox 2041 5327 2273 5380; x_wconf 85' lang='lat' dir='ltr'><strong>eumque</strong></span> <span class='ocrx_word' id='word_1_799' title='bbox 2294 5313 2357 5365; x_wconf 91' lang='lat' dir='ltr'><strong>ad</strong></span> <span class='ocrx_word' id='word_1_800' title='bbox 2385 5313 2738 5368; x_wconf 83' lang='lat' dir='ltr'><strong>invadendum</strong></span> <span class='ocrx_word' id='word_1_801' title='bbox 2767 5325 2820 5367; x_wconf 91' lang='lat' dir='ltr'><strong>et</strong></span> <span class='ocrx_word' id='word_1_802' title='bbox 2847 5313 3196 5371; x_wconf 74' lang='lat' dir='ltr'><strong>oecidcndum</strong></span> <span class='ocrx_word' id='word_1_803' title='bbox 3228 5320 3460 5378; x_wconf 86' lang='lat' dir='ltr'><strong>Leonem</strong></span> 
     </span>
    </p>
   </div>
   <div class='ocr_carea' id='block_1_117' title="bbox 1925 5382 2314 5433">
    <p class='ocr_par' dir='ltr' id='par_1_117' title="bbox 1925 5382 2314 5433">
     <span class='ocr_line' id='line_1_118' title="bbox 1925 5382 2314 5433; baseline -0.003 -1"><span class='ocrx_word' id='word_1_804' title='bbox 1925 5382 2246 5433; x_wconf 81' lang='lat' dir='ltr'><strong>hortaretur.</strong></span> <span class='ocrx_word' id='word_1_805' title='bbox 2296 5399 2314 5431; x_wconf 76' lang='grc' dir='ltr'><strong><em>ι</em></strong></span> 
     </span>
    </p>
   </div>
   <div class='ocr_carea' id='block_1_118' title="bbox 1926 5447 3460 5526">
    <p class='ocr_par' dir='ltr' id='par_1_118' title="bbox 1926 5447 3460 5526">
     <span class='ocr_line' id='line_1_119' title="bbox 1926 5447 3460 5526; baseline 0.008 -29"><span class='ocrx_word' id='word_1_806' title='bbox 1926 5516 1936 5526; x_wconf 31' lang='grc' dir='ltr'><em>υ</em></span> <span class='ocrx_word' id='word_1_807' title='bbox 1993 5450 2102 5514; x_wconf 82' lang='lat' dir='ltr'><strong>(7U)</strong></span> <span class='ocrx_word' id='word_1_808' title='bbox 2144 5449 2376 5526; x_wconf 69' lang='lat' dir='ltr'><strong>Michael</strong></span> <span class='ocrx_word' id='word_1_809' title='bbox 2396 5447 2609 5526; x_wconf 58' lang='lat' dir='ltr'><strong>Balbus:</strong></span> <span class='ocrx_word' id='word_1_810' title='bbox 2641 5466 2799 5526; x_wconf 79' lang='lat' dir='ltr'><strong>quem</strong></span> <span class='ocrx_word' id='word_1_811' title='bbox 2831 5452 2969 5506; x_wconf 67' lang='lat' dir='ltr'><strong>laeszc</strong></span> <span class='ocrx_word' id='word_1_812' title='bbox 2995 5454 3285 5526; x_wconf 75' lang='lat' dir='ltr'><strong>maiestatis</strong></span> <span class='ocrx_word' id='word_1_813' title='bbox 3308 5472 3460 5510; x_wconf 86' lang='lat' dir='ltr'><strong>reum</strong></span> 
     </span>
    </p>
   </div>
   <div class='ocr_carea' id='block_1_119' title="bbox 1925 5516 3458 5590">
    <p class='ocr_par' dir='ltr' id='par_1_119' title="bbox 1925 5516 3458 5590">
     <span class='ocr_line' id='line_1_120' title="bbox 1925 5516 3458 5590; baseline 0.005 -21"><span class='ocrx_word' id='word_1_814' title='bbox 1925 5516 1977 5590; x_wconf 84' lang='lat' dir='ltr'><strong>i_u</strong></span> <span class='ocrx_word' id='word_1_815' title='bbox 2013 5532 2229 5590; x_wconf 63' lang='lat' dir='ltr'><strong>carcere</strong></span> <span class='ocrx_word' id='word_1_816' title='bbox 2275 5518 2546 5590; x_wconf 83' lang='lat' dir='ltr'><strong>detinebat</strong></span> <span class='ocrx_word' id='word_1_817' title='bbox 2586 5516 2694 5572; x_wconf 78' lang='lat' dir='ltr'><strong>Leo</strong></span> <span class='ocrx_word' id='word_1_818' title='bbox 2731 5519 3022 5590; x_wconf 72' lang='lat' dir='ltr'><strong>&#39;Armenus,</strong></span> <span class='ocrx_word' id='word_1_819' title='bbox 3073 5516 3244 5590; x_wconf 87' lang='lat' dir='ltr'><strong>ipsum</strong></span> <span class='ocrx_word' id='word_1_820' title='bbox 3301 5538 3458 5579; x_wconf 66' lang='lat' dir='ltr'><strong>nocte</strong></span> 
     </span>
    </p>
   </div>
   <div class='ocr_carea' id='block_1_120' title="bbox 1923 5585 3461 5708">
    <p class='ocr_par' dir='ltr' id='par_1_120' title="bbox 1923 5585 3461 5708">
     <span class='ocr_line' id='line_1_121' title="bbox 1923 5585 3461 5708; baseline 0.008 -72"><span class='ocrx_word' id='word_1_821' title='bbox 1923 5585 2381 5708; x_wconf 48' lang='lat' dir='ltr'><strong>gittaligegomini</strong></span> <span class='ocrx_word' id='word_1_822' title='bbox 2429 5587 2568 5640; x_wconf 90' lang='lat' dir='ltr'><strong>inter</strong></span> <span class='ocrx_word' id='word_1_823' title='bbox 2620 5603 2774 5642; x_wconf 87' lang='lat' dir='ltr'><strong>sacra</strong></span> <span class='ocrx_word' id='word_1_824' title='bbox 2820 5589 2936 5658; x_wconf 89' lang='lat' dir='ltr'><strong>ipsa</strong></span> <span class='ocrx_word' id='word_1_825' title='bbox 2983 5585 3267 5644; x_wconf 79' lang='lat' dir='ltr'><strong>trucidavit</strong></span> <span class='ocrx_word' id='word_1_826' title='bbox 3317 5608 3461 5649; x_wconf 86' lang='lat' dir='ltr'><strong>anno</strong></span> 
     </span>
     <span class='ocr_line' id='line_1_122' title="bbox 1986 5671 3279 5705; baseline 0.006 0"><span class='ocrx_word' id='word_1_827' title='bbox 1986 5671 2048 5705; x_wconf 83' lang='lat' dir='ltr'><strong>ir.</strong></span> <span class='ocrx_word' id='word_1_828' title='bbox 3277 5671 3279 5673; x_wconf 81' lang='grc'><strong>’</strong></span> 
     </span>
    </p>
   </div>
   <div class='ocr_carea' id='block_1_121' title="bbox 1986 5671 3279 5705">
    <p class='ocr_par' dir='ltr' id='par_1_121' title="bbox 1986 5671 3279 5705">
     <span class='ocr_line' id='line_1_123' title="bbox 1986 5671 3279 5705; baseline -0.003 0"><span class='ocrx_word' id='word_1_829' title='bbox 1986 5671 2048 5705; x_wconf 79' lang='grc' dir='ltr'><strong>η’.</strong></span> <span class='ocrx_word' id='word_1_830' title='bbox 2092 5671 2213 5705; x_wconf 63' lang='lat' dir='ltr'><strong>ozv.</strong></span> <span class='ocrx_word' id='word_1_831' title='bbox 3277 5671 3279 5673; x_wconf 82' lang='grc'><strong>’</strong></span> 
     </span>
    </p>
   </div>
  </div>
