4016 6340
178 520 325 586 1533‘

1580 531 1976 592 ΕΡΙΒΤΟῙΑΚ

3260 523 3392 594 ίιεο

170 656 273 707 νην
325 638 712 710 χαριέστερον;
756 641 906 694 Ἐπεὶ
937 642 993 696 δὲ
1014 643 1314 714 ἀνέστησάν
1339 661 1482 708 τινες
1509 647 1723 715 ἄνδρες,

1843 664 1958 700 vero
2002 650 2417 701 insurrexerunt
2450 646 2666 714 quidam
2712 645 2813 698 viri
2842 685 2854 706 ,
2906 643 3135 718 formam
3173 645 3390 714 quidem

177 729 460 796 μόρφωσιν
517 732 614 798 μὲν
672 732 952 796 εὐσεϐείας
1016 734 1250 803 ἔχοντες,
1300 737 1379 788 ὅτι
1435 738 1731 805 ἱερωσύνης

174 817 393 888 ἀξίωμα
425 821 860 892 περιεϐέϐληντο,
897 822 994 893 τὴν
1024 823 1080 876 δὲ
1118 824 1343 894 δύναμιν
1374 827 1542 893 αὐτῆς
1575 828 1733 895 ilva

177 910 348 978 μένοι,
385 911 493 962 τῶν
524 911 874 966 Βαϐυλωνίων
911 915 1102 984 ἱερέων
1146 916 1244 984 τὴν
1273 918 1606 985 κατηγορίαν
1626 919 1732 967 ἑπι-

176 1001 548 1069 σπασάμενοιο
583 1000 677 1062 οὒς
702 1003 856 1073 καὶὴ
909 1005 1216 1073 προφητεία
1277 1005 1598 1074 θριαμϐεύει
1644 1005 1731 1058 λὲαο

175 1103 345 1152 γουσα
381 1107 393 1118 ·
438 1109 456 1137 ε
503 1090 756 1159 Ἐξῆλθεν
784 1093 992 1161 ἀνομία
1020 1094 1080 1156 ἐξ
1105 1093 1293 1163 ἱερέων
1330 1094 1666 1156 Βαϐυλῶνος.
1707 1113 1724 1145 ι

176 1182 394 1235 Μᾶλλον
417 1183 474 1235 δὲ
506 1185 811 1252 Καῖςραῖκδν
845 1187 1567 1257 συνέδριον-συστησάμενοι,
1610 1205 1730 1254 γεν-

175 1274 682 1341 νήτορεςργεγόνασι
729 1275 1004 1327 δυσσεϐῶν
1035 1275 1398 1346 διδαγμὰτων.
1450 1279 1560 1330 Καὶ
1597 1279 1732 1348 ἀρᾶς

173 1363 269 1412 καὶ
301 1363 528 1432 πικρίας
555 1364 768 1433 ἔχοντες
812 1366 1004 1433 στόμα,
1065 1367 1125 1417 τὸ
1150 1367 1241 1418 ἐπὶ
1296 1370 1484 1428 κακοῖς
1525 1367 1732 1436 ἰσχύειν

171 1451 333 1515 δόξαν
363 1453 693 1520 ἐλογίσαντο.
725 1455 836 1508 Καὶ
855 1454 1138 1524 δύσφημον
1185 1443 1400 1526 ἔχοντες
1460 1457 1729 1523 γλῶτταν,

175 1541 269 1592 καὶ
294 1540 537 1607 κάλαμον
570 1542 945 1611 ὑπουργοῦντα
1011 1543 1203 1615 ταύτῃ,
1236 1545 1354 1605 ταῖς
1385 1545 1733 1607 αὐτολέκτοις

174 1630 268 1682 τοῦ
311 1631 443 1684 Θεοῦ
476 1635 680 1698 φωναῖς
709 1633 1009 1703 μαχόμενοι
1039 1634 1525 1705 ἐτερατολὸγησαν,
1555 1637 1615 1689 τὸ
1646 1636 1733 1705 βα·

179 1722 376 1774 σίλειον
407 1725 704 1792 ἱεράτευμα
755 1725 851 1776 καὶ
880 1724 1032 1802 ἔθνος
1062 1725 1237 1793 ἅγιον,
1267 1727 1392 1789 τοὺς
1434 1726 1732 1797 ἐνδυσαμέ-

178 1829 300 1873 νους
334 1812 588 1880 Χριστὸν,
617 1813 710 1866 καὶ
734 1815 800 1883 τῇ
839 1813 1026 1883 χάριτι
1061 1813 1228 1866 αὑτοῦ
1265 1815 1638 1878 ἀνασωθέντας
1669 1817 1732 1869 ἐκ

1836 738 2048 804 pietatis
2074 737 2353 799 habentes,
2387 736 2643 803 quoniam
2679 734 2968 790 sacerdotii
2999 735 3262 803 dignitate
3290 735 3395 786 cir-

1836 826 2144 880 cumatnicti
2179 837 2338 891 sunt;
2395 827 2651 878 virtutem
2691 833 2869 878 autem
2899 825 3018 892 ejus
3043 825 3392 891 ulmcgatttcs,

1833 929 1884 969 et
1931 917 2381 985 Bahylonensium
2434 917 2773 969 sacerdotum
2818 915 3142 968 calumniam
3187 913 3201 981 Ι,
3240 928 3395 964 nocu-

1835 1004 2139 1075 sationem]
2179 988 2540 1072 arripientes;
2585 1020 2724 1072 quos
2765 1013 2819 1059 et
2851 1003 3126 1073 prophetia
3161 997 3396 1070 publicat

1832 1096 2068 1150 dicens:
2128 1114 2146 1145 t
2197 1089 2425 1165 Egressa
2472 1103 2556 1149 est
2618 1095 2872 1164 iniquitas
2936 1111 2966 1148 a
3023 1095 3395 1149 sacerdotibus
3453 1157 3456 1159 Α

1835 1186 2123 1255 Babylonis
2148 1187 2193 1238 ’..
2221 1204 2238 1236 ι
2279 1185 2392 1240 lmo
2421 1200 2550 1239 vero
2578 1186 2933 1254 Caiphaicum
2968 1187 3256 1239 concilium
3283 1197 3394 1237 sta-

1836 1285 2067 1338 tuentes,
2101 1276 2371 1342 genitorcs
2408 1274 2532 1328 facti
2556 1287 2681 1328 sunt
2707 1277 3024 1344 dogmatum
3057 1277 3347 1342 impiorum
3379 1293 3393 1321 :

1832 1377 1883 1417 et
1917 1381 1979 1418 os
2015 1365 2407 1419 tnaledictionis
2439 1374 2492 1418 et
2524 1365 3188 1418 amaritudinishabentes
3209 1403 3223 1425 ,
3261 1379 3396 1430 prat-
3427 1383 3430 1386 ’

1832 1455 2012 1506 valere
2045 1454 2097 1506 itt
2129 1454 2287 1507 malis
2309 1453 2534 1524 gloriam
2558 1454 2802 1508 arbitrati
2836 1463 2983 1508 sunt.
3027 1453 3398 1520 Infamemque

1832 1545 2068 1611 linguam
2109 1552 2163 1596 et
2199 1544 2464 1605 calamum
2503 1546 2902 1598 ministrantem
2946 1544 3075 1598 huic
3117 1544 3399 1612 possiden-

1833 1641 1932 1695 tes,
1966 1644 2019 1686 et
2049 1647 2207 1686 voces
2235 1648 2354 1701 qua:
2384 1634 2450 1686 ah
2481 1633 2598 1701 ipso
2628 1634 2736 1687 Deo
2772 1634 2997 1702 prolatae
3029 1643 3151 1686 sunt
3171 1671 3184 1693 ,
3223 1633 3399 1699 impu-

1829 1731 2085 1790 gnantes,
2123 1732 2287 1790 atque
2342 1733 2650 1790 portentose
2705 1725 2880 1792 regale
2926 1723 3399 1780 sacerdotium,ct

1831 1823 2044 1880 gentem
2075 1820 2318 1864 sanctam
2343 1851 2358 1875 ,
2402 1823 2453 1864 et
2501 1827 2594 1866 eos
2631 1813 2724 1880 qui
2766 1811 3043 1865 Christum
3078 1811 3395 1872 induerunt,

185 1905 275 1970 τῆς
309 1901 412 1954 τῶν
439 1901 670 1955 εἰδώλων
699 1904 1019 1972 πλάνης,.εῖῖ
1071 1903 1084 1913 ’
1114 1904 1334 1974 ὶλάτρας
1363 1905 1733 1958 ἀποκαλέσαν-

1843 1911 1884 1955 et
1912 1902 2078 1970 gratia
2102 1902 2218 1971 ejus
2241 1903 2305 1956 ab
2327 1903 2586 1955 idolorum
2605 1903 2993 1956 errore-salvati
3012 1912 3158 1961 sunt,
3176 1901 3398 1955 idolola—

183 1969 290 2048 τες.
351 1991 456 2044 Καὶ
482 1992 816 2060 κακουργίας
845 1969 997 2060 έχοντ
1045 2036 1057 2054 ,
1087 1969 1332 2060 γνώμην,
1365 1996 1559 2063 χεῖρας.
1605 1993 1732 2045 ἀθέ·

1843 2003 1942 2045 Lras
1965 2003 2236 2046 vocantes.
2260 1991 2560 2060 Etnequatn
2579 1992 3179 2061 operationishahentcs
3195 2000 3396 2053 votum.

179 2094 348 2146 σμους
373 2079 654 2142 ἐπέϐαλον,
694 2079 951 2146 ἀφανίσαι
975 2079 1210 2148 οἰόμενοι
1234 2080 1330 2150 τὴν
1358 2080 1467 2131 τῶν
1521 2079 1730 2131 σεπτῶν

178 2169 403 2221 εἰκόνων
436 2163 918 2238 ἀναζωγράφησιν.
949 2170 1056 2220 Καὶ
1104 2169 1202 2220 ὅσα
1241 2169 1338 2237 μὲν
1390 2169 1454 2221 ἐκ
1504 2169 1733 2236 ψηφῖδας

175 2256 328 2322 ὄντα,
366 2255 641 2328 ὲξὼρυξαν
669 2275 682 2288 ·
715 2259 814 2310 ὅσα
869 2258 924 2310 δὲ
947 2260 1009 2312 ὲκ
1047 2257 1352 2328 κηροχύτου
1379 2275 1735 2328 χρωματουρ-

84 2353 91 2362 ⁸
179 2351 305 2415 γίας
338 2348 618 2414 λεάναντες
645 2350 750 2402 τῶν
789 2350 1004 2403 σεπτῶν
1041 2350 1184 2402 ναῶν
1216 2351 1311 2419 τὴν
1339 2350 1633 2419 εὐκοσμίαν
1655 2353 1734 2414 εἰς

183 2439 455 2508 ἀκοσμίαν
515 2441 832 2516 μετέϐαλον.
862 2443 966 2494 Σὺν
994 2442 1205 2503 τούτοις
1227 2442 1281 2492 δὲ
1319 2442 1411 2493 καὶ
1436 2443 1501 2494 τὰ
1533 2442 1590 2492 ὲν
1643 2457 1737 2493 σα-

184 2529 324 2581 νίσιν
351 2531 430 2592 είς
479 2533 700 2599 μνήμην
731 2531 858 2582 ὄντα
891 2531 1126 2604 Χριστοῦ
1161 2530 1256 2582 τοῦ
1285 2530 1421 2582 Θεοῦ
1456 2531 1614 2600 ήμῶν
1645 2532 1736 2582 καὶ

183 2617 293 2669 τῶν
325 2617 492 2684 ἁγίων
521 2617 686 2671 αὑτοῦ
720 2618 852 2688 πυρὶ
916 2619 1238 2688 παρέδωκαν
1272 2633 1286 2647 ·
1346 2619 1439 2670 καὶ
1481 2618 1554 2680 ὡς
1607 2619 1738 2680 ἔπος

186 2708 394 2772 εἰπεῖν,
437 2707 536 2769 τὰς
591 2707 712 2761 καθ’
767 2701 915 2778 ἡμᾶς
978 2709 1276 2779 ἐκκλησίας
1369 2707 1739 2776 λυμηνάμενοι

185 2797 295 2848 διετ
309 2798 534 2862 deuiam
571 2801 679 2852 Καὶ
704 2799 1048 2869 αἱρεσιάρχαι
1073 2800 1124 2851 οῖ
1169 2800 1416 2868 ἱεράρχαι
1447 2797 1698 2864 γεγόνασι
1722 2809 1763 2827 '-

187 2888 284 2939 καὶ
317 2890 433 2940 ἀντι
469 2883 565 2956 μὲν
601 2890 823 2962 εἰρήνης
867 2889 982 2958 ἔριν
1010 2889 1087 2958 τῷ
1116 2889 1225 2957 λαῷ
1285 2889 1738 2958 προσεφώνησαν,

189 2979 316 3029 ἀντὶ
351 2977 406 3028 δὲ
439 2977 586 3029 σίτου
617 2975 831 3040 ζιζάνια
867 2979 982 3038 ταῖς
1041 2974 1516 3044 ἐκκλησιαστικαῖς
1581 2976 1742 3046 ἀρούο

192 3083 317 3136 ραις
353 3067 673 3137 ὲνέσπειραν
699 3081 714 3094 ⁶
759 3066 850 3118 τὸν
875 3061 1016 3118 οἶνον
1044 3065 1232 3135 ἔμιξαν
1287 3064 1459 3124 ὕδατι.
1508 3067 1600 3118 καῖ
1652 3067 1742 3119 τὸν

192 3155 426 3225 πλησίον
467 3155 722 3206 ὲπότιααν
765 3154 1078 3224 ἀνατροπὴν
1123 3154 1348 3224 θολεράν
1380 3171 1391 3182 ·
1436 3156 1529 3207 καὶ
1589 3155 1741 3209 λύκοι

1834 2097 2031 2134 manus
2063 2085 2128 2136 ad
2165 2083 2348 2134 illicita
2395 2083 2757 2145 immiserunt,
2785 2082 3035 2137 demoliri
3065 2083 3266 2152 opinati
3305 2097 3398 2134 ve-

1835 2171 2152 2225 nerabilium
2207 2172 2474 2239 picturam
2531 2171 2843 2237 imaginum.
2887 2172 2952 2223 Et
2995 2172 3210 2239 quidem
3255 2186 3401 2238 qua:-

1835 2277 2049 2330 cunque
2082 2265 2152 2316 de
2173 2263 2403 2315 tcssellis
2429 2260 2648 2314 fuerunt
2683 2259 2820 2315 facta
2842 2301 2856 2326 ,
2888 2259 3186 2314 eﬂ‘oderunt
3215 2277 3228 2311 :
3270 2275 3389 2326 quae

1837 2368 1964 2407 vero
2001 2368 2065 2406 ex
2095 2368 2218 2407 cera
2259 2351 2410 2406 fuere
2453 2351 2670 2421 perfuso
2698 2352 2937 2406 colorum
2965 2365 3159 2421 opere,
3185 2351 3398 2404 deleve-

1839 2453 1994 2508 runt,
2029 2443 2528 2511 venerahiliumque
2571 2443 2864 2512 imaginum
2895 2441 3016 2514 [δι’.
3053 2442 3396 2512 templorum]

1837 2533 2001 2586 decus
2032 2533 2084 2585 in
2117 2533 2352 2587 dedecus
2393 2533 2809 2586 transtulerunt.
2851 2532 2986 2586 Cum
3021 2533 3104 2586 his
3133 2543 3311 2586 autem
3347 2542 3402 2584 et

1836 2637 1898 2676 ea
1934 2637 2052 2692 qum
2090 2621 2143 2675 in
2179 2622 2376 2676 tabulis
2409 2622 2460 2674 in
2498 2622 2810 2675 memoriam
2845 2620 3046 2674 Christi
3089 2621 3180 2674 Dei
3227 2623 3400 2674 nostri

1839 2718 1894 2763 et
1923 2721 2233 2764 sanctorum
2261 2709 2378 2774 ejus
2412 2708 2736 2762 exstiterunt
2759 2747 2774 2773 ,
2805 2707 2910 2776 igni
2945 2707 3300 2760 tradiderunt.
3336 2706 3401 2760 Et

1843 2810 1900 2854 ttt
1931 2800 2169 2869 apertius
2199 2799 2473 2858 dicamus.
2527 2799 2784 2853 ecclesias
2828 2807 3038 2852 nostras
3067 2799 3397 2868 depopulati,

1840 2887 2298 2941 conturbaverunt
2326 2903 2338 2938 :
2383 2895 2435 2939 et
2463 2886 2587 2938 facti
2628 2896 2755 2938 sunt
2783 2886 3057 2940 hmreseon
3086 2886 3361 2957 principes
3381 2925 3398 2946 ,

1841 2977 1933 3044 qui
1962 2985 2116 3030 erant
2162 2976 2435 3044 principes
2468 2975 2812 3030 sacerdotum
2839 2992 2854 3039 ;
2903 2982 2958 3029 et
2990 2990 3086 3044 pro
3117 2989 3248 3044 pace
3279 2975 3400 3042 qui-

1843 3070 1963 3123 dem
2002 3069 2404 3122 contentionem
2456 3066 2656 3136 populo
2696 3067 3134 3120 acclamavernnt
3175 3083 3189 3120 :
3238 3082 3400 3131 porru

1844 3174 1942 3229 pro
1977 3161 2249 3213 frumento
2283 3159 2492 3212 zizania
2536 3159 2592 3211 in
2644 3157 3030 3211 ecclesiasticis
3060 3158 3203 3211 arvis
3233 3158 3402 3210 senti-

203 3245 483 3318 ‘ApaGtxo‘.
507 3247 676 3311 ὄντες,
701 3244 860 3314 δορὰν
890 3245 1180 3314 προϐάτων
1233 3245 1606 3312 ὑπεκρίθησαν
1657 3246 1742 3298 ὲν-

1846 3254 2148 3312 naverunt;
2181 3246 2363 3298 vinum
2396 3245 2738 3298 miscuerunt
2782 3258 2969 3312 aquae,
3006 3251 3060 3296 et
3092 3243 3399 3311 proximum
3472 3245 3476 3248 ’

190 3337 457 3390 δύσασθαι
487 3353 500 3367 ·
541 3338 632 3388 καὶ
657 3337 763 3406 τὴν.
809 3335 1065 3405 ἀλήθειαν
1125 3333 1638 3406 παραλογιζόμενοι.
1685 3336 1743 3388 τὸ

191 3426 389 3495 ψεῦδος
415 3427 813 3480 ἐπεσπάσαντο.
873 3425 1026 3478 Ἀλλ”
1055 3425 1139 3491 ea
1191 3427 1432 3478 ἀσπίδων
1483 3424 1744 3497 ἔρῤηξαν,

193 3519 287 3570 καὶ
321 3518 464 3569 ἱστὸν
497 3518 736 3586 ἀράχνης
756 3515 895 3568 κατά
926 3516 1016 3567 τὸν
1054 3517 1339 3585 προφήτην
1369 3515 1580 3582 ῦφαναν
1608 3533 1621 3546 ·
1650 3518 1742 3568 καὶ

191 3610 221 3660 ὁ
270 3605 477 3676 μέλλων
507 3607 615 3658 τῶν
653 3605 774 3658 ὠῶν
801 3605 979 3659 αὐτῶν
1030 3608 1245 3674 φαγεῖν,
1303 3605 1597 3677 συντρίψας
1651 3606 1741 3658 οῦ-

195 3693 311 3765 ριόν
339 3697 509 3766 εῦροι,
537 3697 632 3750 καί
661 3699 718 3748 ὲν
747 3694 895 3766 αὑτῷ
933 3696 1244 3765 βασιλίσκον
1315 3697 1393 3752 ίοῦ
1426 3699 1519 3768 καξι
1572 3698 1739 3766 πνοῆς

195 3789 568 3862 θανατηφόρου
603 3788 858 3859 γέμοντα.

270 4066 526 4119 Καὶιὲπεὶ
555 4063 726 4118 ταῦτα
757 4063 902 4118 οῦτω
933 4063 1187 4127 διέθεντο,
1223 4064 1315 4116 καὶ¹
1345 4064 1442 4131 τήν
1494 4062 1749 4131 ἀλήθειαν

196 4158 257 4209 τὸ
280 4155 471 4226 ψεῦδος
499 4156 874 4216 κατεϐόσκετο,
899 4157 958 4208 οὑ
994 4156 1426 4223 συνεχωρήσατε,
1459 4153 1748 4223 ἡμερώτα-

197 4246 279 4298 τοί
335 4260 394 4296 τε
427 4246 520 4296 καὶ
554 4243 918 4312 ἀνδρειότατοι
944 4241 1099 4311 ήμῶν
1131 4240 1385 4308 βασιλεῖς,
1413 4241 1470 4291 ἐν
1493 4241 1602 4300 τοῖς
1625 4239 1751 4308 ὑμε-

199 4332 382 4404 τέροις
407 4337 619 4403 χρόνοις
643 4335 742 4402 τὴν
769 4331 910 4386 οὕτω
961 4331 1200 4401 λοιμώδη
1255 4332 1348 4383 καὶ
1404 4330 1748 4400 ψυχοφθόρον

205 4422 423 4494 vltima
453 4425 822 4494 ὲνδιαμὲνειν·
882 4423 1017 4475 ἀλλά
1072 4421 1275 4490 ταύτην
1331 4425 1395 4489 τῇ
1464 4421 1605 4489 αῦρᾳ
1657 4419 1748 4470 τοῦ

201 4521 344 4574 θείου
380 4516 693 4587 Πνεύματος
735 4513 829 4569 τοῦ
889 4517 947 4567 ἐν
998 4516 1124 4582 ὑμῖν
1173 4513 1446 4575 οἰκοῦντος
1495 4513 1754 4582 ἀφανίσαι

203 4606 644 4678 προεθυμήθητε,
678 4607 824 4668 ὅπως
849 4603 1106 4667 εὐσταθὲς
1133 4604 1360 4673 διαμένῃ
1389 4604 1488 4671 τῆς
1537 4601 1755 4679 Ἐκκλη-

1845 3347 2164 3406 potaverunt
2199 3336 2555 3390 subversione
2595 3335 2951 3406 turbulenta:
2997 3343 3052 3388 et
3108 3350 3232 3388 cum
3290 3334 3421 3403 lupi.

1843 3429 2057 3481 Arabici
2104 3438 2318 3492 essent,
2366 3428 2501 3496 pelle
2529 3427 2710 3482 ovium
2756 3442 2815 3481 se
2859 3426 3250 3479 simulaverunt
3283 3441 3404 3478 esse

1845 3508 2062 3572 indutos
2115 3534 2130 3570 :
2191 3527 2244 3571 ct
2301 3517 2529 3571 veritate
2583 3513 2904 3585 parvipensa
2946 3499 3401 3585 [detr-audam].

1845 3608 2185 3660 mendacium
2221 3606 2608 3674 arripuerunt'
2638 3621 2651 3656 :
2706 3606 2796 3659 sed
2833 3589 3212 3687 ovanfiuidutn
3244 3605 3405 3656 tne-
3432 3666 3442 3677 ἱ

1839 3706 1986 3760 runt,
2019 3707 2072 3752 et
2097 3682 2257 3751 telam
2287 3682 3180 3782 araneze'seCundutnpropheta...
3219 3694 3403 3746 texui:-

1835 3797 1978 3851 ruut,
2033 3796 2088 3842 et
2137 3789 2230 3857 qui
2278 3797 2622 3842 comesturus
2663 3795 2764 3849 est,
2813 3801 3001 3840 ovum.
3050 3797 3237 3860 eoﬁrun
3283 3782 3404 3833 .nii-

1843 3892 2044 3945 terens,
2093 3881 2409 3935 calefactum
2458 3879 2781 3950 [putrjdum]
2837 3879 3119 3942 inveniet,-
3148 3888 3200 3931 et
3251 3883 3304 3930 i‘u
3343 3893 3405 3929 et

1827 3976 2077 4043 regulum
2120 3988 2240 4028 esse
2272 3989 2480 4027 veneno
2513 3984 2567 4026 et
2610 3974 2804 4043 spiritu
2851 3971 3132 4026 mortifero
3161 3962 3402 4041 plt-n'utn.

1919 4063 1982 4116 Et
2013 4063 2139 4132 quia
2174 4063 2286 4116 haec
2321 4062 2394 4116 ita
2427 4063 2832 4132 disposuerunt,
2861 4070 2915 4116 et
2941 4063 3220 4116 veritatem
3249 4079 3406 4116 mon.-

1846 4153 2058 4206 dacium
2093 4153 2310 4222 depavit
2330 4190 2345 4216 ,
2389 4167 2495 4208 non
2526 4153 2848 4214 indulsistis,
2875 4152 3295 4206 mansuetissimi
3326 4162 3407 4208 at-

1846 4253 1952 4306 que
2025 4237 2305 4292 fortissimi
2365 4238 2722 4306 imperatores
2787 4239 3009 4302 nostri,
3071 4240 3407 4305 temporibus

1846 4330 2043 4382 vestris
2081 4343 2398 4398 permanere
2434 4341 2542 4405 tam
2580 4329 2916 4398 pestilentem
2952 4339 3007 4382 ct
3038 4329 3253 4382 animas
3283 4345 3408 4382 cnr-
3507 4345 3512 4348 ·

1853 4432 2189 4488 rumpentem
2221 4435 2500 4485 errorem;
2548 4418 2640 4474 aed
2683 4421 2829 4474 hunc
2859 4434 2990 4473 aura
3021 4420 3192 4473 divini
3237 4419 3408 4487 Spiri-

1851 4519 1938 4564 tus
1967 4510 2059 4577 qui
2091 4511 2144 4563 in
2177 4511 2332 4564 vobis
2370 4510 2596 4574 habitat,
2627 4510 2991 4564 exterminare
3024 4511 3361 4579 procurastis
3392 4529 3406 4563 :

1855 4609 2121 4668 quatenus
2177 4599 2385 4654 stabilis
2435 4608 2754 4669 permaneat
2809 4599 3062 4656 Ecclesiae
3121 4609 3322 4673 coetus.
3356 4609 3438 4654 et,

206 4700 328 4761 σίας
364 4697 424 4750 τὸ
446 4698 722 4765 σύστημα,
746 4695 841 4748 καὶ
868 4693 961 4746 τοῦ
993 4693 1197 4755 παντὸς
1228 4693 1472 4762 ὑπηκόου
1499 4691 1561 4744 τὸ
1618 4690 1742 4758 σύγ-

1857 4661 2178 4744 cunctorum
2227 4661 2566 4745 subdito-rum
2601 4690 2818 4758 collatio
2855 4690 3172 4763 [collectio]
3197 4664 3222 4758 ,Ι
3247 4701 3411 4761 atque

207 4804 400 4857 κρῖμα,
433 4786 528 4838 καὶ
554 4785 614 4837 τὸ
640 4783 910 4854 βασίλειον
936 4783 1089 4852 ὑμῶν
1113 4784 1254 4837 κατά
1311 4785 1409 4852 τὴν
1481 4781 1756 4851 ὑμετέραν

205 4871 525 4945 ἐπωνυμίαν.
548 4873 832 4944 εἰρηνικῶς
855 4872 1199 4943 διευθύνηται
1274 4874 1368 4926 καὶ
1402 4873 1502 4926 οὐκ
1534 4872 1756 4924 ἀνεκτὸν

206 4971 240 5039 ἢ
272 4967 507 5039 φορητὸν
541 4964 876 5035 ἡγήσασθαι,
901 4964 972 5017 τά
1004 4963 1104 5033 μὲν
1126 4964 1259 5017 ἀλλα
1314 4965 1555 5033 ὁμονοεῖν
1610 4964 1756 5031 ἡμᾶς

206 5060 302 5112 καὶ
332 5055 785 5126 συμϐιϐἀζεσθαι,
815 5054 944 5123 περὶ
980 5049 1036 5106 at
1067 5052 1129 5106 τὸ
1153 5053 1254 5122 τῆς
1294 5051 1440 5122 ζωῆς
1479 5053 1632 5122 ήμῶν
1667 5070 1758 5105 κε-

209 5149 454 5216 φάλαιον,
483 5147 601 5215 ήτοι
629 5145 726 5214 τὴν
746 5145 969 5215 εἰρήνην
1001 5144 1127 5199 τῶν.
1160 5144 1484 5213 ἐκκλησιῶν,
1548 5144 1756 5197 ἑαυτῶν

208 5233 653 5305 ἀπορῤήγνυσθαι
690 5233 784 5286 καὶ
820 5231 1246 5301 ἁποσχίζεσθαν
1279 5233 1374 5286 καὶ
1404 5231 1577 5285 ταῦτα
1624 5233 1757 5302 Χρι-

211 5327 336 5380 στοῦ
363 5325 651 5394 κεφάλαιον
677 5324 852 5402 6333;,
901 5324 1058 5393 ὴμῶν
1093 5324 1148 5376 δὲ
1201 5323 1430 5393 καθεξῆς
1467 5323 1600 5393 μέλη
1664 5324 1760 5395 καὶ

211 5416 266 5468 ἓν
292 5416 454 5484 σῶμα
487 5415 574 5467 διά
600 5414 701 5482 τῆς
729 5413 865 5484 πρὸς
891 5412 1153 5481 ἀλλήλους
1203 5413 1482 5482 όμοδοξίας
1535 5413 1628 5466 καὶ
1671 5415 1760 5466 πί-

214 5523 402 5567 στεως.
435 5506 523 5557 Διὸ
551 5505 648 5574 τὴν
679 5503 828 5572 ἱερὰν
856 5502 1016 5574 ήμῶν
1041 5502 1136 5553 καὶ
1187 5502 1608 5573 πολυάνθρωπον
1633 5519 1758 5553 συν-

213 5593 904 5669 ἀθροισθῆναι-ἐκελεύσατε
931 5593 1198 5663 ὁμήγυριν
1226 5595 1284 5644 ἐν
1331 5594 1503 5666 ταύτῃ
1552 5597 1616 5664 τῇ
1658 5594 1758 5646 Νι..

214 5689 390 5740 καέων
420 5684 767 5754 μητροπόλει,
794 5683 880 5735 ἵνα
901 5683 998 5750 τὴν
1042 5683 1152 5734 τῶν
1191 5683 1494 5751 ἐκκλησιῶν
1543 5683 1757 5737 διάστα-

287 5867 304 5894 ¹
338 5865 468 5918 Dan.
512 5881 602 5920 χιιι
631 5907 642 5920 .
681 5867 727 5914 Ξ».
808 5867 826 5895 ³
857 5866 952 5919 lsa.
990 5884 1071 5920 th
1100 5910 1112 5930 ,
1151 5869 1243 5922 5-5

1855 4780 2142 4848 imperium
2187 4789 2427 4836 vestrum
2478 4781 2778 4836 secundum
2823 4796 3122 4850 cognomen
3167 4792 3405 4836 vestrum

1859 4869 2082 4938 paciﬁcc
2141 4870 2430 4939 dirigatur.
2495 4868 2606 4922 Nec
2659 4869 2940 4924 tolerabile
3000 4869 3083 4921 vel
3142 4870 3410 4938 portabile

1855 4961 2110 5022 duxistis,
2138 4976 2247 5029 quo
2274 4961 2450 5013 miritis
2478 4975 2648 5013 unum
2695 4959 2827 5030 [Cra
2860 4969 2916 5012 ut
2955 4959 3007 5012 in
3041 4959 3162 5014 aliis
3190 4961 3408 5028 quidem

1859 5065 2027 5103 unum
2051 5086 2066 5112 ,
2101 5048 2252 5119 etc.]
2291 5050 2654 5113 sentiremus,
2700 5057 2754 5101 et
2794 5049 2847 5101 in
2881 5047 3112 5115 idipsum
3148 5033 3409 5101 conreni-

1863 5155 2076 5203 remus,
2106 5150 2161 5194 et
2188 5155 2314 5209 erga
2347 5140 2471 5193 vita:
2501 5148 2702 5193 nostra:
2728 5140 3026 5206 capitulum
3051 5178 3066 5202 ,
3102 5139 3150 5192 id
3185 5147 3268 5193 est
3308 5155 3406 5208 pa-

1861 5243 1983 5283 cem
2014 5227 2377 5282 Ecclesiarum
2401 5266 2416 5289 ,
2458 5242 2617 5280 nemo
2648 5242 2711 5280 ex
2754 5228 2955 5280 nostris
2986 5243 3044 5281 se
3083 5223 3412 5282 discluderet

1860 5328 1914 5373 et
1938 5318 2275 5372 abscinderet
2299 5314 2428 5387 [Gn
2455 5315 2597 5370 Eccl.
2621 5325 2803 5370 essent
2828 5317 2966 5369 inter
2989 5331 3088 5369 nos
3110 5316 3368 5388 dissidia]
3395 5334 3410 5382 ;

1863 5422 1986 5461 cum
2017 5407 2264 5460 Christus
2293 5407 2362 5459 sit
2389 5414 2549 5473 caput
2574 5415 2844 5468 nostrum,
2876 5421 2974 5458 nos
3003 5417 3182 5459 autem
3217 5421 3409 5460 conse-

1865 5508 2092 5566 quenter
2134 5497 2375 5550 membra
2413 5505 2466 5550 et
2511 5512 2676 5550 unum
2723 5510 2918 5564 corpus
2963 5511 3057 5563 per
3111 5507 3309 5550 mutua:
3352 5513 3415 5550 ac
3490 5558 3492 5560 τ

1867 5596 2029 5648 unius
2058 5593 2332 5663 opinionis
2367 5592 2544 5645 (idem.
2595 5592 2818 5658 Propter
2861 5593 3002 5658 quod
3049 5608 3258 5646 sacram
3312 5609 3413 5644 nn-

1866 5694 2032 5740 stram
2078 5695 2132 5740 et
2173 5685 2487 5752 populosam
2519 5683 2832 5752 congregari
2866 5683 3104 5751 jussistis
3143 5693 3413 5737 catervam
