  <div class='ocr_page' id='page_1' title='image "/cluster/home/n/w/nwhite01/storage/ocr_20150623/98/pst.000005714056/760.png"; bbox 0 0 4016 6340; ppageno 0'>
   <div class='ocr_carea' id='block_1_1' title="bbox 160 446 285 518">
    <p class='ocr_par' dir='ltr' id='par_1_1' title="bbox 160 446 285 518">
     <span class='ocr_line' id='line_1_1' title="bbox 160 446 285 518; baseline -0.016 0"><span class='ocrx_word' id='word_1_1' title='bbox 160 446 285 518; x_wconf 58' lang='lat' dir='ltr'><strong>illi)</strong></span> 
     </span>
    </p>
   </div>
   <div class='ocr_carea' id='block_1_2' title="bbox 1547 433 1947 504">
    <p class='ocr_par' dir='ltr' id='par_1_2' title="bbox 1547 433 1947 504">
     <span class='ocr_line' id='line_1_2' title="bbox 1547 433 1947 504; baseline -0.005 0"><span class='ocrx_word' id='word_1_2' title='bbox 1547 433 1947 504; x_wconf 67' lang='lat' dir='ltr'><strong>EPIS’I‘OL/E.</strong></span> 
     </span>
    </p>
   </div>
   <div class='ocr_carea' id='block_1_3' title="bbox 3364 404 3399 421">
    <p class='ocr_par' dir='ltr' id='par_1_3' title="bbox 3364 404 3399 421">
     <span class='ocr_line' id='line_1_3' title="bbox 3364 404 3399 421; baseline 0 -8"><span class='ocrx_word' id='word_1_3' title='bbox 3364 404 3399 421; x_wconf 50' lang='grc' dir='ltr'><em>β</em></span> 
     </span>
    </p>
   </div>
   <div class='ocr_carea' id='block_1_4' title="bbox 3250 430 3384 497">
    <p class='ocr_par' dir='ltr' id='par_1_4' title="bbox 3250 430 3384 497">
     <span class='ocr_line' id='line_1_4' title="bbox 3250 430 3384 497; baseline 0.015 -3"><span class='ocrx_word' id='word_1_4' title='bbox 3250 430 3384 497; x_wconf 73' lang='grc'><strong>1450</strong></span> 
     </span>
    </p>
   </div>
   <div class='ocr_carea' id='block_1_5' title="bbox 158 547 1739 637">
    <p class='ocr_par' dir='ltr' id='par_1_5' title="bbox 158 554 1715 637">
     <span class='ocr_line' id='line_1_5' title="bbox 158 554 1715 637; baseline -0.006 -17"><span class='ocrx_word' id='word_1_5' title='bbox 158 569 258 620; x_wconf 80' lang='grc' dir='ltr'>τῶν</span> <span class='ocrx_word' id='word_1_6' title='bbox 319 564 418 635; x_wconf 80' lang='grc' dir='ltr'><strong>μὲν</strong></span> <span class='ocrx_word' id='word_1_7' title='bbox 470 561 690 626; x_wconf 84' lang='grc' dir='ltr'>λαῖκῶν,</span> <span class='ocrx_word' id='word_1_8' title='bbox 742 562 849 614; x_wconf 85' lang='grc' dir='ltr'><strong>τῶν</strong></span> <span class='ocrx_word' id='word_1_9' title='bbox 896 561 954 614; x_wconf 82' lang='grc' dir='ltr'>δὲ</span> <span class='ocrx_word' id='word_1_10' title='bbox 1003 560 1409 632; x_wconf 81' lang='grc' dir='ltr'>πρεσϐυτέρων,</span> <span class='ocrx_word' id='word_1_11' title='bbox 1467 554 1547 620; x_wconf 76' lang='grc' dir='ltr'>οἷς</span> <span class='ocrx_word' id='word_1_12' title='bbox 1600 559 1715 637; x_wconf 52' lang='lat'><strong>£50-</strong></span> 
     </span>
    </p>
   </div>
   <div class='ocr_carea' id='block_1_6' title="bbox 1837 547 3384 637">
    <p class='ocr_par' dir='ltr' id='par_1_6' title="bbox 1859 547 3384 624">
     <span class='ocr_line' id='line_1_6' title="bbox 1859 547 3384 624; baseline -0.003 -18"><span class='ocrx_word' id='word_1_13' title='bbox 1859 564 1971 608; x_wconf 79' lang='lat' dir='ltr'><strong>aut.</strong></span> <span class='ocrx_word' id='word_1_14' title='bbox 2005 554 2249 624; x_wconf 87' lang='lat' dir='ltr'><strong>Cumque</strong></span> <span class='ocrx_word' id='word_1_15' title='bbox 2276 559 2660 624; x_wconf 88' lang='lat' dir='ltr'><strong>permanerent</strong></span> <span class='ocrx_word' id='word_1_16' title='bbox 2708 558 2873 605; x_wconf 80' lang='lat' dir='ltr'><strong>testes</strong></span> <span class='ocrx_word' id='word_1_17' title='bbox 2908 558 3016 604; x_wconf 87' lang='lat' dir='ltr'><strong>tam</strong></span> <span class='ocrx_word' id='word_1_18' title='bbox 3063 547 3185 602; x_wconf 78' lang='lat' dir='ltr'><strong>inici</strong></span> <span class='ocrx_word' id='word_1_19' title='bbox 3218 563 3384 616; x_wconf 83' lang='lat' dir='ltr'><strong>quam</strong></span> 
     </span>
    </p>
   </div>
   <div class='ocr_carea' id='block_1_7' title="bbox 162 648 1720 726">
    <p class='ocr_par' dir='ltr' id='par_1_7' title="bbox 162 648 1720 726">
     <span class='ocr_line' id='line_1_7' title="bbox 162 648 1720 726; baseline -0.007 -15"><span class='ocrx_word' id='word_1_20' title='bbox 162 659 250 722; x_wconf 79' lang='grc' dir='ltr'>ξαν</span> <span class='ocrx_word' id='word_1_21' title='bbox 278 653 703 726; x_wconf 80' lang='grc' dir='ltr'>τεθαρῤηκέναι·</span> <span class='ocrx_word' id='word_1_22' title='bbox 739 653 900 706; x_wconf 79' lang='grc' dir='ltr'>τινῶν</span> <span class='ocrx_word' id='word_1_23' title='bbox 921 651 985 705; x_wconf 82' lang='grc' dir='ltr'>δὲ</span> <span class='ocrx_word' id='word_1_24' title='bbox 1020 653 1116 706; x_wconf 60' lang='grc' dir='ltr'><strong>καί⁵</strong></span> <span class='ocrx_word' id='word_1_25' title='bbox 1173 651 1471 721; x_wconf 85' lang='grc' dir='ltr'>γυναικῶν,</span> <span class='ocrx_word' id='word_1_26' title='bbox 1532 648 1720 702; x_wconf 77' lang='grc' dir='ltr'>καὶτὰ</span> 
     </span>
    </p>
   </div>
   <div class='ocr_carea' id='block_1_8' title="bbox 161 740 1721 817">
    <p class='ocr_par' dir='ltr' id='par_1_8' title="bbox 161 740 1721 817">
     <span class='ocr_line' id='line_1_8' title="bbox 161 740 1721 817; baseline -0.006 -17"><span class='ocrx_word' id='word_1_27' title='bbox 161 748 270 817; x_wconf 82' lang='grc' dir='ltr'>εἴδη</span> <span class='ocrx_word' id='word_1_28' title='bbox 296 745 404 800; x_wconf 82' lang='grc' dir='ltr'><strong>τῶν</strong></span> <span class='ocrx_word' id='word_1_29' title='bbox 431 745 703 817; x_wconf 72' lang='grc' dir='ltr'>ἐνεχύρων</span> <span class='ocrx_word' id='word_1_30' title='bbox 755 744 1043 812; x_wconf 89' lang='grc' dir='ltr'>λεγόντων,</span> <span class='ocrx_word' id='word_1_31' title='bbox 1069 745 1197 806; x_wconf 78' lang='grc' dir='ltr'>τοὺς</span> <span class='ocrx_word' id='word_1_32' title='bbox 1226 742 1441 805; x_wconf 85' lang='grc' dir='ltr'>τόπους,</span> <span class='ocrx_word' id='word_1_33' title='bbox 1471 741 1563 793; x_wconf 78' lang='grc' dir='ltr'>καὶ</span> <span class='ocrx_word' id='word_1_34' title='bbox 1594 740 1721 801; x_wconf 74' lang='grc' dir='ltr'>τοὺς</span> 
     </span>
    </p>
   </div>
   <div class='ocr_carea' id='block_1_9' title="bbox 1827 635 3386 716">
    <p class='ocr_par' dir='ltr' id='par_1_9' title="bbox 1827 635 3386 716">
     <span class='ocr_line' id='line_1_9' title="bbox 1827 635 3386 716; baseline -0.004 -19"><span class='ocrx_word' id='word_1_35' title='bbox 1827 645 2152 716; x_wconf 88' lang='lat' dir='ltr'><strong>presbyteri,</strong></span> <span class='ocrx_word' id='word_1_36' title='bbox 2189 644 2389 713; x_wconf 86' lang='lat' dir='ltr'><strong>quibus</strong></span> <span class='ocrx_word' id='word_1_37' title='bbox 2426 642 2606 697; x_wconf 86' lang='lat' dir='ltr'><strong>visum</strong></span> <span class='ocrx_word' id='word_1_38' title='bbox 2638 639 2815 696; x_wconf 76' lang='lat' dir='ltr'><strong>fuerat</strong></span> <span class='ocrx_word' id='word_1_39' title='bbox 2867 641 3096 695; x_wconf 82' lang='lat' dir='ltr'><strong>ﬁdenter</strong></span> <span class='ocrx_word' id='word_1_40' title='bbox 3135 635 3250 710; x_wconf 67' lang='lat' dir='ltr'><strong>[Cn</strong></span> <span class='ocrx_word' id='word_1_41' title='bbox 3283 638 3386 691; x_wconf 84' lang='lat' dir='ltr'><strong>visi</strong></span> 
     </span>
    </p>
   </div>
   <div class='ocr_carea' id='block_1_10' title="bbox 1825 730 3388 806">
    <p class='ocr_par' dir='ltr' id='par_1_10' title="bbox 1825 730 3388 806">
     <span class='ocr_line' id='line_1_10' title="bbox 1825 730 3388 806; baseline -0.004 -18"><span class='ocrx_word' id='word_1_42' title='bbox 1825 734 2039 790; x_wconf 83' lang='lat' dir='ltr'><strong>fuerant</strong></span> <span class='ocrx_word' id='word_1_43' title='bbox 2058 733 2352 806; x_wconf 83' lang='lat' dir='ltr'><strong>conlidere]</strong></span> <span class='ocrx_word' id='word_1_44' title='bbox 2384 747 2505 788; x_wconf 87' lang='lat' dir='ltr'><strong>esse</strong></span> <span class='ocrx_word' id='word_1_45' title='bbox 2527 733 2854 787; x_wconf 87' lang='lat' dir='ltr'><strong>credendmn</strong></span> <span class='ocrx_word' id='word_1_46' title='bbox 2884 730 3176 798; x_wconf 82' lang='lat' dir='ltr'><strong>;,quaedam</strong></span> <span class='ocrx_word' id='word_1_47' title='bbox 3206 738 3388 783; x_wconf 88' lang='lat' dir='ltr'><strong>autem</strong></span> 
     </span>
    </p>
   </div>
   <div class='ocr_carea' id='block_1_11' title="bbox 162 816 1739 905">
    <p class='ocr_par' dir='ltr' id='par_1_11' title="bbox 162 828 1722 902">
     <span class='ocr_line' id='line_1_11' title="bbox 162 828 1722 902; baseline -0.004 -15"><span class='ocrx_word' id='word_1_48' title='bbox 162 834 405 902; x_wconf 79' lang='grc' dir='ltr'>καιροὺς,</span> <span class='ocrx_word' id='word_1_49' title='bbox 456 832 551 886; x_wconf 72' lang='grc' dir='ltr'>καὶ</span> <span class='ocrx_word' id='word_1_50' title='bbox 575 831 674 902; x_wconf 79' lang='grc' dir='ltr'>τὴν</span> <span class='ocrx_word' id='word_1_51' title='bbox 727 833 1021 901; x_wconf 76' lang='grc' dir='ltr'><strong>ποσότητα,</strong></span> <span class='ocrx_word' id='word_1_52' title='bbox 1056 832 1117 885; x_wconf 81' lang='grc' dir='ltr'>οὐ</span> <span class='ocrx_word' id='word_1_53' title='bbox 1147 828 1497 893; x_wconf 82' lang='grc' dir='ltr'>πάνυ.’καλῶς</span> <span class='ocrx_word' id='word_1_54' title='bbox 1546 828 1722 882; x_wconf 76' lang='grc' dir='ltr'>αὐτῶν</span> 
     </span>
    </p>
   </div>
   <div class='ocr_carea' id='block_1_12' title="bbox 1837 816 3393 905">
    <p class='ocr_par' dir='ltr' id='par_1_12' title="bbox 1837 816 3393 905">
     <span class='ocr_line' id='line_1_12' title="bbox 1837 816 3393 905; baseline -0.003 -24"><span class='ocrx_word' id='word_1_55' title='bbox 1837 836 1877 881; x_wconf 69' lang='lat' dir='ltr'><strong>et</strong></span> <span class='ocrx_word' id='word_1_56' title='bbox 1904 827 2206 881; x_wconf 83' lang='lat' dir='ltr'><strong>mulieres:</strong></span> <span class='ocrx_word' id='word_1_57' title='bbox 2247 825 2410 881; x_wconf 89' lang='lat' dir='ltr'><strong>etiam</strong></span> <span class='ocrx_word' id='word_1_58' title='bbox 2460 825 2667 894; x_wconf 80' lang='lat' dir='ltr'><strong>species</strong></span> <span class='ocrx_word' id='word_1_59' title='bbox 2722 823 3008 894; x_wconf 78' lang='lat' dir='ltr'><strong>pignorum</strong></span> <span class='ocrx_word' id='word_1_60' title='bbox 3070 816 3306 890; x_wconf 80' lang='lat' dir='ltr'><strong>praefati,</strong></span> <span class='ocrx_word' id='word_1_61' title='bbox 3337 832 3393 905; x_wconf 78' lang='lat' dir='ltr'><strong>et</strong></span> 
     </span>
    </p>
   </div>
   <div class='ocr_carea' id='block_1_13' title="bbox 160 921 1723 995">
    <p class='ocr_par' dir='ltr' id='par_1_13' title="bbox 160 921 1723 995">
     <span class='ocr_line' id='line_1_13' title="bbox 160 921 1723 995; baseline -0.003 -19"><span class='ocrx_word' id='word_1_62' title='bbox 160 924 504 995; x_wconf 77' lang='grc' dir='ltr'><strong>διακειμένης</strong></span> <span class='ocrx_word' id='word_1_63' title='bbox 555 924 655 994; x_wconf 87' lang='grc' dir='ltr'><strong>τῆς</strong></span> <span class='ocrx_word' id='word_1_64' title='bbox 714 924 1117 995; x_wconf 83' lang='grc' dir='ltr'>συνειδήσεως,</span> <span class='ocrx_word' id='word_1_65' title='bbox 1171 923 1481 993; x_wconf 73' lang='grc' dir='ltr'><strong>αὐθαίρετοι</strong></span> <span class='ocrx_word' id='word_1_66' title='bbox 1531 921 1723 991; x_wconf 76' lang='grc' dir='ltr'>ὁμολο-</span> 
     </span>
    </p>
   </div>
   <div class='ocr_carea' id='block_1_14' title="bbox 162 1014 1722 1086">
    <p class='ocr_par' dir='ltr' id='par_1_14' title="bbox 162 1014 1722 1086">
     <span class='ocr_line' id='line_1_14' title="bbox 162 1014 1722 1086; baseline -0.002 -18"><span class='ocrx_word' id='word_1_67' title='bbox 162 1014 319 1083; x_wconf 80' lang='grc' dir='ltr'>γοῦσι</span> <span class='ocrx_word' id='word_1_68' title='bbox 342 1016 466 1086; x_wconf 85' lang='grc' dir='ltr'>δίχα</span> <span class='ocrx_word' id='word_1_69' title='bbox 519 1014 721 1086; x_wconf 86' lang='grc' dir='ltr'>πολλῆς</span> <span class='ocrx_word' id='word_1_70' title='bbox 764 1016 1010 1085; x_wconf 80' lang='grc' dir='ltr'><strong>ἀνάγκης</strong></span> <span class='ocrx_word' id='word_1_71' title='bbox 1041 1030 1057 1046; x_wconf 92' lang='grc'><strong>·</strong></span> <span class='ocrx_word' id='word_1_72' title='bbox 1096 1017 1178 1069; x_wconf 89' lang='grc' dir='ltr'>ὃτι</span> <span class='ocrx_word' id='word_1_73' title='bbox 1207 1014 1539 1084; x_wconf 75' lang='grc' dir='ltr'><strong>δεδώκαμεν,</strong></span> <span class='ocrx_word' id='word_1_74' title='bbox 1590 1016 1722 1081; x_wconf 79' lang='grc' dir='ltr'><strong>ὁμο-</strong></span> 
     </span>
    </p>
   </div>
   <div class='ocr_carea' id='block_1_15' title="bbox 162 1105 1726 1177">
    <p class='ocr_par' dir='ltr' id='par_1_15' title="bbox 162 1105 1726 1177">
     <span class='ocr_line' id='line_1_15' title="bbox 162 1105 1726 1177; baseline -0.001 -19"><span class='ocrx_word' id='word_1_75' title='bbox 162 1106 449 1175; x_wconf 84' lang='grc' dir='ltr'>λογοῦμεν,</span> <span class='ocrx_word' id='word_1_76' title='bbox 482 1108 577 1159; x_wconf 76' lang='grc' dir='ltr'><strong>καὶ</strong></span> <span class='ocrx_word' id='word_1_77' title='bbox 626 1107 932 1177; x_wconf 79' lang='grc' dir='ltr'><strong>γεγόναμεν</strong></span> <span class='ocrx_word' id='word_1_78' title='bbox 963 1106 1220 1176; x_wconf 82' lang='grc' dir='ltr'><strong>τοιαύτην</strong></span> <span class='ocrx_word' id='word_1_79' title='bbox 1249 1105 1567 1175; x_wconf 79' lang='grc' dir='ltr'>νομίσαντες</span> <span class='ocrx_word' id='word_1_80' title='bbox 1596 1106 1726 1157; x_wconf 84' lang='grc' dir='ltr'>ἁκο-</span> 
     </span>
    </p>
   </div>
   <div class='ocr_carea' id='block_1_16' title="bbox 162 1193 1728 1268">
    <p class='ocr_par' dir='ltr' id='par_1_16' title="bbox 162 1193 1728 1268">
     <span class='ocr_line' id='line_1_16' title="bbox 162 1193 1728 1268; baseline -0.002 -18"><span class='ocrx_word' id='word_1_81' title='bbox 162 1196 379 1250; x_wconf 81' lang='grc' dir='ltr'>λουθίαν</span> <span class='ocrx_word' id='word_1_82' title='bbox 442 1193 601 1252; x_wconf 81' lang='grc' dir='ltr'>εἶναι.</span> <span class='ocrx_word' id='word_1_83' title='bbox 646 1199 761 1250; x_wconf 81' lang='grc' dir='ltr'>Ἵνα</span> <span class='ocrx_word' id='word_1_84' title='bbox 793 1197 1038 1268; x_wconf 78' lang='grc' dir='ltr'><strong>δόξωμεν</strong></span> <span class='ocrx_word' id='word_1_85' title='bbox 1071 1199 1171 1268; x_wconf 89' lang='grc' dir='ltr'><strong>τῆς</strong></span> <span class='ocrx_word' id='word_1_86' title='bbox 1209 1193 1403 1266; x_wconf 83' lang='grc' dir='ltr'>βουλῆς</span> <span class='ocrx_word' id='word_1_87' title='bbox 1439 1197 1537 1265; x_wconf 88' lang='grc' dir='ltr'><strong>τῆς</strong></span> <span class='ocrx_word' id='word_1_88' title='bbox 1561 1195 1728 1266; x_wconf 86' lang='grc' dir='ltr'>δημο-</span> 
     </span>
    </p>
   </div>
   <div class='ocr_carea' id='block_1_17' title="bbox 163 1286 1727 1360">
    <p class='ocr_par' dir='ltr' id='par_1_17' title="bbox 163 1286 1727 1360">
     <span class='ocr_line' id='line_1_17' title="bbox 163 1286 1727 1360; baseline -0.002 -19"><span class='ocrx_word' id='word_1_89' title='bbox 163 1289 283 1352; x_wconf 86' lang='grc' dir='ltr'>σίας</span> <span class='ocrx_word' id='word_1_90' title='bbox 330 1287 766 1360; x_wconf 81' lang='grc' dir='ltr'>ὲλευθεροῦσθαι.</span> <span class='ocrx_word' id='word_1_91' title='bbox 826 1289 937 1341; x_wconf 71' lang='grc' dir='ltr'><strong>Καὶ</strong></span> <span class='ocrx_word' id='word_1_92' title='bbox 966 1288 1062 1341; x_wconf 84' lang='grc' dir='ltr'>νῦν</span> <span class='ocrx_word' id='word_1_93' title='bbox 1093 1287 1348 1358; x_wconf 86' lang='grc' dir='ltr'>δεόμεθα,</span> <span class='ocrx_word' id='word_1_94' title='bbox 1382 1288 1431 1340; x_wconf 86' lang='grc' dir='ltr'><strong>εί</strong></span> <span class='ocrx_word' id='word_1_95' title='bbox 1457 1287 1557 1356; x_wconf 82' lang='grc' dir='ltr'><strong>μέν</strong></span> <span class='ocrx_word' id='word_1_96' title='bbox 1579 1286 1727 1338; x_wconf 80' lang='grc' dir='ltr'>ἐστιν</span> 
     </span>
    </p>
   </div>
   <div class='ocr_carea' id='block_1_18' title="bbox 163 1362 1723 1449">
    <p class='ocr_par' dir='ltr' id='par_1_18' title="bbox 163 1362 1723 1449">
     <span class='ocr_line' id='line_1_18' title="bbox 163 1362 1723 1449; baseline -0.003 -17"><span class='ocrx_word' id='word_1_97' title='bbox 163 1381 305 1432; x_wconf 84' lang='grc' dir='ltr'>ὅσιον</span> <span class='ocrx_word' id='word_1_98' title='bbox 358 1379 506 1449; x_wconf 81' lang='grc' dir='ltr'>ἡμᾶς</span> <span class='ocrx_word' id='word_1_99' title='bbox 537 1374 678 1432; x_wconf 78' lang='grc' dir='ltr'>εἶναι</span> <span class='ocrx_word' id='word_1_100' title='bbox 726 1381 783 1432; x_wconf 75' lang='grc' dir='ltr'>ἐν</span> <span class='ocrx_word' id='word_1_101' title='bbox 813 1381 881 1449; x_wconf 80' lang='grc' dir='ltr'><strong>τῇ</strong></span> <span class='ocrx_word' id='word_1_102' title='bbox 912 1379 1224 1449; x_wconf 76' lang='grc' dir='ltr'>λειτουργίᾳ</span> <span class='ocrx_word' id='word_1_103' title='bbox 1258 1380 1362 1445; x_wconf 84' lang='grc' dir='ltr'><strong>τῆς</strong></span> <span class='ocrx_word' id='word_1_104' title='bbox 1388 1362 1681 1445; x_wconf 73' lang='grc' dir='ltr'><strong>ἐκκλησίας</strong></span> <span class='ocrx_word' id='word_1_105' title='bbox 1704 1391 1723 1409; x_wconf 79' lang='grc'><em>’</em></span> 
     </span>
    </p>
   </div>
   <div class='ocr_carea' id='block_1_19' title="bbox 162 1464 1725 1540">
    <p class='ocr_par' dir='ltr' id='par_1_19' title="bbox 162 1464 1725 1540">
     <span class='ocr_line' id='line_1_19' title="bbox 162 1464 1725 1540; baseline -0.001 -21"><span class='ocrx_word' id='word_1_106' title='bbox 162 1468 282 1520; x_wconf 70' lang='grc' dir='ltr'>ἐπεὶ</span> <span class='ocrx_word' id='word_1_107' title='bbox 334 1469 438 1521; x_wconf 71' lang='grc' dir='ltr'>κᾶν</span> <span class='ocrx_word' id='word_1_108' title='bbox 482 1468 557 1522; x_wconf 73' lang='grc' dir='ltr'>¹τδ</span> <span class='ocrx_word' id='word_1_109' title='bbox 603 1468 826 1540; x_wconf 89' lang='grc' dir='ltr'>χρυσίον</span> <span class='ocrx_word' id='word_1_110' title='bbox 860 1469 888 1519; x_wconf 85' lang='grc' dir='ltr'><strong>ὃ</strong></span> <span class='ocrx_word' id='word_1_111' title='bbox 936 1466 1267 1537; x_wconf 81' lang='grc' dir='ltr'>δεδώκαμεν,</span> <span class='ocrx_word' id='word_1_112' title='bbox 1319 1466 1407 1520; x_wconf 80' lang='grc' dir='ltr'><strong>ἱνα</strong></span> <span class='ocrx_word' id='word_1_113' title='bbox 1453 1464 1725 1535; x_wconf 79' lang='grc' dir='ltr'>λάϐωμεν.</span> 
     </span>
    </p>
   </div>
   <div class='ocr_carea' id='block_1_20' title="bbox 165 1555 1727 1631">
    <p class='ocr_par' dir='ltr' id='par_1_20' title="bbox 165 1555 1727 1631">
     <span class='ocr_line' id='line_1_20' title="bbox 165 1555 1727 1631; baseline -0.005 -15"><span class='ocrx_word' id='word_1_114' title='bbox 165 1561 281 1616; x_wconf 82' lang='grc' dir='ltr'><strong>Τῶν</strong></span> <span class='ocrx_word' id='word_1_115' title='bbox 309 1560 418 1631; x_wconf 80' lang='grc' dir='ltr'><strong>γὰρ</strong></span> <span class='ocrx_word' id='word_1_116' title='bbox 465 1560 749 1628; x_wconf 78' lang='grc' dir='ltr'>γυναικῶν</span> <span class='ocrx_word' id='word_1_117' title='bbox 785 1558 977 1630; x_wconf 63' lang='grc' dir='ltr'>ἡμῶν,</span> <span class='ocrx_word' id='word_1_118' title='bbox 1004 1559 1320 1629; x_wconf 76' lang='grc' dir='ltr'>δεδώκαμεν</span> <span class='ocrx_word' id='word_1_119' title='bbox 1366 1574 1487 1611; x_wconf 85' lang='grc' dir='ltr'>τινα</span> <span class='ocrx_word' id='word_1_120' title='bbox 1537 1555 1727 1626; x_wconf 86' lang='grc' dir='ltr'>σκεύη.</span> 
     </span>
    </p>
   </div>
   <div class='ocr_carea' id='block_1_21' title="bbox 176 1643 1731 1718">
    <p class='ocr_par' dir='ltr' id='par_1_21' title="bbox 176 1643 1731 1718">
     <span class='ocr_line' id='line_1_21' title="bbox 176 1643 1731 1718; baseline -0.002 -19"><span class='ocrx_word' id='word_1_121' title='bbox 176 1648 425 1717; x_wconf 82' lang='grc' dir='ltr'>Ἰωάννης</span> <span class='ocrx_word' id='word_1_122' title='bbox 454 1647 591 1718; x_wconf 69' lang='grc' dir='ltr'>πρὸς</span> <span class='ocrx_word' id='word_1_123' title='bbox 636 1646 810 1699; x_wconf 84' lang='grc' dir='ltr'>ταῦτα</span> <span class='ocrx_word' id='word_1_124' title='bbox 835 1646 1104 1716; x_wconf 78' lang='grc' dir='ltr'>ὑπέσχετο</span> <span class='ocrx_word' id='word_1_125' title='bbox 1147 1649 1212 1717; x_wconf 80' lang='grc' dir='ltr'>τῇ</span> <span class='ocrx_word' id='word_1_126' title='bbox 1240 1645 1460 1715; x_wconf 81' lang='grc' dir='ltr'>συνόδῳ,</span> <span class='ocrx_word' id='word_1_127' title='bbox 1492 1645 1575 1698; x_wconf 79' lang='grc' dir='ltr'>ὅτι</span> <span class='ocrx_word' id='word_1_128' title='bbox 1622 1643 1731 1696; x_wconf 77' lang='grc' dir='ltr'><strong>Τοῦ</strong></span> 
     </span>
    </p>
   </div>
   <div class='ocr_carea' id='block_1_22' title="bbox 167 1735 1734 1817">
    <p class='ocr_par' dir='ltr' id='par_1_22' title="bbox 167 1735 1734 1817">
     <span class='ocr_line' id='line_1_22' title="bbox 167 1735 1734 1817; baseline -0.002 -27"><span class='ocrx_word' id='word_1_129' title='bbox 167 1738 263 1807; x_wconf 81' lang='grc' dir='ltr'><strong>μὲν</strong></span> <span class='ocrx_word' id='word_1_130' title='bbox 315 1737 695 1807; x_wconf 82' lang='grc' dir='ltr'>βουλευτηρίου</span> <span class='ocrx_word' id='word_1_131' title='bbox 747 1737 858 1808; x_wconf 74' lang='grc' dir='ltr'><strong>ἐγὼ</strong></span> <span class='ocrx_word' id='word_1_132' title='bbox 906 1739 1104 1800; x_wconf 80' lang='grc' dir='ltr'>αὐτοὺς</span> <span class='ocrx_word' id='word_1_133' title='bbox 1163 1740 1259 1791; x_wconf 80' lang='grc' dir='ltr'>σὺν</span> <span class='ocrx_word' id='word_1_134' title='bbox 1290 1736 1410 1806; x_wconf 86' lang='grc' dir='ltr'><strong>Θεῷ</strong></span> <span class='ocrx_word' id='word_1_135' title='bbox 1451 1735 1734 1817; x_wconf 72' lang='grc' dir='ltr'>ἀπαλλάσ-</span> 
     </span>
    </p>
   </div>
   <div class='ocr_carea' id='block_1_23' title="bbox 164 1827 1728 1899">
    <p class='ocr_par' dir='ltr' id='par_1_23' title="bbox 164 1827 1728 1899">
     <span class='ocr_line' id='line_1_23' title="bbox 164 1827 1728 1899; baseline -0.002 -18"><span class='ocrx_word' id='word_1_136' title='bbox 164 1846 241 1881; x_wconf 91' lang='grc' dir='ltr'><strong>σω</strong></span> <span class='ocrx_word' id='word_1_137' title='bbox 276 1870 291 1894; x_wconf 90' lang='grc'><strong>,</strong></span> <span class='ocrx_word' id='word_1_138' title='bbox 339 1827 573 1893; x_wconf 79' lang='grc' dir='ltr'><strong>ἀξιώσας</strong></span> <span class='ocrx_word' id='word_1_139' title='bbox 625 1828 716 1882; x_wconf 81' lang='grc' dir='ltr'>τὸν</span> <span class='ocrx_word' id='word_1_140' title='bbox 773 1829 1035 1899; x_wconf 72' lang='grc' dir='ltr'>βασιλέαο</span> <span class='ocrx_word' id='word_1_141' title='bbox 1075 1830 1235 1899; x_wconf 78' lang='grc' dir='ltr'>ὑμεῖς</span> <span class='ocrx_word' id='word_1_142' title='bbox 1280 1828 1339 1880; x_wconf 78' lang='grc' dir='ltr'>δὲ</span> <span class='ocrx_word' id='word_1_143' title='bbox 1384 1827 1728 1898; x_wconf 79' lang='grc' dir='ltr'>προστάξατε</span> 
     </span>
    </p>
   </div>
   <div class='ocr_carea' id='block_1_24' title="bbox 166 1902 1733 1990">
    <p class='ocr_par' dir='ltr' id='par_1_24' title="bbox 166 1908 1733 1990">
     <span class='ocr_line' id='line_1_24' title="bbox 166 1908 1733 1990; baseline -0.004 -17"><span class='ocrx_word' id='word_1_144' title='bbox 166 1922 360 1984; x_wconf 75' lang='grc' dir='ltr'>αὐτοὺς</span> <span class='ocrx_word' id='word_1_145' title='bbox 383 1921 564 1974; x_wconf 85' lang='grc' dir='ltr'>λαϐεῖν</span> <span class='ocrx_word' id='word_1_146' title='bbox 593 1920 629 1974; x_wconf 80' lang='grc' dir='ltr'>ἃ</span> <span class='ocrx_word' id='word_1_147' title='bbox 652 1914 912 1975; x_wconf 78' lang='grc' dir='ltr'>δεδώκασι</span> <span class='ocrx_word' id='word_1_148' title='bbox 938 1919 1089 1990; x_wconf 87' lang='grc' dir='ltr'><strong>παρά</strong></span> <span class='ocrx_word' id='word_1_149' title='bbox 1110 1919 1217 1972; x_wconf 81' lang='grc' dir='ltr'><strong>τῶν</strong></span> <span class='ocrx_word' id='word_1_150' title='bbox 1255 1908 1574 1972; x_wconf 78' lang='grc' dir='ltr'>Ἀντωνίνου</span> <span class='ocrx_word' id='word_1_151' title='bbox 1603 1917 1733 1987; x_wconf 83' lang='grc' dir='ltr'>κλη-</span> 
     </span>
    </p>
   </div>
   <div class='ocr_carea' id='block_1_25' title="bbox 167 2007 1734 2082">
    <p class='ocr_par' dir='ltr' id='par_1_25' title="bbox 167 2007 1734 2082">
     <span class='ocr_line' id='line_1_25' title="bbox 167 2007 1734 2082; baseline -0.004 -17"><span class='ocrx_word' id='word_1_152' title='bbox 167 2011 432 2081; x_wconf 73' lang='grc' dir='ltr'>ρονόμων.</span> <span class='ocrx_word' id='word_1_153' title='bbox 490 2009 829 2082; x_wconf 80' lang='grc' dir='ltr'>Προσέταξεν</span> <span class='ocrx_word' id='word_1_154' title='bbox 874 2012 908 2080; x_wconf 84' lang='grc' dir='ltr'><strong>ἡ</strong></span> <span class='ocrx_word' id='word_1_155' title='bbox 951 2010 1189 2075; x_wconf 81' lang='grc' dir='ltr'><strong>σύνοδος,</strong></span> <span class='ocrx_word' id='word_1_156' title='bbox 1242 2008 1305 2062; x_wconf 85' lang='grc' dir='ltr'><strong>τδ</strong></span> <span class='ocrx_word' id='word_1_157' title='bbox 1353 2009 1454 2080; x_wconf 78' lang='grc' dir='ltr'><strong>μὲν</strong></span> <span class='ocrx_word' id='word_1_158' title='bbox 1508 2007 1734 2079; x_wconf 85' lang='grc' dir='ltr'>χρυσίον</span> 
     </span>
    </p>
   </div>
   <div class='ocr_carea' id='block_1_26' title="bbox 163 2096 1732 2171">
    <p class='ocr_par' dir='ltr' id='par_1_26' title="bbox 163 2096 1732 2171">
     <span class='ocr_line' id='line_1_26' title="bbox 163 2096 1732 2171; baseline -0.005 -15"><span class='ocrx_word' id='word_1_159' title='bbox 163 2102 363 2165; x_wconf 70' lang='grc' dir='ltr'>αὐτοὺς</span> <span class='ocrx_word' id='word_1_160' title='bbox 423 2102 605 2155; x_wconf 81' lang='grc' dir='ltr'>λαϐεῖν</span> <span class='ocrx_word' id='word_1_161' title='bbox 652 2099 804 2171; x_wconf 76' lang='grc' dir='ltr'>παρὰ</span> <span class='ocrx_word' id='word_1_162' title='bbox 843 2099 952 2153; x_wconf 81' lang='grc' dir='ltr'>τῶν</span> <span class='ocrx_word' id='word_1_163' title='bbox 1004 2098 1358 2170; x_wconf 78' lang='grc' dir='ltr'><strong>κληρονόμων</strong></span> <span class='ocrx_word' id='word_1_164' title='bbox 1389 2096 1732 2160; x_wconf 80' lang='grc' dir='ltr'>Ἀντωνίνου,</span> 
     </span>
    </p>
   </div>
   <div class='ocr_carea' id='block_1_27' title="bbox 167 2187 1736 2261">
    <p class='ocr_par' dir='ltr' id='par_1_27' title="bbox 167 2187 1736 2261">
     <span class='ocr_line' id='line_1_27' title="bbox 167 2187 1736 2261; baseline -0.003 -14"><span class='ocrx_word' id='word_1_165' title='bbox 167 2194 523 2251; x_wconf 60' lang='grc' dir='ltr'>κοινωνεῖνηδὲ</span> <span class='ocrx_word' id='word_1_166' title='bbox 547 2192 693 2247; x_wconf 73' lang='grc' dir='ltr'>ἔνδον</span> <span class='ocrx_word' id='word_1_167' title='bbox 743 2192 853 2261; x_wconf 50' lang='grc' dir='ltr'><strong>τού</strong></span> <span class='ocrx_word' id='word_1_168' title='bbox 903 2191 1320 2261; x_wconf 77' lang='grc' dir='ltr'>θυσιαστηρίου,</span> <span class='ocrx_word' id='word_1_169' title='bbox 1377 2187 1516 2245; x_wconf 79' lang='grc' dir='ltr'>εἶναι</span> <span class='ocrx_word' id='word_1_170' title='bbox 1544 2189 1600 2242; x_wconf 86' lang='grc' dir='ltr'>δὲ</span> <span class='ocrx_word' id='word_1_171' title='bbox 1616 2188 1736 2242; x_wconf 76' lang='grc' dir='ltr'>,ἀπὸ</span> 
     </span>
    </p>
   </div>
   <div class='ocr_carea' id='block_1_28' title="bbox 165 2282 1737 2357">
    <p class='ocr_par' dir='ltr' id='par_1_28' title="bbox 165 2282 1737 2357">
     <span class='ocr_line' id='line_1_28' title="bbox 165 2282 1737 2357; baseline -0.002 -19"><span class='ocrx_word' id='word_1_172' title='bbox 165 2287 360 2356; x_wconf 78' lang='grc' dir='ltr'>ἱερέων</span> <span class='ocrx_word' id='word_1_173' title='bbox 380 2304 393 2317; x_wconf 86' lang='grc'>·</span> <span class='ocrx_word' id='word_1_174' title='bbox 425 2285 619 2356; x_wconf 80' lang='grc' dir='ltr'>ἵναμὴ</span> <span class='ocrx_word' id='word_1_175' title='bbox 642 2284 857 2339; x_wconf 83' lang='grc' dir='ltr'>τούτων</span> <span class='ocrx_word' id='word_1_176' title='bbox 900 2285 1383 2357; x_wconf 75' lang='grc' dir='ltr'>συγχωρηθέντων,</span> <span class='ocrx_word' id='word_1_177' title='bbox 1426 2282 1545 2346; x_wconf 82' lang='grc' dir='ltr'>ἔθος</span> <span class='ocrx_word' id='word_1_178' title='bbox 1575 2283 1737 2351; x_wconf 69' lang='grc' dir='ltr'>γένη-υ</span> 
     </span>
    </p>
   </div>
   <div class='ocr_carea' id='block_1_29' title="bbox 165 2374 1738 2447">
    <p class='ocr_par' dir='ltr' id='par_1_29' title="bbox 165 2374 1738 2447">
     <span class='ocr_line' id='line_1_29' title="bbox 165 2374 1738 2447; baseline -0.001 -18"><span class='ocrx_word' id='word_1_179' title='bbox 165 2396 255 2429; x_wconf 82' lang='grc' dir='ltr'><strong>ται</strong></span> <span class='ocrx_word' id='word_1_180' title='bbox 288 2378 578 2430; x_wconf 74' lang='grc' dir='ltr'>Ἰουδαϊκὸν</span> <span class='ocrx_word' id='word_1_181' title='bbox 595 2378 626 2447; x_wconf 78' lang='grc' dir='ltr'><strong>ἦ</strong></span> <span class='ocrx_word' id='word_1_182' title='bbox 645 2376 938 2445; x_wconf 83' lang='grc' dir='ltr'>Αίγύπτιον</span> <span class='ocrx_word' id='word_1_183' title='bbox 965 2378 1059 2430; x_wconf 81' lang='grc' dir='ltr'>τοῦ</span> <span class='ocrx_word' id='word_1_184' title='bbox 1095 2377 1298 2430; x_wconf 73' lang='grc' dir='ltr'>πωλεῖν</span> <span class='ocrx_word' id='word_1_185' title='bbox 1330 2377 1425 2429; x_wconf 77' lang='grc' dir='ltr'><strong>καὶ</strong></span> <span class='ocrx_word' id='word_1_186' title='bbox 1449 2374 1738 2445; x_wconf 76' lang='grc' dir='ltr'>ἀγοράζειν</span> 
     </span>
    </p>
   </div>
   <div class='ocr_carea' id='block_1_30' title="bbox 164 2464 1741 2538">
    <p class='ocr_par' dir='ltr' id='par_1_30' title="bbox 164 2464 1741 2538">
     <span class='ocr_line' id='line_1_30' title="bbox 164 2464 1741 2538; baseline -0.001 -20"><span class='ocrx_word' id='word_1_187' title='bbox 164 2470 263 2538; x_wconf 75' lang='grc' dir='ltr'>τὴν</span> <span class='ocrx_word' id='word_1_188' title='bbox 300 2467 616 2537; x_wconf 84' lang='grc' dir='ltr'>ἱερωσύνην.</span> <span class='ocrx_word' id='word_1_189' title='bbox 652 2468 788 2520; x_wconf 74' lang='grc' dir='ltr'>Φασὶ</span> <span class='ocrx_word' id='word_1_190' title='bbox 847 2467 957 2537; x_wconf 82' lang='grc' dir='ltr'>γὰρ</span> <span class='ocrx_word' id='word_1_191' title='bbox 1002 2466 1092 2519; x_wconf 78' lang='grc' dir='ltr'>τὸν</span> <span class='ocrx_word' id='word_1_192' title='bbox 1149 2465 1402 2537; x_wconf 79' lang='grc' dir='ltr'>λυμεῶνα</span> <span class='ocrx_word' id='word_1_193' title='bbox 1459 2466 1555 2533; x_wconf 77' lang='grc' dir='ltr'>καὶ</span> <span class='ocrx_word' id='word_1_194' title='bbox 1608 2464 1741 2534; x_wconf 76' lang='grc' dir='ltr'>ψευ-</span> 
     </span>
    </p>
   </div>
   <div class='ocr_carea' id='block_1_31' title="bbox 165 2552 1738 2627">
    <p class='ocr_par' dir='ltr' id='par_1_31' title="bbox 165 2552 1738 2627">
     <span class='ocr_line' id='line_1_31' title="bbox 165 2552 1738 2627; baseline -0.003 -19"><span class='ocrx_word' id='word_1_195' title='bbox 165 2557 411 2626; x_wconf 56' lang='grc' dir='ltr'>δώνυμον</span> <span class='ocrx_word' id='word_1_196' title='bbox 437 2556 779 2627; x_wconf 79' lang='grc' dir='ltr'>πατριάρχην</span> <span class='ocrx_word' id='word_1_197' title='bbox 822 2557 929 2609; x_wconf 82' lang='grc' dir='ltr'><strong>τῶν</strong></span> <span class='ocrx_word' id='word_1_198' title='bbox 972 2555 1244 2610; x_wconf 81' lang='grc' dir='ltr'>Ἰουδαίων</span> <span class='ocrx_word' id='word_1_199' title='bbox 1267 2555 1385 2609; x_wconf 88' lang='grc' dir='ltr'>κατ’</span> <span class='ocrx_word' id='word_1_200' title='bbox 1424 2554 1545 2617; x_wconf 79' lang='grc' dir='ltr'>ἔτος</span> <span class='ocrx_word' id='word_1_201' title='bbox 1576 2552 1738 2622; x_wconf 86' lang='grc' dir='ltr'>ἀμεί-</span> 
     </span>
    </p>
   </div>
   <div class='ocr_carea' id='block_1_32' title="bbox 168 2644 1738 2720">
    <p class='ocr_par' dir='ltr' id='par_1_32' title="bbox 168 2644 1738 2720">
     <span class='ocr_line' id='line_1_32' title="bbox 168 2644 1738 2720; baseline -0.002 -22"><span class='ocrx_word' id='word_1_202' title='bbox 168 2654 304 2712; x_wconf 65' lang='grc' dir='ltr'>ὕειν,</span> <span class='ocrx_word' id='word_1_203' title='bbox 332 2647 472 2718; x_wconf 78' lang='grc' dir='ltr'>ἢκαὶ</span> <span class='ocrx_word' id='word_1_204' title='bbox 499 2649 630 2718; x_wconf 83' lang='grc' dir='ltr'>παρ’</span> <span class='ocrx_word' id='word_1_205' title='bbox 657 2646 778 2712; x_wconf 71' lang='grc' dir='ltr'>ἔτος</span> <span class='ocrx_word' id='word_1_206' title='bbox 804 2650 932 2711; x_wconf 81' lang='grc' dir='ltr'>τοὺς</span> <span class='ocrx_word' id='word_1_207' title='bbox 952 2645 1463 2720; x_wconf 81' lang='grc' dir='ltr'>ἀρχισυναγώγους,</span> <span class='ocrx_word' id='word_1_208' title='bbox 1489 2645 1580 2696; x_wconf 72' lang='grc' dir='ltr'><strong>ἐπὶ</strong></span> <span class='ocrx_word' id='word_1_209' title='bbox 1614 2644 1738 2697; x_wconf 88' lang='grc' dir='ltr'>συλ-</span> 
     </span>
    </p>
   </div>
   <div class='ocr_carea' id='block_1_33' title="bbox 166 2734 1743 2808">
    <p class='ocr_par' dir='ltr' id='par_1_33' title="bbox 166 2734 1743 2808">
     <span class='ocr_line' id='line_1_33' title="bbox 166 2734 1743 2808; baseline -0.003 -19"><span class='ocrx_word' id='word_1_210' title='bbox 166 2738 302 2807; x_wconf 55' lang='grc' dir='ltr'>λογῇ</span> <span class='ocrx_word' id='word_1_211' title='bbox 337 2737 430 2790; x_wconf 80' lang='grc' dir='ltr'>τοῦ</span> <span class='ocrx_word' id='word_1_212' title='bbox 460 2737 755 2808; x_wconf 61' lang='grc' dir='ltr'>ἀργυρίων</span> <span class='ocrx_word' id='word_1_213' title='bbox 788 2740 989 2808; x_wconf 73' lang='grc' dir='ltr'>ὁμοίως</span> <span class='ocrx_word' id='word_1_214' title='bbox 1019 2738 1113 2791; x_wconf 80' lang='grc' dir='ltr'>καὶ</span> <span class='ocrx_word' id='word_1_215' title='bbox 1173 2737 1264 2789; x_wconf 79' lang='grc' dir='ltr'>τὸν</span> <span class='ocrx_word' id='word_1_216' title='bbox 1313 2735 1562 2806; x_wconf 82' lang='grc' dir='ltr'>ζηλωτὴν</span> <span class='ocrx_word' id='word_1_217' title='bbox 1618 2734 1743 2786; x_wconf 84' lang='grc' dir='ltr'>τού-</span> 
     </span>
    </p>
   </div>
   <div class='ocr_carea' id='block_1_34' title="bbox 167 2823 1743 2900">
    <p class='ocr_par' dir='ltr' id='par_1_34' title="bbox 167 2823 1743 2900">
     <span class='ocr_line' id='line_1_34' title="bbox 167 2823 1743 2900; baseline -0.001 -20"><span class='ocrx_word' id='word_1_218' title='bbox 167 2846 261 2881; x_wconf 85' lang='grc' dir='ltr'><strong>του</strong></span> <span class='ocrx_word' id='word_1_219' title='bbox 324 2827 430 2881; x_wconf 83' lang='grc' dir='ltr'><strong>τῶν</strong></span> <span class='ocrx_word' id='word_1_220' title='bbox 485 2828 795 2898; x_wconf 76' lang='grc' dir='ltr'>Αἰγυπτίων</span> <span class='ocrx_word' id='word_1_221' title='bbox 849 2829 1229 2900; x_wconf 71' lang='grc' dir='ltr'>πατριάρχηψ</span> <span class='ocrx_word' id='word_1_222' title='bbox 1257 2828 1346 2881; x_wconf 84' lang='grc' dir='ltr'>ἵνα</span> <span class='ocrx_word' id='word_1_223' title='bbox 1389 2823 1649 2897; x_wconf 83' lang='grc' dir='ltr'>πληρωθῇ</span> <span class='ocrx_word' id='word_1_224' title='bbox 1682 2825 1743 2878; x_wconf 75' lang='grc' dir='ltr'>τὸ</span> 
     </span>
    </p>
   </div>
   <div class='ocr_carea' id='block_1_35' title="bbox 170 2916 1745 2991">
    <p class='ocr_par' dir='ltr' id='par_1_35' title="bbox 170 2916 1745 2991">
     <span class='ocr_line' id='line_1_35' title="bbox 170 2916 1745 2991; baseline -0.003 -17"><span class='ocrx_word' id='word_1_225' title='bbox 170 2920 515 2991; x_wconf 77' lang='grc' dir='ltr'>προφητικόν</span> <span class='ocrx_word' id='word_1_226' title='bbox 534 2938 546 2951; x_wconf 89' lang='grc'><strong>·</strong></span> <span class='ocrx_word' id='word_1_227' title='bbox 588 2938 607 2971; x_wconf 72' lang='grc' dir='ltr'><strong>ι</strong></span> <span class='ocrx_word' id='word_1_228' title='bbox 631 2921 694 2973; x_wconf 87' lang='grc' dir='ltr'>Οἱ</span> <span class='ocrx_word' id='word_1_229' title='bbox 725 2922 890 2991; x_wconf 77' lang='grc' dir='ltr'>ἱερεῖς</span> <span class='ocrx_word' id='word_1_230' title='bbox 918 2922 1088 2990; x_wconf 78' lang='grc' dir='ltr'>αὐτῆς</span> <span class='ocrx_word' id='word_1_231' title='bbox 1124 2919 1266 2990; x_wconf 73' lang='grc' dir='ltr'>μετὰ</span> <span class='ocrx_word' id='word_1_232' title='bbox 1293 2916 1481 2989; x_wconf 86' lang='grc' dir='ltr'>δώρων</span> <span class='ocrx_word' id='word_1_233' title='bbox 1510 2916 1745 2988; x_wconf 66' lang='grc' dir='ltr'>ἀπεκρὶη</span> 
     </span>
    </p>
   </div>
   <div class='ocr_carea' id='block_1_36' title="bbox 169 3011 1746 3084">
    <p class='ocr_par' dir='ltr' id='par_1_36' title="bbox 169 3011 1746 3084">
     <span class='ocr_line' id='line_1_36' title="bbox 169 3011 1746 3084; baseline -0.001 -17"><span class='ocrx_word' id='word_1_234' title='bbox 169 3030 346 3079; x_wconf 82' lang='grc' dir='ltr'>νοντο,</span> <span class='ocrx_word' id='word_1_235' title='bbox 374 3013 465 3066; x_wconf 74' lang='grc' dir='ltr'>καὶ</span> <span class='ocrx_word' id='word_1_236' title='bbox 496 3013 543 3066; x_wconf 88' lang='grc' dir='ltr'><strong>οἱ</strong></span> <span class='ocrx_word' id='word_1_237' title='bbox 586 3012 858 3084; x_wconf 79' lang='grc' dir='ltr'>προφῆται</span> <span class='ocrx_word' id='word_1_238' title='bbox 891 3013 1061 3083; x_wconf 73' lang='grc' dir='ltr'>αὐτῆς</span> <span class='ocrx_word' id='word_1_239' title='bbox 1089 3012 1228 3083; x_wconf 84' lang='grc' dir='ltr'><strong>μετά</strong></span> <span class='ocrx_word' id='word_1_240' title='bbox 1264 3011 1528 3084; x_wconf 83' lang='grc' dir='ltr'>ἀργυρίου</span> <span class='ocrx_word' id='word_1_241' title='bbox 1578 3013 1746 3083; x_wconf 76' lang='grc' dir='ltr'>ἐμαν-</span> 
     </span>
    </p>
   </div>
   <div class='ocr_carea' id='block_1_37' title="bbox 166 3092 1314 3187">
    <p class='ocr_par' dir='ltr' id='par_1_37' title="bbox 166 3092 1314 3187">
     <span class='ocr_line' id='line_1_37' title="bbox 166 3092 1314 3187; baseline -0.002 -29"><span class='ocrx_word' id='word_1_242' title='bbox 166 3107 413 3187; x_wconf 58' lang='grc' dir='ltr'>τεύοντο.</span> <span class='ocrx_word' id='word_1_243' title='bbox 440 3125 458 3158; x_wconf 76' lang='grc' dir='ltr'><strong>ι</strong></span> <span class='ocrx_word' id='word_1_244' title='bbox 482 3132 490 3140; x_wconf 87' lang='grc'><strong>·</strong></span> <span class='ocrx_word' id='word_1_245' title='bbox 1302 3092 1314 3111; x_wconf 53' lang='grc'>⁸</span> 
     </span>
    </p>
   </div>
   <div class='ocr_carea' id='block_1_38' title="bbox 181 3196 1743 3265">
    <p class='ocr_par' dir='ltr' id='par_1_38' title="bbox 181 3196 1743 3265">
     <span class='ocr_line' id='line_1_38' title="bbox 181 3196 1743 3265; baseline -0.001 -14"><span class='ocrx_word' id='word_1_246' title='bbox 181 3201 278 3253; x_wconf 66' lang='grc' dir='ltr'>Ἰδκ</span> <span class='ocrx_word' id='word_1_247' title='bbox 316 3198 432 3253; x_wconf 70' lang='grc' dir='ltr'>τῶν</span> <span class='ocrx_word' id='word_1_248' title='bbox 483 3202 760 3256; x_wconf 76' lang='grc' dir='ltr'>κανόνων</span> <span class='ocrx_word' id='word_1_249' title='bbox 792 3198 912 3252; x_wconf 79' lang='grc' dir='ltr'><strong>τῶν</strong></span> <span class='ocrx_word' id='word_1_250' title='bbox 965 3196 1303 3262; x_wconf 76' lang='grc' dir='ltr'>ἑξακοσίων</span> <span class='ocrx_word' id='word_1_251' title='bbox 1328 3196 1646 3265; x_wconf 74' lang='grc' dir='ltr'>τριάκοντα</span> <span class='ocrx_word' id='word_1_252' title='bbox 1680 3197 1743 3249; x_wconf 85' lang='lat' dir='ltr'><strong>d-</strong></span> 
     </span>
    </p>
   </div>
   <div class='ocr_carea' id='block_1_39' title="bbox 240 3266 1741 3338">
    <p class='ocr_par' dir='ltr' id='par_1_39' title="bbox 240 3266 1741 3338">
     <span class='ocr_line' id='line_1_39' title="bbox 240 3266 1741 3338; baseline -0.003 -16"><span class='ocrx_word' id='word_1_253' title='bbox 240 3272 393 3338; x_wconf 74' lang='grc' dir='ltr'>γίων</span> <span class='ocrx_word' id='word_1_254' title='bbox 418 3270 693 3338; x_wconf 82' lang='grc' dir='ltr'>Πατέρων</span> <span class='ocrx_word' id='word_1_255' title='bbox 716 3267 836 3323; x_wconf 76' lang='grc' dir='ltr'>τῶν</span> <span class='ocrx_word' id='word_1_256' title='bbox 851 3268 922 3323; x_wconf 74' lang='grc' dir='ltr'><strong>ὲν</strong></span> <span class='ocrx_word' id='word_1_257' title='bbox 938 3266 1278 3335; x_wconf 73' lang='grc' dir='ltr'>Χαλκηδόνι</span> <span class='ocrx_word' id='word_1_258' title='bbox 1298 3266 1741 3331; x_wconf 76' lang='grc' dir='ltr'>συνελθόντων,</span> 
     </span>
    </p>
   </div>
   <div class='ocr_carea' id='block_1_40' title="bbox 240 3339 761 3408">
    <p class='ocr_par' dir='ltr' id='par_1_40' title="bbox 240 3339 761 3408">
     <span class='ocr_line' id='line_1_40' title="bbox 240 3339 761 3408; baseline 0 -15"><span class='ocrx_word' id='word_1_259' title='bbox 240 3339 446 3393; x_wconf 78' lang='grc' dir='ltr'>κανὼν</span> <span class='ocrx_word' id='word_1_260' title='bbox 462 3339 761 3408; x_wconf 81' lang='grc' dir='ltr'>δεύτερος.</span> 
     </span>
    </p>
   </div>
   <div class='ocr_carea' id='block_1_41' title="bbox 239 3428 1745 3502">
    <p class='ocr_par' dir='ltr' id='par_1_41' title="bbox 239 3428 1745 3502">
     <span class='ocr_line' id='line_1_41' title="bbox 239 3428 1745 3502; baseline -0.001 -18"><span class='ocrx_word' id='word_1_261' title='bbox 239 3431 311 3484; x_wconf 81' lang='grc' dir='ltr'><strong>Εἴ</strong></span> <span class='ocrx_word' id='word_1_262' title='bbox 338 3449 420 3494; x_wconf 86' lang='grc' dir='ltr'><strong>τις</strong></span> <span class='ocrx_word' id='word_1_263' title='bbox 467 3432 765 3493; x_wconf 81' lang='grc' dir='ltr'>ἐπίσκοπος</span> <span class='ocrx_word' id='word_1_264' title='bbox 795 3431 889 3483; x_wconf 71' lang='grc' dir='ltr'><strong>ἐπὶ</strong></span> <span class='ocrx_word' id='word_1_265' title='bbox 931 3428 1180 3502; x_wconf 82' lang='grc' dir='ltr'>χρήμασι</span> <span class='ocrx_word' id='word_1_266' title='bbox 1235 3429 1568 3502; x_wconf 73' lang='grc' dir='ltr'>χειροτονίαν</span> <span class='ocrx_word' id='word_1_267' title='bbox 1592 3430 1745 3498; x_wconf 79' lang='grc' dir='ltr'>ποιή·</span> 
     </span>
    </p>
   </div>
   <div class='ocr_carea' id='block_1_42' title="bbox 169 3523 1747 3595">
    <p class='ocr_par' dir='ltr' id='par_1_42' title="bbox 169 3523 1747 3595">
     <span class='ocr_line' id='line_1_42' title="bbox 169 3523 1747 3595; baseline -0.001 -18"><span class='ocrx_word' id='word_1_268' title='bbox 169 3538 349 3587; x_wconf 77' lang='grc' dir='ltr'>σαιτο,</span> <span class='ocrx_word' id='word_1_269' title='bbox 398 3523 492 3579; x_wconf 72' lang='grc' dir='ltr'>καὶ</span> <span class='ocrx_word' id='word_1_270' title='bbox 519 3524 599 3586; x_wconf 82' lang='grc' dir='ltr'><strong>είς</strong></span> <span class='ocrx_word' id='word_1_271' title='bbox 656 3524 860 3595; x_wconf 86' lang='grc' dir='ltr'>πράσιν</span> <span class='ocrx_word' id='word_1_272' title='bbox 911 3524 1353 3595; x_wconf 40' lang='grc' dir='ltr'>καταγάγῃ-τὴν</span> <span class='ocrx_word' id='word_1_273' title='bbox 1380 3525 1627 3594; x_wconf 79' lang='grc' dir='ltr'>ἄπρατον</span> <span class='ocrx_word' id='word_1_274' title='bbox 1649 3524 1747 3593; x_wconf 85' lang='grc' dir='ltr'><strong>χά-</strong></span> 
     </span>
    </p>
   </div>
   <div class='ocr_carea' id='block_1_43' title="bbox 169 3614 1742 3691">
    <p class='ocr_par' dir='ltr' id='par_1_43' title="bbox 169 3614 1742 3691">
     <span class='ocr_line' id='line_1_43' title="bbox 169 3614 1742 3691; baseline -0.003 -19"><span class='ocrx_word' id='word_1_275' title='bbox 169 3634 280 3691; x_wconf 89' lang='grc' dir='ltr'>ριν,</span> <span class='ocrx_word' id='word_1_276' title='bbox 318 3619 412 3671; x_wconf 77' lang='grc' dir='ltr'>καὶ</span> <span class='ocrx_word' id='word_1_277' title='bbox 460 3619 815 3688; x_wconf 78' lang='grc' dir='ltr'>χειροτονήσῃ</span> <span class='ocrx_word' id='word_1_278' title='bbox 864 3618 975 3672; x_wconf 76' lang='grc' dir='ltr'><strong>ἐπὶ</strong></span> <span class='ocrx_word' id='word_1_279' title='bbox 1025 3619 1306 3689; x_wconf 83' lang='grc' dir='ltr'>χρήμασιν</span> <span class='ocrx_word' id='word_1_280' title='bbox 1355 3614 1742 3684; x_wconf 82' lang='grc' dir='ltr'>ὲπίσκοπον,ἢ</span> 
     </span>
    </p>
   </div>
   <div class='ocr_carea' id='block_1_44' title="bbox 167 3706 1745 3782">
    <p class='ocr_par' dir='ltr' id='par_1_44' title="bbox 167 3706 1745 3782">
     <span class='ocr_line' id='line_1_44' title="bbox 167 3706 1745 3782; baseline -0.003 -18"><span class='ocrx_word' id='word_1_281' title='bbox 167 3711 613 3782; x_wconf 86' lang='grc' dir='ltr'>χωρεπίσκοπον,</span> <span class='ocrx_word' id='word_1_282' title='bbox 645 3712 677 3780; x_wconf 82' lang='grc' dir='ltr'>ἢ</span> <span class='ocrx_word' id='word_1_283' title='bbox 707 3710 1104 3780; x_wconf 86' lang='grc' dir='ltr'>πρεσϐύτερον,</span> <span class='ocrx_word' id='word_1_284' title='bbox 1139 3711 1233 3763; x_wconf 74' lang='grc' dir='ltr'>καὶ</span> <span class='ocrx_word' id='word_1_285' title='bbox 1263 3706 1534 3771; x_wconf 78' lang='grc' dir='ltr'>διάκονον,</span> <span class='ocrx_word' id='word_1_286' title='bbox 1566 3708 1597 3779; x_wconf 70' lang='grc' dir='ltr'><strong>ἢ</strong></span> <span class='ocrx_word' id='word_1_287' title='bbox 1628 3708 1745 3760; x_wconf 77' lang='grc' dir='ltr'>ἓτε-</span> 
     </span>
    </p>
   </div>
   <div class='ocr_carea' id='block_1_45' title="bbox 169 3800 1748 3874">
    <p class='ocr_par' dir='ltr' id='par_1_45' title="bbox 169 3800 1748 3874">
     <span class='ocr_line' id='line_1_45' title="bbox 169 3800 1748 3874; baseline -0.003 -17"><span class='ocrx_word' id='word_1_288' title='bbox 169 3805 537 3873; x_wconf 55' lang='grc' dir='ltr'>ρόνπτινατῶν</span> <span class='ocrx_word' id='word_1_289' title='bbox 566 3806 624 3861; x_wconf 74' lang='grc' dir='ltr'>ὲν</span> <span class='ocrx_word' id='word_1_290' title='bbox 648 3802 724 3873; x_wconf 84' lang='grc' dir='ltr'>τῷ</span> <span class='ocrx_word' id='word_1_291' title='bbox 750 3804 937 3874; x_wconf 82' lang='grc' dir='ltr'>κλήρῳ</span> <span class='ocrx_word' id='word_1_292' title='bbox 967 3801 1519 3872; x_wconf 80' lang='grc' dir='ltr'>καταριθμουμένων,</span> <span class='ocrx_word' id='word_1_293' title='bbox 1548 3800 1580 3871; x_wconf 80' lang='grc' dir='ltr'>ἢ</span> <span class='ocrx_word' id='word_1_294' title='bbox 1612 3818 1748 3871; x_wconf 88' lang='grc' dir='ltr'>προ-</span> 
     </span>
    </p>
   </div>
   <div class='ocr_carea' id='block_1_46' title="bbox 164 3893 1746 3968">
    <p class='ocr_par' dir='ltr' id='par_1_46' title="bbox 164 3893 1746 3968">
     <span class='ocr_line' id='line_1_46' title="bbox 164 3893 1746 3968; baseline -0.004 -17"><span class='ocrx_word' id='word_1_295' title='bbox 164 3898 422 3952; x_wconf 79' lang='grc' dir='ltr'>ϐἀλλοιτο</span> <span class='ocrx_word' id='word_1_296' title='bbox 472 3899 563 3951; x_wconf 72' lang='grc' dir='ltr'><strong>ἐπὶ</strong></span> <span class='ocrx_word' id='word_1_297' title='bbox 617 3898 893 3968; x_wconf 81' lang='grc' dir='ltr'>χρήμασιν</span> <span class='ocrx_word' id='word_1_298' title='bbox 955 3896 1257 3965; x_wconf 56' lang='grc' dir='ltr'>οἰκονόμοι,</span> <span class='ocrx_word' id='word_1_299' title='bbox 1298 3896 1331 3967; x_wconf 78' lang='grc' dir='ltr'>ἦ</span> <span class='ocrx_word' id='word_1_300' title='bbox 1383 3895 1616 3959; x_wconf 72' lang='grc' dir='ltr'>ἔκδικον,</span> <span class='ocrx_word' id='word_1_301' title='bbox 1652 3893 1746 3947; x_wconf 79' lang='grc' dir='ltr'>καὶ</span> 
     </span>
    </p>
   </div>
   <div class='ocr_carea' id='block_1_47' title="bbox 166 3980 1748 4057">
    <p class='ocr_par' dir='ltr' id='par_1_47' title="bbox 166 3980 1748 4057">
     <span class='ocr_line' id='line_1_47' title="bbox 166 3980 1748 4057; baseline -0.004 -19"><span class='ocrx_word' id='word_1_302' title='bbox 166 3986 611 4057; x_wconf 83' lang='grc' dir='ltr'>παραμονάριον,</span> <span class='ocrx_word' id='word_1_303' title='bbox 664 3986 697 4056; x_wconf 77' lang='grc' dir='ltr'>ἢ</span> <span class='ocrx_word' id='word_1_304' title='bbox 744 3984 889 4047; x_wconf 71' lang='grc' dir='ltr'>ὅλως.</span> <span class='ocrx_word' id='word_1_305' title='bbox 927 3985 1049 4038; x_wconf 78' lang='grc' dir='ltr'>τινὰ</span> <span class='ocrx_word' id='word_1_306' title='bbox 1099 3983 1197 4036; x_wconf 81' lang='grc' dir='ltr'><strong>τοῦ</strong></span> <span class='ocrx_word' id='word_1_307' title='bbox 1243 3983 1490 4047; x_wconf 86' lang='grc' dir='ltr'>κανόνος,</span> <span class='ocrx_word' id='word_1_308' title='bbox 1547 3982 1614 4034; x_wconf 86' lang='grc' dir='ltr'><strong>δι’</strong></span> <span class='ocrx_word' id='word_1_309' title='bbox 1669 3980 1748 4033; x_wconf 89' lang='grc' dir='ltr'>αἱ-</span> 
     </span>
    </p>
   </div>
   <div class='ocr_carea' id='block_1_48' title="bbox 165 4072 1747 4151">
    <p class='ocr_par' dir='ltr' id='par_1_48' title="bbox 165 4072 1747 4151">
     <span class='ocr_line' id='line_1_48' title="bbox 165 4072 1747 4151; baseline -0.008 -16"><span class='ocrx_word' id='word_1_310' title='bbox 165 4080 559 4151; x_wconf 83' lang='grc' dir='ltr'>σχροκέρδειαν</span> <span class='ocrx_word' id='word_1_311' title='bbox 616 4075 1078 4141; x_wconf 81' lang='grc' dir='ltr'>οἱκείαν,ὀτοῦτο</span> <span class='ocrx_word' id='word_1_312' title='bbox 1133 4075 1513 4146; x_wconf 71' lang='grc' dir='ltr'>ἐπιχειρήσας,</span> <span class='ocrx_word' id='word_1_313' title='bbox 1566 4072 1747 4142; x_wconf 76' lang='grc' dir='ltr'>ἐλεγχ-</span> 
     </span>
    </p>
   </div>
   <div class='ocr_carea' id='block_1_49' title="bbox 161 4163 1747 4238">
    <p class='ocr_par' dir='ltr' id='par_1_49' title="bbox 161 4163 1747 4238">
     <span class='ocr_line' id='line_1_49' title="bbox 161 4163 1747 4238; baseline -0.004 -14"><span class='ocrx_word' id='word_1_314' title='bbox 161 4171 282 4235; x_wconf 72' lang='grc' dir='ltr'>θεὶς</span> <span class='ocrx_word' id='word_1_315' title='bbox 334 4169 695 4223; x_wconf 79' lang='grc' dir='ltr'>κινδυνευέτω</span> <span class='ocrx_word' id='word_1_316' title='bbox 755 4170 884 4238; x_wconf 87' lang='grc' dir='ltr'>περ).</span> <span class='ocrx_word' id='word_1_317' title='bbox 936 4167 1027 4221; x_wconf 84' lang='grc' dir='ltr'>τὸν</span> <span class='ocrx_word' id='word_1_318' title='bbox 1080 4169 1280 4221; x_wconf 81' lang='grc' dir='ltr'>οίκείον</span> <span class='ocrx_word' id='word_1_319' title='bbox 1316 4165 1562 4236; x_wconf 85' lang='grc' dir='ltr'>βαθμόν’</span> <span class='ocrx_word' id='word_1_320' title='bbox 1598 4163 1747 4218; x_wconf 80' lang='grc' dir='ltr'>καὶὸ</span> 
     </span>
    </p>
   </div>
   <div class='ocr_carea' id='block_1_50' title="bbox 162 4255 1746 4334">
    <p class='ocr_par' dir='ltr' id='par_1_50' title="bbox 162 4255 1746 4334">
     <span class='ocr_line' id='line_1_50' title="bbox 162 4255 1746 4334; baseline -0.005 -19"><span class='ocrx_word' id='word_1_321' title='bbox 162 4260 677 4334; x_wconf 74' lang='grc' dir='ltr'>χειροτονούμενος,</span> <span class='ocrx_word' id='word_1_322' title='bbox 713 4259 884 4330; x_wconf 75' lang='grc' dir='ltr'>μηδὲν</span> <span class='ocrx_word' id='word_1_323' title='bbox 915 4262 980 4312; x_wconf 83' lang='grc' dir='ltr'>ὲκ</span> <span class='ocrx_word' id='word_1_324' title='bbox 1008 4259 1108 4326; x_wconf 87' lang='grc' dir='ltr'><strong>τῆς</strong></span> <span class='ocrx_word' id='word_1_325' title='bbox 1163 4258 1280 4311; x_wconf 81' lang='grc' dir='ltr'>κατ’</span> <span class='ocrx_word' id='word_1_326' title='bbox 1308 4257 1577 4328; x_wconf 75' lang='grc' dir='ltr'>ἐμπορίαν</span> <span class='ocrx_word' id='word_1_327' title='bbox 1602 4255 1746 4325; x_wconf 76' lang='grc' dir='ltr'><strong>ὠφε-</strong></span> 
     </span>
    </p>
   </div>
   <div class='ocr_carea' id='block_1_51' title="bbox 160 4344 1744 4421">
    <p class='ocr_par' dir='ltr' id='par_1_51' title="bbox 160 4344 1744 4421">
     <span class='ocr_line' id='line_1_51' title="bbox 160 4344 1744 4421; baseline -0.007 -14"><span class='ocrx_word' id='word_1_328' title='bbox 160 4351 370 4408; x_wconf 82' lang='grc' dir='ltr'>λείσθω</span> <span class='ocrx_word' id='word_1_329' title='bbox 428 4351 767 4421; x_wconf 84' lang='grc' dir='ltr'>χειροτονίας</span> <span class='ocrx_word' id='word_1_330' title='bbox 809 4347 843 4418; x_wconf 80' lang='grc' dir='ltr'>ἢ</span> <span class='ocrx_word' id='word_1_331' title='bbox 885 4347 1179 4419; x_wconf 87' lang='grc' dir='ltr'>προϐολῆς,</span> <span class='ocrx_word' id='word_1_332' title='bbox 1231 4347 1348 4400; x_wconf 82' lang='grc' dir='ltr'>ἀλλ’</span> <span class='ocrx_word' id='word_1_333' title='bbox 1390 4346 1539 4399; x_wconf 77' lang='grc' dir='ltr'>,ἔστω</span> <span class='ocrx_word' id='word_1_334' title='bbox 1587 4344 1744 4398; x_wconf 78' lang='grc' dir='ltr'>ἀλλά-ι</span> 
     </span>
    </p>
   </div>
   <div class='ocr_carea' id='block_1_52' title="bbox 159 4430 1745 4520">
    <p class='ocr_par' dir='ltr' id='par_1_52' title="bbox 159 4430 1745 4520">
     <span class='ocr_line' id='line_1_52' title="bbox 159 4430 1745 4520; baseline -0.008 -20"><span class='ocrx_word' id='word_1_335' title='bbox 159 4463 321 4520; x_wconf 83' lang='grc' dir='ltr'>τριος</span> <span class='ocrx_word' id='word_1_336' title='bbox 382 4446 482 4516; x_wconf 84' lang='grc' dir='ltr'><strong>τῆς</strong></span> <span class='ocrx_word' id='word_1_337' title='bbox 538 4441 756 4511; x_wconf 68' lang='grc' dir='ltr'>ἀξίαιςῆ</span> <span class='ocrx_word' id='word_1_338' title='bbox 801 4439 895 4493; x_wconf 81' lang='grc' dir='ltr'>τοῦ</span> <span class='ocrx_word' id='word_1_339' title='bbox 955 4438 1395 4518; x_wconf 55' lang='grc' dir='ltr'>φροντίσματος,</span> <span class='ocrx_word' id='word_1_340' title='bbox 1432 4430 1603 4507; x_wconf 72' lang='grc' dir='ltr'>οὗπερ</span> <span class='ocrx_word' id='word_1_341' title='bbox 1652 4436 1745 4488; x_wconf 72' lang='grc' dir='ltr'><strong>ἐπὶ</strong></span> 
     </span>
    </p>
   </div>
   <div class='ocr_carea' id='block_1_53' title="bbox 1827 912 3390 985">
    <p class='ocr_par' dir='ltr' id='par_1_53' title="bbox 1827 912 3390 985">
     <span class='ocr_line' id='line_1_53' title="bbox 1827 912 3390 985; baseline -0.001 -18"><span class='ocrx_word' id='word_1_342' title='bbox 1827 916 1962 980; x_wconf 86' lang='lat' dir='ltr'><strong>loca,</strong></span> <span class='ocrx_word' id='word_1_343' title='bbox 1998 928 2048 970; x_wconf 90' lang='lat' dir='ltr'><strong>et</strong></span> <span class='ocrx_word' id='word_1_344' title='bbox 2104 924 2368 985; x_wconf 87' lang='lat' dir='ltr'><strong>tempora,</strong></span> <span class='ocrx_word' id='word_1_345' title='bbox 2403 924 2456 970; x_wconf 91' lang='lat' dir='ltr'><strong>et</strong></span> <span class='ocrx_word' id='word_1_346' title='bbox 2487 914 2885 985; x_wconf 85' lang='lat' dir='ltr'><strong>quantitatem;</strong></span> <span class='ocrx_word' id='word_1_347' title='bbox 2943 927 3049 967; x_wconf 93' lang='lat' dir='ltr'><strong>non</strong></span> <span class='ocrx_word' id='word_1_348' title='bbox 3094 912 3390 966; x_wconf 87' lang='lat' dir='ltr'><strong>admodum</strong></span> 
     </span>
    </p>
   </div>
   <div class='ocr_carea' id='block_1_54' title="bbox 1828 1002 3393 1075">
    <p class='ocr_par' dir='ltr' id='par_1_54' title="bbox 1828 1002 3393 1075">
     <span class='ocr_line' id='line_1_54' title="bbox 1828 1002 3393 1075; baseline -0.004 -15"><span class='ocrx_word' id='word_1_349' title='bbox 1828 1006 1966 1071; x_wconf 84' lang='lat' dir='ltr'><strong>bene</strong></span> <span class='ocrx_word' id='word_1_350' title='bbox 1985 1007 2320 1062; x_wconf 87' lang='lat' dir='ltr'><strong>conscientia</strong></span> <span class='ocrx_word' id='word_1_351' title='bbox 2353 1021 2452 1060; x_wconf 80' lang='lat' dir='ltr'><strong>sua</strong></span> <span class='ocrx_word' id='word_1_352' title='bbox 2477 1005 2763 1075; x_wconf 84' lang='lat' dir='ltr'><strong>disposita,</strong></span> <span class='ocrx_word' id='word_1_353' title='bbox 2794 1005 3027 1059; x_wconf 89' lang='lat' dir='ltr'><strong>ultronei</strong></span> <span class='ocrx_word' id='word_1_354' title='bbox 3065 1002 3393 1059; x_wconf 77' lang='lat' dir='ltr'><strong>conﬁtentur</strong></span> 
     </span>
    </p>
   </div>
   <div class='ocr_carea' id='block_1_55' title="bbox 1827 1095 3396 1166">
    <p class='ocr_par' dir='ltr' id='par_1_55' title="bbox 1827 1095 3396 1166">
     <span class='ocr_line' id='line_1_55' title="bbox 1827 1095 3396 1166; baseline -0.003 -15"><span class='ocrx_word' id='word_1_355' title='bbox 1827 1097 2036 1166; x_wconf 80' lang='lat' dir='ltr'><strong>absque</strong></span> <span class='ocrx_word' id='word_1_356' title='bbox 2059 1099 2227 1151; x_wconf 83' lang='lat' dir='ltr'><strong>multa</strong></span> <span class='ocrx_word' id='word_1_357' title='bbox 2261 1097 2587 1152; x_wconf 83' lang='lat' dir='ltr'><strong>necessitate</strong></span> <span class='ocrx_word' id='word_1_358' title='bbox 2609 1118 2621 1129; x_wconf 86' lang='lat'><strong><em>-</em></strong></span> <span class='ocrx_word' id='word_1_359' title='bbox 2676 1096 2810 1162; x_wconf 82' lang='lat' dir='ltr'><strong>Quia</strong></span> <span class='ocrx_word' id='word_1_360' title='bbox 2851 1096 3124 1160; x_wconf 74' lang='lat' dir='ltr'><strong>dedimus,</strong></span> <span class='ocrx_word' id='word_1_361' title='bbox 3164 1095 3396 1148; x_wconf 87' lang='lat' dir='ltr'><strong>conlite-</strong></span> 
     </span>
    </p>
   </div>
   <div class='ocr_carea' id='block_1_56' title="bbox 1828 1188 3395 1254">
    <p class='ocr_par' dir='ltr' id='par_1_56' title="bbox 1828 1188 3395 1254">
     <span class='ocr_line' id='line_1_56' title="bbox 1828 1188 3395 1254; baseline -0.001 -13"><span class='ocrx_word' id='word_1_362' title='bbox 1828 1204 1973 1250; x_wconf 85' lang='lat' dir='ltr'><strong>mur,</strong></span> <span class='ocrx_word' id='word_1_363' title='bbox 2002 1198 2055 1242; x_wconf 90' lang='lat' dir='ltr'><strong>et</strong></span> <span class='ocrx_word' id='word_1_364' title='bbox 2095 1188 2222 1243; x_wconf 78' lang='lat' dir='ltr'><strong>tacti</strong></span> <span class='ocrx_word' id='word_1_365' title='bbox 2281 1204 2492 1254; x_wconf 90' lang='lat' dir='ltr'><strong>sumus,</strong></span> <span class='ocrx_word' id='word_1_366' title='bbox 2546 1190 2706 1243; x_wconf 83' lang='lat' dir='ltr'><strong>talem</strong></span> <span class='ocrx_word' id='word_1_367' title='bbox 2768 1188 3149 1242; x_wconf 76' lang='lat' dir='ltr'><strong>existimantes</strong></span> <span class='ocrx_word' id='word_1_368' title='bbox 3198 1196 3395 1241; x_wconf 82' lang='lat' dir='ltr'><strong>conse-</strong></span> 
     </span>
    </p>
   </div>
   <div class='ocr_carea' id='block_1_57' title="bbox 1828 1276 3398 1350">
    <p class='ocr_par' dir='ltr' id='par_1_57' title="bbox 1828 1276 3398 1350">
     <span class='ocr_line' id='line_1_57' title="bbox 1828 1276 3398 1350; baseline 0.001 -19"><span class='ocrx_word' id='word_1_369' title='bbox 1828 1279 2111 1348; x_wconf 89' lang='lat' dir='ltr'><strong>quentiam</strong></span> <span class='ocrx_word' id='word_1_370' title='bbox 2168 1276 2674 1350; x_wconf 90' lang='lat' dir='ltr'><strong>[consuetudinem]</strong></span> <span class='ocrx_word' id='word_1_371' title='bbox 2722 1293 2865 1343; x_wconf 88' lang='lat' dir='ltr'><strong>esse,</strong></span> <span class='ocrx_word' id='word_1_372' title='bbox 2913 1287 2973 1331; x_wconf 89' lang='lat' dir='ltr'><strong>ut</strong></span> <span class='ocrx_word' id='word_1_373' title='bbox 3022 1279 3331 1333; x_wconf 74' lang='lat' dir='ltr'><strong>videremur</strong></span> <span class='ocrx_word' id='word_1_374' title='bbox 3366 1293 3398 1332; x_wconf 87' lang='lat' dir='ltr'><strong>a</strong></span> 
     </span>
    </p>
   </div>
   <div class='ocr_carea' id='block_1_58' title="bbox 1830 1370 3419 1449">
    <p class='ocr_par' dir='ltr' id='par_1_58' title="bbox 1830 1370 3419 1449">
     <span class='ocr_line' id='line_1_58' title="bbox 1830 1370 3419 1449; baseline 0.001 -26"><span class='ocrx_word' id='word_1_375' title='bbox 1830 1371 1981 1424; x_wconf 88' lang='lat' dir='ltr'><strong>curia</strong></span> <span class='ocrx_word' id='word_1_376' title='bbox 2009 1371 2230 1448; x_wconf 85' lang='lat' dir='ltr'><strong>publica</strong></span> <span class='ocrx_word' id='word_1_377' title='bbox 2267 1371 2508 1426; x_wconf 89' lang='lat' dir='ltr'><strong>liberari.</strong></span> <span class='ocrx_word' id='word_1_378' title='bbox 2537 1370 2603 1427; x_wconf 87' lang='lat' dir='ltr'><strong>Et</strong></span> <span class='ocrx_word' id='word_1_379' title='bbox 2637 1386 2786 1427; x_wconf 89' lang='lat' dir='ltr'><strong>nunc</strong></span> <span class='ocrx_word' id='word_1_380' title='bbox 2829 1372 3203 1437; x_wconf 84' lang='lat' dir='ltr'><strong>obsecramus,</strong></span> <span class='ocrx_word' id='word_1_381' title='bbox 3264 1381 3322 1424; x_wconf 92' lang='lat' dir='ltr'><strong>ut</strong></span> <span class='ocrx_word' id='word_1_382' title='bbox 3351 1373 3419 1449; x_wconf 38' lang='lat' dir='ltr'><strong>si.</strong></span> 
     </span>
    </p>
   </div>
   <div class='ocr_carea' id='block_1_59' title="bbox 1830 1464 3402 1534">
    <p class='ocr_par' dir='ltr' id='par_1_59' title="bbox 1830 1464 3402 1534">
     <span class='ocr_line' id='line_1_59' title="bbox 1830 1464 3402 1534; baseline 0.002 -18"><span class='ocrx_word' id='word_1_383' title='bbox 1830 1464 2058 1533; x_wconf 84' lang='lat' dir='ltr'><strong>quidem</strong></span> <span class='ocrx_word' id='word_1_384' title='bbox 2076 1464 2287 1534; x_wconf 86' lang='lat' dir='ltr'><strong>justum</strong></span> <span class='ocrx_word' id='word_1_385' title='bbox 2321 1475 2405 1520; x_wconf 82' lang='lat' dir='ltr'><strong>est</strong></span> <span class='ocrx_word' id='word_1_386' title='bbox 2442 1480 2544 1519; x_wconf 89' lang='lat' dir='ltr'><strong>nos</strong></span> <span class='ocrx_word' id='word_1_387' title='bbox 2575 1481 2699 1521; x_wconf 90' lang='lat' dir='ltr'><strong>esse</strong></span> <span class='ocrx_word' id='word_1_388' title='bbox 2728 1466 2782 1519; x_wconf 91' lang='lat' dir='ltr'><strong>in</strong></span> <span class='ocrx_word' id='word_1_389' title='bbox 2804 1466 3126 1526; x_wconf 78' lang='lat' dir='ltr'><strong>ministerio</strong></span> <span class='ocrx_word' id='word_1_390' title='bbox 3155 1465 3402 1520; x_wconf 69' lang='lat' dir='ltr'><strong>ecclesia:</strong></span> 
     </span>
    </p>
   </div>
   <div class='ocr_carea' id='block_1_60' title="bbox 1833 1545 3398 1626">
    <p class='ocr_par' dir='ltr' id='par_1_60' title="bbox 1833 1545 3398 1626">
     <span class='ocr_line' id='line_1_60' title="bbox 1833 1545 3398 1626; baseline 0.001 -16"><span class='ocrx_word' id='word_1_391' title='bbox 1833 1556 2048 1611; x_wconf 88' lang='lat' dir='ltr'><strong>simus:</strong></span> <span class='ocrx_word' id='word_1_392' title='bbox 2083 1557 2167 1610; x_wconf 90' lang='lat' dir='ltr'><strong>sin</strong></span> <span class='ocrx_word' id='word_1_393' title='bbox 2193 1566 2397 1621; x_wconf 85' lang='lat' dir='ltr'><strong>autem,</strong></span> <span class='ocrx_word' id='word_1_394' title='bbox 2439 1545 2630 1611; x_wconf 80' lang='lat' dir='ltr'><strong>saltem</strong></span> <span class='ocrx_word' id='word_1_395' title='bbox 2676 1573 2870 1611; x_wconf 90' lang='lat' dir='ltr'><strong>aurum</strong></span> <span class='ocrx_word' id='word_1_396' title='bbox 2919 1558 3064 1626; x_wconf 88' lang='lat' dir='ltr'><strong>quod</strong></span> <span class='ocrx_word' id='word_1_397' title='bbox 3127 1558 3398 1620; x_wconf 82' lang='lat' dir='ltr'><strong>dedimus,</strong></span> 
     </span>
    </p>
   </div>
   <div class='ocr_carea' id='block_1_61' title="bbox 1834 1632 3402 1718">
    <p class='ocr_par' dir='ltr' id='par_1_61' title="bbox 1834 1632 3402 1718">
     <span class='ocr_line' id='line_1_61' title="bbox 1834 1632 3402 1718; baseline 0.002 -18"><span class='ocrx_word' id='word_1_398' title='bbox 1834 1648 2206 1715; x_wconf 84' lang='lat' dir='ltr'><strong>recipiamus:</strong></span> <span class='ocrx_word' id='word_1_399' title='bbox 2240 1632 2364 1703; x_wconf 83' lang='lat' dir='ltr'><strong>nam</strong></span> <span class='ocrx_word' id='word_1_400' title='bbox 2392 1664 2624 1703; x_wconf 82' lang='lat' dir='ltr'><strong>uxorum</strong></span> <span class='ocrx_word' id='word_1_401' title='bbox 2674 1658 2986 1703; x_wconf 86' lang='lat' dir='ltr'><strong>nostrarum</strong></span> <span class='ocrx_word' id='word_1_402' title='bbox 3022 1656 3269 1718; x_wconf 66' lang='lat' dir='ltr'><strong>quaedam</strong></span> <span class='ocrx_word' id='word_1_403' title='bbox 3305 1652 3402 1703; x_wconf 80' lang='lat' dir='ltr'><strong>de-</strong></span> 
     </span>
    </p>
   </div>
   <div class='ocr_carea' id='block_1_62' title="bbox 1833 1734 3400 1806">
    <p class='ocr_par' dir='ltr' id='par_1_62' title="bbox 1833 1734 3400 1806">
     <span class='ocr_line' id='line_1_62' title="bbox 1833 1734 3400 1806; baseline 0.002 -18"><span class='ocrx_word' id='word_1_404' title='bbox 1833 1736 2014 1791; x_wconf 87' lang='lat' dir='ltr'><strong>dimus</strong></span> <span class='ocrx_word' id='word_1_405' title='bbox 2043 1751 2188 1791; x_wconf 83' lang='lat' dir='ltr'><strong>vasa.</strong></span> <span class='ocrx_word' id='word_1_406' title='bbox 2219 1734 2457 1791; x_wconf 77' lang='lat' dir='ltr'><strong>Joannes</strong></span> <span class='ocrx_word' id='word_1_407' title='bbox 2479 1737 2542 1788; x_wconf 85' lang='lat' dir='ltr'><strong>ad</strong></span> <span class='ocrx_word' id='word_1_408' title='bbox 2569 1737 2681 1791; x_wconf 71' lang='lat' dir='ltr'><strong>inec</strong></span> <span class='ocrx_word' id='word_1_409' title='bbox 2713 1737 3118 1806; x_wconf 81' lang='lat' dir='ltr'><strong>repromittebat</strong></span> <span class='ocrx_word' id='word_1_410' title='bbox 3147 1738 3400 1803; x_wconf 76' lang='lat' dir='ltr'><strong>concilio,</strong></span> 
     </span>
    </p>
   </div>
   <div class='ocr_carea' id='block_1_63' title="bbox 1835 1815 3400 1901">
    <p class='ocr_par' dir='ltr' id='par_1_63' title="bbox 1835 1815 3400 1901">
     <span class='ocr_line' id='line_1_63' title="bbox 1835 1815 3400 1901; baseline 0.003 -21"><span class='ocrx_word' id='word_1_411' title='bbox 1835 1828 1961 1897; x_wconf 88' lang='lat' dir='ltr'><strong>quia</strong></span> <span class='ocrx_word' id='word_1_412' title='bbox 1998 1842 2025 1881; x_wconf 89' lang='lat' dir='ltr'><strong>a</strong></span> <span class='ocrx_word' id='word_1_413' title='bbox 2076 1830 2231 1883; x_wconf 86' lang='lat' dir='ltr'><strong>curia</strong></span> <span class='ocrx_word' id='word_1_414' title='bbox 2278 1830 2497 1899; x_wconf 85' lang='lat' dir='ltr'><strong>quidem</strong></span> <span class='ocrx_word' id='word_1_415' title='bbox 2556 1846 2656 1901; x_wconf 82' lang='lat' dir='ltr'><strong>ego</strong></span> <span class='ocrx_word' id='word_1_416' title='bbox 2682 1846 2778 1887; x_wconf 89' lang='lat' dir='ltr'><strong>eos</strong></span> <span class='ocrx_word' id='word_1_417' title='bbox 2808 1815 2930 1886; x_wconf 84' lang='lat' dir='ltr'><strong>cum</strong></span> <span class='ocrx_word' id='word_1_418' title='bbox 2975 1832 3084 1888; x_wconf 90' lang='lat' dir='ltr'><strong>Deo</strong></span> <span class='ocrx_word' id='word_1_419' title='bbox 3138 1833 3400 1898; x_wconf 75' lang='lat' dir='ltr'><strong>liberabo,</strong></span> 
     </span>
    </p>
   </div>
   <div class='ocr_carea' id='block_1_64' title="bbox 1836 1922 3405 1996">
    <p class='ocr_par' dir='ltr' id='par_1_64' title="bbox 1836 1922 3405 1996">
     <span class='ocr_line' id='line_1_64' title="bbox 1836 1922 3405 1996; baseline 0.005 -23"><span class='ocrx_word' id='word_1_420' title='bbox 1836 1922 2121 1990; x_wconf 82' lang='lat' dir='ltr'><strong>postulans</strong></span> <span class='ocrx_word' id='word_1_421' title='bbox 2162 1922 2577 1990; x_wconf 78' lang='lat' dir='ltr'><strong>imperatorem:</strong></span> <span class='ocrx_word' id='word_1_422' title='bbox 2606 1939 2707 1979; x_wconf 88' lang='lat' dir='ltr'><strong>vos</strong></span> <span class='ocrx_word' id='word_1_423' title='bbox 2742 1934 2922 1979; x_wconf 90' lang='lat' dir='ltr'><strong>autem</strong></span> <span class='ocrx_word' id='word_1_424' title='bbox 2956 1927 3231 1996; x_wconf 69' lang='lat' dir='ltr'><strong>praecipile</strong></span> <span class='ocrx_word' id='word_1_425' title='bbox 3260 1929 3405 1981; x_wconf 83' lang='lat' dir='ltr'><strong>acci-</strong></span> 
     </span>
    </p>
   </div>
   <div class='ocr_carea' id='block_1_65' title="bbox 1836 2012 3402 2082">
    <p class='ocr_par' dir='ltr' id='par_1_65' title="bbox 1836 2012 3402 2082">
     <span class='ocr_line' id='line_1_65' title="bbox 1836 2012 3402 2082; baseline 0.004 -16"><span class='ocrx_word' id='word_1_426' title='bbox 1836 2027 1965 2080; x_wconf 86' lang='lat' dir='ltr'><strong>pere</strong></span> <span class='ocrx_word' id='word_1_427' title='bbox 2011 2012 2134 2067; x_wconf 88' lang='lat' dir='ltr'><strong>illos</strong></span> <span class='ocrx_word' id='word_1_428' title='bbox 2168 2014 2310 2082; x_wconf 90' lang='lat' dir='ltr'><strong>quod</strong></span> <span class='ocrx_word' id='word_1_429' title='bbox 2343 2014 2630 2078; x_wconf 87' lang='lat' dir='ltr'><strong>dederunt,</strong></span> <span class='ocrx_word' id='word_1_430' title='bbox 2689 2016 2757 2070; x_wconf 85' lang='lat' dir='ltr'><strong>ab</strong></span> <span class='ocrx_word' id='word_1_431' title='bbox 2784 2017 3090 2072; x_wconf 70' lang='lat' dir='ltr'><strong>ltmredibus</strong></span> <span class='ocrx_word' id='word_1_432' title='bbox 3118 2019 3402 2073; x_wconf 77' lang='lat' dir='ltr'><strong>Antonini.</strong></span> 
     </span>
    </p>
   </div>
   <div class='ocr_carea' id='block_1_66' title="bbox 1834 2102 3407 2180">
    <p class='ocr_par' dir='ltr' id='par_1_66' title="bbox 1834 2102 3407 2180">
     <span class='ocr_line' id='line_1_66' title="bbox 1834 2102 3407 2180; baseline 0.003 -24"><span class='ocrx_word' id='word_1_433' title='bbox 1834 2102 2105 2172; x_wconf 79' lang='lat' dir='ltr'><strong>Praecepit</strong></span> <span class='ocrx_word' id='word_1_434' title='bbox 2158 2106 2396 2175; x_wconf 86' lang='lat' dir='ltr'><strong>synodus</strong></span> <span class='ocrx_word' id='word_1_435' title='bbox 2429 2121 2622 2160; x_wconf 87' lang='lat' dir='ltr'><strong>aurum</strong></span> <span class='ocrx_word' id='word_1_436' title='bbox 2653 2108 2871 2176; x_wconf 87' lang='lat' dir='ltr'><strong>quidem</strong></span> <span class='ocrx_word' id='word_1_437' title='bbox 2913 2122 3006 2163; x_wconf 89' lang='lat' dir='ltr'><strong>eos</strong></span> <span class='ocrx_word' id='word_1_438' title='bbox 3054 2109 3293 2180; x_wconf 86' lang='lat' dir='ltr'><strong>recipere</strong></span> <span class='ocrx_word' id='word_1_439' title='bbox 3338 2110 3407 2163; x_wconf 84' lang='lat' dir='ltr'><strong>ab</strong></span> 
     </span>
    </p>
   </div>
   <div class='ocr_carea' id='block_1_67' title="bbox 1839 2193 3405 2261">
    <p class='ocr_par' dir='ltr' id='par_1_67' title="bbox 1839 2193 3405 2261">
     <span class='ocr_line' id='line_1_67' title="bbox 1839 2193 3405 2261; baseline 0.005 -15"><span class='ocrx_word' id='word_1_440' title='bbox 1839 2193 2147 2251; x_wconf 79' lang='lat' dir='ltr'><strong>lueredibus</strong></span> <span class='ocrx_word' id='word_1_441' title='bbox 2198 2194 2483 2261; x_wconf 85' lang='lat' dir='ltr'><strong>Antonini,</strong></span> <span class='ocrx_word' id='word_1_442' title='bbox 2547 2198 2958 2253; x_wconf 86' lang='lat' dir='ltr'><strong>communicare</strong></span> <span class='ocrx_word' id='word_1_443' title='bbox 3027 2206 3208 2254; x_wconf 87' lang='lat' dir='ltr'><strong>autem</strong></span> <span class='ocrx_word' id='word_1_444' title='bbox 3263 2201 3405 2254; x_wconf 65' lang='lat' dir='ltr'><strong>intra</strong></span> 
     </span>
    </p>
   </div>
   <div class='ocr_carea' id='block_1_68' title="bbox 1801 2285 3407 2356">
    <p class='ocr_par' dir='ltr' id='par_1_68' title="bbox 1801 2285 3407 2356">
     <span class='ocr_line' id='line_1_68' title="bbox 1801 2285 3407 2356; baseline 0.004 -18"><span class='ocrx_word' id='word_1_445' title='bbox 1801 2285 2030 2351; x_wconf 75' lang='lat' dir='ltr'><strong>&quot;altare,</strong></span> <span class='ocrx_word' id='word_1_446' title='bbox 2064 2296 2117 2340; x_wconf 91' lang='lat' dir='ltr'><strong>et</strong></span> <span class='ocrx_word' id='word_1_447' title='bbox 2143 2301 2266 2341; x_wconf 90' lang='lat' dir='ltr'><strong>esse</strong></span> <span class='ocrx_word' id='word_1_448' title='bbox 2305 2286 2549 2356; x_wconf 86' lang='lat' dir='ltr'><strong>privatos</strong></span> <span class='ocrx_word' id='word_1_449' title='bbox 2581 2289 2889 2353; x_wconf 72' lang='lat' dir='ltr'><strong>sacerdotio</strong></span> <span class='ocrx_word' id='word_1_450' title='bbox 2919 2307 2934 2344; x_wconf 93' lang='lat'><strong>:</strong></span> <span class='ocrx_word' id='word_1_451' title='bbox 2969 2305 3039 2345; x_wconf 91' lang='lat' dir='ltr'><strong>ne</strong></span> <span class='ocrx_word' id='word_1_452' title='bbox 3068 2290 3189 2346; x_wconf 80' lang='lat' dir='ltr'><strong>istis</strong></span> <span class='ocrx_word' id='word_1_453' title='bbox 3224 2292 3407 2346; x_wconf 83' lang='lat' dir='ltr'><strong>indul-</strong></span> 
     </span>
    </p>
   </div>
   <div class='ocr_carea' id='block_1_69' title="bbox 1839 2379 3409 2447">
    <p class='ocr_par' dir='ltr' id='par_1_69' title="bbox 1839 2379 3409 2447">
     <span class='ocr_line' id='line_1_69' title="bbox 1839 2379 3409 2447; baseline 0.006 -17"><span class='ocrx_word' id='word_1_454' title='bbox 1839 2379 2073 2447; x_wconf 77' lang='lat' dir='ltr'><strong>gentiam</strong></span> <span class='ocrx_word' id='word_1_455' title='bbox 2110 2381 2446 2445; x_wconf 88' lang='lat' dir='ltr'><strong>consecutis,</strong></span> <span class='ocrx_word' id='word_1_456' title='bbox 2477 2383 2816 2437; x_wconf 89' lang='lat' dir='ltr'><strong>consuetudo</strong></span> <span class='ocrx_word' id='word_1_457' title='bbox 2852 2383 3008 2439; x_wconf 80' lang='lat' dir='ltr'><strong>ﬁeret</strong></span> <span class='ocrx_word' id='word_1_458' title='bbox 3052 2384 3281 2441; x_wconf 89' lang='lat' dir='ltr'><strong>Judaica</strong></span> <span class='ocrx_word' id='word_1_459' title='bbox 3325 2388 3409 2440; x_wconf 96' lang='lat' dir='ltr'><strong>vel</strong></span> 
     </span>
    </p>
   </div>
   <div class='ocr_carea' id='block_1_70' title="bbox 1838 2469 3409 2540">
    <p class='ocr_par' dir='ltr' id='par_1_70' title="bbox 1838 2469 3409 2540">
     <span class='ocr_line' id='line_1_70' title="bbox 1838 2469 3409 2540; baseline 0.006 -18"><span class='ocrx_word' id='word_1_460' title='bbox 1838 2469 2088 2540; x_wconf 64' lang='lat' dir='ltr'><strong>Egyptia</strong></span> <span class='ocrx_word' id='word_1_461' title='bbox 2116 2472 2377 2525; x_wconf 79' lang='lat' dir='ltr'><strong>vendendi</strong></span> <span class='ocrx_word' id='word_1_462' title='bbox 2408 2474 2802 2539; x_wconf 85' lang='lat' dir='ltr'><strong>sacerdotium.</strong></span> <span class='ocrx_word' id='word_1_463' title='bbox 2840 2476 2924 2529; x_wconf 87' lang='lat' dir='ltr'><strong>vel</strong></span> <span class='ocrx_word' id='word_1_464' title='bbox 2959 2478 3195 2531; x_wconf 87' lang='lat' dir='ltr'><strong>emendi.</strong></span> <span class='ocrx_word' id='word_1_465' title='bbox 3239 2479 3409 2532; x_wconf 83' lang='lat' dir='ltr'><strong>Aiunt</strong></span> 
     </span>
    </p>
   </div>
   <div class='ocr_carea' id='block_1_71' title="bbox 1839 2554 3487 2635">
    <p class='ocr_par' dir='ltr' id='par_1_71' title="bbox 1839 2554 3487 2635">
     <span class='ocr_line' id='line_1_71' title="bbox 1839 2554 3487 2635; baseline 0.001 -18"><span class='ocrx_word' id='word_1_466' title='bbox 1839 2554 1983 2617; x_wconf 84' lang='lat' dir='ltr'><strong>enim</strong></span> <span class='ocrx_word' id='word_1_467' title='bbox 2010 2562 2357 2631; x_wconf 88' lang='lat' dir='ltr'><strong>pestilentem</strong></span> <span class='ocrx_word' id='word_1_468' title='bbox 2384 2571 2437 2616; x_wconf 83' lang='lat' dir='ltr'><strong>et</strong></span> <span class='ocrx_word' id='word_1_469' title='bbox 2466 2564 2773 2619; x_wconf 80' lang='lat' dir='ltr'><strong>falsidicum</strong></span> <span class='ocrx_word' id='word_1_470' title='bbox 2802 2568 3168 2635; x_wconf 89' lang='lat' dir='ltr'><strong>patriarcham</strong></span> <span class='ocrx_word' id='word_1_471' title='bbox 3190 2566 3409 2622; x_wconf 82' lang='lat' dir='ltr'><strong>Judaen-</strong></span> <span class='ocrx_word' id='word_1_472' title='bbox 3482 2628 3487 2633; x_wconf 31' lang='grc' dir='ltr'><strong><em>ι</em></strong></span> 
     </span>
    </p>
   </div>
   <div class='ocr_carea' id='block_1_72' title="bbox 1840 2640 3404 2729">
    <p class='ocr_par' dir='ltr' id='par_1_72' title="bbox 1840 2640 3404 2729">
     <span class='ocr_line' id='line_1_72' title="bbox 1840 2640 3404 2729; baseline 0.006 -24"><span class='ocrx_word' id='word_1_473' title='bbox 1840 2668 1962 2706; x_wconf 89' lang='lat' dir='ltr'><strong>rum</strong></span> <span class='ocrx_word' id='word_1_474' title='bbox 1994 2667 2089 2721; x_wconf 89' lang='lat' dir='ltr'><strong>per</strong></span> <span class='ocrx_word' id='word_1_475' title='bbox 2120 2652 2364 2723; x_wconf 84' lang='lat' dir='ltr'><strong>singulos</strong></span> <span class='ocrx_word' id='word_1_476' title='bbox 2389 2668 2561 2708; x_wconf 84' lang='lat' dir='ltr'><strong>annos</strong></span> <span class='ocrx_word' id='word_1_477' title='bbox 2604 2654 2689 2708; x_wconf 86' lang='lat' dir='ltr'><strong>vel</strong></span> <span class='ocrx_word' id='word_1_478' title='bbox 2732 2654 2896 2718; x_wconf 83' lang='lat' dir='ltr'><strong>infra,</strong></span> <span class='ocrx_word' id='word_1_479' title='bbox 2944 2640 3404 2729; x_wconf 73' lang='lat' dir='ltr'><strong>arcluisynagogos</strong></span> 
     </span>
    </p>
   </div>
   <div class='ocr_carea' id='block_1_73' title="bbox 1842 2745 3405 2817">
    <p class='ocr_par' dir='ltr' id='par_1_73' title="bbox 1842 2745 3405 2817">
     <span class='ocr_line' id='line_1_73' title="bbox 1842 2745 3405 2817; baseline 0.004 -19"><span class='ocrx_word' id='word_1_480' title='bbox 1842 2760 1939 2814; x_wconf 86' lang='lat' dir='ltr'><strong>per</strong></span> <span class='ocrx_word' id='word_1_481' title='bbox 1991 2745 2138 2799; x_wconf 87' lang='lat' dir='ltr'><strong>vices</strong></span> <span class='ocrx_word' id='word_1_482' title='bbox 2174 2746 2508 2801; x_wconf 87' lang='lat' dir='ltr'><strong>constituere</strong></span> <span class='ocrx_word' id='word_1_483' title='bbox 2554 2760 2716 2800; x_wconf 83' lang='lat' dir='ltr'><strong>causa</strong></span> <span class='ocrx_word' id='word_1_484' title='bbox 2761 2745 3079 2817; x_wconf 66' lang='lat' dir='ltr'><strong>colligenda:</strong></span> <span class='ocrx_word' id='word_1_485' title='bbox 3126 2749 3405 2817; x_wconf 76' lang='lat' dir='ltr'><strong>pecuniae:</strong></span> 
     </span>
    </p>
   </div>
   <div class='ocr_carea' id='block_1_74' title="bbox 1844 2835 3409 2908">
    <p class='ocr_par' dir='ltr' id='par_1_74' title="bbox 1844 2835 3409 2908">
     <span class='ocr_line' id='line_1_74' title="bbox 1844 2835 3409 2908; baseline 0.003 -19"><span class='ocrx_word' id='word_1_486' title='bbox 1844 2835 2096 2889; x_wconf 84' lang='lat' dir='ltr'><strong>similiter</strong></span> <span class='ocrx_word' id='word_1_487' title='bbox 2132 2844 2186 2889; x_wconf 90' lang='lat' dir='ltr'><strong>et</strong></span> <span class='ocrx_word' id='word_1_488' title='bbox 2214 2836 2588 2890; x_wconf 86' lang='lat' dir='ltr'><strong>aemulaturem</strong></span> <span class='ocrx_word' id='word_1_489' title='bbox 2625 2835 2809 2902; x_wconf 88' lang='lat' dir='ltr'><strong>hujus,</strong></span> <span class='ocrx_word' id='word_1_490' title='bbox 2869 2836 3248 2908; x_wconf 64' lang='lat' dir='ltr'><strong>Egyptiorum</strong></span> <span class='ocrx_word' id='word_1_491' title='bbox 3298 2841 3409 2894; x_wconf 84' lang='lat' dir='ltr'><strong>sei-</strong></span> 
     </span>
    </p>
   </div>
   <div class='ocr_carea' id='block_1_75' title="bbox 1846 2925 3409 2998">
    <p class='ocr_par' dir='ltr' id='par_1_75' title="bbox 1846 2925 3409 2998">
     <span class='ocr_line' id='line_1_75' title="bbox 1846 2925 3409 2998; baseline 0.004 -20"><span class='ocrx_word' id='word_1_492' title='bbox 1846 2925 1973 2980; x_wconf 90' lang='lat' dir='ltr'><strong>licet</strong></span> <span class='ocrx_word' id='word_1_493' title='bbox 1998 2926 2399 2995; x_wconf 76' lang='lat' dir='ltr'><strong>patriareltam;</strong></span> <span class='ocrx_word' id='word_1_494' title='bbox 2439 2936 2494 2979; x_wconf 90' lang='lat' dir='ltr'><strong>ut</strong></span> <span class='ocrx_word' id='word_1_495' title='bbox 2522 2927 2809 2995; x_wconf 86' lang='lat' dir='ltr'><strong>impleatur</strong></span> <span class='ocrx_word' id='word_1_496' title='bbox 2836 2927 2968 2982; x_wconf 88' lang='lat' dir='ltr'><strong>illud</strong></span> <span class='ocrx_word' id='word_1_497' title='bbox 2992 2928 3369 2998; x_wconf 84' lang='lat' dir='ltr'><strong>prephetieum</strong></span> <span class='ocrx_word' id='word_1_498' title='bbox 3394 2948 3409 2985; x_wconf 87' lang='lat'><strong>:</strong></span> 
     </span>
    </p>
   </div>
   <div class='ocr_carea' id='block_1_76' title="bbox 1850 3016 3409 3088">
    <p class='ocr_par' dir='ltr' id='par_1_76' title="bbox 1850 3016 3409 3088">
     <span class='ocr_line' id='line_1_76' title="bbox 1850 3016 3409 3088; baseline 0.004 -20"><span class='ocrx_word' id='word_1_499' title='bbox 1850 3035 1868 3068; x_wconf 80' lang='grc' dir='ltr'><strong>ι</strong></span> <span class='ocrx_word' id='word_1_500' title='bbox 1912 3016 2234 3073; x_wconf 88' lang='lat' dir='ltr'><strong>Sacerdotes</strong></span> <span class='ocrx_word' id='word_1_501' title='bbox 2251 3017 2371 3086; x_wconf 87' lang='lat' dir='ltr'><strong>ejus</strong></span> <span class='ocrx_word' id='word_1_502' title='bbox 2397 3032 2520 3073; x_wconf 90' lang='lat' dir='ltr'><strong>cum</strong></span> <span class='ocrx_word' id='word_1_503' title='bbox 2554 3019 2877 3073; x_wconf 89' lang='lat' dir='ltr'><strong>muneribus</strong></span> <span class='ocrx_word' id='word_1_504' title='bbox 2910 3020 3329 3088; x_wconf 85' lang='lat' dir='ltr'><strong>respondebant,</strong></span> <span class='ocrx_word' id='word_1_505' title='bbox 3358 3030 3409 3076; x_wconf 91' lang='lat' dir='ltr'><strong>ct</strong></span> 
     </span>
    </p>
   </div>
   <div class='ocr_carea' id='block_1_77' title="bbox 1848 3108 3195 3179">
    <p class='ocr_par' dir='ltr' id='par_1_77' title="bbox 1848 3108 3195 3179">
     <span class='ocr_line' id='line_1_77' title="bbox 1848 3108 3195 3179; baseline 0.002 -18"><span class='ocrx_word' id='word_1_506' title='bbox 1848 3108 2121 3178; x_wconf 79' lang='lat' dir='ltr'><strong>propheta:</strong></span> <span class='ocrx_word' id='word_1_507' title='bbox 2148 3108 2293 3162; x_wconf 87' lang='lat' dir='ltr'><strong>illius</strong></span> <span class='ocrx_word' id='word_1_508' title='bbox 2318 3124 2442 3162; x_wconf 92' lang='lat' dir='ltr'><strong>cum</strong></span> <span class='ocrx_word' id='word_1_509' title='bbox 2477 3117 2702 3179; x_wconf 77' lang='lat' dir='ltr'><strong>argento</strong></span> <span class='ocrx_word' id='word_1_510' title='bbox 2734 3110 3049 3164; x_wconf 88' lang='lat' dir='ltr'><strong>divinabant</strong></span> <span class='ocrx_word' id='word_1_511' title='bbox 3075 3109 3142 3164; x_wconf 59' lang='grc' dir='ltr'><strong>ιι.</strong></span> <span class='ocrx_word' id='word_1_512' title='bbox 3177 3130 3195 3163; x_wconf 75' lang='grc' dir='ltr'><strong>ι</strong></span> 
     </span>
    </p>
   </div>
   <div class='ocr_carea' id='block_1_78' title="bbox 1840 3197 3410 3269">
    <p class='ocr_par' dir='ltr' id='par_1_78' title="bbox 1840 3197 3410 3269">
     <span class='ocr_line' id='line_1_78' title="bbox 1840 3197 3410 3269; baseline 0.003 -18"><span class='ocrx_word' id='word_1_513' title='bbox 1840 3198 1932 3259; x_wconf 72' lang='lat' dir='ltr'><em>Ex</em></span> <span class='ocrx_word' id='word_1_514' title='bbox 1967 3197 2253 3269; x_wconf 59' lang='lat' dir='ltr'><strong>canonibus</strong></span> <span class='ocrx_word' id='word_1_515' title='bbox 2284 3210 2647 3269; x_wconf 68' lang='lat' dir='ltr'><strong>sexcentarum</strong></span> <span class='ocrx_word' id='word_1_516' title='bbox 2675 3201 2902 3269; x_wconf 79' lang='lat' dir='ltr'><strong>triginta</strong></span> <span class='ocrx_word' id='word_1_517' title='bbox 2943 3213 3252 3256; x_wconf 78' lang='lat' dir='ltr'><strong>sanctorum</strong></span> <span class='ocrx_word' id='word_1_518' title='bbox 3306 3200 3410 3256; x_wconf 87' lang='lat' dir='ltr'><strong>Pa-</strong></span> 
     </span>
    </p>
   </div>
   <div class='ocr_carea' id='block_1_79' title="bbox 1919 3267 3408 3343">
    <p class='ocr_par' dir='ltr' id='par_1_79' title="bbox 1919 3267 3408 3343">
     <span class='ocr_line' id='line_1_79' title="bbox 1919 3267 3408 3343; baseline 0.005 -22"><span class='ocrx_word' id='word_1_519' title='bbox 1919 3267 2530 3337; x_wconf 77' lang='lat' dir='ltr'><strong>trum,quiChalcedone</strong></span> <span class='ocrx_word' id='word_1_520' title='bbox 2556 3267 2921 3337; x_wconf 71' lang='lat' dir='ltr'><strong>convenerunt,</strong></span> <span class='ocrx_word' id='word_1_521' title='bbox 2953 3272 3129 3343; x_wconf 83' lang='lat' dir='ltr'><strong>regula</strong></span> <span class='ocrx_word' id='word_1_522' title='bbox 3161 3274 3408 3328; x_wconf 81' lang='lat' dir='ltr'><strong>secunda.</strong></span> 
     </span>
    </p>
   </div>
   <div class='ocr_carea' id='block_1_80' title="bbox 1917 3418 3410 3502">
    <p class='ocr_par' dir='ltr' id='par_1_80' title="bbox 1917 3418 3410 3502">
     <span class='ocr_line' id='line_1_80' title="bbox 1917 3418 3410 3502; baseline -0.001 -16"><span class='ocrx_word' id='word_1_523' title='bbox 1917 3431 1976 3486; x_wconf 90' lang='lat' dir='ltr'><strong>Si</strong></span> <span class='ocrx_word' id='word_1_524' title='bbox 2008 3432 2131 3502; x_wconf 90' lang='lat' dir='ltr'><strong>quis</strong></span> <span class='ocrx_word' id='word_1_525' title='bbox 2166 3432 2453 3502; x_wconf 88' lang='lat' dir='ltr'><strong>episcopus</strong></span> <span class='ocrx_word' id='word_1_526' title='bbox 2506 3418 2617 3501; x_wconf 69' lang='lat' dir='ltr'><strong>per</strong></span> <span class='ocrx_word' id='word_1_527' title='bbox 2642 3432 2906 3501; x_wconf 86' lang='lat' dir='ltr'><strong>pecunias</strong></span> <span class='ocrx_word' id='word_1_528' title='bbox 2956 3429 3145 3486; x_wconf 82' lang='lat' dir='ltr'><strong>fecerit</strong></span> <span class='ocrx_word' id='word_1_529' title='bbox 3186 3429 3410 3485; x_wconf 88' lang='lat' dir='ltr'><strong>ordina-</strong></span> 
     </span>
    </p>
   </div>
   <div class='ocr_carea' id='block_1_81' title="bbox 1846 3506 3410 3593">
    <p class='ocr_par' dir='ltr' id='par_1_81' title="bbox 1846 3506 3410 3593">
     <span class='ocr_line' id='line_1_81' title="bbox 1846 3506 3410 3593; baseline 0 -17"><span class='ocrx_word' id='word_1_530' title='bbox 1846 3523 2069 3586; x_wconf 90' lang='lat' dir='ltr'><strong>tionem,</strong></span> <span class='ocrx_word' id='word_1_531' title='bbox 2101 3532 2157 3577; x_wconf 90' lang='lat' dir='ltr'><strong>et</strong></span> <span class='ocrx_word' id='word_1_532' title='bbox 2189 3506 2307 3577; x_wconf 72' lang='lat' dir='ltr'><strong>sub</strong></span> <span class='ocrx_word' id='word_1_533' title='bbox 2330 3522 2502 3592; x_wconf 90' lang='lat' dir='ltr'><strong>pretio</strong></span> <span class='ocrx_word' id='word_1_534' title='bbox 2545 3522 2814 3593; x_wconf 72' lang='lat' dir='ltr'><strong>redegerit</strong></span> <span class='ocrx_word' id='word_1_535' title='bbox 2857 3522 3090 3591; x_wconf 80' lang='lat' dir='ltr'><strong>gratiam</strong></span> <span class='ocrx_word' id='word_1_536' title='bbox 3144 3537 3266 3592; x_wconf 66' lang='lat' dir='ltr'><strong>qua:</strong></span> <span class='ocrx_word' id='word_1_537' title='bbox 3302 3536 3410 3576; x_wconf 92' lang='lat' dir='ltr'><strong>non</strong></span> 
     </span>
    </p>
   </div>
   <div class='ocr_carea' id='block_1_82' title="bbox 1848 3615 3412 3685">
    <p class='ocr_par' dir='ltr' id='par_1_82' title="bbox 1848 3615 3412 3685">
     <span class='ocr_line' id='line_1_82' title="bbox 1848 3615 3412 3685; baseline -0.001 -14"><span class='ocrx_word' id='word_1_538' title='bbox 1848 3624 2023 3684; x_wconf 86' lang='lat' dir='ltr'><strong>potest</strong></span> <span class='ocrx_word' id='word_1_539' title='bbox 2052 3616 2233 3679; x_wconf 85' lang='lat' dir='ltr'><strong>veudi,</strong></span> <span class='ocrx_word' id='word_1_540' title='bbox 2260 3616 2705 3684; x_wconf 84' lang='lat' dir='ltr'><strong>ordinaveritque</strong></span> <span class='ocrx_word' id='word_1_541' title='bbox 2742 3630 2835 3683; x_wconf 89' lang='lat' dir='ltr'><strong>per</strong></span> <span class='ocrx_word' id='word_1_542' title='bbox 2884 3615 3169 3685; x_wconf 86' lang='lat' dir='ltr'><strong>pecuniam</strong></span> <span class='ocrx_word' id='word_1_543' title='bbox 3198 3615 3412 3685; x_wconf 83' lang='lat' dir='ltr'><strong>episco-</strong></span> 
     </span>
    </p>
   </div>
   <div class='ocr_carea' id='block_1_83' title="bbox 1846 3698 3410 3779">
    <p class='ocr_par' dir='ltr' id='par_1_83' title="bbox 1846 3698 3410 3779">
     <span class='ocr_line' id='line_1_83' title="bbox 1846 3698 3410 3779; baseline 0 -18"><span class='ocrx_word' id='word_1_544' title='bbox 1846 3724 2000 3777; x_wconf 85' lang='lat' dir='ltr'><strong>pum,</strong></span> <span class='ocrx_word' id='word_1_545' title='bbox 2035 3708 2116 3762; x_wconf 86' lang='lat' dir='ltr'><strong>vel</strong></span> <span class='ocrx_word' id='word_1_546' title='bbox 2175 3708 2651 3777; x_wconf 79' lang='lat' dir='ltr'><strong>cltorepiseopum,</strong></span> <span class='ocrx_word' id='word_1_547' title='bbox 2711 3698 3263 3779; x_wconf 22' lang='lat' dir='ltr'><strong>vel‘presbyterum,</strong></span> <span class='ocrx_word' id='word_1_548' title='bbox 3322 3717 3410 3762; x_wconf 87' lang='lat' dir='ltr'><strong>aut</strong></span> 
     </span>
    </p>
   </div>
   <div class='ocr_carea' id='block_1_84' title="bbox 1846 3798 3410 3875">
    <p class='ocr_par' dir='ltr' id='par_1_84' title="bbox 1846 3798 3410 3875">
     <span class='ocr_line' id='line_1_84' title="bbox 1846 3798 3410 3875; baseline -0.002 -20"><span class='ocrx_word' id='word_1_549' title='bbox 1846 3801 2158 3865; x_wconf 86' lang='lat' dir='ltr'><strong>diaconum,</strong></span> <span class='ocrx_word' id='word_1_550' title='bbox 2191 3799 2275 3853; x_wconf 89' lang='lat' dir='ltr'><strong>vel</strong></span> <span class='ocrx_word' id='word_1_551' title='bbox 2312 3800 2610 3867; x_wconf 89' lang='lat' dir='ltr'><strong>quemlibet</strong></span> <span class='ocrx_word' id='word_1_552' title='bbox 2654 3804 2720 3852; x_wconf 72' lang='lat' dir='ltr'><strong>ei:</strong></span> <span class='ocrx_word' id='word_1_553' title='bbox 2763 3798 2848 3851; x_wconf 87' lang='lat' dir='ltr'><strong>his</strong></span> <span class='ocrx_word' id='word_1_554' title='bbox 2882 3799 2977 3867; x_wconf 89' lang='lat' dir='ltr'><strong>qui</strong></span> <span class='ocrx_word' id='word_1_555' title='bbox 3003 3813 3410 3875; x_wconf 86' lang='lat' dir='ltr'><strong>connumeran-</strong></span> 
     </span>
    </p>
   </div>
   <div class='ocr_carea' id='block_1_85' title="bbox 1849 3888 3409 3959">
    <p class='ocr_par' dir='ltr' id='par_1_85' title="bbox 1849 3888 3409 3959">
     <span class='ocr_line' id='line_1_85' title="bbox 1849 3888 3409 3959; baseline -0.004 -11"><span class='ocrx_word' id='word_1_556' title='bbox 1849 3903 1933 3948; x_wconf 91' lang='lat' dir='ltr'><strong>tur</strong></span> <span class='ocrx_word' id='word_1_557' title='bbox 1960 3894 2014 3947; x_wconf 91' lang='lat' dir='ltr'><strong>in</strong></span> <span class='ocrx_word' id='word_1_558' title='bbox 2041 3893 2190 3946; x_wconf 89' lang='lat' dir='ltr'><strong>clero</strong></span> <span class='ocrx_word' id='word_1_559' title='bbox 2223 3907 2237 3956; x_wconf 92' lang='lat'><strong>;</strong></span> <span class='ocrx_word' id='word_1_560' title='bbox 2283 3901 2378 3944; x_wconf 83' lang='lat' dir='ltr'><strong>aut</strong></span> <span class='ocrx_word' id='word_1_561' title='bbox 2406 3888 2744 3959; x_wconf 81' lang='lat' dir='ltr'><strong>promoverit</strong></span> <span class='ocrx_word' id='word_1_562' title='bbox 2776 3904 2869 3956; x_wconf 91' lang='lat' dir='ltr'><strong>per</strong></span> <span class='ocrx_word' id='word_1_563' title='bbox 2894 3888 3155 3957; x_wconf 87' lang='lat' dir='ltr'><strong>pecunias</strong></span> <span class='ocrx_word' id='word_1_564' title='bbox 3191 3889 3409 3957; x_wconf 69' lang='lat' dir='ltr'><strong>dispen-</strong></span> 
     </span>
    </p>
   </div>
   <div class='ocr_carea' id='block_1_86' title="bbox 1847 3981 3410 4049">
    <p class='ocr_par' dir='ltr' id='par_1_86' title="bbox 1847 3981 3410 4049">
     <span class='ocr_line' id='line_1_86' title="bbox 1847 3981 3410 4049; baseline -0.004 -8"><span class='ocrx_word' id='word_1_565' title='bbox 1847 3993 2231 4049; x_wconf 87' lang='lat' dir='ltr'><strong>satorem,aut</strong></span> <span class='ocrx_word' id='word_1_566' title='bbox 2251 3982 2619 4046; x_wconf 81' lang='lat' dir='ltr'><strong>defensorem,</strong></span> <span class='ocrx_word' id='word_1_567' title='bbox 2682 3981 2767 4035; x_wconf 89' lang='lat' dir='ltr'><strong>vel</strong></span> <span class='ocrx_word' id='word_1_568' title='bbox 2802 3981 3260 4043; x_wconf 85' lang='lat' dir='ltr'><strong>mansionnrium,</strong></span> <span class='ocrx_word' id='word_1_569' title='bbox 3318 3991 3410 4035; x_wconf 88' lang='lat' dir='ltr'><strong>aut</strong></span> 
     </span>
    </p>
   </div>
   <div class='ocr_carea' id='block_1_87' title="bbox 1846 4071 3411 4150">
    <p class='ocr_par' dir='ltr' id='par_1_87' title="bbox 1846 4071 3411 4150">
     <span class='ocr_line' id='line_1_87' title="bbox 1846 4071 3411 4150; baseline -0.003 -20"><span class='ocrx_word' id='word_1_570' title='bbox 1846 4092 2177 4150; x_wconf 86' lang='lat' dir='ltr'><strong>quemquam</strong></span> <span class='ocrx_word' id='word_1_571' title='bbox 2214 4076 2307 4145; x_wconf 88' lang='lat' dir='ltr'><strong>qui</strong></span> <span class='ocrx_word' id='word_1_572' title='bbox 2340 4073 2620 4143; x_wconf 75' lang='lat' dir='ltr'><strong>subjectus</strong></span> <span class='ocrx_word' id='word_1_573' title='bbox 2650 4080 2734 4127; x_wconf 89' lang='lat' dir='ltr'><strong>est</strong></span> <span class='ocrx_word' id='word_1_574' title='bbox 2780 4071 3001 4142; x_wconf 65' lang='lat' dir='ltr'><strong>regulae,</strong></span> <span class='ocrx_word' id='word_1_575' title='bbox 3038 4085 3137 4141; x_wconf 90' lang='lat' dir='ltr'><strong>pro</strong></span> <span class='ocrx_word' id='word_1_576' title='bbox 3184 4072 3268 4127; x_wconf 82' lang='lat' dir='ltr'><strong>sui</strong></span> <span class='ocrx_word' id='word_1_577' title='bbox 3296 4081 3411 4127; x_wconf 81' lang='lat' dir='ltr'><strong>tur-</strong></span> 
     </span>
    </p>
   </div>
   <div class='ocr_carea' id='block_1_88' title="bbox 1794 4164 3413 4240">
    <p class='ocr_par' dir='ltr' id='par_1_88' title="bbox 1794 4164 3413 4240">
     <span class='ocr_line' id='line_1_88' title="bbox 1794 4164 3413 4240; baseline -0.001 -17"><span class='ocrx_word' id='word_1_578' title='bbox 1794 4235 1798 4238; x_wconf 7' lang='grc' dir='ltr'><strong>γ</strong></span> <span class='ocrx_word' id='word_1_579' title='bbox 1847 4170 2055 4240; x_wconf 88' lang='lat' dir='ltr'><strong>pissimi</strong></span> <span class='ocrx_word' id='word_1_580' title='bbox 2096 4167 2248 4224; x_wconf 74' lang='lat' dir='ltr'><strong>lueri</strong></span> <span class='ocrx_word' id='word_1_581' title='bbox 2273 4165 2600 4221; x_wconf 88' lang='lat' dir='ltr'><strong>commodo:</strong></span> <span class='ocrx_word' id='word_1_582' title='bbox 2655 4164 2702 4220; x_wconf 91' lang='lat' dir='ltr'><strong>is</strong></span> <span class='ocrx_word' id='word_1_583' title='bbox 2746 4179 2908 4234; x_wconf 87' lang='lat' dir='ltr'><strong>quem</strong></span> <span class='ocrx_word' id='word_1_584' title='bbox 2963 4166 3066 4219; x_wconf 81' lang='lat' dir='ltr'><strong>hoc</strong></span> <span class='ocrx_word' id='word_1_585' title='bbox 3114 4166 3413 4221; x_wconf 84' lang='lat' dir='ltr'><strong>attentasse</strong></span> 
     </span>
    </p>
   </div>
   <div class='ocr_carea' id='block_1_89' title="bbox 1847 4257 3415 4335">
    <p class='ocr_par' dir='ltr' id='par_1_89' title="bbox 1847 4257 3415 4335">
     <span class='ocr_line' id='line_1_89' title="bbox 1847 4257 3415 4335; baseline -0.001 -20"><span class='ocrx_word' id='word_1_586' title='bbox 1847 4262 2135 4332; x_wconf 87' lang='lat' dir='ltr'><strong>probatum</strong></span> <span class='ocrx_word' id='word_1_587' title='bbox 2178 4258 2360 4319; x_wconf 81' lang='lat' dir='ltr'><strong>fuerit,</strong></span> <span class='ocrx_word' id='word_1_588' title='bbox 2396 4258 2601 4326; x_wconf 86' lang='lat' dir='ltr'><strong>proprii</strong></span> <span class='ocrx_word' id='word_1_589' title='bbox 2629 4259 2831 4326; x_wconf 80' lang='lat' dir='ltr'><strong>gradus</strong></span> <span class='ocrx_word' id='word_1_590' title='bbox 2869 4257 3138 4335; x_wconf 39' lang='lat' dir='ltr'><strong>periculo.</strong></span> <span class='ocrx_word' id='word_1_591' title='bbox 3164 4259 3415 4325; x_wconf 75' lang='lat' dir='ltr'><strong>subjuce~</strong></span> 
     </span>
    </p>
   </div>
   <div class='ocr_carea' id='block_1_90' title="bbox 1848 4349 3413 4423">
    <p class='ocr_par' dir='ltr' id='par_1_90' title="bbox 1848 4349 3413 4423">
     <span class='ocr_line' id='line_1_90' title="bbox 1848 4349 3413 4423; baseline 0.001 -15"><span class='ocrx_word' id='word_1_592' title='bbox 1848 4354 1924 4423; x_wconf 81' lang='lat' dir='ltr'><strong>bit</strong></span> <span class='ocrx_word' id='word_1_593' title='bbox 1951 4372 1966 4416; x_wconf 87' lang='lat'><strong>:</strong></span> <span class='ocrx_word' id='word_1_594' title='bbox 2004 4360 2058 4407; x_wconf 89' lang='lat' dir='ltr'><strong>et</strong></span> <span class='ocrx_word' id='word_1_595' title='bbox 2087 4352 2177 4422; x_wconf 87' lang='lat' dir='ltr'><strong>qui</strong></span> <span class='ocrx_word' id='word_1_596' title='bbox 2224 4350 2507 4406; x_wconf 85' lang='lat' dir='ltr'><strong>ordinatus</strong></span> <span class='ocrx_word' id='word_1_597' title='bbox 2554 4360 2659 4414; x_wconf 88' lang='lat' dir='ltr'><strong>est,</strong></span> <span class='ocrx_word' id='word_1_598' title='bbox 2692 4349 2913 4403; x_wconf 82' lang='lat' dir='ltr'><strong>nihilex</strong></span> <span class='ocrx_word' id='word_1_599' title='bbox 2943 4353 3041 4405; x_wconf 87' lang='lat' dir='ltr'><strong>hac</strong></span> <span class='ocrx_word' id='word_1_600' title='bbox 3068 4353 3413 4410; x_wconf 87' lang='lat' dir='ltr'><strong>ordinatione</strong></span> 
     </span>
    </p>
   </div>
   <div class='ocr_carea' id='block_1_91' title="bbox 1824 4441 3412 4514">
    <p class='ocr_par' dir='ltr' id='par_1_91' title="bbox 1824 4441 3412 4514">
     <span class='ocr_line' id='line_1_91' title="bbox 1824 4441 3412 4514; baseline -0.001 -15"><span class='ocrx_word' id='word_1_601' title='bbox 1824 4455 1938 4499; x_wconf 60' lang='lat' dir='ltr'><strong>~aut</strong></span> <span class='ocrx_word' id='word_1_602' title='bbox 1969 4446 2331 4514; x_wconf 88' lang='lat' dir='ltr'><strong>promotione,</strong></span> <span class='ocrx_word' id='word_1_603' title='bbox 2363 4456 2485 4510; x_wconf 64' lang='lat' dir='ltr'><strong>qua:</strong></span> <span class='ocrx_word' id='word_1_604' title='bbox 2537 4455 2630 4510; x_wconf 90' lang='lat' dir='ltr'><strong>per</strong></span> <span class='ocrx_word' id='word_1_605' title='bbox 2655 4441 3083 4512; x_wconf 80' lang='lat' dir='ltr'><strong>negotiationem</strong></span> <span class='ocrx_word' id='word_1_606' title='bbox 3141 4442 3283 4499; x_wconf 81' lang='lat' dir='ltr'><strong>facta</strong></span> <span class='ocrx_word' id='word_1_607' title='bbox 3307 4458 3412 4510; x_wconf 75' lang='grc' dir='ltr'>εει,</span> 
     </span>
    </p>
   </div>
   <div class='ocr_carea' id='block_1_92' title="bbox 160 4528 1739 4620">
    <p class='ocr_par' dir='ltr' id='par_1_92' title="bbox 160 4528 1739 4612">
     <span class='ocr_line' id='line_1_92' title="bbox 160 4528 1739 4612; baseline -0.011 -16"><span class='ocrx_word' id='word_1_608' title='bbox 160 4541 452 4612; x_wconf 83' lang='grc' dir='ltr'>χρήμασιν</span> <span class='ocrx_word' id='word_1_609' title='bbox 500 4535 710 4606; x_wconf 72' lang='grc' dir='ltr'>ἔτυχεν,</span> <span class='ocrx_word' id='word_1_610' title='bbox 742 4536 789 4587; x_wconf 88' lang='grc' dir='ltr'><strong>εἱ</strong></span> <span class='ocrx_word' id='word_1_611' title='bbox 820 4533 876 4586; x_wconf 76' lang='grc' dir='ltr'>δέ</span> <span class='ocrx_word' id='word_1_612' title='bbox 905 4549 991 4596; x_wconf 72' lang='grc' dir='ltr'><strong>τις</strong></span> <span class='ocrx_word' id='word_1_613' title='bbox 1035 4533 1131 4586; x_wconf 74' lang='grc' dir='ltr'>καὶ</span> <span class='ocrx_word' id='word_1_614' title='bbox 1183 4528 1480 4602; x_wconf 83' lang='grc' dir='ltr'>μεσιτεύων</span> <span class='ocrx_word' id='word_1_615' title='bbox 1546 4529 1739 4597; x_wconf 84' lang='grc' dir='ltr'>φανείη</span> 
     </span>
    </p>
   </div>
   <div class='ocr_carea' id='block_1_93' title="bbox 1837 4528 3412 4620">
    <p class='ocr_par' dir='ltr' id='par_1_93' title="bbox 1846 4533 3412 4609">
     <span class='ocr_line' id='line_1_93' title="bbox 1846 4533 3412 4609; baseline 0.001 -19"><span class='ocrx_word' id='word_1_616' title='bbox 1846 4537 2121 4609; x_wconf 83' lang='lat' dir='ltr'><strong>proﬁciat,</strong></span> <span class='ocrx_word' id='word_1_617' title='bbox 2162 4535 2257 4591; x_wconf 89' lang='lat' dir='ltr'><strong>sed</strong></span> <span class='ocrx_word' id='word_1_618' title='bbox 2292 4534 2366 4589; x_wconf 90' lang='lat' dir='ltr'><strong>sit</strong></span> <span class='ocrx_word' id='word_1_619' title='bbox 2395 4534 2610 4589; x_wconf 87' lang='lat' dir='ltr'><strong>alienus</strong></span> <span class='ocrx_word' id='word_1_620' title='bbox 2659 4548 2724 4589; x_wconf 90' lang='lat' dir='ltr'><strong>ea</strong></span> <span class='ocrx_word' id='word_1_621' title='bbox 2750 4533 3014 4603; x_wconf 76' lang='lat' dir='ltr'><strong>dignitate</strong></span> <span class='ocrx_word' id='word_1_622' title='bbox 3061 4543 3115 4590; x_wconf 91' lang='lat' dir='ltr'><strong>et</strong></span> <span class='ocrx_word' id='word_1_623' title='bbox 3148 4537 3412 4593; x_wconf 71' lang='lat' dir='ltr'><strong>sollieitu~</strong></span> 
     </span>
    </p>
   </div>
   <div class='ocr_carea' id='block_1_94' title="bbox 157 4616 1739 4700">
    <p class='ocr_par' dir='ltr' id='par_1_94' title="bbox 157 4616 1737 4697">
     <span class='ocr_line' id='line_1_94' title="bbox 157 4616 1737 4697; baseline -0.006 -13"><span class='ocrx_word' id='word_1_624' title='bbox 157 4634 277 4694; x_wconf 83' lang='grc' dir='ltr'>τοῖς</span> <span class='ocrx_word' id='word_1_625' title='bbox 305 4630 483 4691; x_wconf 79' lang='grc' dir='ltr'>οὕτως</span> <span class='ocrx_word' id='word_1_626' title='bbox 512 4628 758 4697; x_wconf 75' lang='grc' dir='ltr'>αἰσχροῖς</span> <span class='ocrx_word' id='word_1_627' title='bbox 789 4625 884 4681; x_wconf 69' lang='grc' dir='ltr'><strong>καὶ</strong></span> <span class='ocrx_word' id='word_1_628' title='bbox 914 4623 1196 4693; x_wconf 81' lang='grc' dir='ltr'>ἀθεμίτοις</span> <span class='ocrx_word' id='word_1_629' title='bbox 1227 4622 1495 4691; x_wconf 80' lang='grc' dir='ltr'>λήμμασι.</span> <span class='ocrx_word' id='word_1_630' title='bbox 1521 4621 1616 4672; x_wconf 76' lang='grc' dir='ltr'>καὶ</span> <span class='ocrx_word' id='word_1_631' title='bbox 1645 4616 1737 4674; x_wconf 72' lang='grc' dir='ltr'>οὗ·</span> 
     </span>
    </p>
   </div>
   <div class='ocr_carea' id='block_1_95' title="bbox 1837 4616 3409 4700">
    <p class='ocr_par' dir='ltr' id='par_1_95' title="bbox 1837 4624 3409 4700">
     <span class='ocr_line' id='line_1_95' title="bbox 1837 4624 3409 4700; baseline -0.001 -13"><span class='ocrx_word' id='word_1_632' title='bbox 1837 4634 1982 4696; x_wconf 81' lang='lat' dir='ltr'><strong>dine,</strong></span> <span class='ocrx_word' id='word_1_633' title='bbox 2010 4642 2174 4700; x_wconf 89' lang='lat' dir='ltr'><strong>quam</strong></span> <span class='ocrx_word' id='word_1_634' title='bbox 2205 4624 2455 4697; x_wconf 88' lang='lat' dir='ltr'><strong>pecuniis</strong></span> <span class='ocrx_word' id='word_1_635' title='bbox 2489 4624 2759 4695; x_wconf 59' lang='lat' dir='ltr'><strong>quaesivit.</strong></span> <span class='ocrx_word' id='word_1_636' title='bbox 2785 4626 2840 4681; x_wconf 89' lang='lat' dir='ltr'><strong>Si</strong></span> <span class='ocrx_word' id='word_1_637' title='bbox 2859 4628 2982 4697; x_wconf 85' lang='lat' dir='ltr'><strong>quis</strong></span> <span class='ocrx_word' id='word_1_638' title='bbox 3001 4644 3128 4683; x_wconf 88' lang='lat' dir='ltr'><strong>vero</strong></span> <span class='ocrx_word' id='word_1_639' title='bbox 3145 4630 3409 4685; x_wconf 81' lang='lat' dir='ltr'><strong>mediator</strong></span> 
     </span>
    </p>
   </div>
   <div class='ocr_carea' id='block_1_96' title="bbox 158 4713 1739 4793">
    <p class='ocr_par' dir='ltr' id='par_1_96' title="bbox 158 4713 1739 4789">
     <span class='ocr_line' id='line_1_96' title="bbox 158 4713 1739 4789; baseline -0.007 -13"><span class='ocrx_word' id='word_1_640' title='bbox 158 4739 253 4785; x_wconf 87' lang='grc' dir='ltr'><strong>τος</strong></span> <span class='ocrx_word' id='word_1_641' title='bbox 277 4722 331 4774; x_wconf 87' lang='grc' dir='ltr'>εί</span> <span class='ocrx_word' id='word_1_642' title='bbox 382 4720 481 4789; x_wconf 84' lang='grc' dir='ltr'><strong>μὲν</strong></span> <span class='ocrx_word' id='word_1_643' title='bbox 519 4716 779 4788; x_wconf 80' lang='grc' dir='ltr'>κληρικδς</span> <span class='ocrx_word' id='word_1_644' title='bbox 831 4719 960 4787; x_wconf 77' lang='grc' dir='ltr'>εἴη,</span> <span class='ocrx_word' id='word_1_645' title='bbox 1021 4713 1115 4769; x_wconf 83' lang='grc' dir='ltr'><strong>τοῦ</strong></span> <span class='ocrx_word' id='word_1_646' title='bbox 1160 4713 1365 4768; x_wconf 75' lang='grc' dir='ltr'>οἰκείου</span> <span class='ocrx_word' id='word_1_647' title='bbox 1426 4713 1739 4767; x_wconf 80' lang='grc' dir='ltr'>ὲκπιπτέτω</span> 
     </span>
    </p>
   </div>
   <div class='ocr_carea' id='block_1_97' title="bbox 1837 4713 3411 4793">
    <p class='ocr_par' dir='ltr' id='par_1_97' title="bbox 1837 4717 3411 4793">
     <span class='ocr_line' id='line_1_97' title="bbox 1837 4717 3411 4793; baseline -0.004 -9"><span class='ocrx_word' id='word_1_648' title='bbox 1837 4739 1946 4784; x_wconf 90' lang='lat' dir='ltr'><strong>tam</strong></span> <span class='ocrx_word' id='word_1_649' title='bbox 1981 4723 2231 4793; x_wconf 88' lang='lat' dir='ltr'><strong>turpibus</strong></span> <span class='ocrx_word' id='word_1_650' title='bbox 2258 4729 2311 4775; x_wconf 91' lang='lat' dir='ltr'><strong>et</strong></span> <span class='ocrx_word' id='word_1_651' title='bbox 2335 4717 2742 4773; x_wconf 82' lang='lat' dir='ltr'><strong>nefandisdatis</strong></span> <span class='ocrx_word' id='word_1_652' title='bbox 2766 4719 3101 4788; x_wconf 85' lang='lat' dir='ltr'><strong>velacceptis</strong></span> <span class='ocrx_word' id='word_1_653' title='bbox 3121 4723 3411 4789; x_wconf 78' lang='lat' dir='ltr'><strong>exstiterit,</strong></span> 
     </span>
    </p>
   </div>
   <div class='ocr_carea' id='block_1_98' title="bbox 160 4802 1743 4884">
    <p class='ocr_par' dir='ltr' id='par_1_98' title="bbox 160 4802 1743 4884">
     <span class='ocr_line' id='line_1_98' title="bbox 160 4802 1743 4884; baseline -0.008 -17"><span class='ocrx_word' id='word_1_654' title='bbox 160 4810 386 4884; x_wconf 84' lang='grc' dir='ltr'>βαθμοῦ</span> <span class='ocrx_word' id='word_1_655' title='bbox 414 4825 427 4839; x_wconf 89' lang='grc'><strong>·</strong></span> <span class='ocrx_word' id='word_1_656' title='bbox 468 4812 518 4862; x_wconf 83' lang='grc' dir='ltr'><strong>εἱ</strong></span> <span class='ocrx_word' id='word_1_657' title='bbox 573 4808 631 4862; x_wconf 77' lang='grc' dir='ltr'>δὲ</span> <span class='ocrx_word' id='word_1_658' title='bbox 668 4809 854 4873; x_wconf 82' lang='grc' dir='ltr'>λαῖκὸς</span> <span class='ocrx_word' id='word_1_659' title='bbox 907 4809 939 4879; x_wconf 75' lang='grc' dir='ltr'><strong>ἢ</strong></span> <span class='ocrx_word' id='word_1_660' title='bbox 998 4807 1285 4879; x_wconf 74' lang='grc' dir='ltr'>μονάζων,</span> <span class='ocrx_word' id='word_1_661' title='bbox 1348 4802 1743 4875; x_wconf 74' lang='grc' dir='ltr'>ἀναθεματιζέ-</span> 
     </span>
    </p>
   </div>
   <div class='ocr_carea' id='block_1_99' title="bbox 160 4905 305 4960">
    <p class='ocr_par' dir='ltr' id='par_1_99' title="bbox 160 4905 305 4960">
     <span class='ocr_line' id='line_1_99' title="bbox 160 4905 305 4960; baseline 0.007 -1"><span class='ocrx_word' id='word_1_662' title='bbox 160 4905 305 4960; x_wconf 80' lang='grc' dir='ltr'>σθω.</span> 
     </span>
    </p>
   </div>
   <div class='ocr_carea' id='block_1_100' title="bbox 173 5011 1787 5083">
    <p class='ocr_par' dir='ltr' id='par_1_100' title="bbox 173 5011 1787 5083">
     <span class='ocr_line' id='line_1_100' title="bbox 173 5011 1787 5083; baseline -0.002 -11"><span class='ocrx_word' id='word_1_663' title='bbox 173 5016 282 5072; x_wconf 82' lang='grc' dir='ltr'>Ἕκ</span> <span class='ocrx_word' id='word_1_664' title='bbox 315 5014 434 5083; x_wconf 81' lang='grc' dir='ltr'><strong>τῆς</strong></span> <span class='ocrx_word' id='word_1_665' title='bbox 475 5011 801 5083; x_wconf 69' lang='grc' dir='ltr'>ἐγκυκλίου</span> <span class='ocrx_word' id='word_1_666' title='bbox 838 5013 1166 5083; x_wconf 68' lang='grc' dir='ltr'>ἐπιστολῆς</span> <span class='ocrx_word' id='word_1_667' title='bbox 1181 5017 1514 5071; x_wconf 73' lang='grc' dir='ltr'>Γενναδιόυ</span> <span class='ocrx_word' id='word_1_668' title='bbox 1536 5013 1641 5069; x_wconf 83' lang='grc' dir='ltr'>τοῦ</span> <span class='ocrx_word' id='word_1_669' title='bbox 1680 5016 1744 5068; x_wconf 80' lang='grc' dir='ltr'>ἀ-</span> <span class='ocrx_word' id='word_1_670' title='bbox 1782 5052 1787 5057; x_wconf 73' lang='grc' dir='ltr'><strong>ι</strong></span> 
     </span>
    </p>
   </div>
   <div class='ocr_carea' id='block_1_101' title="bbox 234 5086 1745 5155">
    <p class='ocr_par' dir='ltr' id='par_1_101' title="bbox 234 5086 1745 5155">
     <span class='ocr_line' id='line_1_101' title="bbox 234 5086 1745 5155; baseline 0 -15"><span class='ocrx_word' id='word_1_671' title='bbox 234 5086 531 5155; x_wconf 80' lang='grc' dir='ltr'>τιωτάτου</span> <span class='ocrx_word' id='word_1_672' title='bbox 616 5086 1096 5155; x_wconf 73' lang='grc' dir='ltr'>ᾁρχιεπισκόπου</span> <span class='ocrx_word' id='word_1_673' title='bbox 1178 5087 1745 5140; x_wconf 76' lang='grc' dir='ltr'>Κωνσταντινουπό-</span> 
     </span>
    </p>
   </div>
   <div class='ocr_carea' id='block_1_102' title="bbox 232 5153 1352 5225">
    <p class='ocr_par' dir='ltr' id='par_1_102' title="bbox 232 5153 1352 5225">
     <span class='ocr_line' id='line_1_102' title="bbox 232 5153 1352 5225; baseline 0.002 -17"><span class='ocrx_word' id='word_1_674' title='bbox 232 5153 420 5220; x_wconf 59' lang='grc' dir='ltr'>λεως,</span> <span class='ocrx_word' id='word_1_675' title='bbox 453 5155 551 5210; x_wconf 77' lang='grc' dir='ltr'>καὶ</span> <span class='ocrx_word' id='word_1_676' title='bbox 587 5153 697 5221; x_wconf 81' lang='grc' dir='ltr'><strong>τῆς</strong></span> <span class='ocrx_word' id='word_1_677' title='bbox 724 5153 847 5207; x_wconf 75' lang='grc' dir='ltr'><strong>σὺν</strong></span> <span class='ocrx_word' id='word_1_678' title='bbox 873 5156 1035 5217; x_wconf 84' lang='grc' dir='ltr'>αὐτῷ</span> <span class='ocrx_word' id='word_1_679' title='bbox 1056 5156 1352 5225; x_wconf 69' lang='grc' dir='ltr'><strong>¹συνόδου.</strong></span> 
     </span>
    </p>
   </div>
   <div class='ocr_carea' id='block_1_103' title="bbox 238 5244 1749 5320">
    <p class='ocr_par' dir='ltr' id='par_1_103' title="bbox 238 5244 1749 5320">
     <span class='ocr_line' id='line_1_103' title="bbox 238 5244 1749 5320; baseline -0.001 -17"><span class='ocrx_word' id='word_1_680' title='bbox 238 5251 435 5303; x_wconf 83' lang='grc' dir='ltr'>Ἔστω</span> <span class='ocrx_word' id='word_1_681' title='bbox 468 5248 648 5302; x_wconf 84' lang='grc' dir='ltr'>τοίνυν</span> <span class='ocrx_word' id='word_1_682' title='bbox 675 5249 769 5301; x_wconf 75' lang='grc' dir='ltr'>καὶ</span> <span class='ocrx_word' id='word_1_683' title='bbox 793 5244 942 5299; x_wconf 76' lang='grc' dir='ltr'>ἐστιν</span> <span class='ocrx_word' id='word_1_684' title='bbox 1001 5248 1406 5320; x_wconf 83' lang='grc' dir='ltr'>ἀποκήρυκτος,</span> <span class='ocrx_word' id='word_1_685' title='bbox 1442 5248 1538 5302; x_wconf 69' lang='grc' dir='ltr'>καὶ</span> <span class='ocrx_word' id='word_1_686' title='bbox 1570 5248 1749 5320; x_wconf 83' lang='grc' dir='ltr'>πάσης</span> 
     </span>
    </p>
   </div>
   <div class='ocr_carea' id='block_1_104' title="bbox 163 5338 1745 5413">
    <p class='ocr_par' dir='ltr' id='par_1_104' title="bbox 163 5338 1745 5413">
     <span class='ocr_line' id='line_1_104' title="bbox 163 5338 1745 5413; baseline -0.002 -18"><span class='ocrx_word' id='word_1_687' title='bbox 163 5342 461 5413; x_wconf 80' lang='grc' dir='ltr'>ἱερατικῆς</span> <span class='ocrx_word' id='word_1_688' title='bbox 486 5340 642 5405; x_wconf 82' lang='grc' dir='ltr'>ἀξίας</span> <span class='ocrx_word' id='word_1_689' title='bbox 667 5356 727 5394; x_wconf 85' lang='grc' dir='ltr'>τε</span> <span class='ocrx_word' id='word_1_690' title='bbox 757 5340 852 5392; x_wconf 57' lang='grc' dir='ltr'><strong>καὶ⁵</strong></span> <span class='ocrx_word' id='word_1_691' title='bbox 875 5338 1217 5409; x_wconf 84' lang='grc' dir='ltr'>λειτουργίας</span> <span class='ocrx_word' id='word_1_692' title='bbox 1241 5340 1543 5411; x_wconf 86' lang='grc' dir='ltr'>ἀλλότριος,</span> <span class='ocrx_word' id='word_1_693' title='bbox 1567 5341 1662 5394; x_wconf 75' lang='grc' dir='ltr'>καὶ</span> <span class='ocrx_word' id='word_1_694' title='bbox 1679 5343 1745 5411; x_wconf 78' lang='grc' dir='ltr'>τῇ</span> 
     </span>
    </p>
   </div>
   <div class='ocr_carea' id='block_1_105' title="bbox 162 5432 1744 5507">
    <p class='ocr_par' dir='ltr' id='par_1_105' title="bbox 162 5432 1744 5507">
     <span class='ocr_line' id='line_1_105' title="bbox 162 5432 1744 5507; baseline -0.001 -17"><span class='ocrx_word' id='word_1_695' title='bbox 162 5435 397 5507; x_wconf 76' lang='grc' dir='ltr'>κατάρᾳ</span> <span class='ocrx_word' id='word_1_696' title='bbox 452 5434 548 5487; x_wconf 84' lang='grc' dir='ltr'><strong>τοῦ</strong></span> <span class='ocrx_word' id='word_1_697' title='bbox 593 5432 930 5503; x_wconf 81' lang='grc' dir='ltr'>ἁναθέματος</span> <span class='ocrx_word' id='word_1_698' title='bbox 963 5433 1344 5501; x_wconf 81' lang='grc' dir='ltr'>ὑποκείμενος,</span> <span class='ocrx_word' id='word_1_699' title='bbox 1369 5435 1396 5486; x_wconf 82' lang='grc' dir='ltr'>ὅ</span> <span class='ocrx_word' id='word_1_700' title='bbox 1424 5449 1485 5486; x_wconf 79' lang='grc' dir='ltr'><strong>τε</strong></span> <span class='ocrx_word' id='word_1_701' title='bbox 1513 5434 1744 5488; x_wconf 82' lang='grc' dir='ltr'>κτᾶσθαι</span> 
     </span>
    </p>
   </div>
   <div class='ocr_carea' id='block_1_106' title="bbox 162 5524 1747 5597">
    <p class='ocr_par' dir='ltr' id='par_1_106' title="bbox 162 5524 1747 5597">
     <span class='ocr_line' id='line_1_106' title="bbox 162 5524 1747 5597; baseline -0.002 -14"><span class='ocrx_word' id='word_1_702' title='bbox 162 5528 386 5596; x_wconf 85' lang='grc' dir='ltr'>ταύτην</span> <span class='ocrx_word' id='word_1_703' title='bbox 414 5526 513 5597; x_wconf 75' lang='grc' dir='ltr'>τὴν</span> <span class='ocrx_word' id='word_1_704' title='bbox 566 5526 867 5597; x_wconf 82' lang='grc' dir='ltr'>ἱερωσύνην</span> <span class='ocrx_word' id='word_1_705' title='bbox 919 5525 1007 5579; x_wconf 84' lang='grc' dir='ltr'>διὰ</span> <span class='ocrx_word' id='word_1_706' title='bbox 1034 5524 1329 5596; x_wconf 84' lang='grc' dir='ltr'>χρημάτων</span> <span class='ocrx_word' id='word_1_707' title='bbox 1348 5526 1616 5592; x_wconf 77' lang='grc' dir='ltr'>οἰόμενος,</span> <span class='ocrx_word' id='word_1_708' title='bbox 1652 5528 1747 5582; x_wconf 76' lang='grc' dir='ltr'>καὶ</span> 
     </span>
    </p>
   </div>
   <div class='ocr_carea' id='block_1_107' title="bbox 162 5618 1744 5694">
    <p class='ocr_par' dir='ltr' id='par_1_107' title="bbox 162 5618 1744 5694">
     <span class='ocr_line' id='line_1_107' title="bbox 162 5618 1744 5694; baseline -0.003 -18"><span class='ocrx_word' id='word_1_709' title='bbox 162 5622 193 5675; x_wconf 86' lang='grc' dir='ltr'><strong>ὁ</strong></span> <span class='ocrx_word' id='word_1_710' title='bbox 220 5619 442 5688; x_wconf 82' lang='grc' dir='ltr'>ταύτην</span> <span class='ocrx_word' id='word_1_711' title='bbox 490 5619 753 5694; x_wconf 84' lang='grc' dir='ltr'>παρέχειν</span> <span class='ocrx_word' id='word_1_712' title='bbox 808 5618 902 5671; x_wconf 75' lang='grc' dir='ltr'><strong>ἐπὶ</strong></span> <span class='ocrx_word' id='word_1_713' title='bbox 948 5619 1226 5688; x_wconf 78' lang='grc' dir='ltr'>χρήμασιν</span> <span class='ocrx_word' id='word_1_714' title='bbox 1270 5618 1697 5689; x_wconf 80' lang='grc' dir='ltr'>ὑπισχνούμενος</span> <span class='ocrx_word' id='word_1_715' title='bbox 1728 5659 1744 5685; x_wconf 92' lang='grc'><strong>,</strong></span> 
     </span>
    </p>
   </div>
   <div class='ocr_carea' id='block_1_108' title="bbox 165 5706 1751 5784">
    <p class='ocr_par' dir='ltr' id='par_1_108' title="bbox 165 5706 1751 5784">
     <span class='ocr_line' id='line_1_108' title="bbox 165 5706 1751 5784; baseline -0.002 -14"><span class='ocrx_word' id='word_1_716' title='bbox 165 5715 280 5770; x_wconf 78' lang='grc' dir='ltr'>εἴτε</span> <span class='ocrx_word' id='word_1_717' title='bbox 309 5709 598 5784; x_wconf 76' lang='grc' dir='ltr'>κληρικδς,</span> <span class='ocrx_word' id='word_1_718' title='bbox 635 5711 743 5763; x_wconf 78' lang='grc' dir='ltr'>εἴτε</span> <span class='ocrx_word' id='word_1_719' title='bbox 774 5712 959 5773; x_wconf 83' lang='grc' dir='ltr'>λαῖκὸς</span> <span class='ocrx_word' id='word_1_720' title='bbox 994 5712 1076 5781; x_wconf 77' lang='grc' dir='ltr'>εἴη</span> <span class='ocrx_word' id='word_1_721' title='bbox 1105 5726 1119 5740; x_wconf 81' lang='grc'><em>’</em></span> <span class='ocrx_word' id='word_1_722' title='bbox 1153 5706 1255 5763; x_wconf 75' lang='grc' dir='ltr'>κᾶν</span> <span class='ocrx_word' id='word_1_723' title='bbox 1315 5708 1587 5780; x_wconf 71' lang='grc' dir='ltr'>ἐλέγχοιτο</span> <span class='ocrx_word' id='word_1_724' title='bbox 1607 5751 1622 5777; x_wconf 83' lang='grc'><strong>,</strong></span> <span class='ocrx_word' id='word_1_725' title='bbox 1647 5711 1751 5767; x_wconf 81' lang='grc' dir='ltr'>κᾶν</span> 
     </span>
    </p>
   </div>
   <div class='ocr_carea' id='block_1_109' title="bbox 242 5839 743 5921">
    <p class='ocr_par' dir='ltr' id='par_1_109' title="bbox 242 5839 743 5921">
     <span class='ocr_line' id='line_1_109' title="bbox 242 5839 743 5921; baseline -0.018 -1"><span class='ocrx_word' id='word_1_726' title='bbox 242 5871 287 5901; x_wconf 71' lang='grc'><strong>⁸³</strong></span> <span class='ocrx_word' id='word_1_727' title='bbox 326 5863 495 5921; x_wconf 69' lang='lat' dir='ltr'><strong>Mirh.</strong></span> <span class='ocrx_word' id='word_1_728' title='bbox 537 5839 616 5921; x_wconf 78' lang='lat' dir='ltr'><strong>nt,</strong></span> <span class='ocrx_word' id='word_1_729' title='bbox 657 5860 743 5912; x_wconf 83' lang='lat' dir='ltr'><strong>ll.</strong></span> 
     </span>
    </p>
   </div>
   <div class='ocr_carea' id='block_1_110' title="bbox 472 5957 1185 6020">
    <p class='ocr_par' dir='ltr' id='par_1_110' title="bbox 472 5957 1185 6020">
     <span class='ocr_line' id='line_1_110' title="bbox 472 5957 1185 6020; baseline -0.001 -4"><span class='ocrx_word' id='word_1_730' title='bbox 472 5959 744 6016; x_wconf 47' lang='lat' dir='ltr'><strong>Puncta</strong></span> <span class='ocrx_word' id='word_1_731' title='bbox 779 5960 897 6019; x_wconf 78' lang='lat' dir='ltr'><strong>Gn.</strong></span> <span class='ocrx_word' id='word_1_732' title='bbox 918 5957 1185 6020; x_wconf 77' lang='lat' dir='ltr'><strong>XCVIII.</strong></span> 
     </span>
    </p>
   </div>
   <div class='ocr_carea' id='block_1_111' title="bbox 1838 4810 3411 4888">
    <p class='ocr_par' dir='ltr' id='par_1_111' title="bbox 1838 4810 3411 4888">
     <span class='ocr_line' id='line_1_111' title="bbox 1838 4810 3411 4888; baseline -0.003 -14"><span class='ocrx_word' id='word_1_733' title='bbox 1838 4821 1883 4874; x_wconf 92' lang='lat' dir='ltr'><strong>si</strong></span> <span class='ocrx_word' id='word_1_734' title='bbox 1910 4816 2127 4888; x_wconf 83' lang='lat' dir='ltr'><strong>quidem</strong></span> <span class='ocrx_word' id='word_1_735' title='bbox 2165 4813 2393 4867; x_wconf 87' lang='lat' dir='ltr'><strong>clericus</strong></span> <span class='ocrx_word' id='word_1_736' title='bbox 2440 4810 2622 4875; x_wconf 82' lang='lat' dir='ltr'><strong>fuerit,</strong></span> <span class='ocrx_word' id='word_1_737' title='bbox 2644 4810 2861 4878; x_wconf 84' lang='lat' dir='ltr'><strong>praprio</strong></span> <span class='ocrx_word' id='word_1_738' title='bbox 2911 4811 3075 4880; x_wconf 74' lang='lat' dir='ltr'><strong>gradu</strong></span> <span class='ocrx_word' id='word_1_739' title='bbox 3105 4811 3339 4881; x_wconf 91' lang='lat' dir='ltr'><strong>decidat,</strong></span> <span class='ocrx_word' id='word_1_740' title='bbox 3368 4817 3411 4869; x_wconf 90' lang='lat' dir='ltr'><strong>si</strong></span> 
     </span>
    </p>
   </div>
   <div class='ocr_carea' id='block_1_112' title="bbox 1840 4901 3211 4966">
    <p class='ocr_par' dir='ltr' id='par_1_112' title="bbox 1840 4901 3211 4966">
     <span class='ocr_line' id='line_1_112' title="bbox 1840 4901 3211 4966; baseline -0.004 -3"><span class='ocrx_word' id='word_1_741' title='bbox 1840 4923 1968 4966; x_wconf 83' lang='lat' dir='ltr'><strong>vero</strong></span> <span class='ocrx_word' id='word_1_742' title='bbox 2012 4906 2184 4962; x_wconf 88' lang='lat' dir='ltr'><strong>laicus</strong></span> <span class='ocrx_word' id='word_1_743' title='bbox 2215 4911 2307 4958; x_wconf 88' lang='lat' dir='ltr'><strong>aut</strong></span> <span class='ocrx_word' id='word_1_744' title='bbox 2348 4901 2680 4961; x_wconf 68' lang='lat' dir='ltr'><strong>monachus.</strong></span> <span class='ocrx_word' id='word_1_745' title='bbox 2706 4901 3211 4957; x_wconf 86' lang='lat' dir='ltr'><strong>anathematizetur.</strong></span> 
     </span>
    </p>
   </div>
   <div class='ocr_carea' id='block_1_113' title="bbox 1849 5012 3410 5092">
    <p class='ocr_par' dir='ltr' id='par_1_113' title="bbox 1849 5012 3410 5092">
     <span class='ocr_line' id='line_1_113' title="bbox 1849 5012 3410 5092; baseline -0.001 -18"><span class='ocrx_word' id='word_1_746' title='bbox 1849 5022 1932 5077; x_wconf 72' lang='lat' dir='ltr'><strong>Ex</strong></span> <span class='ocrx_word' id='word_1_747' title='bbox 1970 5014 2540 5092; x_wconf 24' lang='lat' dir='ltr'><strong>,synodianepistoln</strong></span> <span class='ocrx_word' id='word_1_748' title='bbox 2602 5012 2863 5092; x_wconf 71' lang='lat' dir='ltr'><strong>Gennadii</strong></span> <span class='ocrx_word' id='word_1_749' title='bbox 2933 5018 3259 5092; x_wconf 65' lang='lat' dir='ltr'><strong>sanctissimi</strong></span> <span class='ocrx_word' id='word_1_750' title='bbox 3320 5037 3410 5072; x_wconf 61' lang='lat' dir='ltr'><strong>mu</strong></span> 
     </span>
    </p>
   </div>
   <div class='ocr_carea' id='block_1_114' title="bbox 1916 5084 3410 5167">
    <p class='ocr_par' dir='ltr' id='par_1_114' title="bbox 1916 5084 3410 5167">
     <span class='ocr_line' id='line_1_114' title="bbox 1916 5084 3410 5167; baseline -0.003 -21"><span class='ocrx_word' id='word_1_751' title='bbox 1916 5084 2230 5160; x_wconf 48' lang='lat' dir='ltr'><strong>chie&#39;piscopi</strong></span> <span class='ocrx_word' id='word_1_752' title='bbox 2260 5084 2821 5154; x_wconf 81' lang='lat' dir='ltr'><strong>Constantinopoleos,</strong></span> <span class='ocrx_word' id='word_1_753' title='bbox 2854 5096 2903 5139; x_wconf 81' lang='lat' dir='ltr'><strong>et</strong></span> <span class='ocrx_word' id='word_1_754' title='bbox 2933 5089 3119 5157; x_wconf 78' lang='lat' dir='ltr'><strong>synodi</strong></span> <span class='ocrx_word' id='word_1_755' title='bbox 3148 5105 3265 5167; x_wconf 74' lang='lat' dir='ltr'><strong>qua:</strong></span> <span class='ocrx_word' id='word_1_756' title='bbox 3295 5106 3410 5143; x_wconf 85' lang='lat' dir='ltr'><strong>cum</strong></span> 
     </span>
    </p>
   </div>
   <div class='ocr_carea' id='block_1_115' title="bbox 1915 5170 2143 5217">
    <p class='ocr_par' dir='ltr' id='par_1_115' title="bbox 1915 5170 2143 5217">
     <span class='ocr_line' id='line_1_115' title="bbox 1915 5170 2143 5217; baseline -0.026 0"><span class='ocrx_word' id='word_1_757' title='bbox 1915 5178 1974 5217; x_wconf 76' lang='grc' dir='ltr'><strong>εο</strong></span> <span class='ocrx_word' id='word_1_758' title='bbox 2008 5170 2143 5215; x_wconf 79' lang='lat' dir='ltr'><strong>erat.</strong></span> 
     </span>
    </p>
   </div>
   <div class='ocr_carea' id='block_1_116' title="bbox 1918 5249 3406 5323">
    <p class='ocr_par' dir='ltr' id='par_1_116' title="bbox 1918 5249 3406 5323">
     <span class='ocr_line' id='line_1_116' title="bbox 1918 5249 3406 5323; baseline -0.003 -15"><span class='ocrx_word' id='word_1_759' title='bbox 1918 5255 2003 5309; x_wconf 89' lang='lat' dir='ltr'><strong>Sit</strong></span> <span class='ocrx_word' id='word_1_760' title='bbox 2034 5252 2219 5323; x_wconf 77' lang='lat' dir='ltr'><strong>igitur,</strong></span> <span class='ocrx_word' id='word_1_761' title='bbox 2251 5260 2303 5304; x_wconf 93' lang='lat' dir='ltr'><strong>et</strong></span> <span class='ocrx_word' id='word_1_762' title='bbox 2350 5259 2434 5305; x_wconf 91' lang='lat' dir='ltr'><strong>est</strong></span> <span class='ocrx_word' id='word_1_763' title='bbox 2466 5249 2734 5317; x_wconf 74' lang='lat' dir='ltr'><strong>abiectus,</strong></span> <span class='ocrx_word' id='word_1_764' title='bbox 2774 5261 2828 5304; x_wconf 88' lang='lat' dir='ltr'><strong>et</strong></span> <span class='ocrx_word' id='word_1_765' title='bbox 2866 5250 2935 5304; x_wconf 90' lang='lat' dir='ltr'><strong>ab</strong></span> <span class='ocrx_word' id='word_1_766' title='bbox 2971 5251 3118 5304; x_wconf 90' lang='lat' dir='ltr'><strong>omni</strong></span> <span class='ocrx_word' id='word_1_767' title='bbox 3159 5255 3406 5305; x_wconf 84' lang='lat' dir='ltr'><strong>sacerdo-</strong></span> 
     </span>
    </p>
   </div>
   <div class='ocr_carea' id='block_1_117' title="bbox 1846 5342 3407 5416">
    <p class='ocr_par' dir='ltr' id='par_1_117' title="bbox 1846 5342 3407 5416">
     <span class='ocr_line' id='line_1_117' title="bbox 1846 5342 3407 5416; baseline -0.003 -14"><span class='ocrx_word' id='word_1_768' title='bbox 1846 5347 1941 5402; x_wconf 89' lang='lat' dir='ltr'><strong>tali</strong></span> <span class='ocrx_word' id='word_1_769' title='bbox 1973 5344 2234 5416; x_wconf 84' lang='lat' dir='ltr'><strong>dignitate</strong></span> <span class='ocrx_word' id='word_1_770' title='bbox 2278 5351 2442 5411; x_wconf 80' lang='lat' dir='ltr'><strong>atque</strong></span> <span class='ocrx_word' id='word_1_771' title='bbox 2472 5342 2647 5396; x_wconf 78' lang='lat' dir='ltr'><strong>oﬂicio</strong></span> <span class='ocrx_word' id='word_1_772' title='bbox 2695 5342 2928 5407; x_wconf 86' lang='lat' dir='ltr'><strong>alienus,</strong></span> <span class='ocrx_word' id='word_1_773' title='bbox 2960 5351 3014 5396; x_wconf 91' lang='lat' dir='ltr'><strong>et</strong></span> <span class='ocrx_word' id='word_1_774' title='bbox 3045 5343 3407 5397; x_wconf 82' lang='lat' dir='ltr'><strong>maledictioui</strong></span> 
     </span>
    </p>
   </div>
   <div class='ocr_carea' id='block_1_118' title="bbox 1852 5431 3417 5502">
    <p class='ocr_par' dir='ltr' id='par_1_118' title="bbox 1852 5431 3417 5502">
     <span class='ocr_line' id='line_1_118' title="bbox 1852 5431 3417 5502; baseline -0.004 -11"><span class='ocrx_word' id='word_1_775' title='bbox 1852 5433 2215 5491; x_wconf 85' lang='lat' dir='ltr'><strong>anathematis</strong></span> <span class='ocrx_word' id='word_1_776' title='bbox 2265 5431 2545 5495; x_wconf 83' lang='lat' dir='ltr'><strong>subditus,</strong></span> <span class='ocrx_word' id='word_1_777' title='bbox 2590 5440 2698 5486; x_wconf 88' lang='lat' dir='ltr'><strong>tam</strong></span> <span class='ocrx_word' id='word_1_778' title='bbox 2734 5434 2825 5500; x_wconf 87' lang='lat' dir='ltr'><strong>qui</strong></span> <span class='ocrx_word' id='word_1_779' title='bbox 2870 5432 3149 5502; x_wconf 82' lang='lat' dir='ltr'><strong>possidere</strong></span> <span class='ocrx_word' id='word_1_780' title='bbox 3184 5435 3283 5488; x_wconf 87' lang='lat' dir='ltr'><strong>hoc</strong></span> <span class='ocrx_word' id='word_1_781' title='bbox 3331 5452 3417 5488; x_wconf 63' lang='lat' dir='ltr'><strong>su.</strong></span> 
     </span>
    </p>
   </div>
   <div class='ocr_carea' id='block_1_119' title="bbox 1852 5525 3409 5597">
    <p class='ocr_par' dir='ltr' id='par_1_119' title="bbox 1852 5525 3409 5597">
     <span class='ocr_line' id='line_1_119' title="bbox 1852 5525 3409 5597; baseline -0.008 -10"><span class='ocrx_word' id='word_1_782' title='bbox 1852 5528 2160 5587; x_wconf 88' lang='lat' dir='ltr'><strong>cerdotium</strong></span> <span class='ocrx_word' id='word_1_783' title='bbox 2228 5541 2325 5597; x_wconf 76' lang='lat' dir='ltr'><strong>per</strong></span> <span class='ocrx_word' id='word_1_784' title='bbox 2376 5525 2639 5595; x_wconf 86' lang='lat' dir='ltr'><strong>pecunias</strong></span> <span class='ocrx_word' id='word_1_785' title='bbox 2690 5525 2969 5595; x_wconf 83' lang='lat' dir='ltr'><strong>opinatur,</strong></span> <span class='ocrx_word' id='word_1_786' title='bbox 3026 5539 3186 5593; x_wconf 84' lang='lat' dir='ltr'><strong>quam</strong></span> <span class='ocrx_word' id='word_1_787' title='bbox 3233 5526 3277 5579; x_wconf 90' lang='lat' dir='ltr'><strong>is</strong></span> <span class='ocrx_word' id='word_1_788' title='bbox 3318 5529 3409 5595; x_wconf 72' lang='grc' dir='ltr'><strong>(μί</strong></span> 
     </span>
    </p>
   </div>
   <div class='ocr_carea' id='block_1_120' title="bbox 1853 5614 3412 5690">
    <p class='ocr_par' dir='ltr' id='par_1_120' title="bbox 1853 5614 3412 5690">
     <span class='ocr_line' id='line_1_120' title="bbox 1853 5614 3412 5690; baseline -0.005 -15"><span class='ocrx_word' id='word_1_789' title='bbox 1853 5619 2099 5690; x_wconf 61' lang='lat' dir='ltr'><strong>praebere</strong></span> <span class='ocrx_word' id='word_1_790' title='bbox 2123 5614 2174 5671; x_wconf 89' lang='lat' dir='ltr'><strong>id</strong></span> <span class='ocrx_word' id='word_1_791' title='bbox 2213 5622 2431 5685; x_wconf 90' lang='lat' dir='ltr'><strong>propter</strong></span> <span class='ocrx_word' id='word_1_792' title='bbox 2467 5615 2730 5685; x_wconf 81' lang='lat' dir='ltr'><strong>pecunias</strong></span> <span class='ocrx_word' id='word_1_793' title='bbox 2765 5614 3069 5683; x_wconf 88' lang='lat' dir='ltr'><strong>pollicetur,</strong></span> <span class='ocrx_word' id='word_1_794' title='bbox 3104 5615 3216 5669; x_wconf 86' lang='lat' dir='ltr'><strong>sive</strong></span> <span class='ocrx_word' id='word_1_795' title='bbox 3248 5615 3412 5668; x_wconf 79' lang='lat' dir='ltr'><strong>cleri-</strong></span> 
     </span>
    </p>
   </div>
   <div class='ocr_carea' id='block_1_121' title="bbox 1857 5707 3412 5779">
    <p class='ocr_par' dir='ltr' id='par_1_121' title="bbox 1857 5707 3412 5779">
     <span class='ocr_line' id='line_1_121' title="bbox 1857 5707 3412 5779; baseline -0.002 -10"><span class='ocrx_word' id='word_1_796' title='bbox 1857 5728 1976 5779; x_wconf 83' lang='lat' dir='ltr'><strong>cus,</strong></span> <span class='ocrx_word' id='word_1_797' title='bbox 2006 5713 2121 5768; x_wconf 80' lang='lat' dir='ltr'><strong>sive</strong></span> <span class='ocrx_word' id='word_1_798' title='bbox 2150 5710 2319 5765; x_wconf 79' lang='lat' dir='ltr'><strong>laicus</strong></span> <span class='ocrx_word' id='word_1_799' title='bbox 2352 5708 2422 5764; x_wconf 89' lang='lat' dir='ltr'><strong>sit</strong></span> <span class='ocrx_word' id='word_1_800' title='bbox 2452 5726 2466 5762; x_wconf 93' lang='lat'><strong>:</strong></span> <span class='ocrx_word' id='word_1_801' title='bbox 2492 5709 2605 5764; x_wconf 88' lang='lat' dir='ltr'><strong>sive</strong></span> <span class='ocrx_word' id='word_1_802' title='bbox 2625 5709 2929 5775; x_wconf 86' lang='lat' dir='ltr'><strong>convictus,</strong></span> <span class='ocrx_word' id='word_1_803' title='bbox 2955 5708 3068 5763; x_wconf 80' lang='lat' dir='ltr'><strong>sive</strong></span> <span class='ocrx_word' id='word_1_804' title='bbox 3108 5723 3215 5763; x_wconf 90' lang='lat' dir='ltr'><strong>non</strong></span> <span class='ocrx_word' id='word_1_805' title='bbox 3249 5707 3412 5766; x_wconf 80' lang='lat' dir='ltr'><strong>fuerit</strong></span> 
     </span>
    </p>
   </div>
   <div class='ocr_carea' id='block_1_122' title="bbox 2940 5928 3011 5991">
    <p class='ocr_par' dir='ltr' id='par_1_122' title="bbox 2940 5928 3011 5991">
     <span class='ocr_line' id='line_1_122' title="bbox 2940 5928 3011 5991; baseline 0.014 -1"><span class='ocrx_word' id='word_1_806' title='bbox 2940 5928 3011 5991; x_wconf 74' lang='grc'>46</span> 
     </span>
    </p>
   </div>
  </div>
