4016 6340
209 442 341 509 ιιεδ

1609 447 2004 510 ΕΡΙΒΤΟΙΑΕ.

3276 446 3410 509 1454

275 566 338 614 Οί
394 558 485 617 οὖν
527 565 906 634 ἐρευνητικῶςν,
950 563 1040 618 καὶ
1085 554 1584 636 οὐίπαροδευτικῶς
1616 570 1747 619 πᾶσι

1919 567 2020 631 Qui
2045 581 2174 635 ergo
2204 567 2565 620 scrutabilitcr
2592 575 2644 619 et
2678 580 2784 619 non
2817 567 3124 620 transitur-ie
3151 568 3404 622 omnibus

205 657 315 718 τοῖς
377 656 670 724 Γραφικοῖς
719 656 812 708 καὶ
870 657 1164 725 Πατρικοῖς
1213 656 1528 726 διδάγμασιν
1591 656 1755 723 ἐγκύ-

207 761 472 807 ςίτοντες,
533 745 624 797 καὶ
681 747 744 814 τῇ
794 745 1091 812 ἀναγνώσει
1169 744 1372 797 τούτων
1460 746 1750 814 προσέχον-

205 853 313 898 τες,
348 836 438 888 καὶ
464 835 553 887 τὸν
570 834 691 886 νοῦν
717 833 918 886 ἑαυτῶν
940 838 1002 903 τῇ
1037 835 1283 905 εὐσεϐείᾳ
1310 835 1403 887 καὶ
1435 839 1500 906 τῇ
1530 836 1753 906 ἀληθείᾳ

206 929 681 995 προσπηγνύντες,
734 925 827 976 καὶ
900 925 959 976 οὐ
1019 927 1154 995 πρὸς
1217 929 1276 978 τὸ
1349 927 1475 979 ἴδιον
1544 926 1754 995 θέλημα

204 1015 362 1066 τοῦτο
386 1016 658 1084 φέροντες,
693 1015 1010 1082 φωτίζονται
1043 1014 1394 1084 θαυμαστῶς,
1451 1016 1557 1068 ἀπὸ
1582 1016 1753 1086 ὀρέων

203 1106 458 1172 αἰωνίων,
493 1108 956 1177 καταυγαζόμενοι
983 1106 1085 1159 ὑπὸ
1123 1108 1229 1158 τῶν
1258 1106 1630 1174 εὐαγγελικῶν
1660 1108 1754 1159 καὶ

203 1197 574 1250 ἀποστολικῶν
630 1197 997 1266 ὲνταλμάτων.
1032 1199 1172 1267 Ὄρη
1206 1197 1312 1266 γὰρ
1337 1194 1504 1249 ταῦτα
1523 1198 1548 1248 ὁ
1570 1195 1750 1263 ψαλμ-

200 1288 332 1357 ῳδὸς
361 1276 636 1356 ὀνομάζει,
649 1289 728 1340 ὅτι
756 1288 812 1339 ὲν
826 1288 1004 1350 αὐτοῖς
1017 1286 1415 1356 ἐμμελετῶντες
1437 1285 1528 1338 καὶ
1543 1285 1750 1337 ὁδεύον-

201 1394 312 1440 τες,
364 1378 498 1446 πρὸς
553 1378 621 1430 τὰ
675 1378 895 1446 οὐράνια
958 1377 1324 1444 ἐπιϐαίνομεν.
1389 1373 1592 1428 Αίὼνια
1651 1373 1745 1436 δὲ,

202 1469 284 1520 ὅτι
313 1467 375 1519 οὐ
403 1467 710 1536 πρόσφατα,
753 1466 870 1518 οὐδὲ
935 1466 1260 1536 πρόσκαιρα,
1317 1465 1451 1517 ἀλλὰ
1486 1464 1591 1534 πρὸ
1648 1481 1748 1515 κα-

202 1557 432 1627 ταϐολῆς
457 1558 659 1627 κόσμου
689 1557 1030 1628 λελάληνται,
1068 1558 1112 1608 εἰ
1146 1559 1238 1609 καὶ
1263 1557 1350 1607 ἐπ’
1375 1557 1615 1624 ἐσχάτων
1642 1555 1748 1607 τῶν

203 1649 408 1717 χρόνων
445 1649 1029 1719 ἐκπεφώνηνταιοπαρᾶ
1050 1649 1155 1700 τῶν
1178 1648 1430 1718 κηρύκων
1467 1647 1560 1699 τοῦ
1583 1648 1748 1714 εὐαγ-

202 1739 418 1806 γελικοῦ
465 1741 835 1808 κηρύγματος.
871 1740 1056 1809 Ἡμεῖς
1103 1735 1213 1802 οὖν,
1244 1739 1372 1808 ἄνερ
1420 1736 1744 1806 ἐπιθυμιῶν,

200 1831 307 1882 τῶν
365 1830 457 1882 τοῦ
512 1833 861 1899 Πνεύματος,
910 1832 984 1892 ὼς
1024 1829 1267 1900 τῷ·Θεῷ
1312 1846 1369 1880 σε
1400 1831 1462 1880 ἐκ
1505 1829 1748 1896 νεότητος

1860 659 2034 711 sacris
2063 657 2358 726 Scripturis
2398 669 2450 711 ct
2481 659 2718 726 paternis
2755 658 3017 711 doctrinis
3063 658 3402 720 incumbunt,

1858 756 1912 800 et
1939 746 2154 800 lectioni
2189 745 2378 799 horum
2419 745 2726 809 intendunt,
2761 736 2812 798 et
2843 755 3075 798 mentem
3104 762 3258 800 suam
3289 746 3400 815 pie-

1861 836 1953 889 tati
1987 846 2041 889 et
2085 835 2296 888 veritati
2332 835 2578 905 iuligunt.
2618 846 2671 896 et
2704 852 2811 888 non
2847 836 2910 888 ad
2949 837 3220 904 propriam
3267 837 3407 890 hanc

1859 931 2184 984 voluntatem
2241 930 2518 994 referunt,
2581 929 2954 984 illuminantur
3009 931 3331 984 mirabiliter
3378 949 3405 984 a

1859 1021 2135 1074 montibus
2166 1021 2402 1085 mtcruis,
2441 1021 2691 1074 illustrati
2727 1025 2793 1075 ab
2821 1023 3148 1091 evangelicis
3191 1033 3242 1076 et
3274 1037 3409 1092 apo-
3480 1043 3482 1046 ν

1858 1111 2062 1165 stolicis
2117 1112 2412 1180 praeceptis.
2478 1109 2684 1164 Montes
2746 1115 2889 1165 enim
2948 1114 3063 1166 haec
3120 1112 3407 1166 Psalmista

1857 1201 2105 1255 nominat
2127 1202 2196 1264 ⁸¹,
2235 1202 2495 1270 quoniam
2528 1203 2580 1254 iu
2615 1202 2697 1255 bis
2729 1201 3053 1255 meditantes
3077 1211 3128 1254 et
3164 1202 3408 1255 inambu-

1857 1290 2053 1352 lantes,
2079 1290 2145 1344 ad
2181 1290 2419 1345 cmlestia
2457 1290 2873 1358 pertransimus.
2914 1289 3173 1342 Aﬂternos
3203 1299 3404 1352 autem,

1854 1380 1983 1450 quia
2025 1395 2130 1433 non
2169 1382 2402 1435 recentia
2437 1398 2535 1436 nec
2584 1382 2926 1448 temporalia,
2962 1379 3056 1434 sed
3087 1380 3161 1432 ab
3199 1380 3409 1448 origine

1855 1473 2046 1536 mundi
2081 1474 2334 1541 prtedicta
2396 1472 2686 1543 sunthr.
2739 1481 2863 1526 ante
2907 1471 3095 1524 mundi
3139 1473 3408 1525 consulu-

1853 1565 2055 1618 tionem
2083 1565 2226 1618 dicta
2272 1561 2457 1636 sunt];
2503 1579 2813 1632 quanquam
2849 1563 3158 1616 novissimis
3199 1551 3412 1629 tempe!

1855 1657 2006 1709 ribus
2062 1656 2270 1724 prolata
2334 1656 2442 1709 sint
2488 1670 2515 1707 a
2570 1653 3017 1722 prtedicatoribus
3082 1652 3408 1720 evangelica:

1853 1745 2272 1812 praedicationis.
2314 1743 2421 1800 Nos
2473 1760 2601 1813 ergo
2627 1786 2641 1806 ,
2692 1745 2774 1797 vir
2816 1745 3216 1798 desideriorum
3245 1786 3259 1806 ,
3309 1760 3406 1797 eo-

1854 1849 1975 1886 rum
2004 1834 2250 1888 videlicet
2278 1849 2398 1903 quae
2443 1845 2569 1889 sunt
2599 1835 2854 1904 Spiritus,
2901 1835 3010 1888 Deo
3065 1846 3114 1888 te
3155 1850 3183 1888 a
3209 1835 3394 1904 juven-

200 1921 558 1990 γινώσκοντες
618 1911 989 1990 ἀνακείμενον,
1023 1922 1120 1988 τῆς
1157 1920 1382 1989 καρδίας
1408 1919 1560 1986 ἡμῶν
1593 1918 1746 1983 ὀλίγα

1855 1930 1961 1975 tute
2008 1933 2394 1992 cognoscentes
2439 1925 2704 1989 deditum,
2748 1941 2951 1994 paucos
3000 1927 3184 1980 cordis
3237 1926 3405 1978 nostri

201 2014 322 2066 τινὰ
353 2015 623 2082 κινήματα
642 2030 696 2064 τε
733 2015 824 2065 καὶ
864 2010 1201 2082 βουλεύματα
1233 2010 1366 2078 πρὸς
1398 2008 1631 2076 ψυχικὴν
1655 2006 1746 2058 εὗ-

201 2103 400 2170 θυμίαν
456 2103 834 2180 ἁνατιθέμεθα.
891 2102 969 2155 Τὰ
1015 2103 1120 2170 γὰρ
1175 2101 1392 2154 πλείονα
1441 2101 1614 2166 σιωπῇ
1664 2115 1747 2148 τι·

203 2194 417 2263 μάσθω.

271 2283 494 2346 Πάντως
539 2281 770 2352 ἐνηχήθη
828 2282 954 2351 ὑμῖν
1025 2283 1150 2351 περὶ
1204 2281 1301 2349 τῆς
1364 2278 1580 2330 συνόδου
1651 2276 1750 2345 τῆς

201 2376 498 2444 γενομένης
543 2375 760 2444 εὐδοκία
812 2373 948 2426 Θεοῦ
984 2375 1040 2425 ἐν
1063 2374 1127 2441 τῇ
1158 2369 1409 2424 Νικαέων
1443 2370 1591 2422 πόλει
1624 2384 1636 2398 ⁸
1669 2371 1750 2430 είς

201 2465 265 2533 ἣν
297 2465 509 2517 σύνοδον
531 2467 691 2534 ἡμεῖς
716 2481 773 2515 τε
808 2466 895 2516 καὶ
957 2463 1273 2532 ἱερομύσται
1297 2461 1487 2528 ἄνδρες
1518 2475 1749 2526 τοποτη-

203 2557 363 2625 ρηταὶ
382 2555 474 2607 τοῦ
502 2572 559 2607 τε
583 2557 736 2609 πάπα
755 2557 850 2622 τῆς
881 2555 1250 2624 πρεσϐυτέρας
1267 2552 1502 2621 Ῥώμης,
1529 2553 1619 2603 καὶ
1639 2550 1747 2601 τῶν

200 2647 298 2712 τῆς
329 2646 589 2715 ἀνατολῆς
611 2645 929 2713 ἁγιωτάτων
952 2644 1252 2715 ἀρχιερέων
1270 2641 1622 2713 συνήλθομεν,
1653 2640 1745 2692 καὶ

200 2737 467 2803 θεοφιλεῖς
508 2739 791 2791 ἐπίσκοποι
831 2737 1070 2788 πλεῖστοι
1130 2734 1272 2787 κατὰ
1319 2732 1609 2803 πρόσταξιν
1638 2731 1745 2781 τῶν

199 2828 438 2880 εὐσεϐῶν
461 2827 720 2896 βασιλέων
749 2828 922 2898 ἡμῶν.
946 2827 1233 2894 ,Ὡσαύτως
1263 2827 1354 2878 καὶ
1381 2823 1620 2884 εὐλαϐεῖς
1650 2824 1746 2890 ἀρε

199 2915 540 2985 χιμανδρίται
590 2917 682 2969 καὶ
727 2916 1037 2985 ἡγούμενοι,
1079 2916 1172 2968 καὶ
1214 2914 1417 2983 πληθὺς
1474 2912 1740 2979 μοναχῶν.

149 2994 153 2998 ³
197 3008 308 3059 Καὶ
342 3008 441 3076 ήδη
477 3007 682 3059 πολλῶν
726 3008 922 3077 μεταξὺ
955 3007 1110 3076 ἡμῶν
1141 3004 1497 3075 λαληθέντων,
1524 3003 1584 3054 τὸ
1613 3002 1742 3061 ἁλη-

200 3095 287 3158 θὲς
313 3097 408 3149 καὶ
426 3097 646 3164 ἀρεστὸν
668 3098 744 3166 τῷ
757 3096 872 3166 Θεῷ
897 3097 1105 3167 ἐκρίθη.
1127 3096 1232 3147 Καὶ
1253 3095 1392 3148 κατὰ
1403 3095 1498 3162 τὴν
1516 3093 1744 3162 ἀρχαίαν

1849 2018 2029 2063 motus
2057 2019 2111 2064 et
2140 2012 2444 2065 voluntates
2471 2013 2535 2065 ad
2569 2013 2734 2066 animi
2767 2013 3101 2066 alacritatem
3127 2029 3403 2068 commen-

1848 2101 2043 2154 damus
2071 2117 2084 2153 :
2117 2101 2268 2170 plura
2303 2102 2504 2171 quippe
2543 2102 2760 2156 silentio
2790 2104 3146 2157 ltouorcntur.

1921 2281 2120 2352 Utique
2156 2283 2400 2338 auditum
2428 2294 2511 2338 est
2547 2301 2576 2338 a
2610 2285 2764 2339 vobis
2783 2285 2850 2338 de
2877 2286 3083 2356 synodo
3112 2299 3232 2353 quae
3262 2283 3400 2338 facta

1849 2381 1931 2424 est
1956 2373 2295 2439 beneplacito
2337 2371 2428 2425 Dei
2467 2373 2519 2425 iu
2551 2372 2908 2427 Nicaeensium
2935 2374 3064 2427 urbe
3097 2392 3109 2427 :
3140 2374 3206 2428 ad
3237 2389 3401 2443 quam

1848 2462 2101 2516 \idelicet
2143 2464 2409 2532 synodum
2459 2481 2556 2520 nos
2602 2474 2655 2518 et
2694 2467 2888 2520 sacrati
2922 2466 3021 2520 viri
3064 2476 3117 2520 et
3149 2467 3249 2521 luci
3287 2481 3402 2520 ser-

1848 2557 2065 2602 vatores
2101 2559 2207 2602 tam
2254 2566 2404 2619 papae
2443 2552 2674 2604 senioris
2708 2551 2925 2617 Romae,
2949 2569 3114 2620 quam
3163 2554 3400 2608 Orientis

1848 2638 2322 2693 sanctissimorum
2382 2641 2684 2709 principum
2737 2641 3079 2696 saeui-dctum
3143 2646 3401 2696 conveni—

1849 2729 2002 2792 mus";
2053 2746 2152 2785 nec
2201 2747 2310 2810 non
2354 2743 2406 2786 et
2441 2731 2548 2784 Deo
2589 2733 2851 2787 amabilrs
2899 2735 3138 2804 episcopi
3181 2738 3398 2804 plurimi

1845 2824 2147 2876 secundum
2188 2824 2599 2892 prtcceptioucm
2633 2825 2843 2893 piorum
2881 2825 3268 2895 imperatorum
3306 2847 3402 2882 uo-

1847 2922 2105 2967 stroruut.
2148 2913 2417 2967 Similiter
2466 2925 2518 2969 et
2549 2917 2830 2970 reverendi
2865 2919 3305 2992 archimandritze
3348 2933 3402 2974 et

1849 3003 2174 3071 beguuteui,
2239 3013 2291 3056 et
2343 3003 2632 3058 multitudo
2688 3005 3104 3058 monachorum.
3155 3006 3402 3075 Cumqun.

1846 3091 2015 3144 multa
2058 3091 2198 3144 inter
2244 3105 2343 3144 nos
2372 3090 2704 3154 dicerentur,
2740 3092 2883 3158 quod
2920 3105 3105 3144 verum
3146 3101 3202 3146 et
3230 3094 3403 3162 placi-
3447 3120 3449 3122 -

201 3186 558 3256 θεσμοθεσίαν
587 3187 693 3240 τῶν
717 3184 885 3255 ἆγίων
914 3188 1167 3256 Πατέρων
1194 3186 1350 3254 ἡμῶν
1379 3187 1409 3253 ἠ
1451 3183 1743 3250 Ἐκκλησία

1855 3189 1961 3232 tum
1995 3189 2078 3233 cst
2103 3180 2234 3244 Deo,
2273 3181 2537 3246 sancitum
2577 3188 2694 3245 est;
2730 3188 2782 3234 et
2821 3182 3119 3236 secundum
3163 3183 3396 3256 priscam

198 3279 442 3331 ἀπέλαϐε
464 3280 558 3348 τὴν
588 3279 694 3331 τῶν
720 3279 938 3332 εἰκόνων
967 3276 1424 3346 ἀναζωγράφησίν
1441 3291 1497 3327 τε
1514 3275 1603 3326 καὶ
1624 3289 1749 3338 στη-

200 3369 527 3440 λογραφίαν,
559 3369 693 3437 πρὸς
722 3368 1008 3442 ἀναγωγὴν
1052 3369 1144 3420 καὶ
1179 3366 1483 3433 ὑπόμνησιν
1504 3362 1598 3416 τοῦ
1632 3362 1754 3414 καθ’

202 3462 349 3531 ἡμᾶς
377 3459 514 3521 νοὸς,
545 3459 637 3510 καὶ
662 3459 888 3528 μετοχήν
923 3473 1063 3519 τινος
1084 3454 1376 3524 ἁγιασμοῦ.
1395 3453 1461 3506 Εἴ
1484 3471 1536 3506 τι
1561 3455 1667 3522 γὰρ
1697 3453 1756 3504 τὸ

203 3554 364 3620 ἅγιον
403 3550 729 3618 Εὑαγγέλιον
793 3549 882 3602 διὰ
915 3551 1012 3616 τῆς
1044 3547 1398 3616 ἀναγνώσεως
1443 3546 1756 3613 ἐνσημαίνει

204 3646 357 3713 ἡμῖν,
393 3643 453 3696 τὸ
481 3643 614 3695 αὐτὸ
662 3642 751 3694 καὶ
782 3641 836 3692 αἱ
867 3639 1070 3700 εἰκόνες
1096 3655 1108 3668 ⁸
1135 3638 1228 3690 καὶ⁸
1259 3639 1312 3688 at
1331 3652 1381 3687 τι
1407 3637 1462 3688 at
1497 3649 1758 3704 μαρτυρι-

205 3736 301 3788 καὶ
317 3732 501 3803 ⁴βίὸλοι
521 3732 834 3802 ,διηγοῦνται
862 3729 1106 3798 περὶτῶν
1128 3727 1464 3795 παθημάτων
1480 3724 1586 3777 τῶν
1621 3742 1692 3792 μα
1703 3743 1758 3794 ρ-

203 3827 408 3897 τύρων,
443 3823 640 3892 ὁμοίως
670 3822 763 3874 καὶ
791 3823 846 3873 αἱ
871 3820 1076 3880 είκόνες
1108 3834 1121 3849 ·
1153 3819 1246 3871 καὶ
1269 3817 1476 3880 ταύτας
1519 3816 1758 3880 ἀσπαζό-

209 3917 348 3986 μεθα
381 3915 457 3977 ὼς
488 3909 862 3980 ἐκτυπώματα
916 3910 1022 3962 τῶν
1067 3907 1434 3978 πρωτοτύπων
1488 3907 1632 3966 ὄντα,
1666 3907 1759 3958 καὶ

201 4008 590 4076 οὐδὲνὲτερον·
617 4002 880 4072 πρόδηλον
914 3998 1260 4059 πιστεύοντες
1294 3998 1376 4058 είς
1403 3996 1498 4049 ἕνα
1533 3994 1663 4047 Θεὸν
1701 3997 1759 4046 ἐν

201 4095 834 4169 Τριάδιὰνυμνούμενον,
879 4091 973 4143 καὶ
1009 4088 1156 4156 αὐτῷ
1201 4088 1346 4156 μόνῳ
1384 4085 1756 4155 λατρεύοντες.

215 4188 462 4254 Ἐξαιτού
472 4186 609 4257 μεθα
636 4185 692 4236 δὲ
710 4184 912 4244 καὶτὰς
931 4179 1225 4251 πρεσϐείας
1241 4179 1338 4246 τῆς
1363 4178 1633 4248 ἀχράντου
1667 4180 1760 4228 Δε-

204 4274 598 4344 σποίνηςήμῶγ
613 4274 708 4341 τῆς
733 4272 887 4338 ἁγίας
911 4271 1193 4331 Θεοτόκου,
1228 4270 1393 4333 ἁγίων
1417 4284 1475 4319 τε
1492 4266 1756 4334 ἀγγέλων,

203 4371 296 4422 καὶ
319 4368 538 4419 πάντων
555 4364 660 4416 τῶν
679 4363 844 4429 ἁγίων
862 4360 955 4412 καὶ
968 4360 1126 4412 ὁσίων
1145 4359 1403 4427 Πατὲρων
1423 4357 1594 4426 ἡμῶν,
1624 4355 1758 4406 Τού-

201 4476 310 4511 των
335 4456 509 4516 οὕτως
528 4451 716 4513 ὄντων,
747 4450 1070 4504 ἐνεκάλεσαν
1087 4451 1150 4518 τῇ
1174 4448 1378 4516 συνόδῳ
1392 4447 1451 4498 τὸ
1482 4446 1642 4498 πλέον
1667 4445 1759 4513 ut-

1855 3270 2248 3338 legislationem
2281 3279 2594 3323 sanctorum
2617 3271 2838 3324 Patrum
2878 3281 3190 3327 nostrorum
3228 3274 3405 3329 Eccle-

1854 3360 1934 3414 sia
1974 3353 2202 3428 i‘ccepit
2261 3360 2554 3424 imaginum
2614 3361 2879 3429 picturam
2945 3372 2997 3415 et
3053 3365 3280 3429 titulos,
3336 3367 3402 3420 ad

1855 3449 2191 3514 superiorem
2221 3463 2440 3500 sensum
2477 3446 2854 3517 [elevationem
2899 3451 3090 3523 animi]
3117 3463 3167 3506 et
3199 3470 3406 3509 memo~

1856 3537 1991 3589 riam
2026 3539 2223 3590 mentis
2266 3537 2486 3595 nostrai.
2525 3553 2589 3591 ac
2622 3538 3083 3607 participationem
3119 3543 3403 3610 cujusdam

1855 3626 2322 3682 sanctiﬁcationis.
2366 3627 2638 3697 Quidquid
2683 3630 2826 3682 enim
2870 3639 3116 3684 sanctum
3163 3634 3407 3703 Evange-

1857 3714 1987 3768 lium
2039 3706 2136 3782 per
2185 3715 2471 3770 lectionem
2502 3717 2759 3772 insinuat
2788 3721 2964 3785 nobis,
3024 3722 3075 3774 id
3126 3723 3300 3791 ipsum
3353 3737 3408 3780 et

1859 3804 2121 3870 imagines
2152 3819 2166 3855 :
2196 3815 2249 3857 et
2273 3805 2532 3874 quidquid
2567 3816 2842 3874 gestorum
2879 3809 3002 3863 libri
3035 3813 3101 3866 de
3139 3815 3408 3881 passioni-

1857 3895 1959 3948 bus
2004 3902 2301 3965 martyrum
2345 3885 2585 3960 narrant,
2635 3898 2885 3954 similiter
2930 3913 2981 3954 et
3017 3901 3279 3972 imagines
3311 3923 3326 3960 :
3355 3920 3405 3961 et

1858 3986 1957 4040 bas
1997 3985 2300 4040 salutamus
2349 3999 2606 4056 tauquam
2654 3989 2857 4044 formas
2888 3994 3309 4060 primitivorum,
3357 4010 3407 4052 et

1860 4075 1996 4129 nihil
2035 4059 2231 4130 aliud“:
2260 4076 2514 4146 profecto
2546 4078 2601 4132 in
2637 4072 2803 4134 unum
2843 4059 3012 4137 Deum
3059 4085 3111 4138 iu
3141 4084 3410 4145 Trinitate

1861 4166 2188 4220 laudandum
2215 4168 2514 4234 credentes,
2540 4177 2594 4222 et
2622 4170 2724 4237 ipsi
2757 4150 2856 4225 soli
2882 4174 3198 4230 Servientes.
3235 4179 3410 4248 Expe—

1862 4258 2023 4310 timus
2082 4257 2242 4310 etiam
2299 4258 2717 4314 intercessiones
2772 4261 3105 4317 intemerata:
3167 4266 3410 4324 Dominae

1861 4355 2060 4401 nostra:
2091 4360 2293 4401 sancta:
2321 4346 2412 4401 Dei
2444 4348 2755 4412 chitricis,
2785 4365 3208 4425 sanctorumque
3244 4374 3408 4427 auge-

1860 4438 2032 4490 Iurum
2057 4476 2072 4500 ,
2112 4446 2164 4490 et
2193 4439 2434 4492 Omnium
2469 4453 2776 4494 sanctort‘mt
2819 4441 3035 4498 Patrum
3069 4445 3403 4503 nostrorum.

207 4565 296 4617 ρος
329 4545 441 4598 τῶν
469 4541 711 4596 εὐλαὸὦν
736 4538 1002 4610 μοναχῶν.
1037 4539 1140 4589 Καὶ
1181 4539 1340 4611 ἡμεῖς
1372 4536 1428 4589 δὲ
1463 4534 1754 4609 προεγινώ-

1860 4528 1955 4582 llis
2010 4529 2082 4581 ita
2123 4544 2180 4582 se
2238 4528 2591 4591 habentibus.
2648 4543 2837 4600 questa
2886 4543 2970 4589 est
3015 4539 3223 4606 synodo
3279 4555 3406 4608 pars

116 4663 121 4667 ·
205 4652 413 4706 σκομεν
445 4632 568 4702 sitv,
584 4630 842 4698 ἐγκλησιν
878 4630 1079 4693 ταύτην
1107 4642 1118 4654 ⁸
1150 4629 1232 4679 ὅτι
1259 4627 1308 4677 οἱ
1342 4624 1583 4684 πλείονες
1650 4624 1756 4675 τῶν

203 4726 524 4780 ἐπισκόπων
570 4724 847 4792 χρήμασιν
907 4721 1185 4789 ὠνήσαντο
1241 4718 1338 4785 τὴν
1409 4715 1707 4784 ἱερωσύνην
1741 4729 1754 4742 ο

205 4824 302 4876 καὶ
318 4818 424 4874 κᾶν
440 4813 733 4886 ἁμαρτίαις
747 4811 1041 4881 ἡμετέραις
1059 4801 1526 4879 περιπειρὼμεθα,
1549 4805 1640 4856 καὶ
1652 4821 1758 4855 σει-

209 4913 328 4979 ραῖς
375 4909 580 4959 τούτων
634 4897 1097 4968 συσφιγγώμεθα,
1149 4898 1234 4964 ἐφ’
1282 4894 1368 4959 αἷς
1406 4897 1578 4956 ,ἵλεως
1627 4895 1758 4962 ἡμῖν

205 5003 422 5068 γένοιτο
473 4993 671 5066 Κύριος
699 5009 712 5023 ·
744 4990 857 5044 ἀλλ’
895 4986 986 5042 οὖν
1017 4989 1122 5041 τῶν
1176 4987 1544 5054 εὐαγγελικῶν
1569 4983 1757 5036 ἐνταλ-

211 5092 400 5161 μάτων
430 5086 526 5138 καὶ
554 5079 852 5136 κανονικῶν
877 5075 1175 5141 διατάξεων
1195 5076 1291 5143 τὴν
1313 5077 1511 5143 γνῶσιν
1537 5074 1760 5144 εἰλήφα-
1789 5076 1791 5079 ’

211 5197 334 5250 μεν,
383 5178 482 5228 καὶ
513 5175 570 5225 ἐν
601 5171 826 5240 καθαρῷ
877 5167 1158 5231 συνειδότι,
1217 5166 1310 5218 καὶ
1365 5165 1508 5236 ἁπλῇ
1541 5168 1755 5238 καρδίᾳ,
1802 5194 1804 5196 τ

208 5271 303 5325 καὶ
329 5263 689 5337 ἁφιλαργρρῳ
713 5261 917 5330 τρόπῳ,
944 5259 1038 5312 καὶ
1052 5259 1108 5309 ἐν
1139 5256 1435 5326 συνειδήσει
1455 5259 1760 5326 ἀνεπτερω-

215 5361 351 5431 μένῃ
406 5355 543 5426 πρὸς
579 5353 669 5405 τὸν
712 5350 862 5413 Θεὸν,
888 5351 954 5418 τῇ
977 5350 1232 5418 κανονικῇ
1287 5346 1378 5400 καὶ
1435 5346 1756 5416 εὐαγγελικῇ

209 5448 452 5511 διατάξει
483 5444 623 5498 κατὰ
649 5441 822 5496 πάντα
838 5439 1060 5492 ἕπεσθαι
1088 5437 1377 5506 εὐχόμεθα·
1411 5439 1502 5488 καὶ
1517 5435 1760 5502 καθῆκα.

215 5555 312 5610 μεν
338 5534 570 5594 ἑαυτοὺς
592 5531 682 5584 καὶ
719 5528 1080 5595 ὑπεκλίναμεν
1114 5523 1428 5576 δουλοῦσθαι
1451 5527 1560 5584 τοῖς
1598 5524 1759 5588 εὐαγ-

188 5626 451 5698 νςελικοῖς
478 5623 569 5675 καὶ
587 5621 953 5681 ἀποστολικοῖς
977 5617 1256 5686 πατρικοῖς
1287 5614 1755 5685 ’παραγγέλμασιν⁸

282 5743 330 5774 ⁵⁸
352 5737 498 5792 Psal.
540 5749 701 5802 Lxxv,
737 5735 788 5789 5.

1861 4620 2033 4687 major
2075 4620 2496 4673 revereudorum
2533 4625 2920 4678 monachorum
2955 4625 3403 4701 [episcoporum].

1857 4708 1960 4763 Sed
2017 4719 2070 4761 et
2122 4725 2218 4763 nos
2277 4714 2646 4777 praescivimus
2699 4717 2976 4782 querelam
3029 4719 3223 4783 istam,
3280 4724 3406 4790 quia

1859 4802 2039 4868 plures
2067 4801 2445 4869 episcoporum
2484 4803 2732 4871 pecuniis
2762 4807 3117 4862 obtinuerunt
3155 4814 3408 4867 sacerdo-

1860 4894 1990 4946 tium
2024 4911 2036 4946 :
2068 4903 2120 4946 et
2153 4894 2280 4948 licet
2322 4895 2555 4960 peccatis
2601 4897 2802 4949 nostris
2836 4898 3173 4953 obeam-etum
3203 4899 3408 4972 [impli-

1859 4981 2099 5052 Cfllllll'],
2159 4993 2212 5035 et
2271 4983 2461 5035 horum
2527 4985 2767 5038 restibus
2817 4989 3287 5058 constringamur,
3350 4993 3402 5045 iu

1858 5076 2056 5143 quibus
2087 5073 2351 5142 propitius
2384 5074 2539 5128 nobis
2576 5074 2647 5128 sit
2687 5076 2824 5130 Deus
2858 5095 2871 5130 :
2908 5088 3140 5132 attamen
3168 5096 3403 5150 evange-

1859 5165 2086 5244 licorum
2135 5165 2509 5218 mandatorum
2548 5176 2601 5218 et
2647 5169 3030 5222 canonicarum
3083 5177 3442 5242 praeceptio»
3491 5190 3494 5194 '

1859 5270 1985 5308 num
2021 5256 2377 5323 cognitionem
2410 5257 2763 5324 percepimus,
2818 5267 2872 5310 et
2920 5259 2974 5312 in
3025 5262 3223 5315 munda
3271 5281 3403 5333 cou-

1859 5346 2107 5408 scicutia,
2136 5355 2187 5398 et
2230 5347 2461 5414 simplici
2490 5348 2681 5411 corde:
2705 5358 2758 5402 et
2789 5350 2840 5402 iu
2876 5365 3029 5406 more
3066 5355 3183 5406 sine
3225 5357 3403 5408 avari-

1861 5439 1952 5498 tia,
1984 5444 2038 5488 ct
2065 5435 2489 5502 imperturbabili
2531 5438 2595 5491 ad
2631 5438 2795 5492 Deum
2827 5440 3033 5502 habito,
3080 5444 3402 5501 eauouicnm

1860 5525 1974 5597 [Cia
2025 5526 2352 5580 conscientia
2401 5519 2650 5582 alacriter
2701 5532 2942 5599 erigente
2993 5547 3050 5585 se
3099 5535 3162 5586 ad
3209 5534 3397 5597 Deum,

1860 5613 2007 5682 Cum]
2047 5629 2141 5682 per
2195 5615 2375 5669 omnia
2434 5616 2585 5682 sequi
2640 5627 2892 5686 Optamus
2942 5633 3267 5689 praeceptum
3302 5637 3317 5676 :
3350 5631 3402 5679 et
