4016 6340
573 411 735 483 "1455

1684 413 1742 471 s.
1775 410 2079 470 TARASll
2106 396 2603 471 PATRIARCILE
2642 414 2749 473 cr.

3692 411 3815 482 i453

596 522 1117 596 comprehendimus
1144 518 1552 593 [submisimus]
1590 522 1981 592 nosmetipsos,
2004 520 2170 575 incli-

2272 521 2663 594 ἀγωνιζόμενοι
2682 522 2914 587 καὶτοὺς
2934 523 3030 594 τὴν
3051 522 3351 594 ἱερωσύνην
3372 500 3815 594 κληρωσαμένους

598 608 851 669 navimus
886 612 954 666 ad
987 610 1332 667 serviendum
1378 609 1712 681 evangelicis
1742 620 1906 680 atque
1942 619 2167 680 aposto-

597 690 721 760 licis
750 713 803 757 et
830 701 1070 772 paternis
1108 701 1563 771 dispositionibus
1597 719 1611 757 :
1645 702 1986 758 decertantes
2021 711 2080 755 ut
2111 702 2166 756 hi

596 794 689 862 qui
725 792 1091 848 sacerdotium
1138 791 1318 847 sortiti
1366 802 1512 856 sunt,
1543 791 1623 846 sic
1652 787 1853 861 degant
1890 799 1944 846 et
1981 790 2168 844 vivant

597 894 652 938 et
687 892 1100 950 eonversentur,
1140 884 1233 939 sed
1266 892 1318 939 et
1357 898 1552 939 omnes
1582 884 1678 953 qui
1707 882 1913 938 Christi
1948 882 2169 938 nomine

597 977 934 1031 vocitantur.
966 976 1036 1029 At
1065 976 1110 1031 si
1144 973 1371 1045 quidam
1406 966 1521 1029 Lnon
1550 972 1928 1045 acquieverint
1969 986 2168 1042 praece-

598 1067 708 1134 ptis
746 1066 891 1128 istis,
928 1065 1363 1119 communicator
1398 1064 1588 1117 talium
1623 1062 1716 1132 qui
1746 1062 2010 1117 dicuntur
2044 1060 2168 1130 qui-

595 1156 880 1221 dam,'non
928 1167 1106 1211 autem
1139 1165 1269 1210 sunt
1299 1154 1637 1217 sacerdotes.
1670 1167 1792 1208 esse
1829 1166 1936 1206 non
1965 1152 2164 1222 patior,

599 1247 693 1298 sed
757 1244 1094 1300 alietms‘ab
1157 1244 1355 1302 horum
1422 1255 1543 1296 sum
1608 1232 2164 1309 portionezet’mihi

595 1336 820 1405 quidem
873 1334 1161 1405 protes’tari
1198 1333 1314 1387 haec
1366 1346 1476 1387 non
1522 1331 1759 1401 pigr‘um,
1808 1328 1944 1400 ipsis
1983 1338 2164 1382 autem

598 1438 802 1480 lutum.
829 1425 1007 1480 Divini
1036 1441 1165 1493 ergo
1191 1438 1429 1479 canones
1459 1424 1674 1477 dantem
1699 1422 1781 1476 vel
1810 1420 2166 1490 accipientem

603 1517 658 1568 in
691 1516 1041 1570 ordinatione
1066 1514 1381 1579 sacerdotii,
1411 1515 1710 1585 deponunt,
1751 1523 1804 1567 et
1832 1525 2169 1581 persequun-

604 1616 692 1659 tur
728 1603 1063 1676 [expellunt]
1108 1620 1139 1658 a
1187 1606 1512 1661 sacerdotali
1556 1604 1841 1673 dignitate.
1888 1599 2169 1670 inspector

594 1696 695 1750 Dei
720 1696 956 1768 Moyses,
999 1705 1058 1750 ut
1102 1695 1241 1774 dixi,
1276 1695 1475 1750 clamat
1502 1712 1575 1749 εἰ
1610 1693 1666 1747 ln
1710 1693 1840 1758 illis,
1887 1690 2165 1761 inquiens,

597 1802 707 1841 non
758 1797 842 1842 est
891 1785 1224 1851 addendum,
1278 1794 1333 1840 et
1385 1786 1454 1840 ab
1495 1786 1573 1839 cis
1618 1799 1724 1838 non
1771 1792 1855 1837 est
1912 1780 2169 1837 auferen-
2216 1802 2219 1803 ν

601 1880 732 1931 dmn
757 1876 826 1930 ⁸³.
861 1895 879 1928 ι
924 1875 1192 1930 Similiter
1227 1882 1282 1930 et
1319 1874 1767 1946 hymnographus
1809 1872 1977 1928 David
2007 1871 2167 1943 psal-
2201 1855 2240 1908 Β

609 1970 692 2033 lit,
727 1976 780 2021 et
810 1982 907 2022 nos
931 1983 1056 2023 cum
1098 1967 1193 2022 illo
1226 1984 1240 2020 :
1278 1986 1297 2020 ι
1326 1967 1410 2021 Ab
1451 1966 1615 2035 initio,
1649 1967 1877 2037 cognovi
1918 1968 1984 2021 (le
2018 1966 2167 2031 testi-

601 2058 804 2113 moniis
841 2059 972 2121 tuis,
1007 2060 1137 2128 quia
1182 2060 1237 2114 in
1273 2067 1535 2114 aiternum
1566 2056 1810 2113 fundasti
1855 2072 1920 2112 ea
1944 2055 2010 2110 ".
2044 2074 2064 2107 ι
2105 2057 2170 2111 Et

601 2149 727 2219 quis
758 2149 824 2203 ad
860 2150 972 2205 haec
998 2149 1293 2205 resistendi
1321 2149 1592 2203 idoneus?
1621 2149 1727 2202 nisi
1759 2148 1898 2202 forte
1930 2147 2169 2202 infatue-

602 2238 692 2295 tu'r
747 2256 943 2306 sensu,
1002 2249 1058 2295 et
1115 2242 1318 2296 divinis
1367 2241 1498 2294 velit
1550 2239 1796 2293 illuderc.
1850 2237 1970 2292 Jam
2025 2240 2167 2293 enim

604 2332 832 2383 fundata
876 2338 1007 2384 sunt
1052 2330 1370 2384 testimonia
1403 2327 1520 2392 Dei,
1566 2340 1620 2383 et
1651 2329 1889 2383 ratlicata
1943 2337 2072 2383 sunt
2116 2328 2168 2381 in

609 2421 847 2475 Ecclesia
916 2420 1038 2491 ejus
1091 2439 1106 2475 :
1157 2420 1285 2474 licet
1338 2419 1554 2489 quidam
1626 2419 1994 2489 temporalitcr
2061 2432 2169 2473 non

604 2512 942 2578 obedientes,
999 2510 1226 2565 minime
1271 2511 1582 2565 custodiant
1641 2525 1724 2565 ea.
1785 2510 1883 2565 llla
1935 2510 2170 2581 ergo'in

605 2610 870 2657 mternum
924 2612 1178 2667 manent;
1230 2610 1284 2655 et
1314 2600 1459 2655 beati
1491 2600 1584 2669 qui
1633 2610 1953 2675 scrutantur
1995 2615 2081 2666 ea,
2118 2610 2172 2654 ct

609 2695 692 2749 his
720 2694 983 2747 obediunt
1008 2711 1021 2747 :
1053 2702 1108 2747 et
1135 2707 1213 2746 va!
1245 2692 1340 2761 qui
1370 2706 1477 2746 non
1505 2691 1791 2747 obediunt.

679 2810 873 2866 Omnis
914 2822 1045 2878 ergo
1092 2808 1403 2876 episcopus,
1447 2807 1534 2861 vel
1576 2806 1882 2876 presbyter,
1932 2813 2027 2860 aut
2057 2807 2174 2862 dia-

608 2914 782 2954 conus
811 2897 1113 2961 convictus,
1133 2895 1283 2965 quod
1307 2910 1403 2964 per
1429 2894 1689 2963 pecunias
1719 2910 1914 2950 manus
1944 2894 2174 2964 imposi-

611 2989 815 3043 tionem
851 2984 1066 3040 dederit
1099 2985 1182 3038 vel
1213 2982 1510 3053 acceperit,
1546 2999 1575 3038 a
1610 2984 1917 3039 sacerdotio
1946 2984 2171 3039 decidit.

610 3076 893 3132 Fortassis
934 3086 1116 3131 autem
1156 3075 1347 3129 dicunt
1393 3075 1584 3152 aliqui,
1630 3074 1759 3144 quia
1795 3076 2172 3145 paenitentiam

611 3169 824 3236 agimus
854 3180 955 3235 pro
998 3172 1247 3234 peccato,
1296 3175 1350 3219 et
1384 3164 1526 3219 Deus
1553 3165 1787 3234 ignoscit
1817 3165 1970 3220 illud.
2004 3167 2084 3220 lta
2118 3174 2172 3221 et

613 3271 717 3325 ego
744 3257 889 3320 dico,
918 3255 1048 3324 quia
1077 3264 1129 3309 et
1153 3271 1344 3309 omnes
1375 3265 1601 3323 agentes
1631 3256 2000 3324 paenitentiam
2031 3256 2170 3313 Dens

613 3345 867 3415 suscipit,
897 3355 949 3399 et
980 3345 1227 3415 indulget
1258 3360 1353 3413 per
1387 3346 1765 3412 paenitentiam
1793 3357 2015 3413 peccata
2054 3363 2171 3413 qua!

608 3435 721 3502 jam
758 3443 973 3505 patrata
1026 3442 1174 3489 sunt.
1223 3432 1358 3489 Novi
1398 3433 1544 3487 enim
1598 3441 1654 3487 et
1690 3431 1856 3486 David
1908 3433 2172 3489 adulterio

610 3528 934 3596 depressum
978 3534 1034 3581 et
1078 3526 1398 3590 homicidio,
1445 3526 1539 3580 sed
1577 3534 1699 3580 acta
1733 3527 2052 3595 poenitentia
2086 3542 2171 3581 rc-

613 3628 857 3688 ccptutn.
903 3628 959 3672 et
1004 3617 1191 3672 divino
1229 3617 1544 3672 testimonio
1576 3616 1935 3685 approbatum
1970 3635 1982 3669 :
2031 3635 2050 3669 ι
2084 3617 2172 3671 ln-

610 3707 736 3761 vcni
765 3706 962 3769 David,
998 3706 1200 3774 inquit,
1242 3705 1416 3757 tilium
1445 3702 1617 3767 Jcsse,
1651 3704 1825 3757 virum
1872 3706 2169 3759 secundum

612 3813 709 3851 cor
745 3812 951 3861 meum,
987 3798 1081 3866 qui
1114 3796 1279 3851 faciet
1304 3810 1494 3849 omnes
1520 3795 1829 3849 voluntates
1855 3812 2005 3871 meas
2024 3797 2102 3860 ";
2145 3814 2164 3849 ι

609 3898 664 3940 ιιι
699 3896 885 3941 sancta
919 3884 1083 3941 David
1115 3886 1428 3956 pr0phetice
1461 3874 1834 3940 testimonium
1868 3886 2121 3940 habentia
2154 3904 2167 3940 :

612 3979 958 4048 perspicuum
1005 3994 1133 4047 ergo
1177 3987 1261 4034 est
1316 3993 1413 4047 per
1443 3979 1813 4046 penitentiam
1843 3994 1966 4033 eum
2005 3979 2171 4034 fuisse

610 4078 919 4121 correctum
971 4065 1090 4138 [Gn
1138 4083 1319 4137 persp.
1355 4067 1444 4119 ubi
1496 4069 1542 4120 is
1588 4068 1848 4135 paeniten.
1895 4078 2209 4125 correctus,

609 4158 735 4229 cst].
769 4150 874 4210 Sed
908 4158 1102 4210 iterum
1141 4157 1265 4225 novi
1296 4156 1516 4209 audisse
1554 4156 1703 4209 illum
1734 4172 1761 4210 a
1802 4154 1913 4211 Deo
1946 4176 1958 4210 :
1998 4176 2017 4208 ι
2050 4157 2169 4211 Non

613 4260 667 4302 tn
713 4248 1009 4302 :edilicabis
1060 4249 1191 4301 mihi
1238 4249 1497 4311 domum,
1542 4248 1667 4316 quia
1710 4249 1790 4302 vir
1837 4247 2166 4318 sanguinum

607 4358 666 4394 rs
689 4340 754 4393 ³⁸.
799 4357 817 4389 ι
858 4338 992 4391 Novi
1042 4329 1349 4392 Manassent
1384 4352 1479 4407 per
1521 4336 1923 4393 confessionem
1969 4339 2037 4393 ab
2065 4340 2168 4393 im-

610 4434 811 4499 pietate
838 4430 1149 4485 dintissum.
1187 4429 1319 4483 Novi
1345 4438 1400 4483 et
1424 4413 1738 4484 meretrices
1766 4440 1819 4484 et
1844 4432 2164 4498 publicanos

613 4532 859 4590 .’tCCplOS
907 4538 1003 4590 per
1037 4521 1409 4589 ptenitcntiam
1450 4538 1464 4574 :
1510 4536 1698 4574 verum
1743 4523 1951 4575 nullum
1982 4539 2045 4575 ex
2080 4524 2165 4576 his

2270 4531 2567 4618 πέπρακεν.
2625 4531 2756 4589 Οἶδά
2812 4554 2960 4601 τινας
3011 4521 3299 4611 μοναχοὺς,
3351 4521 3633 4618 ὅτε-μὲν*
3662 4556 3720 4606 ἑν

610 4632 661 4664 ιιι
704 4611 992 4667 sacerdotii
1041 4611 1306 4679 dignitate
1350 4619 1733 4675 numeratum;
1783 4611 1889 4665 nisi
1938 4611 2075 4666 forte
2109 4614 2162 4666 id

607 4712 735 4755 .tztle
774 4701 1043 4770 baptisma
1081 4700 1438 4755 commiserit.
1468 4700 1604 4755 Novi
1648 4709 1702 4756 et
1736 4703 2033 4758 monachos
2062 4704 2162 4757 ali-

774 4750 1043 4770 __,_______
1086 4750 1436 4755 -_____--__-_
1468 4750 1543 4755 ν,
1568 4750 1604 4754 .,
1653 4750 1701 4756 η
1736 4750 2032 4758 ______-__,_
2063 4750 2130 4757 ﬂ.

588 4750 770 4862 ‘qnot,
806 4808 929 4847 eum
968 4794 1022 4848 in
1055 4793 1260 4860 mundo
1289 4800 1475 4847 essent
1498 4829 1514 4853 ,
1601 4795 1748 4846 omni
1783 4786 2002 4847 libidine
2033 4810 2164 4848 con-

607 4895 932 4953 spurcatos;
975 4899 1096 4937 cum
1124 4890 1303 4938 autem
1328 4884 1574 4938 solitarie
1606 4885 1869 4950 viverent,
1906 4894 2162 4954 tanquam

608 4980 759 5029 taces
794 4972 847 5027 in
884 4973 1015 5027 orbe
1048 4974 1451 5041 resplenduisse
1480 4993 1494 5029 :
1529 4975 1738 5029 nullum
1775 4987 1953 5030 tamen
1983 4993 2049 5030 ex
2082 4977 2164 5030 his

608 5071 662 5119 in
717 5066 1057 5121 sacerdotem
1113 5064 1513 5120 ordinatum“.
1569 5066 1722 5131 Quod
1774 5069 1821 5121 si
1882 5076 2061 5121 autem
2110 5068 2161 5119 id

608 5160 777 5212 semel
808 5170 971 5227 atque
1018 5159 1214 5212 iterum
1259 5156 1465 5210 factum
1508 5168 1610 5223 est,
1659 5173 1765 5210 non
1814 5166 1991 5210 tamen
2029 5173 2163 5243 cott-

614 5251 795 5304 l'estitn
832 5250 1001 5319 legem
1052 5251 1105 5302 in
1138 5248 1379 5303 Ecclesia
1421 5248 1743 5317 praescribit.
1793 5248 2008 5302 Scimus
2038 5264 2166 5303 san-

615 5352 755 5395 ctam
793 5339 1040 5411 [almam]
1086 5339 1310 5393 Mariam
1343 5338 1764 5412 [Egyptiacam]
1812 5340 1962 5410 prius
1993 5356 2166 5394 mere-

616 5431 805 5485 tricem
842 5428 1032 5493 fuisse,
1071 5438 1258 5497 postea
1286 5431 1486 5484 iactam
1514 5433 1878 5486 continentem
1909 5431 2167 5504 [fornica-v

618 5523 777 5589 riam,
816 5536 1009 5577 rursus
1049 5529 1229 5574 autem
1264 5521 1543 5592 pudicam]
1584 5540 1597 5575 :
1635 5538 1741 5577 non
1794 5533 1973 5580 tamen
2023 5525 2162 5580 inter

680 5657 725 5689 ⁸³
756 5658 913 5713 Deut.
938 5673 1012 5729 tv,
1040 5658 1107 5722 2;
1136 5675 1228 5725 ιιι,
1252 5659 1339 5714 52.
1415 5658 1462 5692 ⁵⁸
1485 5658 1626 5715 Psal.
1649 5640 1914 5725 csuvtn,
1944 5663 2064 5716 l52.
2100 5663 2146 5694 "

2267 5665 2318 5718 tl.
2346 5680 2534 5729 vattt,
2557 5666 2648 5719 21.

2269 610 2440 674 οὕτως
2459 613 2895 683 ἀναστρέφεσθαι
2913 613 3003 666 καὶ
3022 612 3168 683 βιοῦν
3187 613 3281 667 καὶ
3299 611 3816 679 πολιτεύεσθαι,ἀλλά

2268 703 2364 756 καὶ
2387 704 2598 767 πάντας
2619 705 2746 767 τοὺς
2761 702 2839 773 τῷ
2856 703 3093 774 Χριστοῦ
3111 704 3333 774 ὀνόματι
3363 701 3750 774 κεκλημένους.
3765 704 3818 757 Ei

2267 794 2324 847 δέ
2354 811 2501 857 τινες
2531 794 2819 848 ἀπειθοῦσι
2841 797 2954 857 τοῖς
2985 796 3284 865 ὲντάλμασι
3313 794 3553 859 τούτοις,
3585 794 3820 858 κοινωνός

2269 884 2377 938 τῶν
2406 883 2664 938 τοιούτων
2683 884 2990 954 λεγομένων
3016 885 3225 956 ἱερέων,
3272 885 3372 940 οὐκ
3399 885 3571 939 ὄντων
3592 883 3675 950 δὲ,
3700 876 3819 938 εἶναι

2268 975 2368 1028 οὐκ
2420 975 2716 1046 ἀνέχομαι*
2770 975 2904 1029 ἀλλὰ
2962 976 3241 1047 ἀλλότριος
3301 976 3401 1047 τῆς
3456 976 3671 1030 τούτων
3720 976 3821 1045 εἰμὶ

2272 1063 2507 1134 μερίδος.
2550 1066 2662 1119 Καὶ
2698 1065 2824 1136 ἐμοὶ
2845 1065 3317 1137 διαμαρτύρασθαι
3344 1064 3520 1121 ταῦτα
3541 1065 3646 1118 οὐκ
3673 1065 3821 1134 davn-

2272 1155 2382 1226 ρὸν,
2451 1156 2631 1219 αὐτοῖς
2660 1156 2718 1210 δὲ
2749 1156 3018 1226 ἀσφαλές.
3052 1156 3115 1209 Οἱ
3140 1152 3235 1210 οὖν
3281 1156 3413 1210 θεῖοι
3465 1157 3694 1220 κανόνες
3742 1157 3823 1210 τὸν

2266 1246 2427 1300 δόντα
2456 1249 2489 1316 ῆ
2515 1247 2746 1301 λαθόντα
2802 1247 2896 1301 ἐπὶ
2959 1247 3261 1319 χειροτονίᾳ
3311 1247 3617 1318 ἱερωσύνης
3654 1247 3825 1302 καθαιι

2269 1335 2424 1408 ροῦσι
2450 1336 2544 1389 καὶ
2582 1335 2947 1390 ἀποδιώκουσι
2990 1338 3087 1409 τῆς
3108 1335 3396 1407 ἱερατικῆς
3428 1336 3734 1407 ἁγιότητος.
3773 1337 3824 1391 '0

2269 1426 2505 1495 θεόπτης
2554 1422 2836 1496 Μωῦσῆς,
2890 1426 2965 1489 ὡς
3010 1424 3184 1497 ἔφθην
3235 1424 3426 1491 εἰπὼν,
3480 1425 3616 1496 βοᾷο
3660 1446 3683 1478 ς
3722 1426 3825 1480 Ἐπ’

2269 1516 2452 1578 αὐτοῖς
2474 1516 2574 1593 οὐκ
2597 1514 2716 1567 ἐστι
2742 1512 3088 1585 προσθεῖναι,
3117 1518 3215 1568 καὶ
3238 1515 3336 1569 ἀπ’
3354 1516 3537 1570 αὐτῶν
3565 1519 3671 1569 οὐκ
3694 1517 3826 1570 ἐστιν

2270 1604 2509 1674 ἀφελεῖν.
2539 1623 2558 1658 ι
2600 1604 2873 1668 Ὡσαύτως
2920 1606 3012 1659 καὶ
3038 1603 3434 1677 όύμύογράφος
3482 1608 3653 1660 dum
3700 1608 3826 1677 ψάλ-

2269 1694 2371 1759 λει,
2404 1697 2501 1749 καὶ
2535 1696 2701 1766 ἡμεῖς
2729 1697 2825 1750 σὺν
2855 1697 3004 1767 αύτῷ
3031 1716 3043 1727 ·
3075 1716 3094 1749 ι
3117 1698 3416 1769 Καταρχάς
3444 1698 3620 1768 ἔγνων
3650 1698 3829 1753 ἐκτῶν

2273 1786 2595 1857 μαρτυρίων
2618 1805 2737 1852 σου,
2774 1788 2857 1841 ὅτι
2900 1790 2980 1851 εἰς
3016 1788 3106 1841 τὸν
3136 1789 3307 1843 αἰῶνα
3350 1788 3719 1860 ἐθεμελίωσας
3746 1791 3829 1843 αὐ·
3872 1774 3881 1781 ’

2267 1877 2356 1931 τά.
2381 1895 2398 1927 ι
2429 1877 2542 1930 Καὶ
2574 1878 2659 1940 τίς
2698 1876 2879 1958 ἱκανός
2913 1878 3050 1947 πρὸς
3091 1878 3261 1931 ταῦτα
3290 1879 3650 1949 ἀντιστῆναις
3685 1881 3732 1933 εἱ
3757 1881 3824 1951 μή

2258 1983 2372 2018 που
2407 1966 2651 2037 μωραίνῃ
2674 1967 2771 2035 τὴν
2794 1967 3055 2032 διάνοιαν,
3076 1968 3171 2021 καὶ
3193 1968 3407 2033 παίζειν
3432 1968 3593 2040 ἐθέλῃ
3606 1970 3678 2022 τά
3697 1970 3824 2037 θεῖα;

2272 2058 2411 2127 Ἤδη
2456 2058 2562 2128 γὰρ
2617 2058 3039 2128 τεθεμελίωνται
3077 2058 3147 2112 τά
3191 2060 3468 2132 μαρτύρια
3526 2059 3627 2113 τοῦ
3678 2060 3825 2129 Θεοῦ,

2268 2148 2365 2221 καὶ
2416 2146 2762 2217 ἐρριζωμένα
2815 2148 2952 2200 εἰσὶν
2985 2148 3042 2200 ὲν
3069 2150 3135 2218 τῇ
3174 2147 3467 2219 Ἐκκλησία
3498 2151 3692 2217 αὐτοῦ,
3736 2153 3830 2206 κᾶν

2270 2237 2624 2307 προσκαίρως
2656 2237 2798 2299 τινὲς
2830 2237 3184 2301 ἀπειθοῦντες
3206 2239 3266 2291 οὐ
3299 2240 3651 2307 φυλάττωσιν
3680 2242 3826 2298 αὐτὰ.

2283 2329 2498 2383 Ἐκεῖνα
2523 2322 2616 2382 οὗν
2640 2329 2718 2392 εἰς
2752 2328 2845 2382 τὸν
2881 2328 3051 2381 αἰῶνα
3092 2329 3333 2399 μένουσι,
3363 2332 3456 2384 καὶ
3500 2334 3762 2404 μακάριοι
3787 2337 3830 2389 οἱ

2271 2416 2665 2488 ἐξερευνῶντες
2691 2418 2849 2485 αύτά,
2871 2419 2967 2473 καὶ
2992 2419 3202 2485 τούτοις
3229 2420 3573 2492 πειθόμενοι·
3596 2426 3693 2477 καὶ
3722 2423 3832 2477 οὐαὶ

2271 2508 2577 2565 ἀπειθοῦσι.

2343 2818 2467 2880 Πᾶς·
2517 2816 2610 2873 οὖν
2670 2822 2995 2889 ἐπίσκοπος,
3030 2824 3063 2894 ἢ
3100 2826 3551 2900 πρεσϐύτερος,ἧ
3598 2831 3833 2895 διάκονος

2272 2907 2565 2979 ἐλεγχθεὶς
2599 2913 2692 2964 ἐπὶ
2754 2914 3003 2984 χρήμασι
3044 2916 3144 2987 τὴν
3178 2922 3515 2990 χειροτονίαν
3557 2923 3592 2994 ἢ
3643 2926 3766 2987 δοὺς
3802 2926 3833 2995 ἢ

2285 2997 2469 3051 λαϐὼν
2503 3041 2517 3064 ,
2579 3002 2680 3072 τῆς
2733 3004 3033 3077 ἱερωσύνης
3090 3011 3361 3066 ἐκπίπτει.
3423 3016 3588 3075 Ἴσως
3648 3017 3704 3070 δέ
3756 3035 3832 3068 τι-

2273 3105 2362 3152 νες
2394 3090 2668 3159 λέγουσιν,
2700 3096 2781 3148 ὅτι
2810 3097 3196 3170 Μετανοοῠμεν
3224 3103 3363 3173 ὑπὲρ
3408 3105 3511 3173 τῆς
3540 3108 3831 3178 ἁμαρτίας,

2199 3204 2240 3260 C
2274 3179 2365 3231 καὶ
2399 3181 2425 3231 ὀ
2451 3179 2581 3243 Θεὸς
2638 3188 2911 3254 συγχωρεῖ
2959 3187 3150 3257 αὑτήν.
3176 3252 3179 3255 _
3208 3188 3318 3243 Ναὶ
3367 3191 3463 3244 καὶ
3511 3193 3627 3260 ἐγὼ
3675 3194 3828 3262 λέγω,

2273 3268 2353 3321 ὃτι
2384 3272 2561 3323 πᾶσαν
2602 3274 2941 3341 μετάνοιανὸ
2965 3278 3097 3340 Θεὸς
3140 3278 3518 3351 προσδέχεται,
3558 3286 3660 3337 καὶ
3711 3302 3835 3353 συγ-

2271 3363 2441 3447 χωρεῖ
2472 3363 2557 3416 διὰ
2593 3366 2885 3430 μετανοίας
2912 3369 2980 3419 τὰ
3009 3371 3382 3440 προγεγονότα
3436 3376 3829 3447 ἁμαρτήματα.

2270 3442 2399 3498 Οἶδα
2437 3449 2544 3517 γὰρ
2592 3453 2685 3503 καὶ
2729 3454 2895 3506 Δαὸὶδ
2952 3459 3168 3529 μοιχείᾳ
3217 3442 3572 3531 συσχεθέντα-
3600 3442 3696 3520 xiii.
3743 3473 3833 3535 φόο

2270 3553 2364 3607 νῳ.
2398 3536 2533 3590 ἀλλά
2597 3544 3025 3626 μετανοήσαντα,
3078 3548 3336 3617 δεχθέντα
3395 3553 3488 3604 καὶ
3551 3572 3832 3626 μαρτύρει

2270 3627 2468 3683 θέντα*
2511 3625 2721 3700 ιΕὖρον
2756 3634 2922 3688 Δαὸὶδ
2967 3636 3059 3688 τὸν
3113 3639 3210 3692 τοῦ
3254 3642 3419 3697 Ἰεσαὶ
3462 3644 3640 3715 ἀνδρα
3701 3625 3833 3702 κατά

2268 3719 2366 3789 τὴν
2414 3721 2639 3789 καρδίαν
2691 3742 2812 3793 μου,
2842 3725 2900 3788 ὃς
2951 3730 3168 3799 ποιήσει
3226 3732 3407 3785 πάντα
3442 3734 3513 3787 τὰ
3554 3714 3833 3807 θελήματά

2274 3825 2397 3877 μου·
2414 3828 2432 3859 ι
2465 3815 2559 3863 καὶ
2590 3813 2654 3864 τὰ
2672 3815 2793 3868 ὅσια
2818 3817 2982 3869 Δαϐὶδ
3001 3823 3355 3891 προφητικῶς
3382 3830 3829 3899 μαρτυρούμενα,

2270 3899 2491 3970 εὔδηλον
2516 3903 2603 3956 διὰ
2636 3908 2921 3972 μετανοίας
2944 3910 3136 3963 τούτου
3176 3912 3643 3985 διορθωσαμένου.
3680 3922 3833 3974 ’Λλλὰ

2270 3989 2429 4043 πάλιν
2450 3986 2566 4044 οἶδα
2605 3993 2915 4049 ἀκούσαντα
2939 3999 3100 4053 αὑτὸν
3146 4004 3295 4071 παρὰ
3344 4005 3438 4057 τοῦ
3485 4008 3672 4076 Θεοῦθ
3717 4014 3830 4065 «03

2271 4081 2336 4168 σύ
2370 4081 2748 4153 οἱκοδομήσεις
2782 4097 2873 4155 μοι
2918 4083 3192 4154 οἷκον,ὂτι
3247 4092 3386 4165 ἀνὴρ
3426 4097 3685 4168 αἱμάτων
3720 4100 3828 4157 εἴ.»

2270 4167 2401 4266 Dida
2440 4175 2747 4266 Μανασσῆν
2800 4177 2867 4231 δι’
2918 4179 3320 4253 ὲξαγορεύσεως
3392 4167 3676 4257 ἀφεθέντα
3737 4198 3832 4266 τῆς

2267 4263 2538 4328 ἀσεϐείας,
2564 4261 2693 4320 Οἶδα
2711 4268 2803 4321 καὶ
2830 4270 3029 4340 πόρνας
3049 4275 3147 4327 καὶ
3163 4277 3403 4342 τελώνας
3423 4280 3725 4351 δεχθὲντας
3750 4261 3830 4341 διά

2269 4353 2574 4421 μετανοίας,
2601 4356 2722 4409 οὐδὲ
2750 4374 2868 4410 τινα
2901 4360 2957 4412 δὲ
2985 4361 3190 4416 τούτων
3227 4368 3306 4428 είς
3355 4369 3667 4445 ἱερωσύνην
3713 4378 3829 4448 ἀρι-

2267 4440 2564 4511 θμηθὲντα,
2609 4446 2659 4496 εί
2709 4446 2784 4516 μή
2834 4464 2933 4499 που
2968 4450 3074 4522 πρὸ
3128 4453 3221 4505 τοῦ
3256 4440 3639 4527 βαπτίσματος
3683 4440 3831 4518 τούτο

3759 4573 3829 4607 τω

2270 4618 2459 4689 κόσμῳ
2528 4617 2690 4691 ἦσαν,
2748 4627 2977 4699 πορνείᾳ
3035 4631 3392 4700 συσχεθέντας
3424 4651 3438 4666 ⁸
3490 4611 3830 4707 μονάσαντας

2265 4707 2339 4807 es,
2378 4709 2453 4771 ὡς
2476 4713 2767 4807 φωστῇρας
2794 4716 2953 4807 ὲνιτῷ
2993 4719 3181 4791 κόσμῳ
3232 4722 3552 4796 λάμψαντας
3601 4734 3694 4787 διὰ
3741 4739 3828 4789 τοῦ

2264 4798 2564 4870 ἀσκητικοῦ
2599 4800 2715 4869 βίου
2751 4818 2765 4831 ·
2793 4798 2982 4859 οὗδένα
3014 4809 3071 4862 δὲ
3094 4813 3173 4874 εἱς
3201 4814 3503 4887 ἱερωσύνην
3536 4824 3825 4887 ἐπιϐάντα.

2265 4887 2421 4986 lii-6s
2472 4889 2565 4986 καὶ
2628 4893 2854 4986 σπάνιον
2908 4897 3151 4967 γέγονεν,
3184 4904 3245 4954 οὐ
3294 4906 3456 4976 νόμος
3498 4911 3829 4986 Ἐκκλησίας

2264 4978 2584 5074 τοῦτοἈξὴν
2641 4984 2794 5037 ὁσίαν
2829 4988 3046 5057 Μαρίαν
3086 4993 3290 5063 πόρνην
3310 4997 3371 5049 τὸ
3418 4978 3709 5074 πρότερονί
3754 4978 3826 5061 is?

2264 5087 2382 5140 μεν.
2440 5068 2604 5136 Αὖθις
2651 5073 2706 5127 δὲ
2763 5075 3034 5146 σώφρονα,
3067 5081 3127 5133 ού
3186 5084 3291 5155 μὴν
3325 5087 3381 5142 δὲ
3428 5068 3508 5155 είς
3557 5068 3667 5160 τάς
3718 5099 3828 5152 δια-

2261 5163 2452 5257 κόνους
2475 5165 2891 5257 καταλεγεῖσαν,
2917 5169 3079 5238 ἁγίαν
3096 5172 3153 5225 δὲ
3183 5178 3276 5257 καὶ
3308 5179 3671 5257 ἐξῃρημένην
3706 5207 3829 5243 παν-

2263 5251 2350 5346 τός
2376 5254 2611 5346 πονηροῦ
2669 5256 3009 5327 πράγματος.
3077 5263 3186 5319 Καὶ
3212 5251 3687 5346 sinuosa—livor,
3741 5281 3829 5334 τδν

2264 5342 2441 5412 ἀληθῆ
2490 5343 2648 5410 λόγον
2689 5347 3053 5418 ἐπιστάμενος
3081 5368 3095 5418 ;
3128 5356 3277 5425 παρά
3320 5358 3429 5411 τῶν
3492 5342 3826 5424 onmem.

2269 5434 2468 5531 στόλων
2484 5434 2747 5531 μυηθεὶς,
2771 5441 2865 5493 καὶ
2891 5443 3040 5513 παρά
3069 5446 3178 5498 τῶν
3209 5448 3396 5513 αὐτοῖς
3415 5451 3829 5531 ἀκολουθησάν-

2266 5542 2374 5579 των
2404 5526 2572 5593 ἁγίων
2604 5525 2859 5599 Πατέρων
2876 5532 3053 5602 ἡμῶν,
3080 5539 3665 5613 πεπαρῤησιασμένως
3686 5525 3821 5621 βοῶ·

2757 5668 2870 5746 ³⁸]]
2898 5669 3033 5743 “98-
3061 5690 3170 5746 *νιν
3200 5676 3251 5730 3-
3364 5682 3408 5713 ⁸⁷
3435 5682 3828 5746 Fornicationc

614 5726 879 5795 detcntos,
928 5728 1148 5783 eiicctos
1178 5738 1357 5785 autem
1380 5731 1679 5786 monachos
1734 5733 1879 5788 sicut
1928 5733 2217 5787 luminaria
2251 5735 2305 5788 in
2348 5726 2548 5791 mundo
2589 5751 2683 5807 per
2710 5726 3009 5796 studiosam
3036 5726 3487 5810 vitam'lucente-s.‘
