4016 6340
192 429 327 507 1.461

1589 449 1984 510 EPISTULE.

3269 447 3400 512 1‘62

188 545 482 616 ng'pivov,
529 549 625 602 οὐκ
660 547 774 603 οῖδα
807 550 883 615 οἷς
933 552 1192 622 κρίμασιν
1213 570 1224 584 ³
1263 554 1424 618 αὐτὸς
1449 558 1703 624 γινώσκει
1729 576 1740 589 ·

1858 562 1972 628 scil)
2026 561 2078 613 in
2122 559 2430 614 cathedram
2489 561 2848 630 pontificalem
2916 561 3129 624 evexit,
3181 562 3395 615 hortatu

191 637 274 697 sl;
301 638 475 692 θῶκον
497 642 875 710 άρχιερατικὸν
903 642 1210 709 άνεϐίὸασε,
1231 647 1541 718 προτροπῆς
1567 647 1747 716 βιαίας

193 729 346 798 ταρὰ
391 729 486 798 τῆς
524 730 789 800 άληθείας
843 734 1144 802 προμάχων
1208 735 1606 790 εὐσεϐεστάτων
1653 741 1747 791 καὶ

191 817 489 886 ὀρθοδόξων
519 818 782 888 βασιλέων
813 823 988 891 ἡμῶν,
1022 823 1115 876 καὶ
1160 823 1476 890 ἁγιωτάτων
1522 827 1743 879 ἐπισκόο

191 923 311 960 τινων
335 924 395 959 τε
431 909 522 984 καὶ
543 909 834 980 κ’ληρικῶν,
865 914 945 974 εἰς
984 912 1081 980 ἐμὲ
1113 914 1427 984 γενομένης.
1465 915 1553 968 Διὸ
1575 917 1743 984 ἀναγ-

189 999 461 1078 καστικῶς
493 1000 773 1070 ὑποκύψας
828 1002 1117 1067 ὑπένευσα,
1148 1005 1240 1056 καὶ
1268 1004 1357 1056 τὸν
1379 1005 1477 1074 τῆς
1503 995 1747 1075 ὑπακοῆς

143 1079 145 1081 ’
191 1090 404 1160 καρπὸν
434 1090 732 1160 δρέψασθαι
760 1092 968 1155 τούτοις
998 1093 1272 1148 ἀπέδωκα.
1310 1096 1416 1148 Καὶ
1447 1095 1748 1165 παρακαλῶ

191 1181 320 1241 τοὺς
341 1179 630 1250 πανιέρους
658 1182 823 1250 ὑμᾶς,
856 1181 930 1244 ῶς
959 1183 1057 1251 μὲν
1075 1184 1317 1254 πατέρας
1343 1185 1745 1256 μικροψυχοῦν-

191 1285 259 1321 τα
293 1266 566 1339 βακτηρίᾳ
598 1269 901 1338 δυνάμεως,
928 1272 1048 1334 ταῖς
1088 1275 1380 1342 πατρικαῖς
1427 1273 1580 1343 ὑμῶν
1608 1273 1747 1327 διδα-

195 1358 443 1420 σκαλίαις
488 1359 876 1428 ὑποστηρίξαι·
911 1359 984 1422 ὡς
1025 1359 1081 1413 δὲ
1118 1361 1382 1430 ἀδελφοὺς
1426 1364 1546 1424 ταῖς
1576 1363 1746 1416 καθα-

195 1450 319 1517 ραῖς
381 1448 533 1519 ὑμῶν
571 1451 758 1519 εὐχαῖς
791 1449 1003 1520 βοηθεῖν
1034 1453 1188 1521 ἡμῖν,
1219 1455 1285 1522 τῇ
1323 1451 1416 1505 τοῦ
1448 1453 1582 1506 Θεοῦ
1613 1470 1746 1506 παν-

193 1537 358 1608 οπλία
408 1537 542 1608 πρὸς
595 1539 694 1602 τάς
745 1540 1027 1610 μεθοδείας
1081 1540 1178 1593 τοῦ
1220 1541 1750 1612 ’Δντικειμένου,κα“ι

196 1627 436 1698 κύμασιν
473 1629 896 1700 άλλεπαλλήλοις
935 1631 1392 1686 ἐνθαλαττεύοντά
1446 1649 1512 1703 με
1558 1633 1749 1686 διακυ-

195 1718 542 1789 ϐερνηθῆναι,
575 1721 722 1783 ὅπως
752 1707 1144 1792 καθορμίσαιμι
1176 1723 1267 1775 ἐπὶ
1297 1722 1492 1794 λιμένα
1514 1723 1752 1794 θελήμα-

1848 653 2027 706 valido
2062 667 2090 705 a
2126 651 2367 707 veritatis
2398 651 2911 722 propugnatoribus,
2947 651 3205 722 piissimis
3251 651 3398 716 vide-

1849 743 1973 796 licet
2025 756 2091 795 ac
2157 743 2476 797 orthodoais
2512 742 2930 811 imperatoribus
2965 742 3186 806 nostris,
3237 750 3399 811 atque

1847 835 2207 889 sanctissimis
2237 834 2527 902 episcopis.
2562 848 2655 887 seu
2684 833 2915 898 clericis,
2941 833 2994 886 in
3032 847 3118 886 me
3139 833 3400 887 violenter

1847 924 2074 980 elfeCto:
2107 925 2194 978 cui
2235 924 2594 978 succumbens
2624 923 2813 987 annui,
2851 931 2904 976 et
2931 922 3250 976 obedientiaa
3283 923 3400 975 fru-

1846 1025 1990 1069 ctum
2025 1016 2108 1069 bis
2139 1014 2467 1084 carpendum
2489 1013 2757 1067 commisi.
2779 1013 2844 1066 Et
2869 1027 2998 1083 rogo
3023 1027 3118 1068 vos
3149 1014 3400 1068 sacratis-

1849 1105 2038 1169 simcs,
2069 1113 2129 1158 ut
2179 1117 2433 1172 tanquam
2460 1114 2640 1172 patres
2671 1117 2756 1156 me
2781 1103 3180 1172 pusillanimem
3206 1103 3401 1156 baculo

1848 1193 2118 1262 potentiae,
2153 1193 2342 1256 idest,
2389 1191 2628 1261 paternis
2675 1191 2870 1246 vestris
2917 1192 3246 1262 magisteriis
3300 1191 3396 1245 ful-

1847 1285 2026 1348 ciatis,
2056 1293 2110 1337 et
2163 1284 2325 1337 veluti
2377 1283 2571 1336 fratres
2625 1283 2775 1351 puris
2835 1283 3178 1337 orationibus
3211 1284 3401 1336 vestris

1848 1388 1948 1426 nos
2011 1387 2134 1427 cum
2191 1381 2465 1426 armatura
2515 1372 2608 1427 Dei
2664 1381 2850 1426 contra
2894 1371 3164 1426 versutias
3191 1373 3399 1440 antiqui

1849 1464 2020 1518 hostis
2079 1463 2367 1533 adjuvetis,
2399 1474 2564 1533 atque
2602 1462 2860 1519 ﬂuctibus
2911 1463 3142 1518 invicem
3174 1479 3401 1533 surgen-

1850 1556 1992 1611 tibus
2033 1556 2370 1624 vacillantcm
2418 1554 2752 1622 guber'uetis,
2789 1562 3055 1624 quatenus
3100 1555 3399 1624 pertiugam

1851 1647 1916 1701 ad
1945 1657 2156 1716 portum
2187 1647 2482 1700 voluntatis
2523 1645 2729 1700 Christi
2766 1646 2858 1700 Dei
2890 1645 3084 1698 nostri.
3124 1643 3218 1698 Est
3256 1645 3399 1698 enim

1849 1751 2072 1804 prorsus
2119 1733 2244 1805 [est]
2267 1736 2406 1804 apud
2430 1749 2528 1788 nos
2546 1733 2817 1803 quoddam
2833 1733 3076 1802 praelium
3100 1732 3215 1787 sine
3237 1731 3402 1792 ferro,

192 1827 286 1872 τος
315 1810 548 1880 Χριστοῦ
579 1809 670 1863 τοῦ
701 1811 834 1864 Θεοῦ
866 1811 1042 1882 ἡμῶν.
1067 1813 1221 1866 Ἐστι
1251 1811 1378 1885 γάρ,
1415 1813 1560 1867 ἔστιν
1587 1815 1751 1876 ὄντως

1858 1827 1980 1881 dum
2013 1842 2292 1883 sermones
2317 1827 2521 1895 jaciant
2545 1834 2598 1880 et
2620 1825 2916 1895 iaciantur.
2945 1823 3046 1878 Sed
3080 1824 3404 1892 triumphale

194 1903 251 1953 ἐν
284 1903 392 1963 τοῖς
416 1899 538 1953 καθ’
555 1902 710 1987 Δἡμᾶς
745 1901 982 1972 πόλεμός
1013 1920 1098 1966 τις
1129 1901 1413 1974 άσίδηρος,
1447 1904 1595 1972 λόγοι
1630 1905 1751 1974 βάλ-

1859 1918 2122 1971 babcmus
2151 1917 2476 1984 trophaeum,
2509 1917 2787 1970 veritatem
2828 1929 2951 1983 qua:
2995 1929 3100 1992 non
3144 1913 3400 1967 vincitur.

193 1990 380 2052 λοντές
404 2006 462 2042 τε
493 1985 586 2044 καὶ
611 1989 945 2059 βαλλόμενοι.
984 1991 1142 2046 Ἀλλά
1163 1992 1415 2061 τρόπαιον
1440 1993 1748 2063 νικητήριον

195 2079 391 2148 ἔχομεν
433 2079 531 2150 τὴν
579 2067 655 2149 μὴ
699 2079 1006 2150 νικωμένην
1051 2081 1330 2152 ἀλήθειαν.
1368 2079 1504 2136 Εῐτά
1548 2099 1605 2137 τε
1657 2087 1750 2136 καὶ

197 2167 520 2234 καταιγίδων
544 2167 786 2236 σφοδρῶν
807 2170 1164 2222 είσπνεουσῶν
1193 2171 1566 2236 σννασπιστάς
1597 2172 1748 2245 Opi;

195 2255 502 2324 λαϐόμενοι,
535 2256 635 2326 τὴν
668 2256 871 2310 τούτων
907 2257 1100 2329 μικρὸν
1133 2259 1539 2326 ύπενέγκαντες
1563 2259 1746 2331 ζάλην,

198 2346 504 2414 εὑρήσομεν
542 2347 735 2410 αὑταῖς
787 2348 1019 2417 Χριστὸν
1057 2349 1417 2419 ἐπιτιμῶντα,
1463 2351 1554 2402 καὶ
1581 2350 1750 2420 γαληο

199 2433 329 2494 νίως
376 2434 466 2486 τὸν
513 2433 626 2503 βίον
669 2437 799 2504 ἡμῖν
850 2436 1206 2504 ἐπεξάγοντα.
1248 2440 1358 2492 Kal.
1395 2439 1594 2491 τούτων
1656 2440 1751 2508 μὲν

199 2521 514 2589 ἀρκούντως
558 2524 617 2574 ἐν
663 2524 966 2593 προοιμίοις
1011 2527 1143 2594 ἡμῖν
1181 2527 1510 2597 εἰρημένων,
1551 2530 1608 2580 ἐν
1640 2531 1752 2590 τοῖς

202 2611 330 2679 ἑξῆς
364 2614 550 2679 σαφῶς
575 2615 606 2682 ἡ
635 2613 868 2684 άκριὸὴς
899 2617 1028 2686 περὶ⁵
1052 2617 1230 2669 αὐτῶν
1280 2618 1478 2685 γνῶσις
1505 2618 1750 2686 διαγγελσ

201 2701 446 2769 θήσεται.
478 2702 591 2756 Νῦν
613 2703 670 2756 δὲ
701 2706 786 2773 ἐφ’
813 2705 1000 2776 ἕτερον
1035 2706 1232 2762 σκοπὸν
1269 2708 1465 2774 λέξεων
1503 2709 1748 2780 ἔρχομαι.

213 2791 434 2862 Ἐπειδὴ
486 2793 594 2864 γάρ
625 2795 825 2864 ἀρχαία
862 2815 966 2862 τις,
1009 2800 1240 2870 τάληθὲς
1266 2800 1323 2852 δέ
1353 2802 1580 2870 φράσαι,
1615 2804 1754 2854 ἀπο-

203 2884 422 2953 στολικὴ
439 2886 736 2956 παράδοσις
762 2889 819 2940 ἐν
837 2888 1036 2950 πάσαις
1062 2891 1179 2952 ταῖς
1215 2890 1560 2960 Ἐκκλησίαις
1576 2890 1750 2958 διῆκε,

200 2973 339 3044 πρὸς
383 2976 660 3044 ιεραρχίαν
699 2977 995 3047 ἀγομένους
1027 2981 1138 3041 τοῖς
1174 2980 1274 3050 πρὸ
1307 2981 1487 3034 αὐτῶν
1515 2983 1610 3043 τὰς
1645 2984 1754 3052 ἱερ-

200 3068 397 3136 αρχίας
445 3066 838 3138 ἐγχειρίζουσιν
871 3107 886 3132 ,
924 3068 998 3130 ὡς
1043 3069 1109 3123 ἂν
1176 3073 1287 3140 ἔχοι
1327 3072 1397 3124 τὰ
1428 3073 1524 3142 τῆς
1577 3073 1754 3126 αὐτῶν

191 3151 436 3222 ’πίστεως
501 3159 850 3214 ἀνατίθεσθαι
891 3176 904 3191 °

205 3251 349 3318 μένῳ
378 3250 660 3304 ὑποκλῖναι
679 3252 914 3322 ἐμαυτὸν
941 3254 1087 3323 ὑμῖν,
1106 3255 1200 3307 καὶ
1217 3254 1482 3324 ἀριδηλως
1517 3255 1610 3324 τὴν
1637 3256 1752 3308 κατ’

201 3341 303 3409 ἐμὲ
348 3342 636 3411 ὁμολογίαν
673 3342 1052 3412 ἐξαγορεῦσαι,
1097 3344 1274 3407 καθὼς
1331 3347 1432 3399 ὑπὸ
1475 3345 1584 3397 τῶν
1625 3346 1752 3398 σαλ-

203 3430 417 3495 πίγγων
467 3429 560 3482 τοῦ
606 3430 956 3498 Πνεύματοςσ
995 3425 1068 3484 ὧν
1114 3433 1141 3482 ὁ
1190 3432 1422 3499 φθόγγος
1465 3435 1544 3495 είς
1578 3436 1755 3487 πᾶσαν

202 3520 302 3588 τὴν
336 3519 440 3589 γῆν
469 3519 680 3590 ἐξῆλθε,
725 3522 820 3573 καὶ
860 3523 938 3584 εἰς
972 3523 1037 3574 τά
1073 3522 1281 3585 πέρατα
1309 3525 1404 3592 τῆς
1434 3525 1756 3592 οἰκουμένης

203 3610 270 3662 τά
308 3612 558 3680 ῥήματα·
593 3612 688 3664 καὶ
719 3612 870 3682 παρὰ
890 3613 994 3665 τῶν
1024 3612 1202 3665 αὐτῶν
1235 3613 1564 3683 θρεμμάτων
1585 3631 1642 3665 τε
1667 3612 1758 3666 καὶ

206 3702 606 3772 προϐλημάτων
676 3703 834 3758 θείων
901 3705 1162 3774 Πατέρων
1221 3705 1374 3772 ἡμῶν
1425 3704 1483 3766 ἐξ
1538 3703 1757 3757 ἁπαλῶν

205 3785 415 3858 ὀνύχων
444 3791 772 3862 ἀνατραφεὶς
806 3791 1117 3861 μεμάθηκα.
1600 3792 1602 3794 ⁷

277 3881 522 3933 Πιστεύω
553 3881 632 3943 είς
663 3880 755 3932 ἕνα
790 3880 920 3933 Θεὸν
951 3881 1168 3951 Πατέρα
1197 3881 1632 3951 παντοκράτορα,
1660 3884 1751 3934 καὶ

207 3971 287 4031 είς
325 3969 421 4022 ἕνα
454 3971 658 4040 Κύριον
701 3969 907 4040 Ἰησοῦν
948 3971 1180 4042 Χριστὸν
1207 3971 1300 4024 τὸν
1330 3972 1456 4023 Υἱὸν
1503 3971 1594 4025 τοῦ
1625 3971 1758 4024 Θεοῦ

210 4057 303 4109 καὶ
330 4055 463 4133 Θεὸν
491 4057 665 4128 ήμῶν,
695 4057 1023 4128 γεννηθέντα
1067 4060 1128 4112 ἐκ
1154 4059 1245 4112 τοῦ
1275 4059 1485 4128 [ἰατρὸς
1517 4060 1762 4128 άχρόνως

209 4149 305 4200 καὶ
345 4148 547 4210 ἀῖδίως.
571 4150 680 4202 Καὶ
709 4151 788 4212 είς
816 4149 875 4200 τὸ
900 4149 1121 4219 Πνεῦμα
1151 4151 1210 4202 τὸ
1235 4151 1409 4217 ἅγιον,
1438 4151 1528 4202 τὸν
1562 4152 1762 4220 Κύριον

210 4239 303 4290 καὶ
337 4231 724 4300 ζωοποιοῦν,τὸ
758 4241 821 4291 ἐκ
856 4239 948 4292 τοῦ
973 4241 1184 4310 Πατρὸς
1215 4242 1281 4294 δι’
1314 4241 1442 4293 Υἱοῦ
1471 4242 1763 4311 ἐκπορευό-

215 4344 394 4393 μενον,
423 4330 517 4380 καὶ
543 4329 673 4382 αὐτὸ
701 4323 920 4382 Θεὸνίὸν
949 4349 1003 4382 τε
1033 4333 1129 4382 καὶ
1157 4331 1575 4400 γνωριζόμενον·
1600 4333 1764 4402 Τριά-

213 4419 278 4470 δκ
320 4418 622 4487 ὁμοούσιον,
679 4421 935 4489 ὀμότιμόν
974 4438 1032 4473 τε
1060 4423 1152 4474 καὶ
1204 4423 1515 4492 ὀμόθρονον,
1574 4424 1761 4488 ἀΐδιον,

1855 2009 2054 2063 Deinde
2079 2022 2296 2078 quoque
2323 2017 2376 2062 et
2403 2005 2648 2076 procellis
2675 2007 3082 2061 vehementibus
3131 2005 3405 2074 inspiran-

1855 2096 2020 2158 tibus,
2057 2095 2109 2148 in
2143 2095 2403 2148 auxilium
2441 2095 2596 2148 vobis
2624 2095 2939 2163 assumptis,
2968 2096 3162 2148 harum
3191 2093 3404 2164 pauxil-

1854 2184 1963 2238 lum
2015 2186 2144 2254 quid
2175 2185 2494 2240 suﬂ‘erentes
2525 2194 2735 2246 aestum,
2777 2185 3051 2239 Christum
3092 2186 3190 2238 bas
3225 2185 3404 2238 incre-

1853 2285 2067 2346 pantem
2122 2275 2447 2338 invenimus,
2484 2285 2538 2329 et
2577 2276 2737 2329 vitam
2765 2274 3056 2342 tranquille
3097 2288 3190 2343 per
3218 2275 3399 2327 omnia

1857 2367 2238 2436 transigemus.
2275 2367 2341 2432 Et
2391 2367 2472 2420 his
2504 2366 2717 2435 quidem
2751 2363 3068 2420 sufﬁcienter
3124 2364 3178 2416 in
3209 2361 3402 2431 praefa-

1856 2457 1998 2510 tione
2028 2467 2212 2513 nostra
2242 2459 2558 2528 praemissis,
2592 2457 2644 2510 in
2667 2456 2875 2510 caeteris
2902 2455 3181 2509 evidenter
3207 2455 3398 2507 horqu

1854 2549 2094 2619 cognitio
2139 2548 2563 2602 denuntiabitur.
2618 2545 2771 2600 Nunc
2814 2553 2996 2598 autem
3033 2546 3096 2598 ad
3127 2545 3285 2598 aliam
3321 2545 3400 2598 in-

1855 2642 2145 2698 tentionem
2171 2638 2381 2692 dicendi
2416 2635 2690 2708 [dicendo]
2719 2634 3050 2705 progredior.
3085 2634 3224 2699 Quia
3256 2637 3399 2688 enim

1857 2734 2032 2802 prisca
2078 2730 2346 2800 quaedam,
2390 2736 2536 2783 etut
2579 2728 2760 2781 verius
2787 2725 3074 2786 fateamur,
3105 2723 3402 2793 apostolica

1857 2823 2070 2878 traditio
2102 2822 2152 2874 in
2183 2821 2436 2875 omnibus
2474 2818 2728 2873 Ecclesiis
2760 2815 3000 2881 inolevit,
3031 2825 3091 2869 ut
3126 2815 3180 2868 hi
3211 2816 3303 2884 qui
3334 2813 3400 2868 ad

1856 2914 2186 2983 pontificium
2233 2911 2630 2981 provehuntur,
2673 2907 3098 2978 praecedentibus
3139 2921 3196 2960 se
3230 2907 3282 2958 in
3313 2921 3403 2959 eo-

1854 3006 1974 3058 dem
1998 3003 2203 3063 ordine,
2220 3001 2450 3070 qualiter
2475 3015 2532 3054 se
2555 3000 2792 3053 habeant
2820 3013 3080 3068 quae-suat
3111 2996 3230 3049 tidei
3254 3003 3400 3058 sunt,

1855 3095 2171 3164 exponendo
2220 3091 2602 3146 commendent
2635 3109 2649 3146 :
2688 3089 2872 3144 Visum
2926 3098 3005 3143 est
3059 3098 3108 3142 et
3139 3086 3272 3141 mihi
3302 3075 3404 3141 hoc

956 3161 1102 3225 εδοξε
1160 3165 1327 3232 κάμοι
1380 3165 1588 3227 τούτοις
1631 3167 1755 3217 ἐπο-

1858 3184 2106 3248 sectanti,
2144 3199 2228 3236 me
2257 3183 2406 3236 vobis
2452 3182 2737 3244 inclinare,
2766 3173 2818 3232 et
2861 3179 3067 3246 liquido
3110 3177 3404 3230 confessio-

1856 3287 1975 3326 nem
2028 3269 2412 3333 pronuutiare,
2456 3265 2909 3336 quemadmodum
2962 3279 2990 3317 a
3041 3262 3182 3317 tubis
3233 3261 3402 3316 sancti

1858 3361 2090 3431 Spiritus
2115 3363 2360 3429 (quarum
2393 3373 2560 3413 sonus
2591 3360 2643 3410 in
2674 3371 2888 3410 omnem
2920 3366 3117 3408 terram
3144 3352 3327 3414 exivit,
3353 3358 3407 3404 ct

1856 3453 1910 3506 in
1955 3454 2088 3506 lines
2116 3461 2272 3504 terra:
2305 3448 2546 3516 verba”)
2573 3456 2626 3501 et
2660 3447 2726 3499 ab
2763 3459 2947 3498 earum
2979 3441 3216 3496 alumnis
3244 3449 3404 3508 atque

1858 3543 2116 3607 asseclis,
2164 3538 2548 3593 sacratissimis
2613 3535 2860 3589 videlicet
2911 3531 3160 3586 Patribus
3206 3528 3404 3583 nostris

1859 3631 2141 3693 educatus,
2179 3642 2243 3682 ex
2275 3626 2408 3696 ipsis
2447 3624 2700 3679 mollibus
2732 3622 2943 3691 ungulis
2975 3620 3159 3674 didici.

1928 3889 2102 3944 Credo
2143 3889 2194 3942 in
2230 3900 2396 3942 unutn
2431 3887 2595 3940 Deum
2629 3885 2840 3938 Patrem
2884 3884 3327 3950 omnipotentem,
3353 3890 3406 3934 et

1863 3979 1914 4030 iu
1953 3992 2119 4030 unum
2153 3975 2436 4029 Dominum
2477 3970 2660 4026 Jesutn
2697 3970 2969 4024 Christum
3001 3967 3194 4021 Filium
3230 3965 3319 4019 Dei
3353 3975 3406 4019 et

1865 4069 2031 4123 Deum
2065 4077 2328 4132 nostrum,
2363 4076 2549 4120 natum
2577 4080 2640 4118 ex
2668 4063 2828 4119 Patre
2857 4063 2973 4117 sine
3008 4071 3248 4130 tempore
3268 4074 3406 4115 eoa:-

1864 4169 2073 4213 ternum
2107 4178 2119 4212 :
2155 4167 2208 4211 et
2239 4159 2294 4210 in
2323 4156 2579 4224 Spiritum
2603 4162 2869 4226 sanctum,
2902 4151 3186 4206 Dominum
3210 4160 3261 4204 et
3282 4151 3406 4204 vivi.

1865 4249 2134 4311 licautem,
2194 4260 2259 4298 ex
2321 4243 2480 4297 Patre
2517 4257 2610 4311 per
2657 4241 2848 4298 Filium
2904 4240 3302 4308 procedentem,
3354 4245 3406 4291 ct

1865 4336 2110 4390 eumdem
2139 4335 2303 4388 Deum
2328 4348 2448 4388 esse
2482 4341 2532 4386 et
2559 4333 2812 4399 cognosci
2848 4351 2858 4384 :
2902 4330 3218 4383 Trinitatem
3250 4331 3411 4384 unius

1869 4426 2199 4488 substantiae,
2227 4424 2388 4477 unius
2420 4423 2642 4476 honoris
2671 4435 2724 4475 et
2753 4422 2916 4487 sedis,
2949 4422 3329 4489 sempiternam
3359 4431 3411 4474 ct

213 4510 483 4574 ἄκτιστον,
518 4510 625 4562 τῶν
653 4511 864 4564 πάντων
892 4513 1201 4580 κτισμάτων
1224 4513 1554 4582 δημιουργόν
1579 4531 1590 4542 ·
1633 4516 1755 4582 μίαν

1869 4517 2190 4575 iucreatam,
2253 4513 2495 4566 omnium
2559 4521 2930 4565 creaturarum
2997 4510 3344 4565 conditricem
3398 4530 3408 4562 :

214 4603 409 4672 ἀρχὴν,
443 4603 569 4672 μίαν
597 4602 826 4672 θεότητα
857 4605 948 4654 καὶ
990 4605 1305 4671 κυριότητα,
1336 4605 1462 4670 μίαν
1491 4605 1766 4672 βασιλείαν

223 4695 306 4743 (αἱ
342 4692 570 4760 δύναμιν
613 4693 708 4744 καὶ
747 4691 992 4754 ἐξουσίαν
1043 4694 1098 4743 ἐν
1151 4693 1328 4758 τρισὶν
1377 4694 1762 4757 ύποστάσεσιν,

219 4781 538 4850 ἀδιαιρέτως
578 4780 979 4850 διαιρούμένην,
1011 4782 1103 4834 καὶ
1130 4783 1412 4856 ἡνωμένην
1444 4783 1760 4853 διαιρετῶς’

221 4873 292 4940 μὴ
331 4870 391 4935 ἐξ
427 4870 631 4922 ἀτελῶν
685 4870 849 4940 τριῶν
901 4871 958 4922 ἐν
1003 4889 1058 4924 τι
1101 4873 1322 4932 τέλειον,
1357 4873 1471 4924 ἀλλ’
1505 4875 1569 4924 ἐκ
1600 4875 1767 4942 τριῶν

217 4961 438 5013 τελείων
471 4961 526 5012 ἓν
556 4962 849 5032 ὑπερτελές
893 4964 985 5015 καὶ
1021 4963 1353 5032 προτέλειον,
1396 4965 1478 5026 ῶς·
1518 4966 1546 5016 ὁ
1599 4967 1769 5034 μέγας

221 5048 320 5117 ἔφη
358 5050 653 5112 Διονύσιος.
705 5051 865 5102 Ὥστε
915 5051 1056 5103 κατὰ
1102 5051 1202 5120 μὲν
1257 5053 1353 5121 τὴν
1395 5053 1632 5123 ἰδιότητα
1664 5056 1769 5106 τῶν

223 5138 531 5206 προσώπων
555 5140 679 5209 τρία
715 5145 781 5196 τὰ
815 5141 1282 5210 προσκυνούμενα,
1314 5143 1454 5196 κατὰ
1485 5144 1541 5196 δὲ
1570 5145 1629 5196 τὸ
1659 5124 1770 5198 κοι-

224 5231 307 5283 νὸν
328 5229 426 5298 τῆς
453 5229 666 5297 φύσεως
697 5225 776 5292 εἷς
805 5230 935 5292 Θεὸς
977 5231 1189 5283 πάντων
1223 5231 1448 5298 ποιητὴς
1479 5233 1686 5301 ὁρατῶν
1713 5251 1772 5286 τε

225 5321 316 5372 καὶ
352 5318 868 5389 ἀοράτωνλπάντων
907 5321 1231 5388 προνοητής.
1280 5319 1554 5388 Ὀμολογῶ
1580 5321 1634 5374 δέ
1681 5324 1775 5374 καὶ

227 5412 321 5478 τὴν
362 5409 451 5463 διὰ
498 5409 594 5478 τὴν
644 5409 916 5479 ἡμετέραν
954 5410 1222 5478 σωτηρίαν
1257 5410 1343 5461 ἐπ’
1379 5412 1622 5479 ἐσχάτων
1665 5414 1774 5467 τῶν

231 5503 450 5570 ἡμερῶν
477 5501 615 5555 κατὰ
651 5500 829 5571 σάρκα
853 5503 1105 5572 γέννησιν
1151 5502 1240 5554 τοῦ
1303 5504 1418 5565 ἐνὸς
1465 5504 1562 5573 τῆς
1615 5505 1775 5572 ἁγίας

229 5591 456 5660 Τριάδος
486 5591 578 5644 τοῦ
607 5591 734 5643 Υἱοῦ
765 5591 856 5643 τοῦ
895 5591 1048 5654 Θεοῦ,
1083 5593 1283 5661 Κυρίου
1316 5593 1368 5646 δὲ
1405 5594 1556 5662 ἡμῶν
1603 5595 1771 5663 Ἰησοῦ

227 5869 232 5874 .
333 5818 376 5850 ⁷⁸
401 5815 542 5873 Psal.
581 5833 726 5886 xvtu,
759 5823 820 5887 5;
856 5821 1011 5894 Rom.
1058 5838 1108 5886 κ,
1139 5823 1190 5876 8.

1867 4621 2032 4660 unum
2067 4604 2421 4672 principium,
2477 4619 2638 4656 uuam
2687 4603 2938 4656 deitatem
2987 4611 3039 4655 et
3086 4601 3414 4654 dominatio-

1869 4710 2208 4755 ucm,unum
2263 4693 2568 4761 imperium,
2620 4702 2953 4760 potentatum
2995 4702 3043 4745 ct
3096 4701 3412 4760 potestatem

1853 4785 1922 4838 «in
1953 4786 2124 4837 tribus
2168 4783 2558 4846 subsistentiis,
2607 4783 2880 4836 individue
2908 4782 3123 4850 quidem
3164 4782 3414 4842 divisam,

1867 4885 1921 4925 et
1953 4876 2120 4925 divise
2144 4875 2349 4925 unitam
2389 4891 2402 4925 :
2447 4888 2552 4925 non
2588 4888 2651 4925 ex
2679 4871 3002 4925 imperfectis
3034 4798 3207 4925 tridius
3247 4887 3413 4924 unum

1867 4885 1921 4929 ct
1953 4876 2120 4929 divise
2144 4875 2349 4926 unitam
2389 4891 2402 4927 :
2447 4888 2552 4926 non
2588 4888 2651 4926 ex
2679 4871 3002 4942 imperfectis
3034 4871 3207 4925 tribus
3247 4887 3413 4939 unum

1866 4967 2069 5034 aliquid
2123 4963 2416 5033 perfectum
2461 4981 2474 5017 :
2505 4963 2618 5018 'sed
2663 4980 2724 5018 ex
2761 4965 2936 5019 tribus
2967 4963 3219 5032 perfectis
3251 4978 3418 5015 unum

1871 5054 2326 5123 superperfectum
2343 5065 2393 5106 et
2413 5053 2693 5121 plusquam
2711 5053 3006 5121 perfectura
3023 5052 3170 5116 “,uti
3193 5068 3421 5120 magnus

1873 5147 2086 5200 locutus
2121 5154 2202 5198 est
2243 5144 2552 5212 Dionysius.
2602 5143 2786 5211 Itaque
2835 5144 3130 5197 secundum
3185 5145 3420 5212 proprie-

1873 5244 2034 5292 tatem
2089 5249 2442 5304 personarum
2482 5233 2585 5286 tria
2612 5235 2828 5301 quidem
2870 5234 3173 5299 adoranda;
3205 5243 3259 5286 at
3295 5247 3420 5285 vero

1873 5323 2169 5380 secundum
2203 5336 2544 5394 communem
2578 5331 2781 5375 natura:
2812 5323 3077 5375 rationem
3112 5337 3249 5375 unus
3282 5319 3430 5374 Deus.

1875 5416 2114 5469 omnium
2147 5412 2321 5466 factor
2351 5411 2644 5466 visibilium
2678 5420 2730 5466 et
2767 5412 3142 5477 invisibilium,
3177 5413 3417 5466 ontuiuut

1875 5506 2142 5575 provisor.
2183 5502 2453 5556 Confiteor
2491 5511 2665 5560 autem
2699 5503 2894 5556 factam
2930 5512 3143 5572 propter
3192 5502 3420 5557 salutem

1879 5607 2111 5649 nostram
2169 5592 2220 5643 in
2277 5590 2584 5643 uovissiutis
2627 5591 2813 5644 diebus
2875 5593 3166 5644 secundum
3205 5605 3461 5643 caruerit.

1302 5826 1346 5855 “
1372 5825 1543 5878 Locus
1577 5823 1866 5888 obscurus,
1901 5832 1952 5877 et
1987 5831 2144 5876 caute
2170 5821 2452 5890 legendus.
