4016 6340
139 478 367 546 Ἀδὰμ

1554 479 1955 542 EPISTOL/E.

3232 474 3369 539 H70

134 589 240 644 καὶ
310 592 613 662 προφάσεις
666 593 787 647 καθ’
822 594 1077 664 ἑκάστην,
1138 599 1217 659 ὡς
1292 595 1420 659 ἔπος
1495 597 1695 655 εἰπεῖν.

1804 596 1913 648 iant.
1948 592 2017 656 τη,
2059 610 2076 643 ι
2106 604 2169 646 ac
2204 604 2297 661 per
2334 587 2576 659 singulos
2616 602 2751 656 pene
2779 586 2894 641 dies
2926 584 3239 641 occasiones
3270 603 3365 641 ex-

135 677 354 748 ἡμέραν
388 682 789 753 ἐπιζητούντων
831 684 924 736 τοῦ
976 683 1284 740 θανατῶσαι
1316 689 1411 741 καὶ
1439 687 1703 742 ἀπολέσαι

133 770 287 839 ἡμᾶς
305 786 323 802 ⁸
354 775 496 845 χαρᾷ
518 774 595 840 δὲ,
625 773 713 827 διὰ
738 773 849 844 ’τὴν
872 773 1255 845 ἐκλάμπουσαν
1283 780 1340 831 ὲν
1375 779 1505 848 ὑμῖν
1536 778 1700 851 [ἄλλ.

130 858 191 910 ἐν
245 859 458 932 αὐτοῖς]
491 861 725 916 ἀκτίνων
793 862 950 931 δίκην
999 862 1239 934 ἡλιακῶν
1286 865 1385 934 τῆς
1419 863 1701 935 ὀρθοδόξου

138 948 384 1015 πίστεως
440 953 749 1024 ἀκρίϐειαν,
807 956 902 1008 καὶ
950 955 1058 1008 τῶν
1103 955 1476 1009 ἀποστολικῶν
1522 971 1579 1007 τε
1610 955 1703 1008 καὶ

130 1038 430 1111 Πατρικῶν
454 1044 743 1115 δογμάτων
760 1044 1194 1119 διαφανεστάτην
1218 1045 1539 1110 ὲξέιπλωσιν·
1566 1044 1703 1115 Περὶ

128 1126 209 1185 ὧν
246 1134 521 1206 εὐκαίρως
569 1137 669 1207 τῆς
720 1136 814 1190 τοῦ
854 1139 1132 1208 προφήτου
1189 1138 1455 1208 Ζαχαρίου
1483 1137 1703 1207 καὶτῆς

127 1221 229 1285 τοῦ
260 1222 422 1292 λόγου
457 1225 643 1295 φωνῆς
671 1227 995 1296 γεννήτορος
1021 1229 1100 1289 εἰς
1133 1227 1350 1297 μνήμην
1388 1226 1531 1296 ᾠδῆς
1574 1226 1700 1296 ἐληο

126 1312 376 1379 λυθότες,
404 1315 802 1385 μεγαλοφώνως
830 1316 1043 1387 βοῶμεν
1062 1334 1076 1347 ·
1117 1337 1132 1370 ι
1174 1317 1543 1387 Ἐπεσκέψατο
1556 1319 1704 1386 ἡμᾶς

129 1404 374 1476 ἀνατολὴ
422 1406 691 1478 παμφαὴς
743 1406 802 1473 ἐξ
852 1406 1062 1477 ὕψους»
1124 1405 1463 1481 θεωρητικῆς
1508 1425 1565 1461 τε
1611 1408 1702 1461 καὶ

130 1494 609 1568 θεοφρονεστάτης
655 1499 913 1563 διανοίας,
960 1502 1072 1563 τοῖς
1118 1501 1176 1553 ὲν
1220 1498 1400 1553 σκότει
1431 1499 1525 1553 καὶ
1577 1499 1702 1567 σκιᾷ

128 1584 393 1654 θανάτου,
428 1589 773 1659 κακοτρόπου
827 1590 1055 1661 πλάνης,
1085 1590 1204 1660 ἢτοι
1245 1590 1541 1661 Ἀραϐικῆς
1578 1590 1696 1645 δυσι

129 1675 370 1743 σεσειας.
403 1678 728 1749 καθημένοις
763 1670 919 1750 ἡμῖν,
951 1680 1046 1733 τοῦ
1086 1680 1412 1734 κατευθῦναι
1441 1682 1566 1743 τοὺς
1583 1697 1696 1751 νοη-

133 1767 405 1836 ματικοὺς
440 1768 598 1839 ἡμῶν
639 1770 804 1834 πόδας
836 1772 918 1835 είς
960 1772 1079 1825 ὁδὸν
1113 1758 1463 1842 καῖτρίϐουςᾲ
1495 1773 1694 1842 ἐἰρηνι-

138 1856 246 1923 κῆς
273 1859 676 1922 καταστάσεως.
706 1878 724 1911 ι
750 1860 844 1923 Τίς
873 1859 1094 1930 λαλήσει
1129 1860 1223 1925 τὰς
1249 1840 1564 1923 δυναστείας
1600 1840 1704 1913 Κυ-

1806 684 2048 754 qnirunt,
2090 690 2155 735 ut
2182 696 2283 735 nos
2310 680 2470 734 morti
2503 679 2747 739 tradant,
2776 687 2831 732 et
2859 677 3087 747 perdant
3120 719 3135 744 ,
3168 678 3368 747 gaudio

1805 789 1955 838 vero,
1986 782 2206 843 propter
2244 771 2526 825 veritatem
2551 769 2867 824 orthodoxae
2900 766 3023 822 tidei
3057 783 3177 837 quae
3207 767 3369 838 fulget

1805 866 1858 919 in
1877 866 1957 920 eis
1984 864 2243 920 solarium
2276 876 2428 915 more
2460 860 2760 924 radiorum,
2794 866 2848 911 et
2868 858 3367 915 luculentissimam

1803 955 2237 1024 explanationem
2289 952 2705 1022 apostolicorum
2742 950 3057 1021 dogmatum
3097 961 3152 1005 et
3189 959 3372 1022 pater—

1804 1062 2022 1101 norum.
2056 1044 2132 1099 De
2161 1044 2360 1114 quibus
2392 1050 2511 1112 apte
2554 1042 2849 1111 genitorem
2901 1042 3050 1096 vocis
3085 1039 3271 1102 Ver-hi.
3317 1042 3395 1096 id‘

1802 1146 1903 1203 est,
1948 1135 2263 1207 prophetam
2294 1132 2611 1187 Zachariam
2652 1132 2717 1185 ad
2749 1133 3069 1186 memoriam
3100 1133 3369 1187 reducen-

1805 1241 1907 1289 tes,
1941 1241 2135 1297 magna
2164 1240 2296 1279 voce
2327 1225 2666 1278 clamamus:
2705 1240 2724 1273 ι
2763 1221 3019 1277 Visitavit
3048 1237 3149 1277 nos
3183 1222 3368 1277 oriens

1801 1336 1867 1375 ex
1892 1319 2004 1374 alto
2042 1318 2107 1380 ⁷⁸,
2151 1336 2168 1368 ι
2196 1315 2535 1387 splendidius
2590 1314 2830 1369 theoriea
2854 1322 2908 1366 et
2955 1314 3137 1368 divina
3187 1313 3371 1383 provi-

1765 1394 1772 1401 ’
1801 1408 1978 1463 dentia
2020 1407 2305 1470 illustratae
2332 1405 2551 1469 mentis,
2584 1403 2639 1457 in
2666 1396 2899 1459 tenebris
2928 1413 2984 1458 et
3007 1404 3200 1457 umbra
3225 1419 3372 1457 mor-

1802 1500 1871 1554 tis
1895 1498 2115 1569 maligni
2146 1496 2369 1559 erroris,
2405 1496 2458 1549 id
2486 1495 2859 1560 est,,Arahie:e
2914 1494 3207 1564 impietatis
3231 1533 3247 1559 ,
3283 1509 3372 1549 se-

1813 1585 2040 1659 dentes,
2084 1582 2151 1638 ad
2201 1581 2515 1663 dirigendos
2564 1581 2930 1652 intelligibiies
2962 1582 3123 1651 pedes
3153 1591 3373 1651 nostros

1803 1674 1856 1727 in
1897 1673 2036 1728 viam
2072 1681 2124 1728 et
2155 1671 2378 1728 semitas
2410 1671 2660 1740 pacifera:
2687 1673 3132 1727 constitutionis.
3170 1691 3189 1723 ‹
3229 1671 3369 1739 Quis

1805 1763 2057 1833 loquetur
2100 1751 2369 1830 potentias
2427 1759 2638 1817 Demini
2667 1762 2758 1840 §°?
2787 1779 2804 1811 ›
2840 1752 3127 1817 nobiscum
3177 1764 3373 1832 psallat

1804 1853 1971 1909 David
1996 1865 2149 1923 pater
2173 1853 2263 1907 Dei
2294 1870 2310 1920 ;
2350 1871 2367 1904 ι
2397 1851 2509 1907 Aut
2555 1851 2770 1907 auditas
2797 1851 2957 1908 faciet
2978 1866 3166 1909 omnes
3188 1854 3374 1910 laudes

130 1946 326 2015 ρίου;ι
367 1948 724 2019 συμψαλλέτω
764 1950 928 2004 Δαὸὶδ
966 1951 1097 2022 ἡμῖν
1133 1953 1161 2005 6
1190 1951 1529 2023 Ὦεοπάτωρ·
1563 1970 1582 2004 ι
1616 1952 1698 2003 ’Δ-

1800 1946 1919 2015 ejus
1943 1947 2039 1999 "tl
2071 1965 2090 1997 ι
2127 1946 2387 2017 quoniam
2444 1945 2702 2005 misertus
2753 1954 2840 2000 est
2892 1944 3040 2001 Deus
3100 1946 3372 2016 desperati

129 2037 364 2101 κουστάς
411 2040 627 2108 ποιήσει
660 2040 843 2103 πάσας
890 2039 993 2112 τὰς,
1039 2039 1279 2104 αἰνέσεις
1333 2040 1532 2108 αύτοῦ;
1562 2059 1580 2093 ι
1615 2041 1696 2094 ὅτι

125 2128 366 2198 ἠλέησεν
391 2130 419 2182 6
450 2128 582 2193 Θεὸς
624 2131 715 2184 τὸν
744 2131 1171 2203 ἀπεγνωσμένον
1211 2130 1341 2185 λαὸν
1377 2132 1566 2196 αὑτοῦ,
1604 2134 1699 2186 καὶ

129 2220 197 2273 τά
227 2220 495 2276 διεστῶτα
533 2224 669 2294 πρὸς
707 2223 836 2294 μίαν
868 2223 1076 2294 συνῆψε
1123 2223 1360 2288 πίστεως
1411 2224 1695 2296 ἀρμονίαν;

134 2330 153 2361 ι
186 2311 312 2366 Ὅτι
345 2313 534 2384 ἦγειρε
567 2314 735 2385 κέρας
790 2316 1071 2387 σωτηρίας
1112 2318 1243 2386 ἡμῖν
1269 2334 1287 2367 ι
1324 2302 1420 2371 καὶ
1467 2315 1703 2387 ἀνορθὼ·

132 2417 275 2471 σεως
321 2401 379 2454 ἐν
403 2402 535 2473 οῐκῳ
567 2403 658 2456 καὶ
686 2402 919 2474 θεοδόχῳ
949 2404 1063 2476 ναῷ
1092 2406 1186 2469 τοῦ
1219 2405 1541 2476 μονογενοῦς
1572 2406 1701 2459 Υἱοῦ

130 2494 324 2559 αἰτοῦ,
376 2497 582 2566 Κυρίου
624 2497 679 2551 δὲ
708 2498 801 2551 καὶ
839 2497 976 2551 Θεοῦ
1007 2501 1101 2553 καὶ
1123 2500 1374 2570 Σωτῆρος
1397 2500 1554 2571 ἡμῶν
1600 2502 1703 2570 ’ἰη-

128 2584 223 2637 σοῦ
267 2585 533 2655 Χριστοῦ·
567 2586 768 2651 οἵτινές
827 2589 948 2640 ἐστε
990 2589 1148 2661 ὑμεῖς
1187 2589 1499 2658 ἁγιώτατοι,
1534 2590 1628 2644 καὶ
1655 2591 1703 2643 οἱ

126 2676 196 2727 τὰ
233 2676 462 2747 δεύτερα
510 2671 651 2732 κατά
681 2678 882 2749 θεσμὸν
924 2679 1017 2734 καὶ
1064 2681 1219 2747 τάξιν
1258 2682 1582 2752 Ἐκκλησίας
1612 2682 1708 2751 φέ-

131 2784 319 2835 ροντες
366 2769 518 2838 ὑμῶν
570 2768 887 2840 θεοοτεφεῖς
919 2772 1268 2843 τροπαιοῦχοι
1315 2773 1408 2827 καὶ
1436 2772 1704 2844 θεοψήφι·

130 2877 249 2913 σῖοι
297 2860 538 2929 βασιλεῖς
587 2861 746 2934 ἡμῶν
776 2865 872 2917 κα¹ι
899 2864 1159 2919 δεσπόται
1194 2866 1295 2935 τῆς
1320 2867 1659 2938 οἰκουμένης
1683 2883 1696 2898 ’

129 2952 401 3023 ἱερωσύνη
433 2953 541 3024 γάρ
572 2953 853 3033 βασιλείας
884 2957 1157 3027 ἀγιασμός
1186 2959 1302 3012 ἐστι
1327 2960 1421 3013 καὶ
1451 2940 1706 3013 ἀναστοιέ

127 3040 369 3111 χείωσις,
404 3044 502 3096 καὶ
554 3042 799 3114 βασιλεία
853 3044 1156 3117 ἱερωσύνης
1221 3048 1373 3117 ἰσχὺς
1434 3049 1527 3101 καὶ
1574 3064 1705 3119 κρα·

126 3132 370 3201 ταίωμα.
420 3135 556 3204 Περὶ
615 3126 690 3187 ὧν
740 3134 904 3202 σοφός
942 3152 1000 3188 τε
1026 3135 1160 3201 ἄναξ
1189 3118 1285 3189 καὶ
1314 3129 1373 3189 ὲν
1397 3118 1709 3205 βασιλεῦσιν

126 3222 303 3290 ἁγίοις
349 3223 451 3295 ἔφη
522 3227 981 3297 μακαριστότατος
1013 3245 1024 3257 ·
1054 3228 1326 3296 Μέγιστον
1360 3227 1530 3298 δῶρον
1577 3229 1708 3291 Θεὸς

1802 2037 1985 2108 populi
2020 2037 2131 2103 sui,
2171 2046 2225 2091 et
2257 2038 2512 2092 distantia
2542 2038 2609 2091 ad
2637 2053 2804 2093 unam
2827 2037 2953 2093 lidei
2989 2037 3211 2107 collegit
3241 2037 3371 2093 har-

1801 2131 2062 2185 moniam.
2097 2149 2115 2180 ι
2166 2129 2231 2183 Ει
2278 2130 2453 2184 erexit
2509 2144 2678 2184 cornu
2717 2131 2912 2186 salutis
2951 2130 3109 2186 nobis
3137 2130 3183 2163 ⁸⁸
3211 2169 3227 2194 ,
3266 2149 3285 2182 ι
3321 2139 3375 2184 et
3444 2186 3449 2195 Α

1801 2222 2119 2278 directionis
2155 2221 2209 2275 in
2242 2221 2426 2287 domo,
2453 2232 2505 2277 et
2536 2222 2816 2277 dominum
2849 2223 3144 2292 recipiente
3172 2222 3375 2301 tcinpio

1800 2312 2066 2387 unigeniti
2092 2313 2213 2368 Filii
2251 2313 2358 2380 sui,
2400 2312 2613 2368 Domini
2654 2314 2905 2389 videlicet
2939 2312 3032 2367 Dei
3060 2328 3126 2368 ac
3178 2312 3375 2367 Salva-

1804 2404 1938 2459 loris
1963 2404 2133 2460 nostri
2162 2402 2291 2459 Jesu
2314 2402 2516 2458 Christi
2549 2421 2563 2457 :
2599 2403 2746 2473 quod
2775 2403 2910 2459 eStis
2939 2417 3036 2458 vos
3084 2402 3368 2458 sanctissi-

1775 2485 2145 2566 'mi”,atque
2171 2495 2227 2550 hi
2256 2496 2347 2564 qui
2377 2503 2558 2564 partes
2576 2492 2844 2552 secundas
2874 2494 3130 2551 Ecclesiae
3152 2500 3374 2566 portant

1801 2600 1897 2654 per
1922 2584 2096 2653 legem
2127 2585 2450 2639 et'ordinem
2500 2584 2761 2639 Ecclesiae
2793 2593 2991 2640 nostra:
3011 2624 3028 2650 ,
3064 2584 3370 2653 triumpha-

1802 2685 1947 2732 tores
2002 2676 2210 2732 scilicet
2275 2691 2339 2731 ac
2398 2676 2661 2769 divinitus
2716 2675 2950 2731 reditniti
3008 2691 3105 2732 seu
3160 2675 3368 2731 decreti

1803 2769 2075 2838 principes
2108 2768 2276 2823 nostri
2314 2777 2368 2823 et
2399 2764 2605 2823 domini
2640 2777 2909 2823 terrarum
2953 2767 3129 2823 orbis.
3178 2764 3375 2823 Sacer-

1805 2860 2015 2915 dotium
2099 2860 2242 2915 enim
2295 2859 2507 2929 imperii
2558 2860 2920 2918 sanctiﬁcatio
2982 2867 3067 2915 est
3133 2868 3187 2915 et
3239 2874 3374 2915 con-

1808 2952 2054 3017 5titutio,
2083 2960 2137 3008 et
2168 2952 2456 3023 imperium
2487 2952 2778 3008 sacerdotii
2817 2950 3081 3008 fortitudo
3107 2960 3162 3008 et
3184 2952 3371 3009 (inna-

1808 3052 2095 3099 mentum:
2144 3044 2212 3100 de
2253 3044 2456 3114 quibus
2524 3046 2740 3115 sapiens
2774 3045 2993 3115 quidam
3035 3045 3288 3115 princeps
3317 3054 3372 3101 et

1817 3137 1874 3190 in
1931 3137 2136 3192 sanctis
2209 3138 2428 3206 regibus
2494 3138 2848 3194 beatissimus
2900 3138 3024 3193 ait:
3072 3137 3368 3194 Maximum

1808 3226 2010 3281 donum
2048 3225 2191 3283 Deus
2237 3215 2549 3283 hominibus
2594 3227 2867 3299 prazstitit,
2923 3228 3290 3283 sacerdotium
3320 3240 3375 3285 et.

127 3291 449 3384 ἀνθρώποις
499 3291 772 3388 παρέσγεν
846 3291 1163 3391 ἱερωσύνην*
1241 3318 1335 3373 καὶ
1396 3291 1698 3388 βασιλείαν·

1810 3317 2097 3384 imperium
2133 3337 2145 3371 :
2176 3318 2305 3373 illud
2338 3319 2557 3389 quidem
2590 3320 2862 3374 adornatis
2897 3329 3168 3390 etregens
3199 3322 3369 3377 coele—

118 3402 223 3473 ,τὴν
294 3403 392 3473 μὲν
442 3406 509 3459 τὰ
556 3408 785 3478 οὐράνια
843 3410 1298 3482 κατακοσμοῦσαν
1342 3411 1436 3464 καὶ
1487 3412 1703 3465 διέπου-

129 3509 245 3560 σαν,
279 3495 374 3566 τὴν
402 3496 460 3550 δὲ
486 3494 1078 3570 οἰακίζουσανκθεσμοίς
1104 3501 1334 3565 δικαίοις
1368 3502 1434 3556 τὰ
1465 3503 1699 3571 ἐπίγεια.

126 3586 240 3640 Νῦν
316 3587 535 3658 ἀληθῶς
583 3590 643 3643 τὸ
698 3593 1015 3660 μεσότοιχον
1052 3590 1146 3644 τοῦ
1202 3592 1461 3663 φραγμοῦ
1522 3594 1701 3647 διαλέ-

126 3678 314 3745 λυται,
372 3680 466 3733 καὶ
521 3682 809 3753 συμφωνία
870 3682 1134 3755 κατάρχει
1206 3685 1541 3753 διαφωνίας,
1606 3688 1701 3739 καὶ

52 3788 55 3793 ν
128 3768 433 3824 ὑποκύπτει
469 3771 661 3828 ἑνώσει
718 3773 1001 3845 διαίρεσις,
1034 3776 1131 3829 καὶ
1179 3775 1407 3846 φροῦδος
1460 3779 1699 3851 κατέστη

125 3858 442 3924 διάστασιςο
480 3863 573 3915 καὶ
606 3866 653 3932 ἡ·
688 3866 875 3937 εἰρήνη
946 3865 1034 3920 τοῦ
1091 3867 1229 3923 Θεοῦ
1277 3870 1310 3941 ἡ
1352 3871 1699 3944 ὑπερέχουσα

133 3954 312 4007 πάντα
359 3953 506 4019 νοῦν,
534 3953 774 4025 φαιδρῶς
825 3956 1101 4027 πομπεύει
1144 3959 1224 4029 τῷ
1269 3961 1567 4032 προσώπῳ,
1604 3963 1698 4015 καὶ

128 4046 622 4119 παρρησιαστικῶς
657 4046 1021 4109 πολιτεύεται.
1083 4052 1199 4105 Νῦν
1231 4071 1250 4105 ι
1274 4053 1336 4107 0i
1376 4053 1694 4123 γενηθέντες

133 4136 286 4205 ἡμεῖς
335 4136 540 4200 ὄνειδος
582 4140 697 4201 τοῖς
756 4138 975 4207 γείτοσι,
1036 4142 1132 4194 καὶ
1167 4142 1485 4213 συνομόροις
1514 4143 1693 4213 ἡμῶν,

131 4218 509 4299 μυκτηρισμὸς
531 4230 626 4283 καὶ⁸
646 4228 953 4302 χλευασμὸς
982 4237 1095 4297 τοῖς
1124 4235 1310 4306 κύκλῳ
1333 4236 1507 4308 ἡμῶν,
1534 4255 1552 4289 r
1587 4239 1693 4290 κάκ

125 4318 311 4371 τούτου
345 4319 479 4391 πρὸς
515 4320 619 4390 γῆν
667 4323 975 4391 κεχηνότες,
1002 4324 1083 4387 είς
1123 4325 1385 4394 οὐρανοὺς
1437 4324 1692 4395 ἐκθύμως
1735 4326 1738 4330 ’

128 4406 579 4476 συνανανεύομεν.
610 4409 704 4462 καὶ
752 4407 1041 4478 ψαλμικῶς
1092 4412 1149 4465 ἐν
1196 4412 1514 4480 ἀγαλλιάσει
1560 4414 1691 4466 ἀνα-

126 4496 397 4568 κράζομεν
430 4514 443 4528 ’
488 4517 506 4553 ι
538 4499 626 4550 Ἐν
649 4499 824 4571 τούτῳ
880 4498 1072 4568 ἔγνων,
1122 4502 1199 4555 ὅτι
1258 4500 1552 4579 τεθὲληκάς
1597 4497 1685 4574 με,

1805 3411 1929 3475 stia,
1989 3410 2090 3465 hoc
2120 3425 2248 3466 vero
2276 3412 2589 3481 gubernans
2629 3412 2841 3483 legibus
2869 3412 3035 3483 justis
3068 3413 3366 3468 terrestria.

1809 3503 1966 3559 Nunc
2004 3504 2266 3559 veraciter
2291 3504 2498 3561 medius
2530 3506 2781 3560 maceriae
2809 3508 2992 3575 paries
3023 3506 3236 3563 solutus
3261 3516 3368 3571 est,

1799 3604 1853 3649 et.
1882 3593 2175 3649 concordia
2224 3594 2512 3650 discordia:
2556 3596 2917 3666 principatur,
2952 3607 3007 3651 et
3036 3598 3358 3653 incitrvatur

1800 3684 1993 3739 unitati
2024 3685 2239 3751 divisio,
2270 3696 2322 3741 et
2347 3685 2468 3756 fuga
2495 3686 2643 3757 lapsa
2692 3687 2960 3757 disparuit
2983 3688 3320 3743 dissonantia
3351 3705 3365 3740 :
3446 3750 3449 3751 ν

1797 3787 1853 3831 et
1884 3790 1991 3845 pax
2025 3776 2116 3832 Dei
2144 3791 2264 3846 quae
2292 3788 2585 3848 exsuperat
2612 3793 2829 3834 omnem
2852 3794 3095 3845 sensum,
3120 3780 3365 3850 jucunde

1799 3869 1946 3923 vultu
1985 3869 2312 3937 triumphat,
2353 3878 2408 3924 et
2443 3868 2764 3925 ﬁducialiter
2803 3880 3177 3926 conversatur.
3212 3870 3370 3926 Nune

1797 3974 1897 4016 nos
1957 3979 1975 4011 ι
2027 3961 2118 4031 qui
2170 3959 2298 4015 iacti
2349 3960 2626 4016 fueramus
2688 3962 3037 4032 opprobrium
3094 3963 3286 4018 vicinis
3315 3973 3370 4017 et

1795 4050 2045 4106 aﬂinihus
2082 4051 2304 4115 nostris,
2343 4050 2696 4106 subsa‘nnatio
2721 4059 2775 4105 et
2827 4051 3030 4106 derisio
3067 4051 3152 4108 his
3192 4052 3282 4122 qui
3308 4052 3361 4106 in

1793 4124 2029 4197 circuitu
2060 4153 2248 4198 nostro
2282 4150 2409 4195 sunt
2442 4140 2509 4209 “,
2543 4160 2562 4193 ι
2596 4156 2661 4195 ae
2684 4156 2782 4211 per
2803 4141 2905 4196 hoc
2932 4141 2998 4196 ad
3021 4151 3218 4196 terram
3250 4157 3363 4212 prae

1792 4235 2114 4290 confusione
2140 4223 2557 4305 prospicientes,
2593 4234 2660 4289 ad
2692 4235 2860 4290 cmios
2883 4234 3126 4289 unanimi
3156 4235 3360 4289 alacri-

1792 4335 1899 4381 tate
1919 4314 2269 4395 suspicimus,
2290 4335 2343 4381 et
2357 4326 2644 4399 psallentes
2671 4327 2723 4380 in
2747 4326 3110 4381 exsultatione
3139 4327 3356 4396 procla-

1790 4430 2003 4472 mamus
2036 4435 2049 4470 :
2085 4434 2103 4467 ι
2142 4416 2200 4471 in
2236 4418 2339 4471 hoc
2371 4416 2599 4486 cognovi
2642 4455 2657 4480 ,
2689 4417 2945 4484 quoniam
2989 4417 3207 4471 voluisti
3253 4420 3357 4483 nie,

1789 4511 1913 4576 quia
1951 4525 2056 4563 non
2103 4509 2356 4579 gaudebit
2398 4509 2651 4564 inimicus
2691 4525 2843 4564 meus
2889 4522 3052 4579 super
3106 4524 3191 4563 me
3217 4509 3285 4562 ⁸⁵.
3331 4529 3349 4561 ι

128 4588 201 4640 δτι
232 4588 294 4641 οὐ
327 4588 403 4660 μὴ
428 4590 664 4662 ἐπιχαρῇ
694 4592 723 4643 6
748 4592 939 4663 ἐχθρός
990 4609 1091 4663 μου
1137 4595 1223 4646 ἐπ’
1258 4593 1402 4665 ἐμοί.
1430 4613 1449 4646 r
1489 4595 1682 4665 Κάμοῦ

1798 4598 1871 4654 Me
1902 4610 2084 4655 autem
2138 4609 2358 4671 propter
2425 4600 2790 4655 innocentiam
2849 4609 2903 4655 et
2955 4599 3352 4669 simplicitatem

127 4677 179 4729 δὲ
204 4677 293 4731 διὰ
321 4678 421 4749 τὴν
448 4680 686 4733 ἀκακίαν
718 4683 813 4735 καὶ
855 4683 1134 4754 ἁπλότητα
1186 4684 1365 4756 πλάνῃ
1420 4698 1699 4757 περιτρα-’

125 4769 314 4833 πέντος
344 4770 658 4833 ἀντελάδου,
694 4771 787 4825 καὶ
818 4771 1088 4849 διασώσας
1121 4791 1187 4843 με
1232 4774 1555 4845 ἀνέστησας,
1589 4775 1684 4828 καὶ

125 4861 211 4911 ἐπὶ
234 4860 332 4931 τὴν
378 4861 581 4933 πέτραν
608 4862 709 4931 τῆς
737 4864 1100 4934 ἀποστολικῆς
1161 4864 1395 4928 πίστεως
1418 4867 1544 4928 τοὺς
1575 4884 1685 4935 χω-

124 4949 385 5016 λᾶναντάς
417 4971 516 5023 μου
548 4954 715 5017 πόδας
737 4956 1064 5027 κατέπηξας.

194 5042 380 5097 Ταῦτα
407 5045 501 5098 καὶ
532 5045 599 5099 τὰ
622 5045 835 5110 τούτοις
860 5047 1096 5117 γράφειν
1121 5048 1267 5118 ἡμᾶς
1301 5046 1514 5120 συνῳδὰ
1540 5066 1681 5118 παρ-

127 5134 428 5189 εσκεύασαν
480 5137 540 5190 αί
591 5137 948 5209 θεοχάρακτοι
975 5138 1151 5194 δέλτοι
1206 5140 1383 5209 ὑμῶν,
1415 5140 1483 5202 ἃς
1529 5157 1686 5193 κανο-

132 5225 258 5296 νικῷ
288 5229 601 5297 κινούμενοι
642 5229 812 5301 νόμῳ,
847 5230 942 5283 καὶ
970 5231 1436 5302 πατροπαραδότῳ
1466 5230 1689 5304 εὐταξία

124 5317 541 5388 ποδηγούμενοι,
572 5322 686 5384 τοῖς
732 5321 861 5385 τοὺς
915 5321 1305 5386 ἀποστολικοὺς
1360 5322 1580 5394 θρόνους
1612 5322 1699 5376 δι-⁴

132 5402 274 5461 έπειν
299 5409 523 5481 λαχοῦσι
547 5409 634 5464 διά
681 5411 965 5484 ξυνωρίδος
993 5414 1154 5482 ἀγίας
1178 5414 1272 5468 καὶ
1304 5413 1565 5476 εὐλαὸοῦς
1596 5414 1689 5467 καὶ

133 5495 446 5571 θεοδηγήτου
500 5502 858 5573 πεπόμφατε·
909 5505 1106 5569 οἵτινες
1178 5506 1523 5578 ἀφικόμενοι,
1594 5507 1688 5559 καὶ¹

133 5589 258 5643 κατά
281 5590 415 5645 Θεοῦ
436 5592 688 5665 βούλησίν
700 5612 755 5647 τε
781 5596 872 5649 καὶ
893 5596 1167 5650 ἐπίνευσιν
1183 5600 1554 5670 ύπηντηκότες
1577 5603 1688 5663 τοῖς

1791 4694 1992 4747 erroris
2020 4691 2246 4765 [errore]
2268 4692 2581 4748 titubantem
2614 4693 2923 4763 suscepisti,
2945 4701 2998 4747 et
3027 4693 3238 4748 salvum
3266 4708 3355 4747 me

1795 4786 2000 4841 faciens
2030 4787 2284 4850 ercxisri,
2316 4794 2371 4840 et
2413 4801 2577 4855 super
2629 4796 2831 4854 petram
2883 4785 3195 4853 apostolica:
3228 4785 3351 4839 lidei

1792 4872 2162 4932 claudicantes
2201 4878 2362 4948 pedes
2393 4891 2541 4931 meos
2577 4875 2821 4930 iniixisti.
3116 4864 3125 4869 ’

1861 5050 1987 5106 llaec
2022 5059 2075 5104 et
2106 5049 2189 5103 his
2228 5047 2568 5103 concinentia
2603 5048 2843 5103 scribere
2883 5063 2983 5104 nos
3017 5048 3259 5103 iecerunt
3282 5049 3364 5102 di-

1796 5144 1995 5197 vinitus
2032 5148 2253 5196 exarata
2310 5140 2876 5217 volumina.vestra,_
2923 5154 3045 5209 quae
3094 5140 3359 5194 canonica

1794 5235 1923 5289 moti
1955 5234 2071 5303 iege
2094 5273 2110 5300 ,
2139 5239 2193 5286 et
2240 5236 2485 5301 paternae
2516 5230 2821 5287 traditionis
2874 5228 3158 5299 disciplina
3182 5227 3353 5289 docti.

1795 5327 1879 5381 his
1907 5323 2462 5395 quiapostoiicarum
2521 5322 2729 5377 sodium
2783 5322 3134 5377 moderamen
3180 5322 3359 5376 sortiti

1793 5408 1943 5481 sunt,
1986 5431 2080 5487 per
2119 5415 2442 5470 reverendus
2472 5425 2524 5469 et
2561 5429 2590 5467 a
2626 5415 2730 5468 Deo
2755 5411 2995 5491 directas
3029 5414 3179 5482 bigas
3208 5413 3359 5466 misi-

1749 5534 1763 5539 ν
1793 5510 1930 5564 stis:
1971 5508 2065 5578 qui
2108 5508 2501 5578 pervenientes,
2530 5514 2584 5561 et
2640 5520 2736 5576 per
2780 5506 2874 5560 Dei
2934 5506 3266 5560 voluntatem
3292 5516 3358 5559 ac

1794 5612 1983 5656 nutum
2006 5611 2354 5657 occurrentes
2385 5600 2473 5654 Dei
2504 5599 2806 5655 cultoribus
2844 5598 3101 5653 fratribus
3129 5597 3359 5679 nostris,

192 5724 241 5802 ξ’
283 5729 551 5795 Psal.-itt.
579 5735 632 5789 9.
706 5732 758 5767 ’θ’
811 5732 940 5790 Luc.
985 5751 1021 5800 ι,
1056 5735 1141 5789 78.
1218 5739 1264 5772 ⁸ο
1312 5734 1466 5791 Ῥεοι.
1532 5751 1618 5798 cv,
1654 5735 1689 5789 2

1798 5737 1826 5769 ι¹
1866 5737 1991 5792 ibid.
2069 5737 2115 5769 "
2156 5738 2289 5792 Luc.
2353 5753 2391 5802 ι,
2434 5734 2525 5792 69.
2601 5735 2647 5767 ⁸³
2682 5737 2875 5791 Anast.
2931 5734 3081 5788 verb.
3107 5777 3120 5799 ,
3161 5754 3179 5786 ι
3212 5734 3348 5800 Quia

194 5865 331 5928 Psal.
364 5888 429 5925 ιι.
449 5914 463 5931 .
490 5871 573 5930 12.

137 5803 327 5904 armi?
350 5803 584 5904 IZe'linfgt.
632 5806 975 5875 patriarchae,
1002 5821 1125 5861 nam
1167 5808 1403 5876 primum
1437 5808 1487 5859 in
1533 5805 1768 5861 Ecclesia
1811 5808 1984 5863 locum
2030 5808 2312 5879 possident
2338 5807 2669 5863 sacerdotes.
2705 5824 2722 5857 ι
2800 5807 2846 5838 ⁸⁸
2876 5804 3017 5860 Psal.
3046 5816 3267 5871 Lxxmt,
3293 5808 3348 5863 4.
