4016 6340
95 427 224 492 ίιῖθ

1504 418 1716 481 EPIST
1722 420 1905 482 01.113.

3203 420 3334 486 ιζ’ἷί

107 542 244 598 Ἀλλ’
275 542 324 594 εἰ
349 540 444 611 μὲν
473 538 552 601 είς
573 536 667 601 τὰς
696 538 864 608 ἠμετέ
877 553 973 607 ρας
1002 538 1095 590 καὶ
1123 538 1283 607 μόνον
1302 535 1497 606 ψυχὰς,
1529 536 1659 605 ἔφη-

1768 539 1814 591 itt
1864 539 2048 593 linem.
2086 537 2189 591 Sed
2215 538 2260 591 si
2311 538 2361 591 in
2404 548 2612 591 ustus
2667 538 3044 593 tantummodo
3104 539 3338 600 animus.

94 649 189 705 μεν
239 632 378 701 πρὸς
437 630 660 693 αὒτιὺς,
696 631 1012 698 συνηντεῖτο
1074 630 1102 682 ὁ
1126 626 1392 693 κίνδυνος,
1418 622 1564 696 εἶχεν
1594 627 1658 678 ἂν

89 726 117 778 ό
143 723 301 792 λόγος
329 721 484 789 ὑμῶν
534 720 595 772 τὸ
635 719 854 790 βέϐαιον
882 736 896 751 ο
935 719 1061 772 ἐπεὶ
1092 719 1149 772 δὲ
1189 717 1333 771 κατά
1358 717 1538 770 κοινοῦ
1565 717 1660 769 τοῦ

92 814 185 885 τῆς
200 812 533 883 Ἐκκλησίας
560 812 892 884 προέρχεται
914 811 1187 881 σώματος,
1208 808 1335 862 ποία
1366 808 1519 862 ἔσται
1540 808 1663 878 ὄνη-

93 922 173 968 σις
199 924 214 972 ;
251 904 456 975 μᾶλλον
519 904 579 956 δὲ
607 906 758 957 ποῖον
783 904 884 956 οὐκ
907 903 1061 955 ἔσται
1099 900 1316 971 βλάϐος,
1368 900 1550 953 κτίσαι
1579 901 1661 952 ol-

92 982 343 1075 κοδομὴν
371 993 692 1067 ἑπίσαθρον,
722 993 817 1048 καὶ
845 992 1076 1064 στερροὖ
1108 991 1361 1062 θεμελίου
1395 990 1664 1061 χηρεύου-

93 1104 225 1151 σαν;
265 1086 360 1138 καὶ
414 1084 552 1148 πῶς,
574 1084 783 1152 ἔλεγον,
814 1083 849 1155 ἢ
892 1084 1029 1153 ποίῳ
1075 1082 1354 1155 προσώπῳ
1378 1081 1513 1153 πρὸς
1541 1081 1665 1143 τοὺς

92 1176 501 1240 ἀπεσταλκότας
550 1178 699 1248 ἡμᾶς
731 1174 1074 1245 ὲπανὴξομεν
1097 1214 1112 1236 ,
1139 1174 1530 1245 ἐπιφερόμενοι
1562 1190 1666 1243 μη-

91 1268 176 1321 δὲν
229 1267 340 1321 τῶν
393 1266 538 1321 κατά
598 1266 825 1335 γνώμην
858 1266 1043 1328 αὐτοῖς
1077 1264 1450 1334 ἐλπιζομένων
1477 1281 1492 1328 ;
1522 1263 1666 1334 Πρὸς

92 1358 257 1412 ταῦτα
274 1358 613 1429 ἡπορηκότες
625 1358 785 1428 ἡμεῖς
802 1356 1160 1425 γινώσκοντές
1184 1372 1243 1408 τε
1258 1356 1380 1417 τοὺς
1402 1354 1668 1423 θεοφιλεῖς

94 1448 348 1517 ἀδελφοὺς
374 1449 530 1518 ἡμῶν
569 1449 828 1518 Ἰωάννην
860 1449 956 1501 καὶ
984 1448 1187 1517 Θωμᾶν
1220 1446 1366 1517 ζήλῳ
1411 1446 1539 1518 θείῳ
1567 1449 1667 1517 τῆς

92 1539 372 1608 ὀρθοδόξου
421 1540 875 1610 κεκοσμημένους
927 1540 1190 1605 πίστεως,
1219 1539 1313 1591 δύο
1369 1539 1540 1607 άγίων
1572 1540 1668 1591 καὶ

96 1628 346 1698 μεγάλων
397 1613 754 1698 πατριαρχῶν
802 1628 1111 1699 δμοψύχους
1152 1626 1482 1695 συγκέλλους
1511 1643 1667 1695 γενο-

96 1719 311 1787 μένους,
344 1720 407 1772 οὐ
443 1718 552 1789 μὴν
580 1718 715 1772 ἀλλά
751 1720 844 1773 καὶ
880 1720 979 1789 τῆς
1009 1718 1294 1787 ἁγιοττοιοῦ
1327 1718 1554 1789 ἡσυχίας
1581 1718 1668 1771 δν-

94 1827 187 1871 τας
214 1811 469 1879 ἐραστάς,
493 1809 704 1881 ἔφημεν
736 1810 870 1881 πρὸς
892 1808 1117 1870 αύτούς·
1140 1809 1245 1862 Ἴδε
1276 1810 1673 1880 καιρὸςηὰδελ-

95 1900 182 1967 φοί
214 1900 523 1971 πρόσφορος
567 1901 863 1971 σωτηρίας,
898 1900 995 1954 καὶ
1040 1899 1274 1970 ἡσυχίας
1299 1899 1501 1970 μᾶλλον
1532 1900 1669 1968 ὑψη-
1705 1891 1746 1945 Β

94 1989 306 2060 λότερκς
329 2005 342 2018 ·
374 1989 676 2060 πορεύεσθε
717 1989 816 2056 σὺν
878 1990 989 2050 τοῖς
1048 1988 1276 2057 ἀνδράσι
1315 1990 1546 2051 τούτοις,
1575 1989 1671 2041 καὶ

92 2077 190 2147 τὴν
207 2078 349 2147 ὑπὲρ
380 2075 563 2130 αὐτῶν
590 2075 899 2143 ἀπολογίαν
945 2076 1299 2141 ἀναδέξασθε.
1340 2076 1451 2130 Καὶ
1482 2077 1672 2147 διηγή-

95 2168 255 2218 σασθε
285 2166 435 2239 ζώσῃ
464 2168 637 2236 φωνῇ,
672 2164 707 2219 ἆ
732 2164 820 2218 διὰ
846 2166 1196 2237 γραμμάτων
1243 2168 1511 2239 γνωρίσαι
1558 2168 1672 2229 τοῖς

93 2255 379 2322 δεσπόταις
408 2255 566 2327 ἡμῶν
601 2256 873 2327 παρέλκον
910 2256 1216 2328 ἡγούμεθα.
1454 2316 1461 2325 λ

160 2348 387 2413 οἴδατε,
429 2349 574 2408 ὅπως
624 2347 714 2399 διὰ
744 2347 1089 2418 βραχυτάτης
1137 2351 1476 2423 κατηγορίας
1501 2350 1673 2420 ἐξόρι-

95 2450 217 2498 στος
250 2436 474 2502 γέγονεν
507 2434 616 2485 ἀπὸ
658 2433 936 2503 δισχιλίων
992 2437 1236 2506 σημείων
1281 2440 1308 2489 ὁ
1336 2438 1429 2490 τὸν
1484 2438 1672 2508 θρόνον

62 2516 273 2595 ’λαχὼν
319 2525 528 2577 διέπειν
572 2524 666 2579 τοῦ
711 2525 1038 2595 ἀδελφοθέου
1075 2526 1356 2581 Ἰακώϐου.
1403 2528 1672 2598 Ὀπηνίκα

93 2617 149 2671 δὲ
168 2619 230 2670 τὸ
257 2617 351 2669 τοῦ
381 2616 516 2671 Θεοῦ
558 2615 718 2689 ἔργον
743 2618 849 2688 πλη
860 2617 1094 2688 ρώσητε,
1131 2620 1224 2672 καὶ
1243 2619 1341 2690 τὴν
1363 2620 1671 2690 κρατοῦσαν

94 2709 459 2781 ἀποστολικὴν
490 2696 792 2778 παράδοσιν
823 2711 881 2764 ὲν
912 2710 1396 2781 ταῖςἘκκλησίαις
1420 2710 1513 2765 τοῦ
1533 2704 1677 2765 Θεοῦ

94 2804 210 2865 ταῖς
242 2803 363 2856 κατ’
394 2803 669 2870 Αἴγυπτον
699 2803 793 2855 καὶ
817 2802 1017 2871 Συρίαν
1047 2805 1156 2866 τοῖς
1193 2803 1485 2867 δεσπόταις
1514 2805 1671 2875 ἡμῶν

94 2894 423 2963 γνωρίσητε,
478 2893 781 2964 τηνικαῦτα
816 2893 876 2947 τὸ
935 2894 1274 2963 ποθούμενον
1311 2896 1440 2965 ὑμῖν
1488 2898 1669 2950 ἀσπά-

97 2986 288 3038 σασθε.
325 2984 435 3038 Καὶ
489 2985 605 3047 πῶς
653 2986 836 3054 ἡμεῖς,
890 2986 1253 3053 ἀπεκρίναντο
1278 3023 1293 3048 ,
1329 2986 1539 3040 ἰδιῶται
1577 2988 1670 3039 καὶ

95 3079 334 3147 ἀγνῶτες
363 3078 535 3141 ὄντες,
562 3077 658 3129 καὶ
715 3076 851 3141 πρὸ;
881 3077 979 3146 τὴν
1008 3077 1271 3131 ὑπόθεσιν
1300 3078 1546 3140 ἀσθενῶς
1575 3079 1669 3131 καὶ

97 3169 327 3239 ἀμαθῶς
385 3169 636 3239 ἔχοντες,
696 3168 1181 3238 κατατολμὴσομεν
1236 3171 1518 3237 χρήματος
1569 3169 1667 3237 τὴν

96 3233 368 3330 ἡμετέραν
385 3233 811 3330 ὑπερϐάλλοντος
833 3233 1063 3328 δύναμιν
1082 3233 1102 3321 ῆς
1140 3233 1410 3311 Ἀλλῖό-δί
1433 3233 1663 3310 εὐτελῶν
1696 3233 1739 3290 C

98 3354 189 3404 καὶ
225 3352 470 3415 ἰδιωτῶν,
497 3352 697 3419 ἀντέφη
708 3367 826 3419 μεν,
853 3352 1181 3421 ἐνεργήσας,
1204 3352 1313 3423 τῶν
1337 3351 1508 3419 ἁγίων
1534 3352 1669 3401 ἀπο-

99 3443 324 3506 στόλων,
348 3442 513 3511 φημὶ,
542 3443 635 3494 καί
667 3441 734 3492 δι’
762 3440 939 3498 αὐτῶν
966 3441 1256 3509 ζωγρήσας
1290 3442 1388 3511 τὴν
1416 3441 1669 3510 οἰκουμέ-

98 3546 193 3599 νην
227 3532 409 3582 πᾶσαν
438 3528 573 3599 πρὸς
606 3527 850 3597 ὑπακοὴν
882 3527 979 3579 τοῦ
1010 3526 1169 3595 λόγου
1197 3529 1295 3596 τῆς
1328 3529 1494 3582 αὐτοῦ
1521 3532 1669 3581 οἰκο-

98 3620 310 3689 νομίας,
354 3618 585 3689 Χριστὸς
614 3620 642 3671 ό
668 3618 799 3682 Θεὸς
860 3619 1017 3688 ἡμῶν
1064 3620 1288 3682 δυνατός
1331 3610 1447 3672 ἐστί
1486 3618 1670 3671 δοῦναι

97 3712 225 3782 ύμῖν
257 3712 414 3780 λόγον
436 3713 505 3764 ἐν
536 3709 741 3774 ἀνοίξει
764 3708 859 3762 τοῦ
892 3710 1163 3779 στόματος
1197 3708 1353 3779 ὑμῶν
1377 3749 1392 3770 ,
1426 3711 1562 3780 πρὸς
1609 3711 1671 3762 τὸ

98 3798 490 3874 ἀναπληρῶσαι
538 3802 630 3856 τὸν
691 3802 891 3855 σκοπὸν
951 3802 1045 3855 καὶ
1098 3803 1354 3873 φρόνημα
1397 3805 1505 3862 τῶν
1535 3808 1669 3876 μήτε

74 3896 401 3966 γράμματα
432 3892 750 3963 δυναμένων
775 3891 1066 3959 δέξασθαι,
1093 3893 1220 3964 μηδ’
1247 3894 1316 3947 αὖ
1349 3895 1670 3965 τολμώντων

98 3987 302 4059 γράψαι
329 3984 364 4057 ἦ
396 3984 593 4058 γρύξαι
622 4000 674 4043 τι
703 3984 832 4053 περὶ
875 3983 986 4035 τῶν
1032 3984 1311 4038 τοιούτων.
1353 3988 1414 4039 Οἱ
1460 3986 1517 4040 δὲ
1554 3987 1672 4039 θεο⁶

99 4078 269 4147 φιλεῖς
291 4077 464 4141 ὄντες,
497 4075 589 4129 καὶ
640 4075 887 4144 ὑπακοῆς
925 4074 1031 4126 υίοὶ
1056 4075 1377 4143 πεφηνότες,
1413 4075 1671 4147 ἐπείσθη-

104 4184 194 4222 σαν
220 4167 298 4235 τῷ
331 4166 476 4235 λόγῳ
505 4166 683 4236 ἡμῶν,
714 4166 808 4217 καὶ
834 4160 983 4232 εἶξαν
1024 4167 1091 4233 τῇ
1142 4165 1508 4236 παρακλήσει.
1562 4164 1670 4228 Οὓς

102 4261 220 4329 μετ’
244 4257 498 4319 ὲκτενοῦς
527 4256 1022 4328 προσπεπομφότες
1051 4256 1216 4327 εύχῆς
1237 4298 1253 4321 ,
1283 4257 1377 4311 καὶ
1405 4261 1576 4328 χαρὰν
1610 4257 1669 4309 οὐ

97 4351 196 4420 τὴν
220 4348 489 4420 τυχοῦσαν
522 4351 633 4412 τοῖς
659 4347 1010 4401 ἀποσταλεῖσι
1044 4349 1506 4445 ,πρρεξενηκότεθ
1528 4349 1670 4402 οὓτω

95 4440 502 4523 διεσπάσθημεν
557 4438 938 4508 ἀπ’,άλλήλων
987 4438 1375 4508 μετὰ’πο).λῆς
1417 4438 1669 4511 δακρύων

1764 629 2003 683 diximus
2028 630 2092 682 ad
2120 646 2234 692 eos.
2272 630 2654 685 coltaurirctur
2686 630 2731 662 ⁸⁸
2762 630 3088 700 periculum,
3115 631 3340 685 habmet

1764 721 1904 776 forte
1922 737 2100 776 sermo
2125 731 2303 776 vester
2330 723 2566 791 aliquam
2605 723 2935 777 ﬁrmitatem.
2969 724 3033 775 At
3064 739 3191 777 vero
3214 721 3341 792 quia

1765 823 1956 869 contra
1989 828 2283 867 co:ntnune
2312 814 2508 883 corpus
2544 814 2789 882 procedit
2826 812 3110 872 Eceles'aa.
3152 811 3337 882 qualis

1764 900 1868 955 erit
1891 903 2209 971 prolectus?
2244 904 2354 957 im'o
2380 903 2558 972 quatis
2591 918 2696 956 non
2721 885 3017 965 erit'lmsio,
3046 901 3339 955 aedilicium

1765 987 2081 1048 construere
2118 1009 2285 1063 super
2321 995 2689 1063 pntredincm,
2722 1004 2776 1047 et
2809 992 2963 1047 ﬁrmo
2992 993 3343 1045 fundamento
3419 1006 3423 1011 '
3494 976 3503 979 ’

1718 1132 1731 1145 ,
1767 1082 2039 1153 privatum
2062 1082 2085 1135 ’ί
2106 1091 2160 1136 et
2189 1083 2487 1153 quomodo,
2519 1083 2812 1153 inquiunt,
2842 1084 2925 1136 vel
2965 1098 3071 1152 qua
3112 1082 3248 1136 facie
3275 1081 3341 1135 ad

1766 1188 1860 1229 cos
1883 1174 1975 1243 qui
2014 1188 2115 1228 nos
2145 1175 2432 1236 miserunt,
2467 1175 2785 1236 redibimus,
2824 1175 2958 1227 nihil
3002 1189 3191 1228 eorum
3224 1188 3343 1241 qtne

1769 1266 2067 1320 secundum
2095 1276 2281 1320 votum
2306 1281 2461 1319 suum
2487 1266 2797 1333 sperabant,
2820 1265 3043 1317 omnino
3075 1263 3344 1319 ferentes?
3376 1297 3380 1301 ‹

1767 1353 1847 1407 Ad
1877 1354 1990 1407 haec
2026 1354 2338 1409 deﬁcientes
2378 1369 2497 1417 nos,
2537 1355 2881 1420 scientesque
2930 1351 3037 1405 Deo
3079 1351 3345 1405 amabiles

1770 1444 1967 1501 fratres
2002 1453 2242 1512 nostros,
2272 1445 2537 1499 Joannem
2564 1445 2769 1499 scilicet
2806 1454 2860 1498 et
2891 1444 3181 1507 Thomam,
3226 1442 3347 1495 zelo
3376 1430 3381 1436 ’

1769 1535 1957 1590 divino
1989 1538 2309 1592 ortltodoxm
2363 1537 2483 1590 tidei
2530 1534 2863 1597 adornatos,
2902 1542 3063 1603 atque
3110 1534 3345 1586 duorum
3442 1578 3451 1585 κ

1771 1639 2087 1683 sanctorum
2119 1636 2171 1681 et
2223 1641 2545 1698 magnorum
2588 1626 3022 1695 patriarcharum
3051 1623 3344 1694 syncellos.

1771 1721 1901 1791 quin
1939 1730 1992 1774 et
2017 1719 2435 1774 sanetitieandos
2465 1716 2785 1790 [sattctil‘tci]
2817 1715 3019 1770 silentii
3044 1722 3374 1793 amatores,

1772 1812 2013 1867 diximus
2052 1811 2118 1864 ad
2149 1825 2282 1864 cos:
2324 1810 2462 1863 Ecce
2525 1819 2761 1877 tempus,
2810 1806 3031 1868 fratres,
3060 1814 3346 1874 acreptmn

1771 1903 1989 1968 salutis,
2024 1912 2077 1955 ct
2110 1901 2327 1956 silentio
2354 1900 2732 1955 excellentius.
2766 1897 2841 1954 Ite
2864 1915 2988 1954 eum
3027 1899 3154 1953 viris
3207 1899 3347 1964 istis,

1771 2002 1822 2047 et
1844 2007 1941 2061 pro
1962 1992 2357 2061 eisapologiam
2383 1992 2646 2046 assumite
2670 2000 3027 2058 ;etenarrate
3052 1991 3171 2044 viva
3195 2005 3346 2055 νοτε,

1771 2099 1893 2154 quae
1921 2098 2015 2152 per
2038 2084 2245 2135 litteras
2264 2082 2518 2135 intimare
2541 2082 2780 2136 dominis
2800 2082 3005 2135 nostris
3025 2095 3188 2150 supra
3210 2072 3351 2136 vires

1755 2189 1897 2247 .esse
1925 2174 2270 2244 conjicimus.

1845 2346 2031 2402 Nostis
2060 2348 2204 2402 enim
2236 2347 2471 2418 qualiter
2510 2362 2604 2417 per
2637 2347 2890 2417 pusillam
2934 2346 3343 2403 accusationem

1773 2441 1925 2492 exsul
1959 2438 2136 2492 factus
2163 2439 2234 2492 sit
2266 2455 2295 2492 a
2327 2440 2409 2494 bis
2440 2441 2681 2494 millibus
2721 2440 3000 2509 signorum
3034 2440 3121 2494 ille
3161 2442 3250 2511 qui
3282 2441 3349 2495 ad

1774 2527 2064 2593 regendum
2099 2527 2355 2580 thronum
2405 2526 2595 2583 fratris
2640 2528 2852 2582 Domini
2889 2530 3122 2583 sortitus
3152 2539 3234 2583 est
3258 2529 3351 2583 Ja-

1772 2617 1912 2670 cobi.
1944 2618 2081 2670 (Iunt
2128 2626 2307 2671 autem
2344 2631 2484 2687 opus
2511 2617 2603 2672 Dei
2654 2618 3102 2688 aditnpleveritis,
3141 2629 3350 2690 etape-

1771 2707 2019 2761 stoliram
2058 2707 2408 2781 traditionem
2448 2723 2570 2778 quae
2604 2718 2822 2765 tenetur
2853 2710 2909 2763 in
2957 2707 3219 2765 Ecclesiis
3254 2725 3350 2780 per

1770 2796 2066 2867 Aigyptum
2097 2808 2149 2851 et
2176 2799 2412 2867 Syriam,
2441 2800 2680 2855 dominis
2724 2802 2930 2856 nostris
2972 2802 3240 2871 cognitam
3273 2800 3352 2855 fe-

1770 2889 1977 2949 ceritis,
2015 2897 2143 2941 tunc
2186 2889 2332 2956 qttod
2387 2904 2417 2941 a
2452 2890 2605 2945 vobis
2650 2890 2990 2945 desideratur
3015 2933 3031 2957 ,
3065 2894 3350 2962 amplecti-

1771 2978 1925 3032 mini.
1960 2978 2023 3032 Et
2045 2980 2318 3047 quomodo
2370 2994 2489 3042 nos,
2530 2982 2929 3050 responderunt
2955 3023 2969 3048 ,
3008 2983 3189 3037 idiota:
3223 3000 3349 3038 eum

1772 3072 1946 3124 simus
1973 3080 2027 3142 et
2060 3071 2370 3139 inexpertes
2392 3069 2525 3147 _[Cr.
2562 3072 2777 3144 ignoti],
2804 3062 2859 3127 et
2889 3075 2953 3126 ad
2986 3084 3190 3127 tantam
3223 3090 3351 3128 can-

1772 3177 1889 3216 sam
1918 3162 2118 3214 inﬁrmi
2148 3171 2201 3215 et
2233 3162 2460 3226 indocti,
2524 3170 2922 3231 pl'testtlllcmlls
2980 3165 3221 3235 arripere
3255 3183 3351 3219 ne-

1770 3254 1975 3323 gotium
1992 3252 2133 3321 quod
2158 3254 2412 3308 vir:utem
2437 3264 2682 3309 nostram
2706 3266 2996 3326 exsuperat
3021 3257 3043 3332 ζ)
3063 3259 3169 3312 Sed
3194 3261 3352 3312 Chri-

1771 3356 1887 3399 stus
1932 3343 2077 3399 Dens
2127 3355 2335 3411 noster,
2365 3348 2457 3415 qui
2508 3362 2604 3415 per
2650 3347 2953 3404 vilissimus
2984 3360 3036 3404 et
3069 3350 3284 3416 idiotas,
3319 3366 3353 3406 e

1769 3437 1999 3507 vestigio
2029 3437 2287 3501 diximus,
2320 3446 2637 3508 cooperatus
2671 3449 2773 3504 est,
2811 3452 3055 3505 sanctos,
3088 3442 3340 3511 inquam,

1770 3529 2043 3596 apostolos
2069 3569 2082 3591 ,
2122 3537 2175 3581 et
2227 3543 2322 3597 per
2352 3542 2448 3581 eos
2482 3532 2667 3582 orbem
2716 3538 2985 3583 terrarum
3029 3537 3263 3601 captavit
3301 3535 3349 3566 ⁸⁸

1769 3620 1835 3674 ad
1870 3619 2235 3673 obedientiam
2293 3619 2441 3674 verbi
2494 3619 2923 3689 dispensationis
2968 3637 3119 3689 suze,
3160 3631 3353 3691 potens

1769 3716 1854 3764 est
1880 3709 2011 3762 dare
2045 3711 2200 3763 vobis
2258 3724 2567 3765 sermonem
2600 3712 2652 3766 in
2685 3714 2966 3782 aper-tione
3008 3710 3119 3769 oris
3162 3716 3351 3784 vestri,

1770 3799 1836 3852 ad
1885 3799 2245 3867 supplendum
2300 3801 2653 3855 intentionem
2696 3811 2749 3856 et
2788 3819 3007 3858 sensum
3039 3821 3225 3860 eorum
3255 3811 3349 3876 qui

1771 3904 1948 3958 neque
1972 3890 2179 3944 litteras
2212 3890 2509 3960 quiverunt
2533 3893 2831 3963 suscipere,
2870 3911 3044 3965 neque
3081 3899 3200 3951 ausi
3222 3908 3350 3953 sunt

1771 3983 2033 4049 scribere,
2069 3982 2148 4037 vel
2193 3999 2357 4052 super
2392 3985 2596 4041 talibus
2644 3988 2890 4055 quolibet
2935 3991 3093 4045 modo
3124 3993 3345 4049 mutite.

1770 4070 1871 4137 Qui
1908 4089 2030 4128 cum
2072 4075 2164 4128 Dei
2214 4084 2399 4139 essent
2444 4088 2745 4141 amatores,
2776 4082 3100 4136 obedientiae
3126 4082 3220 4137 lilii
3248 4099 3347 4153 ap-

1769 4171 2045 4232 parentes,
2078 4163 2401 4218 obedierunt
2429 4166 2594 4222 verbo
2624 4177 2810 4223 nostro
2832 4209 2848 4235 ,
2880 4180 2933 4224 et
2952 4173 3346 4241 acquieverunt

1770 4254 2066 4310 hurtationi
2090 4273 2102 4307 :
2124 4269 2265 4325 quos
2284 4270 2408 4309 cum
2436 4259 2643 4325 prolixa
2666 4261 3047 4328 promittentes
3077 4265 3343 4331 oratione,

1769 4352 1822 4396 et
1852 4345 2108 4412 gaudium
2170 4361 2274 4397 non
2327 4346 2704 4415 qualecunque
2744 4348 2830 4402 his
2862 4349 2957 4418 qui
2997 4351 3151 4405 missi
3194 4363 3343 4417 sunt,

1770 4434 2144 4499 conciliantes,
2191 4437 2369 4490 taliter
2404 4437 2604 4491 divulsi
2652 4454 2843 4493 sumus
2885 4441 3186 4496 abiuvicetn
3217 4460 3343 4499 enm

98 4516 330 4601 χύσεως.
375 4530 541 4595 Ἀλλ’,
572 4523 617 4583 ὦ
645 4530 943 4598 ἁγιώτατοι
977 4530 1076 4583 καὶ
1116 4530 1522 4600 μακαριώτατοι
1544 4572 1558 4595 ,
1592 4532 1667 4596 ὡς

1773 4526 1940 4580 multa
1975 4516 2346 4598 laterytnarum‘
2376 4527 2663 4584 eﬂ'usione.
2697 4531 2917 4598 Verum,
2954 4537 3340 4591 osanetissitni

99 4623 309 4692 πρέπον
345 4624 460 4675 ἐστί
484 4625 551 4692 τῇ
577 4624 820 4692 πατρικῇ
855 4621 1145 4690 δεσποτεία
1193 4622 1346 4692 ὑμῶν
1371 4662 1384 4687 ,
1410 4623 1666 4691 ἀσμένως

97 4719 216 4778 τοὺς
246 4714 511 4782 ἀδελφοὺς
545 4714 703 4785 ἡμῶν
729 4712 1081 4778 ὑποδέξασθε,
1116 4714 1345 4774 καὶτοῖς
1378 4715 1667 4779 δεσπόταις

96 4807 190 4876 τῆς
220 4805 552 4878 οἰκουμένης
581 4807 715 4875 ἄτερ
762 4804 1028 4873 συστολῆς
1053 4805 1150 4858 καλ⁵
1188 4805 1532 4876 ἀνθρωπίνου
1570 4808 1668 4873 φό-

99 4896 190 4952 ϐου
224 4890 638 4966 παραστήσατε.
669 4894 861 4959 Ἕξετε
890 4894 997 4964 γὰρ
1050 4895 1246 4959 αὐτοὺς
1271 4897 1667 4967 ἐπισταμένους

98 4986 342 5058 ἀκριϐῶς
384 4986 493 5038 τῶν
535 4985 705 5057 τριῶν
740 4984 1113 5040 ἀποστολικῶν
1154 4986 1361 5054 θρόνων
1413 4987 1510 5056 τὴν
1534 4988 1666 5058 δμο-

98 5079 360 5148 νοητικὴν
385 5094 444 5130 τε
478 5076 573 5130 καὶ
605 5076 896 5148 σύμφωνον
929 5077 1240 5148 ὀρθιδοξίαν
1269 5093 1282 5108 ·
1314 5078 1509 5140 οἵτινες
1546 5082 1666 5151 ,τὰς

101 5168 259 5236 ἁγίας
291 5170 390 5222 καὶ
414 5170 820 5237 -οίκουμενικάς
869 5169 927 5236 ἐξ
956 5170 1207 5233 συνόδους
1230 5169 1529 5241 ὁμοφώνως
1563 5188 1665 5240 κη-

105 5257 406 5326 ρύττουσιν,
436 5257 631 5329 ἑτέραν
687 5259 825 5328 πρὸς
877 5260 1123 5326 ταύταις,
1181 5263 1251 5334 ἡν
1287 5263 1381 5315 καὶ
1432 5261 1665 5331 ἑϐδόμην

101 5347 241 5409 τινὲς
266 5347 611 5417 θρυλλοῦσιν,
632 5348 695 5401 οὐ
726 5350 1099 5419 προσιέμενοι,
1120 5350 1253 5405 ἀλλὰ
1273 5353 1504 5421 πάμπαν
1529 5353 1665 5404 ἁπο-

103 5436 443 5507 διλλόμενοι,
479 5438 555 5500 ὡς
584 5440 675 5492 ἐπὶ
709 5438 1027 5509 καθαιρέσει
1070 5440 1178 5493 τῶν
1207 5442 1584 5499 ἀποστολικῶν
1604 5460 1664 5494 τε

104 5532 195 5585 καὶ
212 5529 609 5585 διδασκαλικῶν
643 5532 994 5602 παραδόσεων
1038 5532 1539 5602 συναθροισθεῖσαν,
1572 5530 1666 5587 καὶ

103 5616 207 5672 τῶν
244 5617 407 5685 θείων
438 5617 531 5670 καὶ
571 5617 785 5671 σεπτῶν
827 5618 1052 5674 εἰκόνων
1102 5620 1377 5689 ἀναιρέσει
1450 5622 1543 5673 καὶ
1580 5621 1665 5685 ἐξ-

171 5753 217 5786 ⁸⁸
250 5753 341 5809 Sic
360 5753 522 5808 etiam
577 5752 630 5805 in
660 5751 868 5821 Graeco,
897 5754 990 5810 sed
1024 5753 1166 5811 forte
1220 5755 1413 5815 melius
1439 5795 1452 5821 ,
1488 5759 1805 5813 cooriretur.
1846 5757 2017 5812 "ARD.

111 5823 320 5891 melius,
355 5823 655 5895 cuptirarit.
691 5820 861 5877 Hann.

1771 4630 1826 4670 et
1856 4618 2175 4683 beatissimi,
2213 4628 2264 4672 ut
2292 4620 2748 4691 decetpaternam
2782 4622 3209 4681 dominationem
3248 4644 3343 4683 ve-

1770 4715 1962 4770 stram,
1993 4707 2225 4776 benigne
2243 4708 2440 4764 fratres
2476 4720 2691 4765 nostros
2719 4716 3001 4781 suscipite,
3030 4728 3083 4770 et
3108 4716 3348 4776 dominis

1770 4796 1918 4851 orbis
1947 4798 2152 4867 absque
2169 4799 2538 4855 subtractione
2569 4802 2649 4856 vel
2676 4804 2869 4857 timore
2910 4805 3189 4861 hominum
3206 4824 3344 4877 prte-

1770 4897 2015 4944 scutale:
2045 4889 2314 4945 habebitis
2342 4893 2486 4946 ειιίιη
2538 4908 2633 4947 eos
2677 4895 2914 4951 scientes
2942 4897 3154 4968 liquido.
3176 4903 3342 4956 trium

1771 4982 2434 5051 apostolicarumsediutn
2488 4985 2869 5041 concinentem
2912 4997 2965 5042 et
3004 4991 3341 5044 concerdan-

1770 5080 1875 5127 teut
1908 5072 2287 5125 orthodoxiam
2315 5092 2329 5125 :
2360 5075 2453 5142 qui
2511 5085 2734 5129 sanctas
2765 5086 2821 5130 et
2869 5080 3203 5134 universales
3245 5097 3341 5138 sex

1768 5163 2006 5232 synodos
2061 5178 2193 5237 voce
2262 5179 2500 5218 consona
2545 5166 2861 5234 praedicant,
2907 5171 3065 5225 aliam
3121 5173 3187 5226 ad
3220 5175 3339 5241 has,

1768 5269 1931 5324 quam
1964 5263 2016 5308 et
2042 5254 2325 5323 septimam
2355 5257 2574 5325 quidam
2607 5261 2949 5315 susurrando
2982 5277 3336 5333 nuncupant,

1768 5346 2075 5399 nullatenus
2138 5344 2524 5409 admittentes,
2564 5347 2674 5401 imo
2732 5352 2908 5405 modis
2949 5354 3203 5410 omnibus
3248 5373 3337 5410 re-

1772 5447 2049 5505 spuentcs,
2078 5436 2335 5491 nimirum
2390 5445 2449 5490 ut
2492 5438 2693 5493 dudum
2745 5439 2797 5493 in
2830 5445 3247 5511 apostolicarum
3283 5457 3340 5502 et

1774 5527 2219 5596 tnagisterialium
2271 5530 2639 5605 traditionuui
2690 5532 3111 5602 depositionem,
3172 5548 3338 5609 atque

1774 5633 2052 5673 sacrarum
2086 5633 2150 5673 ac
2191 5622 2581 5677 venerabilium
2633 5623 2924 5694 imaginum
2971 5627 3335 5699 intcrenrptio-

2130 5758 2174 5790 3’
2209 5758 2299 5815 Sic
2328 5760 2489 5816 etiam
2523 5762 2575 5815 in
2604 5761 2810 5833 Graeco,
2852 5765 2945 5820 sed
2977 5776 3152 5822 tamen
3196 5768 3333 5825 forte
