4016 6340
1122 302 1205 321 ρ...-

709 396 865 466 ms‘
1776 409 1836 466 s.
1868 406 2168 467 TARASII
2206 389 2703 466 PATltIAllCIl/E
2742 407 2846 466 cp.
3747 408 3840 473 itu

704 524 825 564 nem
855 515 907 562 et
934 507 1604 575 abolitionem,collectam.
1633 510 1744 567 Vos
1770 522 1974 579 autem,
2007 513 2236 568 sanctis-

2341 513 2584 582 αλείψει·
2614 512 2767 582 ὑμεῖς
2799 514 2874 577 δὲ,
2911 513 3237 581 ἁγιώτατοι,
3290 519 3710 588 πεπυρσευρένοι
3747 524 3838 594 θέε)

703 600 828 653 simi
886 599 1065 653 divino
1115 600 1366 656 illustrati
1424 602 1539 656 zelo
1565 644 1580 668 ,
1611 614 2003 659 eonsentaneos
2035 618 2236 673 quoqm

2353 602 2498 672 ζήλῳ
2535 602 2904 673 ὑπάρχοντες,
2932 602 3248 675 σύμφρονάς
3290 623 3351 659 τε
3382 608 3507 671 τοὺς
3528 609 3698 681 δικαία
3717 612 3838 684 ψήφῳ

702 689 958 741 habentes
985 690 1241 746 divinitus
1265 694 1664 747 conservandos
1688 693 1956 759 dominos,
1981 694 2072 762 qui
2103 693 2236 761 justt

2352 693 2486 744 Θεοῦ
2517 692 2821 761 βασιλεύειν
2868 693 3020 763 ὑμῶν
3062 695 3458 765 προκριθέντας
3503 697 3839 768 θεοσυλάκτους

699 775 917 831 decreto
948 776 1041 832 Dei
1068 779 1119 831 in
1144 780 1298 833 vobis
1329 781 1596 859 imperare
1625 782 1962 852 przeordinati
2008 790 2153 848 sunt,
2175 784 2236 836 si-

2350 782 2614 846 δεσπότας
2646 782 2879 852 ἔχοντες,
2909 785 3025 855 ἅμα
3048 783 3105 836 δὲ
3128 787 3223 838 καὶ
3238 786 3339 855 τὴν
3367 785 3627 858 θεοσκεπῆ
3654 790 3735 843 καὶ
3756 791 3839 845 θεο-

700 866 1003 943 mul_etiam
1055 876 1109 922 et
1150 884 1177 919 a
1210 870 1325 922 Deo
1365 856 1750 939 protegendum
1797 881 1851 925 et
1897 871 2247 926 muniendum

698 956 945 1011 s'cnntum
977 959 1263 1026 praevalete
1300 969 1354 1012 et
1387 960 1612 1014 viriliter
1639 962 1810 1030 agite,
1837 971 1887 1015 et
1916 960 2249 1017 coniortetur

700 1062 793 1100 cor
866 1034 1114 1102 vestrum
1154 1049 1241 1113 9°,
1297 1064 1509 1104 omnem
1565 1052 1978 1107 inobedientiam
2038 1063 2250 1122 aposto-

699 1136 803 1190 lice
853 1137 1210 1200 ulciscentes.
1248 1148 1304 1195 et
1358 1141 1425 1195 ad
1481 1139 1677 1198 Christi
1736 1142 2091 1199 obedientiam
2152 1157 2246 1196 eo-

697 1234 962 1295 aptantes.

654 1387 665 1393 -
765 1316 902 1372 Illud
948 1327 1130 1373 autem
1179 1328 1433 1389 tanquam
1481 1325 1847 1377 necessarium
1878 1338 2039 1391 penes
2064 1323 2245 1392 ponti-

695 1409 904 1465 Iicalem
946 1410 1152 1477 apicem
1180 1420 1417 1465 vestrum
1462 1415 1913 1469 commonendum
1958 1414 2241 1480 ducimus;

697 1507 758 1552 ut
782 1498 828 1552 si
859 1498 1193 1567 beneplaeito
1224 1510 1540 1557 cunctorum
1578 1503 1716 1573 regis
1738 1545 1752 1569 ,
1778 1502 1976 1557 Christi
2003 1490 2244 1557 videlicet

701 1578 789 1642 Dei
821 1589 1013 1650 nostri.
1036 1596 1294 1645 eteorum
1312 1591 1402 1659 qui
1426 1606 1546 1645 cum
1571 1606 1636 1645 eo
1654 1606 1877 1659 regnare
1906 1602 2239 1658 meruerunt,

660 1710 679 1733 ι·
696 1678 790 1733 Dei
824 1679 1028 1734 scilicet
1051 1680 1348 1734 amicorum
1369 1691 1419 1735 et
1441 1681 1887 1748 triumphatorum
1905 1682 2240 1736 dominorum

694 1780 1025 1834 nostrorum,
1072 1770 1353 1824 volueritis
1398 1772 1670 1826 celebrare
1701 1772 1962 1841 synodum
1990 1790 2003 1826 :
2031 1789 2097 1825 ne
2127 1786 2242 1825 mo-

694 1860 828 1913 lesta
890 1859 1042 1913 vobis
1093 1869 1348 1927 appareat
1395 1861 1552 1914 trium
1587 1860 2232 1930 apostolicarumsedium

695 1947 1444 2021 almoruanatriarcharum,
1500 1958 1553 2003 et
1605 1949 2067 2004 sanctissimorum
2120 1952 2236 2019 epi-

692 2050 1003 2104 scoporum,
1033 2037 1127 2105 qui
1156 2038 1259 2091 sub
1290 2037 1421 2106 ipsis
1450 2037 1687 2108 degunt,
1720 2038 1960 2091 absentia
1983 2077 1997 2101 ,
2036 2054 2139 2091 non
2170 2052 2234 2091 ex

612 2120 616 2123 Α
693 2131 909 2199 pmprio
931 2145 1121 2184 eorum
1165 2131 1417 2185 accidens
1466 2131 1774 2199 proposito,
1807 2131 1897 2184 sed
1939 2147 2006 2184 ex
2050 2141 2235 2184 tenen-

696 2218 830 2271 tium
867 2232 961 2271 scu
1011 2217 1405 2271 dominantium
1460 2218 1567 2272 illis
1622 2218 1950 2272 terribilibus
1992 2220 2151 2271 minis
2186 2228 2238 2273 et

694 2309 986 2387 mortiferis
1017 2309 1214 2378 panis.
1243 2308 1355 2363 lloc
1387 2318 1565 2364 autem
1590 2309 1842 2363 subtilius
1881 2318 1964 2363 est
1989 2311 2236 2365 conside-

694 2398 923 2452 randum
955 2398 1116 2452 etiam
1151 2398 1222 2452 ab
1279 2399 1396 2468 ipsa
1443 2414 1596 2454 sacra
1657 2408 1712 2453 et
1766 2400 2052 2455 universali
2086 2411 2234 2455 sexta

692 2487 919 2558 synodo,
952 2486 1006 2540 in
1038 2502 1144 2557 qua
1165 2481 1344 2541 nullu's
1377 2503 1561 2542 eorum
1604 2489 1697 2557 qui
1736 2503 1829 2557 per
1860 2491 1998 2543 idem
2031 2499 2236 2560 tempus

692 2576 748 2628 in
792 2575 875 2630 his
905 2575 1148 2644 partibus
1189 2575 1423 2644 episcopi
1463 2585 1635 2639 erant,
1662 2578 1972 2631 convenisse
1994 2590 2234 2646 repertus

692 2669 775 2717 est
805 2671 1019 2732 propter
1064 2664 1421 2719 obscenorum
1451 2662 1823 2716 obtinentiam.
1867 2663 1972 2727 Sed
2028 2666 2232 2718 nullum

691 2765 758 2804 ex
789 2751 892 2804 hoc
916 2760 1116 2804 sanctae
1142 2750 1367 2805 adhaesit
1390 2750 1596 2820 synodo
1620 2743 1995 2820 praeiudicium
2020 2771 2032 2806 :
2065 2769 2235 2821 neque

692 2842 836 2898 vires
858 2842 1044 2896 habuit
1065 2842 1356 2911 prohibitio
1380 2842 1561 2911 aliqua
1583 2845 1851 2897 statuendi
1877 2853 1931 2898 et
1955 2844 2234 2898 manifesta

695 2929 930 2984 faciendi
959 2940 1104 2984 recta
1132 2930 1380 3000 dogmata
1412 2930 1647 2999 pietatis,
1668 2930 1936 3000 praecipue
1960 2947 2079 2984 cum
2110 2948 2235 2984 san—

694 3022 963 3077 ctissimus
994 3031 1048 3077 et
1079 3020 1410 3091 apostolicus
1443 3036 1577 3090 papa
1622 3018 1900 3075 Romanus
1940 3021 2233 3077 concorda-

691 3113 851 3177 νει-ἧι,
880 3122 934 3166 et
966 3113 1049 3165 in«
1070 3127 1130 3164 ea
1165 3112 1415 3165 inventus
1447 3111 1521 3165 sit
1568 3124 1662 3179 per
1687 3110 2061 3178 apocrisiarios
2084 3125 2231 3167 suos.

624 3220 631 3229 ·
697 3204 944 3266 Etnune,
975 3202 1319 3262 sanctissimi,
1356 3202 1456 3255 hoc
1471 3216 1592 3255 cum
1633 3200 1836 3254 auxilio
1862 3199 1954 3254 Dei
1987 3201 2234 3255 similiter

695 3294 807 3347 iiat.
833 3291 967 3347 Nam
1002 3291 1140 3346 sicut
1167 3301 1293 3345 tunc
1320 3291 1462 3344 illius
1486 3290 1615 3344 iides
1643 3293 1697 3343 in
1729 3291 1878 3345 orbis
1928 3299 2083 3345 terras
2114 3307 2229 3360 per-

695 3382 878 3435 sonuit
911 3380 1068 3446 ﬁnes,
1091 3363 1176 3432 ita
1228 3388 1279 3433 ct
1334 3379 1521 3450 synodi
1556 3392 1853 3447 qoaenunc
1891 3393 1986 3445 per
2008 3380 2233 3449 gratiam

696 3469 789 3526 Dei
839 3470 1211 3540 congreganda
1261 3479 1341 3524 est
1373 3484 1468 3538 per
1492 3468 1932 3524 interventionem
1974 3470 2233 3536 vestram,

693 3570 747 3615 et
775 3560 891 3628 ejus
918 3560 1011 3627 qui
1040 3559 1344 3613 moderatur
1364 3559 1724 3626 apostolorum
1751 3558 2006 3627 principis
2033 3560 2233 3622 sedem,

697 3649 1074 3718 prwdicabitur
1112 3647 1165 3700 in
1213 3646 1360 3701 onini
1393 3648 1510 3700 loco
1557 3647 1651 3716 qui
1683 3649 1779 3700 sub
1807 3649 1920 3701 sole
1950 3657 2059 3713 est;
2089 3650 2235 3703 vide.

695 3738 822 3790 licet
870 3750 991 3805 qua:
1022 3735 1296 3804 tyrannice
1325 3734 1600 3788 destructa
1645 3744 1800 3800 sunt,
1838 3730 2069 3804 erigens,
2100 3745 2153 3792 et
2181 3735 2233 3790 in

695 3827 966 3895 antiquam
1029 3833 1083 3880 et
1142 3825 1489 3894 apostolicam
1526 3825 1823 3881 reformans
1874 3827 2232 3883 traditionem.

693 3920 863 3974 Porro
891 3918 958 3971 ad
985 3918 1333 3971 munitionem
1367 3902 1647 3969 humilium
1689 3915 1992 3969 litterarum
2024 3927 2236 3972 nostra-

695 4024 839 4073 rum,
887 4006 1416 4075 satisfactionemdue
1462 4006 1806 4061 beatitudinis
1852 4007 2236 4064 dominationis

610 4086 615 4090 ’
695 4107 904 4161 vestrae,
926 4105 1087 4164 atque
1122 4097 1378 4149 victorum
1433 4105 1486 4149 et
1534 4095 2237 4165 triumpliatorumimpera-

697 4172 1263 4249 torum-nostrorum,
1315 4184 1690 4262 conspeximus
1759 4188 1917 4241 etiam
1965 4188 2237 4256 exemplar

699 4278 1089 4353 Synodicorum
1113 4277 1377 4331 Theodori
1406 4286 1601 4331 sancta:
1634 4278 1906 4331 memoria:
1933 4276 2109 4331 Patris
2138 4293 2237 4331 no-

2347 871 2613 940 τείχιστον
2650 871 2974 943 σύγκλητον,
3035 871 3288 942 ἰσχύσατε
3324 874 3419 927 καὶ
3446 876 3751 945 ἀνδρίζεσθε,
3770 886 3839 936 καὶ

2350 960 2726 1031 κραταιούσθω
2758 964 2791 1030 ή
2821 960 3018 1032 καρδία
3051 962 3225 1031 ὑμῶν,
3248 966 3429 1017 πᾶσαν
3450 970 3715 1040 παρακοήν
3740 974 3840 1025 ἀτο-

2350 1050 2613 1113 στολικῶς
2659 1050 3072 1121 διεκδικοῦντες,
3103 1055 3194 1108 καὶ
3242 1058 3321 1118 είς
3377 1056 3476 1127 τήν
3524 1059 3615 1112 τοῦ
3653 1061 3839 1132 Χριπῦ

2348 1140 2592 1210 ὑπακοὴν
2620 1139 3075 1227 μεθαρμόζοντες.

2424 1315 2637 1368 Ἐκεῖνο
2686 1315 2742 1368 δὲ
2794 1318 3283 1400 ὑπομιμνήσκομεν
3305 1360 3322 1386 ,
3360 1325 3439 1387 ὼς
3474 1326 3749 1394 ἀναγκαῖον
3763 1330 3841 1400 τὴν

2348 1405 2666 1475 ίεραρχικὴν
2696 1398 3162 1478 ὺμῶν“”κορυφὴν,
3196 1411 3313 1478 εἴγε
3361 1413 3576 1485 εὐδοκία
3610 1418 3702 1469 τοῦ
3727 1398 3840 1487 παμ-

2345 1494 2605 1558 ϐασιλέως
2660 1496 2895 1565 Χριστοῦ
2944 1498 3038 1550 τοῦ
3069 1498 3202 1552 Θεοῦ
3257 1501 3434 1570 ἡμῶν,
3471 1507 3564 1556 καὶ
3601 1506 3697 1558 τῶν
3727 1507 3841 1577 αὐτῷ
3874 1560 3879 1561 ,

2346 1584 2762 1655 συμϐασιλεύειν
2818 1586 3136 1657 ἁξιωμένων
3181 1590 3610 1649 θεοσεὸεστάτων
3641 1596 3723 1649 καὶ
3748 1614 3841 1667 τρο-

2346 1678 2615 1744 παιούχων
2654 1675 2928 1729 δεσποτῶν
2953 1677 3132 1747 ἡμῶν,
3157 1678 3502 1753 βουληθείητε
3526 1687 3840 1757 συγιιροτῆσει

2346 1764 2579 1826 σύνοδον,
2610 1764 2684 1836 μή
2722 1765 2966 1837 ἐπαχθὴς
3020 1767 3148 1837 ὑμῖν
3177 1770 3370 1840 φανείη
3412 1772 3522 1825 τῶν
3564 1774 3716 1843 τριῶν
3741 1776 3842 1826 άπι-

2343 1855 2601 1907 στολικῶν
2630 1850 2832 1926 θρόνων
2887 1856 2996 1910 τῶν
3038 1859 3353 1926 ἁγιωτάτων
3395 1863 3743 1933 πατριαρχῶν,
3769 1866 3841 1918 καί

2339 1948 2446 1998 τῶν
2483 1946 2573 1998 ὑπ’
2597 1945 2792 2008 αὐτοὺς
2836 1948 3146 2003 ὁσιωτάτων
3175 1951 3488 2005 ἐπισκόπων
3522 1955 3554 2022 ἡ
3583 1954 3838 2024 ἀπόλειψις.

2340 2037 2415 2087 Oti
2440 2037 2548 2105 γὰρ
2586 2035 2646 2099 ἑξ
2693 2036 2897 2103 οίκείας
2945 2038 3124 2091 αὐτῶν
3177 2041 3238 2093 τὸ
3267 2041 3518 2109 ἐμποδὼν
3555 2042 3840 2113 προθέσεως,

2339 2126 2471 2179 ἀλλᾶ
2501 2126 2600 2193 τῆς
2632 2127 2741 2182 τῶν
2772 2129 3115 2198 κρατούντων
3165 2131 3258 2182 καὶ
3304 2132 3658 2201 κυριευόντων
3698 2135 3842 2187 αὐτῶν

2343 2216 2786 2285 φρικωδεστάτης
2812 2218 3222 2287 ὲπαπειλήσεως
3252 2220 3345 2289 agat
3371 2220 3729 2292 θανατηφόρου
3750 2224 3843 2275 tm-

2338 2299 2632 2375 τιμήσεως.
2673 2306 2841 2360 Τοῦτο
2864 2307 2922 2360 δὲ
2961 2307 3108 2361 ἔστιν
3136 2309 3525 2382 άκριδέστερον
3550 2313 3759 2366 συνιδεῖν
3771 2313 3841 2366 καὶ

2339 2396 2447 2448 ἀπὸ
2479 2395 2576 2465 τῆς
2601 2396 2764 2465 ἁγίας
2794 2398 2889 2449 καὶ
2940 2396 3325 2468 οἰκουμενικῆς
3361 2397 3529 2471 ἕκτης
3567 2401 3843 2462 συνόδου.ἐν

2340 2476 2373 2555 ᾖ
2401 2484 2573 2547 οὐδεὶς
2604 2483 2713 2537 τῶν
2735 2486 2871 2539 κατὰ
2893 2485 2987 2537 τὸν
3012 2484 3204 2555 καιρὸν
3218 2486 3421 2540 ἐκεῖνον
3444 2489 3503 2541 ὲν
3525 2489 3724 2552 τούτοις
3745 2492 3842 2541 ἑπι-

2341 2575 2681 2627 σκοπούντων
2744 2579 2856 2638 τοῖς
2887 2576 3077 2648 μέρεσι
3102 2576 3392 2646 συναχθεὶς
3414 2577 3639 2649 εὕρηται
3670 2580 3748 2653 διὰ
3766 2581 3843 2648 τὴν

2339 2662 2445 2713 τῶν
2499 2661 2707 2734 μιαρῶν
2758 2664 3134 2731 ἐπικράτειαν.
3178 2664 3318 2716 Ἀλλ’
3345 2665 3466 2719 οὐδὲ
3512 2670 3576 2719 ἐκ
3600 2668 3841 2738 τούτουτῇ

2338 2751 2466 2822 ἁγίᾳ
2522 2751 2720 2820 συνόδῳ
2777 2752 3055 2827 πρόκριμα
3105 2755 3433 2825 συνεπλάκη,
3490 2757 3597 2821 οὐδ’
3624 2754 3686 2811 αὖ
3728 2774 3842 2826 παρ·

2338 2838 2629 2907 ωμάρτησε
2658 2837 2889 2901 κώλυσίς
2922 2856 3004 2902 τις
3044 2843 3567 2911 συστήσασθαι,’καὶ
3605 2845 3843 2915 κατάδηλι

2338 2925 2469 2976 πᾶσι
2523 2928 2742 2996 ποιῆσαι
2782 2926 2852 2979 τά
2879 2927 3015 2996 ὀρθὰ
3042 2928 3141 2997 τῆς
3165 2929 3439 2993 εὐσεϐείας
3464 2932 3729 3002 δόγματα⁵
3757 2933 3841 3001 μάν

2337 3011 2491 3063 λιστα
2517 3011 2609 3065 τοῦ
2632 3014 2932 3080 άγιωτάτου
2968 3018 3061 3069 καὶ
3097 3019 3451 3071 ἀποστολικοῦ
3480 3020 3635 3072 πάπα
3660 3020 3844 3090 Ῥώμης

2337 3105 2796 3174 συμφωνήσαντος
2820 3107 2955 3176 αὐτῇ
2996 3107 3089 3159 καὶ
3118 3106 3537 3177 συνευρεθὲντος
3569 3109 3654 3162 διὰ
3674 3110 3767 3163 τῶν
3788 3112 3844 3162 οξ·

2336 3195 2496 3247 κείων
2528 3196 2975 3266 ἁποκρισιαρίων.
3002 3198 3109 3249 Καὶ
3139 3198 3358 3268 ἀρτίως,
3391 3199 3702 3267 ἁγιώτατοι,
3717 3200 3844 3255 τοῦτο

2332 3285 2538 3350 γένοιτο
2567 3286 2662 3337 σὺν
2688 3284 2825 3354 Θεῷ.
2861 3287 2969 3339 Καὶ
3004 3285 3062 3338 δν
3098 3286 3297 3357 τρόπον
3326 3268 3630 3359 τηνικαῦτα
3664 3291 3845 3359 ἐκείνης

2286 3428 2293 3431 ,
2335 3377 2366 3442 ἡ
2396 3374 2576 3437 πίστις
2605 3377 2684 3439 είς
2720 3376 2789 3429 τὰ
2813 3378 2912 3447 τῆς
2950 3377 3274 3450 οἰκουμένης
3329 3378 3593 3451 ἐξήχηται
3646 3381 3843 3453 πέρατα,

2331 3464 2470 3516 οὓτω
2493 3466 2585 3517 καὶ
2620 3464 2716 3534 τῆς
2741 3467 2857 3519 νυνὶ
2889 3467 3383 3539 άθροισθησομένης
3417 3470 3656 3541 Χριστοῦ
3680 3472 3841 3542 χάριτι

2334 3554 2548 3607 συνόδου
2577 3554 2664 3606 διά
2698 3555 2972 3623 μεσιτείας
2993 3556 3146 3625 ὑμῶν
3174 3557 3269 3609 καὶ⁵
3292 3557 3385 3609 τοῦ
3416 3559 3511 3612 τὸν
3530 3560 3845 3614 άποστολικὺν

2334 3642 2519 3711 θρόνον
2550 3642 2643 3695 τοῦ
2697 3644 2993 3714 κορυφαίου
3048 3644 3357 3712 διέποντος,
3389 3650 3776 3721 κηρυχθήσεται
3801 3651 3847 3701 ἐν

2334 3729 2430 3800 ὅλῃ
2459 3732 2525 3799 τῇ
2557 3730 2644 3798 ὑφ’
2673 3730 2809 3800 ήλίῳ
2827 3746 2841 3762 ο
2872 3731 3068 3802 δηλαδὴ
3098 3732 3166 3785 τὰ
3196 3733 3539 3805 τυραννικῶς
3581 3751 3845 3803 καταστρα-

2336 3818 2502 3886 ᾳέντα
2527 3819 2858 3889 ἁνορθούσης
2887 3861 2903 3886 ,
2934 3824 3027 3872 καὶ
3054 3822 3133 3885 εἰς
3170 3822 3232 3874 τὸ
3258 3826 3484 3892 ἀρχαῖον
3504 3821 3847 3877 ἀποκαθιπώ-

2336 3928 2430 3981 σης
2459 3910 2598 3964 κατὰ
2627 3912 2726 3980 τὴν
2749 3911 3109 3982 ἁποστολικὴν
3138 3913 3458 3982 παράδοσιν.
3488 3915 3635 3985 Πρὸς
3671 3914 3722 3967 δὲ
3745 3913 3845 3983 ὀχύ-

2337 4019 2500 4073 ρωσιν
2526 4002 2633 4054 τῶν
2668 4001 2963 4072 μετρίων’ή
2974 4000 3089 4070 μῶν
3119 4005 3482 4072 γραμμάτων,
3515 4004 3847 4076 πληροφορίαν

2333 4110 2389 4145 τε
2413 4095 2510 4161 τῆς
2536 4090 2801 4161 ὑμετέρας
2849 4090 3168 4159 δεσποτικῆς
3210 4093 3626 4163 μακαριότητος,
3653 4096 3738 4147 καὶ
3761 4093 3847 4146 τῶν

2333 4181 2566 4252 νικητῶν
2599 4181 2691 4234 καὶ
2726 4168 3111 4250 τροπαιούχων
3150 4182 3305 4251 ήμῶν
3339 4183 3629 4252 βασιλέων,
3656 4183 3848 4238 συνείδο-

2338 4288 2436 4341 μεν
2488 4271 2584 4324 καὶ
2641 4270 2703 4322 τὸ
2759 4271 2875 4323 ἴσον
2927 4271 3037 4340 τῆς
3075 4271 3355 4342 συνοδικῆς
3401 4272 3779 4344 Θεοδώρουτώ
3802 4274 3846 4324 ἐν

696 4368 794 4419 stri
842 4375 894 4419 ct
934 4354 1252 4432 patriarchae
1301 4364 1790 4434 Hierosolymorum
1847 4365 2232 4433 subjiciendum

2336 4362 2510 4429 ἁγίοις
2536 4360 2748 4429 Πατρὸς
2797 4359 2951 4430 ήμῶν
2979 4361 3073 4414 καὶ
3116 4362 3456 4432 πατριάρχου
3502 4364 3846 4435 Ἰεροσολύμων

697 4455 784 4509 his
815 4469 934 4522 quae
963 4456 1163 4522 scripta
1196 4462 1323 4508 sunt
1349 4470 1378 4507 a
1409 4456 1583 4508 nobis.
1615 4454 1765 4509 llunc
1786 4465 1964 4508 autem
1993 4456 2230 4510 libellnni

2335 4451 2596 4514 ὑποτάξαι
2618 4453 2728 4513 τοῖς
2765 4451 2853 4518 ὑφ’
2883 4450 3037 4520 ήμῶν
3058 4455 3335 4520 γραφεῖσι.
3373 4454 3580 4507 Τοῦτον
3600 4454 3657 4507 δὲ
3680 4455 3762 4506 τὸν
3784 4452 3849 4506 ll-

696 4546 993 4598 seeundum
1026 4544 1240 4597 solitum
1272 4543 1523 4598 Ecclesiae
1552 4544 1733 4609 ritum,
1757 4546 1894 4598 idem
1918 4554 2117 4599 sanctae
2134 4561 2232 4600 re-

2332 4542 2507 4594 ΰελλον
2527 4540 2666 4594 κατὰ
2692 4540 2780 4594 τὸν
2801 4539 3000 4610 συνήθη
3023 4539 3220 4610 θεσμὸν
3252 4542 3348 4611 τῆς
3377 4543 3699 4614 Ἐκκλησίας
3722 4542 3749 4593 ὁ
3768 4541 3846 4594 αὖ·
3872 4613 3879 4619 ⁸

662 4684 665 4687 .
695 4634 1023 4689 conlationis
1052 4634 1267 4701 scripsit
1302 4633 1472 4689 beatis
1501 4641 1555 4687 et
1595 4634 1721 4688 alnii
1752 4635 1969 4690 termini
2008 4636 2234 4689 sanctis-

2332 4634 2417 4696 τὸς
2443 4633 2502 4685 ἐν
2536 4631 2667 4700 ἁγίᾳ
2692 4633 2757 4700 τῇ
2784 4630 2930 4700 λήξει
2958 4631 3276 4702 γεγράφηκε
3307 4634 3421 4695 τοῖς
3469 4634 3748 4704 μακαρίοις
3774 4632 3848 4685 καὶ

697 4725 849 4780 simis
899 4724 1243 4793 patriarcliis.
1278 4724 1484 4779 Cosma:
1542 4725 1746 4779 scilicet
1786 4724 2143 4789 Alexandriae,
2174 4739 2235 4779 ac

2332 4724 2387 4773 ὲν
2410 4720 2531 4789 ὁσίᾳ
2554 4720 2619 4787 τῇ
2657 4716 2809 4787 λήξει
2862 4718 3184 4783 ἁγιωτάτοις
3243 4717 3630 4787 πατριάρχαις,
3657 4716 3843 4785 Κοσμᾷ,

696 4813 985 4869 Theodoro
1037 4813 1334 4867 Antiochiae
1373 4810 1851 4882 Theopoleos;qni
1885 4820 1939 4867 et
1963 4814 2234 4882 reciproca

2334 4809 2509 4879 φαμὲν
2539 4848 2553 4872 ,
2577 4806 2653 4876 τῷ
2697 4806 3119 4878 Ἀλεξανδρείας,
3148 4808 3240 4861 καὶ
3273 4807 3535 4878 Θεοδώρῳ
3573 4807 3650 4879 τῷ
3684 4808 3851 4879 ζΔντιοο

698 4902 963 4972 Synodica
1022 4916 1209 4956 eorum
1238 4939 1253 4963 ,
1288 4899 1409 4954 dum
1464 4900 1636 4954 adhuc
1687 4900 1919 4966 viveret,
1968 4903 2236 4969 recepisse

2338 4901 2485 4968 χείας
2542 4898 2901 4962 Θεουπόλεως,
2931 4894 2990 4961 δς
3042 4899 3136 4950 καὶ
3177 4898 3243 4952 τὰ
3283 4899 3668 4954 ἁντισυνοδικὰ
3702 4894 3849 4950 αὐτῶν

701 4992 1050 5060 dignoscitur.
1102 4992 1400 5047 incolumes
1477 5005 1571 5044 vos
1645 5005 1739 5056 pro
1806 4990 1957 5047 nobis
2022 4999 2234 5044 orantes

2340 4994 2414 5042 ἔτι
2435 4988 2540 5053 ζῶν
2561 4988 3189 5057 ὲδὲξατοήἘρῤωμὲνους
3218 4988 3358 5057 ὑμᾶς
3384 4990 3483 5043 καὶ
3499 4992 3634 5061 ήμίν
3649 4985 3844 5057 εὐχομέ-

702 5081 960 5137 Dominus
1010 5090 1305 5147 conservet,
1338 5080 1658 5137 sanctissimi
1679 5090 1733 5136 ct
1755 5082 2011 5136 divinitus
2051 5080 2233 5134 .hono-

2339 5096 2461 5141 νους
2508 5081 2535 5132 ὁ
2590 5077 2793 5149 Κύριος
2823 5076 3212 5146 διαφυλάξειεν,
3253 5077 3547 5149 ἁγιώτατοι
3592 5078 3683 5132 καὶ
3706 5072 3849 5130 θεοτί-

700 5183 756 5223 ra
787 5186 822 5221 ι.
2342 5188 2520 5241 μητοι.

791 5335 865 5399 "'3
895 5346 1016 5403 Cor.
1062 5362 1169 5412 nt,
1209 5347 1286 5401 l3.
