4016 6340
605 394 748 462 H79

1710 391 1771 447 S.
1808 385 2110 448 TARASII
2138 382 2636 448 ΡΑἹἪΙᾹΠΕΠΕ
2711 384 2814 447 Cl‘.

3724 395 3839 461 1480

610 506 721 558 vim
756 504 973 556 illorttnt
1010 500 1346 564 conservari,
1403 499 1864 570 quemadmodum
1903 503 2187 569 perspicue

2296 501 2471 568 ναχῶν
2504 501 2600 552 καὶ
2630 500 2850 563 λαῖκῶν,
2886 499 2962 564 ὡς
2993 499 3201 568 τρανῶς
3228 498 3646 572 διαγορεύουσιν
3677 507 3729 556 αἱ
3759 524 3838 577 ση-

609 594 811 646 doeenl
842 589 1228 658 syttodicorum
1265 587 1386 655 ejus
1417 586 1677 639 librorum
1706 587 2009 654 scriptum.
2042 588 2188 639 Cun-

609 692 696 734 cta
733 681 878 733 enim
911 675 978 732 ex'
1007 678 1248 732 fontibus
1281 677 1493 731 lsraelis
1529 677 1720 731 hausta
1743 677 1915 739 fuere,
1943 677 2189 746 nihilque

612 779 808 832 tit-teter
837 771 936 822 ltos
965 768 1322 836 proclamavit
1367 776 1458 820 aut
1484 767 1670 820 omisit
1695 784 1706 817 :
1736 781 1970 836 namque
1997 766 2189 836 synodi

610 860 775 928 hujus
806 859 1056 913 doctrina
1106 873 1282 926 neque
1321 859 1718 912 incrementum
1776 859 1980 927 patitur
2013 873 2189 927 neque

609 951 1003 1005 detrimentum
1041 969 1053 1002 :
1086 949 1352 1018 scriptum
1383 959 1464 1002 est
1497 948 1664 1012 enim,
1709 963 1774 1001 ne
1803 948 1932 1016 quid
1963 951 2011 1003 ei
2053 949 2190 1016 adji-

618 1043 807 1103 ‘2iatur,
846 1049 941 1093 aut
990 1037 1295 1092 auferatur.
1327 1040 1587 1107 Equidem
1623 1049 1682 1092 ut
1716 1040 1766 1091 itt
1803 1055 1989 1107 regum
2024 1040 2186 1092 etiant

612 1131 873 1196 nummis,
903 1132 952 1184 si
981 1131 1108 1199 quid
1133 1130 1200 1184 de
1224 1140 1349 1201 typo
1372 1131 1816 1192 circumcidatur,
1847 1140 1995 1185 totus
2025 1147 2188 1184 num-

613 1237 734 1275 mus
768 1220 974 1274 inutilis
1003 1219 1267 1286 eﬂicitur;
1306 1221 1377 1274 ita
1400 1222 1562 1274 etiam
1588 1223 1632 1276 si
1653 1222 1776 1291 quis
1795 1223 1876 1275 vel
1904 1223 2185 1274 minimum

613 1317 677 1364 tie
705 1312 876 1366 sacris
909 1312 1212 1365 canonibus
1244 1313 1524 1366 subvertat
1550 1353 1561 1373 ,
1606 1314 1681 1366 rei
1739 1314 2007 1365 universae
2068 1329 2189 1365 ror-

612 1404 878 1470 rttptelam
926 1401 1108 1455 infert.
1140 1392 1252 1454 ἐἰς
1298 1389 1555 1455 nimirum
1617 1406 1706 1471 qui
1758 1404 2186 1456 additamentum

612 1493 806 1545 divinx
836 1492 872 1544 S
897 1494 1128 1561 ·ι’ἱι›ῑιιιίιτ
1159 1502 1251 1545 aut
1290 1493 1461 1547 saetis
1495 1495 1800 1548 canonibus
1837 1493 1941 1547 aut
1969 1495 2186 1547 Patrum

612 1584 930 1652 magisterio
967 1583 1289 1647 moliuntur,
1325 1587 1608 1638 veritatem
1635 1588 1983 1652 extingui-re
2007 1584 2218 1651 caplo-r

615 1661 791 1728 fatum
824 1684 942 1740 est;
981 1685 1030 1727 et.
1063 1676 1306 1743 ipsorum
1330 1676 1523 1744 linguae
1547 1677 1784 1730 sonitum
1815 1676 1953 1730 falsa
1985 1677 2190 1730 locutio

614 1766 986 1834 subsrqnintr.
1029 1764 1170 1833 Ergo
1205 1775 1527 1818 mementote
1569 1765 1663 1818 Dei
1727 1766 1962 1820 dicentis
2000 1785 2012 1820 :
2053 1766 2187 1819 Cum

2295 590 2546 660 μειώσεις
2568 591 2674 644 τῶν
2713 591 3002 644 συνοδικῶν
3038 593 3208 661 αὐτῆς
3238 593 3433 662 βίϐλων
3458 609 3472 624 ο
3509 596 3651 648 κατὰ
3681 600 3832 652 πάντα

2290 683 2395 750 γὰρ
2438 683 2500 733 ὲκ
2531 681 2638 733 τῶν
2672 681 2863 752 πηγῶν
2889 681 2982 734 τοῦ
3026 682 3241 752 Ἰσραὴλ
3268 682 3532 750 ἠρύσατο,
3573 687 3667 736 καὶ
3709 687 3837 738 οὐδὲν

2290 771 2599 839 περαιτέρω
2633 771 2835 822 τούτων
2876 771 3262 840 ἐκπεφώνηκεν
3301 770 3426 823 οὗτε
3472 773 3725 825 ἁνέὶιπεν
3748 791 3759 804 σ
3786 777 3840 826 τα

2289 863 2398 930 γὰρ
2429 860 2631 912 τούτων
2658 860 2966 930 διδάγματα
3003 860 3126 913 οὔτε
3163 862 3478 932 προσθήκην
3509 863 3636 915 οὔτε
3677 863 3840 933 ὕφεσιν

2289 953 2633 1022 ἐπιδέχεταιο
2663 955 2971 1023 γέγραπται
3027 954 3160 1024 γὰρ.
3195 954 3312 1006 Ἐπ’
3359 956 3542 1018 αὐτοῖς
3597 957 3696 1008 οζικ
3749 959 3844 1007 ἔστι

2293 1045 2634 1114 προσθεῖναι,
2687 1047 2780 1100 καὶ
2822 1047 2916 1098 ἀπ’
2942 1046 3122 1100 αὐτῶν
3166 1048 3264 1098 οὐκ
3300 1048 3446 1099 ἐστιν
3484 1049 3704 1114 ἁφτοείν
3729 1064 3738 1074 ·
3766 1051 3844 1098 καὶ

2291 1137 2402 1205 γὰρ
2439 1139 2495 1189 ὲν
2529 1140 2641 1199 τοῖς
2682 1137 2944 1206 βασιλέων
2976 1137 3272 1207 νομίσμασι
3332 1138 3529 1206 μικρὸν
3559 1155 3612 1190 τι
3647 1137 3734 1188 τοῦ
3761 1155 3843 1206 χα-

2296 1224 2569 1294 ρακτῆρός
2599 1242 2683 1287 τις
2725 1226 3048 1295 περικόψας,
3092 1227 3212 1280 ὅλον
3252 1226 3312 1278 τὸ
3343 1227 3592 1296 νόμισμα
3624 1228 3847 1295 κίϐδηλον

2292 1320 2586 1386 εἰργάσατο
2606 1335 2620 1347 °
2649 1317 2820 1381 οὕτως
2848 1320 2944 1372 καὶ
2976 1322 3003 1371 ὁ
3025 1320 3087 1373 τὸ
3116 1321 3394 1389 ἐλάχιστον
3428 1321 3539 1372 τῶν
3591 1320 3744 1372 θείων
3772 1339 3848 1372 κα-

2291 1410 2456 1459 νὲιων
2483 1410 2823 1480 ἀνατρέπων,
2874 1411 2951 1479 τῷ
3001 1414 3164 1463 παντὶ
3213 1413 3536 1480 λυμαίνεται
3566 1429 3578 1441 ·
3612 1412 3774 1473 οὕτως
3803 1416 3846 1464 cl

2291 1496 2609 1565 προσθήκην
2667 1498 3007 1568 ἐννοούμενοι
3049 1500 3105 1550 ἐν
3133 1516 3188 1550 τε
3217 1503 3280 1568 τῇ
3314 1499 3430 1568 θεία
3459 1499 3675 1570 Γραφῇ,
3700 1499 3729 1566 ἦ
3755 1502 3850 1561 tsi;

2293 1584 2456 1646 θείοις
2502 1587 2746 1650 κανόσιν,
2791 1587 2822 1656 ἦ
2875 1590 2986 1650 τοῖς
3045 1589 3334 1658 [ἰατρικοῖς
3380 1587 3850 1656 παραγγέλμασιν,

2291 1674 2636 1743 εὑρίσκονται
2657 1677 3170 1747 παραχαράττοντες
3190 1679 3287 1746 τὴν
3314 1677 3570 1747 ἀλήθειαν
3589 1692 3602 1704 ·
3625 1677 3713 1728 καὶ
3733 1693 3850 1744 μετα

2292 1763 2386 1816 τοῦ
2405 1765 2578 1832 ψόφου
2595 1767 2690 1836 τῆς
2712 1767 2955 1837 γλώττης
2979 1767 3177 1831 αὐτῶν,
3200 1769 3626 1833 συναγωνίζεται
3651 1768 3681 1834 ἠ
3710 1765 3850 1833 ψευδ-

615 1858 799 1910 ontnia
833 1866 975 1909 recte
1021 1856 1218 1909 feceris
1245 1895 1259 1921 ,
1321 1858 1641 1911 salvaheris.
1693 1857 1907 1926 Vosque
1951 1858 2087 1912 adeo
2130 1858 2182 1911 itt

2296 1856 2517 1927 ηγορία·
2579 1860 2866 1929 τοιγαροῦν
2927 1861 3203 1931 μνήσθητε
3253 1859 3347 1912 τοῦ
3404 1858 3541 1910 Θεοῦ
3607 1858 3851 1925 λέγοντος,

617 1959 797 2000 vestra
825 1946 916 2001 Dei
954 1957 1088 2000 nutu
1117 1958 1445 2018 congregata
1478 1947 1708 2018 synodo,
1748 1949 1973 2002 veritate
2005 1949 2186 2002 adlue-

618 2048 818 2102 rt-ntes,
851 2039 1072 2092 dilatato
1100 2055 1161 2093 os
1187 2039 1502 2109 Spirituqtte
1533 2040 1822 2108 complete,
1857 2055 1920 2094 ex
1945 2038 2190 2108 Evange-

619 2129 673 2183 lii
708 2146 920 2194 norma,
941 2146 1006 2185 ex
1026 2131 1399 2199 apostolorum
1421 2139 1472 2185 et
1494 2146 1768 2186 canonum
1789 2143 1947 2200 atque
1970 2131 2191 2184 Patrum

616 2221 892 2275 decernite
932 2232 1037 2277 etc.

2295 1949 2424 2000 Ὅτε
2453 1943 2627 2001 στάντα
2661 1950 3046 2021 κατορθώσεις,
3077 1952 3201 2004 τότε
3234 1951 3457 2022 σωθήσῃ
3481 1967 3498 1980 ο
3528 1951 3682 2002 αὑτοὶ
3720 1949 3769 1999 ἐν
3797 1952 3852 2016 τῇ

2297 2041 2384 2093 διὰ
2417 2042 2506 2092 τὸν
2560 2042 2766 2112 Κύριον
2817 2042 3278 2114 συναθροιζομένῃ
3314 2044 3518 2112 συνόδῳ
3576 2041 3744 2110 ὑμῶν,
3772 2039 3854 2108 τὴν

2298 2132 2559 2201 ἀλήθειαν
2588 2135 2980 2203 ἐπισπώμενοι,
3011 2137 3232 2188 πάντων
3274 2135 3382 2186 τῶν
3437 2134 3854 2203 προσταγμάτων

2299 2224 2396 2293 τὴν
2423 2224 2670 2294 φυλακὴν
2694 2226 3094 2297 διατηροῦντες,
3125 2216 3426 2296 πλατύνατε
3464 2227 3526 2278 τὸ
3569 2227 3758 2295 στόμα,
3779 2239 3856 2274 καί

619 2313 934 2384 Πνειῦματος
965 2313 1314 2384 πληρώσατε,
1347 2315 1716 2384 εὐαγγελικῶς
1734 2332 1789 2368 τε
1821 2314 1913 2367 καὶ
1932 2313 2323 2380 ἀποστολικῶς,
2346 2319 2642 2381 κανονικώς
2665 2336 2725 2371 τε
2760 2319 2852 2371 καὶ
2879 2320 3163 2390 ιιατρικῶς
3178 2321 3630 2388 ἀποφαινόμενοι,
3654 2336 3705 2371 κ.
3741 2337 3785 2370 τ.
3814 2320 3854 2368 λ·

691 2406 1076 2475 Sequunturin
1102 2407 1308 2461 Tarasii
1333 2408 1553 2476 epistola
1593 2407 1856 2460 nonnulla.-
1880 2407 2249 2461 ecclesiasticw
2277 2409 2490 2477 regulae,
2533 2427 2622 2464 seu
2652 2427 2874 2464 canones
2907 2421 2952 2465 et
2983 2420 3268 2481 praecepta,
3300 2427 3417 2480 qum
3451 2395 3743 2464 describere
3773 2426 3858 2461 non

617 2498 771 2566 hujus
795 2509 873 2552 est
903 2500 1025 2554 loci.
2706 2491 2709 2493 I

624 2640 934 2653 ~—-——

1171 2641 1318 2651 ...η-ν-

1387 2763 1837 2825 «ΜΟΝΙΤιτΜ
1873 2762 1971 2824 15v
2025 2733 2575 2837 SEQUENTEM
2612 2762 3072 2824 HOMILIAM.

690 2995 982 3052 l-Iomiliatn
1018 2997 1071 3050 itt
1118 2994 1586 3048 Prwsentationcm
1616 2991 1854 3060 Deipartt'
1896 2990 1977 3044 cui
2015 2991 2196 3043 titulus

2296 2991 2386 3050 Εἰς
2415 2989 2480 3040 τὰ
2513 2990 2715 3040 claricitat
2756 2991 2851 3058 τῆς
2887 2990 3186 3059 ὑπεραγίας
3213 2989 3497 3054 Θεοτόκου,
3519 2998 3573 3044 ct
3599 2987 3751 3057 cujus
3776 2985 3865 3040 iui-

619 3091 752 3147 lium
784 3109 798 3142 :
828 3091 1033 3159 Φαιδρὰ
1069 3088 1164 3142 καὶ
1214 3086 1513 3158 παράδοξος
1543 3087 1574 3156 ή
1605 3083 1852 3154 παροῦσα
1897 3086 2196 3153 πανήγυρις

2296 3083 2491 3139 ἀιέδὶυ
2520 3082 3128 3152 Constantinopolitano
3165 3083 3486 3152 patriarcha:
3517 3082 3754 3136 tribuere
3790 3093 3861 3133 so-

619 3185 750 3248 lent,
781 3198 846 3235 ne
881 3182 1106 3235 minimo
1138 3180 1356 3248 quidem
1379 3168 1591 3246 'injeeto
1627 3176 2086 3238 dubio,.historiae
2130 3177 2414 3231 litterarite
2455 3175 2773 3244 scriptorcs,
2804 3175 2908 3229 lide
2953 3190 3057 3229 ms.
3103 3175 3358 3228 Biblioth.
3400 3174 3633 3229 Coislin.
3681 3168 3863 3227 CCXII.

624 3274 958 3346 [Mos'rt-‘AUC.
989 3271 1247 3325 Bibliot/t.
1283 3269 1664 3323 Bibliotltccar.
1700 3285 1749 3338 p.
1789 3267 1940 3338 σοι]
1972 3267 2281 3322 Marcellius
2315 3285 2442 3322 vero
2477 3269 2528 3320 in
2567 3268 2682 3320 suis
2709 3268 2773 3319 ad
2811 3266 3189 3319 Kalendarium
3220 3267 3474 3320 Ecclesia:
3492 3266 3864 3322 Constantino-

625 3370 879 3436 pttlitatne
912 3364 1328 3418 commentariis
1351 3362 1604 3426 aﬂirntat,
1631 3361 1770 3415 forte
1807 3361 2227 3427 subdubitando,
2257 3361 2572 3414 Orationem
2600 3359 2807 3414 Tarasii
2839 3360 3141 3414 habendam
3179 3375 3284 3413 non
3308 3361 3500 3424 videri,
3530 3371 3587 3414 et
3616 3360 3865 3430 tluplium

624 3477 736 3514 sum
770 3461 1051 3513 sententia:
1085 3459 1346 3511 rationem
1382 3458 1554 3520 alfert,
1593 3471 1784 3525 nempe
1820 3471 2006 3511 vocem
2043 3457 2314 3525 ὑπεραγία
2355 3472 2477 3525 qua:
2514 3456 2564 3508 itt
2609 3456 2766 3508 titulo
2812 3455 3085 3523 reperitur
3115 3470 3143 3508 a
3192 3454 3388 3509 saeculo
3430 3465 3644 3508 tantum
3676 3454 3864 3508 decimo

627 3552 878 3620 usurpari
927 3552 1178 3620 (1pr58,
1211 3559 1265 3603 et
1292 3548 1535 3617 Deiparw
1568 3550 1622 3601 in
1654 3548 1904 3616 templum
1932 3551 2277 3617 ingredientis
2311 3550 2696 3602 solemnitatem
2733 3557 2972 3615 tempore
2999 3547 3211 3600 Tarasii
3252 3549 3490 3600 nondum
3533 3549 3587 3602 in
3623 3546 3867 3601 Constan-

628 3644 982 3710 tinOpolitana
1011 3643 1250 3696 Ecclesia
1277 3643 1539 3696 celebrari
1572 3641 1941 3706 eonsuevisse,
1975 3649 2031 3694 ut
2059 3642 2275 3696 Constat
2309 3657 2373 3696 ex
2407 3641 2624 3695 silentio
2646 3639 2960 3695 Kalendarii
2996 3640 3140 3709 quod
3173 3639 3476 3694 certissime
3515 3639 3585 3693 ad
3627 3640 3863 3694 s:eculutn

624 3745 881 3791 octavum
923 3735 1176 3803 pertinet.

700 3827 982 3880 Levissitni
1017 3826 1277 3881 momenti
1320 3842 1442 3881 esse
1483 3825 1848 3881 dimcultatcm
1885 3843 2007 3896 quae
2036 3843 2100 3881 ex
2133 3842 2266 3882 voce
2301 3825 2577 3897 ὑπεραγία
2625 3825 2678 3878 in
2712 3823 2870 3895 titulo
2900 3824 3156 3890 sumitur,
3194 3840 3357 3880 nemo
3390 3843 3494 3882 non
3529 3831 3697 3885 videt.
3725 3829 3862 3884 Aliud

626 3921 771 3973 enim
816 3921 882 3974 de
917 3921 1268 3973 sermonibus
1307 3920 1461 3988 ipsis,
1494 3921 1641 3973 aliud
1685 3920 1750 3973 de
1782 3936 2094 3974 sermonum
2127 3919 2580 4002 inscriptionibus
2617 3917 2881 3986 judicium
2929 3916 3211 3972 ferendum
3244 3920 3366 3989 quis
3406 3920 3722 3975 inliciatur?
3747 3921 3863 3974 Cum

627 4030 857 4084 prorsus
891 4015 1156 4069 incertum
1203 4015 1273 4068 sit
1302 4015 1653 4084 quandonam
1691 4015 1793 4084 ipsi
1822 4016 2091 4070 sermonis
2121 4015 2357 4081 auctori,
2392 4013 2612 4084 quando
2644 4013 2798 4067 alteri
2839 4012 2946 4084 sint
2991 4011 3309 4066 tribuendas.
3349 4011 3478 4066 Esto
3518 4015 3668 4083 quod
3702 4015 3867 4069 titulus

628 4122 736 4159 non
775 4107 867 4159 alii
901 4122 1061 4174 quam
1098 4107 1199 4174 ipsi
1237 4106 1508 4159 oxationis
1540 4107 1749 4159 auctori
1780 4106 1945 4160 tribui
1975 4116 2244 4175 oporteat,
2275 4121 2452 4176 neque
2473 4104 2670 4159 exinde
2693 4112 2841 4158 certo
2871 4102 3123 4156 concludi
3159 4110 3337 4171 potest
3371 4103 3660 4159 ltomiliam
3691 4107 3856 4180 przefa-

633 4207 742 4249 tam
778 4212 884 4250 non
912 4213 1030 4251 esse
1067 4196 1124 4250 S.
1157 4197 1388 4250 Tarasii.
1424 4197 1547 4250 1133c
1575 4196 1718 4248 enim
1755 4212 1856 4250 vox
1887 4198 2162 4266 ὕπεραγία
2187 4198 2454 4266 reperitur
2487 4197 2539 4248 itt
2567 4193 3016 4264 inscriptionibus
3043 4195 3390 4249 homiliarum
3417 4212 3542 4264 quae
3570 4198 3863 4253 auctoribus

629 4287 863 4342 Tat-a'sio
900 4290 1100 4344 comvis
1148 4290 1231 4342 vel
1278 4289 1686 4358 antiquioribus
1719 4291 2033 4343 tribuuntur
2068 4290 2163 4359 (l).
2197 4289 2340 4360 Ergo
2388 4289 2506 4359 pari
2535 4289 2657 4358 jure
2691 4288 2773 4342 vel
2822 4288 2939 4342 ista:
2983 4289 3259 4343 orationes
3302 4288 3625 4344 auctoribus
3658 4306 3866 4359 quorum

632 4378 851 4433 nomina
880 4378 1342 4432 circumferuntur
1385 4378 1760 4444 abjudicandae
1800 4388 1947 4443 sunt,
1988 4379 2069 4432 vel
2115 4395 2274 4433 usum
2306 4379 2456 4434 vocis
2488 4377 2762 4448 ὑπεραγία
2793 4378 2990 4434 sacculo
3019 4378 3228 4432 decimo
3262 4380 3620 4435 vetustiorem
3651 4398 3765 4436 esse
3787 4385 3868 4435 ad-

641 4471 967 4524 mittendum
1011 4470 1155 4538 quod
1189 4469 1408 4523 aliunde
1458 4480 1676 4545 constat
1724 4485 1786 4524 ex
1812 4468 2033 4540 Iosephi
2064 4470 2469 4541 Hymnographi
2495 4486 2704 4524 canone
2747 4471 2799 4524 in
2831 4486 2938 4540 quo
2982 4471 3212 4542 legimus
3241 4483 3257 4528 :
3283 4472 3717 4541 Osanctissima,
3753 4477 3867 4528 labis

631 4561 798 4614 cite-tis
828 4575 1036 4627 expers,
1065 4561 1375 4627 ὐπεραγία,
1419 4559 1739 4628 πανὰμωμε
1767 4561 1866 4630 (2),
1897 4572 1950 4614 et
1977 4575 2041 4615 ex
2071 4559 2294 4641 Triodio
2327 4561 2384 4615 S.
2415 4561 2710 4630 Sophronil
2748 4560 3228 4633 Hierosolymitani
3259 4566 3356 4637 (5).
3396 4564 3508 4623 Nec
3551 4569 3725 4637 pluris
3753 4571 3870 4622 valet

631 4662 1009 4723 argumentum
1042 4667 1106 4705 ex
1139 4649 1727 4720 Constantitmpolitani
1757 4650 2069 4706 Kalendarii
2102 4652 2320 4707 silentio
2355 4655 2422 4708 de
2451 4653 2589 4708 festo
2634 4651 3078 4709 Prmentationis
3113 4656 3380 4727 Deiptme,
3427 4674 3556 4713 eum
3605 4665 3722 4731 ipso
3750 4661 3868 4713 Mar-

633 4750 793 4802 t-ellio
823 4756 1046 4801 auctore
1077 4763 1243 4801 unum
1279 4764 1376 4818 pro
1407 4760 1556 4801 certo
1585 4747 1767 4820 haberi
1794 4757 1972 4815 potest
1997 4745 2383 4802 Kalendarium
2419 4748 2552 4802 illud
2583 4764 2758 4818 neque
2787 4759 2910 4803 ante
2939 4765 3142 4804 annum
3167 4752 3293 4830 “HI,
3326 4767 3501 4820 neque
3533 4768 3662 4824 pom
3694 4771 3868 4808 annuat

631 4841 736 4895 787
777 4839 950 4894 fuisse
973 4841 1366 4910 conscriptum.
1397 4838 1643 4904 Quonam
1675 4839 1800 4907 jure
1828 4853 1894 4891 ex
1938 4839 2031 4891 illo
2067 4848 2422 4893 monumento
2467 4839 2651 4893 inferri
2687 4849 2863 4908 potest
2896 4841 3140 4912 Deipara:
3172 4844 3227 4895 in
3263 4843 3512 4912 templum
3556 4847 3871 4914 ingredientis

632 4935 1018 4989 solemnitatem
1042 4935 1284 4988 nondum
1310 4934 1364 4987 in
1389 4931 1992 5001 Constantinopolitana
2009 4933 2248 4988 Ecclesia
2272 4933 2531 4987 celebrari
2556 4935 2933 5000 consuevisse,
2961 4936 3176 4990 vivente
3194 4933 3426 4990 Tarasio
3444 4936 3544 5005 qui
3569 4952 3862 5008 supremum

632 5031 775 5082 diem
805 5029 941 5082 obiit
973 5041 1116 5081 anno
1149 5026 1255 5080 806
1287 5027 1475 5094 ?Ergo
1493 5027 1638 5080 nulla
1671 5025 1887 5080 elicitur
1919 5026 2055 5080 ratio
2088 5026 2385 5084 decretoria
2416 5037 2637 5095 propter
2667 5043 2830 5095 quam
2865 5027 3107 5092 ltomilia,
3133 5042 3294 5096 quam
3325 5028 3675 5098 subjicimus,
3704 5043 3871 5098 magno

634 5122 861 5175 Tarasio
897 5121 969 5173 sit
994 5118 1379 5188 abjudicanda.
1412 5117 1768 5172 Communem
1798 5133 1827 5172 e
1850 5129 2040 5172 contra
2068 5117 2134 5172 de
2162 5130 2383 5174 auctore
2434 5120 2600 5189 hujus
2631 5119 2869 5174 homiliae
2914 5119 3239 5175 sententiam
3270 5123 3609 5178 conﬁrmant
3641 5124 3806 5193 stylus
3829 5135 3870 5178 et

633 5235 695 5273 ea
733 5231 853 5284 qua:
884 5214 939 5265 in
971 5213 1082 5281 ipsa
1127 5210 1376 5265 oratione
1412 5218 1603 5264 contra
1642 5209 2033 5266 Iconomaeltos
2070 5211 2349 5265 dicuntur.

661 5327 782 5419 ’(1)
833 5346 951 5419 Vid.
1025 5344 1260 5419 oration.
1324 5345 1377 5398 in
1463 5344 1706 5419 Deiparm
1771 5344 2015 5419 natalem
2070 5347 2221 5419 diem

636 5414 797 5493 quam
826 5416 928 5471 sub
961 5417 1197 5493 nomine
1219 5414 1539 5493 Qamasceni
1573 5417 1820 5493 vulgavit
1859 5417 2084 5493 Michael
2120 5417 2220 5493 Le-

637 5485 825 5562 qttien.
880 5497 917 5540 t.
971 5487 1031 5553 ll,
1075 5485 1755 5562 p.A849,__sed_'_l‘_lteodOro
1790 5486 2015 5562 Studiis:
2063 5490 2220 5542 resti-

638 5556 891 5617 tuendam
920 5571 1101 5611 monet
1123 5558 1262 5624 Ang.
1283 5556 1678 5611 Mai.Bibliotlt.
1708 5575 1824 5611 nov.
1854 5569 1889 5610 t.
1917 5557 1982 5620 ll,
2015 5575 2128 5627 par.
2155 5575 2214 5622 ll,

640 5650 690 5702 p.
722 5632 790 5685 54
829 5639 976 5702 θοαὶ
1001 5627 1320 5702 Damasceni
1353 5629 1586 5702 oration.
1623 5630 1684 5702 in
1725 5628 1976 5702 Deiparw
2005 5647 2213 5702 annun-

639 5697 908 5756 iiationem
942 5698 1076 5765 Opp.
1131 5709 1166 5751 t.
1216 5697 1280 5759 Il,
1322 5714 1374 5766 p.
1422 5698 1555 5762 835;
1588 5697 1838 5766 ersdcm
1878 5701 2110 5754 oration.
2156 5701 2205 5751 in

640 5772 700 5826 Β.
748 5770 974 5839 Virginis
1007 5771 1144 5823 diem
1189 5770 1493 5821 natalitium
1544 5768 1673 5838 Opp.
1715 5780 1750 5824 t.
1800 5770 1864 5834 Il,
1916 5785 2031 5839 pag.
2068 5770 2204 5838 8“;

2324 5349 2549 5435 modesti
2582 5345 3054 5435 Hierosol‘vmitani
3080 5348 3360 5435 Itomiliam
3392 5351 3726 5435 ἱηρςραωε
3758 5359 3872 5435 por-

2322 5421 2623 5492 mitionem,_
2644 5421 2798 5492 Aug._
2820 5419 3423 5492 GiacontelluSLRomm
3455 5419 3598 5479 I760
3625 5445 3640 5492 ;
3675 5432 3873 5484 Andrear

2315 5488 3110 5568 Cretaeis'10191'538J2!_"r9§._
3142 5491 3302 5568 hstias
3335 5488 3671 5568 Berologi'w
3701 5499 3873 5555 Cum:

2316 5571 2352 5616 ι.
2386 5559 2592 5621 XCVII,
2619 5575 2671 5628 p.
2703 5561 2826 5623 801,
2864 5559 2986 5624 820,
3018 5561 3141 5626 861,
3173 5561 3294 5626 881,
3330 5561 3488 5626 1072,
3514 5559 3624 5625 etc.

2385 5629 2773 5754 (‘2')"Paraclet.
2801 5639 2914 5684 ton.
2951 5631 3121 5699 obliq.
3159 5629 3201 5683 ll
3233 5633 3297 5684 ad
3333 5638 3592 5695 matutin.
3633 5639 3782 5698 Feria
3812 5656 3871 5705 tt,

2311 5705 2399 5755 0d.
2439 5703 2530 5754 III.

2377 5734 2739 5843 (SS-gpicileg.
2775 5773 2926 5828 Rom.
2956 5782 2993 5830 t.
3025 5771 3111 5839 IV,
3134 5734 3197 5842 lp.
3233 5772 3350 5829 I86.
