4016 6340
254 482 379 544 1481

1156 479 1236 538 ΙΝ
1261 479 1362 536 SS.
1415 477 1760 536 DEIPAR/E
1800 477 2251 545 ΡΒᾸΞΞΕΝΤΑΤ
2259 477 2383 536 [ΟΝ
2391 477 2509 536 ΕΜ.

3288 472 3410 534 1432

2849 621 3244 630 --οσ-ιδ---ο-εφ
3253 616 3406 630 ,μοι’-..ο

1311 755 1447 808 ΤΟΥ
1478 754 1567 806 ΕΝ
1600 754 1818 806 ΑΓΙΟΙΣ
1850 753 2117 805 ΠΑΤΡΟΣ
2142 753 2336 806 ΗΜΩΝ

397 897 921 990 ΤΑΡΑΣΙΟΥ
969 899 1878 988 ΑΡΧΙΕΠΙΣΚΟΠΟΥ
1950 894 3257 983 ΚΩΝΣΤΑΝΤΙΝΟΥΠΟΛΕΩΣ

1578 1065 2098 1184 ΛΟΓΟΣ

1039 1266 1165 1318 ΕΙΣ
1188 1267 1269 1317 TA
1292 1263 1580 1317 ΕΙΣΟΔΙΑ
1616 1263 1751 1313 ΤΗΣ
1793 1262 2210 1314 ΥΠΕΡΑΓΙΑΣ
2242 1257 2625 1312 ΘΕΟΊῸΚΟΥ.

1392 1519 1674 1581 ΒΑΝΕΤΙ,
1695 1519 1785 1573 PA
1797 1516 1964 1573 TRI‘S
2002 1516 2049 1570 Ν
2061 1515 2271 1573 οδτιυ

288 1627 298 1636 ’
369 1638 829 1765 TARASII
875 1670 1785 1766 ARCHIEPISCOPI
1850 1656 3267 1760 CONS’I‘ANTINOPOLITANI

1444 1981 1448 1985 _
1538 1857 2121 1985 ORATIO

896 2072 974 2131 IN
1036 2070 1136 2130 SS.
1198 2068 1328 2130 DEI
1367 2065 1705 2128 MATREM
1739 2064 1818 2124 IN
1876 2065 2261 2126 TEMPLUM
2310 2063 2766 2127 DEDUCTAM.

826 2338 1197 2406 Εὺλόγησον.

217 2503 222 2506 π
307 2439 392 2492 A'.
423 2432 626 2504 Φαιδρὰ
652 2431 744 2484 καὶ
773 2428 1072 2498 παράδοξος
1102 2432 1132 2497 ὴ
1164 2420 1411 2498 παροῦσα
1443 2429 1742 2498 πανήγυρις
1771 2467 1785 2490 ,

239 2532 334 2582 καὶ
363 2529 468 2580 τῶν
523 2521 815 2592 φιλεορτῶν
844 2521 934 2572 τὸν
971 2519 1134 2572 πόθον
1168 2522 1302 2587 πρὸς
1345 2520 1608 2588 ὑμνῳδίαν
1645 2520 1785 2584 ἐγεί-

239 2636 427 2689 pauca,
453 2620 485 2686 ή
532 2615 628 2683 τῆς
680 2610 1057 2679 Ἀειπαρθένου
1087 2611 1177 2662 καὶ
1202 2611 1463 2662 Θεοτόκου
1497 2613 1552 2662 ὲν
1577 2609 1652 2678 τῷ
1679 2609 1788 2676 ναῷ

241 2710 460 2778 πρόοδος
484 2723 498 2737 ο
550 2707 784 2773 σήμερον
815 2706 919 2771 γὰρ
971 2706 997 2753 ὁ
1036 2702 1257 2771 οὐρανὸς
1291 2704 1382 2752 καὶ
1422 2705 1454 2770 ή
1497 2704 1564 2768 γή
1607 2700 1788 2767 κοινὴν

239 2799 430 2870 ἑορτὴν
454 2795 816 2856 ἐκτελοῦντες.
841 2795 1138 2861 ἀμφότεροι
1165 2793 1252 2844 τὸν
1283 2792 1620 2859 Δημιουργὸν
1643 2790 1788 2855 δοξο-

236 2891 456 2957 λογοῦσι
488 2889 576 2940 τὸν
601 2887 664 2938 ἐκ
687 2885 928 2954 βροτείας
963 2885 1172 2948 φύσεως
1202 2882 1296 2949 τήν
1328 2881 1584 2933 θεόπαιδα
1622 2883 1786 2950 κόρην

239 2979 600 3047 ἐκλεξάμενον
634 2977 711 3038 εἰς
735 2974 927 3028 ἑαυτοῦ
957 2972 1393 3039 κατασκήνωσιν.

313 3158 558 3228 Σήμερον
598 3153 691 3206 τοῦ
734 3152 837 3222 πρὸ
866 3151 1079 3203 πάντων
1127 3151 1335 3202 αἰώνων
1377 3148 1794 3219 προορισθέντος

240 3247 546 3322 μυστηρίου
577 3245 669 3297 καὶ⁸
698 3244 796 3295 ἐπ’
825 3244 1068 3312 ἐσχάτων
1098 3241 1460 3310 γανεροῦσοαι
1493 3241 1792 3309 μέλλοντος,

238 3339 621 3412 εὐτρεπίζεται
653 3335 982 3404 οἰκητήριον.
1026 3334 1275 3407 Σήμερον
1314 3334 1345 3400 ή
1379 3332 1437 3396 ἐξ
1467 3329 1797 3398 ἐπαγγελίας

238 3429 494 3499 τεχθεῖτα
534 3426 592 3491 ἐξ
637 3423 890 3490 ἰωακεὶμ
937 3423 1027 3474 καὶ
1069 3423 1264 3488 ’Λννης
1300 3421 1664 3490 προσφέρεται
1706 3421 1796 3473 ὑπ’

237 3518 443 3578 αὐτῶν,
469 3515 646 3585 τίμιον
675 3512 866 3582 δῶρον,
898 3510 975 3580 τῷ
996 3511 1288 3578 μετέπειτα
1325 3511 1382 3574 ἐξ
1417 3510 1584 3578 αὐτῆς
1606 3509 1798 3577 τεχθῆ-

240 3627 334 3662 ναι
357 3605 725 3674 εὐδοκήσαντι.
749 3601 994 3668 Σήμερον
1016 3599 1076 3649 τὸ
1099 3599 1195 3666 τῆς
1227 3601 1400 3670 χαρᾶς
1435 3599 1716 3667 προοίμιον
1743 3599 1798 3647 ὲν

2544 2336 2781 2389 Benedic.

1964 2427 2003 2482 l.
2057 2427 2200 2480 Laeta
2253 2437 2413 2495 atque
2456 2405 2788 2480 admirabilis
2831 2425 3086 2479 hodierna
3127 2423 3429 2480 celebritas.

1894 2533 2013 2584 quae
2040 2518 2312 2571 studiosos
2349 2519 2582 2572 cultores
2615 2518 2873 2572 festorum
2903 2517 3111 2571 dierum
3140 2518 3336 2569 excitat
3370 2518 3434 2568 :lzl

1897 2613 2124 2679 hymnos
2151 2608 2518 2662 concinendos
2541 2648 2556 2672 ,
2593 2619 2900 2676 perpetuam
2937 2607 3207 2676 Virginem
3237 2607 3437 2676 Deique

1897 2699 2118 2754 Matrem
2172 2701 2224 2752 in
2287 2689 2543 2766 templum
2591 2698 3018 2766 progredientem
3070 2697 3435 2765 prosequitur.

1898 2789 2105 2844 Etenim
2148 2791 2303 2844 hodie
2346 2790 2543 2844 coelum
2585 2800 2638 2844 et
2679 2801 2817 2844 terra
2852 2802 3191 2843 communem
3236 2789 3440 2857 agitant

1903 2882 2318 2943 solemnitatem,
2354 2890 2409 2933 et
2445 2880 2772 2948 conjunctim
2808 2879 3027 2933 laudant
3060 2893 3238 2933 rerum
3271 2877 3438 2947 Opill-

1898 2987 2037 3032 eetn,
2067 2971 2158 3039 qui
2193 2987 2222 3022 e
2255 2971 2422 3037 stirpe
2449 2971 2758 3025 mortalium
2803 2971 3036 3039 puellam
3057 3010 3072 3036 ,
3095 2984 3216 3039 qua:
3248 2969 3337 3024 Dei
3362 2979 3444 3024 est

1899 3058 2031 3121 ﬁlia,
2065 3057 2131 3111 ad
2152 3059 2234 3112 sui
2269 3059 2631 3113 habitaculum
2663 3060 2874 3128 delegit.

1976 3147 2144 3202 Hodie
2192 3150 2515 3202 sacramenti
2543 3161 2665 3202 ante
2695 3151 2874 3202 omnia
2922 3150 3118 3203 saecula
3167 3150 3443 3217 praeparati

1901 3241 2055 3304 cujus
2083 3240 2148 3292 ad
2173 3249 2411 3292 extrema
2440 3249 2678 3306 tempora
2720 3241 3097 3310 reservabatnr
3127 3239 3441 3293 manifesta-

1902 3329 1997 3390 tio,
2053 3337 2346 3396 apparatur
2379 3327 2734 3384 domicilium.
2771 3328 2939 3383 llodie
2971 3345 3037 3383 ex
3084 3331 3444 3398 promissiOne

1903 3421 2100 3488 genita,
2127 3418 2391 3474 Joacltimi
2417 3431 2469 3474 et
2493 3421 2661 3475 Anna:
2685 3422 2813 3483 tilia,
2843 3423 2910 3476 ab
2935 3424 3124 3476 iisdem
3151 3422 3445 3490 pretiosum

1906 3527 2101 3565 munus
2132 3511 2206 3563 illi
2235 3511 2475 3575 oﬂertur,
2507 3513 2596 3580 qui
2625 3523 2809 3580 postea
2837 3513 3143 3581 dignabitur
3166 3515 3233 3566 ab
3261 3529 3319 3566 ea
3353 3529 3445 3582 ge-

1907 3602 2101 3654 nerari.
2127 3600 2675 3670 Hodie-primordium
2705 3603 2901 3656 laetitiis
2924 3604 3208 3656 adducitur
3234 3603 3286 3656 in
3317 3614 3449 3656 tem-

239 3699 322 3766 τῷ
350 3695 458 3764 ναῷ
489 3691 766 3757 εἰσάγεται
793 3687 1151 3758 τριετίζουσα,
1187 3690 1278 3740 καὶ
1304 3688 1558 3756 παρθένοι
1596 3686 1797 3755 ταύτης

1901 3692 2046 3760 plum
2091 3691 2328 3756 trimula,
2361 3707 2520 3761 quam
2558 3692 2797 3762 virgines
2828 3709 2948 3747 cum
2981 3694 3318 3761 lampadibus
3353 3695 3446 3747 de-

244 3791 388 3860 μετὰ
436 3789 730 3859 λαμπάδων
780 3785 1228 3856 προπορεύονται.
1290 3781 1531 3850 Σήμερον
1573 3781 1604 3848 ἡ
1649 3779 1800 3841 λύσις

239 3884 344 3951 τῆς
373 3879 726 3949 στειρωτικῆς
765 3877 1026 3945 κατάρας,
1071 3873 1239 3937 δῶρον
1284 3874 1361 3932 εἰς
1388 3871 1455 3921 τὰ
1497 3871 1661 3936 Ἀγια
1695 3868 1800 3920 τῶν

209 3992 215 3998 ·
243 3974 416 4041 ἁγίων
444 3971 790 4040 προσάγεται.
812 3968 1054 4037 Σήμερον
1073 3963 1180 4016 τῶν
1202 3959 1497 4031 προφητῶν
1520 3959 1582 4010 τὸ
1604 3960 1802 4028 κήρυγο

245 4083 328 4135 μα
351 4105 365 4127 ,
409 4063 511 4115 ὑπὸ
539 4063 633 4113 τοῦ
663 4058 964 4131 ἀρχιερέως
994 4057 1083 4109 καὶ
1110 4053 1387 4123 προφήτου
1422 4052 1692 4120 Ζαχαρίου
1720 4051 1799 4111 εἰς

242 4154 316 4206 τὰ
359 4153 526 4210 ἄδυτα
563 4149 884 4218 ἀνέρχεται·
916 4144 1044 4198 ἔνθα
1070 4143 1230 4203 αὐτὸς
1258 4139 1403 4201 ἅπαξ
1435 4139 1525 4190 τοῦ
1557 4136 1798 4189 ἐνιαυτοῦ

245 4243 368 4314 μετ’
389 4239 667 4299 εὐλαϐείας
693 4238 997 4306 εἰσήρχετο,
1021 4232 1156 4301 αὕτη
1193 4228 1427 4298 φαιδρῶς
1453 4227 1588 4297 μετὰ
1620 4225 1800 4287 ἁδείας

243 4329 457 4400 ἡμέρας
490 4329 582 4380 καὶ
608 4325 797 4387 νυκτὸς
827 4322 1133 4386 ἐκαθέζετο.

324 4423 396 4472 8'.
433 4421 527 4481 Ti;
555 4419 654 4470 οὐκ
689 4413 930 4484 ἐκπλαγῇ
960 4414 1092 4484 πρὸς
1115 4413 1173 4464 τὸ
1199 4410 1496 4480 παράδοξον
1528 4410 1756 4477 πρᾶγμα
1782 4424 1796 4472 ;

242 4514 330 4572 τίς
357 4511 457 4562 οὐκ
485 4509 839 4576 ἐκπλήττεται
876 4509 966 4558 ἐπὶ
998 4504 1072 4572 τῷ
1102 4502 1386 4572 παραδόξῳ
1418 4500 1689 4568 οαύματι;
1720 4498 1800 4558 τίς

241 4609 347 4659 οὐκ
379 4602 647 4670 ἐκπλαγῇ,
669 4600 877 4668 βλέπων
901 4600 956 4649 ὲν
985 4596 1060 4665 τῷ
1091 4595 1219 4665 ἱερῴ
1247 4591 1676 4662 παρεδρεύουσαν
1700 4591 1793 4657 τὴν

240 4700 360 4757 τοῖς
392 4693 592 4763 ἱερεῦσι
617 4693 898 4759 γεγονυῖαν
921 4690 1208 4757 ἀπρόσιτον
1236 4686 1452 4756 Μαρεαν
1483 4684 1578 4752 τὴν
1606 4679 1800 4750 ἀμίαν-

240 4802 338 4838 τον
372 4762 580 4847 ;Τοῦτο
620 4782 718 4848 τῆς
771 4779 902 4846 πρὸς
949 4778 1093 4848 ἡμᾶς
1147 4775 1438 4842 συναφείας
1485 4769 1797 4842 προοίμιονο

238 4872 408 4925 τοῦτο
436 4873 530 4939 τῆς
576 4868 682 4920 τῶν
707 4871 948 4932 ἀγγέλων
981 4865 1117 4934 μετὰ
1144 4863 1444 4932 ἀνθρώπων
1489 4856 1798 4928 συμμίξεως

162 4977 164 4979 ’
244 4959 620 5031 προχάραγμα
642 4974 655 4988 ·
689 4959 845 5009 τοῦτο
863 4957 956 5024 τῆς
977 4956 1131 5024 ήμῶν
1156 4954 1538 5014 ἀνακαινίσεως
1563 4949 1799 5018 ὲκσφρά-

241 5020 460 5119 γισμαί
509 5020 666 5102 τοῦτο
689 5049 781 5100 τοῦ
817 5020 1186 5114 ἀκανοοιρόρου
1226 5045 1340 5112 βίου
1376 5043 1530 5110 ἡμῶν
1578 5041 1670 5093 καὶ
1703 5043 1798 5108 τῆς
1825 5020 1868 5077 c

241 5142 575 5208 ἀποφάσεως
602 5141 698 5209 τῆς
727 5140 1016 5208 προτέρας.
1053 5136 1167 5200 τοῦ,
1195 5134 1644 5200 Ἐπικατάρατος
1669 5133 1707 5196 ἠ
1732 5129 1806 5198 γῆ

242 5234 316 5284 ἐν
339 5230 466 5294 τοῖς
508 5229 701 5298 ἔργοις
733 5245 869 5292 σου,
901 5227 1162 5290 ἀκάνθας
1196 5225 1290 5277 καὶ
1326 5224 1630 5289 τριϐόλους
1659 5222 1804 5274 ἀνα-

243 5317 416 5372 τελεῖ
433 5333 556 5369 σοι·
586 5316 678 5369 καὶ
705 5316 822 5377 τοῦ,
862 5316 963 5368 Ἐν
985 5313 1177 5379 ιδρῶτι
1203 5313 1308 5364 τοῦ
1341 5309 1659 5378 προσώπου
1690 5322 1805 5360 σου

243 5406 416 5482 φειγῇ
453 5406 558 5461 τὸν
607 5407 789 5474 ἄρτον
829 5424 981 5473 σου,
1023 5407 1054 5474 ἡ
1099 5399 1417 5474 μετάλλαξις
1444 5418 1456 5431 ·
1498 5401 1657 5453 τοῦτο
1690 5398 1801 5460 τοῦ,

246 5499 543 5567 Πληθύνω
591 5499 696 5560 τὰς
734 5501 931 5562 λύπας
979 5511 1092 5549 σου
1125 5494 1220 5547 καὶ
1254 5492 1391 5556 τοὺς
1433 5489 1802 5559 στεναγμούς

325 5632 346 5664 ⁸
382 5630 518 5685 Gen.
550 5645 633 5697 Ill,
667 5629 754 5684 l7.
831 5631 850 5660 '
887 5629 1015 5682 ibid.
1051 5629 1136 5683 19.

1898 3783 2122 3836 ducunt.
2156 3782 2323 3835 Hodie
2368 3785 2419 3836 in
2455 3783 2650 3837 Sancta
2687 3793 3000 3838 sanctorum
3029 3800 3126 3838 ceu
3153 3785 3351 3837 donum
3383 3800 3444 3838 ea

1899 3872 2145 3937 infertur,
2171 3889 2290 3940 quae
2313 3873 2610 3927 sterilitatis
2637 3873 3071 3927 maledictionem
3096 3873 3318 3941 abstulit
3343 3874 3440 3941 (l).

1899 3966 2067 4020 Hodie
2097 3983 2126 4020 a
2152 3967 2424 4036 prophetis
2452 3965 2760 4035 praedicata,
2790 3964 3070 4019 sacerdote
3093 3980 3156 4018 ac
3189 3967 3445 4035 prepheta

1898 4056 2157 4110 Zacharia
2219 4056 2532 4120 comitante,
2566 4055 2620 4108 in
2655 4057 2953 4110 sanctiores
2985 4053 3168 4122 templi
3201 4070 3446 4109 recessus

1898 4149 2175 4212 ascendit;
2205 4155 2258 4202 et
2286 4163 2444 4215 quem
2475 4149 2652 4200 locum
2687 4147 2850 4200 semel
2881 4147 2967 4198 ille
3005 4147 3293 4214 quotannis
3322 4164 3445 4200 cunt

1899 4245 2042 4290 metu
2073 4237 2276 4301 adibat,
2309 4237 2361 4290 in
2389 4251 2453 4290 eo
2485 4236 2658 4305 puella
2690 4237 2792 4290 ista
2821 4237 2975 4290 hilari
3009 4253 3128 4292 cum
3160 4243 3446 4294 securitate

1898 4327 1989 4381 diu
2020 4335 2287 4395 noctuque
2314 4325 2650 4380 considebat.

1945 4411 2030 4465 .li.
2061 4411 2194 4477 Quis
2237 4413 2315 4465 rei
2351 4415 2588 4467 novitate
2621 4429 2725 4467 non
2767 4415 3147 4482 Obstupescat?
3183 4417 3302 4484 quis
3339 4431 3445 4469 non

1900 4502 2158 4570 suspiciat
2183 4503 2498 4556 inusitatum
2529 4504 2875 4572 prodigium?
2899 4504 3030 4569 Quis
3057 4520 3162 4558 non
3196 4509 3448 4574 percella-

1901 4600 1988 4643 tur
2019 4591 2392 4657 admiratione,
2425 4610 2546 4647 cum
2573 4594 2755 4648 videat
2787 4595 3188 4650 imtnaculatam
3226 4597 3444 4658 Mariam

1901 4681 1953 4733 in
1977 4681 2146 4736 sacris
2191 4683 2366 4752 adytis
2421 4684 2750 4740 assidentem
2786 4687 2867 4739 vel
2906 4686 3039 4754 ipsis
3075 4687 3443 4743 sacerdotibus

1901 4771 2094 4824 factam
2128 4771 2509 4827 inaccessam?
2543 4773 2654 4830 Hoc
2691 4776 2902 4828 initium
2935 4783 3014 4828 est
3038 4776 3230 4828 divinae
3263 4778 3444 4830 noois—

1904 4877 2027 4916 cum
2052 4863 2474 4932 conjunctionis.
2499 4864 2623 4920 Haec
2646 4867 2818 4935 prima
2849 4876 2973 4920 sunt
3001 4865 3327 4922 lineamenta
3363 4869 3417 4922 fu
3437 4901 3447 4906 ν-

1903 4964 2033 5010 turze
2065 4957 2200 5009 inter
2230 4958 2446 5026 angelos
2486 4957 2837 5026 hominesque
2870 4960 3164 5013 societatis.
3199 4955 3319 5013 Hzcc
3352 4979 3446 5026 ex.-

1903 5061 2084 5114 pressa
2139 5046 2335 5114 eﬂigies
2384 5056 2583 5102 nostrae
2616 5049 3044 5105 instaurationis.
3079 5050 3202 5104 Haec
3249 5063 3448 5104 ιιοειι-η-

1903 5137 2028 5194 Viue
2053 5136 2236 5203 spinas
2265 5135 2484 5192 ferentis
2517 5149 2678 5208 atque
2713 5142 2857 5196 illius
2881 5143 3204 5210 permutatio
3239 5150 3292 5194 et
3320 5157 3443 5194 sen-

1904 5228 2083 5284 teluiae
2106 5228 2232 5282 olim
2268 5229 2430 5282 latae:
2470 5229 2754 5284 Maledicta
2801 5242 2941 5284 terra
2977 5233 3031 5284 in
3057 5231 3292 5298 operibus
3328 5235 3446 5284 illis.

1908 5321 2082 5385 spinas
2124 5329 2171 5371 et
2215 5321 2432 5397 tribulos
2467 5320 2733 5374 submittet
2780 5321 2873 5373 tibi
2921 5324 2972 5385 ';
3031 5332 3084 5376 et
3130 5323 3276 5377 illius
3313 5341 3325 5374 :
3384 5321 3444 5373 Ῑιι

1901 5408 2087 5461 sudore
2116 5409 2286 5461 vultus
2313 5412 2387 5462 mi
2418 5411 2630 5463 vesceris
2661 5425 2793 5476 pane
2821 5411 2861 5463 ’.
2897 5408 3021 5464 Haec
3063 5421 3146 5466 est
3180 5421 3322 5465 certa
3359 5427 3433 5461 re-

1905 5499 2143 5564 detnptio
2168 5501 2235 5554 ab
2260 5500 2457 5555 inﬂicta
2501 5501 2590 5554 illa
2618 5515 2772 5570 paena
2802 5520 2812 5554 :
2849 5491 3208 5570 Multiplicabo
3248 5501 3446 5553 doleret

315 5777 404 5848 ﬂ)
437 5775 779 5848 sterilitatem
827 5790 931 5848 non
966 5773 1242 5848 _.loachi_t_ni
1295 5782 1347 5826 et
1378 5771 1811 5848 Annae__tantum,
1855 5769 1945 5824 serl
1986 5780 2037 5823 et
2097 5769 2345 5825 humanae
2363 5783 2578 5841 quoque
2611 5782 2806 5826 natura:
2847 5782 2964 5836 quae
2995 5766 3058 5819 ad
3106 5762 3323 5815 Mariam
3356 5779 3438 5818 us

248 5842 365 5920 que
385 5842 587 5901 nullum
613 5846 844 5900 fructum
875 5846 974 5899 nisi
1005 5844 1348 5903 maledictum
1382 5842 1619 5910 protulit.

606 5943 871 6002 PATROL.
918 5943 1030 6006 GR.
1067 5938 1316 6001 XCVIII

3065 5925 3140 5984 147
