4016 6340
638 427 767 491 1483

1688 419 1744 475 S.
1779 416 2077 476 TARASII
2107 416 2603 477 PATRIARCII‘IE
2631 418 2738 476 CP.

3360 370 3393 381 -Δ

3677 414 3792 477 14δὶ

635 546 748 588 tuos
779 544 825 587 et
853 532 1073 603 gemitus
1099 522 1211 582 tuos
1247 528 1265 559 ³
1290 544 1303 591 ;
1341 535 1393 580 et
1425 525 1491 578 ab
1529 524 1616 577 illa
1643 540 1655 576 :
1684 524 1757 577 ’1η
1788 525 1967 578 dolore
1995 525 2166 592 paries

2285 538 2382 576 νου
2408 540 2422 555 ο
2477 524 2569 576 καὶ
2621 523 2743 585 τοῦ,
2781 523 2881 575 Ἐν
2922 523 3138 588 λύπαις
3170 521 3306 588 τέξῃ
3361 519 3563 586 τέκνα,
3620 518 3796 588 βεϐαία

632 624 771 692 ﬁlias
790 622 834 672 ‘.
883 621 1118 688 Agamus
1166 617 1363 685 itaque,
1397 614 1597 679 lldeles,
1629 612 1824 666 festum
1848 613 1988 666 diem
2019 610 2164 664 omni

2285 614 2650 683 ιπολύτρωσις.
2703 613 2918 682 Ταύτην
2974 614 3022 664 οἱ
3074 612 3254 665 πιστοὶ
3306 613 3398 681 ἐορ
3432 613 3654 678 ἀσωμεν
3705 612 3792 681 τὴν,

635 712 841 764 honore
854 708 1248 777 dignissimum,
1270 704 1732 770 clarissimamque
1748 699 2163 760 solemnitatem,

635 810 756 865 qua:
779 795 973 847 divinis
1007 793 1171 847 radiis
1194 790 1570 860 splendescens
1592 829 1608 854 ,
1640 786 2169 861 intelligibilibusque

636 900 860 940 accensa
894 883 1187 937 luminibus
1213 895 1277 935 ac
1302 878 1543 950 mysticis
1572 877 1874 946 fulgoribus
1905 877 2166 938 emicans,

636 987 860 1027 arcanas
881 971 972 1025 Dei
1005 970 1339 1040 cognitiones
1361 966 1678 1021 mortalibus
1711 973 1987 1029 coruscat,
2011 974 2171 1032 atque

640 1075 797 1113 uuam
827 1060 880 1112 in
903 1058 1072 1112 tribus
1095 1058 1342 1126 personis
1363 1057 1715 1118 divinitatem,
1734 1054 2170 1123 omnipotentiam
2212 1069 2219 1076 ·

641 1149 831 1210 Patris,
861 1157 913 1200 et
932 1145 1071 1210 Filii,
1100 1153 1154 1199 et
1181 1143 1410 1213 Spiritus
1439 1143 1609 1197 sancti
1638 1143 1893 1195 declarat.

710 1317 1179 1382 Quarc‘omnibus
1224 1318 1368 1373 hisce
1415 1322 1742 1388 argumentis
1801 1322 1853 1375 in
1902 1337 2171 1376 summam

642 1408 902 1472 collectis,
929 1409 1330 1462 accommodate
1358 1408 1567 1463 dicendi
1600 1411 1919 1479 principium
1950 1428 1978 1465 a
2007 1411 2175 1481 Virgi-

650 1496 736 1549 nis
764 1496 1084 1551 deduetione
1127 1498 1181 1551 in
1212 1498 1467 1567 templum
1506 1514 1602 1567 pro
1641 1499 1844 1554 viribus
1865 1501 2176 1553 describen-

643 1586 710 1639 da
739 1586 1018 1650 faciamus,
1046 1602 1110 1641 ac
1130 1587 1321 1643 deinde
1345 1588 1475 1658 legis
1503 1588 1902 1657 implementum
1925 1598 1976 1641 et
2004 1591 2176 1644 editos

645 1678 829 1743 gratia:
873 1677 1081 1731 fructus
1137 1678 1382 1730 oratione
1427 1691 1833 1745 prosequamur.
1877 1678 1993 1745 Ipsa
2034 1677 2176 1730 enim

647 1765 842 1818 Sancta
889 1775 1198 1819 sanctorum
1224 1800 1238 1828 ,
1284 1766 1659 1819 immaculatus
1688 1765 1848 1820 Verbi
1876 1767 2176 1831 thalamus,

644 1854 880 1920 virginea
927 1854 1073 1923 virga
1110 1853 1305 1906 florens
1328 1894 1343 1916 ,
1389 1869 1510 1907 arca
1544 1855 1999 1918 sanctificationis,
2024 1870 2178 1909 mons

647 1952 888 2004 sanctus,
922 1941 1325 1993 tabernaculum
1361 1939 1450 1993 Dei
1476 1956 1664 2010 capax,
1694 1943 2067 1999 incombustus
2095 1960 2180 1996 ru-

646 2031 770 2093 bus,
822 2028 1179 2082 llammivolus
1211 2028 1302 2081 Dei
1347 2044 1561 2090 currus.
1593 2031 1838 2085 columba
1883 2032 2178 2100 impolluta,

648 2119 979 2188 amplissima
1031 2115 1211 2170 Verbi‘
1244 2118 1418 2179 sedes,
1458 2118 1621 2172 nubes
1650 2134 1678 2172 a
1714 2119 1821 2171 Deo
1863 2122 2179 2182 illuminata,

646 2211 914 2277 variegata
967 2208 1148 2277 regina
1170 2222 1200 2260 e
1228 2209 1432 2261 setnine
1466 2208 1629 2261 David
1674 2220 1953 2276 prognata,
1988 2211 2041 2264 in
2098 2213 2182 2266 sui

649 2298 1029 2351 habitationem
1082 2310 1112 2347 a
1164 2296 1376 2351 Davidis
1429 2295 1678 2350 Creatore
1725 2313 1788 2352 ac
1819 2286 2182 2355 Deo‘servata

652 2388 846 2445 fuerat.

721 2478 807 2532 lll.
828 2476 1140 2532 Joaehimns
1161 2477 1338 2548 itaque
1359 2491 1390 2530 e
1407 2476 1684 2531 duodecim
1711 2476 1919 2531 lsraelis
1941 2476 2184 2535 tribubus

652 2571 813 2625 homo
842 2570 991 2624 dives
1043 2569 1287 2637 idemque
1325 2568 1525 2635 justus,
1563 2584 1659 2622 sua
1706 2570 1758 2622 in
1794 2568 1885 2623 Dei
1927 2562 2185 2626 honorem

650 2679 873 2720 munera
929 2660 1219 2716 deferebat.
1281 2658 1383 2712 Sed
1437 2673 1562 2711 cum
1618 2659 1823 2711 semine
1870 2658 2186 2713 infecundus

651 2769 718 2809 ac
748 2753 1033 2806 liberorum
1061 2762 1253 2816 expers
1282 2755 1448 2809 esset,
1479 2745 1783 2800 sacerdotes
1804 2760 1833 2798 e
1860 2747 2054 2815 templo
2077 2747 2184 2799 Do-

652 2842 786 2897 mini
821 2838 938 2907 ejus
960 2838 1096 2891 dona
1130 2837 1515 2891 contumeliose
1550 2827 1855 2903 reiecerunt
1889 2836 2036 2891 hisce
2066 2852 2185 2890 vcr-

652 2932 737 2987 bis
764 2949 776 2984 :
801 2929 1213 2997 Haudquaquam
1239 2927 1339 2980 ista
1363 2925 1465 2978 Deo
1482 2925 1665 2992 o/ferre
1681 2926 1773 2977 tibi
1795 2926 1877 2991 {as
1893 2935 1988 2988 est,
2004 2928 2189 2993 quippe

649 3022 738 3092 qui
788 3020 932 3072 nulla
972 3018 1145 3071 sobole
1200 3024 1382 3068 auctus
1431 3014 1591 3081 fueris
1644 3015 1697 3066 in
1736 3014 1949 3067 Israele.
1986 3015 2053 3067 At
2100 3018 2189 3069 ille

2263 705 2529 773 πάντιμον
2578 703 2803 772 ἑορτὴν,
2861 702 2960 773 τήν
3010 701 3265 771 λαμπρὰν
3315 703 3622 772 πανήγυριν
3648 740 3664 762 ,
3706 700 3794 768 τὴν

2265 794 2432 855 θείαις
2488 793 2914 846 ἀποστίλϐουσαν
2961 794 3342 861 μαρμαρυγαῖς
3371 831 3386 853 ,
3436 791 3537 860 τὴν
3593 794 3797 857 νοηταῖς

2264 882 2636 951 λαμπαδουχου
2644 882 2808 952 μένην
2826 881 3175 950 φωταυγίαις,
3194 881 3291 949 τὴν
3313 882 3600 949 μυστικαῖς
3623 879 3800 945 ἀγλαῖο

2267 973 2497 1042 ζομένην
2526 964 2888 1039 φωτοδοσίαις,
2913 970 3011 1041 τὴν
3033 972 3315 1040 μυστικαῖς
3343 969 3798 1038 περιαστράπτου-

2269 1076 2367 1111 σαν
2396 1058 2471 1127 τῷ
2507 1060 2695 1129 κόσμῳ
2723 1059 3086 1126 θεογνωσίαις,
3112 1059 3209 1126 τὴν
3242 1061 3299 1135 εν
3322 1057 3469 1127 τρισὶ
3508 1057 3802 1125 προσώποις

2272 1150 2399 1218 μίαν
2428 1148 2678 1217 θεότητα,
2712 1149 2941 1219 Πατρός,
2961 1153 3053 1201 καὶ
3081 1149 3231 1211 Tia-3,
3257 1148 3346 1200 καὶ
3373 1147 3706 1216 Πνεῦματος,
3728 1147 3800 1199 δι-

2268 1237 2501 1302 δάξασαν
2525 1240 3011 1308 παντοκρατορίαν,

2338 1314 2429 1381 Διὸ
2454 1328 2653 1390 ταύτας
2673 1331 2771 1391 τὰς
2796 1328 3077 1390 ὑποθέσεις
3105 1326 3695 1395 ἀνακεφαλαιώσαντες,
3715 1325 3803 1379 καὶ

2272 1421 2441 1488 ἀρχὴν
2471 1418 2721 1482 λαϐόντες
2744 1420 2821 1489 τῷ
2841 1420 2982 1489 λόγῳ
3013 1402 3518 1490 προσήκουσανθτῆς
3544 1418 3803 1486 Παρθένου

2270 1510 2369 1577 τὴν
2401 1510 2456 1560 ὲν
2487 1508 2562 1576 τῷ
2584 1508 2698 1577 ναῷ
2721 1509 3102 1579 προσαγωγὴν,
3136 1510 3259 1563 ὅσον
3287 1505 3397 1562 οἷόν
3422 1526 3484 1561 τε
3506 1507 3804 1577 διαγράψαι·

2278 1614 2375 1666 μεν
2398 1635 2413 1660 ,
2450 1598 2545 1651 κα).
2569 1596 2665 1667 τὴν
2693 1598 2786 1650 τοῦ
2825 1598 2988 1667 νόμου
3020 1599 3363 1669 ἐκπλήρωσίν
3395 1615 3457 1650 τε
3486 1600 3582 1650 καὶ
3608 1613 3805 1667 asapia-

2274 1685 2453 1739 δοσίαν
2478 1686 2936 1756 ὑπαγορεύσωμεν
2955 1702 2972 1718 ⁸
2992 1686 3133 1757 αὕτη
3154 1690 3263 1758 γὰρ
3283 1690 3315 1757 ή
3332 1687 3439 1740 τῶν
3456 1686 3628 1754 ἁγίων
3641 1684 3821 1753 ’Δγίαξ

2277 1775 2310 1842 ἡ
2367 1774 2695 1844 ἀκηλίδωτος
2749 1774 2842 1827 τοῦ
2888 1777 3058 1843 Λόγου
3101 1779 3335 1839 παστὰς,
3390 1778 3452 1829 τὸ
3492 1776 3807 1845 παρϐενικδν

2275 1864 2588 1934 ἀπάνθισμα
2614 1903 2629 1929 ,
2665 1867 2699 1935 ή
2728 1867 2956 1928 κιϐωτὸς
2983 1867 3076 1919 τοῦ
3108 1867 3442 1935 ἁτιὰσματος
3466 1908 3482 1929 ,
3509 1868 3571 1919 τὸ
3599 1865 3722 1935 ὅρος
3753 1866 3807 1917 τὸ

2276 1955 2449 2021 ἅγιον,
2475 1958 2509 2025 ἡ
2537 1955 2870 2027 θεοχιὶερητος
2900 1956 3089 2026 σκηνὴ,
3119 1958 3150 2025 1‘,-
3186 1957 3597 2023 ἁκατάφλεκτος
3632 1955 3806 2024 βάτος,

2276 2044 2337 2097 τὸ
2369 2048 2710 2119 πυρίμορφον
2736 2049 2887 2117 ἆρμα
2926 2049 3019 2101 τοῦ
3042 2048 3198 2114 Θεοῦ,
3230 2051 3264 2118 ή
3286 2048 3597 2117 περιστερᾶ
3625 2049 3657 2116 ἡ
3683 2048 3807 2116 ἀμό-

2276 2134 2485 2199 λυντος,
2511 2138 2572 2188 τὸ
2602 2137 2910 2206 εὐρύχωρον
2935 2138 3028 2190 τοῦ
3049 2139 3219 2205 Λόγου
3249 2141 3465 2209 χωρίον,
3491 2141 3526 2208 ἡ
3555 2138 3808 2204 θεόςωτος

2279 2225 2496 2293 νεφέλη,
2540 2226 2573 2293 ή
2623 2227 3010 2295 πεποικιλμένη
3063 2227 3341 2295 βασίλισσα
3386 2232 3451 2281 ὲκ
3512 2230 3811 2296 σπέρματος

2280 2311 2438 2365 Δαυῒδ
2460 2316 2800 2382 καταγομὲνη
2823 2314 2899 2382 τῷ
2923 2315 3016 2365 τοῦ
3043 2314 3205 2368 Δαυῒδ
3234 2317 3421 2385 κτίστῃ
3442 2317 3537 2368 καὶ
3565 2316 3684 2389 Θεῷ
3703 2318 3809 2368 ἐτε-

2281 2400 2488 2469 τήρητο
2520 2400 2597 2462 είς
2623 2399 2812 2452 ἑαυτοῦ
2840 2401 3172 2468 κατοίκησιν.

2355 2490 2422 2540 l".
2464 2491 2713 2560 Ἰωακεὶμ
2742 2490 2850 2561 γὰρ
2879 2492 2938 2543 ὲν
2982 2494 3047 2560 τῇ
3080 2488 3439 2558 δωδεκαφύλῳ
3466 2487 3566 2541 τοῦ
3610 2487 3812 2554 Ἰσραὴλ

2282 2576 2532 2642 πλούσιος
2561 2581 2637 2630 ὢν
2675 2583 2767 2632 καὶ⁸
2809 2580 3009 2641 δίκαιος
3044 2582 3342 2649 προσέφερε
3374 2581 3441 2631 τὰ
3466 2578 3620 2647 δῶρα
3660 2577 3812 2630 αὑτοῦ

2285 2667 2417 2736 πρὸς
2438 2668 2527 2719 τὸν
2541 2668 2689 2720 Θεόν.
2702 2668 2794 2737 Μὴ
2814 2668 3026 2738 ἔχοντος
3040 2668 3096 2720 δὲ
3112 2668 3329 2738 σπέρμα
3344 2668 3532 2728 αὐτοῦ,
3548 2669 3663 2720 ἀλλ’
3680 2668 3815 2730 ὄντος

2285 2757 2520 2819 ἄπαιδος,
2543 2758 2980 2826 ἁπεσκοράκισαν
3001 2757 3173 2811 ταῦτα
3192 2759 3243 2810 oi
3275 2759 3437 2827 ἱερεῖς
3467 2760 3535 2810 ὲκ
3560 2759 3688 2811 ναοῦ
3718 2760 3817 2810 Κυ-

2287 2848 2432 2918 ρίου,
2457 2848 2702 2915 λέγοντες
2726 2865 2739 2878 ο
2772 2850 2892 2902 Οὐκ
2921 2848 3125 2909 ἔξεο-τι
3156 2863 3255 2902 σοι
3278 2848 3708 2916 προσενεγκεῖν·
3721 2850 3818 2902 αὑ-

2276 2934 2356 2987 ῑτὰ
2390 2933 2465 2998 τῷ
2490 2932 2645 2997 Θεῷ,
2678 2936 2879 2987 καθότι
2916 2936 3151 3002 σπέρμα
3175 2937 3285 2989 οὐκ
3316 2936 3613 3002 ἐποίησας
3642 2936 3711 2989 ἐν
3746 2935 3818 2997 τῷ

2299 3022 2538 3087 Ἰσραήλ
2567 3040 2578 3053 ·
2638 3023 2731 3074 καὶ
2786 3022 3177 3092 σκυθρωπάσας
3228 3023 3408 3087 αὐτὸς,
3454 3026 3722 3092 κατῆλθεν
3746 3026 3818 3097 ,ὲκ

651 3110 825 3165 oculis
870 3109 1126 3175 vultuque
1169 3120 1276 3173 prae
1325 3104 1539 3157 tristitia
1588 3104 1836 3158 demissis
1885 3102 2115 3158 excessit
2155 3121 2186 3158 e

2288 3110 2416 3164 ναοῦ
2454 3110 2680 3180 Κυρίου,
2712 3110 2854 3181 λύπη
2877 3112 3227 3182 συνεχόμενος
3252 3129 3264 3144 ·
3298 3113 3390 3165 καὶ
3416 3114 3476 3164 ὲν
3497 3114 3577 3183 τῷ
3592 3115 3706 3179 ὄρει
3727 3130 3818 3165 κα-

653 3199 852 3266 templo
890 3196 1119 3256 Domini,
1147 3208 1380 3247 ttioerore
1433 3206 1754 3261 Oppressus;
1798 3202 1908 3245 tum
1940 3192 2088 3246 solus
2129 3192 2184 3245 in

653 3299 835 3345 monte
856 3288 920 3340 ad
957 3284 1364 3353 supplicandum
1392 3280 1556 3334 Deum
1591 3296 1902 3342 conversus,
1955 3282 2187 3336 contrito

654 3377 815 3433 corde
838 3388 1086 3443 aegroque
1126 3370 1308 3424 animo
1360 3372 1440 3423 sic
1471 3368 1773 3423 clamabat:
1805 3368 1906 3432 Tu,
1941 3368 2187 3433 Domine,

656 3462 897 3521 cordium
922 3464 1206 3530 inspector,
1226 3468 1278 3512 et
1299 3473 1477 3512 rerum
1498 3457 1736 3511 omnium
1764 3466 1874 3511 tum
1894 3459 2188 3513 visibilium

658 3566 771 3611 tum
812 3552 1160 3608 invisibiliutn
1197 3549 1476 3613 conditor,
1528 3547 1618 3616 qui
1658 3547 1840 3600 caelum
1900 3548 2175 3603 extendisti

658 3647 792 3698 sicut
817 3642 998 3711 pellem
1013 3642 1054 3703 ⁸,
1076 3640 1165 3708 qui
1184 3639 1351 3693 solem
1376 3637 1541 3690 verbo
1568 3644 1660 3691 tuo
1675 3636 1875 3689 creasti
1901 3636 1967 3689 ad
1988 3632 2189 3691 illumié

659 3734 898 3788 nandum
924 3731 1088 3793 diem,
1115 3740 1165 3782 et
1200 3730 1380 3781 lunam
1405 3741 1527 3779 eum
1561 3725 1749 3786 stellis,
1773 3733 1832 3778 ut
1854 3725 2021 3779 facem
2050 3740 2192 3793 prte-

662 3822 811 3876 beret
837 3819 980 3873 nocti
1008 3818 1052 3886 ⁵,
1078 3817 1169 3885 qui
1202 3815 1411 3869 nebulis
1437 3813 1706 3868 madelieri
1742 3827 1918 3869 aerem
1944 3812 2154 3881 iussisti
2178 3853 2195 3877 ,

661 3912 752 3979 qui
801 3909 1017 3963 ﬂamina
1064 3916 1345 3961 ventorum
1392 3903 1545 3972 quasi
1575 3902 1821 3957 clausttis
1862 3892 2190 3968 conclusisti,

662 4001 754 4071 qui
796 4012 944 4052 mare
985 3995 1204 4049 frenasti
1249 3993 1463 4056 arenis,
1494 3992 1775 4059 ipsumque
1794 3992 1940 4050 omni
1964 3992 2190 4059 piscium

664 4104 876 4160 genere,
915 4087 1361 4156 quemadmodum
1393 4093 1585 4136 terram
1617 4096 1830 4150 quoque
1878 4082 2049 4135 brutis
2076 4083 2194 4136 ani-

665 4178 936 4232 mantibus
961 4184 1013 4228 et
1038 4174 1163 4228 feris
1190 4184 1242 4227 et
1264 4173 1485 4226 alitibus
1510 4210 1525 4233 ,
1552 4170 1757 4231 ditasti,
1788 4179 1841 4224 et
1861 4185 2041 4224 escam
2073 4186 2191 4223 om-

658 4267 823 4321 nibus
850 4280 946 4335 pro
979 4272 1067 4316 tua
1098 4263 1370 4314 voluntate
1400 4275 1465 4314 ac
1490 4269 1620 4313 nutu
1660 4258 1988 4327 suppeditas,
2016 4260 2109 4327 qui
2141 4262 2196 4313 in

663 4368 821 4414 terra:
837 4353 1118 4423 superﬁcie
1144 4350 1335 4404 herbas
1364 4348 1639 4415 producis,
1669 4360 1722 4402 et
1758 4365 1943 4404 omnes
1972 4350 2196 4422 arbores

2286 3201 2526 3271 ταμόνας
2555 3199 2645 3253 τὸν
2673 3200 2804 3256 Θεδν
2831 3202 3161 3268 λιτανεύσας,
3195 3204 3330 3273 μετά
3374 3206 3819 3274 συντετριμμένης

2288 3290 2530 3359 καρδίας,
2548 3293 2657 3344 aut
2674 3293 2979 3345 κατωδύνου
3001 3291 3196 3361 ψυχῆς,
3217 3293 3345 3345 ἐϐόα
3361 3293 3536 3361 λέγων
3554 3311 3570 3324 ·
3604 3294 3696 3356 Σὺ,
3719 3295 3819 3347 Κύ-

2291 3364 2393 3446 ριε,
2434 3377 2853 3446 καρδιογνῶστα,
2896 3379 2925 3429 ὁ
2962 3379 3071 3431 τῶν
3098 3379 3306 3448 ὁρατῶν
3349 3395 3410 3431 τε
3455 3381 3554 3432 καὶ
3586 3382 3820 3449 ἀοράτων

2288 3464 2528 3533 κτίστης,
2562 3468 2594 3518 ό
2633 3465 2740 3519 τὸν
2770 3467 3028 3533 οὐρανὸν
3066 3467 3330 3532 τανύσας
3398 3469 3547 3521 ὡσεὶ
3603 3469 3818 3536 δέρῤιν,

2287 3558 2316 3608 ὀ
2343 3555 2434 3608 τὸν
2464 3556 2615 3625 ἥλιον
2641 3557 2720 3619 είς
2750 3558 2942 3623 φαῦσιν
2979 3557 3077 3627 τῆς
3098 3558 3306 3627 ἡμέρας
3334 3558 3647 3627 προστάξας
3680 3558 3820 3625 γενέο

2292 3643 2413 3699 σθαι
2443 3645 2536 3697 καὶ
2563 3645 2661 3715 τὴν
2691 3645 2919 3715 σελήνην
2943 3646 3020 3709 εἰς
3045 3646 3323 3714 δᾳδουχίαν
3340 3648 3438 3713 τῆς
3462 3648 3660 3710 νυκτὸς
3697 3649 3820 3718 μετὰ

2290 3733 2395 3785 τῶν
2415 3734 2658 3804 ἀστέρων
2686 3735 2920 3804 ποιήσας
2951 3750 2965 3763 ·
3000 3737 3028 3787 ὁ
3058 3737 3168 3797 τοῖς
3209 3736 3392 3804 νέφεσι
3422 3737 3515 3787 τὸν
3542 3737 3680 3806 ἀέρα
3708 3737 3820 3808 βρέ-

2292 3837 2408 3890 χειν
2434 3823 2716 3887 κελεύσας,
2745 3826 2840 3877 καὶ
2865 3824 2978 3883 τῶν
3008 3825 3221 3894 ἀνέμων
3250 3825 3346 3887 τὰς
3379 3827 3547 3888 πνοὰς
3582 3827 3826 3897 θησαυρίο

2295 3926 2391 3971 σας
2416 3925 2429 3940 °
2463 3912 2492 3963 ὁ
2518 3913 2613 3981 τὴν
2639 3912 2908 3966 Θάλασσαν
2936 3912 3233 3982 χαλινώσας
3259 3917 3327 3982 τῇ
3352 3913 3569 3986 ψάμμῳ
3599 3919 3689 3968 καὶ
3710 3916 3823 3970 ταὺ-

2293 4015 2391 4070 την
2412 4001 2601 4066 γένους
2649 4001 2843 4070 ἰχθύων
2870 3998 3182 4071 πληρώσας,
3219 4003 3311 4054 καὶ
3339 4002 3435 4071 τήν
3459 4003 3693 4074 ἤπειρον
3717 4005 3825 4057 ἁλός

2294 4103 2406 4154 γων
2439 4089 2534 4140 καὶ
2570 4089 2678 4142 τῶν
2709 4090 2914 4158 Θηρίων
2947 4090 3045 4142 καὶ
3073 4089 3176 4141 τῶν
3200 4091 3463 4143 πετεινῶν
3484 4132 3501 4153 ,
3538 4094 3635 4145 καὶ
3668 4093 3825 4146 ταῦτα

2293 4174 2507 4244 τρέφων
2536 4174 2781 4245 βουλήσει
2803 4177 2897 4229 καὶ
2924 4177 3229 4246 προστάξει·
3266 4178 3294 4229 ὁ
3324 4178 3400 4245 τῷ
3432 4179 3713 4250 προσώπῳ
3736 4178 3825 4248 τῆς

2296 4265 2398 4331 γῆς
2430 4265 2620 4333 χόρτον
2650 4265 3030 4330 ὲξανατᾶλλων,
3070 4268 3162 4319 καὶ
3209 4269 3340 4320 πᾶσι
3369 4268 3611 4337 δένδροις
3638 4271 3706 4322 τὰ
3732 4270 3822 4322 ίδια

2297 4354 2662 4420 καλλωπίσας,
2690 4355 2987 4411 ἐπάκοντόν
3017 4374 3137 4427 μου,
3173 4356 3528 4427 εὔσπλαγχνε,
3560 4359 3654 4413 καὶ
3672 4358 3828 4429 δώρη-

667 4461 764 4499 sua
800 4457 1039 4513 quasque
1070 4440 1460 4510 pulchritudine
1491 4453 1720 4493 exornas
1748 4480 1762 4503 ,
1806 4440 1997 4492 exaudi
2028 4454 2134 4504 me,
2161 4455 2186 4494 ο

2298 4443 2386 4497 σαί
2418 4462 2507 4514 μοι
2529 4446 2741 4510 τέκνον,
2771 4444 2993 4515 χάρισαί
3033 4463 3123 4513 μοι
3146 4448 3510 4516 καρπογονίας
3565 4449 3823 4518 ἐνέχυρον,

668 4535 995 4592 misericors,
1021 4539 1075 4583 et
1100 4529 1227 4582 mihi
1262 4528 1499 4581 sobolem
1526 4527 1738 4595 largire.
1775 4526 1976 4595 Pignus
1998 4544 2195 4597 propa-

652 4624 852 4696 gandae
880 4620 1059 4688 stirpis
1085 4617 1148 4671 da
1176 4618 1327 4679 mihi,
1361 4624 1419 4668 ut
1445 4617 1793 4671 obstrtlantur
1826 4618 1969 4669 labia
1993 4602 2197 4682 dolosa,

668 4734 782 4788 qua:
804 4713 1128 4783 iniquitatem
1166 4709 1447 4777 loquuntur
1470 4707 1715 4761 adversus
1743 4708 1947 4775 justum
1985 4709 2200 4776 superbe

668 4820 822 4875 atque
836 4802 1115 4857 insolenter
1142 4800 1182 4856 ⁷.

736 4894 864 4949 llaec
886 4892 1122 4946 hominis
1147 4889 1277 4957 justi
1303 4888 1487 4952 verba,
1522 4889 1633 4942 haec
1662 4888 2015 4956 progenitoris
2048 4887 2201 4941 obte-

669 4988 948 5047 stationes,
975 4979 1109 5034 tales
1130 4977 1391 5031 Joacbimi
1413 4994 1476 5033 ex
1505 4978 1683 5046 penito
1715 4979 1878 5031 animi
1905 4977 2088 5032 dolore
2108 4991 2200 5045 ge-

669 5079 853 5130 tuitus.

739 5163 826 5217 ιγ.
863 5161 1001 5227 Quid
1027 5175 1153 5215 vero
1202 5160 1363 5214 etiam
1420 5155 1616 5207 Anna?
1667 5156 1863 5223 quippe
1899 5154 2202 5222 juvat.ejus

672 5264 885 5321 quoque
907 5249 1168 5301 dictorum
1198 5248 1518 5302 mentionem
1549 5243 1744 5298 facere.
1772 5245 1863 5297 llla
1891 5244 2055 5307 enitn,
2083 5259 2202 5312 quin

671 5351 897 5394 concors
918 5335 1123 5389 vixerat
1143 5352 1249 5390 una
1273 5350 1395 5390 cum
1418 5335 1556 5395 viro,
1586 5344 1639 5387 et
1662 5332 1791 5385 ﬂore
1813 5334 1984 5386 aetatis
2001 5333 2202 5386 amisso

672 5431 776 5497 iam
805 5426 1054 5496 vergebat
1080 5425 1133 5478 in
1165 5425 1396 5486 senium,
1422 5425 1475 5477 in
1506 5431 1758 5492 perpetua
1779 5423 2023 5489 jacuerat
2051 5425 2206 5495 steri-

675 5516 839 5572 litate.
891 5515 1152 5567 Carterum
1185 5529 1306 5568 cum
1341 5522 1394 5567 et
1418 5514 1528 5580 jam
1576 5511 1855 5565 muliebria
1900 5513 2201 5574 desiissent,

2294 4534 2440 4596 ὅπως
2474 4536 2729 4604 ὲμφραγῇ
2759 4536 2928 4601 χείλη
2952 4533 3022 4587 τὰ
3053 4534 3244 4599 δόλια,
3271 4536 3339 4588 τὰ
3358 4536 3672 4591 λαλοῦντα
3696 4541 3828 4590 κατὰ

2295 4623 2400 4677 τοῦ
2441 4623 2671 4675 δικαίου
2711 4623 2961 4693 ἀνομίαν
3000 4626 3071 4678 ἐν
3109 4625 3482 4692 ὑπερηφανίᾳ
3548 4627 3649 4680 καί
3675 4626 3826 4689 ἐξουο

2296 4712 2559 4767 δενώσει.

2314 4955 2321 4958 δ
2367 4889 2548 4942 Ταῦτα
2581 4889 2674 4942 τοῦ
2700 4889 2907 4943 δικαίου
2936 4890 3005 4944 τὰ
3037 4893 3252 4961 ῥήματα
3279 4907 3292 4920 ·
3321 4886 3482 4963 αὗται
3508 4893 3609 4946 τοῦ
3638 4894 3829 4963 προπά-

2297 4995 2451 5047 τορος
2478 4979 2534 5030 αί
2555 4979 2929 5048 παρακλήσεις
2952 4997 2964 5010 ·
2987 4979 3219 5033 τοιοῦτοι
3244 4977 3338 5031 τοῦ
3354 4961 3612 5051 ἰωακεὶμ
3634 4983 3695 5034 ἐκ
3718 4999 3827 5035 κατ-

2297 5066 2497 5121 ωδύνου
2529 5066 2704 5137 ψυχῆς
2726 5069 2775 5120 οἱ
2809 5069 3123 5136 στεναγμοί.

2370 5158 2441 5210 Δ’.
2472 5157 2515 5208 Τ
2520 5157 2536 5208 ί
2571 5157 2627 5209 δὲ
2656 5158 2751 5209 καὶ
2779 5159 2812 5227 ή
2848 5158 3053 5221 'Avva;
3083 5156 3244 5211 καλὸν
3280 5158 3388 5229 γὰρ
3410 5161 3511 5211 καὶ
3545 5160 3713 5229 αὐτῆς
3740 5159 3829 5212 τῶν

2301 5246 2559 5315 ῥημάτων
2581 5245 3076 5314 ἀπομνημονεῦσαι.
3107 5248 3253 5315 Αὕτη
3275 5247 3385 5316 γὰρ
3412 5247 3491 5315 τῷ
3521 5250 3676 5318 ἀνδρὶ
3706 5250 3829 5316 σύμο

2300 5351 2473 5402 φωνος
2521 5334 2956 5400 συμϐιοτεύσασα
2981 5376 2995 5400 ,
3025 5339 3116 5388 καὶ
3172 5337 3232 5388 τὸ
3266 5334 3367 5404 τῆς
3398 5338 3655 5409 νεότητος
3691 5339 3832 5400 ἄνθος

2299 5426 2377 5485 είς
2406 5424 2577 5494 γῆρας
2607 5425 2840 5479 ἐλάσασα
2862 5469 2876 5490 ,
2909 5427 3094 5494 στείρα
3123 5425 3361 5492 διέμεινε
3394 5430 3576 5482 πάντα
3602 5430 3694 5482 τὸν
3722 5430 3829 5496 χρὸο

2304 5531 2389 5565 νον
2422 5514 2588 5582 αὐτῆς
2623 5529 2635 5543 ·
2667 5517 2844 5566 λοιπὸν
2884 5517 2973 5567 καὶ
2998 5516 3060 5569 τὰ
3084 5517 3191 5569 τῶν
3219 5517 3493 5584 γυναικῶν
3523 5518 3824 5593 ἀναπληρώ-

676 5740 681 5743 ⁸
744 5739 763 5770 ³
786 5740 917 5795 Gen.
951 5757 1031 5806 tu,
1063 5737 1147 5793 16.
1224 5739 1242 5769 ⁵
1275 5737 1404 5791 ibid.
1480 5738 1498 5767 ⁵
1523 5735 1663 5789 Psal.
1691 5750 1805 5801 CIII,
1832 5736 1884 5786 ‘2.
1965 5734 2137 5789 “Gen.
2169 5749 2181 5786 l

2285 5735 2317 5789 ἶ.
2389 5737 2565 5792 ’Psal.
2602 5753 2724 5801 xxx,
2764 5739 2845 5805 18,
2871 5740 2951 5811 l9.
