  <div class='ocr_page' id='page_1' title='image "/cluster/home/n/w/nwhite01/storage/ocr_20150623/98/pst.000005714056/780.png"; bbox 0 0 4016 6340; ppageno 0'>
   <div class='ocr_carea' id='block_1_1' title="bbox 232 465 367 533">
    <p class='ocr_par' dir='ltr' id='par_1_1' title="bbox 232 465 367 533">
     <span class='ocr_line' id='line_1_1' title="bbox 232 465 367 533; baseline 0.044 -6"><span class='ocrx_word' id='word_1_1' title='bbox 232 465 367 533; x_wconf 75' lang='grc'><strong>1485</strong></span> 
     </span>
    </p>
   </div>
   <div class='ocr_carea' id='block_1_2' title="bbox 1154 462 2507 528">
    <p class='ocr_par' dir='ltr' id='par_1_2' title="bbox 1154 462 2507 528">
     <span class='ocr_line' id='line_1_2' title="bbox 1154 462 2507 528; baseline 0.001 -5"><span class='ocrx_word' id='word_1_2' title='bbox 1154 467 1235 527; x_wconf 83' lang='grc' dir='ltr'><strong>ΙΝ</strong></span> <span class='ocrx_word' id='word_1_3' title='bbox 1264 467 1365 528; x_wconf 86' lang='lat' dir='ltr'><strong>SS.</strong></span> <span class='ocrx_word' id='word_1_4' title='bbox 1399 464 1742 527; x_wconf 66' lang='lat' dir='ltr'><strong>DElPAlixE</strong></span> <span class='ocrx_word' id='word_1_5' title='bbox 1788 462 2507 525; x_wconf 62' lang='lat' dir='ltr'><strong>PRESENTATIONEM.</strong></span> 
     </span>
    </p>
   </div>
   <div class='ocr_carea' id='block_1_3' title="bbox 3289 452 3422 516">
    <p class='ocr_par' dir='ltr' id='par_1_3' title="bbox 3289 452 3422 516">
     <span class='ocr_line' id='line_1_3' title="bbox 3289 452 3422 516; baseline 0 -1"><span class='ocrx_word' id='word_1_6' title='bbox 3289 452 3422 516; x_wconf 69' lang='grc'><strong>1486</strong></span> 
     </span>
    </p>
   </div>
   <div class='ocr_carea' id='block_1_4' title="bbox 225 562 1783 644">
    <p class='ocr_par' dir='ltr' id='par_1_4' title="bbox 225 572 1774 644">
     <span class='ocr_line' id='line_1_4' title="bbox 225 572 1774 644; baseline -0.003 -16"><span class='ocrx_word' id='word_1_7' title='bbox 225 593 399 637; x_wconf 88' lang='grc' dir='ltr'>σασα,</span> <span class='ocrx_word' id='word_1_8' title='bbox 441 575 639 644; x_wconf 83' lang='grc' dir='ltr'><strong>φυσικῇ</strong></span> <span class='ocrx_word' id='word_1_9' title='bbox 683 572 917 627; x_wconf 74' lang='grc' dir='ltr'><strong>διαθέσει</strong></span> <span class='ocrx_word' id='word_1_10' title='bbox 965 575 1187 638; x_wconf 81' lang='grc' dir='ltr'>ἄτεκνος</span> <span class='ocrx_word' id='word_1_11' title='bbox 1231 576 1576 644; x_wconf 74' lang='grc' dir='ltr'>ὲγνωρίζετο.</span> <span class='ocrx_word' id='word_1_12' title='bbox 1612 574 1774 623; x_wconf 80' lang='grc' dir='ltr'>Ὅθεν</span> 
     </span>
    </p>
   </div>
   <div class='ocr_carea' id='block_1_5' title="bbox 1882 562 3420 644">
    <p class='ocr_par' dir='ltr' id='par_1_5' title="bbox 1882 562 3420 639">
     <span class='ocr_line' id='line_1_5' title="bbox 1882 562 3420 639; baseline -0.002 -18"><span class='ocrx_word' id='word_1_13' title='bbox 1882 570 2299 639; x_wconf 79' lang='lat' dir='ltr'><strong>dignoscebatur</strong></span> <span class='ocrx_word' id='word_1_14' title='bbox 2338 586 2527 626; x_wconf 75' lang='lat' dir='ltr'><strong>exsors</strong></span> <span class='ocrx_word' id='word_1_15' title='bbox 2560 566 2894 638; x_wconf 83' lang='lat' dir='ltr'><strong>concipiendi</strong></span> <span class='ocrx_word' id='word_1_16' title='bbox 2927 566 3087 620; x_wconf 62' lang='lat' dir='ltr'><strong>fletus</strong></span> <span class='ocrx_word' id='word_1_17' title='bbox 3113 562 3420 618; x_wconf 84' lang='lat' dir='ltr'><strong>conditione</strong></span> 
     </span>
    </p>
   </div>
   <div class='ocr_carea' id='block_1_6' title="bbox 225 665 1767 738">
    <p class='ocr_par' dir='ltr' id='par_1_6' title="bbox 225 665 1767 738">
     <span class='ocr_line' id='line_1_6' title="bbox 225 665 1767 738; baseline -0.003 -21"><span class='ocrx_word' id='word_1_18' title='bbox 225 669 319 738; x_wconf 72' lang='grc' dir='ltr'>τὴν</span> <span class='ocrx_word' id='word_1_19' title='bbox 343 667 684 735; x_wconf 82' lang='grc' dir='ltr'>ἀναχώρησιν</span> <span class='ocrx_word' id='word_1_20' title='bbox 703 665 797 718; x_wconf 80' lang='grc' dir='ltr'>τοῦ</span> <span class='ocrx_word' id='word_1_21' title='bbox 820 666 1051 732; x_wconf 77' lang='grc' dir='ltr'>συζύγου</span> <span class='ocrx_word' id='word_1_22' title='bbox 1075 666 1425 735; x_wconf 71' lang='grc' dir='ltr'><strong>θεωρήσασα,</strong></span> <span class='ocrx_word' id='word_1_23' title='bbox 1449 666 1523 728; x_wconf 82' lang='grc' dir='ltr'>ὡς</span> <span class='ocrx_word' id='word_1_24' title='bbox 1554 667 1767 733; x_wconf 84' lang='grc' dir='ltr'>τρυγὼν</span> 
     </span>
    </p>
   </div>
   <div class='ocr_carea' id='block_1_7' title="bbox 226 757 1770 832">
    <p class='ocr_par' dir='ltr' id='par_1_7' title="bbox 226 757 1770 832">
     <span class='ocr_line' id='line_1_7' title="bbox 226 757 1770 832; baseline -0.001 -25"><span class='ocrx_word' id='word_1_25' title='bbox 226 757 412 832; x_wconf 75' lang='grc' dir='ltr'>φιλέρη</span> <span class='ocrx_word' id='word_1_26' title='bbox 424 775 537 825; x_wconf 73' lang='grc' dir='ltr'>μσς,</span> <span class='ocrx_word' id='word_1_27' title='bbox 560 760 616 809; x_wconf 79' lang='grc' dir='ltr'>ὲν</span> <span class='ocrx_word' id='word_1_28' title='bbox 640 757 717 826; x_wconf 85' lang='grc' dir='ltr'>τῷ</span> <span class='ocrx_word' id='word_1_29' title='bbox 742 759 913 827; x_wconf 81' lang='grc' dir='ltr'>αὐτῆς</span> <span class='ocrx_word' id='word_1_30' title='bbox 938 759 1249 829; x_wconf 77' lang='grc' dir='ltr'><strong>παραδείσῳ</strong></span> <span class='ocrx_word' id='word_1_31' title='bbox 1270 758 1452 826; x_wconf 86' lang='grc' dir='ltr'>εὐχαῖς</span> <span class='ocrx_word' id='word_1_32' title='bbox 1480 758 1770 825; x_wconf 25' lang='grc' dir='ltr'>ἱκετηρ-ίοις</span> 
     </span>
    </p>
   </div>
   <div class='ocr_carea' id='block_1_8' title="bbox 223 847 1767 917">
    <p class='ocr_par' dir='ltr' id='par_1_8' title="bbox 223 847 1767 917">
     <span class='ocr_line' id='line_1_8' title="bbox 223 847 1767 917; baseline -0.003 -16"><span class='ocrx_word' id='word_1_33' title='bbox 223 850 314 901; x_wconf 81' lang='grc' dir='ltr'>τὸν</span> <span class='ocrx_word' id='word_1_34' title='bbox 364 849 594 917; x_wconf 76' lang='grc' dir='ltr'>ποιητὴν</span> <span class='ocrx_word' id='word_1_35' title='bbox 642 848 736 901; x_wconf 72' lang='grc' dir='ltr'>καὶ</span> <span class='ocrx_word' id='word_1_36' title='bbox 779 849 1020 917; x_wconf 87' lang='grc' dir='ltr'>πλάστην</span> <span class='ocrx_word' id='word_1_37' title='bbox 1057 847 1464 917; x_wconf 77' lang='grc' dir='ltr'><strong>ἀνακαλουμένη</strong></span> <span class='ocrx_word' id='word_1_38' title='bbox 1492 888 1505 909; x_wconf 87' lang='grc'><strong>,</strong></span> <span class='ocrx_word' id='word_1_39' title='bbox 1551 847 1730 912; x_wconf 75' lang='grc' dir='ltr'>ἔλεγεν</span> <span class='ocrx_word' id='word_1_40' title='bbox 1756 862 1767 874; x_wconf 91' lang='grc'><strong>·</strong></span> 
     </span>
    </p>
   </div>
   <div class='ocr_carea' id='block_1_9' title="bbox 223 930 1769 1007">
    <p class='ocr_par' dir='ltr' id='par_1_9' title="bbox 223 930 1769 1007">
     <span class='ocr_line' id='line_1_9' title="bbox 223 930 1769 1007; baseline -0.003 -16"><span class='ocrx_word' id='word_1_41' title='bbox 223 930 292 991; x_wconf 69' lang='lat'><strong>&#39;0</strong></span> <span class='ocrx_word' id='word_1_42' title='bbox 325 940 494 1007; x_wconf 84' lang='grc' dir='ltr'>Κύριε</span> <span class='ocrx_word' id='word_1_43' title='bbox 525 938 774 1005; x_wconf 82' lang='grc' dir='ltr'>Σαϐαὼθ,</span> <span class='ocrx_word' id='word_1_44' title='bbox 801 941 832 991; x_wconf 84' lang='grc' dir='ltr'><strong>ό</strong></span> <span class='ocrx_word' id='word_1_45' title='bbox 851 937 1182 1007; x_wconf 75' lang='grc' dir='ltr'>καθήμενος</span> <span class='ocrx_word' id='word_1_46' title='bbox 1207 938 1303 990; x_wconf 84' lang='grc' dir='ltr'><strong>ἐπὶ</strong></span> <span class='ocrx_word' id='word_1_47' title='bbox 1323 936 1439 989; x_wconf 82' lang='grc' dir='ltr'>τῶν</span> <span class='ocrx_word' id='word_1_48' title='bbox 1464 937 1769 1003; x_wconf 67' lang='grc' dir='ltr'>Χερουϐὶμ.</span> 
     </span>
    </p>
   </div>
   <div class='ocr_carea' id='block_1_10' title="bbox 224 1024 1771 1098">
    <p class='ocr_par' dir='ltr' id='par_1_10' title="bbox 224 1024 1771 1098">
     <span class='ocr_line' id='line_1_10' title="bbox 224 1024 1771 1098; baseline -0.004 -15"><span class='ocrx_word' id='word_1_49' title='bbox 224 1031 313 1084; x_wconf 76' lang='grc' dir='ltr'>καὶ</span> <span class='ocrx_word' id='word_1_50' title='bbox 357 1029 710 1097; x_wconf 75' lang='grc' dir='ltr'>δοξαζόμενος</span> <span class='ocrx_word' id='word_1_51' title='bbox 784 1030 887 1083; x_wconf 75' lang='grc' dir='ltr'><strong>ὐπδ</strong></span> <span class='ocrx_word' id='word_1_52' title='bbox 936 1029 1043 1081; x_wconf 85' lang='grc' dir='ltr'><strong>τῶν</strong></span> <span class='ocrx_word' id='word_1_53' title='bbox 1096 1024 1382 1098; x_wconf 60' lang='grc' dir='ltr'>Σεραρῖμ*</span> <span class='ocrx_word' id='word_1_54' title='bbox 1440 1032 1472 1079; x_wconf 87' lang='lat' dir='ltr'><strong>o&#39;</strong></span> <span class='ocrx_word' id='word_1_55' title='bbox 1525 1027 1771 1095; x_wconf 66' lang='grc' dir='ltr'>μψιάσι</span> 
     </span>
    </p>
   </div>
   <div class='ocr_carea' id='block_1_11' title="bbox 219 1114 1775 1189">
    <p class='ocr_par' dir='ltr' id='par_1_11' title="bbox 219 1114 1775 1189">
     <span class='ocr_line' id='line_1_11' title="bbox 219 1114 1775 1189; baseline -0.005 -16"><span class='ocrx_word' id='word_1_56' title='bbox 219 1119 526 1189; x_wconf 79' lang='grc' dir='ltr'><strong>μυριάδων</strong></span> <span class='ocrx_word' id='word_1_57' title='bbox 570 1119 818 1187; x_wconf 81' lang='grc' dir='ltr'>ἀγγέλων</span> <span class='ocrx_word' id='word_1_58' title='bbox 863 1117 1341 1187; x_wconf 77' lang='grc' dir='ltr'><strong>δορυφορούμενος,</strong></span> <span class='ocrx_word' id='word_1_59' title='bbox 1402 1116 1496 1170; x_wconf 79' lang='grc' dir='ltr'>καὶ</span> <span class='ocrx_word' id='word_1_60' title='bbox 1547 1114 1775 1182; x_wconf 73' lang='grc' dir='ltr'>χιλιάσι</span> 
     </span>
    </p>
   </div>
   <div class='ocr_carea' id='block_1_12' title="bbox 222 1203 1771 1278">
    <p class='ocr_par' dir='ltr' id='par_1_12' title="bbox 222 1203 1771 1278">
     <span class='ocr_line' id='line_1_12' title="bbox 222 1203 1771 1278; baseline -0.006 -16"><span class='ocrx_word' id='word_1_61' title='bbox 222 1208 505 1278; x_wconf 67' lang='grc' dir='ltr'>χιλιάδων</span> <span class='ocrx_word' id='word_1_62' title='bbox 534 1208 802 1276; x_wconf 75' lang='grc' dir='ltr'><strong>στρατιῶν</strong></span> <span class='ocrx_word' id='word_1_63' title='bbox 830 1205 1107 1274; x_wconf 81' lang='grc' dir='ltr'>δοξολογού</span> <span class='ocrx_word' id='word_1_64' title='bbox 1118 1223 1273 1275; x_wconf 87' lang='grc' dir='ltr'>μενος</span> <span class='ocrx_word' id='word_1_65' title='bbox 1301 1205 1397 1259; x_wconf 71' lang='grc' dir='ltr'>καὶ</span> <span class='ocrx_word' id='word_1_66' title='bbox 1439 1203 1771 1274; x_wconf 69' lang='grc' dir='ltr'>προσκυνού-</span> 
     </span>
    </p>
   </div>
   <div class='ocr_carea' id='block_1_13' title="bbox 227 1286 1831 1368">
    <p class='ocr_par' dir='ltr' id='par_1_13' title="bbox 227 1286 1831 1368">
     <span class='ocr_line' id='line_1_13' title="bbox 227 1286 1831 1368; baseline -0.004 -18"><span class='ocrx_word' id='word_1_67' title='bbox 227 1316 384 1368; x_wconf 82' lang='grc' dir='ltr'>μενος</span> <span class='ocrx_word' id='word_1_68' title='bbox 416 1315 431 1330; x_wconf 89' lang='grc'><strong>·</strong></span> <span class='ocrx_word' id='word_1_69' title='bbox 472 1300 499 1350; x_wconf 98' lang='lat'><strong>6</strong></span> <span class='ocrx_word' id='word_1_70' title='bbox 530 1299 620 1351; x_wconf 80' lang='grc' dir='ltr'>τὸν</span> <span class='ocrx_word' id='word_1_71' title='bbox 656 1296 825 1366; x_wconf 74' lang='grc' dir='ltr'>Ἀδὰμ</span> <span class='ocrx_word' id='word_1_72' title='bbox 848 1297 1059 1359; x_wconf 78' lang='grc' dir='ltr'>πλάσας</span> <span class='ocrx_word' id='word_1_73' title='bbox 1089 1298 1155 1365; x_wconf 79' lang='grc' dir='ltr'><strong>τῇ</strong></span> <span class='ocrx_word' id='word_1_74' title='bbox 1178 1295 1321 1365; x_wconf 82' lang='grc' dir='ltr'>χειρί</span> <span class='ocrx_word' id='word_1_75' title='bbox 1352 1312 1468 1360; x_wconf 86' lang='grc' dir='ltr'>σου,</span> <span class='ocrx_word' id='word_1_76' title='bbox 1495 1286 1588 1346; x_wconf 76' lang='grc' dir='ltr'><strong>καὶ</strong></span> <span class='ocrx_word' id='word_1_77' title='bbox 1629 1292 1776 1361; x_wconf 81' lang='grc' dir='ltr'>αὐτῷ</span> <span class='ocrx_word' id='word_1_78' title='bbox 1826 1334 1831 1339; x_wconf 96' lang='grc'>.</span> 
     </span>
    </p>
   </div>
   <div class='ocr_carea' id='block_1_14' title="bbox 226 1383 1777 1458">
    <p class='ocr_par' dir='ltr' id='par_1_14' title="bbox 226 1383 1777 1458">
     <span class='ocr_line' id='line_1_14' title="bbox 226 1383 1777 1458; baseline -0.003 -18"><span class='ocrx_word' id='word_1_79' title='bbox 226 1389 368 1458; x_wconf 79' lang='grc' dir='ltr'>ζωὴν</span> <span class='ocrx_word' id='word_1_80' title='bbox 394 1387 565 1457; x_wconf 67' lang='grc' dir='ltr'>ἐνθεὶς</span> <span class='ocrx_word' id='word_1_81' title='bbox 593 1389 658 1457; x_wconf 80' lang='grc' dir='ltr'>τῇ</span> <span class='ocrx_word' id='word_1_82' title='bbox 693 1386 961 1456; x_wconf 77' lang='grc' dir='ltr'>ζωηφόρῳ</span> <span class='ocrx_word' id='word_1_83' title='bbox 993 1402 1086 1439; x_wconf 91' lang='grc' dir='ltr'><strong>σου</strong></span> <span class='ocrx_word' id='word_1_84' title='bbox 1120 1384 1407 1455; x_wconf 74' lang='grc' dir='ltr'><strong>προστάξει</strong></span> <span class='ocrx_word' id='word_1_85' title='bbox 1446 1387 1538 1438; x_wconf 74' lang='grc' dir='ltr'><strong>καὶ</strong></span> <span class='ocrx_word' id='word_1_86' title='bbox 1585 1387 1648 1438; x_wconf 84' lang='grc' dir='ltr'>ὲκ</span> <span class='ocrx_word' id='word_1_87' title='bbox 1677 1383 1777 1450; x_wconf 77' lang='grc' dir='ltr'>τῆς</span> 
     </span>
    </p>
   </div>
   <div class='ocr_carea' id='block_1_15' title="bbox 226 1476 1775 1546">
    <p class='ocr_par' dir='ltr' id='par_1_15' title="bbox 226 1476 1775 1546">
     <span class='ocr_line' id='line_1_15' title="bbox 226 1476 1775 1546; baseline -0.001 -18"><span class='ocrx_word' id='word_1_88' title='bbox 226 1477 467 1546; x_wconf 80' lang='grc' dir='ltr'>πλευρᾶς</span> <span class='ocrx_word' id='word_1_89' title='bbox 510 1476 673 1530; x_wconf 84' lang='grc' dir='ltr'>αὐτοῦ</span> <span class='ocrx_word' id='word_1_90' title='bbox 707 1476 1130 1545; x_wconf 83' lang='grc' dir='ltr'><strong>ἀνοικοδομήσας</strong></span> <span class='ocrx_word' id='word_1_91' title='bbox 1176 1477 1404 1542; x_wconf 84' lang='grc' dir='ltr'>γυναῖκα</span> <span class='ocrx_word' id='word_1_92' title='bbox 1432 1489 1447 1503; x_wconf 82' lang='grc'><em>’</em></span> <span class='ocrx_word' id='word_1_93' title='bbox 1479 1476 1505 1527; x_wconf 91' lang='lat'><strong>6</strong></span> <span class='ocrx_word' id='word_1_94' title='bbox 1546 1476 1610 1544; x_wconf 79' lang='grc' dir='ltr'><strong>τῇ</strong></span> <span class='ocrx_word' id='word_1_95' title='bbox 1639 1476 1775 1543; x_wconf 65' lang='grc' dir='ltr'>σοφῇ</span> 
     </span>
    </p>
   </div>
   <div class='ocr_carea' id='block_1_16' title="bbox 227 1560 1779 1633">
    <p class='ocr_par' dir='ltr' id='par_1_16' title="bbox 227 1560 1779 1633">
     <span class='ocr_line' id='line_1_16' title="bbox 227 1560 1779 1633; baseline -0.003 -17"><span class='ocrx_word' id='word_1_96' title='bbox 227 1580 320 1616; x_wconf 85' lang='grc' dir='ltr'><strong>σου</strong></span> <span class='ocrx_word' id='word_1_97' title='bbox 351 1564 566 1632; x_wconf 69' lang='grc' dir='ltr'>εὐδοκία</span> <span class='ocrx_word' id='word_1_98' title='bbox 598 1562 831 1633; x_wconf 80' lang='grc' dir='ltr'><strong>ποιήσας</strong></span> <span class='ocrx_word' id='word_1_99' title='bbox 860 1560 1008 1630; x_wconf 84' lang='grc' dir='ltr'>αὐτῷ</span> <span class='ocrx_word' id='word_1_100' title='bbox 1030 1560 1265 1629; x_wconf 77' lang='grc' dir='ltr'>,βοηθὸν</span> <span class='ocrx_word' id='word_1_101' title='bbox 1284 1561 1410 1614; x_wconf 78' lang='grc' dir='ltr'>κατ’</span> <span class='ocrx_word' id='word_1_102' title='bbox 1433 1560 1651 1624; x_wconf 79' lang='grc' dir='ltr'>αὐτὸν,</span> <span class='ocrx_word' id='word_1_103' title='bbox 1685 1563 1779 1613; x_wconf 73' lang='grc' dir='ltr'>καὶ</span> 
     </span>
    </p>
   </div>
   <div class='ocr_carea' id='block_1_17' title="bbox 225 1650 1775 1719">
    <p class='ocr_par' dir='ltr' id='par_1_17' title="bbox 225 1650 1775 1719">
     <span class='ocr_line' id='line_1_17' title="bbox 225 1650 1775 1719; baseline -0.005 -12"><span class='ocrx_word' id='word_1_104' title='bbox 225 1656 305 1718; x_wconf 86' lang='grc' dir='ltr'><strong>εἰς</strong></span> <span class='ocrx_word' id='word_1_105' title='bbox 328 1652 387 1707; x_wconf 73' lang='grc' dir='ltr'>ἓν</span> <span class='ocrx_word' id='word_1_106' title='bbox 412 1657 537 1715; x_wconf 70' lang='grc' dir='ltr'>τοὺς</span> <span class='ocrx_word' id='word_1_107' title='bbox 564 1652 657 1705; x_wconf 80' lang='grc' dir='ltr'>δύο</span> <span class='ocrx_word' id='word_1_108' title='bbox 705 1651 947 1719; x_wconf 75' lang='grc' dir='ltr'>συνάψας</span> <span class='ocrx_word' id='word_1_109' title='bbox 975 1665 991 1680; x_wconf 71' lang='grc'><strong>⁸</strong></span> <span class='ocrx_word' id='word_1_110' title='bbox 1028 1652 1303 1704; x_wconf 83' lang='grc' dir='ltr'>Ἔσονται</span> <span class='ocrx_word' id='word_1_111' title='bbox 1331 1653 1384 1704; x_wconf 85' lang='lat' dir='ltr'><strong>ol</strong></span> <span class='ocrx_word' id='word_1_112' title='bbox 1421 1650 1550 1713; x_wconf 82' lang='grc' dir='ltr'>δύο,</span> <span class='ocrx_word' id='word_1_113' title='bbox 1585 1650 1775 1710; x_wconf 84' lang='grc' dir='ltr'>εἰπὼν,</span> 
     </span>
    </p>
   </div>
   <div class='ocr_carea' id='block_1_18' title="bbox 224 1738 1779 1810">
    <p class='ocr_par' dir='ltr' id='par_1_18' title="bbox 224 1738 1779 1810">
     <span class='ocr_line' id='line_1_18' title="bbox 224 1738 1779 1810; baseline -0.004 -14"><span class='ocrx_word' id='word_1_114' title='bbox 224 1745 313 1807; x_wconf 80' lang='grc' dir='ltr'>εὶς</span> <span class='ocrx_word' id='word_1_115' title='bbox 341 1741 535 1809; x_wconf 82' lang='grc' dir='ltr'>σάρκα</span> <span class='ocrx_word' id='word_1_116' title='bbox 564 1742 712 1809; x_wconf 81' lang='grc' dir='ltr'>μίαν</span> <span class='ocrx_word' id='word_1_117' title='bbox 739 1756 756 1772; x_wconf 75' lang='grc'><strong><em>⁸</em></strong></span> <span class='ocrx_word' id='word_1_118' title='bbox 795 1743 824 1794; x_wconf 88' lang='grc' dir='ltr'>ὁ</span> <span class='ocrx_word' id='word_1_119' title='bbox 848 1739 927 1810; x_wconf 81' lang='grc' dir='ltr'><strong>τῷ</strong></span> <span class='ocrx_word' id='word_1_120' title='bbox 959 1738 1239 1809; x_wconf 77' lang='grc' dir='ltr'>Ἀϐραὰμ,</span> <span class='ocrx_word' id='word_1_121' title='bbox 1274 1739 1351 1810; x_wconf 78' lang='grc' dir='ltr'><strong>τῷ</strong></span> <span class='ocrx_word' id='word_1_122' title='bbox 1382 1739 1460 1809; x_wconf 81' lang='grc' dir='ltr'>σῷ</span> <span class='ocrx_word' id='word_1_123' title='bbox 1488 1739 1779 1808; x_wconf 75' lang='grc' dir='ltr'>θεράποντι</span> 
     </span>
    </p>
   </div>
   <div class='ocr_carea' id='block_1_19' title="bbox 225 1816 1782 1901">
    <p class='ocr_par' dir='ltr' id='par_1_19' title="bbox 225 1816 1782 1901">
     <span class='ocr_line' id='line_1_19' title="bbox 225 1816 1782 1901; baseline -0.003 -16"><span class='ocrx_word' id='word_1_124' title='bbox 225 1816 322 1885; x_wconf 71' lang='grc' dir='ltr'>καῖ</span> <span class='ocrx_word' id='word_1_125' title='bbox 352 1831 683 1901; x_wconf 78' lang='grc' dir='ltr'>πατριάρχῃ,</span> <span class='ocrx_word' id='word_1_126' title='bbox 717 1831 1103 1901; x_wconf 77' lang='grc' dir='ltr'>δωρησάμενος</span> <span class='ocrx_word' id='word_1_127' title='bbox 1132 1829 1243 1881; x_wconf 79' lang='grc' dir='ltr'>υἱὸν</span> <span class='ocrx_word' id='word_1_128' title='bbox 1281 1830 1369 1881; x_wconf 77' lang='grc' dir='ltr'>τὸν</span> <span class='ocrx_word' id='word_1_129' title='bbox 1411 1830 1613 1889; x_wconf 74' lang='grc' dir='ltr'>Ἰσαὰκ,</span> <span class='ocrx_word' id='word_1_130' title='bbox 1645 1828 1782 1895; x_wconf 85' lang='grc' dir='ltr'><strong>μετά</strong></span> 
     </span>
    </p>
   </div>
   <div class='ocr_carea' id='block_1_20' title="bbox 1871 653 3417 729">
    <p class='ocr_par' dir='ltr' id='par_1_20' title="bbox 1871 653 3417 729">
     <span class='ocr_line' id='line_1_20' title="bbox 1871 653 3417 729; baseline -0.005 -15"><span class='ocrx_word' id='word_1_131' title='bbox 1871 662 1982 729; x_wconf 88' lang='lat' dir='ltr'><strong>ipsa</strong></span> <span class='ocrx_word' id='word_1_132' title='bbox 2017 655 2242 716; x_wconf 77' lang='lat' dir='ltr'><strong>naturze.</strong></span> <span class='ocrx_word' id='word_1_133' title='bbox 2281 662 2464 729; x_wconf 85' lang='lat' dir='ltr'><strong>Itaque</strong></span> <span class='ocrx_word' id='word_1_134' title='bbox 2494 659 2672 714; x_wconf 89' lang='lat' dir='ltr'><strong>mariti</strong></span> <span class='ocrx_word' id='word_1_135' title='bbox 2717 657 3093 712; x_wconf 85' lang='lat' dir='ltr'><strong>animadverso</strong></span> <span class='ocrx_word' id='word_1_136' title='bbox 3120 654 3173 707; x_wconf 90' lang='lat' dir='ltr'><strong>in</strong></span> <span class='ocrx_word' id='word_1_137' title='bbox 3201 653 3417 707; x_wconf 87' lang='lat' dir='ltr'><strong>devium</strong></span> 
     </span>
    </p>
   </div>
   <div class='ocr_carea' id='block_1_21' title="bbox 1872 745 3422 819">
    <p class='ocr_par' dir='ltr' id='par_1_21' title="bbox 1872 745 3422 819">
     <span class='ocr_line' id='line_1_21' title="bbox 1872 745 3422 819; baseline -0.003 -16"><span class='ocrx_word' id='word_1_138' title='bbox 1872 754 2047 806; x_wconf 80' lang='lat' dir='ltr'><strong>locum</strong></span> <span class='ocrx_word' id='word_1_139' title='bbox 2072 766 2310 818; x_wconf 78' lang='lat' dir='ltr'><strong>secessu,</strong></span> <span class='ocrx_word' id='word_1_140' title='bbox 2333 761 2591 819; x_wconf 75' lang='lat' dir='ltr'><strong>tanquam</strong></span> <span class='ocrx_word' id='word_1_141' title='bbox 2618 756 2796 804; x_wconf 91' lang='lat' dir='ltr'><strong>turtur</strong></span> <span class='ocrx_word' id='word_1_142' title='bbox 2822 756 3089 816; x_wconf 85' lang='lat' dir='ltr'><strong>appetens</strong></span> <span class='ocrx_word' id='word_1_143' title='bbox 3114 745 3422 801; x_wconf 85' lang='lat' dir='ltr'><strong>solitudinis</strong></span> 
     </span>
    </p>
   </div>
   <div class='ocr_carea' id='block_1_22' title="bbox 1873 837 3389 917">
    <p class='ocr_par' dir='ltr' id='par_1_22' title="bbox 1873 837 3389 917">
     <span class='ocr_line' id='line_1_22' title="bbox 1873 837 3389 917; baseline -0.005 -22"><span class='ocrx_word' id='word_1_144' title='bbox 1873 844 1925 895; x_wconf 86' lang='lat' dir='ltr'><strong>in</strong></span> <span class='ocrx_word' id='word_1_145' title='bbox 1954 843 2112 896; x_wconf 87' lang='lat' dir='ltr'><strong>horto</strong></span> <span class='ocrx_word' id='word_1_146' title='bbox 2132 860 2231 898; x_wconf 90' lang='lat' dir='ltr'><strong>suo</strong></span> <span class='ocrx_word' id='word_1_147' title='bbox 2252 844 2588 913; x_wconf 83' lang='lat' dir='ltr'><strong>supplicibus</strong></span> <span class='ocrx_word' id='word_1_148' title='bbox 2606 840 3009 917; x_wconf 82' lang='lat' dir='ltr'><strong>precationibus</strong></span> <span class='ocrx_word' id='word_1_149' title='bbox 3032 837 3296 891; x_wconf 82' lang='lat' dir='ltr'><strong>artiﬁcem</strong></span> <span class='ocrx_word' id='word_1_150' title='bbox 3333 851 3389 888; x_wconf 89' lang='lat' dir='ltr'><strong>re</strong></span> 
     </span>
    </p>
   </div>
   <div class='ocr_carea' id='block_1_23' title="bbox 1875 926 3428 1001">
    <p class='ocr_par' dir='ltr' id='par_1_23' title="bbox 1875 926 3428 1001">
     <span class='ocr_line' id='line_1_23' title="bbox 1875 926 3428 1001; baseline -0.003 -16"><span class='ocrx_word' id='word_1_151' title='bbox 1875 949 1992 986; x_wconf 84' lang='lat' dir='ltr'><strong>rum</strong></span> <span class='ocrx_word' id='word_1_152' title='bbox 2039 941 2201 1001; x_wconf 77' lang='lat' dir='ltr'><strong>atque</strong></span> <span class='ocrx_word' id='word_1_153' title='bbox 2241 934 2545 988; x_wconf 78' lang='lat' dir='ltr'><strong>clTectorem</strong></span> <span class='ocrx_word' id='word_1_154' title='bbox 2587 933 2660 986; x_wconf 89' lang='lat' dir='ltr'><strong>ita</strong></span> <span class='ocrx_word' id='word_1_155' title='bbox 2703 930 3021 986; x_wconf 80' lang='lat' dir='ltr'><strong>obsecrabat</strong></span> <span class='ocrx_word' id='word_1_156' title='bbox 3070 948 3082 982; x_wconf 91' lang='lat'>:</span> <span class='ocrx_word' id='word_1_157' title='bbox 3116 926 3428 981; x_wconf 85' lang='lat' dir='ltr'><strong>O‘Domine</strong></span> 
     </span>
    </p>
   </div>
   <div class='ocr_carea' id='block_1_24' title="bbox 1874 1016 3418 1091">
    <p class='ocr_par' dir='ltr' id='par_1_24' title="bbox 1874 1016 3418 1091">
     <span class='ocr_line' id='line_1_24' title="bbox 1874 1016 3418 1091; baseline -0.003 -18"><span class='ocrx_word' id='word_1_158' title='bbox 1874 1022 2230 1088; x_wconf 76' lang='lat' dir='ltr'><strong>exercituum,</strong></span> <span class='ocrx_word' id='word_1_159' title='bbox 2259 1023 2348 1091; x_wconf 83' lang='lat' dir='ltr'><strong>qui</strong></span> <span class='ocrx_word' id='word_1_160' title='bbox 2368 1022 2515 1075; x_wconf 78' lang='lat' dir='ltr'><strong>sedes</strong></span> <span class='ocrx_word' id='word_1_161' title='bbox 2545 1037 2701 1090; x_wconf 78' lang='lat' dir='ltr'><strong>super</strong></span> <span class='ocrx_word' id='word_1_162' title='bbox 2726 1018 3007 1074; x_wconf 71' lang='lat' dir='ltr'><strong>Cherubin:</strong></span> <span class='ocrx_word' id='word_1_163' title='bbox 3034 1018 3079 1082; x_wconf 81' lang='grc'>⁸,</span> <span class='ocrx_word' id='word_1_164' title='bbox 3110 1031 3270 1086; x_wconf 90' lang='lat' dir='ltr'><strong>quem</strong></span> <span class='ocrx_word' id='word_1_165' title='bbox 3306 1016 3418 1086; x_wconf 84' lang='lat' dir='ltr'><strong>glo-</strong></span> 
     </span>
    </p>
   </div>
   <div class='ocr_carea' id='block_1_25' title="bbox 1876 1107 3427 1180">
    <p class='ocr_par' dir='ltr' id='par_1_25' title="bbox 1876 1107 3427 1180">
     <span class='ocr_line' id='line_1_25' title="bbox 1876 1107 3427 1180; baseline -0.003 -18"><span class='ocrx_word' id='word_1_166' title='bbox 1876 1109 2088 1163; x_wconf 80' lang='lat' dir='ltr'><strong>rilicnnt</strong></span> <span class='ocrx_word' id='word_1_167' title='bbox 2117 1109 2425 1180; x_wconf 85' lang='lat' dir='ltr'><strong>Serapbim,</strong></span> <span class='ocrx_word' id='word_1_168' title='bbox 2451 1111 2539 1165; x_wconf 90' lang='lat' dir='ltr'><strong>cui</strong></span> <span class='ocrx_word' id='word_1_169' title='bbox 2564 1117 2755 1179; x_wconf 88' lang='lat' dir='ltr'><strong>parent</strong></span> <span class='ocrx_word' id='word_1_170' title='bbox 2773 1109 2840 1163; x_wconf 89' lang='lat' dir='ltr'><strong>ad</strong></span> <span class='ocrx_word' id='word_1_171' title='bbox 2867 1107 3227 1162; x_wconf 81' lang='lat' dir='ltr'><strong>ministerium</strong></span> <span class='ocrx_word' id='word_1_172' title='bbox 3258 1120 3427 1174; x_wconf 60' lang='lat' dir='ltr'><strong>ange-v</strong></span> 
     </span>
    </p>
   </div>
   <div class='ocr_carea' id='block_1_26' title="bbox 1875 1196 3430 1267">
    <p class='ocr_par' dir='ltr' id='par_1_26' title="bbox 1875 1196 3430 1267">
     <span class='ocr_line' id='line_1_26' title="bbox 1875 1196 3430 1267; baseline -0.003 -15"><span class='ocrx_word' id='word_1_173' title='bbox 1875 1199 2048 1252; x_wconf 88' lang='lat' dir='ltr'><strong>lorum</strong></span> <span class='ocrx_word' id='word_1_174' title='bbox 2091 1200 2259 1253; x_wconf 81' lang='lat' dir='ltr'><strong>decies</strong></span> <span class='ocrx_word' id='word_1_175' title='bbox 2310 1201 2498 1254; x_wconf 75' lang='lat' dir='ltr'><strong>millies</strong></span> <span class='ocrx_word' id='word_1_176' title='bbox 2547 1210 2761 1257; x_wconf 82' lang='lat' dir='ltr'><strong>centena</strong></span> <span class='ocrx_word' id='word_1_177' title='bbox 2807 1199 2997 1261; x_wconf 82' lang='lat' dir='ltr'><strong>millia,</strong></span> <span class='ocrx_word' id='word_1_178' title='bbox 3049 1213 3209 1267; x_wconf 88' lang='lat' dir='ltr'><strong>quem</strong></span> <span class='ocrx_word' id='word_1_179' title='bbox 3257 1196 3430 1250; x_wconf 79' lang='lat' dir='ltr'><strong>millia</strong></span> 
     </span>
    </p>
   </div>
   <div class='ocr_carea' id='block_1_27' title="bbox 1878 1285 3432 1361">
    <p class='ocr_par' dir='ltr' id='par_1_27' title="bbox 1878 1285 3432 1361">
     <span class='ocr_line' id='line_1_27' title="bbox 1878 1285 3432 1361; baseline 0 -21"><span class='ocrx_word' id='word_1_180' title='bbox 1878 1289 2104 1342; x_wconf 86' lang='lat' dir='ltr'><strong>millium</strong></span> <span class='ocrx_word' id='word_1_181' title='bbox 2134 1291 2155 1322; x_wconf 77' lang='grc'><em>⁸</em></span> <span class='ocrx_word' id='word_1_182' title='bbox 2185 1291 2459 1361; x_wconf 78' lang='lat' dir='ltr'><strong>agminum</strong></span> <span class='ocrx_word' id='word_1_183' title='bbox 2499 1290 2812 1345; x_wconf 78' lang='lat' dir='ltr'><strong>collaudant</strong></span> <span class='ocrx_word' id='word_1_184' title='bbox 2842 1298 2894 1343; x_wconf 89' lang='lat' dir='ltr'><strong>et</strong></span> <span class='ocrx_word' id='word_1_185' title='bbox 2928 1296 3254 1343; x_wconf 88' lang='lat' dir='ltr'><strong>venerantur</strong></span> <span class='ocrx_word' id='word_1_186' title='bbox 3279 1328 3295 1351; x_wconf 91' lang='lat'><strong>,</strong></span> <span class='ocrx_word' id='word_1_187' title='bbox 3338 1285 3432 1356; x_wconf 86' lang='lat' dir='ltr'><strong>qui</strong></span> 
     </span>
    </p>
   </div>
   <div class='ocr_carea' id='block_1_28' title="bbox 1876 1379 3432 1450">
    <p class='ocr_par' dir='ltr' id='par_1_28' title="bbox 1876 1379 3432 1450">
     <span class='ocr_line' id='line_1_28' title="bbox 1876 1379 3432 1450; baseline -0.001 -17"><span class='ocrx_word' id='word_1_188' title='bbox 1876 1379 2139 1434; x_wconf 82' lang='lat' dir='ltr'><strong>Adamnm</strong></span> <span class='ocrx_word' id='word_1_189' title='bbox 2187 1392 2277 1434; x_wconf 90' lang='lat' dir='ltr'><strong>tua</strong></span> <span class='ocrx_word' id='word_1_190' title='bbox 2326 1396 2489 1435; x_wconf 86' lang='lat' dir='ltr'><strong>manu</strong></span> <span class='ocrx_word' id='word_1_191' title='bbox 2535 1381 2777 1446; x_wconf 77' lang='lat' dir='ltr'><strong>ﬁnxisti,</strong></span> <span class='ocrx_word' id='word_1_192' title='bbox 2814 1381 3021 1450; x_wconf 83' lang='lat' dir='ltr'><strong>ipsique</strong></span> <span class='ocrx_word' id='word_1_193' title='bbox 3066 1380 3233 1432; x_wconf 86' lang='lat' dir='ltr'><strong>vitam</strong></span> <span class='ocrx_word' id='word_1_194' title='bbox 3272 1379 3432 1446; x_wconf 84' lang='lat' dir='ltr'><strong>jussu</strong></span> 
     </span>
    </p>
   </div>
   <div class='ocr_carea' id='block_1_29' title="bbox 1879 1468 3431 1538">
    <p class='ocr_par' dir='ltr' id='par_1_29' title="bbox 1879 1468 3431 1538">
     <span class='ocr_line' id='line_1_29' title="bbox 1879 1468 3431 1538; baseline 0 -17"><span class='ocrx_word' id='word_1_195' title='bbox 1879 1478 1974 1523; x_wconf 93' lang='lat' dir='ltr'><strong>tuo</strong></span> <span class='ocrx_word' id='word_1_196' title='bbox 2021 1468 2236 1524; x_wconf 84' lang='lat' dir='ltr'><strong>vivilico</strong></span> <span class='ocrx_word' id='word_1_197' title='bbox 2280 1469 2538 1531; x_wconf 84' lang='lat' dir='ltr'><strong>indidisti.</strong></span> <span class='ocrx_word' id='word_1_198' title='bbox 2585 1479 2639 1525; x_wconf 89' lang='lat' dir='ltr'><strong>et</strong></span> <span class='ocrx_word' id='word_1_199' title='bbox 2684 1486 2749 1525; x_wconf 79' lang='lat' dir='ltr'><strong>ex</strong></span> <span class='ocrx_word' id='word_1_200' title='bbox 2791 1470 2908 1538; x_wconf 86' lang='lat' dir='ltr'><strong>ejus</strong></span> <span class='ocrx_word' id='word_1_201' title='bbox 2952 1469 3118 1523; x_wconf 86' lang='lat' dir='ltr'><strong>latere</strong></span> <span class='ocrx_word' id='word_1_202' title='bbox 3152 1468 3431 1522; x_wconf 83' lang='lat' dir='ltr'><strong>mulierem</strong></span> 
     </span>
    </p>
   </div>
   <div class='ocr_carea' id='block_1_30' title="bbox 1879 1558 3435 1631">
    <p class='ocr_par' dir='ltr' id='par_1_30' title="bbox 1879 1558 3435 1631">
     <span class='ocr_line' id='line_1_30' title="bbox 1879 1558 3435 1631; baseline -0.001 -18"><span class='ocrx_word' id='word_1_203' title='bbox 1879 1558 2177 1623; x_wconf 68' lang='lat' dir='ltr'><strong>iedilieasti,</strong></span> <span class='ocrx_word' id='word_1_204' title='bbox 2210 1560 2303 1629; x_wconf 84' lang='lat' dir='ltr'><strong>qui</strong></span> <span class='ocrx_word' id='word_1_205' title='bbox 2334 1576 2430 1630; x_wconf 88' lang='lat' dir='ltr'><strong>pro</strong></span> <span class='ocrx_word' id='word_1_206' title='bbox 2461 1572 2550 1615; x_wconf 88' lang='lat' dir='ltr'><strong>tua</strong></span> <span class='ocrx_word' id='word_1_207' title='bbox 2579 1561 2811 1631; x_wconf 81' lang='lat' dir='ltr'><strong>sapienti</strong></span> <span class='ocrx_word' id='word_1_208' title='bbox 2845 1561 3189 1614; x_wconf 83' lang='lat' dir='ltr'><strong>ordinatione</strong></span> <span class='ocrx_word' id='word_1_209' title='bbox 3220 1559 3435 1628; x_wconf 82' lang='lat' dir='ltr'><strong>adjuto-</strong></span> 
     </span>
    </p>
   </div>
   <div class='ocr_carea' id='block_1_31' title="bbox 1881 1636 3431 1719">
    <p class='ocr_par' dir='ltr' id='par_1_31' title="bbox 1881 1636 3431 1719">
     <span class='ocr_line' id='line_1_31' title="bbox 1881 1636 3431 1719; baseline 0.003 -21"><span class='ocrx_word' id='word_1_210' title='bbox 1881 1650 2017 1701; x_wconf 83' lang='lat' dir='ltr'><strong>rium</strong></span> <span class='ocrx_word' id='word_1_211' title='bbox 2046 1650 2146 1702; x_wconf 80' lang='lat' dir='ltr'><strong>sibi</strong></span> <span class='ocrx_word' id='word_1_212' title='bbox 2173 1650 2345 1702; x_wconf 80' lang='lat' dir='ltr'><strong>simile</strong></span> <span class='ocrx_word' id='word_1_213' title='bbox 2377 1652 2419 1683; x_wconf 81' lang='grc' dir='ltr'><strong>⁸ο</strong></span> <span class='ocrx_word' id='word_1_214' title='bbox 2448 1651 2549 1719; x_wconf 86' lang='lat' dir='ltr'><strong>ipsi</strong></span> <span class='ocrx_word' id='word_1_215' title='bbox 2586 1650 2778 1712; x_wconf 82' lang='lat' dir='ltr'><strong>fecisti,</strong></span> <span class='ocrx_word' id='word_1_216' title='bbox 2810 1660 2865 1704; x_wconf 87' lang='lat' dir='ltr'><strong>et</strong></span> <span class='ocrx_word' id='word_1_217' title='bbox 2887 1649 3026 1704; x_wconf 86' lang='lat' dir='ltr'><strong>duos</strong></span> <span class='ocrx_word' id='word_1_218' title='bbox 3056 1636 3117 1701; x_wconf 11' lang='lat' dir='ltr'><strong>in,</strong></span> <span class='ocrx_word' id='word_1_219' title='bbox 3142 1664 3307 1703; x_wconf 84' lang='lat' dir='ltr'><strong>unum</strong></span> <span class='ocrx_word' id='word_1_220' title='bbox 3335 1662 3431 1702; x_wconf 90' lang='lat' dir='ltr'><strong>co-</strong></span> 
     </span>
    </p>
   </div>
   <div class='ocr_carea' id='block_1_32' title="bbox 1882 1739 3430 1810">
    <p class='ocr_par' dir='ltr' id='par_1_32' title="bbox 1882 1739 3430 1810">
     <span class='ocr_line' id='line_1_32' title="bbox 1882 1739 3430 1810; baseline 0.001 -18"><span class='ocrx_word' id='word_1_221' title='bbox 1882 1740 2107 1808; x_wconf 88' lang='lat' dir='ltr'><strong>pulasti,</strong></span> <span class='ocrx_word' id='word_1_222' title='bbox 2139 1739 2308 1794; x_wconf 81' lang='lat' dir='ltr'><strong>Erunt</strong></span> <span class='ocrx_word' id='word_1_223' title='bbox 2338 1779 2353 1803; x_wconf 91' lang='lat'><strong>,</strong></span> <span class='ocrx_word' id='word_1_224' title='bbox 2387 1741 2671 1810; x_wconf 86' lang='lat' dir='ltr'><strong>inquiens,</strong></span> <span class='ocrx_word' id='word_1_225' title='bbox 2705 1742 2807 1794; x_wconf 83' lang='lat' dir='ltr'><strong>duo</strong></span> <span class='ocrx_word' id='word_1_226' title='bbox 2840 1741 2893 1794; x_wconf 87' lang='lat' dir='ltr'><strong>in</strong></span> <span class='ocrx_word' id='word_1_227' title='bbox 2926 1757 3135 1795; x_wconf 86' lang='lat' dir='ltr'><strong>carnem</strong></span> <span class='ocrx_word' id='word_1_228' title='bbox 3165 1757 3322 1793; x_wconf 86' lang='lat' dir='ltr'><strong>unam</strong></span> <span class='ocrx_word' id='word_1_229' title='bbox 3350 1741 3393 1772; x_wconf 68' lang='grc' dir='ltr'>ιι</span> <span class='ocrx_word' id='word_1_230' title='bbox 3416 1781 3430 1802; x_wconf 89' lang='grc'><strong>,</strong></span> 
     </span>
    </p>
   </div>
   <div class='ocr_carea' id='block_1_33' title="bbox 1882 1829 3431 1901">
    <p class='ocr_par' dir='ltr' id='par_1_33' title="bbox 1882 1829 3431 1901">
     <span class='ocr_line' id='line_1_33' title="bbox 1882 1829 3431 1901; baseline -0.001 -16"><span class='ocrx_word' id='word_1_231' title='bbox 1882 1829 1979 1898; x_wconf 85' lang='lat' dir='ltr'><strong>qui</strong></span> <span class='ocrx_word' id='word_1_232' title='bbox 2032 1829 2344 1883; x_wconf 84' lang='lat' dir='ltr'><strong>Abrahamo</strong></span> <span class='ocrx_word' id='word_1_233' title='bbox 2378 1846 2537 1885; x_wconf 86' lang='lat' dir='ltr'><strong>servo</strong></span> <span class='ocrx_word' id='word_1_234' title='bbox 2579 1842 2673 1886; x_wconf 92' lang='lat' dir='ltr'><strong>tuo</strong></span> <span class='ocrx_word' id='word_1_235' title='bbox 2704 1840 2759 1886; x_wconf 92' lang='lat' dir='ltr'><strong>et</strong></span> <span class='ocrx_word' id='word_1_236' title='bbox 2790 1832 3110 1901; x_wconf 60' lang='lat' dir='ltr'><strong>patriarchae</strong></span> <span class='ocrx_word' id='word_1_237' title='bbox 3142 1830 3335 1886; x_wconf 88' lang='lat' dir='ltr'><strong>dedisti</strong></span> <span class='ocrx_word' id='word_1_238' title='bbox 3365 1830 3431 1884; x_wconf 91' lang='lat' dir='ltr'><strong>ﬁ-</strong></span> 
     </span>
    </p>
   </div>
   <div class='ocr_carea' id='block_1_34' title="bbox 227 1903 1783 1993">
    <p class='ocr_par' dir='ltr' id='par_1_34' title="bbox 227 1919 1781 1993">
     <span class='ocr_line' id='line_1_34' title="bbox 227 1919 1781 1993; baseline -0.004 -18"><span class='ocrx_word' id='word_1_239' title='bbox 227 1923 401 1993; x_wconf 81' lang='grc' dir='ltr'>γῆρας</span> <span class='ocrx_word' id='word_1_240' title='bbox 432 1923 525 1975; x_wconf 72' lang='grc' dir='ltr'>καὶ</span> <span class='ocrx_word' id='word_1_241' title='bbox 554 1925 691 1991; x_wconf 83' lang='grc' dir='ltr'>μετὰ</span> <span class='ocrx_word' id='word_1_242' title='bbox 712 1925 808 1990; x_wconf 78' lang='grc' dir='ltr'>τὴν</span> <span class='ocrx_word' id='word_1_243' title='bbox 830 1921 1110 1990; x_wconf 83' lang='grc' dir='ltr'>στείρωσιν</span> <span class='ocrx_word' id='word_1_244' title='bbox 1129 1921 1226 1987; x_wconf 80' lang='grc' dir='ltr'>τῆς</span> <span class='ocrx_word' id='word_1_245' title='bbox 1248 1919 1483 1989; x_wconf 67' lang='grc' dir='ltr'>Σάρρας,</span> <span class='ocrx_word' id='word_1_246' title='bbox 1514 1919 1609 1972; x_wconf 76' lang='grc' dir='ltr'>καὶ</span> <span class='ocrx_word' id='word_1_247' title='bbox 1630 1920 1781 1989; x_wconf 80' lang='grc' dir='ltr'>ποιή-</span> 
     </span>
    </p>
   </div>
   <div class='ocr_carea' id='block_1_35' title="bbox 1882 1903 3434 1993">
    <p class='ocr_par' dir='ltr' id='par_1_35' title="bbox 1884 1919 3434 1991">
     <span class='ocr_line' id='line_1_35' title="bbox 1884 1919 3434 1991; baseline 0.001 -18"><span class='ocrx_word' id='word_1_248' title='bbox 1884 1920 2016 1974; x_wconf 90' lang='lat' dir='ltr'><strong>lium</strong></span> <span class='ocrx_word' id='word_1_249' title='bbox 2049 1920 2199 1974; x_wconf 90' lang='lat' dir='ltr'><strong>illum</strong></span> <span class='ocrx_word' id='word_1_250' title='bbox 2225 1919 2468 1975; x_wconf 84' lang='lat' dir='ltr'><strong>lsaacum</strong></span> <span class='ocrx_word' id='word_1_251' title='bbox 2491 1930 2614 1991; x_wconf 86' lang='lat' dir='ltr'><strong>post</strong></span> <span class='ocrx_word' id='word_1_252' title='bbox 2637 1931 2969 1977; x_wconf 80' lang='lat' dir='ltr'><strong>senectutem</strong></span> <span class='ocrx_word' id='word_1_253' title='bbox 3000 1937 3067 1977; x_wconf 89' lang='lat' dir='ltr'><strong>ac</strong></span> <span class='ocrx_word' id='word_1_254' title='bbox 3097 1921 3434 1976; x_wconf 89' lang='lat' dir='ltr'><strong>sterilitatem</strong></span> 
     </span>
    </p>
   </div>
   <div class='ocr_carea' id='block_1_36' title="bbox 229 2007 1781 2080">
    <p class='ocr_par' dir='ltr' id='par_1_36' title="bbox 229 2007 1781 2080">
     <span class='ocr_line' id='line_1_36' title="bbox 229 2007 1781 2080; baseline -0.005 -13"><span class='ocrx_word' id='word_1_255' title='bbox 229 2029 330 2077; x_wconf 86' lang='grc' dir='ltr'><strong>σας</strong></span> <span class='ocrx_word' id='word_1_256' title='bbox 382 2016 543 2066; x_wconf 77' lang='grc' dir='ltr'>αὐτὸν</span> <span class='ocrx_word' id='word_1_257' title='bbox 585 2013 795 2065; x_wconf 81' lang='grc' dir='ltr'>πολλῶν</span> <span class='ocrx_word' id='word_1_258' title='bbox 842 2013 1008 2065; x_wconf 77' lang='grc' dir='ltr'>ἐθνῶν</span> <span class='ocrx_word' id='word_1_259' title='bbox 1046 2012 1299 2080; x_wconf 82' lang='grc' dir='ltr'>πατέρα’</span> <span class='ocrx_word' id='word_1_260' title='bbox 1347 2013 1376 2061; x_wconf 88' lang='lat'><strong>6</strong></span> <span class='ocrx_word' id='word_1_261' title='bbox 1407 2012 1474 2080; x_wconf 82' lang='grc' dir='ltr'>τῇ</span> <span class='ocrx_word' id='word_1_262' title='bbox 1506 2007 1781 2077; x_wconf 80' lang='grc' dir='ltr'><strong>ὁμωνύμῳ</strong></span> 
     </span>
    </p>
   </div>
   <div class='ocr_carea' id='block_1_37' title="bbox 226 2099 1787 2177">
    <p class='ocr_par' dir='ltr' id='par_1_37' title="bbox 226 2099 1787 2177">
     <span class='ocr_line' id='line_1_37' title="bbox 226 2099 1787 2177; baseline -0.006 -20"><span class='ocrx_word' id='word_1_263' title='bbox 226 2105 323 2157; x_wconf 75' lang='grc' dir='ltr'>καὶ</span> <span class='ocrx_word' id='word_1_264' title='bbox 375 2104 626 2173; x_wconf 78' lang='grc' dir='ltr'>ὁμοφύλῳ</span> <span class='ocrx_word' id='word_1_265' title='bbox 667 2120 754 2174; x_wconf 88' lang='grc' dir='ltr'><strong>μοι</strong></span> <span class='ocrx_word' id='word_1_266' title='bbox 783 2104 951 2175; x_wconf 77' lang='grc' dir='ltr'>’Λννῃ</span> <span class='ocrx_word' id='word_1_267' title='bbox 990 2103 1349 2173; x_wconf 79' lang='grc' dir='ltr'><strong>χαρισάμενος</strong></span> <span class='ocrx_word' id='word_1_268' title='bbox 1381 2102 1469 2152; x_wconf 79' lang='grc' dir='ltr'>τὸν</span> <span class='ocrx_word' id='word_1_269' title='bbox 1503 2099 1787 2177; x_wconf 81' lang='grc' dir='ltr'>κάλλιστον</span> 
     </span>
    </p>
   </div>
   <div class='ocr_carea' id='block_1_38' title="bbox 228 2190 1783 2265">
    <p class='ocr_par' dir='ltr' id='par_1_38' title="bbox 228 2190 1783 2265">
     <span class='ocr_line' id='line_1_38' title="bbox 228 2190 1783 2265; baseline -0.004 -18"><span class='ocrx_word' id='word_1_270' title='bbox 228 2194 390 2247; x_wconf 84' lang='grc' dir='ltr'>παῖδα</span> <span class='ocrx_word' id='word_1_271' title='bbox 419 2196 511 2247; x_wconf 69' lang='grc' dir='ltr'>καὶ</span> <span class='ocrx_word' id='word_1_272' title='bbox 543 2194 689 2265; x_wconf 77' lang='grc' dir='ltr'>ἱερὸν</span> <span class='ocrx_word' id='word_1_273' title='bbox 717 2192 969 2263; x_wconf 79' lang='grc' dir='ltr'>Σαμουὴλ</span> <span class='ocrx_word' id='word_1_274' title='bbox 992 2233 1007 2258; x_wconf 91' lang='grc'><strong>,</strong></span> <span class='ocrx_word' id='word_1_275' title='bbox 1043 2193 1119 2255; x_wconf 83' lang='grc' dir='ltr'>ὡς</span> <span class='ocrx_word' id='word_1_276' title='bbox 1148 2191 1420 2244; x_wconf 79' lang='grc' dir='ltr'><strong>θεόσδοτον</strong></span> <span class='ocrx_word' id='word_1_277' title='bbox 1449 2191 1613 2259; x_wconf 80' lang='grc' dir='ltr'><strong>εὐχῆς</strong></span> <span class='ocrx_word' id='word_1_278' title='bbox 1648 2190 1783 2251; x_wconf 72' lang='grc' dir='ltr'>υἱὸν,</span> 
     </span>
    </p>
   </div>
   <div class='ocr_carea' id='block_1_39' title="bbox 225 2280 1786 2354">
    <p class='ocr_par' dir='ltr' id='par_1_39' title="bbox 225 2280 1786 2354">
     <span class='ocr_line' id='line_1_39' title="bbox 225 2280 1786 2354; baseline -0.003 -15"><span class='ocrx_word' id='word_1_279' title='bbox 225 2286 321 2339; x_wconf 75' lang='grc' dir='ltr'>καὶ</span> <span class='ocrx_word' id='word_1_280' title='bbox 335 2284 428 2338; x_wconf 80' lang='grc' dir='ltr'>τοῦ</span> <span class='ocrx_word' id='word_1_281' title='bbox 443 2284 670 2354; x_wconf 70' lang='grc' dir='ltr'>ψεύδους</span> <span class='ocrx_word' id='word_1_282' title='bbox 686 2286 781 2342; x_wconf 70' lang='grc' dir='ltr'>καὶ</span> <span class='ocrx_word' id='word_1_283' title='bbox 800 2285 990 2353; x_wconf 80' lang='grc' dir='ltr'>μίσους</span> <span class='ocrx_word' id='word_1_284' title='bbox 1015 2282 1280 2353; x_wconf 75' lang='grc' dir='ltr'>θρίαμϐον</span> <span class='ocrx_word' id='word_1_285' title='bbox 1303 2298 1319 2313; x_wconf 76' lang='grc' dir='ltr'><strong>ο</strong></span> <span class='ocrx_word' id='word_1_286' title='bbox 1344 2280 1511 2334; x_wconf 76' lang='grc' dir='ltr'>ἔπιδε</span> <span class='ocrx_word' id='word_1_287' title='bbox 1531 2280 1594 2343; x_wconf 75' lang='grc' dir='ltr'><strong>ἐξ</strong></span> <span class='ocrx_word' id='word_1_288' title='bbox 1616 2281 1786 2350; x_wconf 72' lang='grc' dir='ltr'>ἁγίου</span> 
     </span>
    </p>
   </div>
   <div class='ocr_carea' id='block_1_40' title="bbox 225 2371 1789 2444">
    <p class='ocr_par' dir='ltr' id='par_1_40' title="bbox 225 2371 1789 2444">
     <span class='ocr_line' id='line_1_40' title="bbox 225 2371 1789 2444; baseline -0.004 -15"><span class='ocrx_word' id='word_1_289' title='bbox 225 2393 343 2429; x_wconf 82' lang='grc' dir='ltr'><strong>σου</strong></span> <span class='ocrx_word' id='word_1_290' title='bbox 382 2380 862 2444; x_wconf 81' lang='grc' dir='ltr'>κατοικητηρίου,</span> <span class='ocrx_word' id='word_1_291' title='bbox 892 2374 1150 2441; x_wconf 81' lang='grc' dir='ltr'>Ὕψιστε,</span> <span class='ocrx_word' id='word_1_292' title='bbox 1174 2373 1268 2425; x_wconf 74' lang='grc' dir='ltr'>καὶ</span> <span class='ocrx_word' id='word_1_293' title='bbox 1304 2371 1511 2437; x_wconf 78' lang='grc' dir='ltr'>ἄνοιξον</span> <span class='ocrx_word' id='word_1_294' title='bbox 1564 2388 1652 2440; x_wconf 87' lang='grc' dir='ltr'><strong>μοι</strong></span> <span class='ocrx_word' id='word_1_295' title='bbox 1691 2371 1789 2437; x_wconf 80' lang='grc' dir='ltr'>τὴν</span> 
     </span>
    </p>
   </div>
   <div class='ocr_carea' id='block_1_41' title="bbox 227 2455 1788 2534">
    <p class='ocr_par' dir='ltr' id='par_1_41' title="bbox 227 2455 1788 2534">
     <span class='ocr_line' id='line_1_41' title="bbox 227 2455 1788 2534; baseline -0.005 -20"><span class='ocrx_word' id='word_1_296' title='bbox 227 2465 440 2534; x_wconf 82' lang='grc' dir='ltr'>μήτραν</span> <span class='ocrx_word' id='word_1_297' title='bbox 470 2462 602 2534; x_wconf 79' lang='grc' dir='ltr'>πρὸς</span> <span class='ocrx_word' id='word_1_298' title='bbox 630 2460 973 2528; x_wconf 81' lang='grc' dir='ltr'>παιδογονίαν</span> <span class='ocrx_word' id='word_1_299' title='bbox 990 2477 1004 2491; x_wconf 87' lang='grc'><strong>·</strong></span> <span class='ocrx_word' id='word_1_300' title='bbox 1030 2459 1215 2524; x_wconf 80' lang='grc' dir='ltr'>δίωξόν</span> <span class='ocrx_word' id='word_1_301' title='bbox 1247 2474 1348 2526; x_wconf 86' lang='grc' dir='ltr'><strong>μου</strong></span> <span class='ocrx_word' id='word_1_302' title='bbox 1369 2457 1467 2527; x_wconf 82' lang='grc' dir='ltr'>τὴν</span> <span class='ocrx_word' id='word_1_303' title='bbox 1489 2456 1667 2531; x_wconf 76' lang='grc' dir='ltr'>λύπην</span> <span class='ocrx_word' id='word_1_304' title='bbox 1688 2455 1788 2523; x_wconf 80' lang='grc' dir='ltr'>τῆς</span> 
     </span>
    </p>
   </div>
   <div class='ocr_carea' id='block_1_42' title="bbox 224 2546 1787 2626">
    <p class='ocr_par' dir='ltr' id='par_1_42' title="bbox 224 2546 1787 2626">
     <span class='ocr_line' id='line_1_42' title="bbox 224 2546 1787 2626; baseline -0.007 -19"><span class='ocrx_word' id='word_1_305' title='bbox 224 2553 588 2626; x_wconf 83' lang='grc' dir='ltr'>στειρὼσεως,</span> <span class='ocrx_word' id='word_1_306' title='bbox 632 2553 723 2605; x_wconf 80' lang='grc' dir='ltr'>καὶ</span> <span class='ocrx_word' id='word_1_307' title='bbox 762 2551 1054 2623; x_wconf 78' lang='grc' dir='ltr'>διὰῥρηξόν</span> <span class='ocrx_word' id='word_1_308' title='bbox 1098 2567 1196 2619; x_wconf 90' lang='grc' dir='ltr'><strong>μου</strong></span> <span class='ocrx_word' id='word_1_309' title='bbox 1235 2549 1303 2601; x_wconf 86' lang='grc' dir='ltr'>τὰ</span> <span class='ocrx_word' id='word_1_310' title='bbox 1334 2548 1513 2616; x_wconf 81' lang='grc' dir='ltr'>δεσμά</span> <span class='ocrx_word' id='word_1_311' title='bbox 1542 2549 1641 2615; x_wconf 80' lang='grc' dir='ltr'>τῆς</span> <span class='ocrx_word' id='word_1_312' title='bbox 1671 2546 1787 2597; x_wconf 83' lang='grc' dir='ltr'>ἀτε-</span> 
     </span>
    </p>
   </div>
   <div class='ocr_carea' id='block_1_43' title="bbox 224 2637 1785 2713">
    <p class='ocr_par' dir='ltr' id='par_1_43' title="bbox 224 2637 1785 2713">
     <span class='ocr_line' id='line_1_43' title="bbox 224 2637 1785 2713; baseline -0.006 -16"><span class='ocrx_word' id='word_1_313' title='bbox 224 2646 404 2709; x_wconf 85' lang='grc' dir='ltr'>κνίας,</span> <span class='ocrx_word' id='word_1_314' title='bbox 457 2645 603 2707; x_wconf 81' lang='grc' dir='ltr'>ὅπως</span> <span class='ocrx_word' id='word_1_315' title='bbox 657 2642 717 2695; x_wconf 80' lang='grc' dir='ltr'>τὸ</span> <span class='ocrx_word' id='word_1_316' title='bbox 750 2642 1147 2713; x_wconf 87' lang='grc' dir='ltr'>γεννησὸμενον</span> <span class='ocrx_word' id='word_1_317' title='bbox 1190 2642 1255 2693; x_wconf 84' lang='grc' dir='ltr'>ὲκ</span> <span class='ocrx_word' id='word_1_318' title='bbox 1303 2639 1404 2707; x_wconf 84' lang='grc' dir='ltr'>τῆς</span> <span class='ocrx_word' id='word_1_319' title='bbox 1451 2637 1643 2707; x_wconf 81' lang='grc' dir='ltr'>δούλης</span> <span class='ocrx_word' id='word_1_320' title='bbox 1692 2654 1785 2689; x_wconf 92' lang='grc' dir='ltr'><strong>σου</strong></span> 
     </span>
    </p>
   </div>
   <div class='ocr_carea' id='block_1_44' title="bbox 223 2728 1787 2805">
    <p class='ocr_par' dir='ltr' id='par_1_44' title="bbox 223 2728 1787 2805">
     <span class='ocr_line' id='line_1_44' title="bbox 223 2728 1787 2805; baseline -0.004 -19"><span class='ocrx_word' id='word_1_321' title='bbox 223 2734 546 2805; x_wconf 80' lang='grc' dir='ltr'><strong>βλάστημα,</strong></span> <span class='ocrx_word' id='word_1_322' title='bbox 582 2736 690 2787; x_wconf 79' lang='grc' dir='ltr'>εἴτε</span> <span class='ocrx_word' id='word_1_323' title='bbox 740 2735 929 2804; x_wconf 85' lang='grc' dir='ltr'>ἄρσεν,</span> <span class='ocrx_word' id='word_1_324' title='bbox 968 2733 1078 2785; x_wconf 85' lang='grc' dir='ltr'>είτε</span> <span class='ocrx_word' id='word_1_325' title='bbox 1114 2730 1272 2801; x_wconf 85' lang='grc' dir='ltr'>θῆλυ,</span> <span class='ocrx_word' id='word_1_326' title='bbox 1318 2730 1488 2800; x_wconf 84' lang='grc' dir='ltr'>δῶρον</span> <span class='ocrx_word' id='word_1_327' title='bbox 1532 2728 1787 2799; x_wconf 80' lang='grc' dir='ltr'>προσάξω</span> 
     </span>
    </p>
   </div>
   <div class='ocr_carea' id='block_1_45' title="bbox 222 2819 1783 2896">
    <p class='ocr_par' dir='ltr' id='par_1_45' title="bbox 222 2819 1783 2896">
     <span class='ocr_line' id='line_1_45' title="bbox 222 2819 1783 2896; baseline -0.003 -19"><span class='ocrx_word' id='word_1_328' title='bbox 222 2844 331 2891; x_wconf 90' lang='grc' dir='ltr'>σοι,</span> <span class='ocrx_word' id='word_1_329' title='bbox 370 2826 443 2889; x_wconf 83' lang='grc' dir='ltr'>ὡς</span> <span class='ocrx_word' id='word_1_330' title='bbox 494 2825 745 2896; x_wconf 84' lang='grc' dir='ltr'>θυμίαμα</span> <span class='ocrx_word' id='word_1_331' title='bbox 770 2824 967 2887; x_wconf 81' lang='grc' dir='ltr'>εὐῶδες</span> <span class='ocrx_word' id='word_1_332' title='bbox 989 2864 1003 2887; x_wconf 90' lang='grc'><strong>,</strong></span> <span class='ocrx_word' id='word_1_333' title='bbox 1031 2822 1106 2885; x_wconf 84' lang='grc' dir='ltr'>ὡς</span> <span class='ocrx_word' id='word_1_334' title='bbox 1136 2820 1381 2890; x_wconf 79' lang='grc' dir='ltr'>καθαρὰν</span> <span class='ocrx_word' id='word_1_335' title='bbox 1430 2819 1743 2891; x_wconf 82' lang='grc' dir='ltr'>προσφορὰν</span> <span class='ocrx_word' id='word_1_336' title='bbox 1763 2858 1783 2882; x_wconf 78' lang='grc'><strong>,,</strong></span> 
     </span>
    </p>
   </div>
   <div class='ocr_carea' id='block_1_46' title="bbox 219 2907 1785 2984">
    <p class='ocr_par' dir='ltr' id='par_1_46' title="bbox 219 2907 1785 2984">
     <span class='ocr_line' id='line_1_46' title="bbox 219 2907 1785 2984; baseline -0.005 -19"><span class='ocrx_word' id='word_1_337' title='bbox 219 2916 298 2977; x_wconf 82' lang='grc' dir='ltr'>ὡς</span> <span class='ocrx_word' id='word_1_338' title='bbox 320 2916 497 2984; x_wconf 88' lang='grc' dir='ltr'>τίμιον</span> <span class='ocrx_word' id='word_1_339' title='bbox 525 2915 715 2984; x_wconf 83' lang='grc' dir='ltr'>δῶρον,</span> <span class='ocrx_word' id='word_1_340' title='bbox 748 2914 823 2975; x_wconf 84' lang='grc' dir='ltr'>ὡς</span> <span class='ocrx_word' id='word_1_341' title='bbox 856 2913 998 2983; x_wconf 75' lang='grc' dir='ltr'>ἱερὸν</span> <span class='ocrx_word' id='word_1_342' title='bbox 1032 2911 1304 2980; x_wconf 81' lang='grc' dir='ltr'>ἀνάθημα,</span> <span class='ocrx_word' id='word_1_343' title='bbox 1335 2907 1411 2969; x_wconf 85' lang='grc' dir='ltr'>ὡς</span> <span class='ocrx_word' id='word_1_344' title='bbox 1441 2907 1582 2960; x_wconf 85' lang='grc' dir='ltr'>θεῖον</span> <span class='ocrx_word' id='word_1_345' title='bbox 1610 2922 1785 2958; x_wconf 84' lang='grc' dir='ltr'>κατοι-</span> 
     </span>
    </p>
   </div>
   <div class='ocr_carea' id='block_1_47' title="bbox 219 3000 1782 3079">
    <p class='ocr_par' dir='ltr' id='par_1_47' title="bbox 219 3000 1782 3079">
     <span class='ocr_line' id='line_1_47' title="bbox 219 3000 1782 3079; baseline -0.008 -17"><span class='ocrx_word' id='word_1_346' title='bbox 219 3010 483 3079; x_wconf 80' lang='grc' dir='ltr'>κητήριον</span> <span class='ocrx_word' id='word_1_347' title='bbox 507 3049 522 3074; x_wconf 87' lang='grc'><strong>,</strong></span> <span class='ocrx_word' id='word_1_348' title='bbox 569 3009 643 3072; x_wconf 86' lang='grc' dir='ltr'>ὼς</span> <span class='ocrx_word' id='word_1_349' title='bbox 693 3006 952 3077; x_wconf 85' lang='grc' dir='ltr'>ἀμίαντον</span> <span class='ocrx_word' id='word_1_350' title='bbox 1017 3004 1229 3075; x_wconf 79' lang='grc' dir='ltr'>ἀμνάδα</span> <span class='ocrx_word' id='word_1_351' title='bbox 1254 3042 1269 3067; x_wconf 88' lang='grc'><strong>,</strong></span> <span class='ocrx_word' id='word_1_352' title='bbox 1317 3001 1394 3063; x_wconf 84' lang='grc' dir='ltr'>ὡς</span> <span class='ocrx_word' id='word_1_353' title='bbox 1440 3000 1782 3071; x_wconf 79' lang='grc' dir='ltr'>πρωτότοκον</span> 
     </span>
    </p>
   </div>
   <div class='ocr_carea' id='block_1_48' title="bbox 217 3094 905 3167">
    <p class='ocr_par' dir='ltr' id='par_1_48' title="bbox 217 3094 905 3167">
     <span class='ocr_line' id='line_1_48' title="bbox 217 3094 905 3167; baseline -0.003 -16"><span class='ocrx_word' id='word_1_354' title='bbox 217 3097 414 3167; x_wconf 75' lang='grc' dir='ltr'>ἀμνὸν,</span> <span class='ocrx_word' id='word_1_355' title='bbox 438 3094 515 3162; x_wconf 85' lang='grc' dir='ltr'>ὡς</span> <span class='ocrx_word' id='word_1_356' title='bbox 546 3098 665 3151; x_wconf 81' lang='grc' dir='ltr'>νέον</span> <span class='ocrx_word' id='word_1_357' title='bbox 700 3096 905 3149; x_wconf 83' lang='grc' dir='ltr'>Ἰσαάκ.</span> 
     </span>
    </p>
   </div>
   <div class='ocr_carea' id='block_1_49' title="bbox 1887 2010 3437 2087">
    <p class='ocr_par' dir='ltr' id='par_1_49' title="bbox 1887 2010 3437 2087">
     <span class='ocr_line' id='line_1_49' title="bbox 1887 2010 3437 2087; baseline 0.001 -23"><span class='ocrx_word' id='word_1_358' title='bbox 1887 2010 2036 2065; x_wconf 70' lang='grc' dir='ltr'>δοται</span> <span class='ocrx_word' id='word_1_359' title='bbox 2061 2053 2076 2077; x_wconf 90' lang='grc'><strong>,</strong></span> <span class='ocrx_word' id='word_1_360' title='bbox 2102 2013 2459 2082; x_wconf 89' lang='lat' dir='ltr'><strong>eumdemque</strong></span> <span class='ocrx_word' id='word_1_361' title='bbox 2494 2012 2723 2068; x_wconf 84' lang='lat' dir='ltr'><strong>elIecisti</strong></span> <span class='ocrx_word' id='word_1_362' title='bbox 2760 2023 2973 2087; x_wconf 69' lang='lat' dir='ltr'><strong>patrem</strong></span> <span class='ocrx_word' id='word_1_363' title='bbox 2994 2013 3285 2067; x_wconf 90' lang='lat' dir='ltr'><strong>multarum</strong></span> <span class='ocrx_word' id='word_1_364' title='bbox 3310 2028 3437 2083; x_wconf 83' lang='lat' dir='ltr'><strong>gen-</strong></span> 
     </span>
    </p>
   </div>
   <div class='ocr_carea' id='block_1_50' title="bbox 1883 2101 3435 2173">
    <p class='ocr_par' dir='ltr' id='par_1_50' title="bbox 1883 2101 3435 2173">
     <span class='ocr_line' id='line_1_50' title="bbox 1883 2101 3435 2173; baseline 0.001 -18"><span class='ocrx_word' id='word_1_365' title='bbox 1883 2102 2039 2166; x_wconf 89' lang='lat' dir='ltr'><strong>tium,</strong></span> <span class='ocrx_word' id='word_1_366' title='bbox 2070 2102 2163 2171; x_wconf 87' lang='lat' dir='ltr'><strong>qui</strong></span> <span class='ocrx_word' id='word_1_367' title='bbox 2197 2101 2367 2157; x_wconf 76' lang='lat' dir='ltr'><strong>Auute</strong></span> <span class='ocrx_word' id='word_1_368' title='bbox 2390 2102 2693 2173; x_wconf 86' lang='lat' dir='ltr'><strong>eognomim</strong></span> <span class='ocrx_word' id='word_1_369' title='bbox 2720 2119 2775 2158; x_wconf 81' lang='lat' dir='ltr'><strong>et</strong></span> <span class='ocrx_word' id='word_1_370' title='bbox 2801 2102 2982 2167; x_wconf 81' lang='lat' dir='ltr'><strong>tribuli</strong></span> <span class='ocrx_word' id='word_1_371' title='bbox 3022 2117 3155 2156; x_wconf 70' lang='lat' dir='ltr'><strong>meae</strong></span> <span class='ocrx_word' id='word_1_372' title='bbox 3183 2102 3435 2172; x_wconf 88' lang='lat' dir='ltr'><strong>pulcher-</strong></span> 
     </span>
    </p>
   </div>
   <div class='ocr_carea' id='block_1_51' title="bbox 1884 2192 3433 2263">
    <p class='ocr_par' dir='ltr' id='par_1_51' title="bbox 1884 2192 3433 2263">
     <span class='ocr_line' id='line_1_51' title="bbox 1884 2192 3433 2263; baseline 0.001 -18"><span class='ocrx_word' id='word_1_373' title='bbox 1884 2193 2083 2246; x_wconf 88' lang='lat' dir='ltr'><strong>rimum</strong></span> <span class='ocrx_word' id='word_1_374' title='bbox 2114 2202 2166 2247; x_wconf 91' lang='lat' dir='ltr'><strong>et</strong></span> <span class='ocrx_word' id='word_1_375' title='bbox 2195 2208 2411 2247; x_wconf 81' lang='lat' dir='ltr'><strong>sacrum</strong></span> <span class='ocrx_word' id='word_1_376' title='bbox 2448 2209 2672 2263; x_wconf 84' lang='lat' dir='ltr'><strong>puerum</strong></span> <span class='ocrx_word' id='word_1_377' title='bbox 2703 2193 2918 2248; x_wconf 88' lang='lat' dir='ltr'><strong>donasti</strong></span> <span class='ocrx_word' id='word_1_378' title='bbox 2960 2192 3287 2258; x_wconf 87' lang='lat' dir='ltr'><strong>Samuelem,</strong></span> <span class='ocrx_word' id='word_1_379' title='bbox 3317 2193 3433 2247; x_wconf 86' lang='lat' dir='ltr'><strong>vel-</strong></span> 
     </span>
    </p>
   </div>
   <div class='ocr_carea' id='block_1_52' title="bbox 1890 2282 3437 2354">
    <p class='ocr_par' dir='ltr' id='par_1_52' title="bbox 1890 2282 3437 2354">
     <span class='ocr_line' id='line_1_52' title="bbox 1890 2282 3437 2354; baseline 0.002 -19"><span class='ocrx_word' id='word_1_380' title='bbox 1890 2283 1965 2336; x_wconf 90' lang='lat' dir='ltr'><strong>uti</strong></span> <span class='ocrx_word' id='word_1_381' title='bbox 2043 2282 2210 2337; x_wconf 88' lang='lat' dir='ltr'><strong>ﬁlium</strong></span> <span class='ocrx_word' id='word_1_382' title='bbox 2271 2284 2326 2337; x_wconf 90' lang='lat' dir='ltr'><strong>in</strong></span> <span class='ocrx_word' id='word_1_383' title='bbox 2389 2284 2848 2354; x_wconf 88' lang='lat' dir='ltr'><strong>supplicationum</strong></span> <span class='ocrx_word' id='word_1_384' title='bbox 2902 2284 3128 2353; x_wconf 78' lang='lat' dir='ltr'><strong>gratiam</strong></span> <span class='ocrx_word' id='word_1_385' title='bbox 3181 2283 3437 2338; x_wconf 85' lang='lat' dir='ltr'><strong>divinitus</strong></span> 
     </span>
    </p>
   </div>
   <div class='ocr_carea' id='block_1_53' title="bbox 1885 2375 3436 2444">
    <p class='ocr_par' dir='ltr' id='par_1_53' title="bbox 1885 2375 3436 2444">
     <span class='ocr_line' id='line_1_53' title="bbox 1885 2375 3436 2444; baseline 0 -17"><span class='ocrx_word' id='word_1_386' title='bbox 1885 2387 2207 2428; x_wconf 86' lang='lat' dir='ltr'><strong>concessum</strong></span> <span class='ocrx_word' id='word_1_387' title='bbox 2238 2389 2303 2429; x_wconf 89' lang='lat' dir='ltr'><strong>ac</strong></span> <span class='ocrx_word' id='word_1_388' title='bbox 2326 2376 2490 2429; x_wconf 91' lang='lat' dir='ltr'><strong>veluti</strong></span> <span class='ocrx_word' id='word_1_389' title='bbox 2522 2375 2855 2444; x_wconf 88' lang='lat' dir='ltr'><strong>triumphum</strong></span> <span class='ocrx_word' id='word_1_390' title='bbox 2884 2375 2952 2429; x_wconf 90' lang='lat' dir='ltr'><strong>de</strong></span> <span class='ocrx_word' id='word_1_391' title='bbox 2976 2375 3258 2429; x_wconf 88' lang='lat' dir='ltr'><strong>mendacio</strong></span> <span class='ocrx_word' id='word_1_392' title='bbox 3280 2375 3436 2429; x_wconf 83' lang='lat' dir='ltr'><strong>odio-</strong></span> 
     </span>
    </p>
   </div>
   <div class='ocr_carea' id='block_1_54' title="bbox 1883 2460 3455 2535">
    <p class='ocr_par' dir='ltr' id='par_1_54' title="bbox 1883 2460 3455 2535">
     <span class='ocr_line' id='line_1_54' title="bbox 1883 2460 3455 2535; baseline 0.001 -19"><span class='ocrx_word' id='word_1_393' title='bbox 1883 2478 1989 2533; x_wconf 88' lang='lat' dir='ltr'><strong>que</strong></span> <span class='ocrx_word' id='word_1_394' title='bbox 2017 2460 2345 2532; x_wconf 79' lang='lat' dir='ltr'><strong>reportatum</strong></span> <span class='ocrx_word' id='word_1_395' title='bbox 2378 2482 2393 2530; x_wconf 89' lang='lat'><strong>;</strong></span> <span class='ocrx_word' id='word_1_396' title='bbox 2441 2467 2663 2529; x_wconf 83' lang='lat' dir='ltr'><strong>intuere,</strong></span> <span class='ocrx_word' id='word_1_397' title='bbox 2695 2480 2729 2519; x_wconf 93' lang='grc' dir='ltr'><strong>ο</strong></span> <span class='ocrx_word' id='word_1_398' title='bbox 2771 2464 3070 2530; x_wconf 81' lang='lat' dir='ltr'><strong>Altissime,</strong></span> <span class='ocrx_word' id='word_1_399' title='bbox 3097 2470 3159 2519; x_wconf 83' lang='lat' dir='ltr'><strong>de</strong></span> <span class='ocrx_word' id='word_1_400' title='bbox 3194 2465 3455 2535; x_wconf 41' lang='grc' dir='ltr'>ιαιιενηαο,</span> 
     </span>
    </p>
   </div>
   <div class='ocr_carea' id='block_1_55' title="bbox 1881 2550 3436 2623">
    <p class='ocr_par' dir='ltr' id='par_1_55' title="bbox 1881 2550 3436 2623">
     <span class='ocr_line' id='line_1_55' title="bbox 1881 2550 3436 2623; baseline 0.003 -19"><span class='ocrx_word' id='word_1_401' title='bbox 1881 2550 1996 2605; x_wconf 86' lang='lat' dir='ltr'><strong>culo</strong></span> <span class='ocrx_word' id='word_1_402' title='bbox 2016 2563 2196 2605; x_wconf 76' lang='lat' dir='ltr'><strong>sancto</strong></span> <span class='ocrx_word' id='word_1_403' title='bbox 2229 2561 2320 2606; x_wconf 84' lang='lat' dir='ltr'><strong>tuo</strong></span> <span class='ocrx_word' id='word_1_404' title='bbox 2356 2553 2422 2618; x_wconf 84' lang='lat'><strong>“,</strong></span> <span class='ocrx_word' id='word_1_405' title='bbox 2451 2554 2599 2623; x_wconf 87' lang='lat' dir='ltr'><strong>aperi</strong></span> <span class='ocrx_word' id='word_1_406' title='bbox 2636 2554 2704 2607; x_wconf 93' lang='lat' dir='ltr'><strong>ad</strong></span> <span class='ocrx_word' id='word_1_407' title='bbox 2731 2563 3049 2623; x_wconf 87' lang='lat' dir='ltr'><strong>conceptum</strong></span> <span class='ocrx_word' id='word_1_408' title='bbox 3084 2554 3284 2610; x_wconf 88' lang='lat' dir='ltr'><strong>sobolis</strong></span> <span class='ocrx_word' id='word_1_409' title='bbox 3314 2564 3436 2609; x_wconf 90' lang='lat' dir='ltr'><strong>ute-</strong></span> 
     </span>
    </p>
   </div>
   <div class='ocr_carea' id='block_1_56' title="bbox 1885 2641 3440 2707">
    <p class='ocr_par' dir='ltr' id='par_1_56' title="bbox 1885 2641 3440 2707">
     <span class='ocr_line' id='line_1_56' title="bbox 1885 2641 3440 2707; baseline 0.003 -15"><span class='ocrx_word' id='word_1_410' title='bbox 1885 2656 2007 2693; x_wconf 86' lang='lat' dir='ltr'><strong>rum</strong></span> <span class='ocrx_word' id='word_1_411' title='bbox 2044 2656 2248 2707; x_wconf 89' lang='lat' dir='ltr'><strong>tneum,</strong></span> <span class='ocrx_word' id='word_1_412' title='bbox 2288 2651 2478 2697; x_wconf 79' lang='lat' dir='ltr'><strong>excute</strong></span> <span class='ocrx_word' id='word_1_413' title='bbox 2517 2657 2546 2696; x_wconf 88' lang='lat' dir='ltr'><strong>a</strong></span> <span class='ocrx_word' id='word_1_414' title='bbox 2577 2658 2664 2699; x_wconf 83' lang='lat' dir='ltr'><strong>me</strong></span> <span class='ocrx_word' id='word_1_415' title='bbox 2695 2641 3096 2697; x_wconf 85' lang='lat' dir='ltr'><strong>infecunditatis</strong></span> <span class='ocrx_word' id='word_1_416' title='bbox 3126 2658 3440 2705; x_wconf 64' lang='lat' dir='ltr'><strong>maerorem,</strong></span> 
     </span>
    </p>
   </div>
   <div class='ocr_carea' id='block_1_57' title="bbox 1882 2731 3440 2801">
    <p class='ocr_par' dir='ltr' id='par_1_57' title="bbox 1882 2731 3440 2801">
     <span class='ocr_line' id='line_1_57' title="bbox 1882 2731 3440 2801; baseline 0.003 -17"><span class='ocrx_word' id='word_1_417' title='bbox 1882 2739 1936 2784; x_wconf 89' lang='lat' dir='ltr'><strong>et</strong></span> <span class='ocrx_word' id='word_1_418' title='bbox 1961 2731 2223 2801; x_wconf 88' lang='lat' dir='ltr'><strong>abrumpe</strong></span> <span class='ocrx_word' id='word_1_419' title='bbox 2261 2733 2479 2787; x_wconf 86' lang='lat' dir='ltr'><strong>vincula</strong></span> <span class='ocrx_word' id='word_1_420' title='bbox 2523 2734 2658 2787; x_wconf 76' lang='lat' dir='ltr'><strong>mea:</strong></span> <span class='ocrx_word' id='word_1_421' title='bbox 2695 2734 3022 2799; x_wconf 81' lang='lat' dir='ltr'><strong>sterilitatis,</strong></span> <span class='ocrx_word' id='word_1_422' title='bbox 3060 2743 3121 2788; x_wconf 89' lang='lat' dir='ltr'><strong>ut</strong></span> <span class='ocrx_word' id='word_1_423' title='bbox 3164 2741 3349 2788; x_wconf 88' lang='lat' dir='ltr'><strong>natum</strong></span> <span class='ocrx_word' id='word_1_424' title='bbox 3373 2750 3440 2788; x_wconf 75' lang='lat' dir='ltr'><strong>ex</strong></span> 
     </span>
    </p>
   </div>
   <div class='ocr_carea' id='block_1_58' title="bbox 1883 2821 3441 2889">
    <p class='ocr_par' dir='ltr' id='par_1_58' title="bbox 1883 2821 3441 2889">
     <span class='ocr_line' id='line_1_58' title="bbox 1883 2821 3441 2889; baseline 0.001 -14"><span class='ocrx_word' id='word_1_425' title='bbox 1883 2836 1969 2876; x_wconf 90' lang='lat' dir='ltr'><strong>me</strong></span> <span class='ocrx_word' id='word_1_426' title='bbox 1995 2821 2194 2876; x_wconf 85' lang='lat' dir='ltr'><strong>famula</strong></span> <span class='ocrx_word' id='word_1_427' title='bbox 2230 2832 2319 2877; x_wconf 91' lang='lat' dir='ltr'><strong>tua</strong></span> <span class='ocrx_word' id='word_1_428' title='bbox 2348 2823 2605 2889; x_wconf 77' lang='lat' dir='ltr'><strong>fructum,</strong></span> <span class='ocrx_word' id='word_1_429' title='bbox 2652 2826 2767 2880; x_wconf 85' lang='lat' dir='ltr'><strong>sive</strong></span> <span class='ocrx_word' id='word_1_430' title='bbox 2799 2826 3000 2880; x_wconf 88' lang='lat' dir='ltr'><strong>ﬁliolus</strong></span> <span class='ocrx_word' id='word_1_431' title='bbox 3022 2827 3110 2880; x_wconf 91' lang='lat' dir='ltr'><strong>ille</strong></span> <span class='ocrx_word' id='word_1_432' title='bbox 3136 2826 3299 2880; x_wconf 78' lang='lat' dir='ltr'><strong>fuerit</strong></span> <span class='ocrx_word' id='word_1_433' title='bbox 3323 2826 3441 2880; x_wconf 72' lang='lat' dir='ltr'><strong>sive</strong></span> 
     </span>
    </p>
   </div>
   <div class='ocr_carea' id='block_1_59' title="bbox 1886 2910 3442 2977">
    <p class='ocr_par' dir='ltr' id='par_1_59' title="bbox 1886 2910 3442 2977">
     <span class='ocr_line' id='line_1_59' title="bbox 1886 2910 3442 2977; baseline 0.004 -14"><span class='ocrx_word' id='word_1_434' title='bbox 1886 2910 2069 2975; x_wconf 86' lang='lat' dir='ltr'><strong>ﬁliola,</strong></span> <span class='ocrx_word' id='word_1_435' title='bbox 2104 2928 2301 2967; x_wconf 89' lang='lat' dir='ltr'><strong>munus</strong></span> <span class='ocrx_word' id='word_1_436' title='bbox 2351 2914 2446 2968; x_wconf 87' lang='lat' dir='ltr'><strong>tibi</strong></span> <span class='ocrx_word' id='word_1_437' title='bbox 2496 2913 2746 2977; x_wconf 85' lang='lat' dir='ltr'><strong>oll&#39;cram,</strong></span> <span class='ocrx_word' id='word_1_438' title='bbox 2804 2915 2951 2969; x_wconf 87' lang='lat' dir='ltr'><strong>velut</strong></span> <span class='ocrx_word' id='word_1_439' title='bbox 3003 2915 3329 2969; x_wconf 85' lang='lat' dir='ltr'><strong>sacriﬁcium</strong></span> <span class='ocrx_word' id='word_1_440' title='bbox 3384 2916 3442 2970; x_wconf 89' lang='lat' dir='ltr'><strong>in</strong></span> 
     </span>
    </p>
   </div>
   <div class='ocr_carea' id='block_1_60' title="bbox 1884 3003 3444 3071">
    <p class='ocr_par' dir='ltr' id='par_1_60' title="bbox 1884 3003 3444 3071">
     <span class='ocr_line' id='line_1_60' title="bbox 1884 3003 3444 3071; baseline 0.003 -16"><span class='ocrx_word' id='word_1_441' title='bbox 1884 3003 2105 3057; x_wconf 87' lang='lat' dir='ltr'><strong>odorem</strong></span> <span class='ocrx_word' id='word_1_442' title='bbox 2129 3007 2435 3070; x_wconf 81' lang='lat' dir='ltr'><strong>suavitatis,</strong></span> <span class='ocrx_word' id='word_1_443' title='bbox 2461 3006 2609 3060; x_wconf 90' lang='lat' dir='ltr'><strong>velut</strong></span> <span class='ocrx_word' id='word_1_444' title='bbox 2637 3006 2963 3060; x_wconf 84' lang='lat' dir='ltr'><strong>oblationem</strong></span> <span class='ocrx_word' id='word_1_445' title='bbox 2993 3008 3271 3071; x_wconf 81' lang='lat' dir='ltr'><strong>mundam,</strong></span> <span class='ocrx_word' id='word_1_446' title='bbox 3298 3006 3444 3061; x_wconf 80' lang='lat' dir='ltr'><strong>velut</strong></span> 
     </span>
    </p>
   </div>
   <div class='ocr_carea' id='block_1_61' title="bbox 1885 3092 3449 3164">
    <p class='ocr_par' dir='ltr' id='par_1_61' title="bbox 1885 3092 3449 3164">
     <span class='ocr_line' id='line_1_61' title="bbox 1885 3092 3449 3164; baseline 0.005 -19"><span class='ocrx_word' id='word_1_447' title='bbox 1885 3092 2085 3148; x_wconf 88' lang='lat' dir='ltr'><strong>donum</strong></span> <span class='ocrx_word' id='word_1_448' title='bbox 2134 3096 2453 3164; x_wconf 85' lang='lat' dir='ltr'><strong>pretiosum,</strong></span> <span class='ocrx_word' id='word_1_449' title='bbox 2498 3097 2644 3150; x_wconf 81' lang='lat' dir='ltr'><strong>velut</strong></span> <span class='ocrx_word' id='word_1_450' title='bbox 2695 3108 2883 3151; x_wconf 81' lang='lat' dir='ltr'><strong>sancte</strong></span> <span class='ocrx_word' id='word_1_451' title='bbox 2927 3092 3234 3151; x_wconf 79' lang='lat' dir='ltr'><strong>dedicatum</strong></span> <span class='ocrx_word' id='word_1_452' title='bbox 3280 3099 3449 3153; x_wconf 84' lang='lat' dir='ltr'><strong>dona-</strong></span> 
     </span>
    </p>
   </div>
   <div class='ocr_carea' id='block_1_62' title="bbox 217 3173 3443 3259">
    <p class='ocr_par' dir='ltr' id='par_1_62' title="bbox 217 3173 3443 3259">
     <span class='ocr_line' id='line_1_62' title="bbox 217 3173 3443 3259; baseline 0 -17"><span class='ocrx_word' id='word_1_453' title='bbox 217 3191 384 3250; x_wconf 88' lang='lat' dir='ltr'><strong>rium,</strong></span> <span class='ocrx_word' id='word_1_454' title='bbox 414 3188 558 3242; x_wconf 89' lang='lat' dir='ltr'><strong>velut</strong></span> <span class='ocrx_word' id='word_1_455' title='bbox 594 3187 831 3242; x_wconf 86' lang='lat' dir='ltr'><strong>divinam</strong></span> <span class='ocrx_word' id='word_1_456' title='bbox 890 3186 956 3240; x_wconf 91' lang='lat' dir='ltr'><strong>ad</strong></span> <span class='ocrx_word' id='word_1_457' title='bbox 1013 3173 1421 3239; x_wconf 86' lang='lat' dir='ltr'><strong>inhabitandnm</strong></span> <span class='ocrx_word' id='word_1_458' title='bbox 1469 3180 1658 3243; x_wconf 71' lang='lat' dir='ltr'><strong>tndem,</strong></span> <span class='ocrx_word' id='word_1_459' title='bbox 1691 3180 1836 3243; x_wconf 75' lang='lat' dir='ltr'><strong>velut</strong></span> <span class='ocrx_word' id='word_1_460' title='bbox 1876 3196 2068 3251; x_wconf 81' lang='lat' dir='ltr'><strong>agnam</strong></span> <span class='ocrx_word' id='word_1_461' title='bbox 2101 3186 2523 3251; x_wconf 87' lang='lat' dir='ltr'><strong>immaculatam,</strong></span> <span class='ocrx_word' id='word_1_462' title='bbox 2561 3188 2705 3241; x_wconf 91' lang='lat' dir='ltr'><strong>velut</strong></span> <span class='ocrx_word' id='word_1_463' title='bbox 2774 3201 2969 3256; x_wconf 82' lang='lat' dir='ltr'><strong>agnum</strong></span> <span class='ocrx_word' id='word_1_464' title='bbox 3006 3189 3443 3259; x_wconf 78' lang='lat' dir='ltr'><strong>primogenitum,</strong></span> 
     </span>
    </p>
   </div>
   <div class='ocr_carea' id='block_1_63' title="bbox 215 3279 890 3333">
    <p class='ocr_par' dir='ltr' id='par_1_63' title="bbox 215 3279 890 3333">
     <span class='ocr_line' id='line_1_63' title="bbox 215 3279 890 3333; baseline -0.006 0"><span class='ocrx_word' id='word_1_465' title='bbox 215 3280 364 3333; x_wconf 76' lang='lat' dir='ltr'><strong>Velut</strong></span> <span class='ocrx_word' id='word_1_466' title='bbox 394 3293 587 3333; x_wconf 74' lang='lat' dir='ltr'><strong>navum</strong></span> <span class='ocrx_word' id='word_1_467' title='bbox 625 3279 890 3333; x_wconf 84' lang='lat' dir='ltr'><strong>lsaacum.</strong></span> 
     </span>
    </p>
   </div>
   <div class='ocr_carea' id='block_1_64' title="bbox 293 3360 1783 3441">
    <p class='ocr_par' dir='ltr' id='par_1_64' title="bbox 293 3363 1782 3441">
     <span class='ocr_line' id='line_1_64' title="bbox 293 3363 1782 3441; baseline -0.007 -14"><span class='ocrx_word' id='word_1_468' title='bbox 293 3375 368 3427; x_wconf 80' lang='lat' dir='ltr'><strong>E&#39;.</strong></span> <span class='ocrx_word' id='word_1_469' title='bbox 411 3371 566 3426; x_wconf 69' lang='grc' dir='ltr'>Οὕτω</span> <span class='ocrx_word' id='word_1_470' title='bbox 595 3371 772 3424; x_wconf 81' lang='grc' dir='ltr'>τοίνυν</span> <span class='ocrx_word' id='word_1_471' title='bbox 803 3370 1128 3441; x_wconf 79' lang='grc' dir='ltr'>ἀμφοτέροις</span> <span class='ocrx_word' id='word_1_472' title='bbox 1152 3365 1600 3435; x_wconf 61' lang='grc' dir='ltr'>ἐπικαλουμένοις</span> <span class='ocrx_word' id='word_1_473' title='bbox 1630 3363 1782 3433; x_wconf 70' lang='grc' dir='ltr'>ὤφθη</span> 
     </span>
    </p>
   </div>
   <div class='ocr_carea' id='block_1_65' title="bbox 1882 3360 3446 3441">
    <p class='ocr_par' dir='ltr' id='par_1_65' title="bbox 1958 3360 3446 3439">
     <span class='ocr_line' id='line_1_65' title="bbox 1958 3360 3446 3439; baseline 0.008 -25"><span class='ocrx_word' id='word_1_474' title='bbox 1958 3360 2023 3415; x_wconf 78' lang='grc' dir='ltr'>ν.</span> <span class='ocrx_word' id='word_1_475' title='bbox 2047 3360 2306 3431; x_wconf 88' lang='lat' dir='ltr'><strong>Utrisque</strong></span> <span class='ocrx_word' id='word_1_476' title='bbox 2336 3362 2498 3433; x_wconf 78' lang='lat' dir='ltr'><strong>igitur</strong></span> <span class='ocrx_word' id='word_1_477' title='bbox 2524 3364 2603 3418; x_wconf 87' lang='lat' dir='ltr'><strong>sic</strong></span> <span class='ocrx_word' id='word_1_478' title='bbox 2632 3365 2980 3432; x_wconf 82' lang='lat' dir='ltr'><strong>precantibus</strong></span> <span class='ocrx_word' id='word_1_479' title='bbox 3022 3364 3192 3421; x_wconf 89' lang='lat' dir='ltr'><strong>astitit</strong></span> <span class='ocrx_word' id='word_1_480' title='bbox 3223 3369 3446 3439; x_wconf 77' lang='lat' dir='ltr'><strong>angelus</strong></span> 
     </span>
    </p>
   </div>
   <div class='ocr_carea' id='block_1_66' title="bbox 217 3453 1782 3531">
    <p class='ocr_par' dir='ltr' id='par_1_66' title="bbox 217 3453 1782 3531">
     <span class='ocr_line' id='line_1_66' title="bbox 217 3453 1782 3531; baseline -0.01 -11"><span class='ocrx_word' id='word_1_481' title='bbox 217 3465 402 3526; x_wconf 84' lang='grc' dir='ltr'>αὐτοῖς</span> <span class='ocrx_word' id='word_1_482' title='bbox 443 3462 669 3531; x_wconf 79' lang='grc' dir='ltr'>ἄγγελος</span> <span class='ocrx_word' id='word_1_483' title='bbox 701 3460 903 3531; x_wconf 80' lang='grc' dir='ltr'>Κυρίου</span> <span class='ocrx_word' id='word_1_484' title='bbox 922 3499 935 3519; x_wconf 88' lang='grc'><strong>,</strong></span> <span class='ocrx_word' id='word_1_485' title='bbox 966 3459 1062 3527; x_wconf 81' lang='grc' dir='ltr'>τῆς</span> <span class='ocrx_word' id='word_1_486' title='bbox 1103 3456 1371 3522; x_wconf 84' lang='grc' dir='ltr'>παναγίας</span> <span class='ocrx_word' id='word_1_487' title='bbox 1397 3454 1494 3523; x_wconf 82' lang='grc' dir='ltr'>τὴν</span> <span class='ocrx_word' id='word_1_488' title='bbox 1524 3453 1782 3523; x_wconf 77' lang='grc' dir='ltr'>σύλληψιν</span> 
     </span>
    </p>
   </div>
   <div class='ocr_carea' id='block_1_67' title="bbox 218 3542 1782 3620">
    <p class='ocr_par' dir='ltr' id='par_1_67' title="bbox 218 3542 1782 3620">
     <span class='ocr_line' id='line_1_67' title="bbox 218 3542 1782 3620; baseline -0.01 -13"><span class='ocrx_word' id='word_1_489' title='bbox 218 3551 732 3620; x_wconf 81' lang='grc' dir='ltr'>εὐαγγελιζόμενος,</span> <span class='ocrx_word' id='word_1_490' title='bbox 763 3548 937 3615; x_wconf 76' lang='grc' dir='ltr'>λέγων</span> <span class='ocrx_word' id='word_1_491' title='bbox 958 3564 970 3577; x_wconf 87' lang='grc'><strong>·</strong></span> <span class='ocrx_word' id='word_1_492' title='bbox 1008 3546 1341 3614; x_wconf 83' lang='grc' dir='ltr'>Είσήκουσεν</span> <span class='ocrx_word' id='word_1_493' title='bbox 1379 3542 1532 3609; x_wconf 85' lang='grc' dir='ltr'>ὑμῶν</span> <span class='ocrx_word' id='word_1_494' title='bbox 1563 3543 1590 3593; x_wconf 85' lang='lat'><strong>6</strong></span> <span class='ocrx_word' id='word_1_495' title='bbox 1616 3542 1782 3611; x_wconf 74' lang='grc' dir='ltr'>Ὕψι-</span> 
     </span>
    </p>
   </div>
   <div class='ocr_carea' id='block_1_68' title="bbox 219 3629 1783 3709">
    <p class='ocr_par' dir='ltr' id='par_1_68' title="bbox 219 3629 1783 3709">
     <span class='ocr_line' id='line_1_68' title="bbox 219 3629 1783 3709; baseline -0.008 -15"><span class='ocrx_word' id='word_1_496' title='bbox 219 3658 348 3704; x_wconf 86' lang='grc' dir='ltr'>στος</span> <span class='ocrx_word' id='word_1_497' title='bbox 377 3640 475 3709; x_wconf 85' lang='grc' dir='ltr'>τῆς</span> <span class='ocrx_word' id='word_1_498' title='bbox 503 3638 893 3708; x_wconf 79' lang='grc' dir='ltr'>δεήσεως,“καὶ</span> <span class='ocrx_word' id='word_1_499' title='bbox 936 3637 992 3687; x_wconf 72' lang='grc' dir='ltr'><strong>ιν</strong></span> <span class='ocrx_word' id='word_1_500' title='bbox 1025 3634 1188 3702; x_wconf 80' lang='grc' dir='ltr'>ὀλίγῳ</span> <span class='ocrx_word' id='word_1_501' title='bbox 1230 3632 1406 3702; x_wconf 80' lang='grc' dir='ltr'>χρόνῳ</span> <span class='ocrx_word' id='word_1_502' title='bbox 1437 3630 1652 3696; x_wconf 78' lang='grc' dir='ltr'>τέξεσθε</span> <span class='ocrx_word' id='word_1_503' title='bbox 1683 3629 1783 3682; x_wconf 86' lang='grc' dir='ltr'>θυ-</span> 
     </span>
    </p>
   </div>
   <div class='ocr_carea' id='block_1_69' title="bbox 218 3720 1787 3803">
    <p class='ocr_par' dir='ltr' id='par_1_69' title="bbox 218 3720 1787 3803">
     <span class='ocr_line' id='line_1_69' title="bbox 218 3720 1787 3803; baseline -0.008 -17"><span class='ocrx_word' id='word_1_504' title='bbox 218 3733 449 3803; x_wconf 80' lang='grc' dir='ltr'>γατέρα,</span> <span class='ocrx_word' id='word_1_505' title='bbox 475 3731 574 3800; x_wconf 82' lang='grc' dir='ltr'>τὴν</span> <span class='ocrx_word' id='word_1_506' title='bbox 604 3730 668 3789; x_wconf 87' lang='grc' dir='ltr'>ὲκ</span> <span class='ocrx_word' id='word_1_507' title='bbox 696 3726 886 3780; x_wconf 84' lang='grc' dir='ltr'>πασῶν</span> <span class='ocrx_word' id='word_1_508' title='bbox 914 3727 1116 3794; x_wconf 83' lang='grc' dir='ltr'>γενεῶν</span> <span class='ocrx_word' id='word_1_509' title='bbox 1146 3724 1443 3793; x_wconf 79' lang='grc' dir='ltr'>μακαρίαν,</span> <span class='ocrx_word' id='word_1_510' title='bbox 1464 3720 1787 3789; x_wconf 76' lang='grc' dir='ltr'>ἐκλελεγμέ-</span> 
     </span>
    </p>
   </div>
   <div class='ocr_carea' id='block_1_70' title="bbox 216 3809 1782 3891">
    <p class='ocr_par' dir='ltr' id='par_1_70' title="bbox 216 3809 1782 3891">
     <span class='ocr_line' id='line_1_70' title="bbox 216 3809 1782 3891; baseline -0.008 -16"><span class='ocrx_word' id='word_1_511' title='bbox 216 3837 320 3891; x_wconf 85' lang='grc' dir='ltr'><strong>νην</strong></span> <span class='ocrx_word' id='word_1_512' title='bbox 366 3822 445 3883; x_wconf 84' lang='grc' dir='ltr'><strong>είς</strong></span> <span class='ocrx_word' id='word_1_513' title='bbox 492 3817 627 3873; x_wconf 82' lang='grc' dir='ltr'>Θεοῦ</span> <span class='ocrx_word' id='word_1_514' title='bbox 680 3817 1119 3885; x_wconf 72' lang='grc' dir='ltr'>κατοικητήριον.</span> <span class='ocrx_word' id='word_1_515' title='bbox 1172 3811 1355 3865; x_wconf 80' lang='grc' dir='ltr'>Ταῦτα</span> <span class='ocrx_word' id='word_1_516' title='bbox 1404 3810 1499 3864; x_wconf 78' lang='grc' dir='ltr'><strong>τοῦ</strong></span> <span class='ocrx_word' id='word_1_517' title='bbox 1550 3809 1782 3877; x_wconf 79' lang='grc' dir='ltr'>ἀγγέλου</span> 
     </span>
    </p>
   </div>
   <div class='ocr_carea' id='block_1_71' title="bbox 220 3903 1784 3983">
    <p class='ocr_par' dir='ltr' id='par_1_71' title="bbox 220 3903 1784 3983">
     <span class='ocr_line' id='line_1_71' title="bbox 220 3903 1784 3983; baseline -0.009 -16"><span class='ocrx_word' id='word_1_518' title='bbox 220 3912 535 3983; x_wconf 82' lang='grc' dir='ltr'>περιχαρῶς</span> <span class='ocrx_word' id='word_1_519' title='bbox 574 3907 1095 3978; x_wconf 77' lang='grc' dir='ltr'>εὐαγγελιζομένου,</span> <span class='ocrx_word' id='word_1_520' title='bbox 1128 3904 1364 3975; x_wconf 84' lang='grc' dir='ltr'>κατῆλθε</span> <span class='ocrx_word' id='word_1_521' title='bbox 1399 3905 1496 3973; x_wconf 83' lang='grc' dir='ltr'>μὲν</span> <span class='ocrx_word' id='word_1_522' title='bbox 1530 3903 1784 3971; x_wconf 65' lang='grc' dir='ltr'>ἰωακελμ</span> 
     </span>
    </p>
   </div>
   <div class='ocr_carea' id='block_1_72' title="bbox 217 3995 1780 4075">
    <p class='ocr_par' dir='ltr' id='par_1_72' title="bbox 217 3995 1780 4075">
     <span class='ocr_line' id='line_1_72' title="bbox 217 3995 1780 4075; baseline -0.008 -17"><span class='ocrx_word' id='word_1_523' title='bbox 217 4007 289 4058; x_wconf 70' lang='grc' dir='ltr'>ἐκ</span> <span class='ocrx_word' id='word_1_524' title='bbox 317 4004 412 4057; x_wconf 79' lang='grc' dir='ltr'>τοῦ</span> <span class='ocrx_word' id='word_1_525' title='bbox 450 4005 606 4075; x_wconf 75' lang='grc' dir='ltr'>ὅρους</span> <span class='ocrx_word' id='word_1_526' title='bbox 640 4002 778 4072; x_wconf 69' lang='grc' dir='ltr'>μετὰ</span> <span class='ocrx_word' id='word_1_527' title='bbox 806 4001 979 4072; x_wconf 82' lang='grc' dir='ltr'>χαρᾶς</span> <span class='ocrx_word' id='word_1_528' title='bbox 1013 3999 1107 4053; x_wconf 75' lang='grc' dir='ltr'>καὶ</span> <span class='ocrx_word' id='word_1_529' title='bbox 1137 3998 1475 4067; x_wconf 82' lang='grc' dir='ltr'>εὐφροσύνης</span> <span class='ocrx_word' id='word_1_530' title='bbox 1516 3995 1741 4064; x_wconf 81' lang='grc' dir='ltr'>καρδίας</span> <span class='ocrx_word' id='word_1_531' title='bbox 1765 4011 1780 4025; x_wconf 73' lang='grc' dir='ltr'><strong>ο</strong></span> 
     </span>
    </p>
   </div>
   <div class='ocr_carea' id='block_1_73' title="bbox 218 4082 1784 4167">
    <p class='ocr_par' dir='ltr' id='par_1_73' title="bbox 218 4082 1784 4167">
     <span class='ocr_line' id='line_1_73' title="bbox 218 4082 1784 4167; baseline -0.008 -18"><span class='ocrx_word' id='word_1_532' title='bbox 218 4095 446 4167; x_wconf 84' lang='grc' dir='ltr'>γόνιμος</span> <span class='ocrx_word' id='word_1_533' title='bbox 494 4094 553 4147; x_wconf 74' lang='grc' dir='ltr'>δὲ</span> <span class='ocrx_word' id='word_1_534' title='bbox 597 4094 727 4164; x_wconf 89' lang='grc' dir='ltr'>παρ’</span> <span class='ocrx_word' id='word_1_535' title='bbox 749 4093 937 4146; x_wconf 80' lang='grc' dir='ltr'>ἐλπίδα</span> <span class='ocrx_word' id='word_1_536' title='bbox 970 4082 1022 4161; x_wconf 43' lang='grc' dir='ltr'>τή</span> <span class='ocrx_word' id='word_1_537' title='bbox 1065 4091 1313 4160; x_wconf 78' lang='grc' dir='ltr'>ἄκαρπος</span> <span class='ocrx_word' id='word_1_538' title='bbox 1359 4086 1640 4156; x_wconf 80' lang='grc' dir='ltr'>ἀνεδείχθη</span> <span class='ocrx_word' id='word_1_539' title='bbox 1685 4085 1784 4154; x_wconf 84' lang='grc' dir='ltr'>τῆς</span> 
     </span>
    </p>
   </div>
   <div class='ocr_carea' id='block_1_74' title="bbox 223 4176 1825 4263">
    <p class='ocr_par' dir='ltr' id='par_1_74' title="bbox 223 4176 1825 4263">
     <span class='ocr_line' id='line_1_74' title="bbox 223 4176 1825 4263; baseline 0.043 -98"><span class='ocrx_word' id='word_1_540' title='bbox 223 4190 427 4257; x_wconf 54' lang='grc' dir='ltr'><strong>’Δννης</strong></span> <span class='ocrx_word' id='word_1_541' title='bbox 454 4176 701 4257; x_wconf 45' lang='grc' dir='ltr'><strong>γαστὴρ..</strong></span> <span class='ocrx_word' id='word_1_542' title='bbox 724 4187 787 4239; x_wconf 62' lang='grc' dir='ltr'><strong>ἐκ</strong></span> <span class='ocrx_word' id='word_1_543' title='bbox 832 4183 1136 4263; x_wconf 45' lang='lat' dir='ltr'><strong>“una”;</strong></span> <span class='ocrx_word' id='word_1_544' title='bbox 1186 4180 1385 4250; x_wconf 75' lang='grc' dir='ltr'>σαρκὸς</span> <span class='ocrx_word' id='word_1_545' title='bbox 1413 4180 1506 4233; x_wconf 69' lang='grc' dir='ltr'><strong>καὶ</strong></span> <span class='ocrx_word' id='word_1_546' title='bbox 1533 4180 1598 4233; x_wconf 85' lang='grc' dir='ltr'>ὲκ</span> <span class='ocrx_word' id='word_1_547' title='bbox 1631 4177 1784 4247; x_wconf 81' lang='grc' dir='ltr'>θελή-</span> <span class='ocrx_word' id='word_1_548' title='bbox 1821 4259 1825 4263; x_wconf 69' lang='lat'>_</span> 
     </span>
    </p>
   </div>
   <div class='ocr_carea' id='block_1_75' title="bbox 222 4260 1784 4349">
    <p class='ocr_par' dir='ltr' id='par_1_75' title="bbox 222 4260 1784 4349">
     <span class='ocr_line' id='line_1_75' title="bbox 222 4260 1784 4349; baseline -0.007 -17"><span class='ocrx_word' id='word_1_549' title='bbox 222 4277 636 4349; x_wconf 63' lang='grc' dir='ltr'>μτοςάνδρδς,</span> <span class='ocrx_word' id='word_1_550' title='bbox 668 4277 763 4330; x_wconf 79' lang='grc' dir='ltr'>καὶ</span> <span class='ocrx_word' id='word_1_551' title='bbox 791 4277 881 4328; x_wconf 74' lang='grc' dir='ltr'>τὸν</span> <span class='ocrx_word' id='word_1_552' title='bbox 914 4260 1103 4344; x_wconf 78' lang='grc' dir='ltr'>καιρὸν</span> <span class='ocrx_word' id='word_1_553' title='bbox 1129 4272 1228 4341; x_wconf 84' lang='grc' dir='ltr'>τῆς</span> <span class='ocrx_word' id='word_1_554' title='bbox 1253 4271 1665 4340; x_wconf 81' lang='grc' dir='ltr'>ὲννεαμηνιαίας</span> <span class='ocrx_word' id='word_1_555' title='bbox 1688 4270 1784 4323; x_wconf 82' lang='grc' dir='ltr'>σύ-</span> 
     </span>
    </p>
   </div>
   <div class='ocr_carea' id='block_1_76' title="bbox 220 4358 1782 4439">
    <p class='ocr_par' dir='ltr' id='par_1_76' title="bbox 220 4358 1782 4439">
     <span class='ocr_line' id='line_1_76' title="bbox 220 4358 1782 4439; baseline -0.017 -5"><span class='ocrx_word' id='word_1_556' title='bbox 220 4369 437 4439; x_wconf 69' lang='grc' dir='ltr'>ξήσεως</span> <span class='ocrx_word' id='word_1_557' title='bbox 467 4368 797 4439; x_wconf 86' lang='grc' dir='ltr'>γνωρίσασα,</span> <span class='ocrx_word' id='word_1_558' title='bbox 826 4364 980 4416; x_wconf 78' lang='grc' dir='ltr'>ἔτεκε</span> <span class='ocrx_word' id='word_1_559' title='bbox 1021 4362 1119 4432; x_wconf 84' lang='grc' dir='ltr'>τὴν</span> <span class='ocrx_word' id='word_1_560' title='bbox 1170 4361 1545 4432; x_wconf 81' lang='grc' dir='ltr'>πανάχραντον</span> <span class='ocrx_word' id='word_1_561' title='bbox 1573 4358 1782 4428; x_wconf 81' lang='grc' dir='ltr'>Παρθέ-</span> 
     </span>
    </p>
   </div>
   <div class='ocr_carea' id='block_1_77' title="bbox 220 4448 1782 4526">
    <p class='ocr_par' dir='ltr' id='par_1_77' title="bbox 220 4448 1782 4526">
     <span class='ocr_line' id='line_1_77' title="bbox 220 4448 1782 4526; baseline -0.008 -13"><span class='ocrx_word' id='word_1_562' title='bbox 220 4477 321 4513; x_wconf 89' lang='grc' dir='ltr'><strong>νον</strong></span> <span class='ocrx_word' id='word_1_563' title='bbox 347 4460 439 4512; x_wconf 68' lang='lat' dir='ltr'><strong>xui</strong></span> <span class='ocrx_word' id='word_1_564' title='bbox 465 4460 723 4512; x_wconf 85' lang='grc' dir='ltr'>Θεοτόκον</span> <span class='ocrx_word' id='word_1_565' title='bbox 753 4456 971 4526; x_wconf 84' lang='grc' dir='ltr'>Μαρίαν</span> <span class='ocrx_word' id='word_1_566' title='bbox 997 4496 1011 4520; x_wconf 88' lang='grc'><strong>,</strong></span> <span class='ocrx_word' id='word_1_567' title='bbox 1045 4453 1143 4526; x_wconf 81' lang='grc' dir='ltr'>τὴν</span> <span class='ocrx_word' id='word_1_568' title='bbox 1166 4450 1261 4505; x_wconf 83' lang='grc' dir='ltr'>τοῦ</span> <span class='ocrx_word' id='word_1_569' title='bbox 1292 4452 1494 4520; x_wconf 85' lang='grc' dir='ltr'>κόσμου</span> <span class='ocrx_word' id='word_1_570' title='bbox 1528 4448 1782 4519; x_wconf 80' lang='grc' dir='ltr'>πρόξενον</span> 
     </span>
    </p>
   </div>
   <div class='ocr_carea' id='block_1_78' title="bbox 224 4549 526 4620">
    <p class='ocr_par' dir='ltr' id='par_1_78' title="bbox 224 4549 526 4620">
     <span class='ocr_line' id='line_1_78' title="bbox 224 4549 526 4620; baseline -0.013 -15"><span class='ocrx_word' id='word_1_571' title='bbox 224 4549 526 4620; x_wconf 80' lang='grc' dir='ltr'>σωτηρίας.</span> 
     </span>
    </p>
   </div>
   <div class='ocr_carea' id='block_1_79' title="bbox 302 4633 1786 4707">
    <p class='ocr_par' dir='ltr' id='par_1_79' title="bbox 302 4633 1786 4707">
     <span class='ocr_line' id='line_1_79' title="bbox 302 4633 1786 4707; baseline -0.007 -12"><span class='ocrx_word' id='word_1_572' title='bbox 302 4644 392 4707; x_wconf 71' lang='grc' dir='ltr'><strong>ς’.</strong></span> <span class='ocrx_word' id='word_1_573' title='bbox 436 4640 544 4693; x_wconf 75' lang='grc' dir='ltr'><strong>Καὶ</strong></span> <span class='ocrx_word' id='word_1_574' title='bbox 605 4638 791 4707; x_wconf 71' lang='grc' dir='ltr'>μηδεὶς</span> <span class='ocrx_word' id='word_1_575' title='bbox 844 4635 950 4688; x_wconf 90' lang='grc' dir='ltr'><strong>τῶν</strong></span> <span class='ocrx_word' id='word_1_576' title='bbox 999 4635 1096 4704; x_wconf 84' lang='grc' dir='ltr'>τῆς</span> <span class='ocrx_word' id='word_1_577' title='bbox 1130 4634 1455 4704; x_wconf 85' lang='grc' dir='ltr'>Ἐκκλησίας</span> <span class='ocrx_word' id='word_1_578' title='bbox 1502 4633 1786 4703; x_wconf 81' lang='grc' dir='ltr'>τροφίμων</span> 
     </span>
    </p>
   </div>
   <div class='ocr_carea' id='block_1_80' title="bbox 1902 3452 3445 3527">
    <p class='ocr_par' dir='ltr' id='par_1_80' title="bbox 1902 3452 3445 3527">
     <span class='ocr_line' id='line_1_80' title="bbox 1902 3452 3445 3527; baseline 0.005 -20"><span class='ocrx_word' id='word_1_579' title='bbox 1902 3453 2133 3518; x_wconf 89' lang='lat' dir='ltr'><strong>Domini,</strong></span> <span class='ocrx_word' id='word_1_580' title='bbox 2159 3452 2249 3522; x_wconf 89' lang='lat' dir='ltr'><strong>qui</strong></span> <span class='ocrx_word' id='word_1_581' title='bbox 2277 3455 2635 3509; x_wconf 77' lang='lat' dir='ltr'><strong>sanctissima:</strong></span> <span class='ocrx_word' id='word_1_582' title='bbox 2665 3454 2847 3509; x_wconf 82' lang='lat' dir='ltr'><strong>Mariae</strong></span> <span class='ocrx_word' id='word_1_583' title='bbox 2876 3466 3196 3527; x_wconf 88' lang='lat' dir='ltr'><strong>conceptum</strong></span> <span class='ocrx_word' id='word_1_584' title='bbox 3228 3461 3445 3514; x_wconf 88' lang='lat' dir='ltr'><strong>nuntia-</strong></span> 
     </span>
    </p>
   </div>
   <div class='ocr_carea' id='block_1_81' title="bbox 1890 3543 3441 3615">
    <p class='ocr_par' dir='ltr' id='par_1_81' title="bbox 1890 3543 3441 3615">
     <span class='ocr_line' id='line_1_81' title="bbox 1890 3543 3441 3615; baseline 0.006 -20"><span class='ocrx_word' id='word_1_585' title='bbox 1890 3544 1988 3606; x_wconf 78' lang='lat' dir='ltr'><strong>vit,</strong></span> <span class='ocrx_word' id='word_1_586' title='bbox 2024 3543 2276 3612; x_wconf 89' lang='lat' dir='ltr'><strong>inquiens</strong></span> <span class='ocrx_word' id='word_1_587' title='bbox 2304 3562 2316 3597; x_wconf 90' lang='lat'><strong>:</strong></span> <span class='ocrx_word' id='word_1_588' title='bbox 2352 3544 2665 3600; x_wconf 83' lang='lat' dir='ltr'><strong>Altissimus</strong></span> <span class='ocrx_word' id='word_1_589' title='bbox 2695 3546 2968 3600; x_wconf 77' lang='lat' dir='ltr'><strong>exaudivit</strong></span> <span class='ocrx_word' id='word_1_590' title='bbox 2996 3563 3181 3615; x_wconf 85' lang='lat' dir='ltr'><strong>preces</strong></span> <span class='ocrx_word' id='word_1_591' title='bbox 3210 3559 3441 3615; x_wconf 87' lang='lat' dir='ltr'><strong>vestras,</strong></span> 
     </span>
    </p>
   </div>
   <div class='ocr_carea' id='block_1_82' title="bbox 1888 3634 3445 3708">
    <p class='ocr_par' dir='ltr' id='par_1_82' title="bbox 1888 3634 3445 3708">
     <span class='ocr_line' id='line_1_82' title="bbox 1888 3634 3445 3708; baseline 0.005 -20"><span class='ocrx_word' id='word_1_592' title='bbox 1888 3650 1954 3689; x_wconf 91' lang='lat' dir='ltr'><strong>ac</strong></span> <span class='ocrx_word' id='word_1_593' title='bbox 1986 3636 2131 3690; x_wconf 82' lang='lat' dir='ltr'><strong>brevi</strong></span> <span class='ocrx_word' id='word_1_594' title='bbox 2170 3634 2333 3689; x_wconf 85' lang='lat' dir='ltr'><strong>ﬁliam</strong></span> <span class='ocrx_word' id='word_1_595' title='bbox 2356 3636 2603 3705; x_wconf 85' lang='lat' dir='ltr'><strong>gignetis,</strong></span> <span class='ocrx_word' id='word_1_596' title='bbox 2634 3637 2846 3690; x_wconf 86' lang='lat' dir='ltr'><strong>beatam</strong></span> <span class='ocrx_word' id='word_1_597' title='bbox 2889 3637 3056 3703; x_wconf 88' lang='lat' dir='ltr'><strong>illam,</strong></span> <span class='ocrx_word' id='word_1_598' title='bbox 3084 3655 3204 3708; x_wconf 83' lang='lat' dir='ltr'><strong>quae</strong></span> <span class='ocrx_word' id='word_1_599' title='bbox 3227 3655 3293 3694; x_wconf 81' lang='lat' dir='ltr'><strong>ex</strong></span> <span class='ocrx_word' id='word_1_600' title='bbox 3327 3656 3445 3696; x_wconf 85' lang='lat' dir='ltr'><strong>om-</strong></span> 
     </span>
    </p>
   </div>
   <div class='ocr_carea' id='block_1_83' title="bbox 1889 3725 3446 3796">
    <p class='ocr_par' dir='ltr' id='par_1_83' title="bbox 1889 3725 3446 3796">
     <span class='ocr_line' id='line_1_83' title="bbox 1889 3725 3446 3796; baseline 0.006 -17"><span class='ocrx_word' id='word_1_601' title='bbox 1889 3725 2051 3781; x_wconf 89' lang='lat' dir='ltr'><strong>nibus</strong></span> <span class='ocrx_word' id='word_1_602' title='bbox 2096 3727 2535 3796; x_wconf 77' lang='lat' dir='ltr'><strong>generationibus</strong></span> <span class='ocrx_word' id='word_1_603' title='bbox 2591 3727 2644 3781; x_wconf 89' lang='lat' dir='ltr'><strong>in</strong></span> <span class='ocrx_word' id='word_1_604' title='bbox 2696 3725 2790 3781; x_wconf 84' lang='lat' dir='ltr'><strong>Dei</strong></span> <span class='ocrx_word' id='word_1_605' title='bbox 2842 3726 3226 3785; x_wconf 87' lang='lat' dir='ltr'><strong>habitationem</strong></span> <span class='ocrx_word' id='word_1_606' title='bbox 3275 3734 3446 3789; x_wconf 87' lang='lat' dir='ltr'><strong>electa</strong></span> 
     </span>
    </p>
   </div>
   <div class='ocr_carea' id='block_1_84' title="bbox 1890 3804 3440 3891">
    <p class='ocr_par' dir='ltr' id='par_1_84' title="bbox 1890 3804 3440 3891">
     <span class='ocr_line' id='line_1_84' title="bbox 1890 3804 3440 3891; baseline 0.004 -19"><span class='ocrx_word' id='word_1_607' title='bbox 1890 3826 1995 3872; x_wconf 88' lang='lat' dir='ltr'><strong>est.</strong></span> <span class='ocrx_word' id='word_1_608' title='bbox 2024 3815 2124 3871; x_wconf 88' lang='lat' dir='ltr'><strong>Ubi</strong></span> <span class='ocrx_word' id='word_1_609' title='bbox 2167 3818 2309 3871; x_wconf 92' lang='lat' dir='ltr'><strong>hunc</strong></span> <span class='ocrx_word' id='word_1_610' title='bbox 2357 3819 2577 3887; x_wconf 79' lang='lat' dir='ltr'><strong>angelus</strong></span> <span class='ocrx_word' id='word_1_611' title='bbox 2629 3820 2796 3872; x_wconf 86' lang='lat' dir='ltr'><strong>edidit</strong></span> <span class='ocrx_word' id='word_1_612' title='bbox 2846 3821 3123 3877; x_wconf 84' lang='lat' dir='ltr'><strong>laetissime</strong></span> <span class='ocrx_word' id='word_1_613' title='bbox 3169 3804 3440 3891; x_wconf 88' lang='lat' dir='ltr'><strong>nuntium,</strong></span> 
     </span>
    </p>
   </div>
   <div class='ocr_carea' id='block_1_85' title="bbox 1882 3903 3443 3978">
    <p class='ocr_par' dir='ltr' id='par_1_85' title="bbox 1882 3903 3443 3978">
     <span class='ocr_line' id='line_1_85' title="bbox 1882 3903 3443 3978; baseline 0.005 -17"><span class='ocrx_word' id='word_1_614' title='bbox 1882 3903 2199 3961; x_wconf 79' lang='lat' dir='ltr'><strong>Joachimus</strong></span> <span class='ocrx_word' id='word_1_615' title='bbox 2239 3906 2483 3961; x_wconf 89' lang='lat' dir='ltr'><strong>miriﬁcis</strong></span> <span class='ocrx_word' id='word_1_616' title='bbox 2530 3908 2742 3977; x_wconf 80' lang='lat' dir='ltr'><strong>gaudiis</strong></span> <span class='ocrx_word' id='word_1_617' title='bbox 2782 3909 3015 3978; x_wconf 77' lang='lat' dir='ltr'><strong>gestiens</strong></span> <span class='ocrx_word' id='word_1_618' title='bbox 3059 3913 3339 3967; x_wconf 88' lang='lat' dir='ltr'><strong>descendit</strong></span> <span class='ocrx_word' id='word_1_619' title='bbox 3375 3915 3443 3970; x_wconf 89' lang='lat' dir='ltr'><strong>de</strong></span> 
     </span>
    </p>
   </div>
   <div class='ocr_carea' id='block_1_86' title="bbox 1885 3995 3435 4069">
    <p class='ocr_par' dir='ltr' id='par_1_86' title="bbox 1885 3995 3435 4069">
     <span class='ocr_line' id='line_1_86' title="bbox 1885 3995 3435 4069; baseline 0.006 -19"><span class='ocrx_word' id='word_1_620' title='bbox 1885 4008 2090 4059; x_wconf 89' lang='lat' dir='ltr'><strong>monte,</strong></span> <span class='ocrx_word' id='word_1_621' title='bbox 2112 3995 2268 4051; x_wconf 83' lang='lat' dir='ltr'><strong>Anna</strong></span> <span class='ocrx_word' id='word_1_622' title='bbox 2296 4012 2424 4054; x_wconf 89' lang='lat' dir='ltr'><strong>vero</strong></span> <span class='ocrx_word' id='word_1_623' title='bbox 2448 4008 2663 4053; x_wconf 91' lang='lat' dir='ltr'><strong>uterum</strong></span> <span class='ocrx_word' id='word_1_624' title='bbox 2683 4042 2699 4067; x_wconf 93' lang='lat'><strong>,</strong></span> <span class='ocrx_word' id='word_1_625' title='bbox 2743 4001 2836 4069; x_wconf 90' lang='lat' dir='ltr'><strong>qui</strong></span> <span class='ocrx_word' id='word_1_626' title='bbox 2865 4002 3066 4056; x_wconf 82' lang='lat' dir='ltr'><strong>sterilis</strong></span> <span class='ocrx_word' id='word_1_627' title='bbox 3097 4002 3273 4057; x_wconf 84' lang='lat' dir='ltr'><strong>fuerat</strong></span> <span class='ocrx_word' id='word_1_628' title='bbox 3293 4045 3308 4068; x_wconf 91' lang='lat'><strong>,</strong></span> <span class='ocrx_word' id='word_1_629' title='bbox 3349 4005 3435 4060; x_wconf 80' lang='lat' dir='ltr'><strong>fe-</strong></span> 
     </span>
    </p>
   </div>
   <div class='ocr_carea' id='block_1_87' title="bbox 1885 4086 3441 4161">
    <p class='ocr_par' dir='ltr' id='par_1_87' title="bbox 1885 4086 3441 4161">
     <span class='ocr_line' id='line_1_87' title="bbox 1885 4086 3441 4161; baseline 0.008 -20"><span class='ocrx_word' id='word_1_630' title='bbox 1885 4089 2121 4143; x_wconf 90' lang='lat' dir='ltr'><strong>cundum</strong></span> <span class='ocrx_word' id='word_1_631' title='bbox 2150 4098 2373 4156; x_wconf 82' lang='lat' dir='ltr'><strong>experta</strong></span> <span class='ocrx_word' id='word_1_632' title='bbox 2411 4099 2494 4144; x_wconf 86' lang='lat' dir='ltr'><strong>est</strong></span> <span class='ocrx_word' id='word_1_633' title='bbox 2529 4090 2603 4161; x_wconf 73' lang='lat'><strong>(2)</strong></span> <span class='ocrx_word' id='word_1_634' title='bbox 2630 4106 2696 4145; x_wconf 83' lang='lat' dir='ltr'><strong>ex</strong></span> <span class='ocrx_word' id='word_1_635' title='bbox 2743 4086 3025 4148; x_wconf 79' lang='lat' dir='ltr'><strong>voluntate</strong></span> <span class='ocrx_word' id='word_1_636' title='bbox 3062 4097 3242 4149; x_wconf 88' lang='lat' dir='ltr'><strong>carnis</strong></span> <span class='ocrx_word' id='word_1_637' title='bbox 3292 4106 3346 4151; x_wconf 89' lang='lat' dir='ltr'><strong>et</strong></span> <span class='ocrx_word' id='word_1_638' title='bbox 3373 4112 3441 4153; x_wconf 70' lang='lat' dir='ltr'><strong>ex</strong></span> 
     </span>
    </p>
   </div>
   <div class='ocr_carea' id='block_1_88' title="bbox 1883 4178 3442 4253">
    <p class='ocr_par' dir='ltr' id='par_1_88' title="bbox 1883 4178 3442 4253">
     <span class='ocr_line' id='line_1_88' title="bbox 1883 4178 3442 4253; baseline 0.008 -22"><span class='ocrx_word' id='word_1_639' title='bbox 1883 4178 2158 4234; x_wconf 85' lang='lat' dir='ltr'><strong>voluntate</strong></span> <span class='ocrx_word' id='word_1_640' title='bbox 2209 4179 2346 4243; x_wconf 85' lang='lat' dir='ltr'><strong>viri;</strong></span> <span class='ocrx_word' id='word_1_641' title='bbox 2397 4188 2509 4235; x_wconf 89' lang='lat' dir='ltr'><strong>tum</strong></span> <span class='ocrx_word' id='word_1_642' title='bbox 2547 4183 2762 4249; x_wconf 79' lang='lat' dir='ltr'><strong>cognita</strong></span> <span class='ocrx_word' id='word_1_643' title='bbox 2810 4193 2932 4253; x_wconf 88' lang='lat' dir='ltr'><strong>post</strong></span> <span class='ocrx_word' id='word_1_644' title='bbox 2986 4199 3177 4239; x_wconf 86' lang='lat' dir='ltr'><strong>novem</strong></span> <span class='ocrx_word' id='word_1_645' title='bbox 3226 4203 3442 4243; x_wconf 88' lang='lat' dir='ltr'><strong>menses</strong></span> 
     </span>
    </p>
   </div>
   <div class='ocr_carea' id='block_1_89' title="bbox 1850 4266 3443 4349">
    <p class='ocr_par' dir='ltr' id='par_1_89' title="bbox 1850 4266 3443 4349">
     <span class='ocr_line' id='line_1_89' title="bbox 1850 4266 3443 4349; baseline 0.008 -24"><span class='ocrx_word' id='word_1_646' title='bbox 1850 4266 1853 4267; x_wconf 48' lang='grc'><strong><em>⁷</em></strong></span> <span class='ocrx_word' id='word_1_647' title='bbox 1885 4273 2197 4328; x_wconf 79' lang='lat' dir='ltr'><strong>maturitate</strong></span> <span class='ocrx_word' id='word_1_648' title='bbox 2219 4282 2427 4342; x_wconf 87' lang='lat' dir='ltr'><strong>partus.</strong></span> <span class='ocrx_word' id='word_1_649' title='bbox 2460 4276 2648 4345; x_wconf 75' lang='lat' dir='ltr'><strong>genuit</strong></span> <span class='ocrx_word' id='word_1_650' title='bbox 2688 4276 3055 4331; x_wconf 86' lang='lat' dir='ltr'><strong>iutemeratam</strong></span> <span class='ocrx_word' id='word_1_651' title='bbox 3085 4277 3359 4349; x_wconf 81' lang='lat' dir='ltr'><strong>Virginem</strong></span> <span class='ocrx_word' id='word_1_652' title='bbox 3386 4290 3443 4338; x_wconf 83' lang='lat' dir='ltr'><strong>et</strong></span> 
     </span>
    </p>
   </div>
   <div class='ocr_carea' id='block_1_90' title="bbox 1886 4362 3434 4441">
    <p class='ocr_par' dir='ltr' id='par_1_90' title="bbox 1886 4362 3434 4441">
     <span class='ocr_line' id='line_1_90' title="bbox 1886 4362 3434 4441; baseline 0.01 -26"><span class='ocrx_word' id='word_1_653' title='bbox 1886 4362 1979 4441; x_wconf 86' lang='lat' dir='ltr'><strong>Dei</strong></span> <span class='ocrx_word' id='word_1_654' title='bbox 2020 4362 2244 4419; x_wconf 75' lang='lat' dir='ltr'><strong>Matrem</strong></span> <span class='ocrx_word' id='word_1_655' title='bbox 2298 4364 2522 4419; x_wconf 88' lang='lat' dir='ltr'><strong>Mariam</strong></span> <span class='ocrx_word' id='word_1_656' title='bbox 2568 4368 2760 4421; x_wconf 88' lang='lat' dir='ltr'><strong>salutis</strong></span> <span class='ocrx_word' id='word_1_657' title='bbox 2813 4371 3121 4425; x_wconf 85' lang='lat' dir='ltr'><strong>mortalium</strong></span> <span class='ocrx_word' id='word_1_658' title='bbox 3179 4374 3434 4430; x_wconf 84' lang='lat' dir='ltr'><strong>concilia-</strong></span> 
     </span>
    </p>
   </div>
   <div class='ocr_carea' id='block_1_91' title="bbox 1886 4456 2097 4509">
    <p class='ocr_par' dir='ltr' id='par_1_91' title="bbox 1886 4456 2097 4509">
     <span class='ocr_line' id='line_1_91' title="bbox 1886 4456 2097 4509; baseline 0.014 -3"><span class='ocrx_word' id='word_1_659' title='bbox 1886 4456 2097 4509; x_wconf 86' lang='lat' dir='ltr'><strong>tricem.</strong></span> 
     </span>
    </p>
   </div>
   <div class='ocr_carea' id='block_1_92' title="bbox 1957 4630 3442 4712">
    <p class='ocr_par' dir='ltr' id='par_1_92' title="bbox 1957 4630 3442 4712">
     <span class='ocr_line' id='line_1_92' title="bbox 1957 4630 3442 4712; baseline 0.007 -23"><span class='ocrx_word' id='word_1_660' title='bbox 1957 4634 2043 4693; x_wconf 80' lang='lat' dir='ltr'><strong>Vl.</strong></span> <span class='ocrx_word' id='word_1_661' title='bbox 2069 4635 2187 4690; x_wconf 82' lang='lat' dir='ltr'><strong>Jam</strong></span> <span class='ocrx_word' id='word_1_662' title='bbox 2230 4630 2551 4691; x_wconf 78' lang='lat' dir='ltr'><strong>sententiam</strong></span> <span class='ocrx_word' id='word_1_663' title='bbox 2605 4637 2752 4692; x_wconf 86' lang='lat' dir='ltr'><strong>illam</strong></span> <span class='ocrx_word' id='word_1_664' title='bbox 2803 4641 3066 4709; x_wconf 88' lang='lat' dir='ltr'><strong>spuriam,</strong></span> <span class='ocrx_word' id='word_1_665' title='bbox 3103 4658 3223 4710; x_wconf 60' lang='lat' dir='ltr'><strong>qua!</strong></span> <span class='ocrx_word' id='word_1_666' title='bbox 3262 4644 3442 4712; x_wconf 87' lang='lat' dir='ltr'><strong>perbi-</strong></span> 
     </span>
    </p>
   </div>
   <div class='ocr_carea' id='block_1_93' title="bbox 221 4702 1783 4813">
    <p class='ocr_par' dir='ltr' id='par_1_93' title="bbox 221 4702 1783 4800">
     <span class='ocr_line' id='line_1_93' title="bbox 221 4702 1783 4800; baseline -0.009 -10"><span class='ocrx_word' id='word_1_667' title='bbox 221 4702 414 4791; x_wconf 81' lang='grc' dir='ltr'>τοῦτον</span> <span class='ocrx_word' id='word_1_668' title='bbox 442 4702 740 4800; x_wconf 65' lang='grc' dir='ltr'>είσδέέηται</span> <span class='ocrx_word' id='word_1_669' title='bbox 768 4730 862 4783; x_wconf 84' lang='grc' dir='ltr'>τὸν</span> <span class='ocrx_word' id='word_1_670' title='bbox 885 4702 1068 4797; x_wconf 79' lang='grc' dir='ltr'>λόγον,</span> <span class='ocrx_word' id='word_1_671' title='bbox 1099 4702 1484 4787; x_wconf 79' lang='grc' dir='ltr'>ὑποϐάλλοντα,</span> <span class='ocrx_word' id='word_1_672' title='bbox 1511 4702 1587 4787; x_wconf 80' lang='grc' dir='ltr'>ὡς</span> <span class='ocrx_word' id='word_1_673' title='bbox 1614 4702 1783 4778; x_wconf 54' lang='grc' dir='ltr'>ἑπτα-</span> 
     </span>
    </p>
   </div>
   <div class='ocr_carea' id='block_1_94' title="bbox 1882 4702 3471 4813">
    <p class='ocr_par' dir='ltr' id='par_1_94' title="bbox 1887 4702 3471 4813">
     <span class='ocr_line' id='line_1_94' title="bbox 1887 4702 3471 4813; baseline 0.008 -33"><span class='ocrx_word' id='word_1_674' title='bbox 1887 4727 1975 4781; x_wconf 68' lang='lat' dir='ltr'><strong>bat</strong></span> <span class='ocrx_word' id='word_1_675' title='bbox 2000 4728 2228 4795; x_wconf 90' lang='lat' dir='ltr'><strong>septimo</strong></span> <span class='ocrx_word' id='word_1_676' title='bbox 2255 4742 2445 4806; x_wconf 81' lang='lat' dir='ltr'><strong>mense</strong></span> <span class='ocrx_word' id='word_1_677' title='bbox 2471 4738 2594 4798; x_wconf 88' lang='lat' dir='ltr'><strong>post</strong></span> <span class='ocrx_word' id='word_1_678' title='bbox 2614 4740 2932 4799; x_wconf 89' lang='lat' dir='ltr'><strong>conceptum</strong></span> <span class='ocrx_word' id='word_1_679' title='bbox 2970 4702 3136 4787; x_wconf 77' lang='lat' dir='ltr'><strong>fuisse</strong></span> <span class='ocrx_word' id='word_1_680' title='bbox 3156 4702 3439 4813; x_wconf 30' lang='lat' dir='ltr'><strong>‘Virginem</strong></span> <span class='ocrx_word' id='word_1_681' title='bbox 3468 4732 3471 4735; x_wconf 17' lang='grc' dir='ltr'><strong>Α</strong></span> 
     </span>
    </p>
   </div>
   <div class='ocr_carea' id='block_1_95' title="bbox 223 4815 1785 4899">
    <p class='ocr_par' dir='ltr' id='par_1_95' title="bbox 223 4815 1785 4899">
     <span class='ocr_line' id='line_1_95' title="bbox 223 4815 1785 4899; baseline -0.009 -19"><span class='ocrx_word' id='word_1_682' title='bbox 223 4826 458 4899; x_wconf 83' lang='grc' dir='ltr'>μηνιαία</span> <span class='ocrx_word' id='word_1_683' title='bbox 499 4826 533 4894; x_wconf 83' lang='grc' dir='ltr'>ἠ</span> <span class='ocrx_word' id='word_1_684' title='bbox 580 4823 858 4894; x_wconf 74' lang='grc' dir='ltr'>Παρθένος</span> <span class='ocrx_word' id='word_1_685' title='bbox 894 4820 1111 4890; x_wconf 70' lang='grc' dir='ltr'>ἐτέχθη.</span> <span class='ocrx_word' id='word_1_686' title='bbox 1143 4819 1254 4873; x_wconf 68' lang='grc' dir='ltr'><strong>Καὶ</strong></span> <span class='ocrx_word' id='word_1_687' title='bbox 1281 4818 1388 4887; x_wconf 89' lang='grc' dir='ltr'><strong>γάρ</strong></span> <span class='ocrx_word' id='word_1_688' title='bbox 1418 4816 1641 4879; x_wconf 81' lang='grc' dir='ltr'>πολλοὺς</span> <span class='ocrx_word' id='word_1_689' title='bbox 1679 4815 1785 4867; x_wconf 84' lang='grc' dir='ltr'><strong>τῶν</strong></span> 
     </span>
    </p>
   </div>
   <div class='ocr_carea' id='block_1_96' title="bbox 218 4903 1785 4985">
    <p class='ocr_par' dir='ltr' id='par_1_96' title="bbox 218 4903 1785 4985">
     <span class='ocr_line' id='line_1_96' title="bbox 218 4903 1785 4985; baseline -0.01 -14"><span class='ocrx_word' id='word_1_690' title='bbox 218 4915 479 4985; x_wconf 77' lang='grc' dir='ltr'>ἀφρόνων</span> <span class='ocrx_word' id='word_1_691' title='bbox 501 4912 673 4966; x_wconf 79' lang='grc' dir='ltr'>ταῦτα</span> <span class='ocrx_word' id='word_1_692' title='bbox 702 4910 1135 4979; x_wconf 74' lang='grc' dir='ltr'>φιλονεικοῦντας</span> <span class='ocrx_word' id='word_1_693' title='bbox 1161 4908 1394 4978; x_wconf 84' lang='grc' dir='ltr'>ἀκήκοα,</span> <span class='ocrx_word' id='word_1_694' title='bbox 1425 4904 1516 4967; x_wconf 79' lang='grc' dir='ltr'><strong>οὒς</strong></span> <span class='ocrx_word' id='word_1_695' title='bbox 1546 4903 1654 4971; x_wconf 81' lang='grc' dir='ltr'><strong>ἐγὼ</strong></span> <span class='ocrx_word' id='word_1_696' title='bbox 1677 4904 1785 4957; x_wconf 88' lang='grc' dir='ltr'><strong>τῶν</strong></span> 
     </span>
    </p>
   </div>
   <div class='ocr_carea' id='block_1_97' title="bbox 218 4994 1785 5072">
    <p class='ocr_par' dir='ltr' id='par_1_97' title="bbox 218 4994 1785 5072">
     <span class='ocr_line' id='line_1_97' title="bbox 218 4994 1785 5072; baseline -0.01 -12"><span class='ocrx_word' id='word_1_697' title='bbox 218 5005 472 5060; x_wconf 83' lang='grc' dir='ltr'>ἀπίστων</span> <span class='ocrx_word' id='word_1_698' title='bbox 512 5002 725 5072; x_wconf 80' lang='grc' dir='ltr'>χείρους</span> <span class='ocrx_word' id='word_1_699' title='bbox 770 4994 908 5052; x_wconf 80' lang='grc' dir='ltr'>εἶναι</span> <span class='ocrx_word' id='word_1_700' title='bbox 936 4997 1093 5050; x_wconf 87' lang='grc' dir='ltr'>δοκῶ.</span> <span class='ocrx_word' id='word_1_701' title='bbox 1134 4997 1319 5048; x_wconf 82' lang='grc' dir='ltr'>Ταῦτα</span> <span class='ocrx_word' id='word_1_702' title='bbox 1362 4995 1469 5066; x_wconf 79' lang='grc' dir='ltr'><strong>γὰρ</strong></span> <span class='ocrx_word' id='word_1_703' title='bbox 1499 4996 1785 5064; x_wconf 61' lang='grc' dir='ltr'>αἱρετικῶν</span> 
     </span>
    </p>
   </div>
   <div class='ocr_carea' id='block_1_98' title="bbox 216 5084 1782 5163">
    <p class='ocr_par' dir='ltr' id='par_1_98' title="bbox 216 5084 1782 5163">
     <span class='ocr_line' id='line_1_98' title="bbox 216 5084 1782 5163; baseline -0.008 -14"><span class='ocrx_word' id='word_1_704' title='bbox 216 5098 367 5149; x_wconf 74' lang='grc' dir='ltr'>εἰσιν</span> <span class='ocrx_word' id='word_1_705' title='bbox 406 5092 790 5163; x_wconf 73' lang='grc' dir='ltr'>ἑφευρήματαο</span> <span class='ocrx_word' id='word_1_706' title='bbox 820 5087 992 5142; x_wconf 82' lang='grc' dir='ltr'>ταῦτα</span> <span class='ocrx_word' id='word_1_707' title='bbox 1023 5090 1122 5157; x_wconf 80' lang='grc' dir='ltr'>τῆς</span> <span class='ocrx_word' id='word_1_708' title='bbox 1161 5087 1478 5157; x_wconf 80' lang='grc' dir='ltr'>Ἐκκλησίας</span> <span class='ocrx_word' id='word_1_709' title='bbox 1511 5084 1782 5147; x_wconf 86' lang='grc' dir='ltr'>ἀντίθετα,</span> 
     </span>
    </p>
   </div>
   <div class='ocr_carea' id='block_1_99' title="bbox 217 5175 1779 5251">
    <p class='ocr_par' dir='ltr' id='par_1_99' title="bbox 217 5175 1779 5251">
     <span class='ocr_line' id='line_1_99' title="bbox 217 5175 1779 5251; baseline -0.008 -14"><span class='ocrx_word' id='word_1_710' title='bbox 217 5183 338 5237; x_wconf 74' lang='grc' dir='ltr'><strong>τῶν</strong></span> <span class='ocrx_word' id='word_1_711' title='bbox 370 5182 660 5251; x_wconf 79' lang='grc' dir='ltr'>όρθοδόξων</span> <span class='ocrx_word' id='word_1_712' title='bbox 693 5180 948 5251; x_wconf 82' lang='grc' dir='ltr'>ἀλλότρια</span> <span class='ocrx_word' id='word_1_713' title='bbox 974 5196 986 5208; x_wconf 81' lang='grc'><em>’</em></span> <span class='ocrx_word' id='word_1_714' title='bbox 1014 5182 1047 5248; x_wconf 77' lang='grc' dir='ltr'><strong>ἡ</strong></span> <span class='ocrx_word' id='word_1_715' title='bbox 1078 5178 1185 5246; x_wconf 79' lang='grc' dir='ltr'>γὰρ</span> <span class='ocrx_word' id='word_1_716' title='bbox 1219 5175 1491 5245; x_wconf 83' lang='grc' dir='ltr'>Παρθένος</span> <span class='ocrx_word' id='word_1_717' title='bbox 1517 5176 1610 5226; x_wconf 73' lang='grc' dir='ltr'>καὶ</span> <span class='ocrx_word' id='word_1_718' title='bbox 1653 5175 1779 5227; x_wconf 83' lang='grc' dir='ltr'>θεύ-</span> 
     </span>
    </p>
   </div>
   <div class='ocr_carea' id='block_1_100' title="bbox 219 5262 1789 5343">
    <p class='ocr_par' dir='ltr' id='par_1_100' title="bbox 219 5262 1789 5343">
     <span class='ocr_line' id='line_1_100' title="bbox 219 5262 1789 5343; baseline -0.009 -15"><span class='ocrx_word' id='word_1_719' title='bbox 219 5291 371 5338; x_wconf 72' lang='grc' dir='ltr'>παις</span> <span class='ocrx_word' id='word_1_720' title='bbox 404 5272 586 5343; x_wconf 88' lang='grc' dir='ltr'>Μαρία</span> <span class='ocrx_word' id='word_1_721' title='bbox 611 5262 812 5325; x_wconf 83' lang='grc' dir='ltr'>τέλειον</span> <span class='ocrx_word' id='word_1_722' title='bbox 838 5270 929 5321; x_wconf 81' lang='grc' dir='ltr'>τὸν</span> <span class='ocrx_word' id='word_1_723' title='bbox 960 5269 1150 5338; x_wconf 81' lang='grc' dir='ltr'>χρόνον</span> <span class='ocrx_word' id='word_1_724' title='bbox 1179 5266 1288 5319; x_wconf 80' lang='grc' dir='ltr'><strong>τῶν</strong></span> <span class='ocrx_word' id='word_1_725' title='bbox 1317 5265 1471 5317; x_wconf 79' lang='grc' dir='ltr'>ὲννέα</span> <span class='ocrx_word' id='word_1_726' title='bbox 1504 5264 1690 5334; x_wconf 82' lang='grc' dir='ltr'>μηνῶν</span> <span class='ocrx_word' id='word_1_727' title='bbox 1732 5265 1789 5315; x_wconf 79' lang='grc' dir='ltr'>ἐν</span> 
     </span>
    </p>
   </div>
   <div class='ocr_carea' id='block_1_101' title="bbox 220 5357 1787 5438">
    <p class='ocr_par' dir='ltr' id='par_1_101' title="bbox 220 5357 1787 5438">
     <span class='ocr_line' id='line_1_101' title="bbox 220 5357 1787 5438; baseline -0.006 -20"><span class='ocrx_word' id='word_1_728' title='bbox 220 5369 292 5438; x_wconf 73' lang='grc' dir='ltr'><strong>τῇ</strong></span> <span class='ocrx_word' id='word_1_729' title='bbox 329 5365 431 5435; x_wconf 82' lang='grc' dir='ltr'>τῆς</span> <span class='ocrx_word' id='word_1_730' title='bbox 455 5365 652 5431; x_wconf 84' lang='grc' dir='ltr'>Ἀννης</span> <span class='ocrx_word' id='word_1_731' title='bbox 700 5362 877 5431; x_wconf 75' lang='grc' dir='ltr'>κοιλίᾳ</span> <span class='ocrx_word' id='word_1_732' title='bbox 925 5359 1248 5426; x_wconf 72' lang='grc' dir='ltr'>ἐξετέλεσεν,</span> <span class='ocrx_word' id='word_1_733' title='bbox 1277 5357 1350 5419; x_wconf 83' lang='grc' dir='ltr'>ὡς</span> <span class='ocrx_word' id='word_1_734' title='bbox 1379 5360 1411 5425; x_wconf 86' lang='grc' dir='ltr'>ἡ</span> <span class='ocrx_word' id='word_1_735' title='bbox 1443 5358 1601 5424; x_wconf 82' lang='grc' dir='ltr'>φύσις</span> <span class='ocrx_word' id='word_1_736' title='bbox 1630 5360 1662 5427; x_wconf 75' lang='grc' dir='ltr'>ἡ</span> <span class='ocrx_word' id='word_1_737' title='bbox 1691 5359 1787 5409; x_wconf 83' lang='grc' dir='ltr'>ἀν-</span> 
     </span>
    </p>
   </div>
   <div class='ocr_carea' id='block_1_102' title="bbox 222 5450 1786 5529">
    <p class='ocr_par' dir='ltr' id='par_1_102' title="bbox 222 5450 1786 5529">
     <span class='ocr_line' id='line_1_102' title="bbox 222 5450 1786 5529; baseline -0.009 -16"><span class='ocrx_word' id='word_1_738' title='bbox 222 5458 477 5529; x_wconf 82' lang='grc' dir='ltr'>θρωπίνη</span> <span class='ocrx_word' id='word_1_739' title='bbox 522 5456 704 5524; x_wconf 76' lang='grc' dir='ltr'>δηλοῖ³</span> <span class='ocrx_word' id='word_1_740' title='bbox 732 5454 865 5506; x_wconf 69' lang='grc' dir='ltr'>ἀλλὰ</span> <span class='ocrx_word' id='word_1_741' title='bbox 894 5453 1002 5506; x_wconf 80' lang='grc' dir='ltr'><strong>τῶν</strong></span> <span class='ocrx_word' id='word_1_742' title='bbox 1038 5451 1283 5520; x_wconf 75' lang='grc' dir='ltr'>ἀφρόνων</span> <span class='ocrx_word' id='word_1_743' title='bbox 1313 5450 1380 5501; x_wconf 70' lang='grc' dir='ltr'>τὰ</span> <span class='ocrx_word' id='word_1_744' title='bbox 1409 5450 1653 5517; x_wconf 79' lang='grc' dir='ltr'>στόματα</span> <span class='ocrx_word' id='word_1_745' title='bbox 1684 5467 1786 5517; x_wconf 76' lang='grc' dir='ltr'>μη-</span> 
     </span>
    </p>
   </div>
   <div class='ocr_carea' id='block_1_103' title="bbox 218 5539 1787 5618">
    <p class='ocr_par' dir='ltr' id='par_1_103' title="bbox 218 5539 1787 5618">
     <span class='ocr_line' id='line_1_103' title="bbox 218 5539 1787 5618; baseline -0.005 -19"><span class='ocrx_word' id='word_1_746' title='bbox 218 5552 354 5604; x_wconf 75' lang='grc' dir='ltr'>δένα</span> <span class='ocrx_word' id='word_1_747' title='bbox 389 5548 575 5618; x_wconf 87' lang='grc' dir='ltr'>μῶμον</span> <span class='ocrx_word' id='word_1_748' title='bbox 602 5547 733 5617; x_wconf 81' lang='grc' dir='ltr'>πρὸς</span> <span class='ocrx_word' id='word_1_749' title='bbox 755 5545 854 5615; x_wconf 82' lang='grc' dir='ltr'>τὴν</span> <span class='ocrx_word' id='word_1_750' title='bbox 884 5544 1111 5613; x_wconf 73' lang='grc' dir='ltr'>ἄμωμον</span> <span class='ocrx_word' id='word_1_751' title='bbox 1148 5543 1328 5612; x_wconf 83' lang='grc' dir='ltr'>εὑρεῖν</span> <span class='ocrx_word' id='word_1_752' title='bbox 1354 5539 1643 5609; x_wconf 81' lang='grc' dir='ltr'>δυνάμενα,</span> <span class='ocrx_word' id='word_1_753' title='bbox 1668 5540 1787 5591; x_wconf 80' lang='grc' dir='ltr'>τοῦ·</span> 
     </span>
    </p>
   </div>
   <div class='ocr_carea' id='block_1_104' title="bbox 1886 4816 3437 4891">
    <p class='ocr_par' dir='ltr' id='par_1_104' title="bbox 1886 4816 3437 4891">
     <span class='ocr_line' id='line_1_104' title="bbox 1886 4816 3437 4891; baseline 0.008 -24"><span class='ocrx_word' id='word_1_754' title='bbox 1886 4816 2141 4884; x_wconf 88' lang='lat' dir='ltr'><strong>geuitam,</strong></span> <span class='ocrx_word' id='word_1_755' title='bbox 2177 4832 2333 4872; x_wconf 88' lang='lat' dir='ltr'><strong>nemo</strong></span> <span class='ocrx_word' id='word_1_756' title='bbox 2380 4818 2433 4870; x_wconf 92' lang='lat' dir='ltr'><strong>in</strong></span> <span class='ocrx_word' id='word_1_757' title='bbox 2483 4817 2727 4879; x_wconf 84' lang='lat' dir='ltr'><strong>Ecclesia</strong></span> <span class='ocrx_word' id='word_1_758' title='bbox 2768 4819 3063 4875; x_wconf 89' lang='lat' dir='ltr'><strong>innutritus</strong></span> <span class='ocrx_word' id='word_1_759' title='bbox 3111 4825 3437 4891; x_wconf 84' lang='lat' dir='ltr'><strong>probaverit.</strong></span> 
     </span>
    </p>
   </div>
   <div class='ocr_carea' id='block_1_105' title="bbox 1886 4905 3439 4983">
    <p class='ocr_par' dir='ltr' id='par_1_105' title="bbox 1886 4905 3439 4983">
     <span class='ocr_line' id='line_1_105' title="bbox 1886 4905 3439 4983; baseline 0.008 -23"><span class='ocrx_word' id='word_1_760' title='bbox 1886 4905 2081 4961; x_wconf 80' lang='lat' dir='ltr'><strong>Multos</strong></span> <span class='ocrx_word' id='word_1_761' title='bbox 2110 4908 2253 4961; x_wconf 88' lang='lat' dir='ltr'><strong>enim</strong></span> <span class='ocrx_word' id='word_1_762' title='bbox 2288 4906 2468 4962; x_wconf 75' lang='lat' dir='ltr'><strong>fatuos</strong></span> <span class='ocrx_word' id='word_1_763' title='bbox 2496 4907 2769 4963; x_wconf 84' lang='lat' dir='ltr'><strong>audivi&#39;de</strong></span> <span class='ocrx_word' id='word_1_764' title='bbox 2792 4910 2892 4983; x_wconf 74' lang='lat' dir='ltr'><strong>hac</strong></span> <span class='ocrx_word' id='word_1_765' title='bbox 2932 4926 2993 4967; x_wconf 90' lang='lat' dir='ltr'><strong>re</strong></span> <span class='ocrx_word' id='word_1_766' title='bbox 3027 4918 3439 4982; x_wconf 62' lang='lat' dir='ltr'><strong>contendentes,</strong></span> 
     </span>
    </p>
   </div>
   <div class='ocr_carea' id='block_1_106' title="bbox 1886 4997 3438 5067">
    <p class='ocr_par' dir='ltr' id='par_1_106' title="bbox 1886 4997 3438 5067">
     <span class='ocr_line' id='line_1_106' title="bbox 1886 4997 3438 5067; baseline 0.009 -19"><span class='ocrx_word' id='word_1_767' title='bbox 1886 5012 2022 5065; x_wconf 85' lang='lat' dir='ltr'><strong>quos</strong></span> <span class='ocrx_word' id='word_1_768' title='bbox 2037 5011 2138 5066; x_wconf 88' lang='lat' dir='ltr'><strong>ego</strong></span> <span class='ocrx_word' id='word_1_769' title='bbox 2172 4998 2358 5066; x_wconf 88' lang='lat' dir='ltr'><strong>judico</strong></span> <span class='ocrx_word' id='word_1_770' title='bbox 2398 4997 2706 5054; x_wconf 90' lang='lat' dir='ltr'><strong>inﬁdelibus</strong></span> <span class='ocrx_word' id='word_1_771' title='bbox 2743 5002 3053 5067; x_wconf 88' lang='lat' dir='ltr'><strong>deteriores,</strong></span> <span class='ocrx_word' id='word_1_772' title='bbox 3106 5000 3229 5058; x_wconf 84' lang='lat' dir='ltr'><strong>cum</strong></span> <span class='ocrx_word' id='word_1_773' title='bbox 3265 5008 3438 5062; x_wconf 76' lang='lat' dir='ltr'><strong>luere-</strong></span> 
     </span>
    </p>
   </div>
   <div class='ocr_carea' id='block_1_107' title="bbox 1887 5088 3443 5160">
    <p class='ocr_par' dir='ltr' id='par_1_107' title="bbox 1887 5088 3443 5160">
     <span class='ocr_line' id='line_1_107' title="bbox 1887 5088 3443 5160; baseline 0.009 -20"><span class='ocrx_word' id='word_1_774' title='bbox 1887 5088 2116 5141; x_wconf 83' lang='lat' dir='ltr'><strong>ticdrum</strong></span> <span class='ocrx_word' id='word_1_775' title='bbox 2141 5089 2360 5157; x_wconf 86' lang='lat' dir='ltr'><strong>propria</strong></span> <span class='ocrx_word' id='word_1_776' title='bbox 2392 5090 2500 5143; x_wconf 89' lang='lat' dir='ltr'><strong>sint</strong></span> <span class='ocrx_word' id='word_1_777' title='bbox 2534 5092 2800 5160; x_wconf 79' lang='lat' dir='ltr'><strong>ejusmodi</strong></span> <span class='ocrx_word' id='word_1_778' title='bbox 2830 5095 3063 5149; x_wconf 81' lang='lat' dir='ltr'><strong>inventa.</strong></span> <span class='ocrx_word' id='word_1_779' title='bbox 3112 5094 3235 5152; x_wconf 71' lang='lat' dir='ltr'><strong>llrec</strong></span> <span class='ocrx_word' id='word_1_780' title='bbox 3261 5096 3443 5153; x_wconf 78' lang='lat' dir='ltr'><strong>Eccle-</strong></span> 
     </span>
    </p>
   </div>
   <div class='ocr_carea' id='block_1_108' title="bbox 1888 5178 3437 5257">
    <p class='ocr_par' dir='ltr' id='par_1_108' title="bbox 1888 5178 3437 5257">
     <span class='ocr_line' id='line_1_108' title="bbox 1888 5178 3437 5257; baseline 0.007 -24"><span class='ocrx_word' id='word_1_781' title='bbox 1888 5179 1985 5233; x_wconf 69' lang='lat' dir='ltr'><strong>sia:</strong></span> <span class='ocrx_word' id='word_1_782' title='bbox 2019 5178 2241 5234; x_wconf 83' lang='lat' dir='ltr'><strong>adversa</strong></span> <span class='ocrx_word' id='word_1_783' title='bbox 2277 5190 2423 5246; x_wconf 88' lang='lat' dir='ltr'><strong>sunt,</strong></span> <span class='ocrx_word' id='word_1_784' title='bbox 2453 5198 2482 5235; x_wconf 89' lang='lat' dir='ltr'><strong>a</strong></span> <span class='ocrx_word' id='word_1_785' title='bbox 2509 5192 2653 5237; x_wconf 84' lang='lat' dir='ltr'><strong>recte</strong></span> <span class='ocrx_word' id='word_1_786' title='bbox 2676 5185 3035 5239; x_wconf 86' lang='lat' dir='ltr'><strong>sentientibus</strong></span> <span class='ocrx_word' id='word_1_787' title='bbox 3057 5189 3217 5257; x_wconf 80' lang='lat' dir='ltr'><strong>plane</strong></span> <span class='ocrx_word' id='word_1_788' title='bbox 3241 5191 3437 5245; x_wconf 80' lang='lat' dir='ltr'><strong>aliena.</strong></span> 
     </span>
    </p>
   </div>
   <div class='ocr_carea' id='block_1_109' title="bbox 1885 5266 3440 5337">
    <p class='ocr_par' dir='ltr' id='par_1_109' title="bbox 1885 5266 3440 5337">
     <span class='ocr_line' id='line_1_109' title="bbox 1885 5266 3440 5337; baseline 0.008 -18"><span class='ocrx_word' id='word_1_789' title='bbox 1885 5266 2047 5337; x_wconf 77' lang='lat' dir='ltr'><strong>Virgo</strong></span> <span class='ocrx_word' id='word_1_790' title='bbox 2069 5270 2211 5321; x_wconf 90' lang='lat' dir='ltr'><strong>enim</strong></span> <span class='ocrx_word' id='word_1_791' title='bbox 2233 5285 2297 5323; x_wconf 84' lang='lat' dir='ltr'><strong>ac</strong></span> <span class='ocrx_word' id='word_1_792' title='bbox 2318 5269 2416 5322; x_wconf 90' lang='lat' dir='ltr'><strong>Dei</strong></span> <span class='ocrx_word' id='word_1_793' title='bbox 2437 5271 2549 5337; x_wconf 80' lang='lat' dir='ltr'><strong>ﬁlia</strong></span> <span class='ocrx_word' id='word_1_794' title='bbox 2576 5270 2741 5324; x_wconf 84' lang='lat' dir='ltr'><strong>Maria</strong></span> <span class='ocrx_word' id='word_1_795' title='bbox 2769 5271 3038 5328; x_wconf 82' lang='lat' dir='ltr'><strong>matur’um</strong></span> <span class='ocrx_word' id='word_1_796' title='bbox 3064 5291 3254 5331; x_wconf 83' lang='lat' dir='ltr'><strong>novem</strong></span> <span class='ocrx_word' id='word_1_797' title='bbox 3284 5294 3440 5332; x_wconf 86' lang='lat' dir='ltr'><strong>men-</strong></span> 
     </span>
    </p>
   </div>
   <div class='ocr_carea' id='block_1_110' title="bbox 1883 5359 3442 5438">
    <p class='ocr_par' dir='ltr' id='par_1_110' title="bbox 1883 5359 3442 5438">
     <span class='ocr_line' id='line_1_110' title="bbox 1883 5359 3442 5438; baseline 0.008 -26"><span class='ocrx_word' id='word_1_798' title='bbox 1883 5359 2022 5412; x_wconf 90' lang='lat' dir='ltr'><strong>sium</strong></span> <span class='ocrx_word' id='word_1_799' title='bbox 2050 5360 2282 5426; x_wconf 86' lang='lat' dir='ltr'><strong>spatium</strong></span> <span class='ocrx_word' id='word_1_800' title='bbox 2330 5359 2383 5413; x_wconf 92' lang='lat' dir='ltr'><strong>in</strong></span> <span class='ocrx_word' id='word_1_801' title='bbox 2421 5361 2540 5414; x_wconf 79' lang='lat' dir='ltr'><strong>alvo</strong></span> <span class='ocrx_word' id='word_1_802' title='bbox 2572 5362 2760 5417; x_wconf 88' lang='lat' dir='ltr'><strong>matris</strong></span> <span class='ocrx_word' id='word_1_803' title='bbox 2811 5366 3062 5430; x_wconf 77' lang='lat' dir='ltr'><strong>absolvit,</strong></span> <span class='ocrx_word' id='word_1_804' title='bbox 3098 5377 3161 5422; x_wconf 90' lang='lat' dir='ltr'><strong>nt</strong></span> <span class='ocrx_word' id='word_1_805' title='bbox 3202 5371 3442 5438; x_wconf 85' lang='lat' dir='ltr'><strong>postulat</strong></span> 
     </span>
    </p>
   </div>
   <div class='ocr_carea' id='block_1_111' title="bbox 1888 5450 3436 5529">
    <p class='ocr_par' dir='ltr' id='par_1_111' title="bbox 1888 5450 3436 5529">
     <span class='ocr_line' id='line_1_111' title="bbox 1888 5450 3436 5529; baseline 0.009 -26"><span class='ocrx_word' id='word_1_806' title='bbox 1888 5450 2121 5503; x_wconf 86' lang='lat' dir='ltr'><strong>humana</strong></span> <span class='ocrx_word' id='word_1_807' title='bbox 2155 5459 2369 5505; x_wconf 82' lang='lat' dir='ltr'><strong>natura.</strong></span> <span class='ocrx_word' id='word_1_808' title='bbox 2396 5451 2593 5506; x_wconf 79' lang='lat' dir='ltr'><strong>Verum</strong></span> <span class='ocrx_word' id='word_1_809' title='bbox 2625 5455 2913 5510; x_wconf 89' lang='lat' dir='ltr'><strong>stultorum</strong></span> <span class='ocrx_word' id='word_1_810' title='bbox 2942 5474 3059 5526; x_wconf 87' lang='lat' dir='ltr'><strong>ora,</strong></span> <span class='ocrx_word' id='word_1_811' title='bbox 3085 5475 3203 5529; x_wconf 62' lang='lat' dir='ltr'><strong>quin</strong></span> <span class='ocrx_word' id='word_1_812' title='bbox 3235 5463 3436 5517; x_wconf 81' lang='lat' dir='ltr'><strong>nullum</strong></span> 
     </span>
    </p>
   </div>
   <div class='ocr_carea' id='block_1_112' title="bbox 1885 5542 3439 5616">
    <p class='ocr_par' dir='ltr' id='par_1_112' title="bbox 1885 5542 3439 5616">
     <span class='ocr_line' id='line_1_112' title="bbox 1885 5542 3439 5616; baseline 0.01 -21"><span class='ocrx_word' id='word_1_813' title='bbox 1885 5542 2055 5595; x_wconf 85' lang='lat' dir='ltr'><strong>labem</strong></span> <span class='ocrx_word' id='word_1_814' title='bbox 2099 5542 2150 5597; x_wconf 90' lang='lat' dir='ltr'><strong>in</strong></span> <span class='ocrx_word' id='word_1_815' title='bbox 2187 5544 2390 5599; x_wconf 72' lang='lat' dir='ltr'><strong>illibata</strong></span> <span class='ocrx_word' id='word_1_816' title='bbox 2419 5546 2492 5616; x_wconf 65' lang='grc' dir='ltr'><strong>ᾧ)</strong></span> <span class='ocrx_word' id='word_1_817' title='bbox 2515 5548 2787 5615; x_wconf 88' lang='lat' dir='ltr'><strong>potuerint</strong></span> <span class='ocrx_word' id='word_1_818' title='bbox 2815 5550 3077 5614; x_wconf 88' lang='lat' dir='ltr'><strong>invenire,</strong></span> <span class='ocrx_word' id='word_1_819' title='bbox 3109 5555 3439 5611; x_wconf 84' lang='lat' dir='ltr'><strong>sententiam</strong></span> 
     </span>
    </p>
   </div>
   <div class='ocr_carea' id='block_1_113' title="bbox 292 5644 1783 5730">
    <p class='ocr_par' dir='ltr' id='par_1_113' title="bbox 292 5658 1783 5730">
     <span class='ocr_line' id='line_1_113' title="bbox 292 5658 1783 5730; baseline -0.007 -8"><span class='ocrx_word' id='word_1_820' title='bbox 292 5667 319 5702; x_wconf 83' lang='grc'><strong>⁸</strong></span> <span class='ocrx_word' id='word_1_821' title='bbox 354 5667 488 5721; x_wconf 80' lang='lat' dir='ltr'><strong>Dm.</strong></span> <span class='ocrx_word' id='word_1_822' title='bbox 518 5682 600 5730; x_wconf 78' lang='grc' dir='ltr'>ιιι,</span> <span class='ocrx_word' id='word_1_823' title='bbox 800 5667 819 5697; x_wconf 71' lang='grc' dir='ltr'>θ</span> <span class='ocrx_word' id='word_1_824' title='bbox 846 5663 978 5718; x_wconf 83' lang='lat' dir='ltr'><strong>Dan.</strong></span> <span class='ocrx_word' id='word_1_825' title='bbox 1013 5679 1106 5724; x_wconf 80' lang='lat' dir='ltr'><strong>vn,</strong></span> <span class='ocrx_word' id='word_1_826' title='bbox 1143 5660 1224 5713; x_wconf 82' lang='lat' dir='ltr'><strong>lO.</strong></span> <span class='ocrx_word' id='word_1_827' title='bbox 1301 5660 1342 5691; x_wconf 75' lang='lat'><strong>‘°</strong></span> <span class='ocrx_word' id='word_1_828' title='bbox 1368 5659 1580 5715; x_wconf 67' lang='lat' dir='ltr'><strong>Gemit.</strong></span> <span class='ocrx_word' id='word_1_829' title='bbox 1620 5658 1704 5712; x_wconf 74' lang='lat'><strong>18.</strong></span> <span class='ocrx_word' id='word_1_830' title='bbox 1781 5666 1783 5689; x_wconf 64' lang='grc' dir='ltr'><em>τ</em></span> 
     </span>
    </p>
   </div>
   <div class='ocr_carea' id='block_1_114' title="bbox 1882 5644 2808 5730">
    <p class='ocr_par' dir='ltr' id='par_1_114' title="bbox 1882 5644 2808 5730">
     <span class='ocr_line' id='line_1_114' title="bbox 1882 5644 2808 5730; baseline 0.011 -17"><span class='ocrx_word' id='word_1_831' title='bbox 1882 5662 1989 5717; x_wconf 74' lang='lat' dir='ltr'><strong>ien.</strong></span> <span class='ocrx_word' id='word_1_832' title='bbox 2017 5679 2096 5725; x_wconf 85' lang='grc' dir='ltr'>ιιι,</span> <span class='ocrx_word' id='word_1_833' title='bbox 2127 5664 2215 5718; x_wconf 68' lang='lat' dir='ltr'><strong>2L</strong></span> <span class='ocrx_word' id='word_1_834' title='bbox 2297 5667 2338 5698; x_wconf 73' lang='grc'>’³</span> <span class='ocrx_word' id='word_1_835' title='bbox 2366 5666 2600 5722; x_wconf 82' lang='lat' dir='ltr'><strong>Baruch.</strong></span> <span class='ocrx_word' id='word_1_836' title='bbox 2632 5684 2691 5730; x_wconf 88' lang='grc' dir='ltr'>ιι.</span> 
     </span>
    </p>
   </div>
   <div class='ocr_carea' id='block_1_115' title="bbox 299 5781 1341 5859">
    <p class='ocr_par' dir='ltr' id='par_1_115' title="bbox 299 5781 1341 5859">
     <span class='ocr_line' id='line_1_115' title="bbox 299 5781 1341 5859; baseline -0.012 -16"><span class='ocrx_word' id='word_1_837' title='bbox 299 5787 377 5859; x_wconf 72' lang='lat'><strong>(&#39;2)</strong></span> <span class='ocrx_word' id='word_1_838' title='bbox 415 5784 717 5859; x_wconf 69' lang='lat' dir='ltr'><strong>Supplenda</strong></span> <span class='ocrx_word' id='word_1_839' title='bbox 748 5784 1072 5859; x_wconf 21' lang='lat' dir='ltr'><strong>hicygupgatio</strong></span> <span class='ocrx_word' id='word_1_840' title='bbox 1112 5781 1341 5859; x_wconf 34' lang='lat' dir='ltr'><strong>virl&#39;eu‘ur.</strong></span> 
     </span>
    </p>
   </div>
   <div class='ocr_carea' id='block_1_116' title="bbox 293 5840 1793 5929">
    <p class='ocr_par' dir='ltr' id='par_1_116' title="bbox 293 5840 1793 5929">
     <span class='ocr_line' id='line_1_116' title="bbox 293 5840 1793 5929; baseline -0.007 -17"><span class='ocrx_word' id='word_1_841' title='bbox 293 5840 373 5927; x_wconf 54' lang='grc' dir='ltr'><strong>(ᾗῇ</strong></span> <span class='ocrx_word' id='word_1_842' title='bbox 431 5840 555 5929; x_wconf 62' lang='lat' dir='ltr'><strong>Vide</strong></span> <span class='ocrx_word' id='word_1_843' title='bbox 600 5865 799 5929; x_wconf 72' lang='lat' dir='ltr'><strong>quanta</strong></span> <span class='ocrx_word' id='word_1_844' title='bbox 842 5840 1133 5929; x_wconf 53' lang='lat' dir='ltr'><strong>sedulitate</strong></span> <span class='ocrx_word' id='word_1_845' title='bbox 1186 5849 1307 5929; x_wconf 33' lang='lat'><strong>55..</strong></span> <span class='ocrx_word' id='word_1_846' title='bbox 1348 5844 1793 5929; x_wconf 51' lang='lat' dir='ltr'><strong>PnlrtESHOtttttent</strong></span> 
     </span>
    </p>
   </div>
   <div class='ocr_carea' id='block_1_117' title="bbox 227 5919 1795 5993">
    <p class='ocr_par' dir='ltr' id='par_1_117' title="bbox 227 5919 1795 5993">
     <span class='ocr_line' id='line_1_117' title="bbox 227 5919 1795 5993; baseline -0.01 -5"><span class='ocrx_word' id='word_1_847' title='bbox 227 5919 539 5988; x_wconf 51' lang='lat' dir='ltr'><strong>nc&#39;n&#39;tnodo</strong></span> <span class='ocrx_word' id='word_1_848' title='bbox 566 5919 767 5993; x_wconf 79' lang='lat' dir='ltr'><strong>peccati</strong></span> <span class='ocrx_word' id='word_1_849' title='bbox 798 5926 1059 5978; x_wconf 81' lang='lat' dir='ltr'><strong>maculant</strong></span> <span class='ocrx_word' id='word_1_850' title='bbox 1080 5937 1199 5988; x_wconf 73' lang='lat' dir='ltr'><strong>quae</strong></span> <span class='ocrx_word' id='word_1_851' title='bbox 1223 5919 1456 5973; x_wconf 78' lang='lat' dir='ltr'><strong>animant</strong></span> <span class='ocrx_word' id='word_1_852' title='bbox 1489 5919 1676 5982; x_wconf 86' lang='lat' dir='ltr'><strong>inlicit,</strong></span> <span class='ocrx_word' id='word_1_853' title='bbox 1702 5920 1795 5973; x_wconf 81' lang='lat' dir='ltr'><strong>sed</strong></span> 
     </span>
    </p>
   </div>
   <div class='ocr_carea' id='block_1_118' title="bbox 1903 5785 3439 5864">
    <p class='ocr_par' dir='ltr' id='par_1_118' title="bbox 1903 5785 3439 5864">
     <span class='ocr_line' id='line_1_118' title="bbox 1903 5785 3439 5864; baseline 0.013 -32"><span class='ocrx_word' id='word_1_854' title='bbox 1903 5792 1955 5835; x_wconf 69' lang='lat' dir='ltr'><strong>et</strong></span> <span class='ocrx_word' id='word_1_855' title='bbox 1987 5785 2244 5864; x_wconf 73' lang='lat' dir='ltr'><strong>naturalis</strong></span> <span class='ocrx_word' id='word_1_856' title='bbox 2274 5785 2515 5864; x_wconf 73' lang='lat' dir='ltr'><strong>delectus</strong></span> <span class='ocrx_word' id='word_1_857' title='bbox 2538 5790 2896 5857; x_wconf 80' lang='lat' dir='ltr'><strong>suspicionem</strong></span> <span class='ocrx_word' id='word_1_858' title='bbox 2930 5805 2958 5843; x_wconf 87' lang='lat' dir='ltr'><strong>a</strong></span> <span class='ocrx_word' id='word_1_859' title='bbox 2989 5790 3140 5845; x_wconf 88' lang='lat' dir='ltr'><strong>beata</strong></span> <span class='ocrx_word' id='word_1_860' title='bbox 3228 5792 3439 5864; x_wconf 73' lang='lat' dir='ltr'><strong>Virgine</strong></span> 
     </span>
    </p>
   </div>
   <div class='ocr_carea' id='block_1_119' title="bbox 1905 5855 3117 5922">
    <p class='ocr_par' dir='ltr' id='par_1_119' title="bbox 1905 5855 3117 5922">
     <span class='ocr_line' id='line_1_119' title="bbox 1905 5855 3117 5922; baseline 0.015 -19"><span class='ocrx_word' id='word_1_861' title='bbox 1905 5855 2319 5922; x_wconf 83' lang='lat' dir='ltr'><strong>propulsandam</strong></span> <span class='ocrx_word' id='word_1_862' title='bbox 2353 5855 2683 5915; x_wconf 71' lang='lat' dir='ltr'><strong>existimant.</strong></span> <span class='ocrx_word' id='word_1_863' title='bbox 3100 5900 3117 5906; x_wconf 71' lang='lat'><em>~</em></span> 
     </span>
    </p>
   </div>
  </div>
