4016 6340
3364 370 3399 381 σν

640 428 770 491 1483
960 446 961 449 η
1692 419 1748 476 S.
1783 416 2081 477 TARASII
2112 416 2606 477 PATRIARCHIE
2635 418 2742 475 CP.
3676 413 3787 477 148i

640 547 752 589 tuos
783 545 829 588 et
858 532 1076 603 gemitus
1103 520 1215 582 tuos
1250 528 1269 559 ⁸
1294 546 1307 591 ;
1346 534 1397 581 et
1430 525 1495 578 ah
1533 524 1620 577 illa
1647 541 1660 576 :
1690 524 1761 577 ‘ln
1793 526 1971 578 dolore
1999 525 2171 592 paries

2293 538 2386 577 νου
2412 539 2426 555 ⁸
2481 523 2573 576 καὶ
2625 523 2747 585 τοῦ,
2785 523 2885 575 Ἑν
2926 523 3142 588 λύπαις
3174 521 3311 588 τέξῃ
3366 518 3568 585 τέκνα,
3622 518 3791 588 βεῦαία

636 624 775 693 ﬁlios
794 623 838 674 ‘.
888 622 1122 688 Agamus
1170 618 1368 685 itaque,
1401 615 1602 680 lldeles,
1633 611 1829 666 festum
1852 613 1992 665 diem
2023 610 2167 665 omni

2293 613 2655 684 ιπολύτρωσις.
2707 613 2922 681 Ταύτην
2978 613 3027 663 οἱ
3079 612 3258 664 πιστοὶ
3311 612 3656 680 ἑοριάσωμεν
3707 611 3787 680 τήν.

638 714 846 765 honore
858 708 1252 778 dignissimum,
1274 704 1737 770 clarissimamque
1753 699 2168 760 solemnitatem,

2293 705 2533 773 εάντιμον
2583 703 2808 771 ἑορτήν,
2866 702 2964 772 τὴν
3014 701 3270 771 λαμπρὰν
3321 702 3625 771 πανήγυριν
3650 738 3666 763 ,
3707 700 3790 767 τὴν

638 811 760 866 qua:
784 796 978 849 divinis
1011 793 1176 847 radiis
1198 791 1575 860 splendescens
1596 828 1613 853 ,
1645 787 2173 859 intelligibilibusqne

2293 794 2436 855 halat;
2492 792 2919 846 ἀποστίλϐουσαν
2965 794 3348 861 μαρμαρυγαῖς
3375 829 3391 852 ,
3440 791 3542 859 τὴν
3598 794 3794 856 νοηταῖς

640 901 864 941 accensa
898 883 1192 937 luminibus
1217 896 1281 935 ac
1305 879 1547 950 mysticis
1575 878 1879 946 fulgoribus
1909 877 2171 938 emicans,

2293 881 2642 951 αμπαδουχου
2649 881 2813 951 μένην
2831 881 3179 949 φωταυγίαις,
3198 880 3296 949 τὴν
3318 882 3605 949 μυστικαῖς
3628 879 3795 944 ἀγλαϊ-

640 988 865 1028 3rcanas
886 972 977 1025 Dei
1010 970 1344 1041 cognitiones
1366 967 1683 1022 mortalibus
1715 973 1992 1029 coruscat,
2016 975 2176 1032 atque

2293 973 2501 1041 ζομένην
2531 962 2894 1039 φωτοδοσίαις,
2918 970 3015 1041 τὴν
3038 972 3321 1039 μυστικαῖς
3348 969 3795 1037 περιασιτράτττου⁸

644 1076 802 1114 unam
831 1060 885 1113 in
908 1059 1077 1113 tribus
1100 1059 1347 1128 personis
1368 1057 1721 1119 divinitatem,
1738 1054 2175 1123 omnipotentiam

2293 1076 2372 1111 παν
2401 1059 2476 1128 τῷ
2512 1060 2699 1128 κόσμῳ
2728 1059 3090 1126 θεογνωσίαις,
3117 1059 3215 1125 τὴν
3248 1058 3305 1134 εν
3327 1057 3474 1126 τρισὶ
3514 1057 3798 1125 προσώποις

645 1150 836 1211 Patris,
865 1158 918 1201 et
936 1146 1076 1211 Filii,
1104 1154 1158 1200 et
1185 1144 1415 1214 Spiritus
1443 1143 1613 1198 sancti
1643 1142 1898 1196 declarat.

2293 1151 2403 1202 ιίαν
2434 1148 2683 1217 θεότητα,
2716 1149 2946 1219 Ιῖατρδς,
2965 1152 3058 1201 καὶ
3086 1148 3237 1211 Υἱοῦ,
3262 1148 3352 1199 καὶ
3379 1146 3706 1216 Πνεῦματος,
3729 1147 3796 1198 δι-

2273 1237 2507 1301 δάξασαν
2530 1239 3010 1308 παντοκρατορίαν.

715 1318 1183 1383 ριιιιιοοοῐηιιίὒιιε
1228 1320 1373 1374 hisce
1419 1322 1747 1389 argumentis
1805 1323 1858 1375 in
1906 1337 2176 1377 summam

647 1409 906 1473 collectis,
933 1409 1335 1463 accommodate
1363 1409 1572 1463 dicendi
1604 1412 1924 1479 principium
1955 1428 1983 1465 a
2012 1411 2180 1482 Virgi-

654 1497 741 1549 nis
769 1497 1089 1552 deductione
1132 1499 1186 1552 in
1216 1499 1472 1568 templum
1511 1514 1607 1567 pro
1645 1500 1848 1554 viribus
1870 1502 2181 1553 describen-

648 1587 715 1640 da
744 1586 1023 1652 faciamus,
1051 1603 1114 1641 ac
1135 1588 1326 1644 deinde
1349 1589 1480 1659 legis
1507 1589 1907 1657 implementutn
1929 1598 1982 1641 et
2009 1591 2181 1644 editos

650 1679 834 1744 gratia:
878 1677 1085 1731 fructus
1142 1679 1387 1731 oratione
1432 1691 1838 1745 prosequamur.
1882 1678 1998 1746 Ipsa
2040 1678 2182 1731 enim

652 1766 847 1819 Sancta
894 1776 1203 1820 sanctorum
1229 1800 1243 1827 ,
1289 1767 1663 1820 immaculattts
1694 1765 1853 1821 Verbi
1881 1768 2147 1821 thalamus
2166 1807 2182 1831 ,

648 1855 886 1921 virginea
933 1855 1078 1923 virga
1115 1853 1310 1907 ﬂorens
1333 1896 1347 1917 ,
1394 1870 1515 1907 area
1549 1856 2004 1918 sanctificationis,
2029 1871 2184 1909 mons

651 1954 894 2004 sanctus,
928 1942 1330 1995 tabernaculum
1366 1940 1456 1994 Dei
1480 1957 1669 2010 capax,
1700 1943 2073 1999 incombustus
2100 1959 2185 1997 ru-

651 2031 775 2094 bus,
826 2030 1184 2083 llammivolns
1216 2029 1306 2082 Dei
1352 2045 1566 2090 currus,
1598 2032 1843 2086 columba
1888 2033 2184 2100 impolluta,

653 2119 985 2189 amplissima
1036 2116 1216 2171 Vcrbi'
1249 2119 1424 2180 sedes,
1462 2118 1627 2172 nubes
1656 2135 1683 2173 a
1721 2119 1826 2171 Deo
1868 2122 2184 2182 illuminata,

651 2212 919 2278 variegata
971 2209 1152 2278 regina
1176 2223 1205 2260 e
1234 2209 1438 2261 semine
1472 2208 1634 2261 David
1679 2221 1958 2277 prognata,
1993 2212 2046 2264 in
2103 2213 2188 2266 sui

580 2364 583 2367 _
653 2298 1035 2353 habitationem
1087 2311 1117 2348 a
1169 2296 1381 2351 Davidis
1435 2295 1684 2350 Creatore
1730 2314 1793 2352 ac
1824 2288 1947 2353 Deo
1976 2310 2188 2356 servata

656 2389 851 2445 fuerat.

727 2478 812 2534 Ill.
834 2477 1145 2533 Joachimus
1167 2478 1344 2547 itaque
1365 2492 1395 2531 e
1412 2476 1690 2531 duodecim
1717 2476 1925 2531 lsraelis
1947 2476 2191 2535 tribubus

657 2572 818 2626 homo
847 2571 995 2625 dives
1048 2570 1292 2638 idemque
1331 2569 1530 2637 justus,
1568 2584 1665 2623 sua
1712 2569 1763 2622 in
1799 2568 1891 2623 Dei
1934 2562 2191 2625 honorem

655 2679 879 2721 munera
935 2661 1225 2717 deferebat.
1287 2660 1389 2714 Sed
1443 2674 1568 2712 cum
1624 2659 1829 2712 semine
1876 2658 2193 2713 infecundus

656 2770 723 2810 ac
753 2755 1039 2807 liberorum
1066 2762 1259 2817 expers
1288 2754 1453 2808 esset,
1485 2745 1789 2800 sacerdotes
1810 2761 1840 2799 e
1866 2747 2059 2814 templo
2084 2747 2190 2799 Do-

657 2843 791 2898 mini
826 2839 943 2908 ejus
965 2839 1102 2891 dona
1135 2837 1521 2892 contumeliose
1557 2827 1861 2903 reiecerunt
1895 2836 2042 2891 hisee
2071 2852 2191 2890 ver-

657 2933 743 2987 bis
770 2950 782 2986 :
808 2929 1220 2997 Haudquaquam
1245 2928 1345 2980 ista
1369 2926 1470 2978 Deo
1489 2925 1671 2993 o/Terre
1687 2926 1779 2977 tibi
1801 2925 1883 2992 fas
1899 2935 1993 2989 est,
2011 2914 2195 2993 quippe

655 3023 744 3093 qui
793 3020 937 3074 nulla
978 3018 1151 3072 sobole
1206 3024 1389 3068 auctus
1437 3015 1597 3082 fueris
1650 3015 1704 3066 in
1743 3014 1955 3067 lsraele.
1991 3016 2060 3068 At
2106 3018 2195 3069 ille

2344 1329 2435 1380 Διὸ
2459 1328 2658 1390 ταύτας
2678 1331 2776 1390 τὰς
2801 1329 3081 1390 ὑποθέσεις
3110 1325 3697 1395 ἁνακεφαλαιὼσαντες,
3717 1324 3800 1378 καὶ

2277 1420 2446 1489 ἀρχὴν
2477 1419 2726 1482 λαϐόντες
2749 1419 2826 1489 τῷ
2845 1420 2987 1489 λόγῳ
3018 1402 3523 1489 προσήκουσαντῆς
3549 1416 3800 1486 Παρθένου

2275 1509 2374 1577 τὴν
2407 1510 2462 1561 ὲν
2492 1508 2568 1576 τῷ
2590 1507 2703 1577 ναῷ
2726 1508 3107 1578 προσαγωγὴν,
3141 1510 3264 1562 ὅσον
3292 1503 3402 1562 οἷόν
3427 1526 3489 1560 τε
3511 1505 3803 1576 διαγράφω-

2283 1614 2380 1665 μεν
2403 1635 2418 1660 ,
2456 1598 2550 1652 κα).
2574 1595 2669 1666 τήν
2698 1598 2791 1649 τοῦ
2831 1598 2992 1667 νόμου
3026 1598 3369 1669 ὲκπλήρωσίν
3401 1615 3462 1649 τε
3491 1600 3588 1649 καὶ
3612 1613 3804 1665 καρπο-

2280 1685 2459 1739 δοσίαν
2484 1685 2941 1755 ὑπαγορεύσωμεν
2961 1702 2977 1717 ·
2998 1685 3137 1756 αὕτη
3158 1689 3268 1757 γὰρ
3289 1690 3321 1756 ή
3338 1686 3444 1739 τῶν
3463 1686 3632 1753 ἁγίων
3645 1684 3817 1752 ’Δγίαῖ

2283 1775 2314 1843 ή
2373 1774 2701 1844 ἀκηλίδωτος
2755 1775 2848 1827 τοῦ
2893 1776 3063 1843 Λόγου
3106 1778 3340 1838 παστὰς,
3395 1777 3458 1829 τὸ
3498 1774 3805 1844 παρθενικὺν

2264 1858 2593 1934 ¹ἀπιίινθιιςμα
2619 1904 2634 1929 ,
2670 1867 2703 1935 ή
2733 1866 2962 1928 κιϐωτὸς
2989 1866 3081 1918 τοῦ
3114 1866 3448 1935 ἁγιάσματος
3471 1907 3488 1928 ,
3514 1867 3576 1918 τὸ
3604 1865 3723 1933 ὅρος
3753 1866 3806 1916 τὸ

2281 1954 2455 2020 ἅγιον,
2481 1957 2514 2025 ή
2542 1955 2880 2026 θεοχιὶξρητοςι
2905 1956 3094 2025 σκηνὴ,
3124 1958 3155 2023 ἡ
3190 1957 3602 2022 ἀκαταφλεκτος
3636 1954 3806 2023 βάτος,

2282 2045 2343 2098 τὸ
2375 2047 2715 2120 πυρίμορφον
2741 2047 2893 2117 ἆρμα
2932 2048 3025 2100 τοῦ
3046 2048 3203 2113 θεοῦ,
3235 2051 3269 2118 ή
3305 2048 3600 2116 περιστερὰ
3629 2047 3807 2114 ἠτιμά-

2282 2134 2490 2199 λυντος,
2517 2138 2577 2188 τὺ
2607 2137 2915 2206 εὐρύχωρον
2942 2137 3033 2188 τοῦ
3054 2139 3224 2203 Λόγου
3254 2140 3470 2207 χωρίον,
3496 2139 3531 2207 ἡ
3563 2137 3807 2203 θεόςωτος

2285 2224 2502 2294 νεφέλη,
2544 2226 2578 2294 ή
2629 2227 3015 2294 πεποικιλμένη
3068 2226 3346 2294 βασίλισσα
3391 2231 3456 2280 ὲκ
3518 2229 3810 2295 σπέρματος

2285 2312 2443 2365 Δαυῒδ
2465 2315 2806 2382 καταγομένη
2828 2313 2904 2381 τῷ
2930 2314 3023 2365 τοῦ
3049 2314 3209 2367 Δαυῖδ
3239 2315 3426 2384 κτίστῃ
3448 2316 3543 2367 καὶ
3571 2315 3687 2384 Θεῷ
3705 2317 3808 2367 ἑτε-

2287 2400 2493 2469 τήρητο
2525 2399 2602 2462 είς
2628 2399 2818 2452 ἑαυτοῦ
2846 2400 3179 2469 κατοίκησιν.

2360 2490 2427 2541 ιν.
2470 2491 2719 2559 Ἰωακεὶμ
2749 2489 2856 2560 γὰρ
2885 2492 2944 2543 ὲν
2987 2485 3059 2560 τῇ
3086 2487 3445 2557 δωδεκαφύλῳ
3470 2486 3572 2540 τοῦ
3615 2485 3812 2553 Ἰσραήλ

2288 2577 2538 2641 πλούσιος
2567 2580 2643 2631 ὣν
2681 2583 2773 2633 καὶ
2815 2580 3015 2640 δίκαιος
3049 2582 3348 2649 προσέφερε
3380 2580 3446 2630 τὰ
3472 2579 3624 2645 δῶρα
3665 2576 3814 2629 aeto}

2291 2668 2423 2737 πρὸς
2444 2668 2532 2719 τὸν
2547 2667 2695 2720 Θεόν.
2709 2669 2800 2736 Μὴ
2819 2668 3031 2737 ἔχοντος
3046 2668 3101 2719 δὲ
3118 2667 3335 2737 σπέρμα
3349 2666 3539 2728 αὐτοῦ,
3553 2667 3668 2718 ἀλλ’
3683 2666 3816 2727 ὄντος

2290 2756 2526 2819 ἄπαιδος,
2550 2758 2986 2827 ἀπεαοράκισαν
3007 2756 3178 2810 ταῦτα
3197 2759 3249 2809 οί
3280 2758 3444 2826 ίερείς
3473 2759 3542 2809 ὲκ
3565 2758 3691 2810 ναοῦ
3720 2758 3818 2808 Κυ-

2292 2848 2439 2918 ρίου,
2462 2848 2745 2915 λέγοντες·
2778 2850 2898 2901 Οὐκ
2927 2847 3130 2909 ἔξεστι
3160 2862 3260 2901 σοι
3283 2846 3710 2915 προσενεγκεῖν
3725 2849 3818 2901 αὐ-

2280 2933 2362 2987 ῖτὰ
2394 2933 2472 2997 τῷ
2496 2932 2615 2997 Θεῷ
2637 2973 2652 2997 ,
2684 2935 2885 2987 καθότι
2921 2935 3157 3002 σπέρμα
3181 2936 3291 2988 οὐκ
3321 2935 3618 3001 ἐποίησας
3648 2934 3715 2987 ἐν
3749 2934 3819 2995 τῷ

2305 3021 2544 3087 Ἰσραήλ
2573 3039 2585 3053 ο
2644 3022 2736 3073 καὶ
2792 3021 3183 3090 σκυθρωπάσας
3235 3023 3415 3087 αὐτὸς,
3460 3024 3723 3091 κατῆλθεν
3764 3024 3820 3076 ὲκ

657 3112 831 3167 oculis
875 3110 1131 3175 vultuque
1175 3121 1282 3174 prae
1331 3104 1546 3157 tristitia
1595 3104 1842 3158 demissis
1891 3100 2121 3158 excessit
2158 3120 2192 3158 te

2294 3110 2422 3163 ναοῦ
2462 3109 2686 3179 Κυρίου,
2718 3109 2859 3180 λύπῃ
2883 3111 3234 3181 συνεχόμενος
3258 3127 3272 3143 '
3303 3112 3396 3165 καὶ
3422 3113 3481 3163 ὲν
3503 3112 3582 3181 τῷ
3597 3114 3708 3191 δραι
3728 3129 3820 3163 κα-

660 3200 858 3268 templo
896 3196 1125 3257 Domini,
1153 3209 1386 3247 μιαινοιό
1439 3206 1760 3261 Oppressus;
1804 3202 1915 3245 tum
1946 3193 2094 3245 solus
2135 3192 2191 3245 in

658 3300 842 3346 monte
863 3288 925 3341 ad
962 3284 1370 3354 supplicandum
1397 3280 1562 3334 Deum
1597 3296 1908 3341 conversus,
1961 3282 2193 3335 contrito

660 3378 821 3434 corde
844 3388 1091 3445 agroque
1132 3371 1314 3424 animo
1367 3371 1446 3424 sic
1477 3369 1779 3427 clamabat:
1812 3368 1912 3432 Tu,
1948 3369 2193 3431 Domine,

662 3464 903 3522 eordium
928 3466 1212 3530 inspector,
1232 3468 1284 3513 et
1305 3473 1483 3513 rerum
1504 3453 1743 3511 omnittm
1770 3466 1880 3510 tum
1902 3459 2194 3512 visibilium

663 3567 777 3613 tum
818 3553 1165 3608 invisibilium
1203 3550 1482 3612 conditor,
1534 3548 1625 3617 qui
1664 3548 1846 3601 caelum
1906 3548 2181 3602 extendisti

664 3648 798 3699 sicut
823 3643 1004 3712 pellem
1019 3643 1059 3704 ⁵,
1082 3640 1171 3708 qui
1191 3640 1357 3693 solem
1382 3638 1547 3690 verbo
1575 3644 1667 3691 tuo
1681 3637 1882 3690 creasti
1907 3636 1973 3689 ad
1993 3630 2196 3690 illumi-L

665 3735 904 3790 nandum
929 3732 1094 3794 diem,
1121 3740 1172 3783 et
1206 3731 1386 3782 lunam
1411 3741 1533 3780 cum
1567 3725 1755 3801 stellis,
1780 3733 1839 3778 ut
1860 3725 2026 3778 facem
2057 3740 2199 3793 pra:-

667 3824 818 3877 beret
843 3820 986 3874 nocti
1014 3819 1058 3887 ⁶,
1084 3817 1175 3886 qui
1209 3816 1418 3870 nebulis
1443 3813 1712 3869 madelieri
1748 3828 1924 3877 aerem
1950 3812 2160 3881 iussisti
2184 3853 2201 3877 ,

667 3913 757 3980 qui
809 3910 1022 3965 ﬂamina
1070 3916 1351 3962 ventorum
1399 3904 1552 3973 quasi
1582 3903 1828 3957 claustris
1868 3893 2197 3967 conclusisti,

669 4001 760 4071 qui
802 4013 950 4053 mare
990 3996 1210 4050 frenasti
1256 3993 1469 4057 arenis,
1500 3993 1781 4059 ipsumque
1801 3992 1945 4043 omni
1970 3992 2197 4059 piscium

670 4104 882 4161 genere,
921 4087 1367 4157 quemadmodum
1399 4093 1591 4136 terram
1623 4096 1837 4150 quoque
1884 4082 2055 4135 brutis
2083 4083 2201 4136 ani-

672 4179 942 4232 mantibus
967 4186 1019 4229 et
1044 4174 1169 4228 feris
1196 4185 1248 4227 et
1270 4172 1491 4227 alitibus
1516 4211 1532 4235 ,
1558 4171 1764 4231 ditasti,
1794 4179 1847 4224 et
1868 4185 2047 4224 escam
2080 4186 2198 4223 om-

666 4268 829 4321 nibus
857 4281 952 4334 pro
986 4273 1073 4317 tua
1104 4263 1377 4315 voluntate
1406 4275 1472 4314 ac
1496 4268 1626 4312 nutu
1667 4258 1995 4327 suppeditas,
2023 4260 2115 4327 qui
2148 4261 2203 4313 in

670 4369 828 4414 terra:
844 4353 1125 4425 superﬁcie
1151 4350 1342 4405 herbas
1372 4348 1646 4415 producis,
1676 4360 1728 4403 et
1765 4364 1950 4404 omnes
1979 4349 2202 4421 arbores

2292 3200 2533 3270 ταμόνας
2561 3198 2651 3253 τὸν
2679 3198 2810 3254 Θεὸν
2837 3201 3168 3267 λιτανεύσας,
3202 3203 3337 3272 μετὰ
3380 3204 3821 3273 συντετριμμένης

2294 3289 2537 3359 καρδίας,
2554 3293 2662 3343 .m‘t
2680 3291 2989 3344 κατωδύνου
3008 3290 3202 3359 ψυχῆς,
3224 3292 3351 3343 ἐϐόα
3367 3293 3541 3358 λέγων
3559 3310 3576 3323 ο
3608 3292 3699 3355 Σὺ,
3722 3293 3821 3345 Κύ-

2297 3362 2399 3445 ριε,
2441 3377 2859 3446 καρδιογνῶστα,
2903 3378 2931 3428 ὁ
2967 3377 3078 3430 τῶν
3104 3378 3313 3446 ὁρατῶν
3355 3394 3416 3430 τε
3463 3380 3560 3431 καὶ
3591 3380 3822 3448 ἀοράτων

2294 3464 2534 3532 κτίστης,
2569 3468 2600 3516 ό
2640 3464 2746 3518 τὸν
2776 3466 3035 3533 οὐρανὸν
3074 3466 3337 3532 τανύσας
3405 3467 3552 3520 ὡσεί
3608 3467 3821 3535 δέρῤιν,

2294 3557 2322 3608 ὁ
2350 3554 2441 3607 τὸν
2471 3554 2621 3624 ἣλιον
2646 3556 2726 3617 είς
2756 3557 2950 3622 φαῦσιν
2986 3556 3083 3626 τῆς
3104 3557 3312 3627 ἡμέρας
3341 3557 3651 3626 προστάξας
3684 3557 3822 3624 γενε-

2299 3642 2420 3698 σθαι
2450 3645 2543 3696 καὶ
2569 3645 2667 3714 τὴν
2697 3644 2925 3715 σελήνην
2950 3646 3027 3708 εἰς
3051 3645 3330 3714 δᾳδουχίαν
3348 3647 3446 3714 τῆς
3469 3647 3666 3709 νυκτὸς
3700 3648 3824 3717 μετᾶ

2296 3732 2401 3785 τῶν
2422 3733 2664 3804 ἀστέρων
2693 3734 2926 3804 ποιήσας
2958 3750 2971 3763 ·
3007 3736 3035 3787 ό
3064 3736 3175 3796 τοῖς
3215 3734 3399 3802 νέφεσι
3428 3736 3521 3786 τὸν
3548 3738 3685 3806 ἀέρα
3712 3737 3824 3807 βρέο

2298 3837 2414 3890 χειν
2440 3822 2722 3886 κελεύσας,
2752 3826 2846 3876 καὶ
2872 3824 2985 3881 τῶν
3015 3824 3227 3893 ἀνέμων
3256 3824 3353 3886 τὰς
3386 3826 3553 3887 πνοὰς
3588 3825 3830 3897 θησαυρί·

2301 3926 2397 3970 σας
2422 3925 2436 3940 °
2470 3911 2499 3963 ὁ
2524 3912 2620 3981 τήν
2646 3912 2916 3965 θάλασσαν
2942 3912 3240 3981 χαλινώσας
3266 3917 3334 3981 τῇ
3360 3912 3574 3984 ψάμμῳ
3604 3918 3694 3967 καὶ
3714 3916 3827 3968 ταύ-

2299 4016 2398 4069 την
2419 4000 2607 4066 γένους
2654 4000 2850 4070 ίχθύων
2878 4000 3189 4070 πληρώσας,
3224 4002 3319 4054 καὶ
3346 4000 3442 4069 τήν
3466 4002 3697 4073 ήπειρον
3721 4002 3829 4055 ἀλόω

2301 4103 2413 4154 γων
2446 4089 2541 4140 καὶ
2577 4089 2685 4141 τῶν
2717 4089 2920 4157 Θηρίων
2954 4089 3048 4141 καὶ
3079 4088 3184 4140 τῶν
3206 4089 3471 4142 πετεινῶν
3490 4131 3507 4153 ,
3545 4093 3641 4144 καὶ
3673 4092 3828 4145 ταῦτα

2300 4175 2514 4244 τρέφων
2544 4174 2788 4244 βουλήσει
2810 4176 2904 4227 καὶ
2931 4176 3237 4244 προστάξει·
3273 4178 3301 4227 ὁ
3331 4176 3408 4245 τῷ
3440 4178 3718 4249 προσώπῳ
3741 4177 3829 4245 τῆς

2302 4265 2405 4330 γῆς
2436 4265 2626 4333 χόρτον
2656 4264 3037 4330 ὲξανατέλλων,
3077 4266 3169 4318 καὶ
3214 4268 3348 4318 πᾶσι
3376 4266 3617 4336 δένδροις
3644 4271 3712 4321 τὰ
3736 4256 3828 4321 tam

2303 4354 2669 4419 καλλωπίσας,
2697 4354 2993 4410 ἐπάκουτόν
3024 4373 3144 4427 μου,
3179 4356 3534 4426 εῦσπλαγχνε,
3566 4358 3661 4411 καὶ
3678 4357 3833 4427 δώρη-

674 4462 771 4500 sua
807 4458 1045 4513 quasque
1078 4439 1467 4511 pulchritudine
1497 4453 1727 4493 exornas
1755 4479 1770 4503 ,
1813 4440 2004 4492 exaudi
2036 4455 2141 4504 me,
2168 4455 2194 4493 ο

2306 4442 2393 4497 σαί
2425 4462 2515 4514 μοι
2536 4445 2748 4509 τέκνον,
2778 4444 3000 4515 χάρισαί
3040 4462 3130 4513 μοι
3153 4447 3515 4515 καρπογονίας
3572 4448 3829 4517 ἐνέχυρον,

675 4535 1001 4593 misericors,
1028 4539 1081 4583 et
1105 4529 1234 4582 mihi
1269 4529 1506 4582 sobolem
1532 4528 1745 4595 largire.
1782 4526 1983 4595 Pignus
2005 4544 2202 4598 propa-

660 4624 860 4697 gandae
887 4621 1066 4688 stirpis
1092 4617 1155 4671 da
1182 4618 1334 4679 mihi,
1368 4624 1426 4669 ιιι
1452 4617 1800 4672 οιιειιυιιαηιυτ
1833 4617 1975 4669 labia
2001 4603 2204 4681 dolosa,

676 4734 789 4789 qua:
812 4715 1135 4783 iniquitatem
1172 4710 1454 4777 loquuntur
1476 4706 1723 4761 adversus
1750 4707 1955 4775 justum
1993 4709 2207 4776 superbe

636 4784 644 4864 i
676 4784 830 4875 atque
845 4804 1123 4858 insolenter
1149 4800 1189 4856 ⁷.

746 4894 872 4949 llzec
894 4892 1129 4946 hominis
1155 4889 1284 4958 justi
1310 4889 1493 4953 verba,
1528 4890 1640 4942 haec
1670 4888 2021 4957 progenitoris
2055 4887 2209 4940 obte-

658 4987 956 5047 stationes,
984 4980 1117 5034 tales
1137 4978 1396 5031 Joaehimi
1420 4995 1484 5033 ex
1512 4979 1690 5047 penite
1722 4979 1886 5032 animi
1912 4977 2096 5031 dolore
2115 4990 2207 5044 ge-

677 5078 861 5130 tuitus.

748 5162 835 5216 IV.
871 5162 1008 5227 Quid
1035 5176 1162 5215 vero
1210 5160 1370 5214 etiam
1428 5155 1623 5208 Anna?
1674 5156 1869 5223 quippe
1906 5154 2209 5223 juvat.ejus

680 5264 893 5321 quoque
916 5249 1176 5302 dictorum
1205 5248 1526 5302 mentionem
1557 5244 1751 5314 facere.
1779 5244 1870 5296 llla
1898 5245 2062 5307 enim,
2090 5259 2210 5311 quae

680 5352 905 5394 concors
926 5335 1131 5389 vixerat
1152 5352 1257 5390 una
1281 5350 1402 5390 eum
1424 5335 1563 5395 viro,
1594 5343 1646 5387 et
1669 5332 1799 5386 ﬂore
1820 5334 1991 5386 aetatis
2009 5332 2210 5385 amisso

680 5432 784 5498 iam
814 5426 1061 5496 vergebat
1088 5425 1140 5479 in
1173 5426 1404 5487 senium,
1430 5425 1483 5477 in
1514 5432 1765 5492 perpetua
1787 5423 2030 5489 jacuerat
2058 5425 2214 5495 steri-

684 5516 847 5572 litate.
899 5514 1160 5568 Caeterum
1194 5529 1314 5567 cum
1350 5522 1403 5567 et
1427 5514 1537 5580 jam
1584 5512 1862 5567 muliebria
1907 5513 2209 5574 desiissent,

2301 4534 2447 4596 ὅπως
2481 4536 2735 4604 ὲμφραγῇ
2765 4535 2934 4601 χειλη
2959 4533 3029 4587 τὰ
3060 4534 3251 4597 δόλια,
3279 4535 3348 4587 τὰ
3367 4536 3677 4590 λαλοῦντα
3702 4539 3833 4588 κατὰ

2301 4623 2407 4677 τοῦ
2448 4622 2677 4676 δικαίου
2718 4624 2968 4693 ἀνομίαν
3008 4626 3079 4678 ἐν
3116 4625 3489 4691 ὑπερηφανίᾳ
3554 4625 3655 4679 καὶ
3681 4625 3832 4687 ego”.

2303 4712 2566 4766 δενὼσει.

2374 4888 2555 4941 Ταῦτα
2588 4888 2681 4941 τοῦ
2708 4888 2914 4941 δικαίου
2944 4890 3013 4943 τὰ
3044 4892 3260 4960 ῥήματα
3286 4906 3299 4919 ·
3328 4884 3489 4961 αὗται
3511 4892 3615 4944 τοῦ
3643 4893 3834 4961 προπά-

2305 4994 2458 5046 τορος
2486 4978 2541 5030 αί
2562 4978 2936 5048 παρακλήσεις
2960 4996 2972 5009 ο
2995 4978 3227 5032 τοιοῦτοι
3251 4976 3346 5055 τοῦ
3362 4959 3619 5049 ἰωακεὶμ
3639 4982 3701 5032 ἐκ
3724 4997 3833 5033 κατ·

2305 5065 2504 5120 ωδύνου
2537 5065 2712 5136 ψυχῆς
2734 5067 2783 5119 οἱ
2816 5069 3130 5135 στεναγμοί.
3302 5058 3309 5065 ⁸

2377 5157 2449 5209 Δ¹.
2480 5156 2543 5207 Τί
2579 5156 2635 5208 δὲ
2664 5158 2758 5208 καὶ
2786 5158 2820 5225 ή
2856 5158 3060 5220 'Avvat;
3091 5156 3251 5208 καλὸν
3288 5156 3395 5227 γὰρ
3423 5160 3518 5210 καὶ
3552 5158 3718 5228 αὐτῆς
3746 5157 3836 5211 τῶν

2309 5246 2566 5315 ῥημάτων
2588 5244 3085 5312 ἀπομνημονεῦσαι.
3115 5247 3261 5313 Αὕτη
3283 5247 3392 5315 γὰρ
3417 5246 3498 5314 τῷ
3526 5248 3682 5317 ἀνδρὶ
3712 5249 3835 5314 σύμ·

2308 5351 2480 5402 φωνος
2528 5333 2964 5400 συμϐιοτεύσασα
2989 5376 3004 5399 ,
3034 5337 3126 5387 καὶ
3179 5337 3239 5386 τὸ
3274 5333 3375 5403 τῆς
3406 5337 3661 5407 νεότητος
3697 5338 3839 5398 ἄνθος

2307 5426 2385 5485 είς
2414 5424 2584 5493 γῆρας
2614 5424 2847 5479 ἐλάσασα
2870 5468 2884 5489 ,
2917 5426 3103 5494 στείρα
3132 5425 3367 5493 διέμεινε
3402 5428 3582 5481 πάντα
3608 5428 3700 5481 τὸν
3728 5428 3837 5494 χρό-

2312 5531 2397 5565 νον
2430 5514 2595 5583 αὑτῆς
2630 5530 2643 5542 ·
2674 5516 2852 5567 λοιπὸν
2893 5517 2981 5567 καὶ
3007 5516 3069 5569 τὰ
3093 5517 3199 5569 τῶν
3226 5516 3500 5584 γυναικῶν
3529 5516 3831 5592 ἀναπληρώ-

685 5738 689 5743 ’
752 5738 772 5770 ³
795 5740 924 5795 Gen.
959 5757 1039 5806 Ill,
1071 5738 1155 5794 l0.
1232 5739 1250 5769 ‘
1284 5736 1413 5791 ibid.
1489 5737 1506 5767 ⁸
1531 5735 1671 5789 Psal.
1699 5750 1813 5799 CIII,
1840 5736 1892 5786 2.
1972 5734 2146 5789 “Gen.
2176 5750 2212 5799 ι,
2245 5735 2325 5790 l6.
2397 5736 2573 5791 ’Psai.
2610 5752 2731 5801 xxx,
2772 5739 2960 5811 13,19.
