4016 6340
257 467 394 534 1485

1182 470 1261 529 ῐΝ
1291 469 1392 532 SS.
1425 468 1770 529 DElPAllrE
1814 466 2533 528 PRJESENTATIONEM.

3315 456 3449 521 1486

250 594 426 635 σασα.
468 577 666 647 φυσικῇ
709 575 944 629 διαθέσει
992 578 1214 641 ἄτεκνος
1257 579 1602 647 ἐγνωρίζετο.
1639 577 1801 627 Ὅθεν

1908 573 2326 642 dignosccbatur
2364 589 2554 629 exsors
2586 569 2920 642 concipiendi
2953 570 3114 624 fretus
3139 567 3446 623 conditione

251 669 346 739 τὴν
369 668 711 737 ἀναχώρησιν
729 666 823 720 τοῦ
846 668 1078 735 συζύγου
1102 669 1451 737 θεωρήσασα,
1475 669 1549 730 ὡς
1581 670 1794 737 τρυγὼν

251 759 564 833 φιλέρημος,
586 762 642 811 ὲν
667 759 743 828 τῷ
768 761 939 829 αὐτῆς
966 761 1276 832 παραδείσῳ
1297 761 1479 829 εὐχαῖς
1506 761 1796 827 ἱκετηρίοις

247 852 341 902 τὸν
392 851 620 918 ποιητὴν
668 851 762 903 καὶ
806 852 1046 919 πλάστην
1084 850 1491 919 ἀνακαλουμένη
1518 891 1531 911 .
1578 850 1757 916 ἔλεγεν
1782 865 1794 877 σ

248 932 318 993 Ὠ
352 941 520 1009 Κύριε
551 940 800 1007 Σαϐαὼθ,
827 944 859 993 ὀ
877 940 1208 1009 καθήμενος
1233 938 1465 993 ἐπὶτῶν
1490 940 1796 1006 Χερουϐὶμ,

250 1034 340 1085 καὶ
384 1031 736 1099 δοξαζόμενος
810 1032 913 1084 ὐπὸ
963 1031 1069 1083 τῶν
1123 1026 1408 1101 Σεραφῖμ’
1466 1033 1497 1082 ὀ
1551 1029 1798 1097 μψιιίσι

243 1121 552 1190 μυριάδων
596 1121 844 1189 ἀγγέλων
888 1119 1367 1189 δορυφορούμενος,
1428 1119 1523 1172 καὶ
1573 1118 1801 1185 χιλιάσι

247 1210 532 1279 χιλιάδων
560 1210 828 1278 στρατιῶν
856 1207 1132 1275 δοξολογού
1144 1225 1298 1277 μενος
1327 1207 1422 1261 καὶ
1464 1206 1797 1277 προσκυνού-

253 1317 410 1370 μενος
442 1317 457 1331 ·
498 1302 525 1351 6
556 1301 646 1353 τὸν
682 1299 851 1368 Ἀδάμ
874 1299 1085 1361 πλάσας
1115 1301 1182 1367 τῇ
1204 1298 1347 1368 χειρί
1378 1314 1495 1363 σου,
1522 1298 1615 1348 καὶ
1655 1296 1802 1364 αὐτῷ
1852 1338 1857 1341 .

251 1391 394 1460 ζωὴν
420 1389 591 1451 ἐνθεὶς
619 1390 683 1459 τῇ
719 1389 987 1458 ζωηφόρῳ
1019 1404 1111 1441 σου
1146 1387 1433 1458 προστάξει
1473 1390 1563 1440 καὶ
1611 1390 1674 1440 ὲκ
1703 1386 1804 1453 τῆς

253 1479 493 1548 πλευρᾶς
535 1477 698 1532 αὐτοῦ
733 1479 1156 1547 ἀνοικοδομήσας
1202 1480 1430 1545 γυναῖκα
1458 1492 1473 1505 '
1505 1479 1531 1529 6
1572 1479 1637 1547 τῇ
1665 1479 1801 1546 σοφῇ

253 1582 346 1618 σου
377 1566 592 1634 εὐδοκία
623 1565 857 1634 ποιήσας
885 1563 1033 1632 αὐτῷ
1056 1563 1290 1631 ,ϐοηθὸν
1309 1564 1436 1616 κατ’
1460 1563 1676 1626 αὐτὸν,
1711 1566 1804 1615 καὶ

251 1658 331 1720 εἰς
355 1654 413 1708 ἓν
438 1659 562 1717 τοὺς
589 1654 683 1706 δύο
730 1653 971 1721 συνάψας
999 1669 1015 1682 ⁸
1053 1654 1328 1706 Ἔσονται
1357 1656 1410 1706 ol
1447 1653 1576 1714 δύο,
1612 1653 1801 1712 εἰπὼν,

250 1747 338 1809 εις
366 1742 560 1811 σάρκα
590 1744 736 1811 μίαν
764 1758 780 1774 ·
821 1745 849 1795 6
873 1742 952 1811 τῷ
985 1740 1263 1811 Ἀϐραὰμ,
1299 1742 1377 1812 τῷ
1408 1742 1486 1811 σῷ
1513 1742 1805 1810 θεράποντι

252 1818 348 1886 καῖ
378 1833 708 1903 πατριάρχῃ,
742 1832 1129 1902 δωρησάμενος
1158 1832 1268 1884 υίὸν
1306 1832 1395 1883 τὸν
1437 1832 1639 1892 Ἰσαὰκ,
1670 1831 1807 1898 μετά

1898 665 2009 732 ipsa
2043 674 2268 720 natura).
2308 666 2491 732 Itaque
2520 663 2698 718 mariti
2743 661 3120 716 animadverso
3147 659 3200 712 in
3227 658 3444 712 devium

1899 756 2073 809 locum
2099 771 2336 821 secessu,
2357 763 2618 823 tanquam
2644 760 2822 808 turtur
2848 761 3115 821 appetens
3140 750 3448 806 solitudinis

1900 847 1952 899 in
1980 847 2139 901 horto
2158 863 2257 901 suo
2279 847 2615 916 supplicibus
2634 844 3035 921 precationibus
3059 841 3322 896 artiﬁcem
3359 857 3415 892 re

1900 952 2018 989 rum
2065 944 2228 1004 atque
2268 937 2571 991 effectorem
2613 937 2686 990 ita
2730 935 3048 990 obsecrabat
3096 952 3108 986 :
3142 931 3455 986 O'Domino

1900 1025 2255 1091 exercituum,
2285 1027 2374 1094 qui
2394 1026 2541 1079 sedes
2572 1042 2728 1093 super
2752 1022 3033 1078 Cherubin:
3061 1023 3106 1086 ⁸,
3136 1035 3297 1090 quem
3332 1021 3444 1090 gloo

1904 1111 2114 1166 riﬁcant
2143 1112 2451 1183 Serapbim,
2477 1114 2565 1169 cui
2590 1121 2782 1183 parent
2800 1112 2868 1167 ad
2895 1111 3253 1166 ministerium
3285 1126 3453 1178 angw

1901 1202 2075 1256 lorum
2117 1205 2285 1257 decies
2335 1206 2524 1257 millies
2574 1214 2787 1258 centena
2834 1203 3023 1265 millia,
3074 1217 3235 1272 quem
3283 1200 3456 1254 millia

1904 1292 2130 1345 millium
2160 1295 2182 1325 '
2210 1294 2486 1364 agminum
2526 1294 2838 1349 collaudant
2869 1302 2921 1347 et
2955 1300 3280 1346 venerantur
3306 1333 3321 1356 ,
3364 1290 3458 1360 qui

1903 1382 2165 1437 Adamnm
2213 1395 2303 1437 tua
2352 1400 2514 1439 manu
2561 1386 2803 1450 ﬁnxisti,
2840 1385 3048 1454 ipsique
3092 1384 3259 1436 vitam
3298 1383 3458 1450 jussu

1904 1481 2000 1526 tuo
2046 1472 2261 1527 viviﬁco‘
2306 1473 2564 1534 indidisti,
2611 1483 2665 1529 et
2711 1490 2774 1529 ex
2817 1474 2935 1542 ejus
2978 1474 3145 1528 latere
3178 1472 3457 1527 mulierem

1905 1561 2204 1627 aediﬁcasti,
2237 1564 2328 1631 qui
2360 1579 2456 1633 pro
2486 1575 2576 1618 tua
2605 1564 2837 1634 sapienti
2871 1565 3214 1618 ordinatione
3246 1563 3460 1632 adjuto-

1907 1653 2043 1705 rium
2072 1653 2171 1705 sibi
2198 1653 2371 1705 simile
2402 1654 2444 1685 ¹⁶
2475 1654 2574 1722 ipsi
2612 1654 2804 1716 fecisti,
2836 1664 2890 1708 et
2913 1653 3051 1707 duos
3082 1638 3143 1706 in
3168 1669 3333 1706 unum
3361 1667 3458 1707 co-

1907 1743 2133 1811 pulasti,
2165 1741 2333 1797 Erunt
2364 1783 2379 1806 ,
2413 1744 2697 1814 inquiens,
2731 1745 2833 1798 duo
2865 1745 2919 1799 in
2952 1760 3160 1798 carnem
3190 1761 3348 1797 unam
3376 1746 3419 1776 ιι
3441 1786 3456 1807 ,

1907 1832 2005 1901 qui
2059 1831 2369 1886 Abrahamo
2403 1850 2562 1889 servo
2605 1845 2699 1890 tuo
2730 1844 2785 1891 et
2815 1836 3136 1905 patriarchae
3167 1835 3361 1890 dedisti
3390 1834 3456 1889 ﬁ-

254 1924 426 1994 γῆρας
456 1925 551 1976 καὶ
579 1927 717 1993 μετὰ
737 1926 834 1991 τὴν
855 1923 1135 1991 στείρωσιν
1155 1923 1250 1990 τῆς
1274 1921 1508 1992 Σάρρας,
1540 1922 1634 1974 καὶ
1655 1923 1807 1991 ποιή-

1909 1923 2041 1977 lium
2075 1923 2225 1977 illum
2251 1922 2493 1978 lsaacutn
2516 1934 2640 1994 post
2663 1934 2995 1982 senectutem
3024 1941 3093 1981 ac
3124 1926 3459 1980 sterilitatem

255 2030 356 2078 σας
407 2017 568 2068 αὐτὸν
611 2014 820 2067 πολλῶν
867 2014 1032 2067 ἐθνῶν
1071 2014 1323 2082 πατέρα·
1372 2015 1401 2063 6
1433 2015 1499 2082 τῇ
1531 2010 1807 2080 ὁμωνύμῳ

252 2106 348 2158 καὶ
400 2106 651 2175 ὁμοφύλῳ
692 2122 779 2175 μοι
808 2106 976 2176 ’Λννῃ
1014 2104 1374 2175 χαρισάμενος
1406 2104 1493 2155 τὸν
1529 2102 1812 2154 κάλλιστον

255 2195 415 2248 παῖδα
443 2196 536 2248 καὶ
568 2195 714 2265 ἱερὸν
742 2195 995 2265 Σαμουὴλ
1017 2235 1031 2259 ,
1067 2195 1143 2257 ὡς
1172 2193 1444 2246 θεόσδοτον
1474 2193 1639 2261 εὐχῆς
1674 2192 1809 2254 υἱὸν,

252 2285 453 2339 καὶτοῦ
467 2286 695 2353 ψεύδους
710 2288 806 2341 καὶ
825 2287 1015 2354 μίσους
1040 2283 1305 2355 θρίαμϐον
1328 2300 1344 2315 υ
1369 2282 1535 2336 ἔπιδε
1556 2282 1619 2346 ἐξ
1641 2284 1811 2352 ἁγίου

252 2393 368 2431 σου
407 2382 886 2445 κατοικητηρίου,
916 2375 1174 2443 ’Υψιστε,
1198 2375 1293 2427 καὶ
1328 2373 1536 2439 ἀνοιξόν
1588 2390 1677 2442 μοι
1716 2374 1814 2440 τὴν

254 2467 464 2535 μήτραν
494 2463 627 2535 πρὸς
654 2462 997 2530 παιδογονίαν
1016 2479 1029 2493 ’
1054 2461 1239 2526 δίωξόν
1272 2476 1373 2528 μου
1394 2459 1492 2530 τὴν
1514 2459 1691 2528 λύπην
1713 2458 1813 2526 τῆς

252 2554 613 2627 στειρὼσεως,
656 2555 747 2606 καὶ
787 2553 1079 2625 διάρρηξόν
1123 2568 1222 2621 μου
1260 2551 1327 2603 τὰ
1362 2551 1536 2618 δεσμά
1567 2551 1665 2618 τῆς
1695 2550 1811 2600 dte.-

252 2648 429 2710 κνίας,
482 2646 629 2708 ὅπως
681 2644 742 2697 τὸ
774 2645 1171 2714 γεννησόμενον
1215 2644 1280 2696 ὲκ
1328 2641 1429 2709 τῆς
1475 2640 1667 2710 δούλης
1717 2657 1810 2692 σου

250 2735 570 2806 βλάστημα,
607 2738 715 2788 εἴτε
765 2736 953 2805 ἄρσεν,
993 2735 1103 2787 εἴτε
1138 2732 1296 2803 θῆλυ,
1343 2733 1512 2802 δῶρον
1556 2731 1811 2802 προσάξω

250 2845 356 2892 σοι,
394 2828 468 2890 ὡς
518 2826 769 2897 θυμίαμα
795 2826 990 2888 εὐῶδες
1013 2866 1028 2889 ,
1056 2825 1131 2887 ὡς
1161 2823 1406 2892 καθαράν
1455 2822 1767 2893 προσφοράν
1794 2861 1807 2885 ,

246 2917 321 2979 ὡς
345 2917 522 2986 τίμιον
549 2916 738 2986 δῶρον,
772 2916 846 2977 ὼς
880 2915 1023 2985 ἱερὸν
1056 2913 1329 2983 ἀνάθημα,
1359 2910 1435 2972 ὼς
1465 2910 1607 2963 θεῖον
1634 2925 1809 2961 κατοι-

246 3012 546 3081 κητήριον,
593 3010 667 3074 ὼς
718 3008 977 3079 ἀμίαντον
1041 3005 1293 3077 ἀμνάδα,
1342 3004 1419 3066 ὼς
1464 3002 1807 3073 πρωτότοκον

245 3098 438 3168 ἀμνὸν,
463 3098 538 3163 ὼς
571 3100 689 3153 νέον
724 3098 929 3151 Ἰσαάκ.

1912 2013 2061 2068 Sara:
2087 2056 2102 2080 ,
2128 2016 2484 2086 eumdemque
2520 2017 2749 2072 eﬁ'ecisti
2786 2027 2997 2089 patrem
3020 2017 3310 2071 multarum
3336 2033 3463 2087 gen-

1909 2105 2065 2168 tium,
2095 2105 2188 2174 qui
2224 2104 2392 2160 Amne
2416 2107 2718 2177 cognomim
2745 2123 2801 2162 et
2827 2106 3007 2171 tribuli
3042 2121 3180 2160 mra:
3208 2107 3460 2176 pulcher-

1910 2196 2109 2249 rimum
2140 2205 2192 2250 et
2220 2211 2437 2251 sacrum
2473 2212 2697 2267 puerum
2728 2197 2945 2252 donasti
2985 2196 3312 2263 Samuelem,
3343 2197 3458 2251 vel-

1915 2286 1991 2338 uti
2068 2284 2235 2340 ﬁlium
2296 2287 2351 2341 in
2415 2288 2873 2358 supplicationum
2928 2288 3154 2357 gratiam
3206 2288 3462 2342 divinitus

1909 2390 2232 2431 concessum
2263 2393 2328 2432 ac
2351 2379 2516 2432 veluti
2547 2379 2880 2449 triumphum
2909 2380 2977 2433 de
3001 2379 3283 2434 mendacio
3305 2379 3461 2433 odio-

1908 2482 2014 2535 que
2043 2464 2371 2535 reportatum
2403 2486 2418 2533 ;
2465 2470 2688 2533 intuere,
2720 2484 2754 2522 ο
2796 2469 3095 2535 Altissime,
3122 2474 3184 2524 de
3219 2470 3481 2541 taberna:

1906 2554 2022 2607 culo
2041 2566 2221 2609 sancto
2255 2565 2346 2609 tuo
2381 2558 2447 2622 ",
2477 2558 2624 2626 aperi
2661 2558 2729 2611 ad
2756 2568 3073 2627 conceptum
3108 2558 3310 2615 sobolis
3339 2569 3461 2614 ute-

1910 2659 2033 2697 rum
2070 2659 2274 2710 meum,
2314 2655 2504 2700 excute
2542 2661 2571 2699 a
2602 2662 2689 2702 me
2720 2646 3121 2702 infecunditatis
3151 2663 3465 2710 maerorem,

1906 2742 1961 2787 et
1986 2734 2248 2804 abrumpe
2286 2737 2504 2790 vincula
2548 2753 2682 2791 mea:
2720 2738 3047 2803 sterilitatis,
3085 2748 3146 2793 ut
3189 2747 3374 2793 natum
3398 2755 3465 2793 ex

1908 2839 1993 2879 mc
2019 2824 2220 2880 famula
2255 2836 2344 2881 tua
2372 2827 2630 2892 fructum,
2677 2830 2791 2884 sive
2824 2830 3024 2885 ﬁliolus
3046 2831 3135 2884 illc
3161 2830 3324 2884 luerit
3347 2831 3465 2885 sive

1910 2913 2093 2979 ﬁliola,
2129 2931 2326 2970 munus
2376 2918 2471 2972 tibi
2520 2916 2770 2980 offeram,
2829 2919 2975 2973 velut
3027 2920 3353 2974 sacriﬁcium
3409 2921 3466 2975 in

1909 3006 2129 3061 odorem
2154 3010 2460 3074 suavitatis,
2486 3009 2634 3064 velut
2662 3009 2987 3065 oblationem
3017 3013 3296 3076 mundam,
3323 3011 3468 3066 velut

1909 3095 2110 3151 donum
2159 3099 2478 3167 pretiosum,
2523 3101 2670 3154 velut
2719 3113 2907 3156 sancte
2951 3102 3259 3156 dedicatum
3305 3103 3474 3158 dona-

245 3191 408 3252 rium,
439 3190 582 3243 velut
619 3189 856 3244 divinam
914 3188 981 3241 ad
1038 3176 1446 3241 inltab‘itandum
1494 3183 1682 3245 aedem,
1715 3183 1861 3246 velut
1899 3198 2093 3254 agnam
2126 3189 2547 3255 immaculatam,
2585 3192 2730 3245 velut
2798 3205 2993 3261 agnum
3030 3194 3468 3263 primogenitum,

242 3282 388 3335 Vclul.
418 3294 612 3335 novum
649 3281 915 3335 Isaacnm.

316 3377 391 3428 E'.
436 3373 589 3428 Οὕτω
619 3374 797 3426 τοίνυν
827 3372 1153 3442 ἀμφοτέροις
1176 3367 1623 3438 ἐπικαλουμένοις
1654 3366 1806 3436 ὤφθη

1981 3363 2048 3418 V.
2070 3364 2331 3435 Utrisque
2361 3366 2523 3436 igitur
2549 3367 2627 3422 sic
2657 3369 3004 3437 precantibus
3046 3369 3217 3426 astitit
3248 3374 3470 3443 angelus

245 3467 426 3527 αὐτοῖς
467 3464 693 3532 ἄγγελος
725 3462 959 3533 Κυρίου,
990 3461 1086 3529 τῆς
1127 3458 1395 3525 παναγίας
1421 3456 1518 3526 τὴν
1548 3456 1806 3526 σύλληψιν

246 3552 756 3622 εὐαγγελιζόμενος,
787 3551 961 3617 λέγων
982 3566 994 3579 ·
1032 3548 1365 3617 Εὶσήκουσεν
1403 3545 1556 3612 ὐμῶν
1587 3546 1614 3596 6
1640 3545 1806 3614 Ὕψι-

249 3660 371 3706 στος
400 3642 500 3711 τῆς
527 3640 917 3710 δεήσεω;,’καὶ
960 3639 1016 3689 ἐν
1049 3637 1212 3705 ὀλίγῳ
1254 3634 1429 3705 χρόνῳ
1460 3633 1676 3698 τέξεσθε
1708 3632 1807 3685 θυ-

247 3734 473 3804 γατέρα,
499 3734 597 3802 τὴν
628 3731 692 3792 ὲκ
720 3729 910 3783 πασῶν
937 3729 1140 3797 γενεῶν
1170 3726 1465 3796 μακαρίαν,
1487 3724 1811 3792 ἐκλελεγμέ-

247 3840 344 3893 νην
389 3824 468 3885 είς
515 3819 651 3875 Θεοῦ
704 3819 1142 3888 κατοικητήριον.
1195 3814 1378 3867 Ταῦτα
1428 3813 1523 3866 τοῦ
1573 3813 1806 3880 ἀγγέλου

250 3915 557 3985 περιχαρῶς
598 3910 1119 3980 εὐαγγελιζομένου,
1151 3906 1387 3977 κατῆλθε
1423 3908 1520 3976 μὲν
1554 3906 1808 3975 Ἰωακεὶμ

247 4008 314 4060 ἐκ
341 4006 435 4060 τοῦ
473 4006 630 4077 ὅρους
663 4005 801 4075 μετὰ
830 4003 1003 4074 χαρᾶς
1036 4002 1130 4056 καὶ
1160 4000 1498 4069 εὐφροσύνης
1539 3998 1764 4066 καρδίας
1789 4015 1804 4028 ·

248 4097 469 4169 γόνιμος
518 4096 576 4150 δὲ
621 4096 751 4166 παρ’
772 4095 960 4148 ἐλπίδα
992 4084 1045 4163 Ἴἡ
1088 4092 1336 4162 ἄκαρπος
1382 4089 1664 4159 ἀνεδείχθη
1708 4089 1808 4157 τῆς

252 4191 450 4259 ’Δννης
480 4179 724 4259 γαστὴρ,
746 4190 810 4240 ὲκ
855 4185 1159 4255 θελήματος
1209 4182 1408 4253 σαρκὸς
1436 4182 1530 4236 καὶ
1557 4183 1621 4236 ἐκ
1654 4180 1808 4250 θελή-

252 4297 422 4347 ματος
434 4279 659 4351 ἀνδρὸς,
691 4279 787 4332 καὶ
814 4279 904 4329 τὸν
938 4262 1125 4347 καιρὸν
1152 4274 1251 4344 τῆς
1275 4274 1689 4343 ἐννεαμηνιαίας
1711 4273 1808 4326 αὐ-

251 4370 459 4441 ξήσεως
491 4370 820 4440 γνωρίσασα,
848 4366 1003 4418 ἔτεκε
1044 4364 1142 4434 τὴν
1193 4364 1567 4435 πανάχραντον
1597 4360 1806 4431 Παρθέ-

251 4476 344 4514 νον
370 4462 462 4513 καὶ
488 4461 746 4514 θεοτόκον
776 4458 994 4528 Μαρίαν
1020 4498 1035 4522 ,
1068 4456 1166 4528 τὴν
1188 4453 1284 4508 τοῦ
1314 4455 1517 4523 κόσμου
1551 4451 1805 4521 πρόξενον

253 4550 549 4622 σωτηρίας.

325 4645 416 4709 ς’.
459 4642 567 4695 Καὶ
628 4641 814 4709 μηδεὶς
866 4637 973 4691 τῶν
1021 4638 1118 4707 τῆς
1153 4636 1478 4707 Ἐκκλησίας
1524 4636 1809 4706 τροφίμων

1926 3456 2158 3521 Domini,
2184 3456 2274 3526 qui
2301 3458 2659 3512 sanctissima:
2690 3458 2871 3514 Mariae
2900 3470 3219 3531 conceptum
3251 3466 3469 3519 nuntia-

1913 3547 2013 3610 Vil,
2048 3547 2300 3616 inquiens
2328 3565 2341 3601 :
2376 3548 2691 3604 Altissimus
2720 3551 2992 3604 exaudivit
3020 3567 3205 3620 preces
3235 3563 3465 3620 vestras,

1912 3654 1978 3693 ac
2010 3639 2155 3693 brevi
2194 3638 2357 3692 ﬁliam
2381 3639 2628 3709 gignetis,
2658 3641 2870 3695 beatam
2914 3642 3080 3707 illam,
3108 3660 3228 3712 quae
3251 3660 3317 3699 ex
3350 3662 3470 3701 om-

1913 3729 2076 3783 nibus
2120 3730 2559 3800 generationibus
2615 3731 2668 3784 in
2721 3729 2814 3785 Dei
2867 3731 3251 3791 habitationem
3299 3739 3469 3794 electa

1914 3830 2020 3875 est.
2048 3819 2148 3874 Ubi
2191 3822 2333 3874 hunc
2381 3824 2601 3890 angelus
2653 3824 2820 3877 edidit
2871 3825 3147 3881 laetissime
3193 3830 3464 3895 nuntium,

1906 3906 2224 3964 Joacbimus
2262 3910 2507 3965 miriﬁcis
2555 3912 2766 3981 gaudiis
2806 3913 3040 3982 gestiens
3083 3917 3362 3972 descendit
3399 3920 3467 3975 dc

1908 4011 2114 4063 monte,
2136 3998 2292 4055 Anna
2319 4016 2448 4058 vero
2473 4011 2686 4057 uterum
2707 4046 2723 4070 ,
2767 4005 2859 4073 qui
2889 4007 3091 4061 sterilis
3121 4006 3297 4061 fuerat
3316 4049 3331 4072 ,
3373 4009 3460 4064 fe-

1909 4092 2145 4146 cundum
2174 4102 2396 4160 experta
2434 4102 2518 4148 est
2553 4094 2627 4164 (2)
2654 4110 2719 4149 ex
2768 4090 3048 4152 voluntate
3086 4101 3266 4153 carnis
3316 4111 3369 4156 et
3396 4118 3465 4157 ex

1907 4182 2182 4237 voluntate
2233 4183 2370 4247 viri;
2422 4192 2533 4238 tum
2571 4187 2786 4253 cognita
2832 4197 2956 4257 post
3009 4203 3201 4244 novem
3249 4207 3465 4247 menses

1909 4276 2220 4331 maturitate
2242 4286 2451 4345 partus.
2485 4280 2672 4349 genuit
2711 4280 3078 4335 intemeratum
3109 4282 3382 4353 Virginem
3409 4294 3467 4341 et

1910 4365 2003 4445 Dei
2044 4366 2268 4422 Matrem
2322 4367 2545 4423 Mariam
2592 4371 2783 4425 salutis
2836 4374 3145 4429 mortalium
3202 4378 3458 4435 concilia-

1909 4460 2120 4513 tricem.

1980 4638 2066 4696 Vl.
2092 4638 2211 4694 Jam
2253 4634 2574 4695 sententiam
2628 4641 2775 4696 illam
2827 4644 3089 4713 spuriam,
3127 4662 3245 4715 quae
3284 4649 3465 4716 perbi-

251 4705 437 4791 τοῦτον
465 4705 763 4802 είσδέξηται
791 4732 885 4786 τὸν
908 4705 1091 4800 λόγον,
1122 4705 1506 4790 ὑποϐάλλοντα,
1534 4705 1609 4790 ῶς
1637 4705 1806 4781 ἑπτα-

1910 4730 1998 4783 bet
2023 4732 2251 4799 septimo
2279 4746 2468 4808 mense
2495 4742 2617 4802 post
2637 4744 2955 4803 conceptum
2993 4705 3159 4791 fuisse
3178 4705 3461 4818 ﬁlix-ginem

253 4827 480 4899 μηνιαία
522 4828 555 4895 ἡ
602 4825 880 4896 Παρθένος
917 4822 1133 4892 ἐτέχθη.
1165 4821 1276 4875 Καὶ
1303 4820 1410 4890 γὰρ
1440 4819 1663 4882 πολλοὺς
1701 4819 1808 4870 τῶν

248 4917 501 4986 ἀφρόνων
524 4914 696 4967 ταῦτα
725 4912 1157 4981 φιλονεικοῦντας
1183 4910 1416 4981 ἀκήκοα,
1447 4907 1538 4971 οὓς
1568 4906 1677 4974 ἐγὼ
1700 4907 1808 4960 τῶν

249 5006 494 5061 ἀπίστων
534 5004 748 5075 χείρους
792 4997 930 5054 εἶναι
958 4999 1115 5053 δοκῶ.
1156 4999 1342 5051 Ταῦτα
1385 4998 1491 5069 γὰρ
1521 4998 1808 5067 αἱρετικιῖιν

247 5098 389 5150 είσιν
429 5095 812 5165 ὲφευρήματα’
842 5090 1014 5144 ταῦτα
1045 5092 1144 5159 τῆς
1183 5089 1501 5160 Ἐκκλησίας
1534 5087 1804 5149 ἀντίθετα,

247 5184 360 5238 τῶν
392 5183 682 5253 όρθοδόξων
715 5182 970 5253 ἀλλότρια
995 5198 1007 5210 ·
1036 5184 1068 5249 ὴ
1100 5181 1208 5248 γὰρ
1242 5177 1513 5247 Παρθένος
1540 5179 1632 5229 καὶ
1675 5177 1801 5230 θεό-

248 5292 393 5339 παις
427 5275 609 5345 Μαρία
633 5266 834 5327 τέλειον
860 5272 950 5323 τὸν
982 5271 1173 5340 χρόνον
1202 5269 1310 5321 τῶν
1339 5268 1493 5320 ἐννέα
1527 5266 1712 5336 μηνῶν
1754 5268 1811 5317 ἐν

247 5369 317 5438 τῇ
354 5366 454 5436 τῆς
477 5367 674 5433 Ἀννης
722 5364 898 5434 κοιλία
947 5361 1270 5429 ἐξετέλεσεν,
1299 5360 1372 5421 ὼς
1401 5363 1434 5428 ή
1465 5360 1623 5427 φύσις
1652 5363 1683 5430 ή
1713 5362 1809 5412 άν-

248 5459 499 5530 θρωπίνη
544 5458 727 5526 δηλοῖ·
754 5455 886 5508 ἀλλὰ
916 5455 1023 5508 τῶν
1060 5453 1305 5522 ἀφρόνων
1336 5452 1403 5504 τὰ
1430 5452 1675 5520 στόματα
1706 5471 1808 5520 μη-

243 5552 376 5605 δένα
412 5550 596 5620 μῶμον
624 5548 754 5619 πρὸς
776 5547 875 5617 τὴν
905 5546 1132 5615 ἄμωμον
1170 5546 1349 5614 εὑρεῖν
1377 5542 1665 5612 δυνάμενα,
1690 5543 1809 5594 τοῦ·

1908 4819 2163 4887 genitam,
2200 4836 2357 4875 nemo
2403 4822 2456 4873 in
2506 4821 2750 4881 Ecclesia
2791 4822 3085 4879 innutritus
3133 4829 3460 4895 probaverit.

1909 4909 2104 4964 Multos
2133 4911 2276 4964 enim
2311 4910 2491 4966 fatuos
2519 4912 2792 4967 audivi'de
2815 4914 2915 4987 b'ac
2955 4931 3016 4970 re
3049 4922 3462 4987 contendentes,

1909 5015 2044 5068 quos
2059 5014 2161 5068 ego
2195 5001 2381 5069 judico
2421 5000 2728 5058 inﬁdelibus
2766 5006 3077 5071 deteriores,
3130 5006 3252 5063 cum
3289 5013 3461 5067 haere-

1910 5092 2139 5145 ticdrum
2164 5090 2382 5160 propria
2415 5093 2523 5146 sint
2556 5096 2823 5164 ejusmodi
2853 5100 3085 5152 inventa.
3135 5098 3258 5155 lltcc
3282 5101 3466 5158 Eccle-

1911 5182 2008 5236 siae
2041 5181 2264 5237 adversa
2298 5192 2446 5249 sunt,
2475 5202 2505 5239 a
2531 5197 2675 5241 recte
2698 5189 3058 5244 sentientibus
3080 5192 3240 5260 plane
3263 5196 3460 5249 aliena.

1908 5269 2069 5340 Virgo
2090 5273 2234 5324 enim
2255 5288 2319 5326 ac
2340 5273 2439 5325 Dei
2459 5275 2572 5339 ﬁliu
2599 5273 2763 5328 Maria
2791 5276 3061 5333 tnatct‘um
3086 5295 3277 5336 novem
3307 5298 3463 5337 men-

1906 5362 2045 5414 sium
2073 5363 2304 5430 spatium
2352 5363 2405 5416 in
2443 5365 2562 5417 alvo
2594 5366 2782 5421 matris
2833 5370 3084 5435 absolvit,
3121 5382 3183 5426 ut
3225 5375 3464 5443 postulat

1910 5454 2143 5507 humana
2177 5462 2391 5508 natura.
2419 5454 2614 5510 Verum
2647 5460 2935 5515 stultorum
2964 5478 3082 5530 ora,
3107 5480 3226 5534 quae
3258 5468 3458 5521 nullum

1907 5546 2077 5599 labem
2120 5546 2172 5600 in
2208 5547 2413 5602 illibata
2441 5549 2514 5619 (ὅ)
2538 5551 2809 5618 potuerint
2837 5555 3099 5618 invenire,
3131 5554 3474 5616 sententiam-

316 5668 341 5703 ⁸
376 5668 510 5723 Dm.
540 5684 622 5732 ut,
822 5669 841 5698 ⁹
868 5665 999 5720 Dan.
1034 5682 1128 5726 vn,
1164 5663 1246 5716 l0.
1324 5663 1364 5694 '°
1391 5662 1602 5718 Gemit.
1642 5661 1725 5715 l8.
1803 5666 1807 5693 τ

1908 5665 2011 5720 ien.
2039 5682 2117 5729 Ill,
2148 5667 2236 5721 2i.
2319 5671 2359 5701 ”
2388 5669 2623 5725 Barucb.
2654 5688 2713 5732 ll.

321 5789 399 5860 (2)
437 5786 738 5860 Supplexan
769 5786 853 5838 hic
874 5786 1094 5860 pegatio
1133 5784 1181 5836 vi
1205 5784 1363 5860 leLttr.

313 5847 393 5929 (‘3;
452 5847 577 5932 Vide
622 5868 818 5932 quanta
874 5847 1154 5932 sedulitate
1208 5852 1328 5931 $3..
1370 5847 1814 5932 Patres-omnem

246 5922 560 5990 nc'n'modo
588 5926 788 5993 peccati
819 5928 1081 5980 maculam
1101 5939 1220 5991 qua:
1244 5922 1478 5976 animant
1510 5922 1698 5986 inlicit,
1724 5923 1817 5976 scd

1925 5795 1976 5838 et
2008 5789 2266 5869 naturalis
2295 5788 2537 5869 delectus
2559 5793 2917 5860 suspicionem
2952 5808 2979 5846 a
3011 5794 3161 5849 beata
3251 5797 3462 5869 Virgine

1927 5858 2341 5925 propulsandam
2375 5858 2705 5918 existimant.
