4016 6340
566 362 707 426 4487

1628 365 1690 423 s.
1747 337 2049 437 TAliASII
2092 370 2591 433 eammeam:
2622 375 2725 435 er.

3654 385 3771 453 1488

570 467 712 523 lianc
745 467 1038 539 Scriptura:
1085 465 1403 522 aﬂinxeruut
1434 484 1461 521 a
1508 483 1637 522 vero
1685 481 1942 541 rectoque
1968 490 2123 530 sensu

2231 496 2317 532 τον
2343 479 2431 533 τὸν
2454 481 2610 548 λόγον
2627 484 2691 552 τῇ
2721 483 2909 554 Γραφῇ
2938 485 3286 562 περιέθηκαν,
3317 489 3506 559 πόρρω
3529 489 3629 559 τῆς
3656 493 3769 561 ἁλη-

570 560 887 627 lnngissime
918 558 1319 613 abhorrentem.
1347 558 1451 613 Sed
1481 574 1581 614 nec
1618 561 1887 631 quispiam
1927 580 1957 617 e
1990 566 2126 619 sim-

573 650 888 716 plicioribus
935 650 1079 705 illam
1131 651 1314 704 animo
1359 651 1618 715 imbibat;
1676 654 1820 721 quod
1869 654 2015 709 enim
2061 658 2127 710 ad

573 739 951 804 prudentiores
1011 749 1240 807 spectat,
1287 740 1542 795 existimo
1600 758 1695 798 eos
1749 758 1816 798 ne
1874 758 2129 811 passuros

572 828 807 893 quidem,
841 837 900 881 ut
922 829 1003 896 vel
1028 829 1159 897 ipsis
1180 830 1404 885 auribus
1429 830 1535 885 tale
1559 832 1815 901 quiddam
1841 832 2125 898 hauriant;

474 948 477 951 »
571 922 698 985 quia
728 919 1021 989 Scriptura:
1050 922 1211 981 verba
1242 922 1486 976 studiose
1511 923 1758 991 legentes
1779 938 1899 977 eam
1930 924 2130 981 divinis

572 1009 825 1062 sensibus
853 1011 1295 1077 interpretantur,
1337 1021 1392 1063 et
1413 1010 1459 1064 si
1492 1012 1710 1080 quando
1747 1014 1801 1066 in
1837 1013 1953 1082 ipsa
1979 1015 2128 1069 ziza-

574 1097 715 1147 niam
762 1097 829 1149 ab
865 1098 1103 1152 inimicis
1145 1098 1565 1153 disseminatam-
1595 1103 1888 1170 reperient,
1924 1113 1982 1159 ut
2012 1106 2127 1174 lilii

571 1182 826 1239 Et-clesize
852 1184 1066 1254 penitus
1097 1189 1421 1257 exstirpant.

643 1271 754 1327 VII.
794 1273 896 1328 Sed
939 1291 1082 1330 nunc
1123 1279 1186 1330 ad
1231 1280 1565 1347 propositum
1612 1291 1967 1351 revertamur,
1995 1301 2128 1340 nar-

570 1364 800 1416 rationis
834 1365 1049 1430 seriem,
1083 1378 1245 1435 atque
1270 1385 1329 1421 ea
1365 1386 1482 1437 qua:
1521 1372 1587 1425 ad
1632 1373 1972 1427 nativitatem
2001 1391 2129 1444 spe-

570 1462 754 1514 ctant,
799 1466 1172 1521 percurrentes
1218 1470 1381 1529 atque
1432 1461 1786 1530 explicantes.
1815 1464 1948 1516 Cum
1987 1465 2127 1517 enim

566 1544 927 1608 praenuntiata
960 1547 1164 1599 exitum
1216 1550 1506 1617 perspicue
1542 1551 1882 1615 habuissent,
1933 1563 1986 1607 et
2025 1556 2127 1607 im-

570 1633 835 1686 maculata
869 1635 1043 1702 puella
1069 1652 1131 1689 ac
1162 1636 1253 1690 Dei
1280 1639 1386 1691 lilia
1418 1640 1491 1709 (4)
1517 1656 1546 1694 a
1571 1641 1736 1709 justis
1767 1641 2051 1698 Joachimo
2078 1655 2131 1699 et

568 1723 721 1773 Anna
775 1722 967 1776 fuisset
1003 1727 1304 1794 progenita,
1334 1727 1385 1780 hi
1430 1729 1575 1782 serio
1617 1744 1836 1799 operam
1877 1747 2126 1800 posuere,

571 1822 629 1862 ut
664 1812 953 1865 liberarent
982 1815 1236 1882 promissi
1289 1817 1470 1871 Iidem.
1514 1817 1680 1887 igitur
1715 1821 1908 1876 licebat
1946 1822 2130 1877 videre
2162 1815 2201 1867 Β

568 1901 711 1968 piam
740 1901 947 1955 Annam
980 1905 1358 1970 exsultantem,
1399 1921 1460 1961 ac
1492 1899 1835 1977 gestientem,
1867 1920 1918 1966 et
1949 1911 2125 1981 Virgi-

570 2006 690 2044 nem
720 1992 867 2047 hisce
901 1994 1460 2069 verbisql‘estivisslme
1495 2001 1907 2069 compellantem
1947 2019 1961 2054 :
1992 2002 2127 2068 Quis

568 2080 812 2149 dixisset,
831 2085 958 2147 lilia,
983 2101 1046 2137 ex
1074 2101 1159 2141 me
1188 2096 1237 2139 te
1270 2088 1624 2155 prodituram,
1648 2105 1768 2156 quae
1792 2094 1945 2147 beata
1975 2109 2126 2149 com-

567 2183 864 2226 monstreta
902 2190 961 2229 es
986 2175 1038 2228 in
1081 2176 1457 2243 generationes
1498 2181 1957 2248 generationum?
1994 2183 2127 2250 Quis

568 2274 618 2317 te
644 2266 784 2319 inter
814 2282 960 2319 meas
1007 2268 1162 2322 ulnas
1219 2269 1490 2338 aspiciens
1543 2271 1628 2325 lac
1671 2280 1974 2342 sugentem,
2009 2290 2118 2331 non

518 2368 521 2373 ‘
564 2356 717 2409 illum
749 2356 1067 2418 laudaverit,
1095 2358 1187 2427 qui
1245 2368 1294 2413 te
1328 2359 1477 2414 dedit
1525 2362 1659 2416 mihi
1698 2363 2045 2429 fecunditatis
2073 2378 2129 2422 et

565 2447 734 2516 prolis
768 2449 971 2517 experti
990 2448 1012 2501 ?
1032 2447 1166 2514 Quis
1201 2450 1416 2506 intuens
1449 2453 1563 2507 haec
1590 2454 1753 2508 ubera
1780 2455 1948 2522 lacte,
1977 2441 2124 2526 quod

566 2552 841 2607 nunquam
883 2539 1205 2604 emiserant,
1250 2540 1361 2609 jam
1416 2542 1769 2598 redundantia
1794 2582 1807 2607 ,
1851 2561 1960 2599 non
2001 2560 2124 2601 eum

566 2625 849 2694 magniﬁce
872 2626 1076 2691 ederat,
1111 2628 1201 2696 qui
1235 2644 1266 2681 e
1305 2630 1442 2683 duro
1484 2630 1635 2685 silice
1660 2646 1816 2700 aqua:
1844 2635 2124 2691 scatebras

566 2715 765 2769 sitienti
788 2716 990 2786 populo
1024 2717 1255 2793 elicuit?
1282 2716 1386 2772 Sed
1421 2718 1572 2784 veni,
1603 2720 1734 2785 ﬁlia,
1772 2722 1836 2775 ad
1873 2739 1997 2777 eum
2032 2728 2125 2795 qui

567 2812 619 2858 te
648 2804 779 2858 mihi
826 2805 1083 2875 elargitus
1118 2815 1221 2861 est.
1270 2806 1426 2873 Veni,
1476 2823 1605 2865 arca
1660 2811 2124 2879 sanctiﬁcationis,

566 2894 632 2948 ad
652 2894 1029 2950 misericordiae
1056 2895 1366 2951 Dominum.
1388 2894 1547 2962 Veni,
1572 2908 1725 2968 porta
1756 2900 1951 2955 divinae
1980 2902 2121 2965 vitae,

564 2983 972 3049 veni,thalame
1006 2984 1185 3047 Verbi,
1226 2985 1292 3039 ad
1325 2986 1580 3055 templum
1613 2986 1847 3043 Domini.
1895 2987 2037 3043 lntra
2069 2991 2122 3044 in

567 3073 819 3142 gaudium
852 3073 1086 3136 Domini,
1143 3084 1195 3129 tu
1245 3066 1432 3129 mundi
1485 3077 1737 3146 gaudium
1778 3088 1832 3131 et
1876 3079 2118 3133 exsulta-

566 3166 663 3220 tio.
696 3164 895 3219 Fruere
922 3164 1041 3234 ejus
1068 3166 1486 3234 pulchritudine,
1518 3182 1676 3236 quem
1707 3184 1813 3221 non
1848 3167 1922 3223 ita
1949 3153 2119 3223 multo

566 3266 687 3330 post
726 3257 963 3310 humana
985 3250 1437 3312 formaiudutum
1468 3258 1662 3329 paries.
1689 3259 1799 3327 Ego
1819 3275 1947 3314 vero
1964 3262 2123 3315 beata

568 3361 710 3408 sum,
727 3361 849 3415 quae
871 3346 994 3401 talis
1018 3347 1136 3399 tilia:
1161 3356 1331 3403 mater
1353 3348 1635 3419 praedicor.
1658 3338 2125 3419 Cougratulamini

562 3435 723 3499 mihi,
781 3436 955 3491 tribus
1005 3436 1244 3501 lsraelis,
1305 3437 1561 3508 quoniam
1624 3449 1745 3508 post
1786 3440 2122 3495 sterilitatem

558 3523 740 3584 mater
774 3544 894 3584 sum
925 3528 1043 3597 eius
1076 3527 1286 3595 ell‘ecta,
1319 3544 1438 3599 quae
1472 3538 1644 3583 mater
1688 3528 1952 3585 Altissimi
1978 3546 2117 3586 cou—

569 3612 840 3674 stituetur.
879 3619 1181 3688 Exsurgite,
1216 3619 1450 3688 virgines
1487 3618 1722 3673 ferentes
1750 3621 2045 3688 lampades,
2073 3632 2126 3675 et

569 3709 754 3779 prasite
778 3709 1176 3764 immaculatam
1220 3709 1491 3780 Virginem
1516 3754 1531 3778 ,
1563 3719 1616 3763 et
1640 3710 1732 3765 Dei
1761 3712 1947 3778 tiliam.
1981 3713 2123 3766 Cati-

569 3781 677 3855 tate
702 3801 751 3854 ei
774 3801 828 3853 in
860 3800 1035 3866 laude,
1076 3801 1288 3870 psallite
1324 3801 1426 3869 ipsi
1473 3802 1525 3855 in
1554 3790 1786 3865 cithara,
1828 3805 2118 3859 acclamate

567 3891 645 3946 illi
671 3905 796 3947 cum
819 3891 1029 3946 cantico
1049 3892 1334 3962 spirituali,
1356 3893 1614 3961 psalterio
1642 3894 1984 3949 decachordo
2002 3913 2120 3951 eam

560 3983 931 4053 magniﬁcam.
951 3983 1030 4037 Tu
1054 3996 1291 4052 quoque,
1309 3981 1474 4036 David
1499 3980 1590 4036 Dei
1614 3985 1945 4053 progenitor,
1968 3989 2121 4055 puel-

557 4072 675 4129 Jarn
708 4072 867 4128 lauda
893 4071 1189 4140 profectam
1212 4073 1278 4126 de
1298 4073 1468 4141 stirpe
1491 4080 1602 4138 tua,
1633 4081 1688 4126 et
1714 4075 2117 4144 magniloquum

569 4167 827 4235 hymnum
858 4161 1008 4227 eﬂ‘er,
1042 4163 1122 4216 sic
1175 4161 1519 4231 inquiens":
1552 4162 1709 4225 Audi,
1740 4164 1877 4232 ﬁlia,
1909 4174 1957 4219 et
1985 4162 2136 4231 vide,‘

555 4235 615 4310 2:
639 4254 833 4307 inclina
856 4268 1034 4306 aurem
1075 4263 1241 4317 tuam,
1265 4260 1317 4304 et
1348 4251 1648 4305 obliviscere
1677 4253 1923 4319 pupulum
1955 4264 2120 4321 tuum,

568 4355 617 4399 et
668 4346 877 4399 domum
929 4346 1094 4414 patris
1144 4346 1242 4408 tui,
1284 4352 1332 4396 et
1384 4344 1709 4411 concupiscet
1759 4362 1849 4399 rex
1889 4347 2119 4402 decorem

570 4445 738 4489 tuum.
2073 4490 2076 4495 .

640 4524 770 4585 .VJII.
805 4525 939 4580 Cum
974 4525 1086 4579 haec
1117 4525 1328 4592 aliaque
1357 4525 1550 4580 horum
1580 4526 1775 4580 similia
1800 4527 1951 4581 Anna
1995 4543 2117 4597 gra-

568 4621 657 4674 tim
684 4618 1021 4688 cognominis
1047 4618 1296 4680 dixisset,
1324 4617 1618 4685 pretiosum
1657 4619 1804 4671 illum
1834 4619 2117 4673 Trinitatis

506 4678 511 4705 ⁸
568 4713 912 4771 thesaurum,
943 4718 1053 4763 tres
1109 4724 1280 4762 annos
1335 4715 1516 4761 natam
1588 4706 1857 4775 Virginem
1914 4708 2118 4778 Deique

570 4810 795 4855 matrem
840 4800 893 4852 in
946 4800 1200 4867 templum
1252 4798 1461 4852 Domini
1511 4797 1812 4851 lmtabunda
1876 4797 2115 4861 deduxit,

568 4901 623 4944 et
675 4904 796 4944 eum
820 4887 1101 4942 Joachimo
1130 4889 1358 4957 hymnos
1391 4888 1442 4940 in
1491 4887 1785 4956 gratiarum
1850 4887 2114 4939 actionem

572 4982 873 5041 eﬂ‘undens,
935 4988 1345 5047 convocatoque.
1387 4979 1653 5046 virginum
1698 4986 1839 5047 cuitu
1899 4986 2117 5046 gestan-

576 5074 706 5124 tium
736 5070 901 5133 faces,
934 5070 1137 5123 aditum
1174 5069 1265 5136 qui
1294 5069 1443 5121 ducit
1470 5068 1534 5120 ad
1558 5066 1755 5121 Sancta
1808 5077 2118 5121 sanctorum

574 5163 875 5228 oceupavit.
902 5156 1077 5229 Atque
1102 5160 1173 5214 ibi
1203 5159 1538 5221 Zachariam,
1564 5158 1762 5226 quippe
1793 5160 1883 5225 qui
1920 5172 1973 5210 et
2005 5173 2126 5225 pro-

574 5254 733 5322 pheta
763 5261 953 5305 eratet
986 5252 1238 5306 saeerdos
1271 5262 1325 5305 et
1351 5249 1792 5321 consanguineus
1841 5251 1893 5303 et
1954 5250 2121 5302 admi-

563 5344 742 5397 nister
771 5341 989 5411 legitimi
1026 5341 1354 5404 testamenti,
1381 5342 1745 5395 venerandum
1777 5339 1908 5394 illud
1932 5337 2120 5406 conju-

645 5448 686 5479 ¹³
716 5448 859 5503 Psal.
894 5464 1037 5509 XLIV,
1108 5449 1195 5511 il,
1254 5447 1339 5502 12.

645 5562 719 5636 μ)
751 5560 1061 5636 Cuicunque
1087 5558 1452 5613 ecclesiastica
1483 5557 1787 5636 Graecorum
1810 5555 1980 5636 ofﬁcia
2006 5570 2125 5636 per-

576 5627 796 5683 solventi
822 5630 1083 5683 constabit
1116 5642 1454 5681 communem
1475 5643 1593 5681 esse
1621 5628 1860 5679 omnium
1893 5627 2125 5679 Orientis

575 5697 937 5753 Ecclesiarum
971 5713 1197 5757 morem,
1251 5699 1459 5749 beatam
1495 5696 1760 5761 Virginem
1804 5694 2048 5749 absolute
2074 5704 2126 5747 et

576 5770 1005 5823 atttonomastice
1034 5781 1228 5822 vocare
1254 5764 1471 5827 θεόπαις
1514 5763 1710 5817 Filiam
1746 5763 1860 5816 Dei.

2229 570 2376 632 θείας
2408 572 2505 624 καὶ
2535 572 2627 625 τοῦ
2659 572 2819 642 ὀρθοῦ
2862 575 3144 643 πίπτοντα.
3180 579 3288 631 Καὶ
3323 579 3506 648 μηδεὶς
3558 584 3762 634 καταδέ-

2228 659 2383 730 ξηται
2433 660 2542 714 τῶν
2590 662 2998 734 ἀφελεστὲρωνο
3062 667 3187 730 τοὺς
3242 669 3349 740 γὰρ
3396 670 3770 740 εὐφρονοῦντας

2229 750 2530 820 πέπεισμαι
2569 752 2705 819 μηδὲ
2751 751 2945 825 μέχρις
2984 753 3162 810 ἀκοῶν
3202 775 3329 811 ποτε
3361 758 3422 812 τδ
3450 761 3600 831 ῥῆμα
3631 763 3772 816 τοῦτο

2230 840 2567 895 ὐπεισελθεῖν
2590 883 2604 908 ,
2637 845 2717 896 ὅτι
2743 847 2810 898 τὰ
2839 847 2939 915 τῆς
2968 848 3188 916 Γραφῆς
3218 848 3488 918 ἐπιμελῶς
3520 850 3771 918 ἀναγινὼο

2230 946 2467 995 σκοντες,
2505 936 2743 1010 νοήσεσι.
2767 936 2936 1000 θείαις
2967 939 3165 1009 ταύτην
3190 940 3645 1010 ὲφερμηνεύουσι.
3676 945 3772 996 Καὶ

2227 1021 2361 1075 ὅταν
2396 1023 2455 1074 ὲν
2478 1023 2631 1095 ἀὐτῇ
2658 1008 2894 1091 ζιζάνιον
2919 1008 3149 1098 εὕρωσιν
3176 1029 3238 1083 ὲκ
3263 1008 3372 1083 τῶν
3393 1008 3606 1102 ἐχθρῶν
3634 1050 3772 1085 σπει-

2229 1110 2479 1180 ρόμενον,
2524 1113 2599 1176 ὡς
2645 1114 2810 1168 τέκνα
2861 1117 2959 1187 τῆς
2994 1119 3315 1189 Ἐκκλησίας
3364 1119 3585 1185 τελείως
3626 1123 3767 1175 ἐκκέ-

2226 1216 2468 1254 πτουσιν.
3326 1258 3343 1270 ο

2298 1293 2369 1345 Ζ¹.
2405 1293 2544 1345 Ἀλλ’
2574 1294 2668 1347 ἐπὶ
2713 1296 2775 1349 τὸ
2825 1298 3185 1369 προκείμενον
3233 1302 3652 1372 ἐπανέλθωμεν,
3694 1305 3773 1357 τὸν

2228 1385 2414 1454 εἱρμὸν
2442 1386 2542 1454 τῆς
2572 1388 2876 1458 διηγήσεως
2901 1392 2991 1446 καὶ
3016 1394 3113 1461 τῆς
3142 1396 3442 1463 γεννήσεως
3466 1397 3775 1455 διοδεύοντες

2230 1476 2323 1527 καὶ
2351 1475 2702 1547 ἐξηγούμενοι
2722 1496 2735 1509 ⁸
2772 1482 2877 1533 τῶν
2906 1483 3012 1553 γὰρ
3042 1485 3299 1554 ῥημάτων
3326 1485 3414 1538 διὰ
3448 1488 3774 1555 πραγμάτων

2230 1568 2307 1629 είς
2350 1567 2654 1636 τούμφανὲς
2683 1571 2942 1624 ἐλθόντων
2965 1574 3104 1634 ,καὶ
3132 1578 3229 1644 τῆς
3268 1575 3497 1645 ἀμώμου
3535 1577 3630 1628 καὶ
3666 1576 3771 1627 θεὸ-

2231 1658 2417 1722 παιδος
2461 1661 2647 1730 κόρης,
2678 1665 2740 1714 ἐκ
2770 1663 2876 1714 τῶν
2911 1662 3133 1717 δικαίων
3171 1666 3423 1736 Ἰωακεὶμ
3464 1668 3559 1720 καὶ
3591 1669 3774 1735 ’Δννης

2229 1763 2455 1819 γεγεννη
2466 1752 2631 1820 μένης
2655 1792 2670 1814 ,
2705 1754 2796 1805 καὶ
2828 1754 2922 1816 τὰς
2953 1756 3269 1824 ὑποσχέσεις
3296 1757 3474 1810 αὐτῶν
3502 1757 3770 1827 ἐκπληρῶ-

2232 1854 2320 1890 σαι
2374 1842 2802 1907 ἐσπουδακότων,
2850 1840 2918 1913 ἦν
2971 1846 3099 1898 ίδεῖν
3150 1848 3248 1914 τὴν
3293 1847 3559 1917 θεόφρονα
3588 1849 3775 1899 ’Ἄνναν

2224 1928 2635 2002 ἀγαλλιωμένην
2683 1935 2776 1986 καὶ
2815 1936 3122 2004 σκιρτῶσαν
3173 1938 3266 1991 καὶ
3321 1938 3619 2009 χαριέντως
3653 1937 3777 2006 προς

2225 2015 2321 2084 τὴν
2351 2018 2626 2088 Παρθένον
2654 2020 2917 2089 λέγουσαν
2938 2040 2950 2052 ·
2980 2024 3076 2086 Τίς
3106 2024 3290 2093 ἔλεγεν
3314 2026 3371 2090 ἐξ
3404 2025 3537 2095 ἐιμοῦ
3571 2043 3653 2087 σε,
3687 2025 3772 2077 0'3-

2226 2123 2413 2179 γατερ,
2447 2112 2729 2181 προελθεῖν
2777 2116 2873 2185 τὴν
2927 2119 2984 2169 ὲν
3033 2122 3247 2183 γενεαῖς
3276 2120 3477 2186 γενεῶν
3505 2121 3777 2189 μακαρίαν

2226 2199 2667 2270 ἅποδειχθεῖσανς
2703 2203 2797 2267 Τίς
2840 2207 2896 2258 ἐν
2939 2209 3049 2270 τοῖς
3085 2207 3302 2271 κόλποις
3335 2226 3437 2278 μου
3469 2209 3691 2279 θεωρῶν
3719 2226 3775 2261 σε

2224 2291 2681 2362 γαλουχουμένην,
2717 2296 2791 2365 μὴ
2829 2297 3039 2361 δοξάσει
3081 2299 3172 2350 τὸν
3205 2301 3264 2351 σέ
3302 2317 3392 2368 μοι
3418 2301 3775 2370 χαρισάμενον

2223 2381 2287 2448 τῇ
2322 2381 2510 2452 στείρᾳ
2536 2383 2629 2434 καὶ⁸
2655 2385 2860 2455 ἀτέκνῳ
2883 2402 2896 2449 ;
2928 2387 3021 2449 Τίς
3044 2388 3169 2449 τοὺς
3201 2390 3438 2457 μαστοὺς
3458 2392 3589 2451 τοὺς
3620 2388 3778 2457 μήπω

2223 2468 2365 2535 γάλα
2396 2470 2698 2538 βλύσαντας
2720 2474 2871 2555 ἐρῶν
2901 2475 3003 2545 ήδη
3037 2474 3402 2545 ηγάξοντας,
3436 2476 3510 2547 μὴ
3547 2477 3777 2545 μεγαλυ-

2223 2562 2305 2610 νεῖ
2330 2560 2419 2611 τὸν
2454 2562 2513 2626 ἐξ
2540 2550 2845 2630 ἀκροτῦμου
2882 2565 3084 2634 πέτρας
3111 2565 3380 2634 βλύσαντα
3405 2567 3472 2619 τὰ
3501 2567 3671 2620 ὕδατα
3708 2565 3778 2635 τῷ

2222 2648 2443 2719 διψῶντι
2473 2650 2618 2719 λαῷ;
2653 2651 2812 2704 ’Λλλά
2844 2653 3022 2722 δεῦρο,
3050 2654 3304 2722 θύγατερ,
3334 2658 3469 2724 πρὸς
3490 2658 3583 2709 τὸν
3613 2658 3669 2709 σέ
3692 2673 3776 2725 μοι

2224 2743 2598 2810 παρασχόντα⁸
2639 2740 2813 2811 δεῦρο,
2862 2743 3002 2813 πύλη
3039 2745 3137 2814 τῆς
3186 2744 3335 2808 θείας
3379 2744 3559 2813 ζωῆς·
3606 2745 3775 2817 δεῦρο,

2223 2833 2435 2895 παστὰς
2479 2832 2573 2885 τοῦ
2604 2832 2775 2906 Λόγου
2797 2875 2811 2899 ,
2844 2836 2978 2904 πρὸς
3017 2836 3107 2890 τὸν
3140 2833 3265 2890 ναὸν
3300 2837 3526 2908 Κυρίου.
3564 2838 3777 2891 Είσελθε

2222 2925 2301 2985 εἰς
2326 2925 2424 2993 τὴν
2461 2924 2633 2994 χαρὰν
2662 2925 2755 2977 τοῦ
2788 2927 3026 2994 Κυρίου,
3064 2930 3097 2997 ή
3131 2928 3225 2981 τοῦ
3273 2930 3479 2999 κόσμου
3510 2932 3656 3001 χαρά
3693 2933 3779 2983 καὶ

2168 3068 2182 3081 ἱ
2222 3014 2566 3081 ἀγαλλίασις·
2614 3016 2918 3070 ἀπόλαυσον
2959 3018 3147 3071 τούτου
3193 3021 3290 3088 τῆς
3316 3021 3669 3103 ὠραιότητος,
3698 3024 3779 3075 ὅν·

2147 3134 2188 3191 C
2223 3122 2329 3176 περ
2355 3109 2489 3177 μετὰ
2539 3109 2737 3197 ’μικρὸν
2794 3109 2965 3174 τέξεις
3025 3110 3099 3173 ῶς
3152 3111 3471 3181 ἄνθρωπον·
3535 3114 3778 3184 μακαρία

2223 3202 2361 3271 εἰμὶ,
2388 3203 2471 3255 ὅτι
2516 3204 2771 3271 τοιαύτης
2811 3204 3079 3275 θυγατρὸς
3128 3211 3309 3277 μήτηρ
3357 3209 3731 3281 ἀνηγόρευμαι
3761 3226 3776 3239 ·

2226 3293 2533 3364 συγχάρητέ
2570 3312 2680 3364 μοι,
2718 3296 2881 3362 φυλαὶ
2904 3298 2998 3349 τοῦ
3030 3298 3267 3373 Ἰσραὴλ,
3292 3301 3372 3352 ὅτι
3402 3302 3541 3369 μετὰ
3566 3304 3776 3372 στείρω-

2226 3400 2309 3437 σιν
2340 3386 2521 3455 μήτηρ
2548 3386 3041 3457 ἀναδέδειγμαιίῦ),
3061 3390 3181 3459 ἥτις
3208 3390 3649 3460 ἀναδειχθήσεται
3680 3400 3777 3464 μή-

2221 3490 2328 3544 τηρ
2374 3475 2468 3527 τοῦ
2514 3475 2788 3544 Ὑψίστου.
2843 3478 3154 3548 Ἐξάρξατε,
3200 3480 3453 3550 παρθένοι
3491 3483 3776 3554 λαμπαδη-

2224 3566 2400 3637 φὸροι,
2429 3569 2523 3620 καὶ
2575 3568 2976 3637 προπορεύεσθε
3023 3569 3329 3638 ἔμπροσθεν
3376 3574 3472 3642 τῆς
3512 3563 3783 3642 ἀμιάντου

2226 3656 2499 3724 Παρθένου
2534 3657 2643 3709 ’καὶ
2694 3656 3004 3721 θεόπαιδος·
3038 3658 3203 3729 ᾅσατε
3240 3662 3376 3731 αὐτῇ
3429 3665 3485 3714 ὲν
3535 3666 3737 3718 αἰνέσει
3760 3682 3773 3696 σ

2223 3745 2427 3813 ψάλατε
2454 3748 2588 3817 αὐτῇ
2637 3749 2693 3798 ὲν
2739 3748 2940 3819 κιθάρᾳ
2960 3765 2972 3779 ·
3004 3748 3302 3814 ἀλαλάξατε
3329 3752 3463 3821 αὐτῇ
3476 3756 3619 3825 μετ’
3639 3755 3776 3825 ᾠδῆς

2225 3769 2427 3813 vallata
2454 3769 2588 3817 αυτῃ
2637 3769 2693 3798 εν
2739 3769 2940 3819 κιυαρᾳ
2960 3769 2972 3779 ’
3004 3769 3302 3814 αι.αΑαςατε
3329 3769 3618 3895 αυτῃδιμετ
3639 3769 3771 3825 ῳοης

2225 3838 2631 3907 πνευματικῆς·
2669 3840 3003 3907 μεγαλύνατε
3046 3844 3103 3892 ἐν
3143 3842 3427 3913 ψαλτηρίῳ
3481 3846 3771 3915 εκαχόρδῳ.

2226 3924 2410 3988 Δαυῒδ,
2441 3926 2676 3987 αίνεσον,
2707 3916 3007 3999 Θεοπάτορ,
3038 3928 3134 3998 τὴν
3157 3930 3219 3980 ὲκ
3243 3929 3413 4000 φυλῆς
3443 3946 3535 3982 σου
3567 3931 3773 3985 ἀναδει-

2224 4015 2442 4084 χθεῖσαν
2462 4016 2647 4085 κόρην,
2675 4015 3003 4085 ὑμνολογῶν,
3026 4019 3340 4086 μεγαλογῶν
3356 4019 3773 4091 μεγαλοφῶνωξ,

2225 4106 2317 4157 καὶ
2346 4104 2546 4170 λέγων·
2588 4104 2898 4169 Ἄκουσον,
2942 4105 3218 4173 θύγατερ,
3246 4107 3344 4160 καί
3369 4109 3458 4163 ἴδε
3477 4150 3492 4173 ,
3524 4112 3624 4162 καί
3653 4109 3774 4164 κλῖ-

2224 4209 2333 4245 νον
2358 4192 2424 4244 τὸ
2458 4187 2567 4257 οὖς
2599 4209 2735 4254 σου,
2766 4192 2865 4245 καί
2886 4193 3170 4249 ἐπιλάθου
3200 4195 3305 4248 τοῦ
3336 4195 3489 4249 λαοῦ
3524 4212 3663 4263 σου,
3682 4200 3772 4250 καί

2225 4282 2333 4336 τοῦ
2359 4282 2527 4335 οἴκου
2554 4266 2655 4335 τοῦ
2686 4284 2902 4349 πατρός
2935 4298 3070 4349 σου,
3094 4284 3189 4337 καί
3221 4285 3577 4355 ἐπιθυμήσει
3605 4292 3639 4342 ό
3661 4290 3772 4352 βα·-

2225 4375 2435 4438 σιλεὺς
2459 4374 2563 4428 τοῦ
2586 4375 2849 4439 κάλλους
2877 4390 3011 4427 σου.

2294 4554 2373 4605 H'.
2408 4550 2589 4602 Ταῦτα
2618 4552 2709 4604 καὶ
2741 4551 2808 4603 τὰ
2836 4551 3046 4613 τούτοις
3097 4553 3255 4619 ὃμοια
3317 4554 3349 4621 ή
3403 4555 3771 4623 χαριτῶνυμος

2230 4645 2395 4695 Ἀννα
2424 4641 2642 4705 λέξασα,
2673 4642 2732 4693 τὸ
2768 4642 2865 4709 τῆς
2894 4642 3123 4710 Τριὰδος
3154 4642 3453 4711 κειμήλιον,
3512 4642 3772 4714 χαίρουσα

2223 4736 2290 4802 τῇ
2325 4734 2484 4801 σαρκὶ
2516 4729 2885 4799 τριετίζουσαν
2911 4729 3007 4797 τὴν
3040 4729 3311 4799 Παρθένον
3361 4730 3479 4808 καὶ,
3518 4730 3774 4785 Θεοτόκον

2224 4824 2303 4882 εἰς
2342 4820 2433 4872 τὸν
2462 4819 2584 4870 ναὸν
2609 4818 2811 4888 Κυρίου
2843 4818 3180 4888 προέπεμψε,
3213 4820 3302 4870 καὶ
3331 4820 3430 4871 σὺν
3480 4818 3561 4889 τῷ
3638 4821 3776 4873 Ἰωα-

2219 4913 2348 4981 κεὶμ
2380 4911 2520 4980 ᾠδὰς
2552 4910 2997 4980 εὐχαριστηρίους
3027 4909 3446 4978 ἀναπέμπουσα,
3481 4912 3574 4962 καὶ
3611 4910 3774 4978 δῆμον

2218 5000 2324 5051 τῶν
2390 4998 2669 5067 παρθένων
2715 4996 3241 5065 λαμπαδηφοροῦντα
3302 4998 3772 5065 συγκαλεσαμένη,

2221 5088 2485 5143 κατέλαϐε
2534 5090 2603 5141 τὰ
2630 5088 2737 5140 τῶν
2770 5088 2937 5153 ἁγίων
2967 5087 3132 5153 ’Ἅγια
3157 5104 3170 5118 ·
3203 5087 3299 5139 καὶ
3351 5087 3442 5138 τὸν
3505 5088 3774 5158 Ζαχαρίαθ

2221 5181 2572 5250 χαρμονικοῖς
2604 5178 2822 5247 χείλεσι,
2855 5177 2947 5229 καὶ
2978 5177 3296 5245 ἀγαλλιάσει
3347 5178 3634 5246 στόματος,
3686 5181 3774 5232 ἅτε

2228 5272 2509 5342 προφήτην
2564 5270 2655 5323 καὶ
2690 5271 2836 5338 ἱερέα
2893 5270 2982 5324 καὶ
3020 5269 3253 5338 συγγενῆ
3315 5271 3410 5323 καλ⁵
3469 5269 3773 5341 λειτουργὸν

2227 5363 2322 5431 τῆς
2346 5363 2570 5431 νομικῆς
2601 5361 2883 5431 διαθήκης,
2915 5356 3296 5428 προσεκαλεῖτο
3324 5361 3357 5429 ή
3376 5360 3533 5427 τιμία
3552 5359 3774 5431 ξυνωρὶς

2407 5551 2775 5632 Supplendum
2824 5549 3390 5632 νίιιρίξιιιζταύτηςιαιιι
3436 5549 3583 5632 fitqu
3626 5550 3770 5632 eius:

2229 5618 2395 5682 modi,
2441 5618 2502 5673 vi
2525 5618 2585 5689 _g.
2645 5623 2822 5739 μήτηὶρ
2862 5618 3235 5687 ἁναδέδειγμαι
3258 5618 3392 5691 (τῆς
3425 5618 3659 5688 ἀμώμου
3684 5618 3772 5672 καὶ

2230 5691 2505 5739 θεόπαιδοε
2540 5689 2747 5739 κόρης).
2808 5704 2919 5739 ητις.

2230 5691 2505 5753 θεόπαιδος
2540 5689 2747 5760 κόρης),
2781 5689 2919 5756 ἥτις.
