4016 6340
356 509 487 574 1439

1249 511 1329 570 1N
1374 513 1472 572 ss.
1522 480 1867 592 DEIPARIE
1919 472 2637 571 PRAESENTATIONEM.

3417 491 3552 576 1490

352 626 452 675 τῶν
500 622 850 691 γεννητόρων,
897 622 1102 689 βοῶσγ
1145 623 1305 692 Δέχου
1357 624 1456 691 τὴν
1519 623 1739 693 σεμνὴν,
1803 625 1898 692 τὴν

2003 639 2123 692 gum
2181 640 2277 692 par
2310 624 2613 677 lactantibus
2643 623 2798 677 labiis
2833 632 2994 692 atque
3027 603 3136 677 oris
3190 626 3554 680 exsultatione

352 712 845 781 ἀμίαντον·δὲχου,
878 713 1044 780 ἱερεῦ,
1102 713 1195 782 τὴν
1261 714 1589 783 ἁκηλίδωτον
1657 714 1900 768 παστάδα

349 804 438 855 τοῦ
465 802 634 869 Λόγου
664 819 679 834 ο
713 803 890 872 δέχου,
957 805 1227 873 προφῆτα.
1284 807 1343 857 τὸ
1392 805 1748 875 θυμιατήριον
1809 805 1899 858 τοῦ

351 880 512 946 ἀΰλου
547 893 720 959 φωτός
741 909 754 921 ·
788 894 961 963 δέχου,
989 894 1181 958 δίκαιε,
1216 894 1276 946 τὸ
1343 896 1689 965 πυρίμορφον
1745 898 1899 969 ἅρμα

345 985 439 1037 τοῦ
489 985 739 1052 Ὑψίστου
766 1001 778 1014 ⁸
809 985 985 1054 δέχου,
1025 985 1298 1055 ἄμεμπτε,
1340 975 1437 1056 τὴν
1464 986 1668 1057 ὡραίαν
1714 989 1900 1057 ,ἄμπε-

347 1073 456 1139 λον,
491 1077 610 1144 ἥτις
646 1075 936 1145 βλαστήσει
962 1075 1052 1128 τὸν
1083 1075 1307 1140 ἀείζωον
1339 1067 1530 1147 βότρυν
1561 1093 1574 1106 ·
1642 1077 1899 1146 εἰσάγαγε

346 1167 516 1235 αὐτὴν
551 1167 630 1228 είς
658 1166 724 1219 τὰ
749 1168 998 1220 ὲνδὸτατα
1028 1166 1122 1219 τοῦ
1155 1167 1282 1219 ναοῦ
1322 1167 1524 1234 Κυρίου
1555 1183 1568 1198 ⁸
1629 1168 1900 1240 πρόσφερε

345 1258 514 1325 αὐτὴν
545 1257 624 1320 είς
656 1257 816 1310 τόπον
849 1257 1204 1326 ἁγιάσματος,
1235 1256 1676 1324 ὃκατειργάσατο
1702 1259 1902 1327 δ”Υψιο

349 1363 471 1408 στος
529 1348 608 1408 είς
639 1347 832 1400 ἑαυτοῦ
887 1349 1336 1415 κατασκήνωσιν⁶
1407 1349 1645 1416 ἀνάγαγε
1700 1349 1909 1426 ταύτην,

348 1438 428 1500 εἰς
456 1438 524 1490 τὰ
549 1438 733 1504 ἄδυτα,
762 1433 851 1491 τὸν
881 1437 1108 1508 ἀόρατον
1142 1442 1199 1491 ὲν
1234 1440 1412 1510 κοιλίᾳ.
1437 1439 1723 1509 βαστάζειν
1751 1441 1902 1493 ἐπεὶ·

348 1522 586 1593 γομένην
606 1540 620 1554 ·
655 1525 953 1595 μακάρισον
981 1525 1146 1595 αὒτὴν
1174 1527 1271 1597 τὴν
1340 1529 1642 1598 μακαρίους
1697 1528 1903 1591 πάντας

350 1612 571 1680 βροτοὺς
599 1613 945 1678 άναδείξασαν
977 1633 992 1648 ⁶
1040 1617 1336 1687 μεγαλυνον
1387 1618 1608 1682 ταύτην,
1670 1619 1767 1689 τὴν
1799 1618 1903 1672 τῶν

350 1704 759 1775 μεγαλουργιῶν
791 1707 923 1760 Θεοῦ
955 1709 1358 1778 ἀναδειχθείσαν
1379 1710 1556 1778 βίϐλον
1583 1710 1901 1782 θεόγραφον·

347 1792 578 1864 ἀνάλαόε
609 1795 830 1864 ταύτην,
859 1798 955 1866 τῆς
985 1800 1046 1848 ὲκ
1073 1798 1174 1865 τῆς
1219 1800 1558 1869 προμήτορος
1584 1798 1724 1862 Εὔας
1753 1815 1905 1853 κατ-

347 1881 484 1951 άρας
540 1885 684 1954 ἡμᾶς
740 1887 1159 1952 ἀπαλλάξασαν·
1213 1889 1448 1941 ἄσπασαι
1522 1890 1746 1961 ταύτην,
1806 1889 1904 1960 τὴν

348 1972 483 2042 πρὸς
514 1975 604 2026 τὸν
630 1975 760 2028 Θεὸν
811 1977 1184 2049 φιλανθρωπίᾳ
1220 1980 1365 2050 ἡμᾶς
1419 1979 1773 2050 συνδήσασαν,
1807 1981 1902 2033 καὶ

344 2063 445 2132 τὴν
473 2064 668 2134 ἔχθραν
695 2066 787 2119 τοῦ
817 2067 992 2134 ὄφεως
1029 2069 1106 2137 τῷ
1135 2070 1304 2140 αὐτῆς
1336 2070 1478 2140 τόκῳ
1529 2070 1858 2125 καθελοῦσαν
1882 2087 1896 2103 ο

344 2154 637 2219 ἀγκάλισαι
673 2156 857 2227 αὐτὴν,
891 2159 987 2227 τὴν
1015 2157 1072 2222 ἐξ
1105 2159 1356 2226 ἀγκαλῶν
1402 2161 1494 2213 τοῦ
1521 2160 1697 2229 ὄφεως
1753 2163 1900 2231 ἡμᾶς

342 2247 740 2317 ἀτραρπὰτασαν
775 2265 789 2277 ο
820 2251 1193 2319 προψήτευσον
1223 2252 1352 2321 περὶ
1381 2253 1605 2324 ταύτην,
1663 2253 1761 2324 τὴν
1793 2254 1900 2307 τῶν

341 2341 632 2408 προφητῶν
665 2341 1068 2412 ἀναδειχθεῖσαν
1102 2343 1404 2413 πλήρωσιν,
1439 2345 1531 2397 καὶ
1561 2346 1659 2413 τῆς
1720 2349 1896 2414 ἐπαγ-

343 2429 528 2493 γελίας
557 2429 690 2482 Θεοῦ
717 2431 850 2502 πρὸς
881 2431 1199 2501 ἀνθρώπους
1235 2435 1707 2502 ἀνακεφαλαίωσιν
1732 2448 1746 2467 ⁸
1802 2437 1899 2507 τὴν

342 2520 616 2589 τράπεζαν
647 2507 740 2574 τὀῦ
777 2521 920 2575 θείου
957 2524 1152 2594 ἄρτου,
1183 2525 1277 2577 τὸν
1305 2521 1446 2577 οἶνον
1501 2525 1590 2578 τὸν
1628 2526 1895 2602 εὐφρόσυ-

341 2628 449 2676 νον,
501 2611 597 2684 τὴν
628 2614 830 2684 τροφὴν
857 2615 952 2683 τὴν
983 2615 1274 2680 ἀδάπανον,
1310 2616 1407 2685 τὴν
1436 2616 1767 2688 περιστερὰν
1800 2617 1899 2690 τὴν

341 2703 623 2774 ἀκεραίαν,
655 2689 743 2758 τὸν
776 2705 1001 2776 οὐρανὸν
1029 2706 1118 2758 τὸν
1148 2705 1410 2778 ἔμψυχον,
1456 2708 1551 2778 τὴν
1586 2689 1897 2779 πολύφωτον

341 2794 707 2865 λυχνίαν,ετὴν
734 2797 1111 2867 πολυΰμνητον
1171 2799 1410 2868 νύμφην,
1466 2801 1897 2871 τὴν,πολύαινον

343 2887 574 2956 μητέρα,
609 2887 706 2954 τὴν
735 2887 1079 2942 θεοπότιστον
1111 2889 1312 2954 ἐλαίαν,
1342 2891 1402 2943 τὸ
1429 2891 1569 2944 θεῖον
1593 2891 1775 2962 ὄχημα
1800 2895 1899 2963 τῆς

340 2973 438 3026 τοῦ
488 2976 741 3044 Ὑψίστου
789 2979 1120 3048 οἰκονομίας,
1155 2979 1252 3048 τὴν
1309 2981 1512 3052 σκηνὴν
1555 2982 1654 3052 τὴν
1712 2982 1895 3052 ἁγίαν,

340 3059 438 3128 τὴν
494 3059 714 3129 λυχνίαν
769 3063 865 3133 τὴν
917 3064 1322 3134 θεοχάλκευτον,
1380 3069 1478 3138 τὴν
1533 3069 1746 3138 ἀμνάδα
1795 3073 1898 3142 τὴν

339 3150 583 3220 λογικὴν,
616 3151 676 3205 τὸ
731 3154 1034 3224 ἱλαστήριον
1060 3155 1151 3208 τοῦ
1197 3156 1350 3221 Θεοῦ,
1380 3157 1439 3210 τὸ
1498 3159 1778 3230 κειμήλιον
1837 3159 1899 3214 τὸ

1999 716 2295 784 appellabat
2344 714 2619 768 clamans:
2651 713 2868 784 Accipe,
2927 730 2959 768 ο
2987 712 3268 779 Zacharia,
3307 732 3576 771 sanetam»

2001 798 2404 852 immaculatam
2438 801 2683 867 ;accipc,
2717 801 2996 863 sacerdos,
3017 802 3391 857 intemeratum
3427 803 3556 856 Ver-
3579 853 3591 860 .

1999 887 2049 940 bi
2109 889 2436 958 thalamum;
2467 892 2669 959 accipe,
2707 906 2739 944 0
2765 893 3044 959 propheta,
3084 893 3417 947 thuribulum
3474 895 3555 947 |u«

1999 977 2078 1031 cis
2104 979 2170 1032 ab
2224 983 2368 1032 omni
2438 981 2663 1034 materia
2727 993 2983 1046 secretae;
3042 985 3244 1053 accipe,
3307 1001 3339 1042 ο
3383 987 3553 1053 juSte,

2001 1068 2226 1136 ignitum
2279 1086 2497 1124 currum
2558 1072 2841 1125 Altissitui.
2913 1075 3126 1142 Accipe,
3183 1089 3216 1128 ο
3263 1075 3552 1143 inculpate,

2000 1158 2242 1212 fleridam
2281 1162 2459 1224 vitem,
2496 1177 2615 1230 qua:
2637 1177 2906 1216 racemum
2931 1171 3143 1216 αξιοι-ηαξ
3173 1163 3293 1216 vitae
3331 1163 3550 1228 efferet;

2002 1251 2298 1304 iutromitte
2324 1252 2465 1304 illam
2501 1253 2552 1304 in
2589 1253 2808 1307 intimos
2834 1254 3285 1322 recessestempli
3315 1253 3550 1321 Domini;

2003 1321 2308 1412 infer‘illam
2360 1343 2410 1394 in
2448 1343 2623 1395 locum
2672 1345 2992 1406 sanctuarii,
3046 1344 3187 1412 quod
3246 1343 3553 1401 Altissimus

2003 1433 2053 1484 in
2084 1434 2164 1485 sui
2195 1431 2529 1486 domicilium
2561 1434 2787 1488 secrevit
2819 1449 2832 1497 ;
2868 1433 3108 1488 inducito
3154 1436 3291 1490 hanc
3321 1436 3372 1489 in
3429 1453 3555 1490 sau-

2002 1522 2242 1576 ctissima
2278 1523 2597 1590 penetralia,
2635 1540 2757 1592 quae
2787 1540 2908 1577 mox
2957 1525 3008 1578 in
3048 1535 3198 1580 utero
3219 1542 3340 1580 eum
3377 1539 3555 1596 porta-

1962 1613 2100 1680 bit,
2131 1611 2224 1682 qui
2272 1615 2442 1668 oculis
2504 1616 2651 1668 cerui
2696 1631 2799 1668 non
2851 1626 3058 1684 potest;
3123 1618 3330 1671 beatam
3383 1619 3552 1687 ipsam

340 3239 568 3304 ἔνδοξον,
604 3241 700 3310 τὴν
729 3242 1005 3309 σάλπιγγα
1034 3245 1131 3313 τὴν
1158 3242 1374 3314 εὔηχον,
1403 3245 1462 3297 τὸ
1491 3246 1632 3299 πῖον
1654 3245 1777 3315 ὄρος
1801 3249 1894 3300 καὶ
1920 3282 1964 3341 c

341 3334 762 3400 τετυρωμένον,
792 3335 880 3386 τὸν
911 3335 1051 3387 θεῖον
1079 3336 1264 3400 πόκον,
1291 3337 1388 3406 τὴν
1429 3337 1715 3408 θεὸϐρυτον
1747 3339 1898 3408 νεφέ-

340 3421 457 3490 λην,
490 3421 587 3492 τὴν
609 3423 761 3476 πόλιν
784 3424 880 3494 τὴν
903 3425 1116 3496 ἔντιμον
1141 3467 1154 3491 ,
1181 3429 1240 3480 τὸ
1273 3422 1458 3498 νοητὸν
1487 3429 1899 3502 καταπέτασμα,

341 3513 431 3564 τὸν
491 3511 835 3578 θεολάξευτον
865 3515 1075 3586 λύχνον,
1121 3518 1218 3588 τὴν
1243 3518 1486 3588 κλίμακα
1514 3519 1581 3571 δι’
1604 3515 1670 3592 ἦς
1695 3523 1722 3574 ὁ
1771 3523 1903 3575 Κτί-

343 3621 475 3672 στης
519 3608 630 3667 τοῖς
664 3605 874 3676 βροτοῖς
899 3607 1215 3679 ὀφθήσεται,
1248 3610 1345 3680 τὴν
1383 3609 1569 3681 κλίνην
1594 3611 1692 3682 τὴν
1719 3612 1899 3680 ἁγίαν,

341 3695 401 3746 τὸ
447 3695 650 3765 δοχεϊον
713 3697 813 3765 τῆς
864 3698 1246 3768 χρηστότητος,
1310 3698 1407 3769 τὴν
1455 3700 1562 3752 τῶν
1614 3701 1903 3772 θαυμάτων

338 3785 594 3849 ἄϐυσσον,
624 3787 723 3856 τὴν
764 3789 945 3858 πηγὴν
973 3789 1080 3842 τῶν
1107 3790 1345 3855 ἀγαθῶν,
1390 3791 1480 3842 τὸν
1509 3791 1705 3845 ἄσυλον
1738 3793 1902 3846 πλοῦ-

337 3893 452 3940 τον,
491 3878 588 3946 τὴν
621 3878 963 3949 πολυώνυμοκ.
1011 3880 1105 3933 καὶ
1133 3881 1516 3935 πολυποίκιλον
1557 3875 1905 3955 καΐάειπαρ-

339 3969 492 4021 Οένον
525 3969 804 4023 Θεοτόκον.
837 3970 1054 4042 Ταύτην
1078 3973 1339 4040 εἰσάγαγε
1367 3975 1445 4036 είς
1477 3975 1546 4026 τὰ
1571 3974 1739 4042 ’Ἅγια
1796 3973 1904 4026 τῶν

345 4061 536 4127 ἁγίων,
569 4060 771 4130 ταύτην
819 4062 1134 4132 προσάγαγε
1189 4063 1267 4132 τῷ
1317 4063 1547 4132 βασιλεῖ,
1607 4066 1680 4128 ὠς
1735 4065 1905 4136 δῶρον

350 4153 663 4223 πολύτιμον,
692 4153 890 4222 ταύτην
910 4155 1121 4207 αἴνεσον
1145 4153 1218 4217 ὡς
1258 4154 1500 4224 βασιλίδα
1525 4155 1625 4225 τῆς
1654 4156 1902 4222 κτίσεως,

345 4242 549 4313 ταύτην
594 4243 931 4314 εὑτρέπισον,
973 4245 1047 4308 ὡς
1077 4245 1334 4299 παλὰτιον
1363 4245 1456 4299 τοῦ
1499 4246 1902 4311 παντάνακτος,

341 4332 546 4403 ταύτην
577 4335 960 4404 ὑμνολόγησον,
993 4336 1091 4405 τὴν
1122 4336 1310 4390 πασῶν
1335 4335 1441 4388 τῶν
1497 4336 1776 4406 παρθένων
1801 4338 1905 4404 φύεὲ

324 4425 483 4476 -λακα
516 4426 710 4479 ἄσυλον
733 4443 746 4456 ο
779 4425 980 4496 ταύτην
1027 4428 1451 4498 κατασκήνωσον
1485 4429 1563 4490 είς
1596 4429 1722 4479 ναὸν
1781 4445 1899 4496 χει-

343 4515 627 4585 ροποίητον
651 4515 748 4584 τὴν
781 4518 1081 4588 γενομένην
1118 4518 1242 4571 ναὸν
1297 4501 1537 4588 ἔμψυχον
1591 4517 1682 4571 τοῦ
1731 4517 1903 4587 Λόγου

344 4606 521 4660 πάντα
536 4624 769 4677 τεκτηνα
777 4609 936 4676 μένου
947 4649 958 4661 .
1417 4676 1424 4681 ὴ

413 4700 487 4752 Θ’.
521 4695 684 4754 Δῦται
711 4699 803 4752 τοῦ
844 4699 1098 4768 Ἰωακεὶμ
1119 4701 1210 4752 καὶ
1264 4700 1361 4770 τῆς
1418 4703 1613 4770 ’Λννης
1682 4704 1737 4754 αἱ
1765 4713 1901 4772 χαρ-

347 4794 564 4860 μονικαὶ
591 4791 886 4859 δοξολογίαι
915 4807 927 4820 ·
963 4785 1124 4844 αὗται
1147 4792 1244 4861 τῆς
1287 4793 1633 4863 εὐχαριστίας
1663 4797 1718 4847 αἱ
1749 4796 1906 4866 ὑμνο-

341 4885 558 4951 λογικαὶ
589 4882 868 4953 θεηγορίαι
912 4898 924 4912 '
954 4876 1113 4936 αὗται
1145 4883 1280 4953 πρὸς
1327 4885 1415 4936 τὸν
1468 4887 1750 4955 προφήτην
1802 4888 1904 4940 Ζα-

347 4975 540 5044 χαρίαν
570 4976 625 5026 αί
653 4973 1117 5044 παῤῥησιαστικαὶ
1144 4958 1485 5044 μαρτυρίαί·
1517 4975 1636 5030 ὅθεν
1662 4978 1690 5029 δ
1723 4978 1902 5048 ἱερεὺς

340 5067 418 5129 ὡς
452 5067 734 5136 προφήτης
763 5066 917 5131 Θεοῦ,
946 5067 1038 5119 καὶ
1069 5066 1136 5119 τὰ
1162 5066 1270 5118 τῶν
1304 5067 1471 5132 ἁγίων
1499 5067 1662 5133 ’Ἅγια
1685 5065 1744 5121 ἐν
1776 5069 1904 5137 μεθ-

341 5159 452 5223 έξει
475 5157 609 5210 Θεοῦ
657 5155 923 5221 καθελὼν,
953 5158 1096 5225 ὁρῶν
1139 5159 1238 5227 τῆς
1271 5158 1548 5228 Παρθένου
1592 5158 1686 5211 τοῦ
1715 5159 1900 5229 ὄμμα-

342 5230 434 5314 τος
462 5250 559 5321 τὴν
608 5249 892 5317 καλλονὴν,
957 5248 1052 5300 τοῦ
1102 5250 1397 5320 προσώπου
1437 5250 1496 5302 τὸ
1543 5250 1761 5322 ὡραῖον,
1805 5254 1903 5323 τῆς

341 5342 588 5414 γλώττης
619 5341 714 5412 τὴν
753 5341 976 5405 αἴνεσιν,
1010 5341 1106 5409 τῆς
1147 5341 1325 5410 ψυχῆς
1354 5343 1452 5413 τὴν
1481 5345 1778 5412 εὐγένειαν,
1810 5343 1904 5399 τοῦ

344 5435 461 5503 βίου
495 5435 556 5485 τὸ
581 5435 888 5503 ἄμεμπτον,
941 5431 1049 5485 τῶν
1083 5431 1260 5484 ποδῶν
1291 5435 1644 5505 τδβάδισμα,
1683 5437 1780 5506 τὴν
1805 5454 1903 5489 κα-

342 5524 604 5594 ταστολὴν
641 5526 734 5579 τοῦ
766 5525 950 5596 ἤθους,
998 5525 1089 5578 τοῦ
1130 5527 1402 5594 σχήματος
1424 5530 1522 5595 τὴν
1550 5529 1901 5597 εὐπρέπειαν,

342 5614 659 5686 Πνεῦματος
726 5618 878 5685 ἁγίου
956 5615 1232 5686 πλησθεὶς,
1288 5614 1569 5687 ἐξεϐόησεν
1602 5636 1615 5649 ο
1651 5617 1719 5670 Ὦ
1770 5620 1904 5690 κόρη

342 5710 574 5778 ἁμιαντε
595 5723 610 5738 ’
641 5702 685 5760 ὦ
710 5707 944 5778 παρθένε
984 5708 1249 5776 ᾁμόλυντε
1281 5724 1292 5735 ·
1343 5701 1386 5759 ὦ
1409 5711 1586 5771 νεᾶνις
1618 5711 1866 5777 πάγκαλε
1889 5727 1902 5741 ο

341 5797 388 5857 ὧ
422 5790 692 5870 γυναικῶν
721 5800 996 5870 ἀγλάϊσμα
1022 5817 1034 5829 ·
1074 5795 1116 5853 ὦ
1147 5800 1456 5870 θυγατέρων
1499 5801 1858 5872 καὶλώπισμα
1886 5821 1898 5834 ·

421 5967 465 5999 ⁸⁸
513 5966 656 6022 Psal.
693 5981 856 6031 vau,
885 5966 935 6021 7.

2004 1705 2254 1774 praedira,
2284 1721 2404 1774 qua:
2434 1706 2619 1759 beatos
2644 1704 2804 1759 ellicit
2841 1722 3030 1760 omnes
3083 1709 3338 1760 mortales
3371 1723 3386 1770 ;
3442 1723 3555 1760 nia-

2003 1796 2352 1865 gnilicehanc
2403 1796 2582 1856 lauda,
2621 1811 2740 1863 quae
2784 1796 2990 1864 prolata
3024 1803 3106 1849 est
3134 1797 3273 1849 velut
3297 1797 3555 1858 divinitus

2004 1888 2337 1956 conscriptus
2395 1887 2529 1940 liber
2593 1887 2916 1956 magnalium
2978 1886 3087 1940 Dei.
3147 1887 3338 1956 Excipe
3393 1888 3554 1955 hanc,

2004 1993 2123 2048 qua:
2156 1993 2184 2030 a
2220 1973 2504 2032 maledicto
2552 1980 2604 2030 in
2657 1977 2882 2047 primam
2934 1988 3206 2047 parentem
3237 1977 3400 2032 Evam
3454 1981 3554 2033 im—

2005 2069 2172 2122 misso
2212 2083 2308 2121 nos
2351 2069 2540 2122 liberat
2571 2085 2586 2132 ;
2621 2069 2974 2138 complectere
2998 2069 3153 2131 hanc,
3179 2085 3297 2138 quae
3319 2086 3416 2124 nos
3433 2087 3552 2124 cum

2004 2156 2112 2212 Deo
2138 2159 2401 2212 charitate
2451 2159 2743 2229 colligavit,
2803 2168 2858 2214 et
2907 2159 3246 2213 inimicitiam
3291 2163 3556 2229 serpentis

2003 2248 2192 2304 fraude
2220 2249 2490 2304 inductam
2528 2264 2627 2304 suo
2657 2257 2808 2319 partu
2846 2249 3107 2316 abstulit;
3144 2251 3354 2319 implica
3393 2252 3548 2321 istam

2002 2340 2258 2405 brachiis,
2297 2356 2418 2410 qua:
2445 2356 2544 2395 nos
2592 2341 2661 2396 ab
2705 2341 2938 2411 implexu
2973 2341 3238 2409 serpentis
3270 2341 3553 2396 abstrahit.

2003 2431 2076 2486 De
2126 2433 2227 2486 hac
2255 2433 2572 2498 vaticinare,
2607 2449 2728 2502 quae
2772 2433 3204 2502 propheticorum
3273 2433 3555 2489 vaticinio-

2002 2538 2121 2576 rutn
2178 2524 2610 2592 implementum,
2673 2525 3082 2592 divinarumque
3137 2508 3552 2592 promissionum

2001 2617 2378 2685 compendium
2416 2617 2466 2670 in
2494 2633 2553 2671 se
2574 2617 2808 2671 exhibet.
2843 2616 2963 2685 lpsa
3017 2630 3203 2686 mensa
3244 2616 3410 2670 divini
3463 2632 3558 2684 pag-

1999 2708 2103 2769 nis,
2137 2708 2320 2760 viuum
2347 2708 2672 2771 exhilarans,
2707 2709 2860 2763 cibus
2892 2709 3182 2778 gratuitus,
3217 2708 3464 2762 columba
3496 2710 3560 2760 il-

2001 2798 2189 2862 libata,
2261 2800 2458 2854 cmlum
2521 2800 2841 2863 animatum,
2909 2800 3116 2868 lampas
3171 2799 3328 2853 valde
3377 2800 3557 2863 rutila,

1997 2872 2192 2952 sponsa
2228 2888 2410 2941 multis
2458 2888 2675 2957 hymnis
2710 2889 2999 2951 celebrata,
3033 2898 3204 2948 mater
3237 2888 3416 2944 multis
3450 2891 3560 2944 lau-
3632 2944 3634 2948 _

1997 2975 2156 3030 dibus
2217 2987 2433 3044 ornata,
2487 2979 2628 3034 oliva
2690 2981 2950 3036 divinitus
3003 2982 3248 3054 irrigata,
3306 2982 3553 3035 divinum

1998 3065 2303 3121 vehiculum
2337 3069 2762 3138 dispensationis
2802 3071 3084 3133 Altissimi,
3154 3073 3557 3126 tabernaculum

1998 3165 2271 3223 sanctum,
2323 3160 2706 3222 candelabrum
2742 3178 2770 3214 a
2808 3161 2914 3216 Deo
2986 3162 3363 3228 fabrefactum,
3421 3179 3562 3234 agna

1998 3247 2296 3309 rationalis,
2355 3250 2789 3319 propitiatoriqu
2867 3250 2980 3312 Dei.
3022 3269 3116 3331 vas
3161 3255 3558 3315 inaestimabile,

2001 3336 2290 3392 thesaurus
2326 3339 2672 3404 honorificus,
2706 3343 2832 3395 tuba
2873 3345 3111 3396 suaviter
3163 3358 3380 3406 sonans,
3406 3358 3562 3399 mons

2001 3430 2209 3499 pinguis
2244 3439 2291 3482 et
2322 3432 2632 3500 coagulum:
2661 3430 2725 3496 “,1,
2758 3433 2998 3486 divinum
3037 3434 3227 3494 vellus,
3253 3434 3422 3488 nubes
3454 3434 3564 3490 Deo

2002 3516 2218 3583 referta,
2249 3519 2378 3573 urbs
2403 3520 2742 3586 admiranda,
2779 3521 3006 3575 aulaeum
3045 3523 3307 3590 spiritale,
3342 3525 3561 3578 lucerna

2001 3606 2260 3661 divinitus
2281 3622 2509 3672 excusa,
2538 3609 2681 3664 scala
2710 3625 2984 3680 perquam
3025 3611 3358 3666 descendens
3395 3611 3564 3665 Crea-

2006 3708 2088 3751 tor
2115 3699 2256 3753 inter
2291 3700 2536 3756 homines
2565 3701 2854 3764 videbitur,
2888 3702 3068 3756 cubile
3113 3711 3384 3765 sanctum,
3447 3717 3562 3771 gra-

2005 3790 2094 3844 tiae
2126 3792 2547 3859 receptaculum,
2585 3794 2971 3847 miraculorum
3003 3795 3250 3865 ahysstts,
3293 3795 3411 3848 fons
3461 3795 3561 3848 ho-

2007 3896 2221 3944 norum,
2251 3882 2557 3938 divitiarum
2583 3884 2736 3952 copia
2771 3885 3118 3945 inviolabilis,
3168 3886 3351 3940 umltis
3391 3887 3564 3939 nomi-

2006 3973 2165 4027 nibus
2195 3981 2357 4041 alque
2409 3974 2626 4028 dotibus
2655 3973 2925 4046 in’signata
2951 3988 3005 4030 et
3032 3991 3243 4044 semper
3273 3975 3436 4046 Virgo
3471 3976 3560 4031 Dei

2007 4072 2195 4119 mater.
2231 4063 2381 4119 llanc
2407 4065 2736 4119 introducito
2757 4067 2808 4119 in
2842 4064 3036 4121 Sancta
3061 4076 3393 4133 sanctorum,
3427 4067 3566 4122 hanc

2005 4156 2117 4231 regi
2149 4154 2339 4210 afferto
2373 4165 2630 4226 tanquam
2657 4157 3109 4226 pretiosissimum
3140 4159 3363 4222 denum,
3426 4159 3565 4212 hanc.

2007 4247 2167 4301 lauda
2192 4248 2338 4302 velut
2373 4248 2614 4316 reginam
2646 4246 3019 4303 universitatis
3044 4264 3243 4313 rerum,
3273 4249 3410 4301 hanc
3457 4264 3557 4316 ap-

2006 4353 2134 4406 para
2167 4348 2226 4391 ut
2258 4339 2518 4408 palatium
2547 4338 2691 4408 regis
2721 4339 3120 4401 universorum,
3173 4339 3310 4392 hanc
3346 4339 3566 4408 hymnis

2013 4427 2210 4480 extolle
2244 4438 2301 4480 ut
2348 4433 2523 4479 tutum
2573 4425 2884 4496 praesidium
2943 4426 3187 4478 omnium
3252 4426 3519 4496 virginum
3542 4467 3564 4488 ν,

2007 4515 2133 4569 huic
2168 4515 2349 4571 Sedem
2376 4518 2428 4570 in
2463 4517 2660 4584 templo
2692 4515 3012 4570 manufacto
3045 4517 3243 4584 praebe,
3285 4526 3567 4590 quietem-

1937 4607 1979 4662 D
2009 4609 2155 4678 plum
2192 4608 2489 4662 animatum
2519 4618 2601 4662 est
2639 4607 2796 4662 Verbi
2847 4610 3091 4663 omnium
3115 4610 3430 4664 conditoris.

2080 4700 2170 4754 IX.
2192 4701 2296 4769 (Hae
2327 4699 2545 4755 fuerunt
2573 4701 2640 4754 ab
2673 4698 2955 4754 Joachimo
2983 4708 3036 4755 et
3063 4702 3217 4754 Anna
3241 4701 3400 4755 editze
3430 4701 3566 4755 laeta:

2010 4793 2443 4862 praattlicationes,
2471 4794 2551 4848 ha;
2581 4793 2688 4845 Deo
2715 4791 2938 4845 redditae
2962 4807 3084 4845 cum
3108 4793 3404 4862 gratiarum
3469 4808 3566 4846 ac-

2011 4885 2157 4938 tione
2188 4883 2546 4944 laudationes,
2583 4883 2663 4935 hae
2688 4881 2826 4950 apud
2871 4882 3190 4950 prophetam
3248 4873 3569 4937 Zachariam

2010 4975 2149 5029 datae
2199 4987 2411 5027 summa
2473 4988 2595 5026 cum
2647 4970 2841 5024 fiducia
2900 4971 3327 5028 testificationes.
3390 4970 3571 5036 Quare

2013 5065 2286 5124 sacerdos,
2317 5073 2375 5118 ιιι
2412 5064 2504 5116 Dei
2555 5065 2837 5132 propheta,
2879 5064 3080 5132 quique
3133 5073 3320 5117 tenens
3373 5065 3600 5117 Sancta'

2008 5167 2316 5213 sanctorum
2354 5156 2619 5224 particeps
2647 5155 2736 5208 Dei
2782 5165 2917 5220 erat,
2980 5155 3196 5208 intuens
3256 5157 3308 5207 in
3355 5153 3571 5223 Virgine
3660 5205 3664 5209 .

2008 5259 2255 5319 aspectus
2283 5248 2758 5317 pulchritudinem.
2811 5247 2991 5302 vultus
3031 5249 3305 5312 decorem,
3377 5241 3570 5315 lingttm

2011 5341 2351 5403 modestiam,
2413 5339 2578 5392 animi
2650 5341 3006 5405 nobilitatem,
3074 5341 3193 5395 vitae
3239 5341 3567 5408 inculpatum

2009 5438 2194 5494 dc‘cus,
2231 5434 2424 5501 pedum
2477 5433 2769 5495 incessum,
2829 5447 3038 5485 morum
3094 5433 3567 5501 compositionem,

2010 5527 2311 5580 decentiam
2339 5525 2574 5586 habitus,
2607 5519 2787 5579 atllatu
2816 5527 2989 5579 sancti
3023 5527 3256 5594 Spiritus
3305 5535 3568 5594 concepto

2009 5618 2333 5673 exclamavit
2375 5635 2386 5669 :
2435 5615 2478 5670 Ο
2509 5617 2682 5685 puella
2715 5616 3082 5680 immaculata,
3117 5629 3148 5666 ο
3179 5615 3331 5684 virgo
3370 5615 3567 5683 impol-

2006 5711 2139 5772 luta,
2161 5710 2600 5764 oadolesccntula
2620 5708 3016 5770 venustissima,
3047 5720 3078 5758 ο
3102 5706 3384 5760 mulierum
3406 5723 3566 5759 orna-

2011 5815 2271 5866 mentum,
2316 5802 2543 5856 liliat'utu
2592 5802 2754 5866 nitor,
2790 5817 2821 5854 o
2851 5812 3018 5854 mater
3051 5795 3212 5868 Virgo
3269 5810 3472 5862 sancta,
3511 5813 3563 5853 ttt
