4016 6340
307 423 441 492 1493

1198 429 1273 490 ΙΝ
1310 433 1413 491 SS.
1452 431 1796 492 DEII’AIUE
1833 428 2548 494 PRAESENTATIONEM.

3343 420 3482 484 (49’s
3555 474 3567 492 ν.

298 559 391 600 σου
425 543 724 611 γεννήσεως
761 544 858 610 τὴν
897 543 1194 613 παρουσίαν
1219 544 1514 613 σημαίνων,
1544 546 1637 598 καὶ
1663 545 1753 596 τὸν
1782 543 1839 604 ἐξ

1964 559 2068 597 ιιιιε
2108 546 2392 596 adventum
2449 553 2731 605 ortumque
2791 534 2908 590 Filii
2969 539 3080 601 lui,’
3120 546 3174 590 et
3224 540 3484 604 populum

297 633 465 685 ἐθνῶν
495 632 624 684 λαὸν
660 633 835 708 καλῷν
865 636 942 694 είς
974 633 1340 702 προσκύνησιν
1374 636 1532 703 μέχρι
1589 635 1836 704 περάτων

297 722 399 789 τῆς
427 722 532 790 γῆς
558 737 572 752 ⁸
610 723 668 775 σὲ
692 724 784 775 καὶ
830 723 860 774 ὁ
889 721 1007 775 τῶν
1037 723 1357 792 ἐπιθυμιῶν
1409 726 1562 791 ἀνὴρ
1621 724 1843 790 Δανιὴλ

301 810 627 880 ἀνεκήρυξεν
655 812 776 880 ὅρος
809 812 968 879 μέγα,
993 814 1049 878 ἐξ
1074 808 1134 866 οὗ
1155 812 1384 882 Χριστὸς
1411 814 1439 866 ὁ
1459 815 1842 884 άκρογωνιαῖος

300 900 446 960 λίθος
472 901 933 969 ἀποτμηθήσεται.
968 903 1059 956 καὶ
1082 902 1176 972 τὴν
1205 903 1386 956 είκόνα
1417 903 1512 956 τοῦ
1578 903 1846 972 πολυμόρ-

301 1008 404 1057 (pou
427 991 599 1056 δφεως
623 989 796 1042 ὀλέσει
827 993 919 1044 καὶ
964 992 1282 1061 ὲκλικμήσει
1314 1007 1327 1023 ο
1358 993 1415 1044 σὲ
1467 993 1517 1043 οἱ
1563 995 1621 1044 ὲν
1677 993 1847 1044 Βαϐυ-

303 1076 432 1129 λῶνι
461 1081 608 1146 τρεῖς
637 1077 824 1139 παῖδες
863 1077 1031 1129 τύπον
1063 1079 1294 1146 ἔχοντες,
1330 1079 1536 1132 καὶτοῦ
1574 1079 1704 1131 Υίοῦ
1753 1095 1845 1130 σου

304 1173 403 1234 τὴν
433 1169 723 1236 ἐπιθυμίαν
761 1168 1205 1236 κατανοήσαντες,
1239 1169 1334 1236 τὴν
1363 1169 1584 1236 κάμινον
1609 1167 1704 1236 τὴν
1755 1167 1848 1218 ἐπ-

302 1255 617 1318 ταπλασίως
662 1255 951 1308 καυθείσαν
993 1255 1201 1323 διῆλθον
1228 1256 1626 1325 ἀϐλαϐεῖς,καί
1666 1256 1741 1317 ὡς
1791 1258 1850 1306 ἐν

306 1344 531 1414 θαλάμῳ
557 1344 834 1413 χαίροντες
886 1344 1043 1412 μέσον
1071 1345 1354 1412 ἐχόρευονο
1412 1346 1470 1397 σὲ
1545 1344 1852 1412 ’Λὸὅακοὺμ
1901 1355 1914 1368 ’

305 1434 519 1501 Θαιμάν
541 1434 659 1502 θρος
681 1433 948 1500 ὀνομάζει,
981 1432 1038 1494 ἐξ
1070 1427 1130 1485 οὗ
1166 1432 1422 1500 βασιλέως
1453 1431 1706 1503 σκῆπτρα
1725 1447 1854 1501 κρα-

308 1521 476 1584 ταιῶς
502 1522 876 1583 ἀνατέταλκεν,
908 1523 963 1573 ὲν
986 1515 1029 1588 ᾧ
1056 1519 1384 1590 σκηνώματα
1409 1521 1674 1573 Αἰθιόπων
1693 1537 1856 1588 πτοη-

313 1611 568 1680 θήσονται
616 1613 710 1663 καὶ
761 1612 954 1682 σκηναὶ
974 1613 1077 1679 γῆς
1119 1613 1365 1665 Μαδιάνο
1394 1613 1451 1663 σὲ
1509 1611 1711 1674 δοξάζω
1759 1611 1855 1679 τὴν

311 1702 570 1770 ἀμίαντον
603 1702 810 1770 ἀμνάδα
843 1718 856 1732 ·
917 1703 974 1754 σὲ
1022 1700 1174 1770 ὑμνῶ
1224 1702 1323 1769 τὴν
1367 1701 1810 1770 κεχαριτωμένην
1837 1717 1850 1731 ο

315 1790 373 1839 σὲ
403 1789 621 1856 ἀνυμνῶ
653 1789 751 1858 τὴν
777 1791 840 1842 ἐκ
872 1783 1062 1842 πασῶν
1086 1788 1192 1841 τῶν
1214 1779 1435 1856 γενεῶν
1457 1789 1856 1856 ἀναδειχθείσαν

1944 634 2178 701 gentium
2231 648 2426 684 vocans
2464 631 2527 683 ad
2569 631 2731 681 Deum
2757 625 3089 679 adorandum
3123 626 3246 676 inde
3309 641 3475 691 usque

1945 738 1974 774 a
2015 722 2208 774 linibus
2244 729 2434 783 terrae;
2466 727 2515 772 te
2547 719 2706 770 etiam
2746 715 2930 767 Daniel
2957 716 3031 766 vir
3049 713 3478 765 desideriorum”
3551 733 3554 738 -

1943 808 2294 875 proclamavit
2330 817 2558 858 montem
2588 806 2852 872 ingentem
2911 803 2976 864 ",
3013 817 3043 853 e
3092 813 3197 868 quo
3227 800 3475 852 Christus

1946 897 2080 962 lapis
2111 894 2382 961 angularis
2426 891 2790 952 abscindetur,
2821 900 2872 943 et
2913 888 3259 943 simulacrum
3297 887 3475 938 multi—

1949 984 2138 1038 ferinis
2199 983 2456 1050 serpentis
2506 981 2659 1034 ruina
2717 990 2875 1048 atque
2927 977 3089 1031 exitio
3159 974 3485 1044 dissipabit;

1949 1087 2000 1130 te
2055 1075 2205 1143 pueri
2264 1083 2370 1127 tres
2423 1072 2707 1140 Babylonis
2767 1069 2932 1138 ﬁgura
2983 1067 3384 1126 adumbrautcs,
3431 1074 3486 1116 ct

1948 1161 2393 1226 exsinectationrm
2427 1155 2543 1210 Filii
2571 1158 2644 1209 tui
2675 1159 2854 1209 animo
2880 1155 3072 1215 intuiti,
3112 1154 3378 1206 fornacem
3405 1168 3487 1206 se-

1951 1249 2123 1317 ptenis
2152 1249 2414 1301 incendiis
2444 1256 2653 1300 auctam
2709 1245 3153 1313 perambularunt
3199 1243 3372 1304 illmsi,
3435 1251 3488 1294 et

1953 1339 2004 1391 in
2054 1339 2228 1391 medio
2261 1339 2380 1403 igne
2409 1337 2561 1404 quasi
2613 1337 2665 1388 in
2700 1336 2937 1389 thalamo
2986 1334 3089 1387 heti
3139 1332 3436 1402 gestiebant
3471 1347 3485 1394 ;

1954 1437 2003 1481 te
2033 1426 2281 1480 llabacuc
2301 1425 2540 1479 Theman
2590 1435 2818 1478 montem
2853 1425 3081 1491 appellat
3141 1424 3208 1486 ",
3260 1439 3324 1475 ex
3383 1437 3491 1489 quo

1955 1515 2093 1584 regis
2121 1525 2330 1584 sceptra
2367 1523 2614 1585 potenter
2669 1525 2856 1568 exorta
2889 1523 3038 1572 sunt.
3081 1515 3133 1566 in
3167 1529 3274 1582 quo
3331 1513 3492 1580 trepi-

1955 1608 2168 1661 datione
2194 1607 2554 1675 percelluntur
2584 1606 2924 1660 tabernacula
2941 1605 3273 1673 Ethiopum,
3305 1615 3356 1658 et
3379 1613 3492 1658 ten-

1958 1697 2092 1750 toria
2121 1705 2278 1749 terra:
2307 1694 2539 1749 Madian.
2569 1695 2645 1748 Te
2676 1695 2880 1748 honoro
2910 1710 3102 1764 agnam
3166 1694 3478 1746 immacula-

1961 1795 2088 1850 tam,
2124 1797 2174 1841 te
2196 1788 2426 1856 praedico
2450 1789 2618 1857 gratia
2649 1788 2880 1857 plenam,
2921 1796 2972 1840 te
2997 1785 3158 1840 ellero
3207 1801 3237 1838 e
3290 1787 3494 1839 cunctis

310 1877 448 1930 Θεοῦ
473 1878 686 1948 νύμφην
714 1895 727 1908 °
761 1880 820 1930 σὲ
843 1879 1132 1948 ἀναμέλπω
1159 1879 1255 1949 τὴν
1310 1880 1426 1930 νέον
1453 1879 1675 1948 οὐρανὸν
1724 1878 1852 1944 μέλ-

1964 1879 2393 1947 generationibus
2419 1878 2753 1946 designatam
2791 1877 2881 1931 Dei
2913 1892 3193 1946 sponsam,
3231 1886 3304 1929 ιο·
3335 1891 3494 1938 cauo,

312 1969 509 2021 λουσαν
564 1969 986 2037 ἀναδειχθῆναι·
1036 1973 1092 2021 σε
1155 1969 1408 2037 προσάγω
1458 1967 1532 2030 ὼς
1576 1967 1854 2037 κειμήλιον

314 2058 547 2127 καθαρὴν
580 2059 634 2110 ὲν
662 2057 739 2126 τῷ
780 2058 890 2127 ναῷ
921 2057 1119 2126 Κυρίου
1147 2074 1158 2087 ·
1192 2058 1248 2109 σὲ
1281 2056 1565 2124 μεγαλύνω
1590 2055 1686 2126 τὴν
1729 2057 1852 2107 νέαν

311 2147 609 2216 διαθήκην,
650 2148 705 2198 ὲν
744 2141 884 2217 ᾗπερ
916 2148 943 2198 ὁ
985 2147 1225 2208 Μεσσίας
1269 2147 1498 2216 Χριστὸς
1545 2147 1854 2213 ἐγγραφεὶς,

313 2235 375 2288 τὸ
403 2235 501 2303 μὲν
535 2235 765 2304 γράμμα
799 2235 1135 2288 καταπαύσει
1189 2233 1282 2286 τοῦ
1313 2235 1496 2302 νόμον.
1527 2232 1626 2301 τῆς
1654 2230 1713 2285 δὲ
1759 2233 1853 2302 χά-

316 2319 474 2396 ριτος
518 2325 616 2393 τὴν
638 2325 825 2394 κλῆσιν
873 2323 1296 2394 ἕξανατεὶεῖάδιὰ
1323 2323 1416 2375 τοῦ
1445 2323 1816 2393 βαπτίσματος
1840 2338 1856 2353 ο

313 2417 408 2467 καὶ
449 2416 548 2484 τῆς
583 2417 678 2481 μὲν
733 2415 1033 2485 περιτομῆς
1082 2415 1178 2484 τὴν
1217 2415 1370 2466 σκιάν
1402 2415 1665 2484 διακόψει,
1696 2413 1860 2467 τοῦδὲ

315 2506 626 2576 Ιινεύματος
659 2507 755 2576 τὴν
787 2508 1087 2574 παρουσίαν
1119 2509 1228 2568 τοῖς
1255 2508 1311 2559 ὲν
1369 2509 1438 2576 γῇ
1493 2505 1857 2576 καταπέμψει.

389 2679 442 2732 I'.
475 2678 692 2741 Τούτοις
722 2681 832 2742 τοῖς
867 2679 1028 2750 ἱεροῖς
1055 2681 1228 2747 λόγοις
1261 2683 1288 2734 ὁ
1317 2683 1596 2752 προφήτης
1623 2681 1721 2751 τὴν
1742 2682 1864 2736 Μαι

318 2770 440 2838 ρίαν
472 2771 907 2838 κατακοσμήσας,
931 2771 1257 2834 ἀναϐιϐάσας
1285 2773 1451 2842 αὐτὴν
1480 2775 1556 2836 είς
1594 2773 1653 2826 τὸ
1680 2775 1864 2826 θυσια-

316 2857 557 2925 στήριον,
591 2857 778 2927 Κυρίῳ
812 2859 886 2928 τῷ
916 2859 1032 2928 Θεῷ
1069 2863 1350 2930 παρέθετο.
1384 2863 1544 2915 Ὅθεν
1593 2863 1641 2916 οι
1679 2867 1866 2935 γεννή-

315 2964 472 3016 τορες
507 2948 756 3018 Ἰωακεὶμ
804 2948 896 3002 καὶ
921 2953 1085 3005 ’Ἄννα
1133 2955 1188 3006 ὲν
1227 2956 1367 3024 χαρᾷ
1412 2956 1636 3026 καρδίας
1675 2960 1738 3009 ἐκ
1775 2958 1865 3010 τοῦ

316 3037 447 3090 ναοῦ
491 3039 852 3109 ὑπέστρεψαν,
897 3041 1259 3111 θαυμάζοντες
1310 3044 1409 3112 τῆς
1460 3046 1730 3114 Παρθένου
1772 3047 1867 3117 τὴν

320 3127 532 3180 σύνεσιν
578 3133 668 3183 καὶ
703 3131 763 3182 τὸ
794 3133 965 3201 πρᾶον
998 3134 1088 3186 καὶ
1121 3135 1298 3203 ῆπιον.
1341 3135 1649 3205 ’Υπερόἅσα
1691 3138 1868 3189 τοίνυν

322 3218 460 3287 αὓτη
487 3218 554 3271 τὰ
593 3220 699 3272 τῶν
727 3223 931 3290 νηπίων
959 3221 1314 3291 ψελλίσματα,
1358 3223 1434 3288 τῷ
1477 3225 1868 3293 παντοκράτορι

321 3310 631 3377 καταμόνας
662 3309 934 3380 ἐλάτρευε,
961 3313 1050 3364 καὶ
1071 3311 1272 3381 τροφὴν
1297 3313 1580 3383 οὐρανόθεν
1611 3314 1869 3384 δεχομένη

319 3400 390 3452 δι’
421 3401 649 3467 ἀγγέλου
690 3400 786 3470 τὴν
823 3402 930 3454 τῶν
965 3403 1262 3474 ἀνθρώπιον
1293 3404 1494 3474 βρῶσιν
1533 3405 1868 3471 ὲὸδελύξατο,

321 3490 420 3543 καὶ
447 3491 522 3560 τῷ
550 3492 658 3560 ναῷ
684 3493 1020 3562 καθεκάστην
1042 3497 1488 3565 προσεδρεύουσα,
1524 3497 1584 3548 τὸ
1615 3498 1871 3566 κοσμικὸν

326 3582 509 3650 σχῆμα
531 3583 604 3644 ὼς
629 3583 864 3653 ἀράχνης
889 3586 1030 3637 ίστὸν
1054 3586 1326 3652 ἐλογίσατο
1339 3604 1356 3643 ,·
1385 3589 1478 3640 καὶ
1506 3588 1596 3638 τοῦ
1625 3588 1870 3654 οὐρανίου

321 3670 482 3722 ὖλὸου
525 3672 872 3740 ὲπιτυχοῦσα,
904 3673 994 3726 τὸν
1040 3675 1275 3741 ἐπίγειον
1306 3675 1530 3728 πλοῦτον
1567 3678 1867 3746 ἠρνήσατοο

326 3762 421 3813 καὶ
459 3762 631 3830 χαράν
656 3763 754 3831 τὴν
793 3762 900 3815 τῶν
923 3764 1164 3832 ἀγγέλων
1195 3765 1535 3835 καθεκάστην
1577 3765 1870 3836 θεωροῦσα,

321 3848 434 3900 τῶν
465 3847 556 3901 τοῦ
589 3849 701 3917 βίου
744 3850 1034 3918 φροντίδων
1080 3852 1323 3921 ἀνωτέρα
1367 3854 1653 3915 ἐδείκνυτο,
1696 3857 1874 3909 καὶτὸ

327 3937 551 4007 Πνεῦμα
573 3939 633 3991 τὸ
654 3938 805 4005 ἆγιον
828 3940 1066 4002 ἀεννάως
1087 3941 1287 4009 ὁρῶσα,
1319 3941 1423 3996 τῶν
1449 3942 1695 4013 πονηρῶν
1719 3960 1876 3997 πνευ-

318 4029 515 4096 μάτων
543 4029 638 4091 τὰς
670 4031 952 4096 φάλαγγας
986 4031 1230 4100 ἀοράτως
1261 4033 1556 4103 ἀπήλαυνε.

401 4119 497 4173 IA'.
532 4119 596 4173 Τί
621 4120 728 4191 γὰρ
751 4122 1011 4191 ἔπραττεν
1038 4125 1070 4189 ἡ
1097 4122 1365 4191 Παρθένος
1390 4126 1467 4187 είς
1492 4124 1560 4178 τὰ
1587 4125 1747 4192 ’Ἅγια
1770 4127 1870 4180 τῶν

329 4209 500 4275 ἁγίων
528 4210 913 4280 περιπολοῦσας
942 4210 1154 4281 Τροφὴν
1174 4213 1418 4279 ἀγγέλων
1441 4214 1508 4266 δι’
1530 4215 1755 4282 ἀγγέλου
1769 4219 1877 4268 εισ-

330 4297 572 4368 εδέχετο·
601 4302 693 4351 καὶ
729 4301 803 4363 ὡς
832 4300 1124 4371 περιστερά
1171 4301 1402 4370 ἀκεραία
1441 4303 1539 4372 τὴν
1583 4304 1876 4373 παρθενίαν

329 4388 591 4457 τηροῦσα,
621 4390 710 4444 τὸν
740 4390 835 4443 τοῦ
863 4391 991 4445 ναοῦ
1021 4394 1132 4446 ’καὶ
1162 4393 1390 4463 ούρανοῦ
1432 4395 1523 4447 καὶ
1558 4396 1660 4464 γῆς
1705 4398 1875 4464 Δημι-

1955 1982 2076 2036 quae
2108 1984 2231 2020 mox
2264 1982 2460 2020 novum
2515 1967 2719 2021 ccelum
2753 1968 3100 2036 cognosceris
3132 1984 3146 2032 ;
3179 1976 3230 2020 te
3287 1966 3497 2020 adduco

1957 2066 2210 2125 tanquam
2257 2057 2567 2110 thesaurum
2619 2057 3069 2124 prcliosiSsimum
3133 2057 3184 2108 in
3242 2055 3496 2122 templum

1960 2145 2207 2212 Domini;
2251 2155 2302 2199 te
2329 2147 2525 2200 extollo
2567 2145 2774 2200 Novum
2806 2143 3232 2208 Testamentum,
3285 2147 3335 2197 in
3389 2161 3498 2214 qun

1956 2236 2181 2292 Messias
2206 2239 2453 2293 Christus
2478 2238 2791 2306 inscriptus,
2825 2239 2948 2291 hinc
3002 2237 3191 2290 litterae
3245 2237 3496 2305 legalium

1959 2328 2117 2382 linem
2149 2329 2402 2397 imponet,
2442 2329 2564 2382 inde
2598 2327 2896 2382 vocationis
2927 2328 3111 2396 gratia:
3148 2327 3357 2380 initium
3417 2326 3498 2379 l'a-

1957 2418 2081 2481 ciet,
2115 2432 2209 2486 per
2240 2417 2560 2485 baptismum
2587 2433 2602 2480 ;
2627 2417 2751 2468 hinc
2782 2415 3024 2467 umbram
3061 2423 3368 2482 perrumpet
3389 2413 3493 2464 eir-

1958 2509 2327 2572 cumcisionis,
2355 2510 2478 2563 inde
2525 2507 2863 2578 praesentiain
2925 2505 3164 2575 Spiritus
3213 2504 3500 2572 terrigenis

1959 2603 2242 2657 desursum
2277 2601 2552 2671 largietur.

2030 2692 2096 2745 Χ.
2133 2694 2419 2761 Postquam
2458 2693 2715 2760 propheta
2747 2689 3105 2745 sanctissimis
3146 2688 3296 2741 hisce
3327 2686 3504 2740 laudi-

1962 2784 2061 2838 bus
2089 2782 2308 2837 Mariam
2341 2783 2650 2840 cumulavit.
2674 2797 2790 2836 eam
2817 2782 2881 2835 ad
2907 2795 3149 2835 summos
3178 2777 3361 2832 altaris
3383 2791 3506 2846 gra-

1962 2876 2063 2929 dus
2115 2875 2396 2929 deductam
2453 2875 2679 2927 Domino
2731 2873 2837 2927 Deo
2887 2871 3098 2926 obtulit.
3146 2868 3504 2934 Quamobrem

1965 2968 2232 3035 genitores
2263 2966 2574 3038 Joachiinus
2603 2974 2656 3019 et
2689 2966 2845 3018 Anna
2895 2964 3014 3017 lano
3044 2961 3225 3014 animo
3249 2973 3282 3013 e
3313 2958 3507 3026 templo

1942 3051 2367 3128 'reg'ressi'sunt,
2402 3057 2637 3126 Virginis
2673 3055 3074 3124 intelligentiam
3109 3065 3162 3107 et
3197 3059 3510 3106 mansuetu-

1969 3151 2145 3203 dinem
2179 3159 2232 3205 et
2262 3149 2641 3218 benignitatem
2675 3149 3022 3202 admirantes.
3070 3144 3188 3214 Ipsa
3227 3157 3386 3213 porro
3429 3141 3510 3192 iu-

1972 3239 2194 3293 l‘antium
2244 3250 2616 3310 praetergressa
2663 3239 2976 3300 balbutiem,
3009 3236 3217 3290 colebat
3251 3232 3511 3300 Omnipo-

1973 3340 2191 3395 tentcm,
2217 3339 2271 3385 et
2300 3329 2682 3384 nutrimentum
2729 3345 2758 3383 e
2788 3329 2924 3382 caelo
2954 3342 3048 3395 per
3087 3324 3331 3393 angelum
3368 3323 3513 3376 acci-

1971 3423 2122 3491 piens
2174 3421 2524 3474 aversabatur
2567 3420 2839 3489 vulgarem
2881 3419 3085 3480 cibum,
3119 3425 3174 3470 et
3221 3415 3274 3467 in
3317 3415 3515 3482 templo

1972 3511 2211 3581 quOtidie
2244 3512 2457 3566 assidua
2509 3526 2594 3565 res
2630 3511 2813 3564 numdi
2859 3509 3091 3563 caducas
3133 3506 3278 3560 velut
3331 3505 3515 3558 aranei

1972 3603 2132 3656 telam
2185 3602 2483 3670 reputabat,
2538 3608 2591 3653 et
2637 3600 2756 3654 εαξιί
2804 3615 2932 3668 opes
2980 3607 3224 3652 assecuta
3277 3606 3517 3651 terrenas

1973 3691 2183 3746 divitias
2212 3691 2516 3760 respuebat,
2551 3699 2603 3743 et
2628 3691 2883 3760 gaudium
2920 3690 3235 3758 angelorum
3269 3688 3515 3755 quotidie

1977 3784 2377 3850 contemplans,
2442 3780 2602 3850 hujus
2670 3780 2793 3834 vitae
2863 3778 3007 3833 curis
3063 3779 3394 3847 superiorem
3459 3792 3516 3829 se

1976 3871 2331 3934 monstrabat,
2385 3880 2438 3922 et
2488 3880 2732 3922 sanctum
2799 3867 3060 3936 Spiritum
3122 3877 3376 3935 perpetuo
3434 3867 3516 3918 iu~

1980 3965 2151 4019 luens,
2183 3955 2446 4009 malorum
2475 3955 2760 4023 spirituum
2794 3954 3004 4024 agmina
3045 3953 3384 4008 invisibiliter
3409 3955 3520 4009 uis-

1973 4034 2210 4114 jic'iebat.

2045 4137 2134 4190 Xl.
2167 4137 2306 4202 Quid
2337 4138 2478 4191 enim
2512 4137 2699 4207 agebat
2733 4135 2893 4206 Virgo
2929 4139 3126 4206 degens
3160 4137 3212 4190 in
3243 4136 3523 4192 sanctissi-

1917 4275 1923 4281 .
1978 4229 2080 4282 mis
2112 4229 2293 4297 templi
2317 4228 2533 4299 adytis?
2562 4230 2883 4298 Angelorum
2909 4231 3086 4284 cibum
3117 4231 3186 4284 ab
3213 4231 3402 4300 angelo
3432 4246 3522 4285 ac-

1980 4321 2232 4389 cipiebat,
2257 4329 2311 4374 et
2335 4320 2693 4375 immaculaue
2723 4321 2982 4376 columbae
3013 4322 3207 4376 similis
3235 4323 3524 4393 virginita-

1982 4421 2087 4465 tem
2138 4425 2382 4474 servans,
2424 4412 2606 4480 templi
2655 4419 2708 4465 et
2752 4413 2882 4466 coeli-
2927 4421 3191 4482 terraaque
3241 4413 3417 4482 opiﬁci
3449 4408 3550 4482 (5')-

328 4479 525 4575 ουργδν
556 4481 669 4551 μετ’
693 4483 1040 4553 εὐχαριστίας
1076 4487 1132 4537 ὲν
1161 4485 1440 4556 παρρησίᾳ
1467 4487 1690 4556 καρδίας
1723 4487 1864 4542 λιτοι⁴

1979 4521 2102 4559 cum
2138 4507 2428 4575 gratiarum
2464 4507 2673 4560 actione
2703 4517 2756 4560 et
2781 4507 3101 4562 cﬂ‘usissimo
3127 4508 3294 4562 animi
3332 4508 3523 4561 all‘ectu

330 4566 580 4632 νεύουσα,
625 4570 845 4639 ἔλεγενο
906 4573 1052 4642 ’ᾼσω
1100 4591 1202 4639 σοι,
1251 4577 1622 4646 παντόκρατορ
1667 4577 1874 4648 ὖψιστε,

329 4656 415 4708 ὅτι
443 4658 658 4725 ἀφεῖλες
677 4662 766 4712 τὸν
785 4661 1078 4731 ὀνειδισμὸν
1103 4667 1200 4732 τῆς
1223 4667 1563 4735 προμήτορός
1587 4684 1688 4736 μου
1713 4668 1874 4733 Εὔαςο

332 4749 428 4800 καὶ
459 4749 544 4802 διά
583 4751 681 4820 τὴν
709 4752 806 4822 σὴν
835 4753 1036 4822 ἄφατον
1064 4740 1458 4824 εύσπλαγχνίαν
1497 4759 1585 4811 τὸν
1618 4763 1876 4832 μονογενῆ

336 4854 432 4890 σου
463 4839 584 4892 Υίὸν
613 4841 823 4909 μέλλεις
850 4844 1199 4916 καταπέμψαι
1221 4848 1310 4898 ἐπὶ
1340 4848 1460 4915 γῆς,
1492 4848 1629 4902 ὥστε
1651 4855 1761 4915 τοῖς
1783 4855 1876 4906 ἀν-

335 4931 572 5000 θρώποις
607 4938 1141 5008 συναναστραφῆναι·
1176 4939 1254 4991 διὸ
1278 4943 1687 5012 κατοικητήριον
1721 4947 1882 4999 αὐτοῦ

333 5023 632 5093 γενήσομαι
663 5024 896 5094 καθαρὸν
926 5032 1018 5080 καὶ
1048 5031 1326 5098 ἀμίαντον.

405 5112 588 5170 Ὅπου
621 5117 727 5185 γὰρ
752 5119 788 5184 ἡ
815 5117 1061 5185 ἁμαρτία
1088 5121 1478 5186 ἐπλεόνασεν,
1507 5126 1886 5194 ὑπερεπερίσ-

330 5218 561 5257 σευσεν
589 5206 628 5272 ἡ
661 5207 848 5275 χάρις.
880 5210 975 5261 Διά
1009 5211 1259 5276 γυναικὸς
1297 5214 1386 5264 τὸν
1413 5215 1635 5267 θάνατον
1663 5217 1886 5285 έκερδή-

330 5309 537 5359 σαμεν*
571 5295 660 5348 διὰ
685 5301 938 5362 γυναικὸς
977 5300 1133 5352 πάλιν
1165 5303 1496 5354 ἀνακαινίσει
1531 5306 1595 5356 τά
1631 5305 1880 5374 σύμπαν-

326 5400 402 5435 τα
425 5397 441 5410 ³
471 5383 556 5437 διὰ
587 5385 680 5438 τοῦ
707 5388 880 5454 ὄφεως
920 5390 1018 5459 τῆς
1064 5394 1262 5461 πικρᾶς
1301 5393 1538 5458 γεύσεως
1587 5396 1878 5466 δεδέγμεθα

326 5471 660 5544 τὴνιβρῶσιν
684 5495 697 5506 '
732 5479 798 5531 δι’
824 5480 985 5533 αὐτοῦ
1009 5482 1062 5533 δὲ
1084 5484 1243 5537 πάλιν
1270 5484 1368 5552 τὴν
1398 5483 1595 5554 βρῶσιν
1624 5487 1722 5554 τῆς
1747 5486 1880 5540 ἀθα-

360 5616 410 5646 ιι
446 5613 578 5668 Dan.
627 5588 680 5677 ii,
721 5616 804 5670 ιι.

403 5817 500 5894 (5')
528 5820 716 5877 l‘extus
759 5821 844 5878 hic
876 5823 1166 5880 mendosus
1198 5823 1424 5880 videtur.

1981 4597 2055 4648 ita
2086 4597 2416 4664 supplicabat
2444 4613 2455 4647 :
2493 4596 2744 4650 Laudabo
2772 4607 2840 4661 te,
2868 4598 3208 4663 omnipotens
3230 4598 3524 4662 Altissimc,

1982 4687 2076 4754 qui
2125 4687 2308 4752 prima:
2360 4687 2632 4754 genitricis
2676 4701 2806 4739 mea:
2848 4685 2969 4742 Evze
3015 4687 3285 4742 abstulisti
3333 4692 3530 4758 'oppro-

1982 4774 2181 4837 brium,
2209 4784 2262 4828 et
2297 4785 2511 4844 propter
2552 4776 2868 4831 inell‘abilem
2903 4777 3332 4833 misericordiam
3381 4789 3528 4834 tuam

1990 4865 2256 4919 missurus
2283 4881 2341 4919 es
2371 4866 2424 4918 in
2457 4877 2652 4920 terram
2683 4866 2872 4920 Filium
2897 4876 3046 4922 tuum
3078 4871 3434 4940 unigenitum,
3472 4879 3529 4924 ut

1984 4969 2106 5009 cum
2133 4957 2439 5010 hominibus
2460 4968 2828 5012 conversetur.
2857 4958 3038 5024 Quare
3071 4960 3328 5014 habitatio
3359 4963 3529 5031 ipsius

1986 5048 2108 5100 liam
2140 5062 2272 5115 pura
2303 5059 2356 5100 et
2386 5049 2748 5103 immaculata.

2057 5134 2124 5188 Et
2156 5151 2304 5198 sane,
2335 5136 2430 5210 ubi.
2475 5137 2757 5192 abundavit
2784 5141 3053 5206 delictum,
3093 5141 3531 5209 superabundavit

1987 5226 2159 5292 gratia
2189 5226 2255 5280 ".
2288 5227 2390 5280 Per
2422 5229 2699 5283 mulierem
2731 5242 2954 5286 mortem
2983 5233 3171 5286 lucrati
3199 5248 3407 5296 sumus,
3442 5247 3532 5297 ιιι-ι·

1987 5312 2262 5366 mulierem
2322 5315 2571 5371 universa
2620 5318 2732 5386 ipse
2781 5334 2971 5374 rursus
3021 5319 3338 5374 instaurabit
3383 5337 3394 5370 :
3439 5335 3532 5387 pvr

1986 5410 2289 5469 serpentem
2344 5405 2522 5458 cibum
2582 5407 2889 5475 accepimus
2942 5408 3110 5461 amari
3158 5405 3385 5470 saporis,
3439 5421 3530 5474 per

1987 5490 2161 5558 ipsum
2192 5507 2318 5546 vero
2359 5510 2572 5549 rursum
2618 5511 2900 5552 vescemur
2938 5498 3060 5551 cibo
3090 5497 3527 5550 immortalitatis.

577 5685 587 5694 .
626 5619 818 5698 ξν-υὸ
913 5622 957 5650 ³⁸
1005 5619 1489 5698 ᾖῠίιῖηι-ιηῖιλιβξί..
1553 5619 1597 5698 ’.⁷
1626 5620 1774 5698 Quod
1812 5619 2080 5698 _Vttlgattls
2115 5624 2407 5698 “interpres
2439 5625 2660 5698 (liabuc.
2715 5645 2794 5696 nt,
2835 5630 2888 5696 5)
2948 5629 3122 5695 habet,
3159 5627 3292 5680 Dens
3328 5628 3388 5680 ab
3422 5628 3531 5681 Au.-

326 5695 446 5742 uro
478 5685 659 5749 veniet,
687 5684 823 5738 LXX
881 5688 1054 5743 versio
1081 5688 1307 5742 reddidit
1351 5692 1378 5740 ό
1405 5689 1531 5751 Θεὸς
1569 5689 1629 5740 ὲκ
1657 5688 1865 5765 Θαιμάν
1892 5690 2009 5758 ἣξει

2111 5694 2151 5723 ²¹⁸
2187 5693 2339 5751 ιὶοιιι.
2369 5712 2418 5760 ν,
2447 5693 2534 5750 ‘20.
