4054 6204
330 291 431 354 577

1214 358 1223 365 _
1321 293 1384 357 S.
1429 291 1803 354 GREGORII
1847 293 2357 356 AGRIGENTINI
2409 298 2600 359 VITA.

3480 299 3584 364 578

329 393 641 465 επίσκοπον,
669 396 854 454 λοιπὸν
880 400 936 454 δὲ
970 402 1064 456 καὶ
1091 401 1180 456 τὸν
1196 402 1497 476 Γρηγόριον
1527 421 1540 434 ·
1573 405 1702 476 ὃλην
1723 405 1783 458 δὲ
1807 405 1891 478 τὴη

2011 408 2335 485 quibuscum
2378 411 2425 465 is
2454 422 2671 466 noctem
2707 413 2887 482 exegit
2922 419 3091 467 totum
3124 411 3437 483 vigilando;
3489 410 3586 464 lle-

325 498 501 543 νῡκτα
524 491 644 560 μετ’
696 489 880 544 αὐτῶν
913 486 982 563 ἦν
1029 490 1059 542 6
1096 493 1399 564 Γρηγόριος
1431 493 1662 560 ἄϋπνος,
1696 496 1902 550 κλαίων

321 585 425 634 καὶ
451 578 712 650 δεόμενος
750 581 954 648 αὐτῶν,
984 584 1134 646 ὅπως
1165 584 1458 650 ἁνενδότως
1491 586 1740 658 εὔχονται
1763 586 1904 659 ὑπὲρ

319 670 494 724 αὐτοῦ
515 687 530 700 ·
557 671 646 724 ἵνα
663 671 845 736 καλῶς
876 672 1102 747 διανύσῃ
1116 675 1207 728 τὸν
1237 674 1438 746 δρόμον
1463 678 1564 748 τῆς
1589 670 1902 748 μετανοίας,

323 762 424 814 καὶ
436 761 644 832 ἀξιωθῇ
660 763 758 832 τῆς
777 763 995 834 μερίδος
1011 765 1194 818 αὐτῶν
1217 766 1515 838 εὖρηθῆναι
1531 769 1589 822 ὲν
1609 773 1675 840 τῇ
1695 769 1904 840 φοϐερᾷ

309 851 511 924 ἡμέρᾳ
527 851 621 906 τοῦ
651 855 858 926 Κυρίου
891 855 1067 927 Ἰησοῦ
1083 858 1342 927 Χριστοῦ.
1359 859 1666 930 Γενομένης
1679 861 1738 915 δὲ
1763 861 1904 932 ἡμέ-

325 960 449 1012 ρας,
481 939 646 1015 ἦλθον
676 945 812 1016 πρὸς
845 945 936 999 τόν
967 947 1270 1015 ἁγιώτατον
1298 951 1734 1022 ἀρχιεπίσκοπον
1781 954 1904 1006 Μα-

327 1034 541 1107 κάριον,
573 1036 668 1088 καὶ
691 1035 873 1092 πεσὼν
904 1040 1059 1110 παρὰ
1090 1041 1218 1106 τοὺς
1247 1043 1415 1108 πόδας
1443 1043 1670 1098 αὺτοῦ-ό
1728 1045 1905 1110 ἀϐὗᾶς

325 1125 578 1194 Μάρκος,
639 1124 788 1195 λέγει
849 1128 1037 1200 αὐτῷ·
1075 1129 1243 1198 Εὗξαι
1287 1133 1430 1204 ὑπὲρ
1483 1133 1660 1202 ήμῶν,
1720 1135 1904 1204 Πάτερ

324 1213 474 1282 ἅγιε,
503 1215 602 1268 καὶ
635 1217 959 1273 ἀπόστειλον
989 1221 1138 1291 ἡμᾶς
1165 1221 1262 1276 τοῦ
1311 1224 1644 1296 πορευθῆναι
1696 1225 1777 1288 είς
1841 1223 1904 1278 τὸ

321 1305 567 1359 δουλικόν
597 1323 692 1360 σου
719 1309 930 1364 κελλίον
957 1312 1138 1382 ἡμῶν.
1174 1313 1234 1367 Ὁ
1275 1313 1333 1367 δὲ
1362 1312 1517 1384 ἅγιος
1549 1314 1902 1386 ἀρχιεπίσκο-

323 1413 430 1460 πος
457 1397 748 1470 Μακάριος
790 1401 1001 1466 ἐπιθεὶς
1037 1403 1119 1456 ἐνὶ
1150 1404 1366 1476 ἑκάστῳ
1403 1406 1582 1458 αὐτῶν
1619 1407 1718 1476 τὴν
1743 1408 1902 1476 χεῖρα

321 1489 421 1541 καὶ
457 1487 598 1558 ἄρας
621 1489 749 1554 τοὺς
783 1490 1103 1564 ὀφθαλμοὺς
1132 1495 1298 1548 αὑτοῦ
1323 1497 1402 1558 είς
1423 1495 1516 1549 τὸν
1547 1497 1778 1566 οὐρανὸν
1827 1492 1906 1550 εί-

321 1592 428 1632 πσν
452 1592 470 1609 ⁸
519 1577 580 1632 Ὀ
615 1579 748 1644 Θεὸς
771 1581 802 1633 6
829 1584 1066 1653 ποιήσας
1092 1583 1184 1637 τὸν
1221 1585 1472 1656 ούρανὸν,
1507 1585 1605 1640 καὶ
1641 1585 1741 1656 τὴν
1773 1579 1900 1656 γῆν,

319 1669 421 1722 καὶ
442 1669 542 1741 τὴν
587 1671 882 1741 Θάλασσαν,
915 1677 1010 1730 καὶ
1061 1677 1237 1732 πάντα
1291 1680 1584 1747 ὲναύτοτς,
1630 1682 1660 1734 6
1698 1681 1901 1734 -πόιντα

319 1763 686 1849 ἔπιστᾴμενος
705 1750 847 1834 ’πρὶν
891 1769 1164 1838 γενέσεως
1195 1771 1396 1837 αὐτῶν,
1427 1771 1592 1834 αὐτὸς
1637 1771 1902 1849 διάσωσον

319 1855 418 1908 καὶ
439 1847 563 1919 τοὺς
593 1858 817 1923 σούλους
841 1876 936 1915 σου
988 1861 1212 1928 τούτους
1246 1880 1262 1896 -
1308 1864 1358 1918 οἳ
1416 1864 1512 1918 καὶ
1558 1863 1649 1916 διὰ
1704 1847 1770 1918 τό
1814 1865 1906 1919 σὺν

318 1946 481 2014 ἅγιον
505 1948 674 2019 ὄνομα
709 1953 1076 2024 παρεγένοντο
1104 1954 1342 2008 ἐνταῦθα
1365 1955 1460 2008 τοῦ
1497 1954 1626 2008 ίδετν
1659 1956 1755 2008 καὶ
1807 1971 1905 2008 πε-

320 2038 687 2106 ριπτύξασθαι
721 2045 848 2108 τοὺς
877 2045 1068 2113 ἁγίους
1096 2046 1303 2110 τόπους
1334 2046 1582 2110 τούτους,
1619 2047 1676 2100 ὲν
1708 2041 1789 2109 οἷς
1833 2047 1904 2100 τὰ

320 2129 470 2202 ῦπὶρ
503 2133 662 2202 ήμῶν
686 2133 853 2200 ἐδέξω
884 2136 1016 2205 ἅγια
1056 2138 1358 2210 παθήματα
1385 2153 1402 2170 ⁶
1433 2139 1492 2192 οὗ
1529 2139 1690 2210 μόνον
1735 2139 1791 2193 δὲ
1820 2140 1902 2202 είς

311 2221 483 2277 τοῦτο
510 2225 714 2291 κόπους
743 2228 1157 2298 ὑπομείναντες,
1194 2231 1334 2286 ἀλλὰ
1365 2233 1461 2284 καὶ
1496 2231 1710 2303 καρπὸν
1753 2231 1902 2296 ἄξιον

319 2314 554 2382 ἄγοντες
583 2316 682 2387 τῆς
719 2319 1037 2388 μετανοίας,
1098 2320 1178 2392 τῷ
1203 2319 1284 2392 σῷ
1345 2323 1535 2394 κράτει
1577 2323 1670 2376 καὶ
1721 2321 1898 2395 Ἰησοῦ

305 2405 561 2478 ’Χριστοῦ
582 2409 1117 2480 εὐπροσενέγκαντες
1143 2414 1235 2468 τὸν
1255 2413 1440 2468 δοῦλόν
1463 2433 1556 2470 σου
1576 2415 1780 2483 τοῦτον,
1809 2415 1900 2470 τὸν

321 2502 830 2574 συμπαρεστηκότα
863 2503 962 2557 σὺν
979 2505 1110 2574 ἡμῖν
1143 2505 1376 2560 ἐνώπιόν
1404 2523 1497 2562 σου
1521 2523 1538 2540 σ
1571 2508 1667 2563 καὶ
1697 2508 1786 2572 δὸς
1804 2509 1900 2562 αὺ-

317 2591 436 2654 τοτς
469 2592 528 2644 ιν
549 2593 742 2666 είρήνῃ
774 2595 1128 2668 πορευθῆναι,
1165 2598 1310 2653 κατὰ
1333 2599 1397 2653 τὸ
1436 2599 1528 2655 σὺν
1577 2601 1896 2672 εὐάρεστον,

313 2681 401 2736 δτι
431 2683 587 2752 ἅγιος
611 2681 662 2739 εί
688 2686 769 2752 είς
796 2689 925 2752 τοὺς
945 2674 1155 2754 αἰῶνας
1183 2690 1295 2746 τῶν
1326 2689 1558 2748 αἰώνων.
1591 2695 1700 2748 Καὶ
1759 2693 1898 2747 πάν-

309 2790 428 2828 των
469 2775 643 2848 ’Λμὴν
664 2779 1088 2852 ἀποκριθέντων,
1124 2783 1513 2854 ἀσπασάμενος
1540 2784 1632 2838 τόν
1654 2801 1712 2839 τε
1742 2785 1893 2858 Μάρ-

311 2883 414 2923 κον
441 2868 536 2924 καὶ
562 2869 890 2942 Σεραπίωνα
921 2871 1015 2926 καὶ
1043 2874 1294 2930 Λεόντιον
1322 2873 1401 2946 τῷ
1433 2875 1572 2947 ἁγίῳ
1621 2875 1892 2949 φιλήματι

311 2956 609 3016 ἀπέλυσεν.

1894 3075 1966 3136 ἀ

313 3135 928 3212 ΙΠ⁹.ΕῐταόΓρητόριος
989 3142 1302 3218 είσδραμὼν
1353 3147 1660 3220 ἐκράτησεν
1708 3149 1892 3204 αὐτῶν

300 3225 442 3288 τοὺς
468 3225 634 3292 πόδας
662 3227 864 3285 κλαίων
891 3231 988 3286 καὶ
1015 3231 1192 3302 λέγων
1217 3250 1231 3264 ·
1277 3235 1569 3308 Ἐλεήσατε
1606 3238 1752 3308 κάμδ
1783 3237 1889 3294 ’τὸν

307 3316 638 3388 ἁμαρτωλὸν
666 3321 762 3374 καὶ
789 3323 1062 3380 ταπεινόν.
1099 3325 1166 3378 Τί
1219 3327 1472 3400 nothum;
1534 3329 1688 3384 αὐτοὶ
1725 3331 1888 3401 γεγό-

307 3423 440 3461 νατε
479 3409 621 3479 μετὰ
647 3411 782 3468 Θεὸν
811 3413 1061 3484 πρόξενοι
1099 3416 1204 3488 τῆς
1259 3419 1401 3490 ἐμῆς
1437 3423 1714 3495 σωτηρίας
1750 3439 1764 3454 ο
1818 3424 1886 3478 δι’

309 3500 471 3568 ὓμῶν
493 3501 780 3574 ἐδιδάχθην
801 3505 872 3560 τὰ
900 3505 1148 3578 σύμϐολα
1181 3510 1279 3581 τῆς
1335 3512 1548 3584 ἀγαθῆς
1586 3497 1894 3584 πολιτείας,

301 3595 360 3645 εί
389 3594 486 3648 καὶ
516 3594 618 3647 οὐκ
655 3595 828 3667 ἰσχύω
865 3599 1098 3668 φυλάξαι
1129 3616 1142 3632 ο
1192 3603 1348 3657 αὐτοὶ
1379 3603 1468 3658 τὸν
1521 3607 1655 3676 ἐμὸν
1719 3609 1876 3680 ἐπληι

311 3685 522 3754 ρώσατε
552 3685 736 3753 πόθον,
778 3690 875 3744 καὶ
901 3690 1238 3762 πλανόμενον
1258 3695 1510 3768 εὑρόντες
1539 3699 1884 3758 ἁνεστώσατε

307 3775 419 3829 ἀπὸ
452 3775 647 3832 πολλοῦ
680 3779 951 3846 κλύδωνος
977 3784 1056 3849 είς
1091 3784 1286 3856 λιμένα
1303 3785 1498 3844 εὖδιον.
1531 3790 1598 3844 Τί
1626 3793 1878 3863 ποιήσως

303 3866 427 3931 πῶς
451 3868 610 3938 ὑμῶν
641 3873 918 3943 χωρισθῶ,
948 3876 1158 3946 Πάτρες
1179 3877 1274 3931 καὶ
1321 3877 1580 3948 ἁδελφοίς
1645 3883 1750 3937 ποῦ
1814 3901 1882 3954 με

303 3960 672 4028 παρατίθεσθε
704 3963 859 4034 ὑμῶν
896 3968 1284 4040 πορευομένων
1306 4012 1321 4035 ,
1341 3971 1524 4043 κύριοί
1577 3991 1716 4044 μου;
1751 3973 1882 4031 Εἶτα

305 4051 448 4117 μετά
477 4051 651 4106 ταῦτα
679 4053 827 4123 λέγει
858 4057 1008 4128 αὓτῷ
1045 4061 1074 4114 6
1101 4061 1276 4127 ἀΰσας
1305 4081 1322 4094 υ
1353 4063 1446 4135 Μὴ
1471 4065 1645 4131 οὕτως
1683 4065 1882 4124 ἀπολο-

304 4141 753 4210 φύρου,τέκνονο
808 4150 1232 4222 παρατιθέμεθά
1283 4171 1344 4210 σε
1404 4157 1484 4221 εἰς
1545 4158 1638 4212 τὸν
1673 4160 1880 4233 Κύριον

315 4233 522 4302 Ἰησοῦν
545 4237 780 4308 Χριστὸν
809 4241 902 4294 τδν
938 4242 1064 4298 rem
1095 4244 1191 4298 τοῦ
1227 4245 1364 4302 Θεοῦ
1393 4249 1492 4304 τοῦ
1543 4249 1773 4318 ζῶντος,
1817 4254 1878 4309 δν

297 4324 498 4394 ᾑρήσω
525 4327 590 4380 ἐκ
621 4329 874 4385 παιδόθεν
911 4350 1028 4400 σου,
1080 4335 1172 4390 τὸν
1209 4337 1522 4396 καλέσαντά
1574 4359 1634 4398 σε
1687 4343 1880 4412 κλήσει

301 4414 458 4487 ἁγίᾳ,
485 4417 561 4480 ὡς
600 4419 732 4475 ποτὶ
753 4421 844 4476 τὸν
875 4426 1162 4498 προφήτην
1191 4427 1447 4504 Σαμουὴλ
1478 4433 1572 4486 ἐπὶ
1599 4433 1696 4488 τοῦ
1735 4435 1880 4504 Ἠλὶ,

300 4506 401 4561 καὶ
426 4508 762 4598 συναριθμον
791 4512 986 4584 ἔχοντα
1021 4517 1116 4572 τοῦ
1147 4519 1312 4590 χοροῦ
1341 4521 1454 4576 τῶν
1509 4523 1686 4594 ἁγίων
1746 4544 1886 4598 προο

300 4597 512 4665 φητῶν,
543 4597 733 4656 λοιπὸν
781 4602 839 4656 δὲ
905 4604 1003 4659 καὶ
1061 4608 1142 4671 είς
1187 4609 1281 4664 τὸν
1341 4611 1522 4666 κοινὸν
1580 4615 1738 4686 ἡμῶν
1791 4619 1886 4674 καὶ

299 4691 676 4760 πνευματικὸν
701 4693 859 4764 ἡμῶν
883 4698 1102 4768 Πατέρα
1130 4701 1224 4757 τδν
1271 4703 1430 4780 ἅγιον
1474 4706 1762 4779 Μακάριον
1791 4709 1884 4767 τὸν

296 4783 750 4875 αρχ-ιεπίσκοπον,
782 4788 872 4841 τὸν
904 4789 1096 4861 ἔχοντα
1120 4793 1395 4866 διοικῆσαι
1423 4797 1493 4851 τὰ
1514 4799 1657 4854 κατὰ
1694 4799 1752 4854 σὲ
1779 4803 1880 4875 οἴῳ

298 4870 491 4962 βούλῃ,
514 4873 702 4946 τρόπῳ
727 4875 938 4948 ἀγαθῷ.
957 4881 1068 4934 Καὶ
1082 4885 1364 4952 κρατήσας
1381 4886 1547 4940 αὐτὸν
1564 4889 1664 4959 τῆς
1695 4870 1880 4962 χειρὸς

296 4960 523 5030 ἔρριψεν
551 4963 712 5017 αὑτὸν
740 4965 768 5017 6
795 4965 972 5031 esea;
1001 4971 1080 5033 είς
1098 4975 1223 5036 τοὺς
1249 4973 1416 5038 πόδας
1435 4975 1528 5029 τοῦ
1551 4978 1714 5044 ἁγίου
1761 4960 1881 5035 Μα-

296 5053 494 5122 καρὲου
525 5053 734 5124 λέγων·
768 5059 950 5138 Πάτερ
971 5061 1292 5130 τιμιώτατε,
1325 5068 1420 5120 καὶ
1449 5061 1604 5134 οὗτος
1631 5072 1727 5126 σὺν
1751 5075 1881 5144 ἡμῖν

298 5143 364 5195 ἐκ
416 5145 514 5214 τῆς
571 5157 812 5218 ποίμνης
855 5149 952 5218 τῆς
983 5151 1279 5225 καθολικῆς
1323 5156 1648 5230 Ἐκκλησίας
1689 5143 1838 5216 ἐστίν
1864 5178 1876 5192 ’

301 5233 486 5300 μέλλει
517 5234 629 5306 γὰρ
655 5237 749 5289 καὶ
781 5237 944 5302 αὐτὸς
972 5239 1098 5304 τοὺς
1127 5242 1316 5309 οἴακας
1338 5245 1590 5316 δέχεσθαι
1621 5251 1721 5322 τῆς
1755 5255 1878 5308 Ἐκ-

297 5322 552 5394 κλησίας,
580 5327 671 5380 καὶ
692 5329 770 5398 τῷ
803 5331 1049 5401 πηδαλίῳ
1079 5333 1176 5405 τῆς
1195 5329 1540 5404 διδασκαλίας
1575 5359 1879 5413 πνευματι-

296 5413 382 5484 κῷ
414 5417 688 5492 κυδερνᾷν
739 5420 908 5494 αὐτὴν
955 5423 1252 5496 ἁλὼϐητον.
1297 5429 1438 5483 Ἀλλ’
1465 5431 1648 5498 αὐτὸς,
1694 5435 1878 5508 Πάτερ

294 5509 479 5580 ἡμῶν,
511 5513 607 5565 καὶ
635 5514 826 5569 τούτου
859 5517 1144 5588 φρόντισον
1174 5522 1274 5592 τῆς
1305 5521 1483 5594 ψυχῆς
1517 5525 1612 5579 τοῦ
1643 5528 1874 5594 κάλλους

294 5602 464 5656 αὑτοῦ
493 5605 592 5674 τὴν
615 5607 948 5678 εὐπρέπειαν
971 5612 1058 5665 ἀεὶ
1088 5612 1349 5686 λαμπρὰν
1379 5617 1650 5688 διαμεῖναι
1674 5622 1768 5675 τοῦ
1797 5623 1871 5693 μὴ

297 5694 644 5766 σπιλωθῆναι
672 5699 842 5770 αὐτὴν
883 5701 960 5772 τῷ
1005 5703 1178 5776 σπίλῳ
1206 5706 1300 5775 τῆς
1333 5712 1532 5780 νεαρᾶς
1562 5711 1722 5764 arb-0'3
1752 5715 1872 5784 ἡλι-

2007 499 2102 554 bat
2129 512 2332 566 autem,
2363 519 2568 572 eosque
2609 502 2904 560 identidem
2963 510 3210 574 rogabat,
3267 515 3327 559 ut
3391 520 3584 576 preces

2007 605 2220 662 semper
2245 609 2344 662 pro
2395 609 2452 648 se
2484 595 2794 656 funderent,
2826 606 2936 665 quo
3004 597 3343 665 paenitentiae
3403 597 3585 651 curri-

2007 684 2188 736 culum
2219 693 2363 738 recte
2405 683 2626 750 faceret,
2661 702 2724 740 ac
2755 687 2952 757 dignus
3000 687 3311 754 haberetur,
3369 689 3463 757 qui
3515 689 3572 742 in

2007 775 2290 828 tremendo
2325 775 2539 830 Domini
2587 776 2715 832 Jesu
2740 779 2942 833 Cltrisﬁ
2983 778 3071 832 die
3131 795 3228 849 par
3279 795 3403 834 cum
3451 780 3584 850 ipsis

2007 865 2288 934 prtemium
2329 867 2576 923 referret.
2614 867 2684 923 Ut
2740 878 2872 924 vero
2912 869 3113 934 illuxit,
3171 871 3582 925 sanctissimum

2005 957 2476 1028 archiepiscopum
2511 960 2676 1016 simul
2708 961 3002 1026 adierunt:
3037 963 3220 1032 ibique
3251 963 3421 1015 abbas
3445 961 3585 1014 Mar-

2005 1063 2122 1115 cus,
2155 1065 2280 1104 cum
2313 1052 2380 1105 ad
2415 1053 2580 1122 pedes
2617 1053 2737 1122 ejus
2767 1055 3096 1124 procidisset
3129 1095 3144 1117 ,
3183 1053 3346 1115 Bene.
3382 1054 3581 1121 inquit,

2003 1155 2228 1210 precare
2269 1142 2448 1206 nobis,
2483 1143 2645 1198 Pater
2681 1155 2890 1204 sancte,
2947 1154 3001 1198 et
3061 1145 3126 1198 ad
3186 1145 3580 1199 m0uasterium

2003 1243 2271 1297 nostrum,
2296 1235 2441 1304 quod
2473 1236 2566 1290 tibi
2599 1251 2813 1304 semper
2829 1235 3104 1290 addictum
3145 1237 3268 1302 erit,
3301 1251 3402 1291 nos
3433 1237 3584 1291 abire

2005 1324 2348 1392 permitte.At
2364 1337 2585 1382 sanctus
2601 1327 3202 1396 archiepiscOpus,cum
3233 1343 3451 1381 manum
3475 1327 3585 1382 sin-

2005 1414 2143 1482 gulis
2181 1413 2548 1486 imposuisset,
2591 1418 2819 1472 sublatis
2862 1417 2916 1471 in
2960 1419 3158 1473 coelum
3186 1419 3380 1482 oculis,
3404 1419 3578 1474 dixit:

2006 1505 2170 1572 Deus,
2185 1507 2280 1576 qui
2321 1510 2520 1564 caelum
2551 1508 2724 1565 fecisti
2761 1521 2814 1566 et
2847 1520 3141 1577 terram,et
3185 1527 3356 1576 mare,
3378 1521 3432 1567 et
3460 1528 3584 1582 quas

2004 1597 2060 1650 in
2089 1597 2172 1652 his
2199 1601 2544 1664 suntomuia,
2569 1602 2660 1670 qui
2681 1603 2937 1658 universa
2957 1604 3122 1669 nosti,
3147 1605 3466 1674 priusquam
3487 1620 3582 1658 es-

2005 1700 2147 1754 sent,
2179 1699 2233 1744 tu
2253 1691 2397 1748 idem
2427 1701 2482 1748 et
2495 1709 2686 1748 servos
2714 1695 2880 1750 hosce
2899 1705 3024 1751 tuos
3054 1696 3356 1752 incolumes
3381 1711 3534 1750 serva
3562 1713 3578 1751 :

2006 1783 2205 1852 quippe
2227 1783 2320 1853 qui
2349 1787 2522 1858 sancti
2555 1787 2795 1842 nominis
2825 1788 2903 1841 tui
2955 1803 3123 1842 causa
3177 1789 3283 1842 huc
3335 1788 3580 1841 advene-

2006 1882 2134 1928 runt
2169 1875 2235 1928 ad
2261 1885 2448 1930 sancta
2473 1877 2601 1932 haec
2619 1878 2736 1947 loca
2762 1879 3046 1934 invisenda
3066 1889 3230 1949 atque
3261 1879 3580 1948 amplexan-

2003 1967 2094 2034 da,
2129 1965 2186 2022 in
2223 1967 2424 2038 quibus
2459 1969 2572 2038 ipse
2595 1969 2864 2026 salutares
2919 1971 3197 2026 cruciatus
3258 1985 3359 2040 pro
3406 1971 3569 2026 nobis

2003 2061 2248 2116 tolerasti
2281 2079 2295 2116 :
2331 2078 2503 2132 neque
2528 2063 2708 2118 solum
2734 2063 2804 2118 ob
2837 2065 2887 2118 id
2923 2065 3139 2120 labores
3159 2065 3399 2135 perpessi
3427 2074 3576 2126 sunt,

2005 2155 2100 2209 sed
2136 2155 2459 2224 praeclarum
2513 2172 2738 2227 quoque
2766 2157 2982 2228 pietatis
3021 2173 3136 2213 suae
3173 2157 3411 2214 fructum
3473 2159 3578 2212 ob-

2007 2232 2269 2310 tulerunt,
2300 2261 2518 2302 servum
2552 2248 2700 2302 hunc
2725 2256 2899 2315 tuum,
2951 2249 3043 2318 qui
3078 2248 3364 2304 nobiscum
3430 2259 3576 2305 astat

2002 2324 2189 2390 coram
2218 2347 2292 2400 te,
2323 2337 2445 2402 tibi,
2475 2332 2658 2398 Pater,
2686 2347 2733 2392 et
2764 2337 2905 2392 Filio
2939 2347 3034 2392 tuo
3056 2336 3184 2394 Jesu
3203 2339 3420 2394 Christo
3443 2353 3578 2393 con-

2001 2439 2284 2486 secrantes
2313 2447 2328 2484 :
2359 2430 2446 2487 his
2479 2431 2568 2498 da,
2600 2441 2660 2486 ut
2688 2431 2742 2486 in
2764 2445 2896 2502 pare
2919 2431 3362 2502 proﬁciscantur,
3392 2446 3577 2500 quem-

2000 2520 2294 2576 admodum
2339 2522 2432 2576 tibi
2470 2531 2753 2592 acceptum
2785 2530 2888 2589 est,
2927 2523 3018 2595 qui
3059 2533 3283 2578 sanctus
3307 2537 3366 2579 es
3392 2523 3446 2576 in
3471 2537 3576 2576 ste-

1999 2610 2122 2666 cula
2176 2611 2530 2667 saeculorum.
2591 2612 2838 2684 Cumque
2895 2628 3089 2681 omnes
3142 2601 3572 2682 respondissent,

1998 2702 2192 2769 Amen,
2229 2691 2473 2757 Marcum
2505 2712 2560 2758 et
2587 2702 2944 2776 Serapionem
2980 2714 3032 2760 et
3060 2703 3350 2760 Leontium
3377 2713 3572 2758 sancte

1997 2794 2344 2851 deosculatus
2368 2795 2594 2852 dimisit.

2068 3141 2256 3198 XVIII.
2299 3141 2366 3198 At
2393 3157 2523 3198 vero
2548 3141 2846 3215 Gregorius
2895 3157 3216 3212 accurrens,
3245 3142 3566 3198 abeuntium

1995 3237 2160 3307 pedes
2190 3245 2394 3310 tenere,
2437 3251 2644 3307 eosque
2677 3235 2820 3292 ﬂens’
2853 3237 2906 3292 in
2933 3237 3080 3292 hunc
3114 3235 3337 3292 modum
3371 3233 3566 3289 aﬂ‘ari:

1993 3326 2212 3384 Nihilne
2266 3327 2511 3406 hominis
2537 3328 2753 3406 scelesti
2789 3327 3098 3400 'abjectiqne
3131 3343 3232 3385 vos
3299 3325 3570 3382 miseret?

1993 3418 2133 3487 Quid
2161 3419 2272 3490 jam
2302 3402 2498 3476 faciam
2529 3419 2554 3474 ι
2581 3419 2692 3487 Vos
2717 3402 2856 3476 'mihi
2883 3423 3007 3492 post
3034 3419 3200 3476 Deum
3216 3419 3410 3476 salutis
3433 3431 3571 3473 mea

1992 3518 2246 3568 auctores
2282 3510 2466 3569 fuistis
2489 3531 2510 3567 ι
2535 3528 2568 3568 a
2595 3513 2756 3570 vobis
2783 3513 3060 3584 religiosae
3107 3512 3235 3568 vita:
3288 3510 3566 3576 instituta,

1971 3619 2326 3680 quanquam
2348 3621 2566 3662 servare
2599 3606 2810 3673 nescio,
2837 3607 3067 3677 edoctus
3100 3621 3222 3662 sum
3253 3623 3270 3662 :
3322 3620 3425 3662 vos
3469 3604 3570 3658 de-

1991 3697 2252 3752 siderium
2286 3712 2467 3754 meum
2503 3699 2842 3769 explevistis,
2870 3707 2927 3754 et
2967 3713 3130 3768 quem
3161 3685 3436 3752 errantem
3480 3695 3567 3749 in-

1974 3789 2282 3855 ‘veneratis,
2312 3791 2527 3860 magnis
2553 3805 2583 3846 e
2625 3789 2884 3846 ﬂuctibus
2919 3789 3276 3858 tranquillum
3341 3787 3396 3844 in
3434 3803 3566 3858 por-

1989 3886 2104 3933 tum
2144 3878 2476 3947 conjecistis.
2510 3877 2652 3944 Quid
2680 3879 2917 3934 faciam?
2939 3879 3218 3949 quomodo
3251 3893 3282 3933 a
3321 3879 3498 3943 vobis,
3526 3893 3564 3932 νο

1989 3969 2176 4024 Patres
2207 3965 2534 4038 fratresque,
2566 3965 2826 4024 dividar?
2877 3969 2990 4034 ubi,
3026 3968 3182 4023 vobis
3213 3968 3562 4032 abeuntibus,

1988 4060 2194 4116 domini
2232 4059 2359 4126 mei,
2392 4076 2478 4116 me
2505 4061 2854 4130 relinquitis?
2891 4061 3019 4121 Post
3035 4076 3158 4130 qua:
3191 4061 3362 4118 abbas
3388 4062 3565 4116 inter-

1988 4151 2236 4223 pellans:
2281 4150 2524 4218 Plorare,
2557 4153 2755 4223 inquit,
2785 4153 2996 4216 desine,
3034 4153 3136 4218 fili,
3171 4153 3405 4208 Domino
3427 4151 3557 4208 Jesu

1986 4243 2208 4301 Christo
2255 4243 2394 4301 Filio
2451 4243 2546 4300 Dei
2585 4243 2816 4300 viventis
2880 4254 2934 4302 to
2990 4259 3092 4302 nos
3140 4245 3560 4310 committimus,

1987 4353 2145 4407 quem
2171 4353 2201 4393 a
2225 4337 2455 4408 pueritia
2477 4337 2588 4407 jam
2623 4345 2737 4392 tum
2763 4339 3100 4408 primoplasti,
3151 4351 3276 4394 cum
3311 4348 3363 4395 te
3397 4354 3562 4394 voca-

1991 4431 2136 4486 tione
2166 4437 2376 4497 sancta,
2411 4437 2468 4484 ut
2489 4429 2620 4486 olim
2651 4431 2755 4486 sub
2813 4431 2930 4506 Heli
2971 4430 3282 4488 Samuelem
3322 4433 3560 4503 prophe-

1987 4532 2119 4589 tam,
2151 4522 2385 4586 vocavit,
2431 4522 2578 4576 etin
2631 4531 2947 4578 sanctorum
3000 4525 3394 4594 prOpbetnrum
3456 4540 3564 4578 nn-

1987 4627 2141 4670 mero
2178 4613 2410 4668 habuit:
2460 4619 2576 4666 tum
2640 4613 2922 4668 communi
2981 4621 3174 4669 nostro
3235 4613 3445 4682 parenti
3507 4623 3564 4670 et

1985 4704 2248 4759 virtutum
2281 4704 2524 4759 omnium
2569 4704 2834 4776 magistro
2865 4713 3058 4760 sancto
3114 4705 3557 4776 archiepiscopo,

1985 4796 2076 4867 qui
2117 4810 2201 4850 res
2241 4804 2361 4850 tuas
2399 4809 2466 4850 eo
2497 4797 2728 4852 consilio
2753 4807 2918 4867 atque
2946 4797 3112 4851 modo
3141 4795 3376 4861 curabit,
3446 4813 3561 4868 quo

1985 4903 2082 4944 sua
2115 4898 2290 4944 curat.
2319 4885 2704 4959 Prehcnsaqne
2744 4905 2907 4943 mauu
2937 4889 3080 4958 ejus,
3115 4889 3182 4944 ad
3251 4891 3423 4944 sancti
3457 4890 3559 4946 viri

1983 4979 2146 5048 pedes
2173 4979 2340 5032 abbas
2359 4979 2642 5048 pertraxit,
2665 4987 2720 5032 et
2744 5019 2759 5041 ,
2791 4977 2836 5032 Ο
2861 4975 3044 5044 Pa'ter,
3078 4979 3560 5050 inquit,cbarissi-

1986 5088 2088 5137 me,
2129 5069 2324 5144 [xxxvl
2351 5071 2441 5126 hic
2465 5071 2654 5137 etiam,
2681 5083 2739 5126 ut
2757 5087 2878 5134 nos,
2907 5073 2972 5128 de
2990 5073 3276 5129 catholica
3305 5073 3561 5129 Ecclesiae

1983 5178 2143 5236 grege
2189 5172 2272 5220 est
2304 5183 2318 5219 :
2350 5165 2445 5234 qui
2485 5165 2652 5219 etiam
2689 5164 2988 5235 aliquando
3032 5165 3407 5236 gubernacula
3452 5165 3558 5220 Ec-

1981 5259 2161 5312 clesiae
2192 5257 2466 5319 tractabit,
2517 5265 2572 5311 et
2617 5256 2883 5313 doctrina:
2912 5267 3175 5329 tanquam
3223 5259 3436 5316 clavum
3479 5268 3559 5314 te-

1981 5365 2137 5414 nens,
2167 5357 2340 5405 tutam
2375 5359 2428 5405 et
2456 5348 2649 5406 fraude
2679 5349 2979 5406 immunem
3021 5367 3143 5407 eam
3196 5350 3550 5406 administra-

1980 5442 2076 5496 bit.
2109 5442 2179 5498 At
2219 5449 2273 5496 tu
2304 5441 2444 5511 ipse,
2479 5460 2512 5496 ο
2540 5443 2705 5498 Pater
2740 5443 3073 5510 communis,
3129 5458 3313 5500 curam
3360 5441 3549 5496 adole-

1981 5534 2150 5590 scenti
2183 5535 2400 5598 adhibe,
2451 5545 2510 5590 ut
2541 5535 2635 5606 qui
2694 5553 2838 5592 nunc
2889 5545 2972 5592 est
2999 5537 3164 5590 animi
3192 5535 3313 5604 ejus
3343 5533 3553 5590 candor

1981 5642 2042 5680 ac
2095 5626 2323 5696 puritas,
2375 5627 2506 5682 nihil
2539 5643 2783 5697 unquam
2835 5629 2901 5684 de
2935 5628 3226 5698 splendore
3277 5627 3542 5692 remittat,

1981 5729 2073 5773 aut.
2093 5720 2254 5774 ullam
2281 5736 2342 5776 et
2373 5721 2600 5792 juvenili
2630 5730 2785 5775 :rtate
2809 5721 3078 5775 maculam
3107 5720 3409 5792 suscipiat;
3439 5721 3548 5779 tuis
