4054 6204
428 289 534 353 583

1385 279 1853 341 S.GREGOR]I
1914 277 2426 341 AGRIGENTINI
2483 275 2678 340 VITA.

3599 268 3718 332 ευ.

430 410 480 450 el
523 410 554 448 a
591 392 703 450 Deo
730 391 962 464 protecti
995 388 1132 462 (9i),
1181 388 1290 443 huc
1319 386 1389 442 ad
1427 389 1863 444 mediocritatem
1917 403 2019 445 που

2123 389 2502 462 παραγέγονεν
2531 387 2668 459 πρδς
2691 385 2790 456 τὴν
2813 385 3092 457 ἡμετέραν
3126 384 3466 457 μετριότητα
3492 383 3527 454 ἡ
3559 385 3722 456 ὑμῶν

428 495 600 541 stram
646 481 988 537 advenistis?
1031 479 1133 535 Cui
1165 494 1292 534 cum
1332 480 1652 551 peregrinos
1687 495 1745 536 se
1773 493 1916 544 esse,
1953 493 2017 533 ac

428 577 658 631 Romam
694 573 934 629 Domino
977 580 1256 628 annuente
1293 580 1481 642 petere
1533 570 1592 627 se
1620 571 1756 626 velle
1787 585 2018 642 respon-

427 672 658 733 dissent,
699 665 938 736 subjecit
971 666 1268 736 episcopus
1302 681 1317 718 :
1346 663 1421 718 De
1446 663 1624 730 uobis,
1661 663 1842 729 Pater,
1873 661 2016 732 quod

427 775 495 813 ex
535 757 754 811 Domini
792 757 1075 811 voluntate
1119 763 1226 820 est,
1281 755 1410 821 tiat;
1468 755 1828 826 institutoque
1877 755 2019 808 inter

424 867 522 904 ens
566 864 821 905 sermone
847 849 913 902 de
943 848 1010 902 iis
1040 863 1164 916 qua:
1189 847 1427 902 maxime
1457 847 1525 902 ad
1571 848 1876 902 animorum
1902 847 2013 900 uti-

423 941 632 994 litatem
665 941 963 1010 pertinent,
993 953 1290 1007 parumper
1329 937 1498 994 simul
1549 937 1825 992 immorati
1867 943 2014 992 sunt.

427 1033 552 1087 Mox
587 1033 882 1100 episcOpus
911 1030 1140 1085 dimisso
1180 1039 1348 1096 coetu,
1398 1031 1452 1084 in
1490 1029 1749 1099 templum
1781 1028 2020 1097 perrexit

428 1123 742 1176 divinorum
809 1121 1199 1188 mysteriorum
1247 1133 1412 1174 causa
1456 1117 1621 1172 :dies
1669 1119 1816 1172 enim
1855 1117 2017 1172 anni-

429 1215 704 1268 versarius
731 1225 848 1266 erat
871 1212 1350 1267 sanetissimorum
1383 1213 1758 1280 apostolorum
1785 1210 1930 1265 Petri
1964 1217 2018 1264 et

427 1303 581 1359 Pauli
629 1323 644 1359 :
697 1320 861 1374 quem
909 1303 1084 1359 secuti
1141 1303 1430 1368 monachi,
1477 1317 1637 1358 sacro
1681 1301 1927 1364 adfuere,
1963 1311 2019 1356 et

431 1406 748 1450 sanctorum
787 1397 1176 1465 mysteriorum
1211 1396 1510 1466 participes
1541 1393 1668 1450 facti
1701 1405 1848 1448 sunt.
1883 1393 2017 1448 Eos-

430 1493 553 1542 dem
581 1488 814 1543 subinde
835 1491 1126 1558 episcopus
1149 1502 1353 1541 thensa:
1374 1502 1486 1542 suae
1505 1486 1791 1542 considere
1809 1484 1974 1554 jussit
1998 1502 2012 1537 :

433 1591 544 1633 tum
577 1579 892 1634 cubiculum
923 1577 992 1634 iis
1015 1578 1203 1632 datum
1231 1578 1416 1647 quieto
1439 1576 1492 1630 in
1524 1576 1648 1630 loco
1673 1590 1842 1646 prope
1870 1575 2016 1630 aedes

425 1671 792 1740 pontiﬁcales.
833 1670 962 1722 Inde
1002 1670 1106 1723 sub
1151 1683 1410 1722 auroram
1471 1682 1598 1723 cum
1645 1667 1700 1722 in
1753 1668 2014 1738 templum

429 1735 740 1829 rediissem,
775 1771 830 1816 et
861 1762 1158 1815 matutinas
1192 1761 1264 1815 ibi
1297 1775 1490 1830 preces
1525 1735 1915 1828 absolvissent,
1950 1759 2016 1814 ad
2052 1735 2090 1788 Β

425 1856 571 1911 mdes
599 1855 840 1924 episeOpi
899 1853 1126 1918 reversi,
1173 1853 1385 1908 honore
1433 1854 1514 1907 illi
1565 1860 1876 1907 reverenter
1919 1853 2019 1907 ha-

426 1947 565 2010 bito,
595 1946 944 2001 considentes
988 1959 1113 1999 cum
1150 1959 1217 1998 eo
1252 1945 1491 2014 colloqui
1517 1955 1824 2014 coeperunt.
1856 1941 2020 2000 Forte

429 2048 610 2093 aettem
645 2038 900 2107 contigit,
935 2045 993 2090 ut
1023 2035 1278 2108 Gregorii
1307 2043 1562 2105 parentes
1596 2036 1652 2090 in
1703 2037 1894 2091 urbem
1926 2051 2022 2092 ve-

427 2135 626 2194 nirent,
663 2143 851 2184 secum
893 2145 1016 2198 quae
1054 2144 1192 2198 opus
1224 2137 1383 2183 erant
1413 2127 1675 2194 ferentes,
1712 2142 1824 2198 quo
1861 2129 2020 2184 anni-

429 2225 726 2279 versariam
754 2223 877 2293 ejus
902 2223 1228 2276 memoriam
1253 2220 1600 2275 celebrarent
1625 2223 1851 2275 :eodem
1873 2219 2020 2274 enim

428 2315 515 2368 die
559 2311 858 2382 Gregorius
909 2311 1035 2366 inde
1081 2318 1410 2376 secesserat,
1446 2308 1501 2364 id
1535 2317 1620 2364 est
1673 2309 1850 2378 pridie
1895 2305 2018 2364 Kal.

425 2407 621 2463 Julias’.
652 2409 903 2478 Cumque
940 2407 1116 2462 oculis
1153 2420 1350 2462 eorum
1399 2391 1834 2461 obversarentur
1865 2405 2020 2476 pueri

426 2499 665 2568 :equales
691 2498 812 2570 ejus
839 2499 1119 2569 quondam
1149 2507 1204 2554 et
1228 2497 1386 2563 socii,
1413 2511 1555 2568 quos
1572 2496 1686 2566 jam
1716 2496 2022 2552 adolevisse

428 2588 706 2655 videbant,
755 2597 933 2642 mater
989 2588 1110 2658 ejus
1149 2589 1259 2642 alta
1300 2601 1435 2642 voce
1482 2589 1703 2658 plorare
1750 2587 1918 2657 coepit
1956 2601 2022 2642 ac

427 2681 612 2736 dicere
641 2699 654 2734 :
685 2677 826 2743 Heu,
864 2680 940 2734 tili
979 2681 1052 2734 mi
1089 2680 1441 2748 suavissime,
1470 2680 1696 2750 paulum
1722 2694 1824 2750 ego
1847 2688 2022 2737 mater

429 2783 524 2828 tua
549 2773 716 2838 dicta,
743 2783 799 2828 et
833 2781 884 2829 te
911 2772 1026 2828 lilio
1059 2773 1240 2828 laetata
1275 2789 1396 2828 sum
1423 2773 1437 2827 !
1467 2772 1582 2844 jam
1615 2781 1668 2828 te
1697 2774 1898 2829 misera
1925 2787 2022 2829 οε-

431 2881 546 2924 reo.
581 2864 718 2932 Heu,
757 2865 852 2932 tili,
885 2867 1012 2936 quis
1056 2873 1109 2920 te
1142 2873 1376 2920 venatus
1419 2865 1542 2921 est?
1571 2865 1738 2938 lupus
1785 2864 2022 2922 fortasse

429 2957 632 3028 aliquis
650 2971 828 3012 meum
855 2957 960 3012 sibi
983 2971 1188 3027 agnum
1212 2956 1468 3027 arripuit.
1489 2956 1692 3028 Ecquis
1714 2971 1846 3012 vero
1868 2957 2022 3012 locus

433 3051 726 3120 unigenam
757 3047 898 3104 celat
931 3048 1152 3104 meum?
1179 3047 1448 3120 siquidem
1481 3048 1663 3120 prada
1699 3051 1912 3118 uspiam
1942 3047 2022 3104 fa-
2048 3067 2096 3130 ο

433 3153 554 3199 etus
578 3154 682 3199 est.
723 3143 790 3197 At
827 3140 974 3196 feras
1003 3141 1122 3196 haec
1173 3141 1326 3212 regio
1359 3157 1470 3197 non
1503 3142 1686 3197 habet.
1717 3139 1860 3196 Num
1897 3157 2022 3197 eum

436 3237 675 3292 fortasse
714 3235 820 3291 sub
859 3247 1074 3290 noctem
1115 3235 1244 3307 quis
1285 3238 1503 3291 necavit
1543 3244 1598 3291 et
1631 3235 1684 3290 in
1712 3250 1863 3291 mare
1896 3249 2025 3307 pro-

427 3329 563 3400 jecit
584 3328 609 3384 Ἰ
629 3327 764 3396 quid
795 3327 980 3382 dicam
1007 3331 1227 3396 nescio;
1253 3341 1320 3391 ac
1344 3327 1391 3382 si
1417 3323 1526 3398 qua
1561 3327 1668 3382 alia
1688 3337 1863 3384 morte
1892 3327 2025 3384 sub-

435 3422 577 3476 latus
604 3422 697 3476 ille
719 3430 825 3483 est,
858 3416 1004 3474 Deus
1031 3433 1176 3474 unus
1206 3419 1381 3475 novit.

505 3573 650 3630 XXI.
685 3572 813 3632 Haec
855 3583 913 3630 et
943 3573 1150 3630 similia
1202 3590 1328 3632 cum
1375 3575 1772 3632 lamentaretur
1803 3575 2022 3642 mulier,

435 3667 606 3732 cives,
641 3666 736 3735 qui
775 3675 1176 3736 convenerant,
1214 3667 1390 3738 ipsam
1421 3668 1680 3741 lacrymis
1719 3683 2024 3741 proseque-

433 3760 652 3815 lzantur.
682 3757 754 3815 Ut
790 3775 924 3816 vero
965 3769 1176 3816 tantum
1224 3762 1496 3832 ploratum
1549 3761 1808 3837 [xxxvm]
1852 3764 2026 3822 abbas

432 3851 663 3918 audivit,
701 3853 1020 3922 episcopum
1063 3851 1443 3924 interrogavit,
1478 3869 1744 3926 quorsum
1785 3855 2029 3913 turbatio

434 3943 528 3999 illa
549 3945 866 4016 pertineret,
898 3960 1066 4016 quam
1111 3946 1168 4024 in
1205 3947 1341 4003 urbe
1370 3964 1493 4004 esse
1526 3949 1772 4006 audiret?
1810 3949 1882 4006 At
1909 3951 2026 4022 epio

434 4052 658 4106 scopus,
710 4040 804 4108 qui
851 4036 1100 4108 Gregorii
1139 4051 1396 4110 parentes
1433 4041 1720 4100 advenisse
1771 4053 2022 4114 noverat,

433 4143 639 4199 eosque
681 4145 803 4186 esse
847 4131 941 4200 qui
973 4130 1186 4198 ﬂerent,
1221 4131 1480 4209 lacrymis
1507 4135 1716 4192 obortis
1741 4135 2022 4206 ingemuit,

432 4231 633 4290 atque,
671 4221 837 4288 Audi,
867 4223 1068 4292 inquit,
1099 4221 1262 4279 Pater
1293 4241 1308 4278 :
1337 4240 1604 4295 exponam
1633 4229 1778 4282 enim
1802 4230 1897 4284 tibi
1929 4230 2028 4285 tri-

434 4312 663 4368 stissimi
715 4323 949 4368 eventus
997 4315 1306 4378 historiam.
1354 4319 1449 4387 qui
1488 4328 1616 4374 ante
1661 4335 1836 4377 annos
1883 4321 2024 4378 duos

2121 481 2449 551 θεοτήρητος
2473 479 2756 548 θεοφιλία;
2801 478 2859 531 ’0
2887 477 2945 532 δὲ
2981 479 3116 549 πρὸς
3145 479 3310 532 αὐτόν
3334 495 3348 510 ο
3387 477 3542 531 Ξένοι
3581 498 3722 549 τυγ-

2120 571 2379 641 χάνομεν,
2413 571 2596 640 Πάτερ
2625 568 2920 638 άγιώτατε,
2948 571 3044 623 καὶ
3079 570 3174 622 ἐπὶ
3207 567 3305 640 τὴν
3344 569 3568 641 Ῥώμην
3596 570 3719 626 δια-

2123 662 2360 732 περᾶσαι
2401 661 2726 734 βουλόμεθα,
2782 662 2878 714 ἐὰν
2939 663 2967 716 6
3021 661 3226 733 Κύριος
3275 661 3512 716 κελεύει.
3561 663 3619 714 '0
3661 663 3722 716 δὲ

2119 753 2421 816 ἐπίσκοπος
2448 753 2598 822 λέγει
2641 753 2823 824 αὐτῷ’
2852 753 3104 806 Γενέσθω
3152 755 3214 806 τὸ
3257 753 3472 824 θέλημα
3509 753 3721 814 Κυρίου

2121 849 2200 910 εἰς
2228 847 2399 916 ἡμᾶς,
2435 847 2639 914 Πάτερ.
2683 846 2892 916 Ὀλίγον
2923 847 2980 899 δὲ
3017 847 3362 914 καθήσαντες
3393 849 3486 900 καὶ
3519 865 3720 899 συντυ-

2119 937 2308 1008 χόντες
2353 938 2490 1007 πρὸς
2532 935 2798 1008 ἀλλήλους
2851 937 2918 989 τὰ
2946 937 3294 990 συντείνοντα
3333 937 3413 999 είς
3448 937 3724 1004 ὼρέιειαν

2119 1030 2296 1100 ψυχῆς
2321 1045 2335 1058 ·
2371 1027 2772 1097 συνταξάμενος
2804 1031 2832 1082 6
2863 1028 3166 1090 ἐπίσκοπος
3194 1031 3306 1086 τοῖς
3327 1028 3580 1098 ἀδελεοῖς
3608 1031 3725 1082 είσο

2120 1121 2282 1192 ἦλθεν
2312 1122 2370 1174 ἐν
2399 1123 2464 1192 τῇ
2500 1121 2767 1191 ἐκκλησίᾳ
2807 1119 2900 1173 τοῦ
2929 1119 3261 1174 ἁποτελέσκι
3287 1123 3388 1189 τὴν
3433 1119 3586 1172 Θείαν
3624 1123 3724 1174 καὶ

2123 1213 2275 1284 ίερὰν
2314 1212 2740 1282 μυσταγωγίαν·
2785 1209 2852 1282 ἦν
2900 1213 3010 1283 γάρ
3039 1212 3224 1282 ἡμέρα
3270 1195 3587 1278 τῶνα-τίων
3627 1216 3722 1265 καὶ

2120 1303 2498 1372 πανευφήμων
2544 1301 2858 1355 ἀποστόλων
2905 1302 3118 1376 Πέτρου
3169 1304 3266 1355 καὶ
3317 1303 3554 1356 Παῦλου.
3608 1306 3722 1357 Καὶ

2122 1393 2522 1466 μεταλαϐόντες
2555 1393 2666 1446 τῶν
2693 1395 2982 1465 ἁχράντων
3029 1395 3136 1446 καῖ’
3169 1393 3452 1458 ζωοποιῶν
3502 1413 3719 1466 μυστη-

2121 1486 2274 1557 ρίων,
2305 1485 2510 1555 ἔφαγον
2538 1486 2702 1557 ἄρτον
2740 1487 2800 1539 ἐν
2839 1487 2906 1558 τῇ
2935 1485 3188 1558 τραπέζῃ
3238 1485 3334 1538 τοῦ
3380 1490 3719 1542 ἐπισκόπου.

2122 1578 2364 1632 Ἔδωκεν
2411 1577 2467 1632 δὲ
2507 1579 2692 1655 αὐτοῖς
2733 1577 2946 1631 κελλίον
2973 1579 3030 1631 έν
3057 1578 3211 1648 τόπῳ
3253 1579 3440 1650 ἡσύχῳ
3487 1581 3719 1650 πλησίον

2117 1665 2213 1718 τοῦ
2242 1666 2591 1720 ἐπισκοπίου.
2625 1664 2762 1720 Εἶτα
2790 1669 2884 1720 ἐπὶ
2908 1667 3006 1738 τὴν
3032 1666 3224 1738 αὔριον
3257 1668 3506 1738 εἰσῆλθον
3534 1673 3582 1723 ot
3615 1689 3719 1740 μοε

2119 1759 2274 1828 ναχοὶ
2300 1759 2358 1812 ὲν
2398 1762 2467 1830 τῇ
2509 1759 2798 1830 ἐκκλησίᾳ,
2821 1761 2915 1814 καὶ
2945 1760 3327 1831 πληρωθέντος
3362 1763 3456 1815 τοῦ
3487 1765 3715 1834 ὄρθρου,

2120 1849 2373 1920 εἰσῆλθον
2398 1852 2456 1904 ὲν
2480 1850 2558 1922 τῷ
2588 1851 2898 1922 ὲπισκοπίῳ
2918 1867 2932 1882 ο
2964 1853 3060 1906 καὶ
3083 1855 3413 1924 ποιήσαντες
3443 1855 3593 1926 αὐτῷ
3617 1859 3717 1926 τὴν

2122 1942 2440 2014 πρέπουσαν
2473 1941 2786 2012 μετάνοιαν,
2813 1943 3092 2014 ὲκάθησαν
3141 1945 3238 1997 καὶ
3265 1945 3502 2017 ἦρξαντο
3531 1949 3718 2001 λαλεῖν

2120 2035 2298 2106 λόγον.
2352 2034 2510 2089 Κατὰ
2553 2034 2860 2106 συγκυρίαν
2896 2035 2952 2089 δὲ
2983 2036 3284 2090 κατέλαϐον
3326 2039 3376 2090 oi
3407 2044 3578 2106 γονείέ
3615 2042 3718 2095 τοῦ

2120 2128 2162 2182 Γ
2168 2129 2428 2198 ρηγορίου
2485 2129 2568 2192 είς
2621 2129 2722 2197 τὴν
2780 2127 2936 2182 πόλιν
2989 2128 3250 2200 φέροντες
3301 2131 3368 2184 τά
3428 2135 3562 2203 πρὸς
3616 2137 3720 2203 τὴν

2122 2220 2334 2291 χρείαν,
2387 2219 2476 2274 ἵνα
2524 2218 2886 2274 ἐκτελέσωσιν
2929 2220 3098 2274 αὐτοῦ
3148 2227 3215 2274 τα
3259 2225 3614 2294 μνημόσυνα·
3661 2229 3720 2279 ἐν

2120 2311 2296 2384 ταύτῃ
2321 2311 2430 2382 γὰρ
2454 2314 2522 2383 τῇ
2549 2311 2735 2383 ἡμέρᾳ
2760 2307 2830 2384 ἦν
2862 2311 3228 2385 ὑποχωρήσας
3262 2313 3290 2367 ὀ
3320 2316 3618 2388 ι’ρηγόριο;
3653 2321 3720 2368 ἐκ

2120 2404 2232 2458 τῶν
2256 2405 2434 2457 ἐκεῖσε
2457 2405 2526 2475 τῇ
2555 2403 2812 2476 τριακάδι
2838 2402 2936 2458 τοῦ
2973 2405 3194 2458 Ἰουνίου
3227 2409 3412 2475 μηνός.
3443 2412 3554 2461 Καὶ
3581 2411 3720 2463 ἰδόν-

2123 2511 2214 2560 τες
2275 2495 2401 2558 τοὺς
2450 2493 2646 2558 παῖδας
2693 2493 2822 2558 τοὺς
2865 2495 3148 2568 ὀμιλίκους
3189 2499 3461 2562 εἰσιόντας
3504 2504 3599 2552 καὶ
3628 2501 3720 2565 ἑξ-

2123 2585 2478 2659 ερχομένους,
2509 2585 2605 2640 καὶ
2631 2584 2862 2657 πλήρεις
2888 2585 3108 2656 ἡλικίας
3135 2590 3484 2658 γενομένους,
3512 2591 3720 2661 ἧρξατο

2123 2677 2159 2749 ἡ
2190 2677 2374 2747 μήτηρ
2401 2673 2568 2730 αὐτοῦ
2589 2673 2863 2739 ὀλολύζειν
2887 2677 2950 2730 ἐν
2975 2675 3149 2747 ἰσχύει
3168 2679 3262 2732 καὶ
3285 2679 3464 2748 λέγειν
3485 2697 3500 2710 ο
3525 2683 3715 2750 οἶμοι,

2122 2767 2312 2822 τέκνον
2363 2767 2496 2840 ἐμὸν
2547 2767 2910 2837 γλυκύτατον,
2959 2769 3098 2840 πρὸς
3150 2769 3334 2839 ὀλίγον
3387 2787 3482 2825 σου
3529 2775 3720 2846 μήτηρ

2123 2857 2366 2930 ἐκλήθην
2419 2859 2516 2914 καὶ
2561 2859 2769 2930 ἐχάρην
2825 2860 2908 2924 είς
2953 2859 3038 2923 σὲ,
3071 2857 3168 2914 καὶ
3198 2863 3279 2926 είς
3317 2863 3380 2916 τὸ
3423 2864 3590 2934 τάχος
3619 2882 3720 2918 σου

2125 2941 2452 3022 ἐχωρίσθην.
2483 2949 2671 3022 Οῐμοι,
2705 2950 2919 3020 τέκνον,
2955 2951 3040 3016 τίς
3088 2969 3149 3006 σε
3193 2952 3534 3026 ὲθήρευσενς
3576 2959 3724 3030 ’Δρα

2124 3042 2181 3096 δὲ
2237 3045 2391 3108 ποῖος
2435 3041 2598 3107 λύκος
2645 3041 2708 3096 τὸ
2755 3042 2890 3113 ὲμδν
2931 3043 3264 3116 ἀφήρπασεν
3309 3047 3526 3117 ἀρνιονς
3558 3051 3722 3114 Ποίος

2123 3133 2182 3188 δὲ
2233 3136 2398 3199 τόπος
2449 3136 2510 3189 τδ
2559 3135 2827 3207 μονογενῆ
2875 3153 2978 3215 μου
3019 3137 3310 3209 ἀπέκρυψε
3365 3139 3601 3208 τέκνον;
3656 3143 3726 3196 Et

2125 3242 2214 3279 πω
2270 3225 2613 3297 θηριάλωτον
2665 3226 2800 3280 αὐτὸ
2853 3228 3078 3298 γέγονε·
3113 3227 3232 3282 ἀλλ’
3276 3231 3308 3284 6
3346 3231 3512 3297 τόπος
3551 3234 3722 3306 θηρία

2124 3319 2226 3373 οὐκ
2249 3317 2384 3389 ἔχει.
2420 3320 2568 3392 ’Δρα
2603 3335 2670 3388 γε
2710 3319 2788 3391 μή
2817 3336 2904 3386 τις
2935 3321 3101 3375 αὑτὸν
3129 3323 3188 3374 εν
3213 3325 3370 3378 νυκτὶ
3394 3325 3716 3390 ἀπέπνιξεν,

2126 3413 2224 3465 καὶ
2279 3413 2362 3474 είς
2419 3409 2702 3466 θάλασσαν
2757 3411 3020 3484 ἔρριψεη
3063 3415 3174 3469 οὐκ
3233 3413 3353 3471 οἴδα
3415 3419 3593 3472 εἰπεῖν
3641 3419 3720 3490 μὴ

2127 3504 2223 3556 καὶ
2259 3501 2438 3568 ἄλλως
2461 3520 2580 3568 πως
2602 3504 2928 3577 ἀπεκτάνθη
2946 3547 2963 3573 ,
2992 3507 3023 3560 6
3045 3506 3179 3573 Θεδς
3207 3512 3368 3580 μόνος
3402 3513 3720 3568 ἐπίσταται.

2199 3594 2332 3649 KA'.
2393 3595 2582 3650 Ταῦτα
2627 3595 2725 3650 καὶ
2775 3595 2846 3650 τὰ
2888 3599 3116 3653 τοιαῦτα
3169 3600 3637 3674 ἀπολοφυρομένη
3686 3607 3720 3672 ἠ

2128 3688 2286 3759 γυνὴ,
2315 3685 2580 3759 συνῆλθον
2605 3688 2658 3741 ot
2682 3687 2786 3759 τῆς
2813 3689 3046 3757 πόλεως,
3074 3691 3172 3746 καὶ
3198 3695 3523 3750 συνέκλαιον
3552 3699 3718 3770 αὐτῇ.

2140 3777 2407 3843 Ἀκούσας
2455 3778 2512 3832 δὲ
2564 3779 2595 3834 6
2634 3780 2810 3846 άϐϐἄς
2849 3781 2942 3836 τὸν
2983 3782 3154 3838 πολὺν
3193 3784 3414 3856 θρῆνον,
3449 3788 3600 3856 λέγει
3641 3789 3721 3860 τῷ

2127 3871 2452 3944 ὲπισκόπφο
2481 3873 2716 3944 Ἄραγε,
2748 3873 2954 3946 Πάτερ,
2976 3875 3060 3940 τίς
3097 3879 3249 3932 ἐστιν
3295 3880 3326 3933 ὀ
3357 3880 3610 3952 θόρυϐος,
3659 3883 3721 3937 ὃν

2126 3963 2316 4020 ἀκούω
2345 3965 2404 4018 ἑν
2423 3967 2492 4036 τῇ
2525 3965 2715 4039 πόλεις
2746 3966 2916 4034 Γνοὺς
2943 3966 2999 4022 δὲ
3022 3970 3053 4023 ὀ
3081 3970 3403 4037 ἐπίσκοπος,
3431 3973 3516 4026 ὅτι
3549 3975 3600 4026 ot
3627 3991 3722 4042 γο-

2127 4059 2242 4120 νεῖς
2274 4055 2576 4135 κατέλαϐον
2625 4057 2723 4112 τοῦ
2765 4058 3096 4132 Γρηγορίου,
3147 4065 3242 4117 καὶ
3273 4063 3431 4118 αὐτοί
3479 4065 3620 4121 είσιν
3669 4067 3722 4120 ot

2129 4149 2478 4221 θρηνοῦντες,
2521 4149 2788 4218 στενάξας
2823 4155 2890 4208 ὲκ
2919 4151 3141 4226 βάθους,
3171 4153 3288 4210 εἶτα
3313 4157 3410 4211 κει)⁸
3437 4157 3723 4230 δακρύσας

2128 4241 2266 4312 ἔφη·
2297 4240 2588 4309 Ἄκουσον,
2623 4242 2830 4314 Πάτερ,
2863 4245 2962 4298 καὶ
2986 4245 3324 4318 διηγήσομαί
3358 4265 3443 4302 σοι
3484 4251 3546 4302 τὸ
3574 4267 3703 4322 συμ-

2130 4331 2234 4386 ϐὰν
2259 4331 2434 4386 δεινὸν
2462 4334 2520 4386 ὲν
2544 4335 2612 4406 τῇ
2641 4333 2799 4388 πόλει
2825 4334 3005 4410 ταύτῃ
3032 4337 3139 4410 πρὸ
3165 4337 3276 4392 τῶν
3312 4337 3408 4392 δύο
3449 4343 3712 4396 ὲνιαυτὼι

434 4405 539 4459 hac
569 4405 688 4474 ipsa
728 4403 784 4458 iu
819 4405 955 4460 urbe
986 4405 1208 4464 accidit.
1249 4405 1344 4462 Vir
1388 4416 1506 4463 erat
1535 4409 1772 4479 quodam
1811 4412 1867 4466 in
1899 4414 2022 4468 vico

2123 4421 2230 4478 τῶν
2260 4403 2646 4495 παρελθόντων
2665 4425 2894 4482 τούτων.
2917 4403 3031 4483 ’Πν
3057 4403 3144 4492 τις
3163 4432 3305 4502 ἀνὴρ
3329 4433 3387 4484 ὲν
3412 4431 3580 4506 κώμῃ
3609 4435 3720 4490 τινὶ

434 4512 604 4568 prope
638 4499 780 4553 hanc
812 4499 1030 4566 urbem,
1063 4499 1159 4568 qui
1194 4515 1422 4554 uxorem
1453 4501 1685 4557 duxerat
1715 4503 1858 4572 piam
1893 4504 2023 4560 Dei-

433 4607 542 4662 que
597 4601 932 4648 metuentem
987 4609 1001 4646 :
1051 4594 1540 4676 erantque‘amho
1593 4595 1750 4652 valde
1799 4597 2021 4668 divites,

433 4702 666 4756 qua-que
693 4702 725 4740 a
753 4684 864 4741 Deo
891 4695 1239 4756 acceperant,
1268 4687 1357 4756 pie
1389 4686 1865 4758 administrabant,
1895 4706 2021 4762 ege-

435 4789 561 4838 nos,
596 4776 813 4838 vutuas,
847 4775 1088 4847 pupillos
1120 4777 1282 4831 bonis
1313 4777 1523 4833 alentes
1569 4777 1706 4842 suis,
1743 4788 1929 4849 atque,
1967 4789 2024 4836 ut
2107 4784 2112 4790 '

435 4869 592 4936 plane
621 4869 827 4934 dicam,
876 4867 1083 4924 nemini
1122 4868 1316 4924 deesse
1359 4871 1649 4940 patientes,
1695 4887 1818 4942 quae
1879 4887 2018 4943 opus

434 4969 636 5024 essent,
682 4969 738 5014 et
783 4972 1099 5016 sanctorum
1143 4962 1566 5018 necessitatibus
1605 4964 1804 5034 cupide
1832 4967 2017 5034 Opitu-

435 5051 628 5104 lantes.
685 5049 828 5105 Puer
859 5067 989 5107 vero
1044 5053 1131 5108 his
1159 5055 1322 5110 datus
1354 5066 1462 5118 est,
1493 5071 1654 5125 quem
1715 5072 1816 5126 ego
1856 5047 2020 5113 miser

435 5146 620 5198 divino
645 5144 982 5216 salutarique
1013 5147 1342 5216 baptismate
1377 5157 1628 5203 renatum
1672 5151 1908 5221 suscepi.
1939 5150 2018 5207 Eo

433 5235 580 5290 aucti
612 5239 887 5317 parentes,
925 5238 1114 5293 liberis
1153 5252 1378 5309 operam
1415 5240 1546 5295 dare
1576 5240 1884 5308 desierunt;
1926 5249 2017 5296 ut-

431 5345 542 5402 que
589 5345 725 5402 puer
774 5345 975 5384 annum
1017 5332 1197 5402 attigit
1225 5342 1504 5398 octavum,
1538 5333 1645 5388 huc
1691 5334 1893 5402 abillis
1924 5336 2018 5392 de-

432 5425 633 5479 ductus
685 5431 790 5489 est,
842 5433 894 5478 et
933 5438 963 5477 a
1004 5438 1090 5478 me
1125 5425 1179 5478 in
1219 5423 1566 5494 disciplinam
1621 5427 1872 5482 traditus.
1914 5427 2016 5482 Cui

433 5515 684 5570 Christus
723 5516 858 5570 adeo
895 5517 1163 5586 propitius
1202 5516 1324 5584 fuit,
1375 5527 1432 5570 ut
1481 5519 1654 5587 prima
1709 5520 2012 5576 litterarum

431 5609 699 5663 elementa
733 5609 874 5664 intra
911 5611 1194 5664 biennium
1227 5609 1472 5680 apprime
1507 5623 1778 5681 nosceret,
1825 5631 2013 5670 usum-

505 5719 618 5790 ζει)
646 5719 704 5776 in
730 5724 851 5778 cod.
884 5723 940 5792 9,
972 5724 1307 5797 θεοτήρητος
1343 5723 1516 5797 φιλία.

2120 4516 2353 4588 πλησίον
2381 4518 2481 4588 τῆς
2513 4517 2754 4574 ἐνταῦθα
2783 4521 3014 4584 πόλεως,
3051 4521 3192 4592 ἔχων
3230 4525 3470 4592 γυναῖκα
3507 4527 3718 4597 σεμνὴν

2121 4611 2217 4664 καὶ
2265 4608 2612 4682 φοϐουμένην
2657 4611 2747 4665 τὸν
2777 4611 2931 4678 Θεὸν,
2958 4613 3300 4686 ὑπάρχοντες
3329 4617 3426 4670 καὶ
3459 4617 3520 4671 ὲν
3552 4618 3718 4672 εὐπο-

2123 4702 2218 4774 ρίᾳ
2245 4701 2440 4774 πολλῇ,
2474 4703 2714 4767 εὐσεϐῶς
2749 4703 3084 4770 διοικοῦντες
3132 4706 3204 4760 τά
3245 4708 3400 4780 παρὰ
3437 4709 3533 4763 τοῦ
3576 4709 3714 4764 Θεοῦ

2119 4793 2383 4862 δεδομένα
2430 4793 2639 4861 αὐτοῖς,
2662 4795 3014 4866 διανέμοντες
3070 4803 3329 4870 πτωχοῖς,
3373 4801 3576 4874 χήραις
3621 4804 3714 4856 καὶ

2117 4888 2377 4958 ὀρφανοῖς
2401 4887 2935 4961 ἀντιλαμϐανόμενοι
2957 4907 2970 4922 ’
3000 4892 3099 4946 καὶ
3127 4893 3318 4957 ἁπλῶς
3341 4896 3541 4958 εἰπεῖν,
3577 4897 3714 4948 πᾶσι

2117 4979 2232 5042 τοῖς
2273 4977 2554 5050 δεομένοις
2606 4981 2979 5050 ἑπαρκοῦντες
3037 4984 3106 5037 τὰ
3164 4986 3303 5056 πρὸς
3349 4987 3451 5056 τὴν
3495 4989 3712 5056 χρείαν,

2119 5070 2538 5136 σπουδάζοντες
2558 5073 2654 5125 καὶ
2681 5075 2804 5138 ταῖς
2828 5074 2938 5127 τῶν
2963 5075 3135 5143 ἁγίων
3161 5076 3376 5148 χρείαις
3407 5082 3708 5132 κοινωνεῖν.

2131 5161 2317 5232 Ἐδόθη
2344 5162 2400 5216 δὲ
2433 5165 2617 5229 αὐτοῖς
2641 5165 2835 5219 τέκνον
2865 5207 2881 5232 ,
2911 5159 3122 5230 οὗτινος
3164 5169 3276 5238 ἐγὼ
3321 5172 3350 5223 6
3381 5171 3713 5240 ἁμαρτωλὸς

2117 5254 2379 5325 άνάδοχος
2409 5255 2614 5325 γέγονα
2655 5259 2721 5311 ὲκ
2752 5259 2846 5312 τοῦ
2889 5260 3037 5314 θείου
3070 5263 3164 5315 καὶ
3196 5263 3575 5334 σωτηριώδους
3615 5264 3716 5334 βα-

2120 5345 2447 5414 πτίσματος.
2487 5346 2754 5419 Ἀπέσχον
2807 5349 2864 5402 δὲ
2911 5351 3157 5423 ἀλλήλων
3207 5354 3257 5407 οἱ
3305 5357 3476 5421 γονεῖς
3520 5354 3616 5424 ἀφ’
3648 5348 3714 5410 οὗ

2119 5436 2308 5490 ἔτεκον
2328 5439 2512 5492 αὐτόν.
2542 5441 2845 5512 Γενομένου
2879 5443 2934 5496 δὲ
2965 5445 3132 5496 αὑτοῦ
3161 5445 3476 5513 ὀκταετοῦς,
3498 5446 3713 5515 ἤγαγον

2119 5529 2282 5582 αὑτὸν
2331 5532 2587 5600 ἐνταῦθα,
2636 5537 2732 5588 καὶ
2777 5535 2846 5590 δι’
2880 5537 3016 5608 ἐμοῦ
3051 5539 3329 5611 παρεδόθη
3359 5543 3441 5604 εἰς
3470 5541 3532 5594 τὸ
3561 5540 3715 5596 διδα-

2121 5622 2393 5679 σκαλῑίον.
2441 5627 2550 5680 Καὶ
2594 5627 2788 5682 ἔλαϐεν
2828 5631 2990 5704 χάριν
3032 5634 3181 5706 παρὰ
3213 5633 3453 5708 Χριστοῦ
3488 5635 3551 5690 τδ
3579 5653 3715 5694 παι-
