4054 6204
387 253 494 315 587

1397 251 1457 311 S.
1488 251 1868 312 GREGORII
1909 249 2423 314 AGRIGENTINI
2468 251 2664 315 VITA.

3559 255 3666 321 583

385 375 490 432 per
529 374 774 430 prasens
802 367 906 422 est,
939 365 992 412 et
1024 372 1214 430 preces
1244 372 1344 426 pro
1405 357 1561 413 vobis
1615 358 1816 413 furtdit.
1873 357 1972 412 Cui

2086 356 2112 428 ἢ
2160 357 2336 423 οὕτως
2365 359 2623 430 ἀσέμνως
2656 357 2879 413 πενθεῖν
2919 358 3013 413 ἐπὶ
3038 358 3116 432 τῷ
3163 359 3338 432 six-np
3373 361 3552 433 ὑμῶν,
3588 369 3666 433 τῷ

392 455 622 509 Charito
661 472 676 507 :
709 453 874 514 Audi,
903 451 1103 521 inquit,
1149 449 1330 517 Pater,
1361 466 1452 506 res
1507 452 1734 505 omnino
1775 451 1848 504 ita
1917 465 1978 505 se

396 549 599 612 habet;
631 545 897 614 scriptum
933 541 1136 614 quippe
1175 552 1260 598 est
1292 543 1348 597 in
1373 542 1686 599 Proverbiis
1712 558 1726 596 :
1755 562 1773 594 ι
1805 540 1976 596 Infer-

394 646 577 694 nus'et
613 635 848 708 perditio
875 650 1062 690 coram
1093 634 1328 692 Domino
1355 653 1368 688 :
1403 643 1611 704 quanto
1647 634 1820 706 magis
1852 648 1976 688 cor-

390 730 460 785 da
491 729 777 784 hominum
820 727 979 801 (94)?
1009 747 1028 782 ι
1060 743 1250 799 quare,
1295 714 1536 783 domine
1565 726 1639 782 mi
1679 735 1736 782 et
1792 725 1975 791 Pater,

391 821 540 878 tilius
570 835 792 892 quoque
841 829 1054 886 noster,
1086 821 1171 876 vel
1217 820 1261 874 si
1294 835 1496 891 corpus
1532 819 1651 890 ejus
1683 818 1977 873 mantrho-

391 915 558 972 minis
595 923 850 971 enectum
887 913 1074 977 fuerit,
1111 912 1296 968 anima
1333 923 1482 969 certe
1530 911 1686 978 vivit,
1712 923 1767 967 et
1801 912 1856 966 in
1879 909 1974 984 Dei

391 1021 592 1062 manus
629 1005 926 1078 pervenit:
967 1019 1092 1060 nam
1146 1005 1408 1060 innocens
1474 1004 1633 1074 plane
1671 1003 1978 1058 exstinctus

389 1109 493 1157 est.
523 1097 672 1156 Uxor
705 1105 887 1154 autem
927 1095 1244 1153 Charitonis
1273 1097 1357 1153 ori
1393 1097 1609 1152 abbatis
1651 1097 1856 1151 intenta
1891 1111 1981 1149 ex-

391 1193 684 1265 spectabat
727 1191 862 1262 t95),
894 1190 1024 1260 quid
1057 1190 1122 1245 ad
1165 1189 1280 1247 haec
1319 1189 1569 1244 dicturus
1598 1185 1852 1244 esset.At
1878 1185 1977 1241 ab-

390 1287 490 1344 bas
516 1284 799 1342 Charitoni
831 1283 1169 1354 respondens
1195 1298 1210 1338 :
1241 1282 1405 1348 Audi,
1445 1278 1848 1345 dixit,Charito
1869 1277 1980 1332 fra-

393 1389 494 1442 ter,
527 1392 594 1433 ac
622 1376 790 1432 Iidem
825 1375 966 1430 habe
1023 1373 1160 1429 mihi
1193 1391 1206 1428 :
1277 1387 1385 1428 non
1439 1371 1485 1428 si
1525 1367 1670 1426 ﬁlius
1708 1379 1836 1424 tuus
1887 1383 1974 1424 ca-

2076 447 2215 520 πρὸς
2245 448 2304 502 τὸ
2328 449 2506 521 παρὸν
2532 449 2660 520 ὑμῖν
2691 449 2768 521 μὴ
2799 449 3128 521 φαινομένῳ,
3181 453 3268 506 ἀεὶ
3295 453 3352 506 δὲ
3409 453 3488 525 τῷ
3548 454 3667 532 Θεῷ

2077 539 2301 612 φανερῷ
2327 539 2466 606 ὄντι,
2503 541 2599 594 καὶ
2641 540 2772 612 περὶ
2807 541 2962 612 ὑμῶν
2992 545 3440 618 προσευχομένη).
3507 549 3666 601 ’Λπομ

2076 627 2288 701 κριθεὶς
2315 628 2372 682 δὲ
2403 629 2432 682 6
2453 630 2710 700 Χαρίτων
2739 631 2890 698 λέγει
2919 632 3070 704 αὐτῷ
3089 655 3101 665 ·
3136 635 3428 702 ιἌκουσον,
3459 639 3666 712 Πάτερ,

2077 723 2188 775 πᾶν
2217 719 2491 794 τοσούτοις
2517 721 2631 792 ἔχει
2661 739 2676 754 ο
2709 722 3023 794 γέγραπται
3054 725 3164 797 γὰρ
3196 727 3255 780 ἐν
3289 731 3410 793 ταῖς
3463 733 3666 803 [Iapeto

2081 813 2258 885 μίαις,
2300 831 2320 866 ι
2357 813 2527 886 ’ᾼδης
2557 815 2654 868 καὶ
2674 814 2924 870 ἀπώλεια
2954 818 3166 889 φανερὰ
3220 821 3373 892 παρὰ
3430 823 3660 894 Κυρίου,

2080 904 2196 970 πῶς
2229 903 2354 976 οὐχὶ
2383 903 2480 959 καὶ
2511 905 2568 958 αί
2597 905 2818 974 καρδίαι
2848 906 2956 960 τῶν
2995 907 3303 980 ἀνθρώπων
3329 927 3344 975 ;
3382 913 3660 976 ιπάντως.

2079 994 2237 1068 κύριέ
2269 1013 2369 1067 μου
2404 995 2499 1050 καὶ
2527 993 2733 1066 Πάτερ,
2765 996 2860 1050 καὶ
2903 995 2968 1050 τὸ
3011 997 3205 1052 τέκνον
3253 1000 3432 1072 ἡμῶν,
3475 1005 3524 1056 εί
3571 1007 3667 1058 aut

2079 1085 2410 1154 πεφόνευται
2444 1083 2554 1146 ἀπὸ
2586 1085 2770 1157 χειρὸς
2805 1084 3099 1158 ἀνθρώπου
3139 1093 3202 1142 τὸ
3251 1091 3413 1162 σῶμα
3472 1093 3664 1154 αὐτοῦ,

2079 1175 2195 1230 ἀλλ’
2227 1171 2323 1231 οὖν
2349 1175 2384 1247 ἡ
2410 1174 2556 1248 ψυχὴ
2585 1175 2750 1231 αὐτοῦ
2775 1179 2854 1240 είς
2881 1171 3068 1250 χεῖρας
3090 1179 3226 1243 Θεοῦ
3255 1183 3622 1254 παραδέδοται
3648 1203 3664 1217 ο

2081 1267 2325 1342 ἀναίτιος
2351 1268 2462 1341 γάρ
2483 1268 2782 1324 ἀπέθανεν.
2823 1269 2888 1323 Ἦ
2906 1270 2964 1324 δὲ
2987 1271 3126 1342 γυνὴ
3157 1273 3326 1326 αὑτοῦ
3355 1275 3666 1346 ἀπέβλεψεν

2075 1359 2157 1432 τῷ
2190 1361 2418 1432 στόματι
2446 1360 2541 1414 τοῦ
2575 1360 2742 1426 άὸδᾶ,
2812 1361 2874 1415 τὸ
2906 1361 2960 1416 τί
2987 1361 3095 1434 ἄρα
3131 1365 3535 1438 ἀπολογήσεται
3563 1387 3665 1423 1:5-

391 1472 689 1542 lamitatem
719 1450 962 1540 aliquam
999 1467 1280 1529 subiisset,
1319 1465 1404 1520 vel
1447 1473 1506 1519 ut
1544 1473 1599 1518 tu
1631 1471 1811 1534 pptas,
1871 1475 1976 1516 nec

2086 1454 2137 1527 ρὶ
2155 1453 2370 1508 τούτου.
2388 1455 2737 1526 Ἀποκριθεὶς
2765 1455 2823 1510 δὲ
2853 1455 3029 1519 ἀϐὁᾶς
3055 1457 3206 1526 λέγει
3235 1460 3312 1531 τῷ
3337 1461 3618 1532 Χαρίτωνι
3644 1479 3660 1494 ο

393 1576 576 1620 tamen
616 1561 822 1618 factum
850 1569 953 1628 est,
988 1561 1058 1615 ab
1116 1559 1300 1628 aliquo
1349 1556 1570 1612 occisus
1621 1565 1784 1620 esset,
1836 1568 1976 1609 mo:-

391 1672 572 1714 rorem
603 1656 726 1712 ideo
755 1665 808 1710 ct
843 1654 1117 1725 lacrymas
1147 1653 1290 1706 Deus
1319 1649 1619 1720 negligeret
1655 1649 1842 1718 hujus,
1877 1645 1975 1717 qui

389 1761 444 1806 et
483 1749 564 1804 illi
595 1759 648 1804 et
673 1747 834 1803 nobis
861 1744 1181 1802 communis
1205 1753 1291 1799 est
1313 1742 1518 1796 animis
1567 1741 1831 1796 curandis
1871 1739 1975 1793 Pa-

391 1851 473 1897 ter
508 1857 524 1908 ;
562 1838 659 1894 sed
691 1851 819 1891 eum
879 1833 1114 1890 omnino
1143 1834 1208 1888 de
1236 1832 1392 1904 pueri
1441 1830 1608 1886 rebus
1646 1827 1976 1884 edocuisset.

391 1935 600 2006 Itaque,
636 1931 975 1993 mihicrede,
1006 1928 1225 1984 animus
1255 1927 1401 1982 illius
1438 1927 1583 1984 bona
1631 1925 1688 1979 in
1742 1921 1982 2006 statione

395 1997 672 2084 versatur.
716 2021 1071 2078 CuiCharito
1106 2036 1120 2074 :
1158 2017 1342 2086 Bona,‘
1383 2017 1584 2088 inquit,
1633 2026 1799 2086 atque
1839 1997 1985 2069 utilis

386 2116 702 2176 cohortatio
755 2125 850 2170 tua
884 2123 993 2180 est,
1023 2111 1230 2179 Pater;
1259 2121 1316 2168 at
1339 2110 1606 2167 Dominus
1644 2107 1820 2186 novit,
1863 2119 1989 2177 quat

389 2212 488 2267 lilii
517 2209 694 2276 nostri
721 2206 965 2263 conditio
991 2206 1084 2272 sit,
1112 2212 1167 2258 et
1202 2203 1317 2274 ipse
1361 2193 1546 2257 nostri
1619 2197 1986 2258 miserebitur.

391 2317 493 2360 nec
523 2301 706 2357 minus
727 2298 896 2354 animi
927 2296 1092 2362 illius,
1110 2293 1569 2374 quemadmodum
1599 2291 1850 2348 voluntas
1869 2287 1990 2358 ejus

390 2395 520 2464 Iert,
561 2406 755 2450 curam
789 2397 962 2462 geret.

2083 1547 2372 1612 Ἄκουσον,
2402 1545 2603 1616 ἀδελφὲ
2632 1545 2908 1616 Χαρίτων,
2937 1546 3164 1602 πίστευέ
3197 1567 3314 1626 μοι,
3363 1552 3448 1605 ὅτι
3483 1555 3534 1606 εί
3567 1553 3666 1607 ἐπὶ

2080 1639 2236 1710 κακῴ
2265 1638 2530 1706 ἐξέδωκεν
2573 1639 2768 1706 ἑαυτὸν
2793 1640 2856 1693 τὸ
2899 1641 3093 1695 τέκνον
3133 1658 3228 1696 σου
3263 1643 3296 1714 ἢ
3347 1643 3422 1708 ώς
3449 1645 3514 1698 σὺ
3573 1663 3664 1700 νο-

2083 1731 2282 1804 μίξεις,
2313 1730 2684 1800 πεφονεῦσθαι
2714 1732 2880 1786 αὐτὸν
2904 1733 3009 1786 ὑπό
3042 1751 3211 1798 τινος,
3235 1734 3264 1788 ὃ
3293 1737 3353 1788 οὔ
3411 1735 3662 1806 γέγονεν.

2081 1827 2184 1880 οὐκ
2213 1824 2281 1880 ἂν
2315 1824 2542 1896 παρίδεν
2565 1827 2592 1878 6
2619 1825 2754 1890 Θεὸς
2787 1827 2914 1890 τοὺς
2945 1827 3151 1891 κόπους
3193 1828 3292 1884 καὶ⁸
3321 1828 3390 1882 τὰ
3445 1829 3664 1902 δάκρυα

2080 1917 2178 1972 τοῦ
2207 1915 2585 1988 πνευματικοῦ
2614 1917 2783 1972 αὑτοῦ
2817 1935 2878 1972 τε
2909 1919 3004 1973 καὶ
3042 1919 3196 1991 ήμῶν
3226 1921 3410 1976 κοινοῦ
3447 1905 3663 1996 Πατρθις

2081 2008 2270 2064 τούτου
2297 2023 2311 2037 ⁹
2345 2007 2482 2063 ἀλλά
2495 2007 2712 2072 πάντως
2743 2010 3057 2082 φανερῶσαι
3092 2011 3242 2083 αὐτῷ
3269 2009 3416 2084 εἶχεν
3445 2013 3514 2068 τὰ
3541 2015 3666 2069 κατ’

2083 2099 2264 2156 αὐτόν.
2305 2099 2470 2154 Ἀλλὰ
2495 2097 2720 2170 πίσθητί
2761 2116 2871 2168 μοι,
2899 2099 2982 2154 ὅτι
3008 2100 3066 2153 ἐν
3105 2101 3330 2170 ἀγαθοῖς
3383 2101 3667 2166 αὐλίζεται

2085 2195 2120 2265 ἡ
2170 2193 2318 2266 ψυχὴ
2357 2191 2546 2247 αὑτοῦ.
2589 2191 2938 2264 Ἀποκριθεὶς
2967 2193 3026 2246 δὲ
3051 2193 3079 2245 6
3106 2193 3361 2264 Χαρίτων
3392 2195 3542 2263 λέγει
3587 2196 3668 2266 τῷ

2085 2285 2232 2358 ἀὸϐᾷ
2247 2303 2262 2317 ·
2280 2285 2485 2356 ’Δγαθὴ
2502 2285 2598 2344 καὶ
2625 2271 2964 2356 ώφέλιμοξή
2984 2284 3052 2356 σὴ
3079 2286 3427 2358 παραίνεσις,
3445 2288 3630 2359 Πάτερ
3652 2305 3668 2319 ο

2092 2377 2238 2449 πλὴν
2265 2377 2408 2447 ἔγνω
2438 2377 2646 2450 Κύριος
2673 2377 2742 2432 τά
2774 2377 2916 2432 κατά
2940 2379 3002 2432 τὸ
3035 2370 3244 2434 ’τέκνον
3301 2379 3464 2451 ἡμῶν
3495 2398 3510 2414 ο
3573 2383 3673 2434 καὶ

2073 2475 2222 2546 ἡμᾶς
2253 2473 2466 2545 ἐλεήσει
2493 2487 2510 2504 ·
2563 2472 2730 2528 αὐτοῦ
2801 2471 2878 2537 δὲ,
2910 2460 3010 2538 ὡς’
3043 2473 3316 2545 βούλεται,
3369 2474 3470 2548 τήν
3492 2473 3674 2547 ψυχὴν

2091 2571 2380 2642 διοικήσει.

463 2659 655 2742 XXIII.
687 2659 822 2717 Post
847 2659 965 2716 haec
1003 2658 1174 2715 abbas
1207 2657 1531 2730 episcOpum
1561 2667 1740 2728 ragat,
1782 2669 1844 2715 ut
1884 2677 1972 2716 ar-

2147 2667 2278 2722 Kl".
2299 2651 2436 2720 Εἶτα
2464 2665 2640 2718 ταῦτα
2667 2664 2932 2738 ειπόντφν
2961 2664 3142 2720 αὐτῶν
3157 2664 3305 2736 λέγει
3342 2669 3370 2722 ι
3389 2668 3564 2732 sese;
3591 2668 3674 2742 τῷ

394 2741 782 2814 chidiaeonum
811 2753 1034 2826 prodire
1065 2753 1122 2808 in
1149 2753 1391 2809 medium
1443 2753 1632 2831 jubeat
1662 2771 1677 2821 ;
1711 2761 1887 2824 utque
1937 2755 1986 2811 is

396 2853 451 2908 in
483 2850 725 2908 medium
785 2847 1074 2918 processit,
1106 2845 1188 2901 sic
1216 2859 1342 2900 eum
1372 2843 1570 2900 affatur
1605 2841 1749 2918 :[n]
1781 2845 1875 2902 Dic
1906 2853 1984 2912 tu,

396 2944 584 3005 homo.
619 2951 793 3010 quare
831 2951 955 3008 quae
995 2935 1136 2991 Deus
1165 2935 1223 2990 in
1262 2949 1436 3006 puero
1478 2936 1764 3006 praeclara
1795 2945 1988 2992 osten-

396 3034 574 3097 derat,
614 3032 874 3102 episcopo
915 3041 1022 3082 non
1051 3024 1389 3080 declarasti?
1417 3040 1517 3080 cur
1565 3023 1760 3080 abiens
1802 3023 1987 3079 fodisti

400 3125 454 3177 in
491 3131 660 3188 terra,
694 3127 751 3174 et
765 3117 988 3188 ,domini
1016 3116 1098 3171 tui
1133 3122 1421 3186 argentum
1454 3122 1513 3168 ut
1554 3129 1750 3170 servus
1781 3113 1870 3168 ille
1892 3129 1988 3168 ne-

397 3230 586 3288 quam,
615 3211 903 3272 occultasti
930 3211 953 3265 ἲ
985 3209 1238 3265 malnsne
1294 3207 1515 3263 animus
1560 3208 1676 3263 haec
1708 3215 1988 3276 tuusper-

399 3309 585 3374 vertit,
620 3323 688 3362 an
726 3306 910 3377 potius
939 3291 1090 3359 hanc
1144 3301 1238 3357 tibi
1298 3311 1536 3356 mentem
1599 3300 1850 3356 diabolus
1887 3299 1988 3354 de-

399 3401 517 3456 lose
542 3397 756 3468 injecit,
791 3394 1102 3464 suasitque,
1139 3401 1200 3447 ut
1237 3386 1334 3446 Dei
1363 3392 1567 3446 donum
1585 3391 1990 3456 abscOnderes?

401 3505 760 3562 nunquamne
795 3501 924 3544 vero
951 3487 1178 3557 legeras,
1211 3484 1509 3557 gloriosum
1539 3499 1660 3540 esse
1696 3483 1795 3560 Dei
1857 3498 1989 3554 ope-

403 3602 462 3641 ra
494 3579 894 3656 promulgare?
925 3593 990 3634 ac
1019 3579 1155 3634 tales
1189 3578 1304 3649 ipse
1333 3585 1388 3632 et
1418 3585 1599 3632 tantas
1625 3576 1834 3632 inferre
1865 3591 1987 3630 mor-

403 3676 594 3733 leStias
624 3673 848 3744 potuisti
881 3671 1234 3728 sanctissimo
1287 3669 1570 3740 episcopo,
1632 3669 1991 3739 ejusdemque

399 3777 568 3818 causa
603 3760 806 3832 populo
860 3759 1116 3815 universo
1169 3767 1225 3814 et
1273 3757 1361 3814 his
1417 3759 1571 3830 pueri
1627 3757 1988 3828 parentibus?

399 3853 538 3911 Nam
567 3853 612 3910 si
643 3867 739 3908 eos
767 3851 1036 3907 certiores
1067 3850 1220 3906 deiis
1251 3848 1636 3920 lecisses,quaa
1667 3850 1810 3906 Deus
1836 3849 1989 3920 pueri
2061 3847 2085 3868 ⁸

401 3961 570 4002 causa
596 3944 831 3999 illustria
859 3949 1151 4014 patrasset,
1181 3939 1428 4012 profecto
1463 3941 1635 4012 gavisi
1663 3951 1848 3996 essent
1868 3955 1989 3996 om-

2088 2757 2372 2828 ὲπισκόπῳ
2401 2770 2414 2786 ·
2449 2757 2659 2825 Ἀγαγέ
2687 2757 2768 2820 είς
2795 2756 2960 2827 μέσον
2988 2757 3078 2811 τὸν
3106 2757 3506 2832 ἀρχιδιάκονιν.
3535 2757 3673 2814 Εἶτα

2085 2852 2166 2916 είς
2195 2851 2360 2922 μέσον
2391 2848 2520 2910 στάς
2553 2851 2582 2902 6
2612 2847 3012 2922 άρχιδιάκονος,
3047 2849 3200 2918 λέγει
3231 2849 3383 2921 αὐτῷ
3412 2853 3440 2905 6
3462 2851 3664 2914 άόὅᾶς·

2085 2919 2227 3012 Λέγε
2253 2941 2342 3008 σὺ,
2393 2919 2670 3012 ἄνθρωπε,
2701 2940 2848 3005 τίνος
2881 2919 3072 2996 ἕνεκεν
3118 2942 3242 3004 ,οὐκ
3300 2919 3671 3012 ἀπεκάλυψας

2085 3033 2156 3088 τά
2189 3034 2453 3104 μεγαλεῖα
2484 3030 2578 3084 τοῦ
2614 3030 2847 3088 Θεοῦτά
2880 3032 3157 3102 γενόμενα
3207 3034 3290 3097 είς
3338 3033 3442 3088 τὸν
3502 3035 3670 3088 παῖδα

2086 3125 2164 3197 τῷ
2210 3123 2497 3194 ὲπισκόπῳ
2524 3139 2540 3188 ;
2571 3122 2684 3177 ἀλλ’
2717 3121 2970 3188 ἀπελθὼν
3000 3122 3218 3196 ὢρυξας
3235 3127 3304 3178 ὲν
3329 3128 3396 3196 τῇ
3429 3129 3524 3198 γῇ,
3573 3127 3670 3180 καὶ

2087 3216 2333 3290 ἔκρυψας
2361 3217 2422 3270 τὸ
2449 3215 2717 3288 ἀργύριον
2745 3214 2841 3269 τοῦ
2867 3217 3060 3288 κυρίου
3093 3234 3209 3281 σου,
3261 3216 3448 3290 καθὼς
3498 3221 3596 3274 καὶ
3641 3223 3673 3274 6

2085 3311 2324 3384 πονηρὸς
2347 3311 2532 3374 δοῦλος
2561 3309 2776 3372 ἐκεῖνος
2809 3327 2826 3377 ;
2861 3311 2890 3364 6
2919 3309 3046 3375 νοῦς
3077 3301 3172 3364 σου
3200 3314 3228 3366 6
3252 3311 3429 3376 δόλιος
3495 3312 3673 3368 ταῦτα

2087 3405 2472 3475 ὲτρωπήσατο,
2495 3402 2710 3474 μᾶλλον
2727 3401 2784 3455 δὲ
2815 3404 2844 3456 6
2899 3401 3194 3472 ὲνσπείρας
3215 3397 3273 3456 ὲν
3305 3404 3389 3458 σοὶ
3449 3406 3676 3458 κακότεο

2087 3513 2216 3568 χνος
2243 3495 2488 3558 διάϐολος
2517 3494 2705 3548 τοῦτον
2728 3494 2820 3547 τὸν
2845 3494 3132 3562 λογισμὸν,
3158 3479 3676 3569 παραλογισάμενος

2088 3589 2188 3662 τὴν
2215 3587 2309 3642 τοῦ
2345 3587 2480 3641 Θεοῦ
2518 3587 2680 3658 χάριν
2724 3585 3144 3655 καλύπτεσθαι;
3191 3588 3224 3660 ἦ
3279 3590 3384 3645 οὐκ
3430 3593 3676 3662 ἀνέγνως

2089 3683 2224 3734 ποτε
2249 3679 2321 3734 τὰ
2343 3680 2436 3734 τοῦ
2465 3679 2604 3734 Θεοῦ
2634 3678 2780 3750 ἔργα.
2823 3681 3224 3752 ἀνακηρύττειν
3258 3681 3470 3748 ἔνδοξον
3501 3701 3516 3748 ;
3579 3689 3678 3738 καὶ

2088 3771 2356 3836 τοσαύτας
2392 3773 2488 3826 καὶ
2527 3771 2782 3834 τοιαύτας
2830 3771 3040 3842 θλίψεις
3067 3775 3348 3845 ἐπήγαγες
3383 3777 3463 3847 τῷ
3515 3780 3680 3832 ὁσιω-

2090 3865 2240 3937 τάτῳ
2269 3865 2577 3936 ὲπισκόπῳ,
2610 3865 2706 3918 καὶ
2735 3864 2803 3918 δι’
2836 3865 3003 3922 αὑτοῦ
3053 3867 3220 3920 παντὶ
3283 3867 3363 3938 τῷ
3409 3869 3526 3940 λαῷ
3580 3873 3681 3925 καὶ

2059 3931 2066 3936 ⁸
2091 3931 2223 4020 τοῖς-
2237 3957 2487 4026 γονεῦσιν
2507 3931 2602 4009 τοῦ
2625 3956 2840 4010 παιδίου
2863 3973 2881 4022 ;
2906 3958 3115 4022 Ὄντως
3132 3960 3182 4012 εί
3203 3931 3558 4032 ἐφανέρωσας
3575 3965 3678 4016 αὒ-

403 4053 523 4105 ηθεν
563 4053 746 4110 neque
797 4037 853 4092 in
905 4044 1118 4092 ιθίιιυῐη
1178 4049 1472 4091 ωαποτεῐη
1529 4035 1595 4088 ad
1663 4033 1767 4088 hoc
1815 4047 1988 4102 υδίιυθ
2021 4045 2064 4100 D
2092 4049 2206 4112 τοῖς
2242 4048 2340 4118 τὴν
2363 4047 2520 4112 δόξαν
2541 4047 2634 4108 τοῦ
2660 4047 2819 4113 Θεοῦ,
2859 4051 3042 4122 ἥνπερ
3069 4051 3327 4123 ἐποίησεν
3393 4052 3537 4124 μετά
3581 4057 3680 4108 τοῦ

403 4144 620 4204 tempus
637 4129 1038 4204 pervenissent.
1059 4129 1174 4199 Age
1189 4127 1377 4199 igitur,
1400 4127 1592 4193 homo,
1607 4125 1821 4196 singula
1845 4124 1990 4182 edis-

409 4239 557 4282 SCI‘O.
629 4264 646 4270 ~

472 4398 666 4456 XXIV.
715 4397 816 4456 llic
840 4389 981 4455 vero
1011 4398 1214 4468 pallere
1251 4398 1698 4472 archidiaconus,
1751 4411 1816 4451 ac
1864 4397 1994 4452 totis

406 4495 643 4550 artubus
680 4491 1108 4550 contremiscere
1139 4505 1153 4542 :
1191 4496 1307 4543 tum
1335 4503 1522 4543 coram
1578 4502 1645 4542 eo
1673 4489 1751 4541 ‘in
1787 4497 1991 4543 terram

409 4589 722 4661 prolapsus,
757 4588 976 4660 plorare
1009 4583 1246 4656 graviter
1293 4597 1358 4637 ac
1401 4582 1584 4638 dicere
1617 4597 1630 4634 :
1691 4581 1833 4636 Proh
1873 4596 1991 4647 vos,

409 4683 542 4748 mei,
569 4681 764 4737 Patres
795 4677 995 4742 sancti,
1024 4675 1284 4732 misereat
1309 4673 1602 4744 lllagitium
1627 4689 1656 4727 a
1677 4689 1762 4728 me
1787 4672 1994 4728 admis-

408 4790 532 4830 sum
559 4783 645 4828 est
672 4787 857 4828 coram
884 4769 997 4825 Deo
1033 4777 1088 4840 et
1109 4783 1294 4823 coram
1331 4766 1533 4837 populo
1567 4767 1672 4820 hoc
1710 4766 1992 4832 universo,

409 4866 650 4920 maxime
691 4878 818 4918 vero
862 4863 1130 4918 adversus
1168 4859 1579 4917 sanctissimum
1643 4859 1990 4929 cpiscOpum,

409 4971 574 5028 quem
608 4969 958 5010 communem
993 4959 1280 5024 parentem
1309 4952 1576 5008 habemus
1612 4968 1626 5005 :
1667 4967 1762 5021 per
1811 4951 1993 5022 ipsum

414 5064 510 5104 vos
566 5048 735 5103 Deum
765 5059 885 5109 oro,
912 5046 1130 5102 veniam
1171 5045 1310 5101 date.
1375 5044 1477 5100 Cui
1520 5043 1690 5100 abbas
1729 5061 1743 5098 :
1799 5043 1994 5114 Surge,

415 5141 612 5212 inquit,
641 5147 696 5195 et
741 5153 806 5194 ea
840 5153 962 5208 quae
991 5137 1059 5194 de
1093 5151 1264 5209 puero
1291 5135 1497 5192 videris
1521 5147 1686 5206 atque
1730 5136 1996 5201 audieris,

414 5232 576 5290 nobis
597 5245 817 5286 enarra.
847 5230 992 5302 Ergo
1021 5227 1468 5292 archidiaconus,
1494 5239 1618 5282 cum
1655 5241 1686 5281 a
1719 5226 1837 5282 solo
1873 5241 1998 5281 sur-

414 5325 668 5388 rexisset,
693 5322 773 5377 sic
804 5321 984 5378 dicere
1017 5319 1292 5376 instituit:
1316 5317 1513 5374 Audite
1533 5333 1643 5385 me,
1677 5317 1865 5374 Patres
1883 5317 1995 5374 fra-

415 5423 639 5485 tresque
664 5427 900 5468 omnes:
931 5409 1278 5482 quiescebam
1340 5419 1500 5465 nocte
1534 5408 1774 5480 quadam
1815 5409 1869 5464 in
1905 5424 1994 5466 sa-

2094 4139 2408 4211 παιδαρίου,
2450 4141 2728 4212 ἐχάρησαν
2761 4141 2826 4194 ἂν
2856 4142 3079 4208 πάντες,
3122 4143 3216 4198 καὶ
3247 4145 3456 4210 οὐκείς
3480 4149 3682 4202 τοσαύο

2095 4247 2196 4296 την
2225 4231 2578 4300 κατήντησαν
2608 4230 2849 4302 ἀθυμίαν
2882 4232 2990 4298 ἕως
3025 4233 3122 4286 τοῦ
3155 4233 3272 4292 νῦν.
3298 4235 3436 4290 Εἰπὲ
3465 4237 3704 4295 οὖνέπεὶ.

2096 4323 2336 4386 πάντων,
2365 4322 2641 4393 ἄνθρωπε.

2166 4409 2292 4464 KA'.
2351 4411 2412 4465 '0
2462 4412 2520 4465 δὲ
2543 4414 2921 4484 ἀρχιδιάκονος
2967 4414 3169 4486 ήρξατο
3193 4417 3537 4472 ἀλλοιοῦσθαι
3603 4419 3684 4490 τῷ

2097 4501 2378 4572 προσώπῳ
2406 4504 2502 4555 καὶ
2527 4504 2772 4575 τρέμειν,
2807 4509 2904 4560 καὶ¹
2947 4509 3018 4562 τὰ
3043 4508 3248 4576 γόνατα
3291 4511 3462 4564 αὐτοῦ
3523 4511 3687 4566 τοῦτο

2098 4591 2239 4664 πρὸς
2266 4591 2428 4646 τοῦτο
2461 4596 2860 4667 συνεκρούοντο
2882 4612 2895 4626 ·
2927 4583 3024 4652 καὶ
3052 4599 3238 4652 πεσὼν
3263 4601 3360 4658 ἐπὶ
3387 4601 3684 4674 πρόσωπον

2095 4683 2260 4738 αὐτοῦ
2307 4683 2446 4756 μετά
2469 4685 2752 4758 κλαυθμοῦ
2779 4691 2982 4762 πικροῦ
3005 4691 3193 4760 ἔλεγεν
3209 4708 3226 4722 '
3274 4693 3571 4766 Ἐλεήσατέ
3589 4714 3682 4767 με,

2096 4773 2312 4846 Πάτρες
2344 4774 2774 4848 ἆγιοι,ἦμαρτον
2799 4778 3030 4834 ἐνώπιον
3045 4782 3137 4836 τοῦ
3150 4782 3308 4849 Θεοῦ,
3324 4785 3423 4839 καὶ
3451 4785 3685 4840 ἐνώπιον

2097 4867 2300 4930 παντὸς
2355 4867 2450 4921 τοῦ
2475 4868 2615 4924 λαοῦ
2646 4870 2862 4936 τούτου,
2883 4871 3179 4945 ἐξαιρέτως
3197 4875 3360 4940 δὲ-είς
3383 4877 3476 4930 τδν
3502 4879 3685 4932 κοινὸν

2098 4957 2258 5029 ἡμῶν
2289 4960 2508 5032 Πατέρα
2537 4962 2629 5016 τὸν
2657 4963 2954 5019 ὁσιώτατον
2997 4967 3300 5021 ἐπίσκοπον
3324 4985 3338 5001 ·
3388 4971 3684 5040 συγχωρή-

2099 5049 2238 5142 σατέε
2269 5069 2361 5142 μοι
2385 5053 2452 5106 δι’
2488 5055 2652 5109 αὐτὸν
2681 5055 2839 5111 Θεόν.
2857 5060 3022 5127 Λέγει
3048 5060 3202 5132 αὐτῷ
3227 5065 3256 5117 6
3284 5062 3462 5126 sese;
3486 5079 3501 5094 °
3539 5063 3684 5116 Ἀναο

2099 5140 2233 5204 στὰς
2270 5141 2532 5214 διήγησαι
2566 5145 2698 5217 ἡμῖν
2730 5147 2768 5202 ἀ
2795 5143 2936 5214 εῐδες
2967 5152 3061 5205 καὶ
3101 5150 3351 5224 ἀκήκοας
3402 5159 3532 5230 περὶ
3585 5159 3682 5214 τοῦ

2101 5231 2416 5304 παιδαρίου.
2482 5235 2749 5302 ’Δναστάς
2797 5238 2857 5292 δὲ
2917 5241 2963 5312 ὁ,
3001 5242 3382 5312 ἀρχιδιάκονος
3425 5248 3534 5302 ἀπὸ
3587 5249 3678 5302 τοῦ

2101 5320 2354 5391 ἐδάφους,
2385 5322 2592 5396 ἤρξατο
2622 5326 2805 5398 λέγειν
2831 5344 2845 5358 ⁸
2875 5331 3034 5384 ’Δκοῦ
3047 5334 3172 5387 εατέ
3205 5337 3560 5408 μου,Πάτρες
3590 5338 3680 5392 καὶ

2102 5429 2308 5478 παντες
2358 5415 2601 5488 ἀδελφοί.
2635 5422 2999 5494 Κοιμωμένου
3054 5443 3158 5495 μου
3191 5429 3252 5482 ὲν
3279 5431 3385 5503 μιᾷ
3438 5428 3588 5485 νυκτὶ
3613 5433 3669 5485 ὲν

487 5601 604 5696 est
627 5596 1550 5696 r129.“rectetearabsm
1579 5599 1730 5672 παρά
1751 5597 1830 5670 τῷ
1874 5599 1985 5674 xw

2120 5603 2330 5676 Symm.
2354 5607 2606 5696 ἐνώπιον.
2641 5609 2850 5668 Theod.
2889 5613 3152 5668 ἐναντίον.
3223 5623 3228 5628 ’

491 5669 606 5744 (95)
631 5671 764 5730 Cod.
803 5672 860 5741 2,
895 5688 961 5726 πε
971 5669 1252 5742 ριέσλεψεν
1277 5669 1526 5744 στόματι.
