4054 6204
431 315 536 378 5.99

1417 303 1479 364 S.
1515 301 1902 366 'GREGORII
1957 299 2470 362 AGRIGENTINI
2508 299 2704 363 VlTA.

3579 299 3685 362 590

434 425 515 495 τῷ
559 422 762 494 nmo
790 420 886 478 τοῦ
926 419 1380 490 σκευοφυλακίου,
1417 421 1514 476 καὶ
1559 421 1696 490 ἐμοῦ
1749 420 2014 502 deumch

2133 417 2276 472 :rarii
2318 417 2476 482 cella,
2506 416 2732 486 jamque
2763 415 3230 480 obdormivi-ram,
3285 427 3410 472 cum
3474 412 3686 470 terribi-

437 533 653 580 σαντος.
685 514 955 588 κέκληκεν
987 532 1070 577 τις
1090 511 1320 586 φοϐερὸς
1345 513 1439 570 τὸν
1473 513 1666 571 παῖδα.»
1709 515 1770 568 '0
1802 513 1860 566 δὲ
1889 513 2022 568 ἀνα·

439 610 572 674 στὰς
620 607 753 683 εστη
795 605 1107 678 ἔμπροσθέν
1139 623 1264 678 μου,
1292 605 1389 658 καὶ
1411 599 1566 658 εἷπέν
1620 623 1710 676 μοι
1743 621 1758 636 ·
1818 605 1884 658 Τί
1927 605 2020 659 κὲ-

437 698 646 770 κληκας
676 713 767 770 με,
795 695 992 763 κύριε;
1022 697 1130 748 Καὶ
1158 689 1313 750 εἷπον
1345 693 1513 764 αὐτῷ’
1548 695 1624 748 Οὐ
1655 694 1904 764 κέκληκά
1934 711 2018 755 σε,

437 789 653 853 τέκνον,
687 787 818 856 ἐγώ.
846 783 980 842 Εἶτα
1009 785 1174 842 πάλιν
1199 785 1318 858 μετ’
1375 786 1555 855 ὀλίγον
1619 786 1824 856 ἐπέστη
1872 785 2023 854 αὐτῷ

438 881 693 950 δεύτερον
710 882 862 952 φωνῇ
881 879 1080 949 λέγων’
1107 879 1395 950 Γρηγόριε⁶
1417 880 1513 934 καὶ
1529 877 1691 932 πάλιν
1711 878 2022 949 προσελθὼν

440 967 596 1024 εἶπέν
627 987 739 1042 μου
769 970 898 1024 Ἰδοὺ
924 969 1071 1039 ὲγὼ,-
1092 969 1271 1042 κύριε,
1305 970 1355 1022 τί
1383 969 1786 1040 κέκληκαςμες
1816 971 1921 1022 Καὶ
1941 963 2022 1022 eL

442 1081 542 1118 πον
574 1061 726 1132 αὑτῴ
755 1079 767 1091 ·
803 1062 878 1116 Οὐ
909 1060 1157 1130 κέκληκά
1198 1079 1256 1116 σε
1277 1101 1293 1126 ,
1323 1061 1536 1115 τέκνον.
1573 1059 1789 1128 Ἔγνων
1833 1059 1912 1120 δὲ.
1938 1059 2023 1114 ὅτι

443 1153 712 1207 ὀπτασίαν
769 1151 935 1222 ἑώρα,
965 1151 1062 1205 καὶ
1094 1146 1251 1205 εἷπον
1308 1149 1456 1220 αὐτῷ
1483 1167 1498 1180 θ
1580 1150 1710 1204 Ἐὰν
1763 1149 1920 1203 καλεῖ
1960 1165 2022 1201 σε

447 1243 614 1308 ἅπαξ,
651 1245 862 1307 τέκνον,
888 1243 1217 1314 ἀποκρίθητι
1239 1242 1409 1314 αὐτῷ·
1449 1242 1578 1295 ’1δοῦ
1611 1239 1740 1309 ἐγὼ,
1775 1240 1827 1293 τί
1855 1257 2021 1310 προσο

446 1335 662 1400 τάττεις
695 1336 770 1405 τῷ
827 1334 903 1404 σῷ
942 1335 1168 1406 οἱκέτῃ;
1203 1333 1334 1388 Εἶτα
1381 1333 1545 1386 πάλιν
1575 1335 1640 1386 ἐκ
1677 1331 1859 1402 τρίτου
1907 1348 2024 1398 φω-

447 1429 618 1500 νήσας
645 1427 806 1481 αὐτὸν
837 1431 864 1480 6
889 1427 1069 1480 καλῶν
1098 1425 1263 1480 αὐτόν
1291 1441 1306 1456 ⁸
1340 1427 1367 1480 6
1388 1425 1446 1478 δέ
1475 1439 1489 1453 ⁸
1519 1424 1584 1478 Τί
1614 1425 1785 1485 ἐστιν,
1840 1422 2022 1493 κύριε,

447 1517 501 1570 τί
532 1515 889 1588 προστάττεις
917 1515 996 1586 τῷ
1025 1515 1104 1584 σῷ
1132 1514 1320 1585 οἰκέτῃ
1347 1515 1490 1579 ςΚαὶ
1517 1511 1821 1578 διετάξατο,
1840 1511 2025 1574 καθὼς

448 1610 659 1680 ηκουσα
705 1610 770 1660 ὲκ
799 1608 1027 1680 μέρους,
1059 1608 1140 1663 ὅτι
1179 1603 1586 1678 Πορεύθητιείς
1639 1606 1732 1659 τὸν
1778 1603 2026 1672 αἰγιαλὸν

451 1699 544 1754 καὶ
589 1699 844 1770 εὑρήσεις
871 1699 1052 1752 ἐκεῖσε
1098 1698 1224 1764 τοὺς
1279 1697 1504 1769 ἔχοντάς
1557 1714 1614 1752 σε
1668 1697 2024 1768 διαπερᾶσαι.

2119 515 2188 570 lis
2239 513 2424 570 nescio
2491 508 2616 578 quis
2647 523 2872 578 puerum
2908 506 3140 562 vocavit.
3196 505 3289 560 Ille
3339 521 3466 561 vero
3509 519 3694 561 assur-

2121 615 2256 672 gens
2294 609 2349 656 et
2381 615 2466 656 me
2493 615 2680 657 coram
2718 615 3019 656 accurrcns
3052 615 3065 652 :
3105 597 3406 665 Quorsum,
3437 599 3536 664 ait,
3580 614 3690 660 me,

2120 693 2362 762 domine,
2399 693 2648 750 vocasti?
2678 691 2776 746 Cui
2817 705 2954 760 ego:
2986 688 3103 746 Non
3133 691 3410 760 equidem,
3443 689 3692 760 inquam,

2123 795 2176 842 te
2208 785 2420 851 vocavi,
2455 785 2550 840 Illi.
2597 783 2766 838 Paulo
2805 791 2930 852 post
2971 781 3112 836 idem
3166 781 3216 835 ei
3242 797 3461 834 rursum
3521 780 3699 836 astitit

2121 896 2256 938 voce
2295 881 2622 944 inclamans,
2663 876 2888 942 Gregori
2927 889 2940 928 :
2983 885 3034 930 et
3060 874 3149 928 ille
3181 874 3374 928 iterum
3408 873 3474 928 ad
3498 888 3584 928 me
3606 887 3698 926 ac-

2123 975 2368 1030 cedens:
2419 971 2557 1026 Ecce
2581 985 2714 1040 ego,
2750 967 2947 1038 inquit,
2986 965 3241 1028 domine,
3290 978 3554 1032 quorsum
3610 979 3698 1018 me

2123 1064 2380 1120 vocasti?
2427 1063 2526 1118 Cui
2583 1078 2726 1134 ego:
2767 1060 2988 1114 Minime
3047 1068 3099 1115 te
3158 1055 3370 1120 vocavi,
3428 1056 3521 1110 lili.
3594 1053 3700 1109 Sed

2125 1171 2248 1212 cum
2283 1155 2670 1225 percepissem,
2707 1153 2887 1208 visum
2914 1152 2964 1206 ei
3004 1151 3273 1210 oblatum,
3303 1145 3517 1216 adjeci:
3553 1146 3611 1201 Si
3645 1155 3701 1200 te

2126 1243 2295 1298 semel
2334 1244 2658 1305 etiamnum,
2691 1241 2786 1304 ﬁli,
2816 1241 3048 1305 vocarit,
3114 1238 3330 1294 vocanti
3373 1235 3644 1306 responde
3679 1252 3693 1288 :

2126 1334 2264 1389 Ecce
2296 1349 2418 1402 ego,
2461 1333 2588 1406 quid
2629 1332 2833 1388 (annulo
2857 1330 3167 1404 praescribis
3197 1327 3334 1382 tuo?
3386 1327 3531 1397 Ergo
3575 1341 3700 1381 cum

2125 1441 2251 1480 cum
2285 1429 2444 1480 tertio
2473 1427 2560 1481 i.|e
2589 1425 2732 1480 idem
2807 1432 3084 1486 vocasset,
3142 1421 3377 1492 subjecit
3428 1419 3699 1491 protinus,

2137 1519 2282 1585 Quid
2315 1527 2418 1577 est,
2451 1517 2690 1580 domine,
2718 1517 2860 1588 quod
2892 1515 3097 1569 famulo
3121 1511 3430 1585 praescribis
3451 1511 3580 1566 tuo?
3603 1511 3704 1566 Λι-

2126 1626 2234 1681 que
2274 1610 2386 1676 ille,
2414 1619 2688 1679 quatenus
2717 1609 2908 1681 audire
2935 1606 3110 1671 licuit,
3153 1605 3303 1664 abire
3341 1620 3466 1660 eum
3519 1604 3585 1657 ad
3617 1603 3707 1656 lit-

2130 1679 2217 1757 tius
2247 1702 2432 1773 jussit,
2470 1702 2654 1772 ibique
2689 1679 3040 1755 inventurum
3075 1701 3172 1766 ait,
3205 1699 3297 1772 qui
3337 1697 3706 1754 transmittere

451 1791 634 1845 Ταῦτα
657 1791 870 1860 ηκουσα
901 1789 1053 1860 παρὰ
1082 1789 1178 1842 τοῦ
1201 1776 1437 1861 φοόεροῦ
1467 1787 1562 1843 τοῦ
1607 1786 1904 1853 καλοῦντος
1931 1787 2028 1840 αὐ-

2133 1803 2374 1868 possent.
2411 1793 2536 1849 llaec
2557 1809 2658 1864 ego
2695 1809 2758 1848 ex
2802 1791 3059 1848 terribilis
3111 1791 3256 1846 illius
3295 1804 3429 1844 voce
3473 1788 3703 1844 audivi:

451 1884 542 1937 τόν
564 1899 579 1912 ·
629 1883 764 1936 ἀλλὰ
794 1881 1054 1951 φοϐηθεὶς
1085 1883 1186 1937 οὐκ
1209 1881 1523 1954 ἀπήγγειλὰ
1551 1899 1657 1935 τινι
1699 1879 1761 1934 τὸ
1819 1877 2025 1951 ὅραμα,

455 1975 530 2044 μή
570 1991 699 2027 ποτε
731 1975 790 2026 οὐ
827 1973 902 2044 μὴ
933 1974 1216 2026 πιστεύσει
1253 1973 1344 2044 μοί
1373 1991 1478 2039 τις,
1505 1972 1622 2026 ἀλλ’
1652 1973 1906 2032 εἴπωσιν,
1944 1971 2027 2026 ὅτι

455 2062 566 2131 ἐγὼ
600 2063 820 2134 αὐτὸνῆ
874 2065 1154 2135 πέπρακα,
1210 2064 1244 2134 ἢ
1293 2063 1578 2133 ἐφόνευσα.
1622 2062 1786 2130 Λέγει
1821 2060 1973 2132 αὐτῷ
1999 2061 2029 2116 ὁ

453 2153 628 2216 ἀὸσᾱς
651 2170 666 2184 ο
710 2153 766 2207 Ὀ
793 2152 927 2216 Θεὸς
957 2153 1410 2224 συγχωρήσειςσοι
1439 2152 1508 2206 δι’
1526 2152 1700 2223 εὐχῶν
1725 2150 1818 2206 τοῦ
1845 2148 2026 2205 κοινοῦ

455 2245 611 2315 ἡμῶν
639 2243 872 2314 Πατρός.
967 2299 972 2306 ,

528 2335 656 2388 κε’.
696 2329 828 2386 Εἶτα
863 2334 1066 2406 ἤρξατο
1116 2335 1145 2387 6
1199 2332 1375 2399 ἁόϐἄς
1439 2334 1622 2403 λέγειν
1655 2350 1668 2364 ·
1709 2334 2027 2400 Ἀκούσατε,

456 2425 678 2502 ἀβελφοὶ
709 2425 803 2477 καὶ
830 2425 1061 2494 Πάτρες,
1093 2425 1189 2478 καὶ
1220 2427 1370 2478 πᾶσα
1398 2426 1432 2496 ἡ
1471 2425 1791 2494 Ἐκκλησία,
1826 2423 1888 2479 τὸ
1921 2442 2024 2478 πα-

461 2514 681 2585 ράδοξον
712 2513 899 2584 θαῦμα
925 2515 986 2566 τὸ
1024 2514 1316 2584 γενόμενον
1349 2517 1406 2567 ὲν
1435 2517 1557 2578 ταῖς
1611 2514 1846 2586 ἡμέραις
1897 2513 2031 2566 ταύ-

455 2621 600 2666 ταις.
673 2601 1016 2672 Ἦκούσαμεν
1104 2603 1161 2658 ὲν
1217 2604 1329 2665 τοῖς
1387 2601 1709 2666 Βασιλείοις,
1767 2603 1849 2655 ὅτι
1914 2619 2030 2656 κοι-

462 2695 718 2768 μωμένου
743 2692 838 2748 τοῦ
861 2694 1151 2764 παιδαρίου
1178 2693 1432 2766 Σαμουὴλ
1463 2693 1565 2748 τοῦ·
1583 2695 1864 2766 προφήτου
1897 2692 2030 2746 ποτὲ

458 2786 772 2862 ἔμπροσθεν
813 2785 906 2840 τοῦ
948 2785 1068 2838 Ἠλὶ
1123 2781 1216 2838 τοῦ
1280 2785 1490 2855 ἱερέως.
1545 2785 1814 2854 κέκληκεν
1869 2783 2031 2836 αὑτὸν

459 2878 690 2948 ἄγγελος
729 2878 935 2948 Κυρίου
965 2876 1164 2944 λέγων*
1199 2895 1218 2928 ι
1240 2875 1514 2947 Σαμουὴλ,
1543 2876 1797 2948 Σαμουὴλ
1817 2894 1832 2909 ·
1865 2895 1883 2929 ι
1907 2876 2032 2931 τοῦ·

458 2987 555 3024 του
577 2969 638 3023 δὲ
666 2971 732 3023 ὲκ
760 2970 943 3040 τρίτου
967 2969 1190 3037 γέγονεν
1223 2971 1255 3038 ἡ
1294 2967 1444 3037 φωνὴ
1479 2967 1702 3039 πρόςλτδ
1723 2967 2030 3040 παιδάριον,

2129 1885 2224 1942 sed
2268 1894 2412 1940 metu
2445 1895 2728 1953 correptus
2757 1883 2936 1938 visum
2974 1881 3179 1936 nemini
3235 1880 3500 1943 iudicavi,
3537 1880 3707 1933 nemi-

2131 1991 2256 2030 nem
2285 1985 2442 2030 ratus
2467 1976 2626 2030 Iidem
2666 1974 2798 2028 mihi
2838 1973 3174 2036 habiturum,
3209 1987 3272 2026 ac
3306 1971 3550 2028 dicturos
3605 1985 3705 2040 po-

2133 2067 2264 2131 tius,
2296 2083 2523 2136 puerum
2551 2082 2582 2122 a
2620 2081 2705 2120 me
2738 2065 2821 2118 vel
2863 2065 3138 2118 venditum
3170 2063 3251 2116 vci
3280 2072 3531 2119 necatum
3561 2077 3704 2118 esse.

2129 2157 2326 2226 Porro,
2371 2159 2558 2223 abbas,
2595 2158 2713 2222 tibi,
2743 2157 2944 2226 inquit,
2999 2156 3142 2212 Deus
3196 2164 3404 2226 pareat,
3449 2155 3708 2228 precibus

2129 2251 2444 2307 communis
2479 2250 2655 2323 patris
2684 2233 2860 2304 nostri
2914 2248 3183 2320 placatus.

2202 2340 2369 2396 XXV.
2417 2339 2556 2396 Tum
2594 2357 2905 2397 sermonem
2958 2342 3294 2396 instituens:
3329 2339 3552 2408 Audite,
3609 2340 3705 2402 ait,

2133 2428 2336 2484 fratres
2380 2439 2678 2500 patresque
2702 2439 2757 2484 et
2815 2431 2998 2485 mimis
3067 2428 3332 2492 Ecl-lesia,
3399 2429 3706 2501 prodigium

2133 2522 2456 2578 admirabile
2482 2523 2629 2592 quod
2683 2523 2882 2578 diebus
2914 2523 3000 2577 bis
3046 2521 3252 2576 nostris
3297 2522 3550 2592 contigit.
3601 2526 3708 2578 Δοσ

2132 2611 2382 2682 cepimus
2427 2611 2666 2670 elibris
2723 2609 2931 2681 Regum
2968 2611 3036 2676 ",
3104 2625 3335 2680 puerum
3391 2609 3704 2666 Samuclem

2132 2702 2508 2776 prophetam,—
2529 2715 2654 2757 cum
2730 2717 2843 2758 non
2904 2701 3093 2772 procul
3153 2717 3185 2758 a
3237 2704 3525 2760 sacerdote
3588 2702 3706 2758 Heli

2132 2795 2416 2864 dormiret,
2482 2796 2551 2854 ab
2604 2795 2799 2861 angelo
2861 2793 3079 2850 Domini
3145 2797 3471 2852 nominatim
3546 2810 3710 2852 voea-

2134 2894 2251 2944 tum
2275 2900 2444 2941 esse:
2509 2901 2528 2936 ι
2565 2883 2808 2952 Samuel,
2878 2884 3124 2951 Samuel,
3163 2904 3182 2937 ι
3245 2901 3479 2958 eamque
3546 2885 3686 2960 [ιιι]

2132 2995 2322 3036 vocem
2367 2989 2448 3035 ter
2485 2995 2518 3035 a
2546 2994 2714 3048 puero
2736 2979 3010 3042 auditam,
3047 2979 3225 3054 ipsum
3256 2981 3324 3034 ad
3356 2979 3475 3036 llcli
3517 2996 3710 3037 accur-

459 3060 559 3114 καὶ
599 3061 910 3150 ἀνέτρεχενι
939 3059 1075 3129 πρὸς
1119 3057 1211 3111 τὸν
1254 3059 1394 3125 Ἠλὶ,
1427 3060 1522 3112 καὶ
1553 3060 1808 3130 εποίησεν
1848 3059 2031 3123 καθὼς

2136 3073 2310 3137 risse,
2359 3086 2483 3142 quiin
2531 3070 2620 3125 hic
2651 3071 3070 3139 .mandavcral,
3123 3071 3404 3141 implesse,
3456 3088 3523 3129 ac
3577 3088 3710 3144 pro-

458 3153 774 3208 διετάσσετο
805 3151 955 3222 αὑτῷ
977 3169 992 3182 ·
1028 3151 1122 3205 καὶ
1155 3152 1235 3214 είς
1283 3153 1567 3230 προφήτην
1605 3151 1782 3222 μέγαν
1839 3152 2025 3206 ἀναδέ-

458 3245 670 3300 δεικται
695 3242 926 3296 ἐνώπιον
951 3242 1043 3296 τοῦ
1073 3242 1235 3296 Geo-3:
1254 3242 1441 3306 Οὕτως
1481 3243 1572 3295 καὶ
1611 3236 1765 3306 οὗτος
1793 3245 1821 3298 6
1858 3243 2036 3314 μακά-

462 3353 580 3410 ριος
616 3335 910 3406 ἐφάμιλλος
940 3335 1131 3388 τούτου
1171 3335 1417 3404 γέγονεν,
1446 3336 1552 3389 κᾶν
1580 3331 1733 3398 οὗτος
1772 3338 1800 3390 6
1833 3335 2034 3391 θεασά-

464 3446 624 3500 μενος
667 3430 766 3498 τὴν
789 3429 945 3496 δοξαν
984 3428 1074 3482 τοῦ
1115 3427 1270 3494 Θεοῦ,
1311 3429 1563 3499 ἐνόμισεν
1600 3427 1884 3498 κρύπτειν,
1917 3429 2036 3484 ἀλλ’

460 3521 562 3590 οὐκ
595 3521 632 3588 ἡ
661 3519 754 3571 τοῦ
778 3517 912 3571 Θεοῦ
951 3517 1332 3588 φιλανθρωπία
1377 3520 1508 3588 ἡμῖν
1547 3522 1659 3581 τοῖς
1687 3519 1930 3584 ἀναξίοις
1968 3521 2037 3576 τὰ

463 3610 605 3663 κατὰ
635 3607 724 3662 τὶν
756 3607 920 3660 παῖδα
949 3607 1234 3676 ἐδήλωσεν,
1267 3607 1354 3660 ἵνα
1387 3608 1456 3659 τὰ
1489 3605 1624 3676 ἔργα
1651 3608 1815 3662 αὐτοῦ
1849 3609 1945 3662 καὶ
1969 3609 2036 3662 τὰ

463 3701 742 3770 θαυμάσια
769 3698 932 3752 αὐτοῦ
959 3697 1346 3770 φανερωθῶσιν
1366 3697 1442 3769 τῷ
1467 3699 1638 3769 Πατρὶ
1669 3701 1824 3769 ἡμῶν
1853 3699 1931 3770 τῷ
1951 3702 2038 3754 ἁεί

367 3807 376 3815 ·
464 3789 886 3862 προσευχομένῳ
923 3790 1050 3859 περὶ
1073 3787 1262 3843 αὑτοῦ.
1297 3789 1588 3854 Ἄκουσον,
1614 3788 1794 3860 Πάτερ
1839 3789 2033 3860 τιμιώ-

462 3898 614 3948 τατε,
649 3883 743 3934 καὶ
782 3881 979 3942 πάντες
1015 3879 1135 3933 ὶαοὶ
1178 3879 1364 3950 μικροί
1410 3897 1468 3933 τε
1515 3881 1610 3933 καὶ
1663 3881 1909 3950 μεγάλοι,
1943 3882 2038 3936 ἄν-

464 3974 589 4044 δρες
611 3989 670 4026 τε
700 3975 795 4026 καὶ
827 3974 1106 4040 γυναῖκες,
1139 3970 1368 4042 φοϐερὸν
1395 3971 1489 4024 καὶ
1517 3971 1824 4042 παράδοξον
1855 3971 2038 4042 θαῦμα

466 4066 593 4136 ὑμῖν
625 4065 982 4136 διηγήσομαι.
1014 4064 1223 4116 Ὄντων
1251 4062 1406 4132 ήμῶν
1433 4064 1489 4115 ἐν
1518 4065 1584 4134 τῇ
1631 4063 1836 4136 Ῥώμῃ,
1861 4067 2039 4137 ἀπήλ-

465 4157 635 4228 θαμεν
670 4155 1069 4226 προσεύξασθαι
1104 4156 1161 4206 ὲν
1193 4154 1268 4224 τῷ
1299 4154 1594 4224 πανσέπτιρ
1623 4154 1737 4225 ναῷ
1765 4155 1857 4209 τοῦ
1885 4158 2039 4224 ἁγίου

465 4249 564 4302 καὶ
593 4247 891 4317 κορυφαίου
923 4245 1031 4298 τῶν
1060 4245 1374 4304 ἀποστόλων
1412 4246 1623 4316 Πέτρου
1643 4258 1661 4280 ⁸
1685 4245 1878 4316 ἔλαχεν
1910 4247 2040 4320 ἡμῖν

469 4343 646 4410 μεῖναι
687 4341 742 4391 ὲν
772 4339 924 4408 τόπῳ
955 4339 1058 4390 τινί
1088 4338 1168 4400 είς
1203 4336 1430 4407 ἀδελφὸν
1467 4337 1702 4408 μοναχόν
1751 4357 1873 4393 τινα
1900 4358 1912 4371 ·
1945 4341 2040 4395 καὶ

2134 3164 2352 3236 phetam
2413 3178 2670 3236 magnum
2726 3178 2912 3218 coram
2975 3163 3086 3218 Deo
3139 3164 3508 3224 renuntiatum
3567 3181 3708 3224 esse.

2136 3253 2430 3307 Enimvero
2473 3267 2586 3306 non
2625 3252 2786 3307 aliter
2832 3253 3025 3310 beatus
3071 3253 3161 3310 hic
3206 3254 3526 3312 adolescens
3569 3257 3713 3312 illius

2134 3340 2422 3395 aanrrulator
2465 3339 2600 3408 fuit;
2641 3357 2955 3412 quanquam
3009 3343 3126 3412 ipse
3174 3343 3402 3415 gloriam
3443 3344 3539 3400 Dei
3582 3361 3713 3402 con-

2137 3433 2467 3501 templatus,
2516 3434 2956 3488 abscondi-udam
3013 3435 3257 3504 putavit,
3310 3451 3412 3494 nec
3462 3438 3569 3494 nisi
3616 3437 3712 3493 Dei

2137 3521 2450 3578 humanitas
2482 3524 2640 3578 nobis
2675 3525 2754 3578 vel
2788 3525 3028 3595 indignis
3061 3543 3183 3596 qua:
3218 3527 3285 3581 ad
3327 3543 3555 3598 puerum
3589 3546 3712 3602 pcr-

2137 3611 2311 3666 tinent
2343 3612 2734 3676 inanil‘estavit,
2761 3623 2818 3668 ut
2848 3631 3015 3684 opera
3054 3615 3175 3685 ejus
3215 3625 3268 3671 ct
3305 3618 3552 3689 prodigia
3585 3630 3712 3675 nota

2137 3703 2330 3756 ﬁerent
2360 3703 2506 3760 Pani
2539 3712 2748 3768 nostro,
2779 3708 2870 3774 qui
2902 3707 3142 3762 assiduis
3167 3723 3292 3762 eum
3321 3710 3577 3779 precibus
3605 3711 3716 3768 Deo

2136 3795 2558 3849 commendavit.
2618 3795 2793 3859 Audi,
2827 3797 2988 3850 Pater
3040 3802 3380 3867 venerande,
3427 3816 3636 3870 vosque
3684 3819 3717 3856 ιι

2138 3885 2338 3955 populo
2376 3901 2592 3951 munus,
2635 3889 2782 3954 μοι’ιὶ
2813 3896 2864 3939 ct
2900 3889 3156 3958 grandes,
3205 3891 3305 3945 viri
3341 3900 3394 3946 et
3435 3892 3714 3958 mulieres,

2139 3973 2323 4027 audite
2351 3989 2364 4026 :
2392 3976 2722 4042 stuprndnm
2773 3975 2927 4030 vobis
2969 3994 3032 4032 ac
3080 3979 3358 4050 singulare
3407 3984 3716 4052 prodigium

2138 4058 2431 4136 exponam.
2479 4067 2618 4120 Cum
2668 4066 2857 4123 Romae
2906 4084 3008 4124 nos
3061 4086 3428 4140 versaremur,
3480 4085 3535 4129 et
3585 4077 3719 4129 ado-

2139 4156 2298 4210 randi
2343 4171 2506 4210 causa
2552 4157 2604 4211 in
2655 4161 3028 4215 venerandum
3079 4163 3251 4219 sancti
3292 4165 3557 4237 principis
3587 4148 3720 4237 apo;

2141 4249 2405 4304 stolornm
2445 4249 2588 4304 Petri
2617 4251 2878 4322 templum
2913 4253 3258 4311 venissemus
3279 4297 3295 4323 ,
3326 4253 3466 4312 forte
3495 4259 3717 4322 accidit,

2144 4352 2203 4398 ut
2235 4343 2530 4400 monachus
2557 4345 2776 4414 quidam
2810 4360 2840 4400 e
2873 4345 3136 4401 fratribus
3172 4347 3411 4418 hospitio
3441 4364 3542 4403 nos
3571 4350 3718 4403 acci-

466 4433 519 4484 ὲι
561 4430 745 4502 ἐκείνῃ
786 4433 852 4498 τῇ
903 4429 1060 4481 νυκτὶ
1113 4429 1392 4498 ἐφάνησαν
1445 4447 1536 4500 μοι
1581 4431 1770 4504 ἄνδρες
1814 4432 2031 4504 φοϐεροὶ

2144 4445 2315 4504 pcret.
2345 4435 2498 4506 Apud
2533 4437 2678 4491 hunc
2708 4438 2884 4506 prima
2924 4439 3038 4508 ipsa
3073 4447 3233 4494 nocte
3263 4439 3364 4494 viri
3389 4440 3499 4494 duo
3531 4439 3720 4494 formi-

463 4522 560 4578 δύο
595 4525 653 4574 ὲν
680 4522 916 4592 ὁράματι
944 4519 1192 4588 λέγοντες
1216 4536 1230 4550 ·
1275 4521 1463 4577 ’ἐιὸϐᾶ⁸
1481 4521 1623 4592 Ἐγὼ
1644 4523 1701 4576 δὲ
1736 4525 2040 4596 ἀπεκρίθην

471 4612 611 4683 μετά
643 4611 810 4679 φὸὁου
841 4627 855 4640 ο
893 4610 956 4661 Τί
1023 4611 1196 4672 ἐστιν,
1243 4608 1422 4678 κύριοί
1456 4626 1594 4680 μου;
1627 4611 1688 4663 Oi
1728 4610 1786 4663 δὲ
1835 4605 1988 4663 εἷπον
2019 4626 2032 4638 °

480 4703 713 4756 ’Δνὰστα
741 4701 949 4771 ταχέως
982 4700 1124 4770 μετὰ
1155 4699 1264 4753 τῶν
1293 4703 1388 4754 σὺν
1412 4703 1494 4754 σοὶ
1519 4700 1612 4754 δύο
1647 4703 1916 4772 μοναχῶν,
1943 4701 2040 4756 καὶ

469 4791 852 4846 ἀποπλεύσατε
889 4792 968 4852 είς
1001 4791 1101 4858 τὴν
1141 4790 1430 4861 Ἀφρικὴν,
1472 4793 1564 4844 καὶ
1603 4791 1938 4856 εἰσελθόντες
1982 4795 2040 4846 ἐν

470 4884 800 4955 Καρθαγένῃ
841 4885 906 4954 τῇ
963 4884 1138 4946 πόλει,
1172 4883 1268 4935 καὶ
1319 4880 1597 4951 ζητήσατε
1641 4884 1822 4936 ἐκεῖσε
1865 4885 1924 4936 ἐν
1961 4883 2040 4954 τῷ

468 4980 600 5048 οίκῳ
631 4977 774 5040 τινὸς
823 4975 1133 5047 ναυκλήρου
1180 4973 1406 5045 ὀνόματι
1457 4975 1671 5047 Οὐάρου
1719 4975 1841 5028 τινὰ
1889 4973 2039 5039 ξένον

469 5068 771 5140 Γρηγόριον
809 5066 1122 5136 λεγόμενον,
1158 5065 1380 5120 Σικελὸν
1427 5066 1492 5118 ἐκ
1535 5067 1634 5136 τῆς
1683 5065 2040 5136 Ἀκραγαντί-

469 5176 576 5213 νων
615 5157 940 5228 Ἐκκλησίας
961 5155 1223 5230 ’,εὔχεται
1261 5157 1370 5229 γὰρ
1400 5155 1476 5228 τῷ
1503 5155 1624 5227 Θεῷ
1659 5158 1752 5210 καὶ
1781 5155 2043 5226 ἐπιθυμεῖ

473 5250 602 5305 ἰδεῖν
629 5250 730 5319 τὴν
765 5248 927 5315 ἁγίαν
959 5246 1117 5300 Σιών.
1148 5247 1494 5312 Σπεύσαντες
1517 5242 1614 5318 ,οὖν
1638 5246 1912 5300 ἁπέλθατε
1942 5246 2041 5300 καὶ

469 5340 774 5396 διασώσατε
809 5338 974 5394 αὑτὸν
1009 5338 1115 5402 ἕως
1162 5329 1564 5410 Ἱεροσολύμων
1586 5339 1722 5409 πρὸς
1786 5339 1878 5394 τὸν
1915 5339 2040 5394 ὲπί-

471 5449 675 5486 σκοπον
709 5432 1027 5502 Μακάριοψ
1055 5429 1442 5500 ὲνετειλάμεθα
1483 5430 1540 5484 δὲ
1590 5430 1690 5484 καὶ
1727 5429 1876 5500 αὐτῷ
1915 5431 2042 5500 περὶ

468 5526 566 5581 τοῦ
591 5525 802 5596 ἁνζρὸς,
837 5523 928 5578 ἴνα
958 5522 1333 5595 προσλϋηται
1379 5521 1580 5576 αὐτόν·
1617 5521 1705 5575 ἐπ’
1744 5519 1894 5592 αὐτῷ
1933 5521 2044 5592 γὰρ

467 5616 852 5672 ἀναπέπαυται
887 5613 950 5666 τὸ
991 5613 1212 5686 πνεῦμα
1246 5611 1428 5686 ἡμῶν,
1473 5611 1662 5686 ὥσπερ
1705 5612 1802 5667 καὶ
1859 5608 2042 5667 Ἥλιοὺ

544 5723 584 5756 ³·
616 5718 634 5776 l
664 5721 790 5790 Reg.
825 5735 904 5786 ιιι,
939 5719 959 5774 l
992 5733 1146 5791 seqq.

2139 4525 2352 4580 dabiles
2400 4526 2560 4582 nobis
2598 4543 2692 4596 per
2731 4529 2908 4584 visum
2957 4546 3017 4585 se
3059 4531 3400 4596 obtulerunt,
3432 4543 3507 4596 et,
3539 4532 3716 4591 Abba.

2141 4618 2483 4676 clamaruut:
2507 4619 2710 4688 quibus
2730 4635 2831 4690 ego
2855 4621 3523 4692 tremebundusrespondi
3542 4641 3556 4676 :
3575 4623 3716 4690 Quid

2139 4714 2242 4769 est,
2271 4703 2480 4758 domini
2511 4707 2656 4761 mei?
2687 4706 2761 4762 Illi
2795 4724 2962 4764 vero:
2996 4712 3192 4781 Surge,
3215 4711 3492 4782 inquiunt,
3523 4730 3718 4783 quan.-

2143 4797 2381 4864 primum
2413 4812 2536 4852 cum
2573 4797 2790 4856 duobus
2811 4801 2984 4866 hisee,
3011 4803 3105 4873 qui
3136 4812 3316 4858 tecum
3343 4814 3495 4871 sunt,
3524 4822 3719 4860 numa-

2141 4887 2280 4953 ehis,
2317 4899 2482 4960 atque
2514 4889 2569 4944 in
2606 4890 2850 4948 Africam
2891 4895 3180 4964 navigato;
3226 4913 3462 4967 cumque
3490 4897 3719 4953 Cartha-

2141 4978 2321 5048 ginem
2353 4983 2667 5050 tenueritis,
2699 4987 2928 5055 quaerite
2971 4987 3083 5043 illic
3109 4990 3252 5058 apud
3293 4990 3714 5052 navicularium,

2141 5072 2230 5126 cui
2254 5088 2455 5126 nomen
2490 5073 2636 5130 Varo
2661 5086 2770 5143 est,
2806 5078 3075 5149 hospitem
3109 5080 3436 5151 Gregorium
3468 5083 3715 5145 nomine.

2144 5162 2389 5219 Siculum
2431 5181 2499 5222 ex
2528 5165 2772 5224 Ecclesia
2799 5171 3152 5244 Agrigentina
3181 5191 3194 5228 :
3222 5175 3328 5230 hoc
3368 5176 3512 5232 enim
3544 5191 3574 5230 a
3607 5174 3717 5230 Deo

2142 5256 2306 5326 petit,
2329 5258 2438 5312 hoc
2464 5259 2632 5344 cppit,
2684 5271 2744 5316 ut
2775 5272 3020 5318 sanctam
3055 5265 3278 5321 Sionem
3315 5267 3507 5322 videre
3536 5268 3716 5322 liceat.

2143 5347 2330 5419 Itaque
2363 5359 2632 5408 maturate
2667 5353 2791 5418 iter,
2822 5369 3061 5428 cumque
3093 5357 3423 5414 incolumem
3459 5355 3720 5412 Hieroso-

2143 5439 2286 5510 lyma
2328 5441 2394 5494 ad
2438 5441 2758 5514 episcopum
2785 5444 3078 5514 deducite;
3128 5463 3253 5503 nam
3285 5455 3340 5501 et
3385 5448 3461 5501 illi
3498 5445 3568 5502 de
3596 5445 3720 5502 viro

2143 5527 2252 5583 hoc
2295 5531 2558 5588 mandata
2605 5533 2880 5604 dedimus,
2922 5547 2984 5594 ut
3033 5553 3158 5593 eum
3215 5537 3440 5609 recipiat
3475 5537 3720 5610 :quippo

2143 5617 2374 5690 spiritus
2409 5621 2464 5678 in
2504 5638 2572 5682 eo
2619 5637 2810 5684 uoster
2853 5631 3148 5701 requievit,
3196 5646 3308 5688 nou
3356 5629 3518 5688 aliter
3549 5646 3720 5703 quam
