4054 6204
361 234 462 299 591

1287 235 1293 241 ’
1350 236 1415 296 S.
1454 231 1834 295 GREGORII
1889 231 2396 293 AGRIGENTINI
2450 233 2650 294 VITA.

3505 234 3613 300 502

361 351 496 408 Elim
522 346 652 426 olim
679 348 734 404 in
767 347 984 404 Elisaeo.
1012 345 1190 415 Atque
1213 343 1308 399 ubi
1343 345 1456 400 lucc
1477 344 1686 410 dixere,
1717 342 1936 414 penitus

2053 342 2130 396 ἐπὶ
2171 336 2448 398 Ἐλισσέου
2492 344 2642 398 ποτέ.
2688 343 2799 399 Καὶ
2839 343 3015 400 ταῦτα
3057 345 3303 412 εἰπόντες
3334 347 3609 419 noua”-

360 453 725 499 evanuerunt.
763 440 874 509 Ego
907 453 1036 493 vero
1074 437 1266 491 eadem
1316 436 1451 490 hora
1505 429 1940 506 expergefactus,

361 539 426 589 ad
452 535 675 590 fluvium
693 531 968 597 descendi,
993 530 1182 600 ibique
1202 529 1391 584 divino
1407 527 1644 583 consilio
1665 526 1941 600 navigium

365 625 545 680 inveni
579 622 908 679 solventium
932 623 989 676 in
1011 620 1280 686 Africam,
1310 617 1456 690 quod
1479 618 1609 673 dato
1639 616 1804 672 naulo
1833 630 1942 672 una

363 732 487 770 cum
546 714 816 769 fratribus
862 713 1028 776 hisce.
1053 712 1273 768 duobus
1305 709 1603 766 conscendi
1653 723 1784 774 :ac,
1833 707 1943 761 Deo

363 805 608 874 auspice,
640 805 784 858 intra
823 797 1097 859 decimum
1129 801 1274 857 diem
1316 800 1703 870 Carthaginem
1727 797 1944 868 trajeci-

364 912 508 960 ntus,
539 895 963 964 invenimusque
991 908 1220 964 puerum
1252 891 1309 946 in
1349 890 1538 946 Sancti
1565 890 1770 946 Juliani
1807 898 1942 944 tem-

367 988 455 1056 plo
519 985 744 1042 lectioni
796 986 1066 1040 intentum
1110 997 1320 1054 :quem
1357 990 1482 1052 post
1537 990 1724 1036 mutua
1769 979 1942 1035 oﬂicia

369 1078 638 1132 volentem
681 1075 1062 1146 Hierosolyma
1111 1075 1402 1130 nobiscum
1433 1071 1816 1144 perduximus,
1863 1080 1944 1126 at-

365 1185 474 1241 que
503 1171 613 1224 illic
641 1168 729 1223 die
754 1177 967 1232 sancto,
998 1166 1093 1236 qui
1125 1165 1444 1220 Dominicus
1472 1163 1656 1218 Novus
1682 1173 1785 1230 est,
1817 1178 1944 1218 san-

368 1259 887 1330 (toarchicpiscopo
905 1257 1408 1328 Hierosolymorum
1431 1254 1780 1320 tradidimus,
1800 1254 1942 1323 apud

368 1369 529 1423 quem
574 1351 741 1405 vitam
795 1350 1030 1405 instituit
1079 1349 1216 1404 adeo
1262 1353 1532 1402 moratam
1583 1356 1639 1402 et
1679 1346 1941 1400 virtutum

369 1446 608 1516 plenam,
663 1451 724 1498 ut
763 1444 1080 1513 quicunque
1123 1441 1238 1496 illic
1283 1447 1433 1508 sunt,
1478 1451 1711 1510 puerum
1754 1452 1945 1493 omnes

371 1537 736 1593 admirentur.

440 1625 632 1681 XXVI.
673 1624 802 1681 Htec
843 1621 1147 1678 monachus
1193 1621 1468 1692 exposuit,
1501 1621 1702 1690 bisque
1743 1617 1944 1674 auditis

372 1717 625 1773 universa
644 1715 885 1770 virorum
912 1729 977 1769 ac
1001 1712 1293 1768 mulierum
1323 1710 1616 1766 multitudo
1639 1711 1781 1766 elata
1810 1723 1945 1764 voce
1974 1697 2017 1752 Β

371 1819 419 1865 et
457 1800 711 1863 manib‘us
739 1810 806 1862 ad
837 1805 1036 1862 ctelum
1063 1802 1319 1874 expansis
1343 1803 1614 1857 clamabat
1641 1819 1656 1854 :
1689 1801 1942 1866 Domine,

373 1902 638 1956 miserere
667 1917 681 1954 :
709 1912 1076 1970 magnamque
1122 1897 1490 1966 lacrymarum
1543 1895 1652 1949 vim
1700 1892 1945 1948 effunde-

374 1993 487 2047 bat.
525 1989 749 2046 Charito
789 1998 970 2044 autem
1010 1995 1065 2043 et
1109 2002 1251 2041 uxor
1281 1984 1402 2054 ejus
1445 1985 1596 2040 humi
1633 1983 1829 2053 abjccti
1883 1997 1947 2038 ac

373 2097 548 2156 prono
578 2083 731 2137 vultu
758 2089 1019 2152 tanquam
1050 2078 1250 2134 mortui
1276 2077 1562 2148 jacehant;
1596 2091 1733 2150 quos
1757 2090 1947 2130 mona-

373 2177 513 2232 chus
549 2173 814 2230 accedens
845 2170 1021 2226 tenuit
1058 2179 1225 2238 atque
1256 2169 1518 2224 excitavit
1545 2185 1560 2223 :
1593 2167 1836 2237 Surgite,
1865 2167 1948 2220 in-

375 2265 592 2335 quiens,
626 2262 725 2317 filii
765 2259 894 2324 mei,
925 2269 980 2314 et
1001 2259 1112 2315 Deo
1137 2259 1329 2314 laudes
1360 2258 1590 2324 reddite,
1622 2258 1714 2328 qui
1751 2269 1849 2311 vos
1881 2257 1948 2310 de

377 2356 475 2410 filii
517 2352 688 2409 vestri
715 2353 825 2407 vita
869 2350 1133 2406 certiores
1168 2349 1316 2412 fecit.
1353 2350 1448 2404 tali
1478 2351 1775 2419 praesertim
1815 2345 1946 2412 vita,

373 2462 500 2518 quae
528 2444 748 2500 virtutis
785 2451 840 2499 et
874 2441 1096 2514 pietatis
1124 2440 1468 2512 professione
1507 2439 1946 2495 commendatur.

379 2537 645 2602 Subinde,
680 2550 804 2592 eum
840 2550 937 2592 eos
959 2535 1252 2604 cpiscopus
1277 2533 1504 2589 salutari
1529 2531 1685 2602 signo
1719 2533 1950 2587 lustras-

378 2642 480 2696 set,
514 2628 904 2693 consederunt,
939 2641 1166 2697 magnas
1195 2625 1305 2680 Deo
1331 2623 1519 2679 laudes
1551 2621 1710 2696 [χιιι]
1741 2633 1794 2678 et
1823 2638 1949 2692 gra-

379 2722 486 2779 tias
515 2720 804 2776 reddentes
851 2717 1161 2773 communis
1189 2715 1436 2770 omnium
1483 2715 1678 2770 salutis
1713 2715 1944 2778 auctori,

379 2815 473 2885 qui
517 2824 832 2868 sanctorum
877 2811 1121 2865 virorum
1170 2807 1502 2873 ministerio,
1537 2821 1676 2876 quos
1721 2805 1950 2878 singulis

381 2907 632 2963 aetatibus
667 2903 776 2960 sibi
807 2911 1062 2972 acceptos
1091 2895 1304 2967 habuit,
1341 2914 1430 2954 res
1457 2897 1594 2954 adeo
1623 2899 1864 2968 insignes
1887 2911 1951 2952 ac

385 2997 666 3052 mirandas
699 2993 1049 3066 prodidisset.
1097 2991 1270 3046 Mater
1311 3006 1442 3046 vero
1475 2989 1722 3062 Gregorii
1775 2991 1950 3044 ahba-

381 3100 490 3145 tem
542 3087 866 3156 alloquens:
893 3083 1128 3150 Charus,
1161 3082 1258 3146 ait,
1304 3081 1494 3152 utique
1525 3080 1639 3134 Deo
1683 3097 1762 3147 es,
1797 3080 1955 3136 Pater

383 3189 596 3244 sancte,
622 3177 712 3234 cui
737 3176 976 3232 revelata
1005 3175 1266 3246 mysteria
1294 3181 1564 3242 suntquae
1595 3187 1694 3226 nos
1725 3173 1957 3227 miseros

383 3273 696 3330 solarentur
722 3287 736 3324 :
761 3268 967 3322 vivitnc
1009 3280 1141 3321 vero
1175 3265 1319 3320 filius
1361 3279 1536 3329 meus,
1573 3264 1828 3319 domine?
1853 3262 1956 3318 llic

383 3375 565 3420 autem
613 3381 628 3417 :
667 3359 782 3427 Nae,
823 3360 1020 3430 inquit,
1057 3373 1153 3428 per
1201 3356 1372 3411 Deum
1403 3355 1536 3409 vivit
1577 3365 1633 3410 et
1675 3356 1862 3410 valet:
1894 3370 1958 3410 ac

383 3455 536 3511 vultu
580 3452 800 3524 quidem
834 3458 1113 3521 parentem
1159 3447 1332 3517 ipsius
1363 3445 1646 3500 dominum
1697 3443 1956 3500 Charito-

387 3563 512 3604 nem
561 3549 740 3600 virum
779 3555 932 3598 tuum
974 3540 1136 3612 plane
1165 3537 1354 3616 refert.
1393 3535 1528 3591 Nam
1565 3547 1618 3591 et
1651 3537 1768 3606 ipse
1797 3535 1958 3592 rufus

387 3649 491 3706 est,
517 3639 887 3710 pulchrosque
913 3635 1078 3688 habet
1105 3631 1318 3697 oculos,
1349 3630 1642 3701 pulchrum
1671 3644 1754 3694 os,
1780 3629 1959 3699 justas

387 3749 570 3797 nares,
603 3730 824 3800 elegans
865 3725 1244 3798 supercilium,
1279 3722 1420 3777 labia
1466 3721 1769 3776 minuscula
1797 3739 1811 3774 :
1841 3721 1960 3774 vnl-

388 3836 477 3881 tus
516 3823 736 3894 quidem
777 3819 898 3890 ejus
935 3831 1153 3887 semper
1187 3815 1482 3880 demissus,
1520 3820 1576 3866 at
1621 3823 1859 3894 mentem
1906 3819 1960 3865 et

385 3888 773 3988 cogitationem
809 3888 889 3966 ad
933 3909 1102 3963 Deum
1153 3904 1318 3962 refert
1349 3923 1363 3959 :
1395 3906 1449 3960 in
1488 3888 1794 3974 psalmodia
1830 3918 1960 3958 vero

385 4005 574 4064 suavis
622 4001 917 4058 admodum
969 4013 1166 4054 omnes
1214 3995 1390 4052 allicit
1413 3995 1524 4066 (96)
1555 4011 1571 4050 :
1599 3995 1740 4049 idem
1787 3994 1959 4048 aeutis

385 4099 613 4156 auribus
645 4110 804 4152 sacra
838 4093 990 4149 audit
1028 4090 1290 4155 oracula;
1329 4090 1374 4144 si
1407 4087 1554 4158 quod
1587 4087 1807 4142 verbum
1834 4100 1959 4156 pro-

387 4189 673 4248 ferendum
713 4187 807 4252 sit,
835 4185 1014 4241 lentus
1043 4191 1128 4238 est
1150 4181 1262 4251 (97)
1297 4198 1312 4234 :
1347 4194 1375 4232 a
1407 4179 1551 4248 turpi
1575 4168 1690 4232 ri'su
1734 4177 1960 4232 omnino

387 4283 648 4348 abstinet,
682 4292 903 4348 semper
935 4287 1064 4330 vero
1093 4272 1296 4343 optima
1334 4284 1564 4340 quaque
1597 4278 1650 4323 ct
1679 4269 1960 4322 immorta-

2039 437 2154 497 νεῖς
2199 435 2470 503 ἐγένοντο.
2514 438 2860 501 Διυπνισθεὶς
2903 438 2960 493 δὲ
3006 439 3143 512 αὐτῇ
3168 443 3233 512 τῇ
3260 439 3402 512 ὥρᾳ,
3441 440 3610 512 eum-

2043 522 2133 576 θον
2163 524 2257 577 ἐπὶ
2286 525 2376 579 τὸν
2405 528 2649 598 ποταμόν
2671 545 2685 559 ο
2721 528 2842 582 κατ’
2867 529 3180 600 οἰκονομίαν
3200 526 3261 582 δέ
3287 529 3426 584 Θεοῦ
3449 527 3609 602 εὖρον

2043 614 2234 668 πλοῖον
2287 615 2617 686 βουλόμενον
2656 619 2998 674 ἀποπλεῦσαι
3053 622 3148 674 ἐπὶ
3177 621 3463 692 Ἀφρικὴν,
3518 624 3614 676 καὶ

2041 704 2166 768 δοὺς
2209 705 2300 759 τὸν
2338 706 2533 762 ναῦλον
2565 709 2724 780 ἡμῶν
2755 711 3005 780 εἰσῆλθον
3053 713 3192 784 μετά
3238 713 3333 766 δύο
3365 711 3612 782 ἀδελφῶν

2042 793 2275 847 τούτων·
2307 796 2404 849 καὶ
2437 799 2730 868 προστάξει
2761 799 2897 854 Θεοῦ
2941 800 3030 854 διὰ
3095 801 3225 856 δέκα
3270 801 3496 874 ἡμερῶν
3533 803 3610 856 δι-

2043 886 2394 957 επεράσαμεν
2437 888 2497 942 ἐν
2541 889 2889 962 Καρθαγένῃ,
2938 893 3032 946 καὶ
3053 893 3288 964 εὕρομεν
3323 893 3418 950 τὸν
3447 897 3615 948 παῖδα

2044 977 2103 1029 ἐν
2148 976 2226 1048 τῷ
2266 979 2552 1051 μαρτυρίῳ
2593 979 2690 1038 τοῦ
2745 981 2934 1052 ’Δγίου
2991 983 3284 1040 Ἰουλιανοῦ
3343 987 3614 1055 ἀναγινώ-

2045 1085 2243 1122 σκοντα
2269 1085 2284 1100 ⁸
2336 1071 2434 1124 καὶ
2495 1061 2872 1145 ἀσπασάμενοι
2936 1076 3118 1147 αὑτὸν,
3182 1079 3445 1151 συνανέϐη
3495 1079 3614 1148 μεθ’

2043 1159 2200 1231 ἡμῶν
2232 1163 2314 1226 είς
2352 1161 2730 1236 Ἱεροσόλυμα,
2767 1169 2992 1222 κάκεῖσε
3033 1169 3199 1224 αὐτὸν
3234 1171 3500 1240 εἰάσαμεν
3549 1176 3612 1240 τῇ

2043 1251 2177 1322 άγίᾳ
2227 1253 2585 1326 Κυριακῇ’τῇ
2625 1257 2742 1328 Νέᾳ.
2781 1257 2920 1328 μετά
2965 1258 3060 1312 τοῦ
3113 1259 3271 1328 ἀγίου
3327 1261 3616 1330 Μακαρίου

2043 1343 2138 1396 τοῦ
2172 1344 2604 1414 ἀρχιεπισκόπου
2649 1347 3061 1420 Ἱεροσολύμων,
3117 1351 3233 1420 βίον
3277 1352 3616 1422 κεκτημένον

2044 1431 2339 1505 εὔσχημον,
2370 1437 2466 1490 καὶ
2487 1438 2760 1492 πολιτείαν
2783 1441 3054 1511 ἐνάρετον,
3075 1441 3216 1495 ὥστε
3242 1442 3617 1513 θαυμάζεσθαι

2043 1531 2135 1580 τὸν
2165 1528 2330 1582 παῖδα
2359 1529 2512 1601 παρά
2543 1530 2761 1584 πάντων
2797 1531 2908 1585 τῶν
2946 1531 3117 1588 ὄντων
3157 1533 3256 1586 σὺν
3280 1535 3392 1596 τοῖς
3411 1534 3613 1587 ἐκεῖσε.

2115 1619 2260 1686 KG’.
2299 1619 2485 1674 Ταῦτα
2499 1622 2799 1692 διηγήσατο
2827 1623 2855 1676 ό
2886 1623 3147 1692 μοναχόςο
3173 1623 3266 1676 καὶ
3289 1623 3618 1688 ἀκούσαντες

2047 1709 2190 1764 ἅπαν
2216 1710 2278 1764 τὸ
2309 1711 2512 1782 πλῆθος
2541 1712 2638 1766 τοῦ
2671 1713 2801 1766 λαοῦ
2845 1713 3053 1784 ἀνδρῶν
3089 1720 3150 1766 τε
3188 1715 3284 1767 καὶ
3322 1715 3618 1782 γυναικῶν,

2045 1795 2188 1871 ἦραν
2214 1802 2293 1865 εἰς
2327 1802 2460 1872 ὕψος
2487 1803 2585 1873 τὴν
2632 1803 2814 1874 φωνην
2835 1804 3034 1868 αὐτῶν,
3060 1806 3154 1858 καὶ
3183 1805 3282 1868 τάς
3322 1809 3509 1876 χεῖρας
3540 1810 3619 1867 είς

2045 1893 2137 1946 τὸν
2152 1893 2381 1964 οὐρανὸν
2403 1895 2802 1960 ἐκπετάσαντες
2817 1896 3046 1966 ἔκραζον
3067 1896 3352 1968 τδ,Κύριε,
3375 1898 3620 1968 ἐλέησον,

2053 1985 2194 2054 μετὰ
2228 1985 2476 2056 δακρύων
2506 1987 2742 2042 πολλῶν.
2791 1988 2848 2042 Ὀ
2881 1989 2938 2042 δὲ
2980 1986 3234 2060 Χαρίτων
3266 1991 3376 2066 ⁵καὶ
3407 1991 3440 2060 ἡ
3482 1993 3620 2062 γυνὴ

2049 2075 2215 2130 αὑτοῦ
2267 2077 2526 2140 πεσόντες
2572 2079 2746 2150 χαμαὶ
2803 2079 2895 2132 ἐπὶ
2945 2079 3242 2149 πρόσωπον
3288 2079 3499 2134 ἔκειντο
3546 2082 3620 2146 ὡς

2049 2169 2254 2238 νεκροί.
2288 2169 2610 2243 Προσελθὼν
2647 2171 2707 2224 δὲ
2752 2171 2781 2224 ὁ
2823 2172 3060 2242 μοναχδς
3091 2173 3398 2243 ἐκράτησεν
3427 2177 3623 2238 αὐτοὺς

2049 2261 2144 2314 καὶ
2199 2260 2477 2332 διήγειρεν
2529 2261 2738 2330 λέγων·
2776 2262 3318 2333 Ἀνάστητε,τεκνία
3358 2281 3487 2335 μου,
3529 2269 3624 2319 καὶ

2049 2353 2168 2406 δότε
2201 2353 2358 2418 δόξαν
2390 2353 2468 2422 τῷ
2495 2353 2616 2425 Θεῷ
2639 2353 2717 2425 τῷ
2755 2353 3166 2424 άποκαλύψαντι
3200 2355 3326 2424 ὑμῖν
3348 2355 3446 2426 τὴν
3479 2355 3624 2428 ζωὴ-ο

2049 2445 2141 2498 τοῦ
2179 2445 2370 2500 τέκνου
2416 2447 2599 2517 ὑμῶν⁸
2635 2445 2836 2516 μᾶλλον
2867 2445 2924 2498 δὲ
2961 2446 3055 2500 καὶ
3095 2446 3196 2518 τὴν
3233 2447 3488 2518 ἐνάρετον
3529 2451 3625 2503 καὶ

2053 2537 2258 2607 σεμνὴν
2315 2524 2480 2591 αὑτοῦ
2531 2537 2828 2592 πολιτείαν.
2880 2533 3016 2597 Εἶτα
3077 2539 3478 2608 σφραγίσαντος
3529 2525 3624 2594 τοῦ

2051 2629 2350 2683 ἐπισκόπου
2381 2629 2756 2700 ἐκαθέσθησαν
2778 2629 3091 2696 δοξάζοντες
3120 2632 3214 2684 καὶ
3241 2633 3624 2704 εύχαριστοῦνυ

2051 2737 2144 2783 τες
2171 2719 2249 2790 τῷ
2281 2721 2490 2791 Σωτῆρι
2522 2707 2632 2774 τῶν
2653 2720 2787 2774 ὅλων
2815 2720 2931 2791 Θεῷ
2958 2721 3017 2772 ἐν
3047 2722 3232 2785 πᾶσιν,
3257 2723 3332 2792 τῷ
3351 2724 3628 2777 ἀποκαλύ-

2052 2808 2213 2879 ψαντι
2251 2809 2464 2878 μεγάλα
2505 2811 2600 2862 καὶ
2647 2808 2928 2879 θαυμάσια
2963 2808 3053 2862 διὰ
3100 2809 3208 2862 τῶν
3245 2799 3626 2877 ἀγίωναίιτοῦ

2053 2907 2162 2960 τῶν
2195 2906 2318 2960 καθ’
2344 2906 2580 2978 ἑκάστην
2627 2906 2824 2974 γενεάν
2879 2904 2974 2956 καὶ
3014 2903 3209 2972 γενεὰν
3260 2891 3626 2978 εὐαρεστηκό-

2057 3014 2165 3050 των
2195 2997 2364 3066 αὐτῷ.
2414 2969 2702 3064 Καὶλέγνει
2742 2998 2774 3066 ἡ
2829 2969 3137 3066 μήτηρ-τοῦ
3189 2969 3629 3068 Γρηγορίουντῷ

2069 3085 2270 3157 Ἀΰσᾷο
2306 3085 2682 3156 Εὐλογημένος
2738 3081 2788 3137 ei
2826 3087 2890 3138 ἐκ
2925 3083 3017 3138 τοῦ
3066 3085 3224 3149 Θεοῦ,
3266 3087 3449 3157 Πάτερ
3491 3087 3627 3152 bats,

2051 3167 2096 3242 ᾧ
2133 3173 2600 3243 ἀπεκαλύφθησαν
2658 3175 2931 3245 μυστήρια
2965 3173 3052 3227 διὰ
3081 3163 3180 3244 τῆν
3210 3174 3368 3245 ἡμῶν
3400 3174 3631 3229 ἐλεεινό-

2053 3283 2214 3336 τητα..
2258 3261 2413 3330 Εἶτα,
2445 3265 2627 3337 κύριε,
2673 3265 2737 3336 ζῇ
2793 3265 2852 3318 τὸ
2881 3265 3070 3318 τέκνον
3100 3283 3238 3336 μους
3277 3266 3337 3319 '0
3365 3265 3422 3320 δὲ
3443 3306 3462 3332 ,
3497 3265 3629 3331 Ναὶ,

2056 3357 2244 3428 φησὶν.
2285 3357 2372 3410 διὰ
2409 3357 2505 3410 τοῦ
2553 3356 2712 3421 Θεοῦ,
2749 3355 2814 3428 ζῇ
2848 3357 2942 3410 καὶ
2977 3357 3240 3426 ὑγιαίνει·
3269 3358 3630 3428 ἀφωμοίωται

2055 3449 2164 3518 γὰρ
2210 3449 2371 3512 αὐτὸς
2403 3447 2478 3518 τῷ
2529 3447 2643 3514 ἰδίῳ
2683 3449 2852 3518 πατρὶ
2902 3447 2983 3518 τῷ
3028 3447 3180 3518 κύρῳ
3229 3441 3504 3518 Χαρίτωνι
3551 3449 3631 3530 τῷ

2055 3539 2210 3610 ἀνδρί
2256 3555 2390 3592 σου⁶
2439 3540 2587 3592 ἔστιν
2633 3538 2744 3610 γάρ
2793 3541 3048 3602 κάκεῖνος
3087 3539 3444 3610 πυρῤοκίζων
3489 3540 3660 3610 μετὰ·

2057 3631 2288 3692 κάλλους
2328 3629 2646 3700 ὀφθαλμῶν,
2720 3627 3013 3700 εὔστομος,
3054 3627 3284 3700 εῦρινος,
3333 3627 3630 3700 κολόφρυς,

2061 3720 2423 3794 μικρόχειλος,
2440 3723 2591 3777 κάτω
2612 3720 2782 3774 νεύων
2809 3722 2917 3787 ἀεὶ,
2952 3723 3062 3776 ἄν»
3076 3721 3133 3774 δέ
3164 3721 3290 3784 τοὺς
3317 3720 3633 3792 ὀφθαλμοὺς

2056 3817 2158 3887 τῆς
2189 3816 2418 3887 καρδίας
2449 3815 2582 3886 πρὸς
2621 3815 2712 3867 τὸν
2733 3814 2868 3868 Θεὸν
2887 3814 3047 3884 ἔχων,
3081 3815 3210 3883 ἡδὺς
3239 3813 3297 3868 δέ
3331 3815 3428 3867 καὶ
3453 3814 3632 3884 χαλὼ-
3699 3795 3707 3801 ’

2063 3925 2224 3978 μενος
2268 3911 2324 3960 ὲν
2369 3910 2436 3978 τῇ
2487 3905 2782 3978 ψαλμῳδίᾳ
2827 3907 3054 3978 σφόδρα,
3089 3905 3268 3970 ὀξείας
3312 3905 3412 3969 τὰς
3458 3906 3634 3970 ἀκοὰς

2059 4001 2199 4070 ἔχων
2243 4001 2303 4054 ἐν
2341 3996 2420 4072 τῷ
2453 3999 2671 4054 ἀκούειν
2703 3999 2773 4053 τά
2805 3998 2978 4070 σεμνά
3019 3998 3196 4066 λόγια,
3227 3987 3427 4070 βραδὺς
3459 3999 3543 4062 είς
3572 4000 3636 4052 τὸ

2059 4095 2292 4167 λαλῆσαι
2341 4097 2450 4150 πᾶν
2508 4095 2677 4166 ρἧα,
2725 4094 2959 4162 γέλωτος
3015 4093 3245 4164 αἰσχροῦ
3291 4093 3633 4164 ἀπεχόμενος

2063 4186 2365 4250 παντελῶς,
2397 4185 2466 4238 τὰ
2501 4183 2626 4237 λίαν
2654 4183 2834 4252 ἀγαθά
2868 4185 2962 4236 καὶ
2985 4182 3240 4253 ἄφθαρτα
3272 4182 3358 4235 ἀεὶ
3391 4185 3484 4235 ἐπὶ
3512 4181 3636 4235 στό-

2063 4293 2234 4348 ματος
2264 4275 2434 4346 ἔχωνο
2469 4276 2549 4338 είς
2571 4277 2748 4345 ἄκραν
2778 4257 3012 4358 ἄσκησιν
3041 4275 3231 4328 ἑαυτὸν
3254 4273 3464 4339 ἐκδοὺς,
3500 4271 3634 4327 ὑπο·

388 4377 460 4432 lia
493 4377 550 4429 in
587 4388 686 4427 ore
730 4369 900 4425 habet
929 4386 942 4422 :
977 4364 1220 4420 animum
1251 4377 1468 4418 summo
1512 4360 1692 4416 studio
1717 4369 1953 4427 exercet,

2063 4371 2232 4440 μονήν
2258 4385 2316 4422 τε
2351 4368 2688 4440 κεκτημένος
2721 4367 2948 4439 πολλὴν.

389 4464 652 4538 patientia
684 4460 850 4534 pollet
875 4456 1166 4528 singulari.

457 4545 671 4612 XXVII.
717 4551 841 4607 Haec
875 4550 1091 4620 aliaque
1122 4548 1290 4602 multa
1328 4561 1449 4602 cum
1480 4545 1830 4614 exposuisset
1861 4544 1960 4598 ah-

387 4652 508 4716 bas,
537 4658 650 4704 tota
695 4645 951 4702 convenit
989 4641 1208 4704 civitas,
1245 4650 1305 4696 ut
1337 4639 1447 4694 Deo
1493 4638 1682 4693 laudes
1715 4638 1964 4713 redderet

387 4743 460 4798 ob
500 4757 562 4796 ea
609 4739 818 4801 omnia,
852 4751 977 4806 quae
1029 4734 1098 4788 ab
1141 4732 1234 4786 illo
1278 4731 1561 4796 audierat;
1604 4729 1788 4798 itaque
1817 4728 1960 4782 diem

391 4847 624 4902 exegere
669 4830 864 4885 latitia:
892 4828 1134 4898 plenum,
1177 4833 1230 4879 et
1259 4823 1389 4893 quia
1434 4822 1752 4892 Gregorium
1783 4822 1963 4876 vivere

392 4934 785 4997 cognoverant,
817 4930 870 4978 et
895 4923 1023 4992 quia
1051 4931 1304 4991 parentes
1327 4917 1446 4988 ejus
1476 4919 1627 4988 gravi
1657 4931 1962 4988 magnaque

389 5034 520 5075 cura
569 5017 829 5072 liberatos
873 5013 1272 5084 intelligebant.
1319 5011 1444 5066 Mox
1505 5025 1657 5075 vero,
1707 5020 1764 5064 nt
1805 5011 1962 5081 quies

388 5117 682 5165 consecuta
706 5117 816 5173 est,
847 5115 904 5162 ct
949 5119 1106 5162 sacra
1145 5104 1405 5178 mysteria
1447 5111 1665 5174 peracta
1701 5112 1849 5171 sunt,
1881 5102 1961 5158 ci-

459 5288 570 5361 (96)
613 5287 888 5358 Scriptum
934 5286 989 5342 in
1024 5296 1258 5410 ntrot‘jlne
1287 5284 1414 5343 cod.
1457 5281 1773 5352 καλὸμενος,
1815 5281 1960 5352 quod

459 5363 532 5410 ide
555 5361 648 5410 sit.
693 5369 789 5410 aut
831 5357 964 5410 nnid
1010 5358 1152 5410 niani
1197 5365 1303 5410 cet.
1341 5352 1478 5408 mihi
1517 5354 1674 5410 plane
1717 5353 1960 5410 ignotum

388 5352 533 5430 unde
553 5352 648 5420 sit,
673 5352 789 5430 aut
831 5357 964 5429 quid
1010 5352 1478 5430 signiﬁcet,_mihi
1516 5354 1674 5430 plane
1717 5353 1961 5423 ignotum

385 5441 490 5488 est.
525 5429 778 5486 Mendum
814 5423 947 5485 vero
983 5423 1106 5483 ess'e
1139 5441 1170 5479 a
1221 5425 1404 5480 scriba
1451 5423 1690 5477 arbitror
1720 5436 1820 5492 pro
1860 5439 1965 5492 χα-

387 5500 630 5572 λώμενον
661 5515 693 5555 a
721 5499 928 5570 χαλάω,
961 5500 1110 5560 laxo,
1140 5493 1286 5572 quod
1327 5503 1379 5548 et
1411 5493 1750 5572 advanirnum
1785 5501 1964 5572 trans-

389 5558 582 5635 fer'tur,
618 5579 676 5624 nt
719 5558 791 5624 En
829 5558 1442 5635 remearn—(Mileum.
1479 5558 1655 5635 Χαλᾷν
1687 5561 1748 5635 τὸ
1779 5561 1962 5635 μέτω-

390 5655 514 5700 πον,
546 5629 810 5708 explicare
833 5641 1062 5709 frontem
1077 5629 1232 5692 dixit
1261 5629 1656 5704 Aristophanes
1701 5631 1757 5686 in
1782 5629 1957 5700 'Vesp.

2133 4549 2261 4603 KZ'.
2285 4547 2474 4602 Ταῦτα
2496 4547 2554 4601 δέ
2580 4547 2675 4600 καί
2702 4545 2840 4601 ἄλλα
2860 4544 3032 4600 πολλὰ
3057 4543 3470 4616 ἐξηγησάμενος
3497 4546 3526 4599 ό
3546 4544 3638 4596 i6-

2064 4641 2192 4705 6ἄς,
2227 4639 2470 4710 συνήχθη
2499 4641 2650 4692 πᾶσα
2681 4639 2714 4709 ὴ
2745 4637 2899 4702 πόλις
2930 4637 3247 4703 δοξάζοντες
3266 4636 3356 4689 τὸν
3379 4636 3514 4689 Θεὸν
3542 4637 3638 4689 ἐπὶ

2064 4733 2230 4786 πᾶσιν
2259 4727 2340 4794 οἷς
2369 4733 2610 4802 ἧκουσαν
2640 4732 2770 4802 παρ’
2797 4713 2962 4782 αὑτοῦ
3003 4727 3166 4784 ἀόόᾶ.
3209 4729 3456 4796 Ἐγένετο
3494 4729 3640 4797 χαρᾶ

2066 4821 2279 4894 μεγάλη
2317 4823 2374 4875 ἐν
2404 4824 2470 4892 τῇ
2505 4823 2658 4875 πόλει
2685 4824 2743 4874 ἐν
2774 4823 2843 4893 τῇ
2873 4820 3056 4892 ἡμέρᾳ
3099 4819 3284 4890 ἐκείνῃ
3333 4818 3424 4872 διά
3449 4837 3508 4872 τε
3543 4820 3636 4871 τὶν

2064 4913 2364 4984 Γρηγόριον
2389 4912 2750 4976 ἀκούσαντες,
2792 4911 2875 4964 ὅτι
2917 4909 3011 4982 ζῇ.
3057 4909 3219 4963 πάλιν
3249 4909 3306 4962 δὶ
3353 4910 3436 4964 ὅτι
3467 4926 3562 4962 και
3586 4909 3637 4962 οί

2063 5007 2241 5076 γονεῖς
2265 5004 2431 5059 αὑτοῦ
2464 5005 2860 5075 ἀπηλλάγησαν
2893 5003 3002 5057 ἀπὸ
3025 5001 3225 5074 πολλῆς
3265 5003 3361 5056 καὶ
3393 5003 3637 5072 μεγάλης

2065 5097 2320 5169 θλίψεως.
2370 5093 2506 5152 Εἶτα
2555 5096 2856 5168 γενομένης
2891 5095 3148 5166 ἡσυχίας,
3187 5094 3280 5150 καὶ
3325 5094 3426 5164 τὴν
3475 5094 3638 5162 άγίαν

2065 5278 2216 5344 inde,
2241 5277 2500 5348 χαλαρός,
2520 5276 2673 5348 lenis,
2706 5274 2848 5345 apud
2882 5271 3130 5348 Suidam.
3181 5270 3455 5326 Cancrum
3495 5267 3636 5322 intra

2064 5343 2318 5404 etiam'n.
2351 5343 2440 5411 ⁵5],
2471 5343 2888 5416 scriptum—erat
2920 5343 3245 5416 καλᾴμενον.

2137 5418 2248 5499 (.9?)
2288 5409 2436 5499 ϐρεμι
2467 5416 2506 5470 ²
2549 5409 2879 5499 trariis.“
2928 5413 2994 5499 ξιξ
3033 5409 3268 5499 eam}:
3321 5409 3636 5499 “milites

2065 5477 2290 5559 φαῦλόν.
2338 5486 2437 5559 Vix
2484 5477 2882 5559 repudiandum
2929 5483 3076 5540 istud
3123 5477 3327 5559 φαῦλον
3377 5477 3634 5534 videtur:

2065 5552 2266 5614 melius
2292 5558 2437 5610 enim
2477 5552 2868 5626 respondeant,
2897 5567 3020 5625 qua:
3049 5552 3214 5624 paulo
3238 5561 3362 5622 post
3399 5564 3637 5621 sequun-

2067 5639 2177 5698 tur,
2216 5628 2285 5682 τὰ
2305 5628 2428 5682 λίαν
2452 5627 2651 5697 ἀγαθά,
2693 5633 2798 5680 etc.
