4054 6204
285 196 387 256 599

1283 201 1342 259 S.
1381 199 1757 260 GREGORII
1811 200 2322 263 AGRIGENTINI
2361 205 2556 265 VlTA.

3435 215 3542 282 6Ίο

284 304 819 376 (ἶοιιειειιιιῖιιοριιὶίιιι
851 303 1129 375 proici-tus
1162 312 1264 358 est.
1306 302 1424 371 Qua
1474 306 1528 358 in
1557 306 1692 360 urbe
1717 304 1860 374 apud

1979 322 2130 374 μενος
2155 307 2264 362 τῶν
2305 309 2499 379 Ἀγίων
2532 311 2758 384 Σεργίου
2789 312 2883 368 καὶ
2907 315 3145 389 Βάκχου.
3176 321 3416 379 Κάκείσε
3448 327 3542 382 εὗ-

287 399 604 469 praelectum
637 397 955 452 monasterii
986 395 1314 451 Sanctorum
1343 395 1518 468 Sergii
1559 406 1615 452 et
1657 397 1857 452 Bacchi

289 493 588 563 liospitium
621 491 832 546 invenit
857 491 958 562 (9).
1005 489 1234 556 Ibidem,
1297 506 1424 546 cum
1476 491 1650 545 sancti
1685 489 1859 564 [xui]

288 585 468 642 l’atris
497 585 672 640 nostri
695 582 924 638 Joannis
941 583 1318 656 Chrysostomi
1351 584 1520 640 libros
1547 585 1858 653 repetisset,

285 693 490 749 eosque
518 678 808 749 diligenter
837 677 1221 748 percurrisset.
1256 677 1323 732 de
1352 693 1411 732 se
1441 680 1563 747 ipso
1589 677 1861 747 quereba-

287 781 398 838 tur,
425 779 515 826 et:
542 768 774 825 ch'me
805 771 1089 837 miserum,
1116 771 1314 836 aiebat,
1345 771 1474 842 quid
1493 785 1595 842 ego
1618 770 1812 826 faciam
1838 773 1864 824 Υ

285 878 397 932 quo
431 871 591 933 pacto
619 861 999 918 fraudulentas
1053 861 1262 918 inimici
1315 853 1677 934 cogitationes
1723 861 1860 918 etfu-

289 953 475 1024 giam?
499 955 777 1024 quomodo
797 955 864 1010 de
894 965 972 1011 tot
998 957 1098 1010 viri
1131 956 1294 1026 hujus
1326 956 1546 1012 invictis
1569 958 1862 1014 virtutibus

289 1060 484 1116 parare
517 1046 651 1100 mihi
689 1047 896 1117 aliquot
922 1046 1171 1117 possim?
1217 1055 1271 1100 at
1313 1047 1561 1117 profecto
1609 1048 1864 1120 indignus

287 1151 389 1206 ego
419 1151 564 1202 sum,
600 1138 694 1208 qui
759 1147 1034 1192 tantorum
1095 1136 1218 1206 ejus
1281 1146 1502 1207 tamque
1566 1138 1860 1192 illustrium

289 1237 436 1283 recte
501 1227 770 1282 facturum
831 1229 1058 1297 vestigia
1128 1229 1456 1300 subsequar.
1512 1229 1625 1286 lloc
1680 1244 1860 1285 tamen

289 1319 514 1386 supplex
566 1334 659 1387 per
693 1317 871 1374 Patris
907 1318 1069 1386 hujus
1105 1319 1583 1372 mansuetudinem
1621 1335 1648 1373 a
1678 1321 1865 1389 singu-

289 1410 390 1464 lari
449 1409 542 1464 Dei
593 1425 722 1479 erga
785 1425 886 1465 nos
947 1410 1324 1465 misericordia
1385 1420 1509 1480 peto
1545 1424 1709 1482 atque
1765 1415 1866 1466 im-

295 1501 450 1569 ploro
484 1542 500 1567 ,
553 1510 614 1554 nt
671 1500 738 1554 iis
797 1501 1064 1570 ignoscat,
1121 1517 1243 1572 qua:
1305 1517 1334 1555 a
1367 1517 1453 1557 me
1492 1502 1740 1572 quotidie
1767 1503 1864 1557 al-

293 1592 585 1644 mittuntnr
621 1592 758 1658 (Ml).

1965 397 2074 465 ρὼν
2101 398 2201 462 τὰς
2233 397 2448 470 βίϐλούς
2475 402 2569 456 τοῦ
2597 406 2654 460 ὲν
2681 405 2858 474 ἁγίοις
2905 411 3119 483 [ἰατρὸς
3161 414 3321 485 ἡμῶν
3361 413 3546 471 ’ῐωάν⁹

1961 505 2054 542 νου
2085 489 2180 543 τοῦ
2209 491 2625 565 Χρυσοστόμου,
2671 497 2769 551 καὶ
2803 499 2974 564 αὐτὰς
2997 500 3284 566 διεξελθὼν
3310 505 3339 556 6
3368 507 3547 574 μακά-

1963 595 2077 650 ριοι,
2105 581 2424 654 Γρηγόριος,
2466 585 2658 640 ἑαυτὸν
2687 588 2991 656 ταλανίζων
3023 592 3211 662 ἔλεγεν
3230 607 3246 624 ⁶
3281 596 3545 666 Οῖμοιίτί

1962 669 2154 740 πράξω
2183 673 2212 724 ὁ
2239 671 2406 737 τάλας
2434 674 2580 742 syth;
2611 677 2728 757 πῶς
2759 677 2972 750 δυνηθῶ
3000 681 3108 754 ἄρα
3153 685 3414 753 ἐκφυγεῖν
3445 685 3545 749 τὰς

1960 761 2056 815 τοῦ
2095 761 2290 834 ἐχθροῦ
2318 767 2680 836 κακοτέχνοιις
2707 771 2992 840 ὲπινοίαζς
3042 773 3161 837 πῶς
3188 775 3404 846 δυνηθῶ
3442 793 3544 830 κα-

1961 853 2220 908 ταλαϐεῖν
2247 857 2312 909 ὲκ
2343 857 2452 911 τῶν
2485 858 2696 914 πολλῶν
2726 862 2888 916 αὐτοῦ
2919 864 3015 918 καὶ
3037 866 3376 938 ἀνεικάστων
3414 868 3544 938 ἀρε-

1961 948 2091 1015 τῶν,
2145 949 2252 1004 κᾶν
2298 951 2364 1005 ὲκ
2409 951 2519 1007 τῶν
2559 956 2768 1026 μυρίων
2804 957 2990 1025 ὀλίγας
3039 961 3378 1031 κτήσασθαι;
3430 963 3543 1016 ἀλλ’

1963 1042 2244 1112 ὅμως-οὑκ
2275 1045 2391 1114 εἰμὶ
2419 1044 2567 1111 ἄξιος
2600 1048 2710 1102 τῶν
2748 1049 3030 1133 τοσούτων,
3050 1052 3214 1107 αὑτοῦ
3245 1056 3340 1108 καὶ
3375 1056 3547 1125 μεγά-

1963 1131 2072 1186 λων
2136 1136 2580 1206 κατορθωμάτων
2637 1131 3021 1205 ἐπακόλουθος
3053 1145 3330 1212 γενὲσοαι.
3405 1146 3544 1200 Ἀλλ’

1967 1225 2198 1278 ίκετεύω
2229 1229 2319 1280 καὶ
2351 1227 2585 1283 δυσωπῶ
2621 1231 2710 1283 τὸν
2738 1232 3151 1305 φιλοικτίρμονα
3193 1237 3327 1290 Θεὸν
3360 1237 3541 1310 ἡμῶν,

1965 1314 2059 1366 καὶ
2088 1314 2253 1368 αὐτοῦ
2297 1316 2392 1369 τοῦ
2441 1319 2652 1391 [ἰατρὸς
2685 1321 2745 1374 τὸ
2775 1325 2968 1391 πρᾶον.
3017 1326 3165 1388 ὅπως
3214 1331 3545 1402 συγχωρήσῃ

1965 1404 2034 1457 τὰ
2067 1407 2196 1478 παρ’
2224 1407 2360 1478 ἐμοῦ
2390 1402 2742 1482 πραττόμενα
2781 1414 2902 1468 καθ’
2933 1415 3170 1487 ἑκάστην
3199 1418 3434 1489 ἡμέραν.

363 1679 553 1734 XXXI.
596 1685 664 1734 At
717 1696 845 1736 vero
907 1682 1200 1752 pratiectus
1233 1725 1247 1749 ,
1313 1699 1435 1738 cum
1476 1685 1723 1755 quotidie
1792 1686 1864 1741 ob

2040 1687 2164 1744 AA'.
2229 1689 2464 1762 Θεωρῶν
2505 1691 2563 1746 δὲ
2605 1694 2634 1746 6
2676 1693 2982 1764 ἡγούμενος
3025 1696 3088 1750 τὸ
3139 1697 3398 1768 ἐπίμονον
3446 1699 3544 1770 τῆς

290 1773 480 1828 oculus
526 1773 752 1826 haheret
796 1782 1139 1828 constantem
1193 1774 1431 1830 hominis
1495 1776 1865 1842 tolerantiam,

292 1861 611 1931 psalmodize
634 1861 976 1916 suavissima:
1003 1861 1372 1926 hilaritatem,
1421 1878 1650 1918 summae
1695 1866 1870 1919 absti-
1919 1860 1929 1870 ’

293 1954 489 2010 ιιριιιίιε
521 1955 762 2009 studium
791 1973 804 2009 :
829 1955 1032 2025 quippe
1062 1955 1457 2011 hebdomadem
1490 1965 1658 2012 totam
1696 1973 1870 2028 usque

293 2047 358 2099 ad
402 2046 702 2101 Sabbatum
734 2046 962 2117 jejunus
991 2047 1348 2116 pet-durabat,
1382 2065 1446 2105 ac
1496 2050 1729 2105 subinde
1755 2051 1870 2106 ole-

297 2138 450 2194 ribus
497 2148 554 2193 et
611 2140 724 2194 sale
792 2149 1085 2194 contentus
1139 2152 1288 2195 erat:
1364 2152 1479 2196 tum
1551 2141 1867 2198 divinarum

296 2227 627 2284 Litterarum
677 2231 1091 2286 meditationem
1140 2242 1546 2303 perpetuasqne
1617 2235 1867 2304 vigilias;

299 2324 412 2377 lucc
437 2322 624 2377 omnia
666 2322 732 2376 ad
785 2321 1262 2394 archiepiscopum
1303 2323 1872 2396 Constantinopolita-

299 2427 428 2464 num
461 2411 647 2466 retulit
679 2411 813 2484 (ll),
843 2419 1080 2482 eumque
1117 2415 1200 2468 sic
1247 2422 1333 2469 est
1361 2415 1670 2472 allocutus:
1709 2417 1873 2474 Pater

301 2505 846 2576 veneramle,hospes
870 2507 1095 2578 quidam
1116 2508 1382 2564 diaconus
1401 2510 1456 2564 in
1473 2514 1869 2568 monasterium

299 2612 483 2652 meum
515 2598 736 2652 advenit
770 2598 974 2654 eximio
998 2599 1157 2669 plane
1200 2608 1424 2670 aspectu
1449 2641 1464 2665 ,
1511 2603 1622 2658 'sed
1656 2604 1873 2662 virtutis

299 2689 643 2759 professione
689 2692 854 2746 etiam
902 2692 1074 2762 magis
1107 2694 1458 2762 spectandus,
1501 2695 1720 2764 sapiens
1764 2696 1875 2752 lec-

300 2780 434 2836 tioni
462 2781 724 2844 intentus,
749 2781 1058 2836 divinarum
1079 2781 1411 2837 Litterarum
1447 2783 1714 2854 interpres
1740 2785 1874 2841 adeo

301 2871 496 2948 [xuii]
536 2874 831 2940 excellens,
878 2883 937 2928 ut
973 2889 1092 2930 meo
1123 2875 1343 2946 quidem
1369 2875 1581 2944 judicio
1609 2891 1707 2945 par
1749 2875 1874 2932 huic

1971 1781 2286 1853 καρτερίας,
2305 1781 2400 1835 καὶ
2423 1782 2484 1836 τὸ
2506 1783 2604 1855 ήδὺ
2633 1785 2725 1858 καὶ
2744 1783 3065 1856 χαλώμενον
3080 1787 3180 1857 τῆς
3208 1787 3543 1860 ψαλμῳδίας,

1971 1869 2156 1928 πάλιν
2179 1873 2236 1928 δὲ
2266 1873 2366 1944 τῆς
2402 1875 2580 1945 ἄκρας
2614 1877 2971 1949 ἐγκρατείας*
3003 1879 3102 1950 τὴν
3133 1879 3243 1951 γὰρ
3276 1882 3548 1953 ἑϐδομάδα

1969 1967 2262 2038 ὁλόκληρον
2320 1967 2572 2022 ἀπετέλει
2627 1969 2702 2040 μὴ
2759 1969 3052 2041 γενόμενος
3097 1971 3236 2036 ὅλως
3296 1973 3401 2037 ἕως
3450 1974 3546 2028 τοῦ

1971 2055 2273 2119 Σαϐϐάτου,
2303 2057 2401 2110 καὶ
2447 2057 2606 2112 τοῦτο
2633 2057 2886 2129 λαχάνοις
2927 2047 3087 2130 μόνον
3132 2061 3546 2134 ὲπαρκούμενος

1971 2152 2064 2204 καὶ
2093 2151 2250 2207 ἅλατι
2277 2169 2288 2181 ⁸
2319 2149 2442 2208 εἶτα
2471 2154 2715 2218 πάλινὲν
2739 2159 2804 2227 τῇ
2843 2157 3042 2230 μελέτῃ
3075 2159 3184 2212 τῶν
3219 2160 3380 2213 θείων
3405 2159 3549 2230 Γρα-

1972 2244 2088 2314 φῶν
2119 2243 2393 2314 σχολάζων
2431 2246 2520 2300 ἀεὶ
2556 2247 2650 2301 καὶ
2681 2247 2742 2300 τὸ
2773 2249 3050 2320 ἄγρυπνον
3093 2250 3260 2304 αὐτοῦ
3293 2251 3546 2314 πάντοτε,

1970 2335 2292 2407 ἀνήγγειλεν
2340 2336 2410 2390 τὰ
2461 2339 2582 2394 κατ’
2625 2338 2789 2392 αὑτοῦ
2842 2341 2871 2392 6
2921 2339 3223 2410 ἡγούμενος
3245 2341 3345 2408 -τῷ
3386 2342 3549 2412 ἀρχι-

1971 2428 2259 2498 επισκόπῳ
2292 2429 2935 2496 Κωνσταντινουπόλεως,
2958 2431 3130 2501 λέγων
3155 2432 3302 2504 αὐτῷ
3323 2449 3336 2464 ⁸
3369 2433 3549 2505 Πάτερ

1971 2518 2142 2588 τίμιε,
2175 2520 2515 2592 κατήντησεν
2563 2523 2621 2574 ὲν
2649 2521 2728 2594 τῷ
2761 2525 3108 2594 μοναστηρίῳ
3143 2541 3244 2594 μου
3290 2523 3438 2589 ξένος
3464 2541 3550 2588 τις

1971 2610 2218 2675 διάκονος
2260 2613 2402 2666 πάνυ
2440 2614 2644 2684 ὡραῖος
2679 2617 2744 2686 τῇ
2775 2614 2892 2686 θέᾳ,
2924 2617 3086 2674 πάλιν
3109 2617 3164 2669 δὲ
3199 2618 3291 2672 καὶ
3315 2601 3552 2687 ἄσκησιν

1973 2701 2112 2774 ἔχων
2144 2703 2240 2756 καὶ
2283 2702 2398 2774 βίον
2429 2706 2703 2777 ἐνάρετον,
2737 2707 2898 2776 σοφὸς
2930 2706 2985 2760 δὲ
3027 2709 3122 2762 καὶ
3163 2710 3223 2762 ὲν
3255 2709 3376 2770 ταῖς
3415 2709 3550 2761 ἀνα-

1973 2793 2245 2864 γνώσεσιν
2321 2800 2599 2869 προσέχων
2664 2800 2760 2852 καὶ
2832 2786 3148 2871 ἑρμηνεύων
3237 2800 3338 2864 τὰς
3399 2799 3554 2864 θείας

1976 2886 2238 2956 Γραφὰς,
2297 2887 2372 2952 ὼς
2421 2890 2545 2960 ἐμοὶ
2593 2889 2774 2954 δοκεῖ,
2827 2890 2903 2962 μὴ
2964 2890 3316 2962 εὑρίσκεσθαι
3363 2891 3554 2978 ἔτερόν

301 2965 440 3019 alter
467 2963 698 3018 inveniri
733 2963 892 3019 hodie
927 2963 983 3018 in
1028 2963 1130 3020 hac
1164 2965 1299 3019 urbe
1343 2980 1452 3019 non
1499 2965 1694 3034 possit,
1721 2974 1874 3035 post-

1979 2994 2104 3032 τινα
2148 2980 2389 3050 σήμερον
2445 2980 2502 3032 ὲν
2545 2981 2610 3050 τῇ
2652 2979 2807 3034 πόλει
2846 2980 3038 3052 ταύτῃ,
3075 2983 3176 3036 οὐκ
3215 2976 3433 3043 οῖδα.‹εί
3476 2967 3552 3054 pi)

302 3073 469 3128 quam
500 3072 697 3128 nempe
719 3072 935 3112 sacram
969 3057 1130 3112 istam
1161 3056 1512 3129 divinamqne
1543 3058 1872 3129 sapientiam

304 3161 454 3206 tuam
485 3149 884 3220 exceperimus.
930 3148 1215 3205 Iliecvero
1269 3158 1328 3204 ut
1369 3149 1574 3204 audivit
1610 3151 1880 3220 archiepi-

304 3255 528 3310 scopus,
568 3239 802 3295 mil-ilice
846 3239 1062 3294 laetatus
1115 3247 1220 3302 est.
1254 3254 1319 3294 ac
1366 3239 1625 3310 pra-lecto
1658 3256 1885 3311 respon.

303 3334 442 3388 dens
475 3350 488 3386 :
523 3332 837 3398 Habemus,
889 3332 1103 3402 inquit,
1143 3331 1232 3388 hic
1273 3332 1523 3388 homines
1564 3333 1880 3403 sapientes:

308 3431 408 3484 hos
431 3428 495 3484 ad
531 3437 580 3484 te
611 3429 914 3492 mittemus,
946 3436 1024 3494 ut,
1053 3436 1348 3498 antequam
1381 3428 1470 3484 ille
1502 3431 1640 3486 sciat
1668 3447 1696 3485 a
1725 3431 1882 3488 nobis

308 3521 507 3577 missos
543 3501 715 3584 0esse,
773 3534 1000 3576 causam
1063 3519 1165 3588 ipsi
1229 3519 1468 3590 aliquam
1526 3533 1884 3592 praetexentes

307 3614 656 3680 conveniant,
701 3629 766 3672 ac
798 3628 1109 3670 sermonem
1141 3628 1268 3670 cum
1299 3629 1366 3669 eo
1407 3614 1664 3683 habeant,
1697 3617 1883 3690 itaque

381 3787 457 3857 (9)
482 3785 716 3842 Causam
752 3787 797 3841 si
831 3801 1066 3855 quaeras.
1107 3801 1208 3841 cur
1240 3784 1536 3857 Gregorius
1579 3787 1634 3842 in
1665 3787 1718 3843 id
1761 3803 1880 3843 mo-

309 3857 632 3920 nasterium,
674 3871 786 3926 prae
828 3857 972 3922 aliis,
1003 3873 1125 3926 quae
1154 3858 1324 3911 multa
1372 3868 1526 3912 erant
1565 3858 1884 3914 Constanti-

312 3927 516 3996 nupoli,
547 3927 848 3990 divcrtcrit,
887 3927 1209 3999 hcccul‘uisse
1249 3928 1486 3991 videtur,
1522 3931 1666 3999 quod
1709 3930 1881 3984 Latini

311 4001 451 4072 ritus
489 4007 542 4050 et
581 3999 983 4072 moriar-horna:
1007 3997 1380 4072 Romanorum
1413 3997 1553 4055 erat,
1593 3998 1650 4053 In
1706 4001 1884 4072 Syna-

315 4069 502 4134 xariis,
538 4076 596 4122 ut
629 4067 907 4138 adnotavit
943 4066 1185 4138 Cangius
1222 4067 1648 4137 (Constantinop.
1681 4066 1881 4124 Christ.

313 4140 326 4192 l
356 4141 406 4193 b.
433 4154 506 4202 tv,
537 4154 593 4192 ιι.
626 4138 715 4207 88)
740 4139 818 4207 ad
851 4137 919 4191 l2
949 4137 1153 4192 mensis
1204 4138 1379 4192 Martii
1435 4141 1485 4191 in
1546 4139 1666 4194 Vita
1709 4142 1882 4194 sam-ti

313 4205 705 4278 'l‘heophanis,
727 4205 1034 4278 Hormisda:
1061 4209 1438 4261 monasterium
1470 4210 1798 4277 appellatur,
1831 4218 1885 4264 ct

315 4277 479 4332 sltnni
515 4277 718 4348 dicitur
744 4293 911 4348 prope
946 4277 1233 4348 padatium,
1259 4292 1454 4348 nomen
1489 4281 1608 4348 love
1637 4279 1706 4332 ab
1744 4279 1884 4332 Ilor-

1983 3069 2078 3123 σοῦ
2107 3071 2275 3124 αὑτοῦ
2299 3072 2330 3142 ὴ
2362 3069 2480 3124 θεία
2508 3072 2600 3124 καὶ
2637 3071 2757 3144 ίερὰ
2783 3073 2968 3142 σοφία.
2997 3071 3185 3136 Ταῦτα
3207 3073 3266 3128 δὲ
3303 3073 3549 3138 ἀκούσας

1980 3165 2010 3217 ὁ
2055 3163 2508 3233 ἀρχιεπίσκοπος,
2545 3165 2718 3236 ἐχάρη
2758 3165 2924 3228 πάνυ,
2971 3165 3067 3220 καὶ
3095 3165 3247 3236 λέγει
3279 3166 3360 3236 τῷ
3391 3168 3554 3237 ἡγου-

1986 3249 2135 3320 μένῳ
2157 3265 2170 3279 ·
2208 3251 2447 3323 Ἐχομεν
2475 3252 2709 3307 ἐνταῦθα
2735 3250 2934 3325 ἄνδρας
2963 3255 3161 3324 σοφούς
3179 3273 3192 3286 ο
3220 3255 3554 3311 ἀποστελοῦ-

1985 3359 2087 3410 μεν
2124 3342 2260 3414 πρὸς
2305 3342 2384 3410 σὲ,
2423 3342 2497 3407 ῶς
2541 3343 2751 3398 ἐκείνου
2786 3345 2859 3416 μὴ
2892 3347 3111 3415 γνόντος
3134 3389 3149 3411 ,
3183 3347 3264 3402 ὅτι
3298 3344 3358 3412 ἐξ
3396 3347 3556 3418 ἡμῶν

1983 3433 2391 3505 ἀπεστάλησαν,
2426 3433 2516 3488 διὰ
2550 3435 2879 3506 προφάσεώς
2918 3453 3084 3502 τινος,
3113 3439 3207 3490 καὶ
3250 3423 3435 3492 [δῶσιν
3462 3439 3560 3493 a6-

1983 3527 2076 3581 τὸν
2106 3527 2198 3581 καὶ
2235 3527 2587 3598 διαλεχθῶσιν
2629 3527 2766 3598 μετὰ
2789 3527 2885 3581 τοῦ
2905 3529 3114 3600 ἀνδρὸς,
3138 3530 3232 3582 διαὲ
3257 3529 3430 3594 οὕτως
3459 3530 3558 3584 καὶ

1984 3621 2144 3692 ἡμεῖς
2175 3619 2338 3674 αὐτὸν
2369 3619 2702 3692 θεωροῦμεν.
2745 3621 2909 3690 Λέγει
2944 3623 2972 3676 ὁ
2995 3624 3299 3694 ἡγούμενος
3347 3621 3426 3694 τῷ
3457 3624 3559 3696 ap.

1985 3787 2040 3842 in
2088 3801 2156 3841 eo
2211 3786 2546 3840 monasterio
2585 3799 2692 3840 non
2752 3794 2975 3844 essent.
3026 3795 3082 3840 et
3123 3786 3266 3842 inter
3317 3802 3450 3844 suos
3497 3803 3559 3844 se

1987 3859 2232 3912 futurum
2267 3857 2616 3926 intelligeret.
2649 3857 2917 3910 (laterum
2966 3858 3284 3926 aliquandiu
3334 3859 3558 3926 pontili-

1986 3942 2078 3982 ces
2108 3927 2381 3981 maximos
2427 3927 2518 3995 de
2554 3927 2902 3995 possessione
2957 3929 3276 3982 deturbatos
3317 3938 3556 3990 constat.

1987 4013 2112 4052 cum
2147 3993 2567 4066 JoanncsVlll,
2603 3997 2765 4066 epist.
2808 3995 2910 4049 l09
2952 3997 3132 4066 (apud
3177 3996 3342 4050 Hard.
3391 3999 3556 4052 Cone.

1987 4077 2028 4122 t.
2062 4068 2150 4130 Vl,
2185 4061 2355 4136 p.'87)
2402 4061 2652 4130 Basilio,
2704 4061 3070 4121 Constantino
3123 4077 3194 4122 .et
3247 4068 3558 4122 Alexandro

1987 4137 2162 4206 Angg.
2197 4146 2400 4206 gratias
2431 4152 2595 4203 agere.
2629 4151 2688 4190 se
2726 4137 2954 4199 scribat,
2997 4139 3135 4206 quod
3175 4139 3557 4191 monasterium

1989 4205 2174 4260 Sancti
2201 4205 2371 4274 Sergii
2401 4207 2542 4258 intra
2581 4215 2811 4259 uestram
2849 4205 3047 4274 regiam
3092 4209 3270 4262 urbem
3300 4211 3558 4261 constitu-

1993 4285 2124 4336 tum,
2173 4275 2311 4345 quod
2361 4285 2547 4348 sancta
2598 4275 2837 4348 Boinana
2889 4275 3126 4330 Ecclesia
3157 4278 3283 4346 jure
3343 4282 3558 4348 proprio

318 4348 493 4402 misda
529 4345 759 4414 Saporis
786 4348 930 4415 regis
962 4345 1254 4401 Persarum
1291 4347 1476 4410 fratre,
1509 4347 1603 4418 qui
1653 4364 1711 4404 se
1739 4351 1882 4404 Con-
1917 4356 1960 4410 ι)
1988 4354 2251 4418 quondam
2293 4347 2532 4411 retinuit,
2587 4347 2766 4398 divina
2793 4348 3136 4414 inspiratione
3160 4345 3366 4416 repleti
3395 4389 3409 4410 ,
3442 4345 3558 4417 'pro

318 4418 728 4489 stantjnopolim
765 4418 1394 4489 receperattAmmjan.
1437 4418 1474 4470 Ι.
1537 4434 1648 4480 ιιι-ι,
1681 4435 1732 4472 ιι.
1776 4421 1882 4489 l7).

319 4489 425 4542 Sed
451 4483 772 4556 Procopius.
797 4483 1180 4556 qui‘templum
1204 4502 1234 4541 a
1265 4483 1572 4542 Justiniano
1603 4483 1886 4544 conditum

318 4557 482 4612 tradit
512 4556 610 4628 (De
630 4555 782 4628 iedif.
820 4555 968 4610 Just.
1011 4555 1048 4611 l.
1109 4573 1146 4622 ι,
1181 4574 1232 4610 c.
1295 4557 1375 4624 4),
1437 4559 1570 4612 nihil
1613 4560 1764 4612 addit
1819 4562 1888 4615 dc

317 4629 692 4699 monasterio,
743 4638 798 4682 et
843 4631 1103 4699 templum
1162 4637 1501 4699 egstructum
1545 4629 1702 4699 dicit,
1738 4631 1889 4699 παρὰ

317 4699 419 4768 τὴν
454 4697 718 4768 βασιλέως
749 4699 946 4768 αὐλὴν,
975 4700 1010 4768 ἡ
1055 4697 1350 4768 ὐρμίσδ-ου
1373 4697 1436 4749 τὸ
1465 4698 1694 4752 παλαιὸν
1739 4697 1888 4753 ἐπῶ-

223 4801 230 4811 ›
319 4765 488 4836 νόμος
524 4765 613 4838 ἦν.
647 4769 799 4838 Αριιά
830 4765 1070 4838 Regiam,
1104 4765 1222 4838 (me
1267 4766 1571 4823 Hormisda:
1599 4773 1724 4822 olim
1751 4771 1888 4825 dice-

225 4903 230 4910 Δ
322 4841 502 4891 batur.
534 4837 818 4910 tiedrenus
857 4837 1048 4910 contra
1081 4840 1145 4905 (t.
1176 4837 1216 4901 Ι,
1261 4854 1312 4906 p.
1345 4839 1448 4891 566
1473 4881 1486 4904 ,
1534 4856 1588 4894 ιι.
1628 4841 1751 4910 H7)
1791 4856 1892 4894 nos

218 4971 265 4990 in.

321 4911 502 4974 iloret,
533 4907 678 4961 binis
707 4924 738 4962 a
771 4907 1084 4962 Justiniano
1117 4909 1317 4962 ibidem
1342 4911 1627 4963 mdilieatis
1651 4907 1888 4978 templis,

324 4980 496 5032 altera
526 4979 731 5033 sanctis
761 4981 1095 5048 martyribus
1116 4980 1307 5049 Sergio
1335 4988 1391 5032 et
1420 4979 1636 5034 Bai-eho
1657 5021 1672 5042 ,
1720 4983 1892 5036 altero

327 5049 540 5102 sanctis
600 5049 941 5118 principibus
997 5051 1371 5118 apostolorum
1417 5051 1598 5104 dii-ato
1631 5090 1647 5114 ,
1705 5051 1888 5118 palatii

329 5127 558 5186 partem,
591 5134 715 5187 qua:
742 5134 892 5172 mare
925 5122 1227 5188 spectabat,
1259 5129 1334 5182 et,
1372 5137 1537 5189 ιιιιιιιιι
1568 5122 1682 5188 ipse
1719 5122 1896 5189 priva-

329 5189 750 5260 tnsiucoluerat
774 5190 1022 5250 domum.
1053 5191 1213 5246 simul
1234 5191 1526 5260 conjuncta
1559 5207 1700 5256 esse,
1730 5203 1896 5257 atque

327 5275 393 5312 ex
422 5259 507 5312 Itis
545 5261 808 5315 omnibus
854 5261 1150 5314 illustrium
1199 5259 1444 5315 virorum
1493 5263 1895 5316 monasterium

329 5331 626 5400 exstitisse.
657 5333 872 5400 Optime
899 5347 1027 5385 vero
1061 5331 1149 5385 his
1199 5333 1531 5399 respondent
1569 5347 1689 5400 quae
1739 5333 1898 5385 habet

334 5399 566 5471 Vigilins
645 5399 717 5454 in,
773 5403 1003 5468 epistola
1071 5403 1137 5456 ad
1177 5407 1524 5471 ulllltV't'l'Sﬂlll
1591 5399 1894 5454 Ecclesium

333 5469 524 5535 ("at-il.
556 5472 714 5530 Cane.
754 5481 791 5525 t.
823 5471 914 5536 Ill,
945 5489 996 5540 p.
1027 5474 1082 5540 5)
1108 5490 1121 5524 :
1163 5469 1304 5523 Nam
1329 5487 1447 5524 cum
1487 5471 1555 5523 ad
1587 5471 1722 5524 beati
1752 5471 1896 5525 Petri

335 5542 611 5596 matiiicain
661 5545 714 5595 in
765 5542 1056 5596 Hormisda
1107 5542 1388 5611 fundatam
1435 5540 1672 5610 Augusto
1729 5559 1900 5595 mense

333 5615 784 5680 παρίτω-σειριῆιο
820 5614 1171 5681 fugissemus,
1216 5622 1320 5665 etc.
1365 5611 1562 5665 Tutum
1617 5613 1762 5664 enim
1793 5612 1896 5666 sibi

336 5682 639 5752 perluguuu
670 5683 777 5737 illic
803 5686 918 5738 lore
947 5683 1173 5752 Vigilius
1198 5697 1308 5752 spe:
1326 5691 1530 5747 averet,
1551 5682 1696 5750 quod
1721 5681 1895 5736 Graeci

1989 4419 2184 4488 honore
2213 4417 2474 4488 principis
2501 4418 2858 4488 apostolorum
2885 4428 3066 4470 nostra
3087 4419 3404 4488 priesulatui
3435 4419 3558 4472 red-

1987 4486 2222 4540 didistis.
2264 4487 2383 4540 Aiia
2457 4495 2637 4540 tamen
2699 4486 2809 4539 duo
2860 4486 3142 4554 praeterea-
3180 4486 3554 4542 Romanorum

1990 4558 2322 4628 monasteria
2356 4556 2832 4628 Constantinopoli
2857 4557 3030 4628 fuisse
3053 4559 3256 4614 saeculo
3287 4573 3361 4622 vr,
3394 4573 3560 4628 appa-

1989 4638 2072 4682 ret
2109 4627 2163 4680 in
2189 4627 2688 4695 subscriptionilnts
2724 4627 3141 4697 monachorum,
3175 4629 3269 4697 qui
3321 4627 3559 4682 concilio

1989 4697 2609 4764 Constantinopolitano
2655 4698 2760 4750 sub
2809 4696 2960 4750 .llena
3028 4696 3352 4755 adfuerunt.
3418 4699 3560 4752 inter

1990 4783 2129 4836 (plus
2159 4776 2288 4821 sunt
2316 4765 2520 4820 Paulus
2563 4772 2830 4836 presbyter
2857 4780 2906 4819 et
2934 4769 3081 4834 prior
3115 4769 3422 4820 monasterii
3461 4767 3560 4820 lio-

1992 4853 2292 4901 manorum,
2322 4837 2940 4906 Anastastusipreabyter
2978 4848 3026 4890 et
3069 4839 3215 4906 prior
3254 4839 3557 4892 monasterii

1993 4907 2376 4979 Romanorum.
2410 4905 2793 4979 (llardrConc.
2819 4918 2857 4960 t.
2884 4905 2951 4979 il,
2979 4923 3032 4979 p.
3071 4905 3254 4979 12H.)

2064 4978 2174 5048 (l0)
2207 4977 2338 5033 Cod.
2385 4979 2430 5040 Ι,
2457 4976 2578 5030 καθ’
2609 4978 2850 5046 ἑκάστην
2876 4977 3044 5031 δεινά.
3236 4976 3244 4979 ⁷
3473 5023 3480 5030 .

2067 5049 2178 5119 (lt)
2220 5049 2318 5103 llic
2340 5063 2470 5104 vero
2513 5049 2693 5120 scriba
2724 5049 2826 5120 Δἰιι⁸
2856 5057 3142 5120 numerato
3185 5065 3292 5120 non
3347 5050 3558 5115 habuit,

1994 5116 2168 5188 quem
2186 5135 2252 5174 eo
2293 5129 2538 5188 tempore
2587 5116 3060 5190 archiepiscopum
3098 5117 3560 5190 Constantinopo-

1997 5187 2225 5242 litanum
2257 5187 2585 5243 nntuiiiaret.
2617 5187 2744 5240 Erat
2779 5187 2943 5255 porro
2977 5188 3089 5256 jam
3135 5191 3206 5244 ab
3244 5207 3390 5245 anim
3433 5187 3558 5254 589.,

1995 5257 2236 5314 Joannes
2271 5257 2360 5321 IV,
2394 5269 2760 5328 cognomento
2789 5257 3110 5328 Νηστευτής
3133 5300 3150 5323 ,
3191 5261 3325 5327 sive,
3362 5271 3420 5316 ut
3450 5263 3553 5313 Au-

1997 5329 2203 5398 gustini
2237 5340 2360 5383 utar
2405 5326 2606 5392 vei-bo,
2664 5326 2973 5396 Jejuuutor.
3033 5326 3254 5398 (Cuper.
3291 5326 3373 5386 in
3417 5331 3560 5385 (list.

1954 5443 1960 5449 .
1998 5399 2193 5480 gliron.
2226 5401 2378 5454 Patr.
2421 5399 2604 5480 Const.
2637 5415 2691 5480 ri.
2722 5398 2821 5478 βξ,
2858 5401 3020 5480 .apnd
3067 5399 3206 5480 Ball.
3249 5410 3298 5480 ι.⁵
3321 5400 3364 5464 Ι,
3397 5402 3560 5471 Aug.)

1997 5473 2130 5534 Qua:
2168 5480 2348 5526 autem
2385 5472 2546 5541 paulo
2575 5470 2808 5541 inferius
2839 5469 2905 5523 de
2922 5469 3041 5536 ejus
3067 5471 3333 5541 sapientia
3365 5486 3394 5524 a
3425 5469 3562 5539 pra:-

1999 5543 2142 5594 l'eeto
2170 5539 2448 5604 dicuntur,
2481 5557 2542 5594 ea
2576 5540 2828 5607 obsequii
2862 5555 2994 5609 ergo
3029 5539 3269 5594 oﬂieiose
3315 5543 3561 5608 quidem,

1999 5611 2094 5664 sed
2128 5621 2306 5665 tamen
2340 5628 2445 5666 non
2472 5613 2593 5665 sine
2623 5611 2780 5664 titulo
2802 5611 3006 5676 prolata
3037 5620 3215 5678 putes.
3237 5609 3563 5678 Quanquam

1995 5683 2144 5736 enim
2177 5682 2419 5738 Joannes
2460 5683 2528 5736 ab
2585 5680 2956 5735 adolescentia
2989 5680 3273 5736 aurilicuin
3319 5679 3567 5736 otiicinas
