4054 6204
333 269 440 340 θέλ
1328 266 1390 328 S.
1424 263 1806 328 GBEGORII
1845 260 2352 326 AGRIGENTINI
2390 263 2592 326 VITA.

3494 267 3598 333 Gfi

337 373 664 448 σιγκλητος.
699 371 1110 446 ’Λσπασάμενοί
1138 390 1198 427 τε
1243 373 1409 429 αὐτὸν
1451 374 1652 438 πάντες
1684 373 1733 426 οι
1772 372 1914 442 ἅγιοι

2023 365 2171 424 illam
2209 366 2345 443 [ur]
2375 371 2647 442 synodum
2685 381 3077 440 convenerant,
3124 384 3415 446 postquam
3454 377 3604 432 salu-

335 469 551 538 Πάτρες
573 467 624 521 οἱ
648 467 707 520 έν
726 465 912 538 ἐκείνῃ
945 465 1294 530 συνελθόντες
1317 470 1382 538 τῇ
1412 467 1546 538 ἁγίᾳ
1578 465 1799 538 συνόδῳ,
1820 465 1917 519 καὶ

337 559 705 630 ἐπευξάμενοι
751 559 931 632 αὐτῷ,
965 560 1042 625 ὡς
1085 561 1534 634 προειρήκαμεν,
1575 557 1917 630 ὑπέστρεψεν

335 653 570 716 ἕκαστος
618 655 699 716 είς
742 654 873 717 τοὺς
917 652 1084 718 ἰδίους
1129 653 1330 717 τόπους
1374 651 1656 723 χαίροντες
1697 650 1790 703 καὶ
1835 650 1918 702 αι-

335 742 557 808 νοῦντες
612 742 705 797 τὸν
739 743 894 803 ,Θεὸν
937 743 1028 798 τὸν
1082 743 1353 814 μηδέποτε
1416 739 1748 828 παρορῶντῆ
1789 738 1917 801 τοὺς

335 837 671 906 ἀγαπῶντας
715 835 899 901 αὐτὸν,
946 837 1042 890 καὶ
1085 834 1447 906 διατηροῦντα
1485 830 1770 904 ἁλώᾷητον
1816 831 1918 900 τὴν

335 928 632 998 καθολικὴν
673 927 1024 996 Ἐκκλησίαν.
1207 989 1210 994 _

407 1019 534 1076 AZ'.
578 1017 827 1086 Ἐγένετο
850 1016 908 1070 δὲ
933 1015 1074 1086 μετὰ
1093 1015 1153 1069 τὸ
1176 1015 1385 1080 πάντας
1416 1014 1770 1086 ἀναχωρῆσαι
1791 1013 1918 1076 τούς

336 1110 592 1180 Πατέρας
635 1111 700 1163 ἑκ
741 1108 843 1178 τῆς
881 1109 1550 1172 Κωνσταντινουπόλεως,
1583 1109 1640 1160 ἐν
1677 1107 1776 1176 μιᾷ
1807 1104 1916 1158 τῶν

335 1199 565 1272 ἡμερῶν
600 1200 1120 1272 προσκαλεσάμενος
1149 1203 1179 1255 6
1205 1199 1595 1262 εὐσεϐέστατος
1625 1197 1784 1268 ἡμῶν
1819 1195 1915 1268 βα-

338 1293 524 1358 σιλεὺς
549 1293 641 1346 τὸν
667 1293 1130 1366 ἀρχιεπίσκοπον,
1170 1291 1320 1362 λέγει
1349 1291 1528 1362 αὐτῷ·
1559 1290 1740 1360 Πάτερ
1759 1329 1773 1353 ,
1817 1289 1916 1342 πό-

338 1386 431 1440 θεν
456 1385 837 1454 παραγέγονεν
871 1385 899 1438 6
929 1385 1071 1456 ἀνὴρ
1103 1384 1239 1456 πρὸς
1273 1385 1420 1455 ἡμᾶς
1448 1379 1605 1446 οὗτος
1645 1385 1674 1437 6
1708 1383 1847 1448 νέος,
1881 1372 1916 1434 ’ὁ

335 1475 560 1552 τοιαύτῃ
600 1477 787 1547 χάριτι
829 1476 1427 1546 κατακεκοσμημένος;
1467 1476 1525 1529 '0
1558 1473 1616 1530 δὲ
1665 1473 1915 1544 ἁρχιεπί-

337 1583 543 1630 σκοπος
600 1566 787 1620 πεσὼν
843 1568 938 1620 ἐπὶ
989 1565 1282 1637 πρόσωπον
1332 1566 1521 1630 αὐτοῦ,
1571 1565 1649 1636 τῷ
1707 1565 1918 1636 βασιλεῖ

337 1657 777 1732 προσεκύνησεν,
827 1659 922 1712 καὶ
966 1653 1122 1712 εἶπεν
1141 1674 1156 1688 ³
1190 1657 1639 1728 Εὐχαριστοῦμεν
1667 1656 1744 1728 τῷ
1773 1655 1910 1725 Θεῷ.

2018 469 2124 516 tem
2175 461 2227 518 ei
2270 463 2548 528 dixerunt,
2595 471 2781 535 alque,
2826 477 2885 520 ut
2913 465 3189 534 diximus,
3225 469 3362 524 bene
3395 474 3602 540 precati

2017 563 2167 620 sunt,
2212 555 2280 610 ad
2345 556 2505 612 sedes
2562 557 2796 631 quisque
2848 572 2980 614 suas
3002 557 3110 614 ιτειὶ
3153 560 3383 624 rediere,
3416 562 3602 617 multis

2018 644 2128 701 Deo
2155 646 2411 702 laudibus
2450 646 2696 716 redditis,
2738 649 2830 718 qui
2882 664 3000 716 eos,
3041 665 3072 705 a
3119 652 3320 719 quibus
3365 663 3603 720 amatur,

2017 753 2299 810 nunquam
2329 739 2574 812 negligit,
2606 749 2662 796 et
2687 740 3013 797 catholicam
3042 742 3341 800 Ecclesiam
3379 745 3602 802 illzrsam
3651 767 3686 790 ο

2019 845 2219 893 servat.

2089 1015 2355 1072 XXXVII.
2399 1019 2588 1074 Patres
2615 1017 2728 1087 jam
2759 1033 2953 1074 omnes
2983 1018 3458 1088 Constantinopoli
3487 1021 3601 1076 dis-

2019 1117 2323 1173 cesserant,
2370 1125 2493 1165 cum
2525 1111 2900 1180 pientissimus
2945 1111 3240 1180 imperator
3261 1119 3446 1166 noster
3467 1127 3604 1182 quo.

2018 1195 2142 1250 dam
2176 1199 2264 1252 die
2282 1199 2758 1270 archiepiscopum
2781 1200 3090 1266 arcessivit,
3112 1200 3596 1272 interrogavitque,

2020 1289 2162 1344 unde
2197 1290 2512 1348 advenisset
2547 1293 2630 1346 vir
2679 1292 2770 1348 ille
2813 1291 3059 1348 ﬂorentis
3089 1294 3285 1354 aetatis,
3334 1296 3422 1348 cui
3455 1303 3600 1348 tanta

2017 1379 2283 1436 divinitus
2322 1382 2492 1452 gratia
2526 1381 2652 1436 data
2675 1383 2863 1439 esset?
2903 1382 3002 1438 Cui
3037 1383 3480 1454 archiepiscopus
3509 1401 3603 1440 co-

2016 1487 2134 1526 ram
2166 1488 2232 1526 eo
2256 1473 2622 1543 procumbens
2639 1486 2760 1544 post
2789 1475 3164 1530 adorationem
3186 1477 3422 1546 subjecit
3451 1495 3465 1531 :
3493 1475 3604 1531 Ma-

2020 1580 2176 1633 gnas,
2212 1565 2551 1632 pientissime
2603 1568 2922 1637 imperator,
2969 1565 3080 1622 Deo
3111 1568 3318 1639 gratias
3361 1569 3598 1639 agimus.

2029 1657 2172 1724 quod
2209 1656 2345 1710 ﬁdes
2393 1665 2484 1711 tua
2535 1667 2590 1712 et
2619 1658 2822 1713 illibata
2858 1659 3071 1730 religio,
3121 1675 3226 1730 qua
3263 1658 3431 1715 Deum
3461 1660 3602 1716 assi-

334 1714 698 1800 εύσεῦέστατε
731 1714 1082 1817 αὐτοκράτορ
1101 1785 1116 1810 ,
1141 1714 1610 1816 ‹“5τι”1]“τιέίστις›ια)⁸
1640 1746 1674 1816 ἡ
1697 1714 1914 1813 καθαρά

2021 1745 2127 1800 due
2161 1747 2318 1809 colis,
2353 1754 2520 1818 atque
2557 1749 2690 1818 ipsa:
2724 1765 2913 1818 preces
2960 1761 3065 1805 tuae
3110 1766 3206 1820 per
3244 1751 3390 1806 hunc
3425 1754 3600 1806 virum

335 1854 434 1891 σου
469 1835 718 1908 λατρεία,
755 1836 824 1908 ἢν
872 1837 1137 1905 κέκτησαι
1170 1835 1400 1890 πὰντοτε
1436 1835 1571 1907 πρὸς
1615 1835 1713 1888 τὸν
1759 1832 1913 1898 Θεὸν,

335 1931 434 1985 καὶ
455 1929 590 2000 μόνη
613 1930 646 2000 ὴ
677 1928 764 1982 διὰ
789 1928 884 1982 σοῦ
909 1928 1043 2001 εὐχὴ
1066 1923 1364 2000 ὲνέφρὶξεν
1391 1926 1462 1980 τὰ
1487 1927 1596 1979 τῶν
1619 1923 1916 1996 αἱρετικῶν

337 2020 587 2089 στόματα
614 2017 702 2071 διὰ
728 2017 826 2072 τοῦ
861 2017 1156 2091 ἀνθρώπου
1186 2016 1399 2071 τούτου.
1429 2011 1619 2081 Οὗτος,
1654 2015 1914 2081 δέσποτα,

337 2112 492 2178 ξένος
520 2111 690 2174 ἐστὶν,
738 2111 835 2164 καὶ
863 2111 928 2165 ὲκ
953 2111 1052 2182 τῆς
1080 2109 1240 2178 ἁγίας
1267 2109 1474 2171 πόλεως
1515 2107 1748 2162 ἐνταῦθα
1787 2124 1918 2160 κατ-

335 2205 594 2276 ήντησεν.
627 2201 784 2256 Μετὰ
809 2197 904 2255 οὖν
929 2201 1148 2273 ἡμέρας
1171 2201 1360 2270 ὀλίγας
1384 2200 1674 2252 ἐκέλευσεν
1700 2200 1728 2251 6
1759 2197 1914 2269 βασι-

334 2295 465 2360 λεὺς
497 2295 588 2350 τὸν
629 2295 932 2366 Γρηγόριον
981 2295 1038 2348 ὲν
1080 2292 1162 2362 τῷ
1196 2293 1446 2362 παλατίῳ
1481 2291 1913 2364 παραγενέσθαι.

336 2389 450 2444 Καὶ
491 2387 755 2442 εἰσελθὼν
785 2387 927 2459 πρὸς
957 2386 1048 2441 τὸν
1093 2385 1483 2454 εὐσεϐέστατον
1515 2383 1743 2458 βασιλέα
1781 2383 1914 2454 ἔστη

337 2479 650 2556 ἔμπροσθεν
676 2479 866 2546 αὐτοῦ,
895 2479 990 2532 καὶ
1023 2477 1174 2554 λέγει
1201 2477 1404 2548 αὐτῷ-ὁ
1430 2476 1686 2548 βασιλεύς
1705 2493 1720 2507 ’
1742 2475 1914 2530 Πόθεν

336 2571 722 2642 παραγέγονας
749 2609 764 2634 ,
809 2569 910 2626 καὶ
935 2570 1000 2624 ἐκ
1033 2569 1193 2633 ποίας
1225 2568 1434 2628 πόλεως
1459 2608 1474 2632 ,
1508 2568 1603 2621 καὶ¹
1642 2571 1708 2622 ὲκ
1757 2568 1912 2621 ποίου

335 2647 468 2714 λαού
506 2655 590 2726 si;
625 2659 686 2714 '0
714 2659 770 2713 δὲ
799 2659 982 2729 λέγει,
1031 2656 1402 2714 Εὐσεδέστατε
1433 2659 1810 2731 αὐτοκράτορ,
1849 2661 1915 2713 ἐκ

333 2751 577 2808 Σικελῶν
605 2751 880 2822 ἐπαρχίας
920 2751 1022 2822 τῆς
1050 2749 1158 2805 τῶν
1199 2749 1644 2820 Ἀκραγαντίνων
1685 2750 1916 2822 Ἐκκλη-

337 2845 460 2910 σξας
488 2833 726 2916 ὑπάρχει
750 2847 780 2899 6
808 2843 998 2908 δοῦλός
1023 2859 1144 2908 σου,
1171 2843 1268 2897 καὶ
1303 2841 1596 2915 διεπέρασε
1629 2843 1709 2907 είς
1751 2843 1916 2914 Ἱερο-

335 2935 573 3008 σόλυμα,
603 2935 868 2990 κάκεῖθεν
890 2933 1125 3006 ὡρμήθη
1153 2933 1290 3005 πρὸς
1313 2933 1415 3005 τὴν
1439 2933 1534 2987 τοῦ
1559 2931 1652 2987 σοῦ
1676 2933 1914 3004 κράτους

335 3027 616 3100 περιφανῆ
647 3025 826 3082 πόλιν.
869 3024 928 3078 '0
953 3025 1012 3080 δὲ
1061 3013 1318 3096 βασιλεὺς
1350 3023 1500 3093 λέγει
1530 3023 1711 3096 αὐτῷ·
1749 3022 1912 3076 Εὐλο-

333 3120 580 3192 γημένος
607 3119 672 3173 σὺ
692 3159 708 3183 ,
751 3116 1008 3188 ἄνθρωπε
1033 3117 1130 3172 τοῦ
1159 3115 1318 3182 Θεοῦ,
1355 3116 1450 3170 καὶ
1478 3114 1842 3196 εὐλογημένος
1879 3115 1910 3168 6

332 3212 536 3284 τρόπος
577 3228 694 3276 σου,
745 3211 840 3264 καὶ
877 3209 1218 3281 εὐλογημένη
1263 3211 1296 3278 ἡ
1347 3207 1484 3280 πρὸς
1515 3208 1666 3280 ἡμᾶς
1705 3207 1910 3271 εἴσοδος

330 3303 433 3372 τῆς
477 3302 781 3374 παρουσίας
835 3317 966 3356 σουο
1004 3303 1086 3356 ὅτι
1133 3299 1307 3364 οὕτως
1355 3298 1730 3353 ἀποκαλύπτει
1785 3297 1909 3352 καθ’

334 3392 578 3468 ικάστην
609 3392 804 3465 γενεὰν
836 3393 931 3448 καὶ
953 3391 1150 3462 γενεὰν
1184 3391 1466 3463 μυστήρια
1489 3391 1604 3452 τοῖς
1639 3389 1908 3461 φοϐουμέ-

2019 1851 2113 1890 ora
2145 1835 2530 1894 hmreticornm
2563 1840 2984 1895 obstruxerunt.
3026 1840 3198 1896 Porro
3231 1841 3314 1895 \ir
3355 1843 3463 1905 hic,
3509 1844 3604 1895 dv-

2021 1926 2187 1992 minc,
2221 1927 2425 1996 hospes
2453 1938 2556 1992 est,
2588 1937 2753 1998 atque
2785 1929 2893 1986 huc
2924 1946 2988 1986 ex
3014 1940 3200 1988 saneta
3234 1933 3451 1987 civitate
3479 1949 3603 2002 per-

2017 2017 2184 2071 venit.
2217 2015 2508 2072 Enimvero
2531 2025 2653 2088 post
2677 2019 2888 2088 aliquot
2924 2019 3040 2077 dies
3068 2019 3392 2092 Gregorium
3430 2023 3483 2076 in
3515 2037 3604 2076 re-

2018 2107 2162 2176 giam
2194 2097 2276 2163 ire
2302 2109 2600 2178 imperator
2627 2109 2806 2179 jubet,
2853 2121 2910 2166 et
2961 2127 3147 2166 coram
3179 2113 3478 2168 admissum
3521 2115 3602 2169 sic

2017 2198 2216 2254 aﬂ‘atur
2253 2220 2266 2255 :
2302 2199 2585 2256 Undenam
2628 2202 2920 2266 advenisti,
2961 2214 3015 2259 et
3049 2219 3156 2273 qna
3186 2221 3250 2260 ex
3301 2206 3434 2259 urbe
3463 2223 3602 2275 quo-

2016 2304 2084 2346 ve
2118 2305 2150 2344 e
2191 2291 2398 2362 popqu
2422 2293 2532 2347 es?
2563 2292 2662 2348 Cui
2713 2293 2802 2349 ille
2832 2311 2848 2347 :
2884 2293 2962 2348 Es
2999 2296 3278 2365 provincia
3323 2296 3512 2352 Sicilia
3547 2310 3603 2354 et

2016 2397 2081 2438 ex
2119 2382 2361 2440 Ecclesia
2387 2385 2754 2460 'Agrigen‘tina
2784 2396 2866 2444 est
2893 2404 3089 2444 servus
3122 2386 3337 2453 tuus,'o
3365 2391 3600 2462 pientis-

2018 2475 2162 2532 sime
2202 2477 2523 2548 imperator,
2559 2479 2653 2550 qui
2703 2479 2984 2556 prolectus
3033 2480 3432 2553 Hierosolyma,
3474 2482 3602 2538 inde

2017 2569 2086 2624 ad
2113 2569 2593 2640 praeclarissimam
2627 2571 2842 2642 imperii
2889 2571 2964 2626 tui
2997 2574 3188 2627 urbem
3234 2573 3451 2630 delatus
3493 2583 3596 2630 est.

2019 2659 2326 2731 Imperator
2375 2675 2506 2716 vero
2541 2679 2555 2716 :
2589 2660 2755 2726 Bene,
2805 2661 3005 2732 inquit,
3070 2663 3166 2718 tibi
3217 2663 3311 2730 sit,
3359 2665 3440 2718 vir
3485 2663 3600 2720 Deo

2017 2747 2208 2816 chare,
2244 2750 2386 2806 bene
2412 2751 2662 2807 moribus
2697 2751 2829 2818 tuis,
2860 2751 3000 2806 bene
3048 2753 3179 2807 item
3213 2753 3471 2808 adventui
3502 2764 3598 2812 tuo

2015 2849 2180 2913 atque
2208 2843 2566 2912 praesentia:
2601 2844 3046 2914 quandoquidem
3081 2843 3160 2902 sic
3189 2844 3334 2903 Deus
3366 2847 3598 2917 singulis
3649 2910 3656 2916 ,

2015 2933 2272 2990 aetatibus
2305 2937 2570 3006 mysteria
2599 2946 2714 2991 sua’
2732 2935 2798 2991 iis
2830 2937 3056 3003 revelat,
3109 2938 3202 3009 qui
3232 2954 3366 2993 eum
3406 2939 3599 2994 timent

1939 3055 1983 3114 ο
2014 3033 2069 3080 et
2091 3025 2358 3082 voluntati
2383 3027 2504 3098 ejus
2529 3029 2919 3099 obsequuntur
2947 3049 2962 3084 :
2995 3029 3117 3086 laus
3146 3045 3274 3085 vero
3303 3040 3471 3102 atque
3492 3032 3596 3086 bo-

2016 3131 2120 3174 nor
2147 3125 2342 3174 sancto
2379 3120 2590 3181 nomini
2615 3121 2738 3190 ejus
2768 3122 3062 3186 tribuatur,
3096 3121 3190 3192 qui
3216 3121 3410 3178 diebus
3445 3123 3597 3180 hisce

2015 3209 2178 3264 talem
2216 3219 2443 3282 tamque
2497 3213 2600 3266 sibi
2644 3221 2930 3283 acceptum
2971 3213 3354 3268 administrum
3409 3226 3594 3270 osten-

2015 3299 2116 3364 dit,
2153 3315 2184 3356 a
2217 3317 2328 3371 quo
2363 3303 2538 3358 sancti
2563 3303 2804 3375 Spiritus
2825 3305 3074 3374 praesenti
3106 3320 3208 3374 ope
3236 3289 3462 3362 l‘ratides
3489 3306 3599 3362 Ita:-

2019 3395 2314 3450 reticorum
2347 3395 2612 3466 malaeque
2651 3405 2799 3452 artes
2835 3397 3066 3450 sublatae
3093 3405 3246 3451 sunt.

332 3507 448 3555 νοις
481 3487 792 3554 αὐτὸν,καὶ
813 3485 1060 3542 ποιοῦσιν
1079 3485 1140 3539 τὸ
1167 3484 1383 3557 θέλημα
1439 3481 1633 3537 αὐτοῦ.
1698 3482 1846 3553 Πλὴν
1911 3479 2062 3550 αἶνος
2108 3486 2205 3540 καὶ
2251 3486 2382 3551 δόξα
2419 3485 2499 3556 τῷ
2542 3487 2684 3558 ἁγίῳ
2755 3487 2925 3543 αὐτοῦ
2982 3487 3211 3558 ὀνόματι
3253 3486 3335 3558 τῷ
3381 3489 3440 3544 έν
3473 3492 3594 3552 ταῖς

333 3585 574 3658 ἡμέραις
625 3581 852 3645 ταύταις
921 3579 1268 3647 ἀναδείξαντι
1333 3576 1578 3632 τοιοῦτον
1645 3575 1840 3640 σκεῦος
1883 3577 2209 3650 εὐχάριστον
2248 3578 2340 3632 τὸν
2390 3577 2690 3634 καθελόντα
2739 3579 2849 3634 τῶν
2893 3580 3188 3652 αίρετικῶν
3230 3581 3595 3653 κακοτέχνους

339 3681 586 3752 μηχανὰς
609 3679 698 3734 διὰ
719 3677 822 3748 τῆς
853 3674 947 3731 τοῦ
976 3677 1132 3746 ἁγίου
1162 3673 1480 3745 Πνεύματος
1508 3672 1808 3744 μεσιτείας.
1851 3737 1854 3740 ,

407 3777 540 3830 AH'.
587 3771 776 3826 Ταῦτα
824 3771 920 3824 καὶ
965 3769 1034 3823 τὰ
1099 3767 1328 3822 τοιαῦτα
1381 3765 1766 3836 διαλεγόμενος
1823 3764 1917 3818 ἐπὶ

336 3865 596 3929 πλείστας
627 3863 777 3934 ὥρας
814 3863 842 3915 6
871 3858 1262 3922 εὐσεϐέστατος
1295 3855 1549 3929 βασιλεὺς
1599 3857 1917 3910 Ἰουστινια-

334 3957 426 4020 νὸς
464 3955 544 4026 τῷ
595 3953 854 4025 μακαρίῳ
901 3949 1226 4024 Γρηγορίῳ,
1277 3948 1524 4020 ἔχαιρενο
1565 3947 1594 4001 6
1629 3947 1686 4000 δὲ
1733 3945 1915 4004 πεσὼν

335 4049 432 4102 ἐπὶ
456 4047 749 4117 πρόσωπον
779 4043 945 4098 αὐτοῦ
974 4041 1388 4114 προσεκύνησεν
1423 4039 1500 4111 τῷ
1537 4039 1752 4118 βασιλεῖ
1793 4037 1911 4108 τρίς

334 4157 426 4194 τον
456 4141 550 4193 ἐπὶ
571 4137 670 4208 τὴν
697 4137 802 4208 γῆν
820 4151 835 4166 °
862 4135 959 4190 καὶ
989 4133 1374 4200 ἐξαπέστειλεν
1406 4132 1570 4186 αὐτὸν
1600 4133 1629 4185 6
1657 4130 1916 4208 βασιλεὺς

298 4235 418 4298 -είς
457 4234 547 4288 τὸν
587 4229 1038 4302 ἀρχιεπίσκοπον.
1093 4227 1204 4281 Καὶ
1259 4225 1494 4294 ποιήσας
1539 4225 1659 4278 ἐκεῖ
1699 4221 1911 4294 ἡμέρας

333 4327 557 4394 ὀλίγας,
587 4325 869 4393 ἀνήγαγεν
898 4319 978 4392 τῷ
1023 4317 1401 4387 εὐσεϐεστάτῳ
1435 4314 1648 4387 βασιλεῖ
1691 4317 1720 4367 6
1768 4313 1910 4384 Ιῗρη-

2077 3763 2384 3824 ΧΧΧἫΙΙ.
2423 3764 2552 3820 Haec
2581 3775 2638 3820 et
2666 3765 2869 3820 similia
2897 3768 2964 3819 ad
2997 3765 3203 3820 multas
3251 3766 3418 3820 horas
3449 3765 3600 3834 pien-
3645 3771 3649 3774 '

2021 3857 2598 3926 tissimusimperator
2623 3857 2736 3929 (28)
2778 3873 2902 3912 cum
2937 3858 3099 3912 beato
3129 3855 3391 3927 Gregorio
3417 3855 3598 3910 liben-

2021 3948 2236 4004 tissime
2294 3949 2626 4019 loquebatur
2669 3966 2684 4004 :
2729 3964 2852 4006 cum
2914 3949 3004 4003 ltic
3053 3936 3275 4004 demum
3307 3962 3491 4001 coram
3530 3962 3598 4002 eo

2018 4041 2332 4110 procidens,
2365 4031 2760 4110 imperatorem
2795 4049 2876 4095 ter
2927 4053 3106 4109 usque
3155 4039 3220 4092 ad
3255 4039 3434 4092 solum
3467 4039 3570 4092 ado

2015 4130 2180 4195 ravit,
2213 4145 2280 4186 ac
2336 4131 2606 4187 dimissus
2655 4133 2720 4186 ad
2770 4130 3248 4198 archiepiscopum
3297 4127 3479 4183 rediit.
3523 4129 3602 4182 At:

2015 4221 2134 4278 dies
2163 4223 2308 4293 apud
2338 4239 2464 4279 eum
2502 4224 2717 4295 aliquot
2761 4231 3164 4289 commoratus,
3205 4237 3304 4292 per
3337 4221 3601 4276 domesti-

2013 4327 2139 4368 cum
2167 4314 2462 4384 quemdam
2481 4315 2830 4386 imperatoris
2858 4314 3199 4370 Marcianum
3241 4312 3356 4386 (29)
3379 4313 3603 4368 nomine

332 4489 444 4562 non
487 4515 574 4561 est
628 4503 1125 4576 dissimulandum,
1166 4501 1218 4556 in
1287 4500 1560 4576 plerisque
1596 4495 1915 4576 Menglogiis
1951 4497 1991 4551 D
2023 4491 2585 4576 Leontiusnnusquam
2612 4489 3601 4576 monothe'letarum"ltzeresimmdesi-

333 4578 596 4646 scriptum
645 4589 805 4646 esse.
862 4565 1182 4645 Gregorium
1231 4565 1669 4646 sub_Justittiano
1707 4565 1915 4618 Rhiuo-

333 4639 788 4718 tmc'toAﬂoruisse
823 4661 842 4718 :_
871 4639 1208 4718 nee'bornm
1246 4639 1630 4718 testimonium
1659 4646 1914 4718 tanquam

331 4715 653 4772 recentioris
699 4714 875 4768 aetatis
908 4714 1068 4782 plane
1111 4711 1503 4782 repudiandum
1544 4707 1710 4782 videri
1751 4721 1912 4782 :_cur_n

333 4787 388 4842 id
434 4787 610 4856 ipsum
671 4773 1051 4856 i_t1_Basiiiatto
1094 4773 1369 4856 legamus,
1420 4779 1562 4856 quod
1610 4774 1816 4856 stuculo

331 4846 642 4911 confectum
675 4854 846 4909 fuisse
893 4857 1120 4908 scimus.
1150 4846 1352 4907 Verum
1389 4846 1451 4905 et
1492 4848 1622 4904 illud
1659 4846 1910 4900 animad-

334 4927 654 4980 vertendum
695 4934 801 4988 est,
832 4925 1162 4996 breviarium
1191 4923 1314 4976 vita:
1342 4919 1670 4996 Basili-tuum
1697 4930 1772 4996 ex
1809 4914 1912 4996 ch

330 4997 486 5050 ontio
535 4985 856 5066 expressum
885 4993 1222 5066 esse,_cujt_t_s
1272 4989 1516 5058 exempla
1562 4985 1911 5066 jamdiuhut

329 5055 668 5130 monuimus,
687 5055 1199 5136 ipterpolatajSergii
1218 5077 1279 5136 ac
1295 5055 1612 5136 czet_er_orum
1634 5055 1918 5136 Motiotbe-

333 5123 1161 5206 letarutnino'rninapreferebanﬁ
1191 5133 1281 5206 qui
1315 5125 1794 5206 s‘ubConstantino
1817 5123 1922 5206 Po:

331 5204 893 5278 gonato__in_cnncilio
925 5196 1538 5278 Constantinopolitano
1589 5213 1646 5252 ιιι
1674 5196 1920 5278 damnati

330 5265 499 5330 sunt:
535 5275 736 5330 ibidem
760 5289 888 5328 vero
920 5274 1180 5328 traditum
1210 5265 1402 5337 fuisse,
1437 5279 1636 5324 sectam
1671 5265 1818 5319 illam
1839 5265 1918 5337 _in

331 5347 449 5417 ipsa
483 5344 696 5418 synodo
737 5343 1071 5418 a__Gregor_i_o
1116 5351 1305 5397 nostro
1359 5333 1732 5418 strenueesse
1763 5333 1922 5418 refu-

331 5405 530 5471 tatam:
552 5412 728 5483 igitur
761 5405 1046 5484 Meooiogii
1081 5423 1293 5478 auctor,
1321 5413 1412 5482 qui
1442 5412 1608 5464 sciret
1656 5405 1921 5484 Jttslinia-

333 5503 464 5556 nunt
482 5475 1171 5556 Rhiitotmelumaequalem
1189 5475 1379 5556 eorum
1398 5489 1702 5548 temporum
1724 5475 1912 5556 fuisse,

331 5568 385 5611 et
414 5553 788 5610 Iustinianum
815 5554 867 5607 in
902 5546 1130 5608 Leontio
1157 5553 1399 5622 legisset,
1437 5546 1582 5622 recte
1611 5564 1716 5600 nun
1743 5546 1910 5598 alium

330 5641 452 5680 esse
479 5624 768 5696 judicavit,
799 5639 961 5696 quam
989 5620 1421 5696 Iibinotmetum,
1460 5620 1692 5688 aliisque
1723 5630 1910 5670 ausam

333 5693 584 5766 praebuit,
619 5703 679 5750 ut
711 5693 854 5751 idem
894 5694 1093 5750 litteris
1138 5693 1522 5764 consignarcnt
1554 5705 1566 5741 :
1597 5701 1909 5759 quanquam

2025 4575 2238 4632 gnarat.
2271 4562 2539 4619 Ceterum
2568 4577 2669 4634 nec
2701 4565 2835 4634 bene
2863 4563 3060 4618 Lancia
3101 4562 3358 4634 (οἰκίη.
3393 4563 3482 4634 28)
3503 4562 3604 4618 Ju-

2025 4631 2325 4688 stinianum
2365 4635 2509 4689 hunc
2543 4633 2612 4688 ab
2643 4633 2776 4701 ipsis
2799 4633 3012 4687 concilii
3040 4631 3376 4702 temporibus
3405 4631 3599 4702 Augu-

2023 4714 2167 4758 stum
2201 4704 2366 4758 facit:
2389 4719 2552 4772 quem
2571 4703 2970 4772 Constantinus
3011 4710 3165 4772 pater
3193 4713 3284 4755 aut
3318 4717 3598 4772 nunquam

2021 4783 2116 4827 aut
2151 4775 2330 4827 serius
2379 4769 2682 4842 Augustum
2717 4769 3028 4842 appellavit.
3077 4770 3213 4826 Eum
3250 4774 3394 4824 enim
3424 4769 3602 4895 neque

2021 4842 2234 4895 Agatho
2263 4842 2324 4895 P.
2361 4841 2430 4895 M.
2463 4843 2516 4895 in
2549 4843 2744 4895 litteris
2763 4845 2878 4895 suis
2899 4857 3138 4895 utiquam
3163 4842 3288 4895 t-ict.
3315 4857 3490 4895 neuue
3545 4863 3602 4894 εις

2021 4842 2234 4914 Agatho
2263 4841 2430 4914 P.7VM.
2463 4841 2516 4898 in
2546 4843 2744 4914 litteris
2763 4845 2878 4914 suis
2899 4857 3138 4909 unquam
3163 4842 3288 4906 riet,
3315 4841 3626 4914 nequem...

2019 4913 2130 4967 tres
2163 4913 2382 4968 concilii
2423 4914 2477 4966 in
2527 4913 2756 4966 Actione
2799 4913 2906 4967 ulla
2943 4921 3037 4966 aut
3093 4915 3143 4965 in
3177 4913 3602 4981 prospltoneticn

2025 4984 2219 5038 ultimo
2267 4991 2702 5038 commemorant
2738 4999 2752 5036 :
2783 4997 2907 5036 cum
2967 4983 3130 5036 iidem
3187 4981 3411 5037 fratrem
3460 4982 3604 5038 Con-

2025 5053 2250 5108 Stantini
2284 5051 2420 5121 Aug.
2451 5067 2666 5120 semper
2701 5053 3070 5107 meminerint.

2095 5123 2211 5254 $28;
2237 5122 2373 5178 Cod.
2410 5123 2461 5204 ᾗ,
2503 5122 2844 5183 Ἰουστιανός.

2118 5193 2188 5248 29
2259 5192 2598 5247 Marcuanum
2645 5191 2842 5254 quemd

2118 5190 2211 5260 29)
2259 5192 2598 5247 Marcianum
2645 5191 2936 5260 quemdam
2976 5199 3248 5250 memorat
3281 5190 3598 5250 Simocatta.

2025 5261 2200 5333 (Hist.
2235 5263 2330 5316 lib.
2366 5279 2447 5326 ιιι,
2483 5278 2534 5333 c.
2574 5261 2684 5328 10),
2727 5277 2887 5330 quem
2931 5261 3589 5333 στρατηγὸνιιρμρΙΙίιιΛ-ὲν

2130 5333 2418 5403 καταλόγῳ
2455 5332 2564 5386 τῶν
2589 5329 2894 5403 πατρικίων
2923 5329 3072 5394 ὄντα,
3107 5329 3472 5403 περίϐλεπτον
3500 5329 3597 5384 ἄν-

2021 5385 2144 5472 δρα,
2174 5385 2222 5456 i'd
2243 5385 2360 5464 est.“
2383 5385 2601 5456 Ducem
2626 5385 2777 5472 rinier
2825 5385 3079 5470 patricios
3127 5385 3394 5472 al'lectum,
3430 5402 3598 5472 uirum

2022 5466 2378 5542 spectabilem.
2411 5475 2584 5543 Atque
2611 5471 2772 5543 hunc
2823 5466 2927 5526 sub
2960 5473 3220 5526 extremis
3265 5468 3468 5543 Justiui
3499 5466 3600 5543 Ju-

2023 5539 2196 5599 nioris
2229 5539 2568 5612 temporibus
2607 5542 2660 5596 in
2699 5541 2974 5598 Orientem
3024 5555 3149 5597 cum
3189 5539 3430 5612 exercitu
3463 5540 3600 5612 mis-

2021 5627 2140 5668 sum
2177 5608 2393 5678 scribit,
2413 5627 2514 5669 nec
2542 5613 2717 5667 multo
2749 5621 2892 5682 post.
2916 5620 3138 5682 propter
3164 5608 3284 5679 ejus
3321 5611 3602 5682 temeritat-

2022 5695 2154 5752 tem,
2197 5685 2454 5743 abdicare
2481 5697 2541 5741 se
2573 5678 2780 5741 honore
2800 5678 3040 5755 juris—um;
3070 5679 3146 5738 Ea
3171 5678 3300 5738 nota
3351 5678 3600 5750 juvenem
