4054 6204
421 234 519 302 εει

1423 232 1484 295 S.
1511 231 1889 292 GREGORII
1923 180 2432 292 AGRIGENTLNI
2479 232 2680 296 VITA.

3572 233 3680 306 623

415 347 520 418 χήν
553 359 649 400 σου
681 343 856 398 καὶτὸ
886 341 1034 408 ἕλεος
1055 343 1222 397 αὐτοῦ
1245 343 1354 397 ἀπὸ
1383 342 1498 408 σοῦ,
1525 343 1641 424 ἀλλ’
1675 341 1998 412 ἀπεκάλυψὲ

2121 343 2292 413 ;lexit,
2353 359 2454 406 nec
2509 343 2904 402 misericordia!
2955 359 3069 400 suae
3124 352 3402 416 expertem
3461 353 3513 402 te
3559 360 3682 414 esse

419 455 502 492 σοι
533 435 568 490 ἃ
599 435 852 504 ποιήσεις
891 433 981 488 διὰ
1009 433 1119 488 τῶν
1165 433 1338 501 ἁγίων
1363 433 1528 487 αὐτοῦ
1559 435 1618 486 ὲν
1653 434 1732 505 τῷ
1763 435 2000 504 ποιμνίῳ

421 543 537 580 σου.
571 525 681 582 Καὶ
714 525 1044 586 ἀποστείλας
1088 523 1226 594 αὐτῇ
1269 526 1336 593 τῇ
1387 522 1510 596 ὥρᾳ
1555 524 1648 577 τὸν
1683 541 2004 594 πρωτοπρε-

422 616 681 689 σόύτερον
720 616 819 685 τῆς
860 613 1184 685 Ἑκκὶησίας
1233 614 1327 668 καὶ
1375 617 1503 678 τοὺς
1545 615 1640 668 δύο
1676 615 2003 678 ἐπισκόπους

419 707 548 772 τοὺς
577 707 947 772 κατελθόντας.
969 709 1034 761 ἐκ
1070 708 1170 778 τῆς
1207 707 1426 761 συνόδου
1460 706 1518 762 ὲν
1549 704 1628 778 τῷ
1659 707 2006 778 μοναστηρίῳ

420 801 516 856 τοῦ
559 799 740 869 ’Ᾱγίου
791 800 978 867 Σάόα,
1024 801 1118 854 καὶ
1154 801 1231 872 μὴ
1265 799 1516 871 εὑρόντες
1547 801 1640 855 τὸν
1682 801 2004 872 Γρηγόριον,

423 892 779 968 ἒπερὼτησαν
823 891 914 945 τὸν
945 894 1274 964 ἡγούμενον,
1319 892 1380 944 τὸ
1418 894 1470 944 τί
1503 891 1727 960 γέγονεν
1757 893 1785 944 6
1813 892 1952 963 ἀνὴρ
1980 893 2008 946 6

425 982 501 1037 ῶν
525 983 781 1036 ἐνταῦθα.
814 987 879 1035 ὐ
913 983 968 1037 δὲ
1000 983 1208 1052 ἔλεγεν,
1237 984 1320 1037 ὅτι
1343 981 1450 1054 πρό
1477 982 1572 1036 δύο
1597 983 1820 1054 ἡμερῶν
1849 982 2008 1054 ἐξῆλ-

424 1076 519 1130 θεν
544 1076 610 1128 ὲκ
636 1075 729 1128 τοῦ
764 1073 1150 1145 μοναστηρίου,
1183 1074 1280 1127 καὶ
1310 1073 1581 1145 ἐπορεύθη
1630 1073 1688 1126 ἐν
1721 1073 1800 1143 τῷ
1843 1091 2011 1144 μονα·-

428 1167 636 1239 στηρίῳ
683 1165 776 1220 τοῦ
822 1165 1008 1234 Ἀγίου
1061 1165 1358 1236 Ἐράσμου.
1410 1165 1521 1219 Καὶ
1569 1165 1792 1236 ἐξῆλθον
1837 1165 2011 1218 ὀπίσω

427 1258 618 1322 αὐτοῦ,
650 1258 746 1311 καὶ
773 1251 931 1327 εὖρον
960 1257 1049 1312 τδν
1087 1257 1354 1328 μακάριον
1384 1255 1424 1308 Γ
1430 1255 1684 1328 ρηγόριον
1714 1259 1772 1310 ἐν
1809 1255 1887 1328 τῷ
1917 1274 2012 1327 μο-

427 1349 707 1420 ναστηρίῳ
739 1347 833 1402 τοῦ
877 1347 1061 1415 Ἀγίου
1117 1347 1391 1418 Ἐράσμου
1425 1346 1688 1418 μέλλοντα
1715 1347 1876 1402 αὑτὸν
1920 1345 2009 1412 ὲξ-

429 1439 710 1513 έρχεσθαι.
757 1439 868 1492 Καὶ
913 1437 1037 1492 ἰδὼν
1081 1438 1279 1502 αὐτοὺς
1323 1437 1433 1492 ἁπδ
1478 1437 1752 1510 μακρόθεν
1799 1439 2012 1508 ἐπέγνω

428 1533 556 1595 τοὺς
586 1529 946 1605 ἐπισκόπους,
969 1530 1060 1582 καὶ
1093 1527 1405 1601 είσδραμὼν
1431 1527 1638 1600 ἐκρύϐη
1663 1529 1720 1582 ὲν
1741 1527 1822 1600 τῷ
1851 1529 2014 1600 κήπῳ

433 1621 597 1694 μέσον
647 1619 754 1674 τῶν
809 1619 1011 1688 ςυτῶν.
1057 1619 1166 1673 Καὶ
1210 1617 1544 1682 εἰσελθόντες
1583 1620 1630 1672 οι
1681 1617 1874 1690 ἄνδρες
1917 1619 2016 1671 ἐπα

432 1711 656 1782 ἐσχοντο
675 1710 767 1764 τὸν
797 1709 1100 1782 ἡγούμενον
1129 1711 1186 1762 ὲν
1219 1707 1392 1780 ἰσχύει
1425 1707 1676 1777 λέγοντες
1698 1726 1712 1740 ο
1746 1709 1812 1764 Τί
1853 1708 2014 1778 γέγο-

431 1820 521 1857 νεν
560 1805 590 1856 6
633 1803 772 1874 ἀνὴρ
807 1805 836 1856 6
860 1801 936 1855 ὢν
983 1801 1170 1856 ἐνθάδε
1201 1801 1382 1867 ξένος;
1421 1801 1480 1854 ’0
1527 1801 1584 1855 δὲ
1632 1804 1692 1854 έν
1736 1801 2017 1874 ἀμηχανίᾳ

431 1895 760 1967 γενόμενος,
815 1893 1116 1966 παρεκάλει
1183 1895 1366 1958 αὐτοῖς
1423 1893 1622 1964 μικρὸν
1681 1893 2015 1962 ἀνασχέσθαι

433 1987 604 2058 αὐτῷ,
649 1988 797 2050 ὅπως
849 1985 1095 2056 ζητήσας
1143 1984 1358 2057 εὓρειεν
1410 1985 1596 2049 αὑτὸν,
1644 1984 1738 2038 καὶ
1789 1981 2018 2055 παραδῷ

433 2079 618 2142 αὐτοῖς
646 2075 829 2130 αὐτόν.
861 2073 1156 2128 Κατελθὼν
1183 2074 1239 2128 δὲ
1267 2076 1294 2128 6
1318 2072 1624 2145 ἡγούμενος
1663 2074 1722 2127 ὲν
1745 2072 1824 2144 τῷ
1857 2075 2018 2144 κήπῳ

434 2165 594 2241 εὗρεν
635 2167 800 2222 αὐτὸν
842 2167 1226 2238 κεκρυμμένον
1265 2164 1428 2234 μέσον
1463 2164 1575 2217 τῶν
1617 2163 1886 2234 λαχάνων,
1921 2161 2019 2216 καὶ

431 2260 829 2330 ἀγανακτήσας
855 2257 1006 2329 αύτῷ
1032 2260 1060 2311 6
1087 2255 1390 2327 ἡγούμενος
1418 2255 1567 2323 λέγει
1593 2271 1608 2286 ο
1637 2249 1709 2308 Ὦ
1737 2253 2015 2324 ἄνθρωπε,

437 2351 600 2406 πόθεν
628 2346 794 2422 ἦλθες
823 2343 948 2415 ὧδε,
989 2347 1273 2418 ἄνθρωπος
1305 2344 1381 2399 ὢν
1410 2346 1514 2400 ὑπδ
1543 2345 1888 2415 ἐγκλήματος
1925 2343 2019 2396 καὶ

439 2442 772 2514 ζητούμενος
805 2441 910 2494 ὑπὸ
936 2438 1194 2493 τοιούτων
1219 2439 1527 2511 προσώπων
1551 2453 1564 2503 ;
1610 2435 1857 2494 ’Λνελθε.
1886 2435 2020 2488 ἀπο-

437 2534 695 2606 λογήθητι
724 2532 988 2602 περὶτῶν
1019 2521 1379 2603 ἐγκλημάτων
1411 2546 1527 2584 σου.
1589 2529 1646 2582 '0
1689 2527 1745 2581 δὲ
1785 2527 1887 2580 οὐκ
1917 2528 2020 2580 ἀπ-

441 2625 636 2699 εκρίθη
673 2623 826 2696 αὐτῷ
860 2625 995 2694 πρὸς
1025 2620 1200 2676 ταῦτα
1233 2621 1354 2675 οὐδὲ
1389 2621 1562 2692 ῥῆμα.
1615 2617 1876 2672 Ἀνελθὼν
1907 2617 1964 2672 δὲ
1991 2618 2022 2670 6

439 2719 740 2791 Γρηγόριος
784 2720 840 2770 ὲν
883 2719 950 2788 τῇ
998 2706 1161 2786 αὐλῇ,
1211 2708 1370 2786 εὗρεν
1400 2715 1524 2777 τοὺς
1570 2713 1768 2782 ἄνδρας
1799 2711 2018 2776 καθεζοκ

444 2807 656 2880 μένους.
690 2807 800 2860 Καὶ
834 2805 1033 2868 ἰδόντες
1058 2803 1219 2858 αὑτὸν
1245 2805 1294 2857 οἱ
1315 2801 1624 2868 ἐπίσκοποι,
1659 2800 1752 2854 καὶ
1773 2799 2024 2868 ἐπιγνόνσ-

439 2915 566 2966 τες,
617 2897 1004 2970 εἰσδραμόντες
1041 2895 1276 2968 ἔρριψαν
1319 2893 1549 2958 ὲάυτοὺς
1595 2892 1893 2964 ἀμφότεροι
1941 2893 2023 2956 είς

441 2992 570 3055 τοὺς
603 2969 770 3054 πόδας
805 2987 972 3044 αὑτοῦ
991 3003 1005 3018 ο
1028 2988 1248 3059 ἡδεισαν
1277 2984 1383 3059 γὰρ
1402 2985 1462 3038 τὸ
1488 2985 1607 3049 πῶς
1635 2985 2022 3056 προσεκυνείτο

441 3083 473 3138 6
517 3052 818 3153 ιέρηγόριος
849 3082 957 3134 ὕπδ
988 3052 1098 3137 “ﬁt!
1146 3052 1374 3151 Πατέῶίθ
1423 3077 1643 3131 πάντων
1679 3052 1795 3131 *τῶν
1843 3076 1902 3130 ἐν
1947 3077 2014 3146 τῇ
2047 3052 2091 3112 c

445 3171 650 3242 συνόδῳ
679 3169 851 3223 ὅντων
879 3169 938 3222 ἐν
967 3166 1554 3234 Κωνσταντινουπόλει,
1583 3165 1782 3235 ὁμοίως
1820 3165 1878 3220 δὲ
1922 3165 2018 3219 καὶ

443 3258 539 3316 τοῦ
568 3259 960 3314 εὐσεϐεστάτου
989 3257 1253 3330 βασιλέως
1279 3259 1481 3331 πολλὴν
1511 3247 1660 3329 αύτῷ
1696 3257 2018 3328 ποιουμένου

444 3349 634 3420 τιμήν.
667 3346 858 3401 Πεσὼν
893 3347 952 3400 δὲ
980 3346 1074 3400 καὶ
1104 3347 1264 3409 αὐτὸς
1292 3345 1702 3418 ἐπὶ-πρόσωπον
1724 3346 1905 3400 αὐτῶν
1929 3345 2020 3398 λέ-

445 3457 532 3512 γει
581 3441 805 3504 αὐτοῖς·
854 3439 1254 3510 Συγχωρήσατέ
1299 3455 1412 3510 μοι,
1461 3439 1605 3506 ἅγιοι
1642 3438 1888 3510 Πάτρες,
1939 3438 2022 3492 ὅτι

447 3532 586 3604 ἀνὴρ
614 3530 935 3603 ἁμαρτωλός
971 3514 1120 3602 εἰμι’
1154 3529 1207 3582 τί
1246 3529 1549 3582 ὲσκύπτετε
1579 3529 1716 3600 πρὸς
1757 3529 1855 3598 τὴν
1883 3530 2021 3600 ήμεο

447 3621 622 3696 τέρειν’
651 3623 1016 3695 μετριότητας
1068 3622 1131 3676 Oi
1181 3620 1238 3674 δὲ
1279 3619 1609 3684 ἀναστάντες
1653 3619 2024 3689 κατεφίλησαν

449 3717 748 3789 ἀμφότεροι
796 3715 886 3769 τὸν
933 3713 1252 3786 Γρηγόριον,
1287 3712 1382 3766 καὶ
1429 3711 1680 3781 λέγουσιν
1723 3709 1908 3778 αύτῷ·
1967 3709 2025 3763 '0

451 3809 628 3872 κοινὸς
665 3807 824 3879 ἡμῶν
857 3806 1044 3878 Πατὴρ
1073 3807 1100 3858 6
1131 3803 1547 3876 ἁρχιπρόεῖρος,
1575 3805 1603 3855 6
1625 3802 1714 3855 τὸν
1739 3799 2025 3855 ἀποστολι-

2105 451 2304 506 passus
2346 446 2468 504 est,
2504 436 2615 490 imo
2638 435 2734 490 tibi
2777 435 3080 492 declaravit
3125 451 3220 506 per
3260 447 3484 492 sanctos
3525 452 3681 504 suos,

2106 541 2228 595 qua:
2280 525 2331 579 in
2384 542 2544 596 grege
2593 535 2686 582 tuo
2725 541 2756 580 a
2810 534 2861 582 te
2899 525 3018 580 fieri
3070 534 3368 596 oporteret.
3414 527 3514 588 ille
3549 543 3684 596 vero

2109 617 2294 671 statim
2341 617 2889 686 prot0presbyterum
2916 617 3180 674 Ecclesia:
3214 633 3278 674 ac
3303 620 3444 676 duos
3473 619 3686 692 episcov

2110 722 2229 776 pus,
2263 707 2356 777 qui
2385 724 2416 761 a
2447 707 2658 776 synodo
2697 717 2982 772 venerant,
3025 709 3094 765 ad
3127 706 3314 764 Sancti
3361 709 3518 768 Sabze
3565 725 3688 766 mo-

2111 797 2418 852 nasterium
2448 791 2624 854 misit.
2659 795 2762 864 Qui
2792 813 2916 852 cum
2945 797 3020 852 ibi
3045 799 3368 870 Gregorium
3401 816 3507 855 non
3531 801 3688 858 inve—

2113 891 2344 956 nissent,
2377 905 2408 945 a
2434 889 2690 960 prtefeeto
2719 889 2981 944 sciscitati
3013 899 3161 955 sunt,
3189 891 3449 960 quidnam
3482 893 3686 948 factum
3747 879 3765 968 ξ

2111 989 2258 1036 esset
2288 979 2356 1036 de
2385 979 2632 1042 homine,
2667 978 2762 1050 qui
2793 979 2906 1034 illic
2931 981 3091 1036 erat?
3137 979 3472 1052 Auditoque,
3524 983 3690 1040 biduo
3740 997 3754 1052 ζ

2113 1077 2238 1124 ante
2275 1085 2305 1124 e
2341 1069 2680 1124 monasterio
2708 1069 2802 1124 illo
2837 1069 3060 1135 exiisse,
3094 1081 3146 1126 et
3194 1069 3247 1124 in
3295 1073 3689 1130 monasterium

2114 1163 2302 1218 Sancti
2342 1161 2557 1217 Erasmi
2607 1163 2922 1233 migrasse.
2974 1162 3152 1233 ipsum
3211 1165 3419 1236 secuti,
3470 1166 3690 1226 beatum

2113 1255 2437 1326 Gregorium
2485 1255 2539 1313 in
2574 1255 2911 1330 monasterio
2953 1253 3140 1311 Sancti
3193 1255 3404 1313 Erasini
3466 1258 3692 1315 invene-

2114 1355 2241 1400 runt
2271 1345 2383 1414 jam
2422 1344 2572 1400 abire
2604 1355 2888 1416 parantem
2923 1363 2937 1412 ς
2973 1345 3066 1417 qui
3103 1353 3162 1402 ut
3185 1361 3282 1402 eos
3310 1348 3504 1417 procul
3531 1349 3687 1416 vidit,

2112 1446 2169 1492 et
2195 1436 2486 1508 episc0pos
2517 1437 2763 1508 agnovit,
2815 1437 2870 1492 in
2921 1437 3142 1492 hortum
3193 1437 3408 1509 aufugit
3439 1449 3494 1496 et
3547 1440 3692 1496 inter

2115 1528 2342 1584 arbores
2377 1527 2558 1584 latuit.
2600 1530 2672 1584 At
2718 1529 2797 1585 illi
2840 1529 3076 1602 ingressi
3125 1530 3444 1603 praefectum
3497 1541 3694 1603 urgent

2116 1627 2440 1690 rogantque,
2499 1617 2724 1675 ubinam
2762 1621 2848 1676 vir
2905 1622 2996 1677 ille
3047 1622 3154 1687 sit,
3207 1638 3371 1692 quem
3419 1623 3692 1694 hospitem

2045 1727 2084 1782 Β
2116 1711 2370 1791 habebat.
2397 1711 2699 1768 Przefectns
2725 1713 2988 1770 luesitans
3019 1713 3226 1770 hortari
3254 1730 3369 1783 eos,
3403 1725 3462 1770 ut
3487 1716 3696 1786 paulis-

2117 1819 2214 1874 per
2247 1804 2574 1870 sustineant,
2609 1805 2739 1859 dum
2773 1805 3046 1876 inquirat;
3095 1821 3156 1862 se
3182 1807 3359 1873 illum,
3395 1807 3482 1864 ubi
3525 1809 3692 1864 inve-

2117 1893 2282 1960 nerit,
2319 1894 2455 1964 ipsis
2483 1895 2842 1950 traditurum.
2875 1893 3012 1950 Tum
3049 1896 3104 1950 in
3140 1895 3358 1952 hortum
3390 1897 3692 1966 descendit,

2118 1995 2282 2056 atque
2319 1987 2392 2044 ibi
2417 2003 2542 2043 eum
2572 1987 2717 2044 inter
2743 1989 2894 2044 olera
2921 1989 3182 2046 latentem
3220 1989 3469 2046 invenit:
3511 1991 3696 2062 itaque

2119 2077 2229 2132 vim
2261 2077 2471 2134 homini
2532 2080 2820 2145 adhibens,
2857 2079 3034 2146 Unde,
3068 2081 3268 2152 inquit,
3321 2084 3428 2138 huc
3471 2086 3692 2145 venisti,

2118 2184 2244 2225 cum
2285 2169 2390 2224 sub
2422 2170 2613 2240 judice
2652 2172 2754 2239 sis,
2805 2187 2869 2227 ac
2901 2180 2954 2226 te
2995 2173 3098 2228 viri
3150 2173 3286 2230 tales
3329 2176 3697 2248 perquirant?

2119 2259 2284 2314 Abito
2315 2259 2463 2325 hinc,
2499 2268 2553 2316 et
2586 2270 2776 2316 contra
2805 2271 3156 2318 accusatores
3189 2271 3312 2320 tuos
3359 2273 3410 2318 te
3439 2263 3692 2320 defende.

2119 2351 2416 2422 Gregorius
2445 2366 2578 2406 vero
2599 2351 2665 2406 ad
2703 2353 2820 2408 haec
2850 2367 2922 2408 ne
2947 2351 3178 2408 verbum
3209 2355 3432 2423 quidem
3463 2371 3698 2426 respon-

2121 2443 2221 2498 dit.
2267 2441 2369 2498 Ubi
2398 2442 2618 2498 demum
2655 2443 2712 2498 in
2738 2444 2921 2500 aulam
2956 2445 3223 2516 ascendit,
3273 2445 3424 2510 viros
3463 2447 3575 2502 illic
3611 2463 3700 2503 se-

2119 2535 2310 2591 dentes
2372 2535 2613 2607 reperit;
2674 2551 2835 2606 quem
2901 2546 2962 2593 ut
3012 2537 3198 2594 videre
3243 2538 3487 2612 episcopi
3534 2537 3699 2613 atque

2121 2614 2416 2704 agnovere,
2439 2635 2796 2682 accurrentes
2825 2627 3010 2692 ambo,
3053 2627 3119 2684 ad
3157 2631 3318 2700 pedes
3345 2629 3464 2698 ejus
3489 2646 3548 2686 se
3567 2647 3698 2702 pro-

2120 2713 2414 2772 vOlverunt
2443 2732 2456 2768 :
2487 2713 2690 2785 quippe
2731 2713 2985 2770 viderant
3027 2715 3528 2786 Constantinopoli,
3569 2735 3694 2774 eum

2122 2805 2368 2878 synodus
2393 2820 2460 2860 eo
2487 2813 2673 2860 coacta
2697 2815 2866 2872 esset,
2890 2813 3098 2876 quanto
3121 2821 3246 2864 eum
3277 2807 3486 2862 honore
3506 2809 3698 2866 Patres

2119 2913 2312 2954 omnes
2351 2896 2772 2961 venerabantur,
2827 2907 2879 2952 et
2931 2897 3124 2968 quanti
3175 2899 3318 2958 idem
3367 2915 3397 2954 a
3445 2899 3696 2970 piissimo

2121 2989 2285 3060 ctiam
2324 2987 2657 3058 imperatore
2692 2988 2877 3043 tiebat.
2911 2987 3086 3044 Porro
3131 2987 3433 3059 Gregorius
3476 3005 3698 3062 quoque

2123 3095 2308 3136 coram
2342 3079 2448 3136 illis
2473 3081 2788 3150 procidens,
2849 3077 3144 3152 Ignoscite,
3171 3079 3371 3151 inquit,
3405 3081 3562 3147 mihi,
3591 3081 3698 3146 Pa-

2125 3179 2238 3226 tres
2289 3170 2494 3246 sancti;
2533 3170 2710 3228 malus
2757 3170 2921 3242 plane
2963 3180 3018 3234 et
3071 3170 3336 3227 scelestus
3386 3161 3492 3242 ego'
3534 3188 3693 3228 sum:

2125 3261 2254 3330 quid
2285 3269 2392 3316 tam
2424 3261 2608 3332 exigui
2641 3260 2879 3316 hominis
2911 3275 3079 3317 causa
3115 3277 3214 3317 vos
3261 3263 3698 3320 demittitis?.llli

2127 3349 2270 3424 [ιιι]
2321 3359 2502 3406 autem
2556 3369 2682 3408 eum
2731 3354 3122 3421 surrexissent,
3173 3353 3498 3428 Gregorium
3534 3356 3699 3412 ambo

2127 3441 2384 3508 osculati,
2414 3441 2530 3498 haec
2561 3443 2822 3500 addidere
2858 3464 2870 3500 :
2907 3443 3232 3502 Communis
3259 3445 3419 3502 Pater
3454 3461 3519 3514 ac
3543 3448 3699 3518 prin-

2129 3549 2260 3604 ceps
2289 3535 2466 3590 nostri
2499 3535 2734 3603 ordinis,
2787 3535 2884 3607 qui
2924 3537 3232 3608 apostolico
3273 3539 3326 3593 in
3375 3538 3576 3596 throno
3611 3555 3702 3596 se-

2131 3625 2239 3692 det,
2269 3641 2370 3681 nos
2419 3625 2656 3682 famulos
2682 3627 2804 3698 ejus
2839 3629 3178 3686 domesticos
3209 3643 3261 3685 te
3290 3639 3546 3686 vocatum
3593 3632 3701 3689 mi-

2133 3717 2225 3779 sit,
2261 3723 2318 3768 ut
2346 3731 2472 3770 eum
2521 3717 2675 3773 adire
2720 3717 2876 3773 velis.
2913 3718 3078 3774 Paret
3124 3718 3446 3790 Gregorius,
3495 3734 3702 3790 eosque

2135 3804 2403 3874 sequitur.

451 3902 546 3957 at’w
570 3901 708 3972 ἔχων
739 3899 948 3972 θρόνον,
983 3898 1051 3952 δι’
1085 3897 1244 3968 ἡμῶν
1270 3897 1377 3950 τῶν
1432 3894 1649 3949 οἰκείων
1686 3892 1890 3948 δούλων
1929 3892 2091 3946 αὑτοῦ
2132 3895 2434 3965 προσκαλεῖ
2463 3913 2522 3949 σε
2571 3895 2665 3950 τοῦ
2700 3895 3106 3981 παραγενέσθαι
3140 3901 3275 3970 πρὸς
3321 3901 3501 3956 αὐτόν.
3565 3902 3622 3956 '0
3645 3901 3704 3956 se

451 4003 580 4058 ἀπιε
611 3992 728 4062 μετ’
755 3991 957 4044 αὐτῶν.

522 4081 655 4138 MB’.
711 4081 960 4150 Ἐγένετο
1006 4080 1064 4134 δὲ
1106 4079 1312 4134 τούτων
1344 4076 1746 4150 πορευομένων,
1787 4077 1814 4129 6
1855 4074 2026 4138 ἁὸὅᾶς

451 4177 677 4246 Μάρκος
707 4173 1008 4244 διηγήσατο
1035 4171 1114 4244 τῷ
1145 4173 1302 4242 πάπα
1335 4169 1402 4224 τὰ
1431 4168 1570 4223 κατὰ
1597 4169 1687 4221 τὸν
1729 4167 2030 4240 Γρηγόριον

2226 4067 2385 4124 XLII.
2420 4069 2490 4125 At
2515 4069 2644 4124 dum
2677 4071 2732 4126 hi
2761 4070 3031 4140 redibant,
3079 4073 3295 4130 Marcus
3334 4076 3502 4132 abbas
3529 4078 3710 4148 po‘nti-

2136 4157 2226 4214 fici
2275 4156 2516 4212 maximo
2541 4167 2711 4214 totam
2759 4159 3009 4230 Gregorii
3041 4162 3206 4228 vitam
3237 4164 3492 4233 exposuit
3521 4180 3535 4218 :
3568 4180 3708 4236 quo-

453 4266 650 4328 πάντα,
683 4263 776 4317 καὶ
802 4261 900 4334 τὴν
943 4264 1007 4316 ἐκ
1038 4261 1288 4316 παιδόθεν
1329 4257 1676 4332 ἀναστροφὴν
1705 4257 1892 4322 αὑτοῦ,
1936 4257 2022 4312 καὶ

2137 4250 2302 4306 modo
2347 4265 2378 4305 a
2423 4251 2660 4321 pueritia
2717 4250 2828 4308 Deo
2887 4267 2946 4306 se
3004 4253 3264 4320 dicasset,
3324 4263 3534 4324 quanta
3587 4255 3708 4326 ejus

453 4357 514 4410 τὺ
542 4357 711 4426 πρᾶον
736 4355 830 4409 καὶ
861 4353 1084 4426 ἡσύχιον
1115 4351 1302 4418 αὐτοῦ,
1349 4353 1443 4406 καὶ
1474 4352 1534 4405 τὸ
1573 4348 1688 4414 πῶς
1715 4350 1783 4404 δι’
1813 4351 2026 4404 ἀποκα-

455 4449 666 4518 λύψεως
697 4447 831 4500 Θεοῦ
863 4446 1186 4517 διεπέρασεν
1212 4443 1374 4498 αὐτὸν
1403 4445 1484 4506 είς
1523 4441 1892 4512 Ἰεροσόλυμα.
1921 4442 2030 4496 Καὶ

458 4540 622 4594 πάλιν
655 4540 686 4592 6
717 4539 906 4602 πάπας
935 4537 1236 4608 διηγήσατο
1267 4534 1348 4604 τῷ
1387 4532 1532 4606 ἁὸϐᾷ
1562 4534 1776 4603 Μάρκῳ
1795 4532 1864 4585 τὰ
1885 4548 2032 4603 πρα-

457 4629 651 4700 χθέντα
689 4629 818 4700 παρ’
863 4627 1028 4680 αὑτοῦ
1061 4629 1119 4680 ὲν
1160 4629 1226 4696 τῇ
1263 4623 1466 4692 συνόδῳ
1498 4625 1557 4676 ὲν
1587 4624 2031 4676 Κωνσταντινου-

421 4717 428 4723 ’
461 4719 630 4782 πόλει,
669 4721 730 4773 τὸ
781 4719 902 4782 πῶς
951 4717 1249 4788 ἐνέφραξεν
1289 4714 1359 4768 τὰ
1391 4714 1639 4784 στόματα
1679 4711 1787 4764 τῶν
1829 4713 2031 4782 αἱρετι-

459 4809 593 4866 κῶν.
623 4811 738 4866 Καὶ
767 4811 843 4875 ὡς
880 4809 940 4864 τὸ
971 4807 1174 4880 μεταξὺ
1208 4803 1506 4860 κατέλαόον
1534 4804 1585 4856 οἱ
1613 4803 1900 4856 ἐπίσκοποι
1939 4799 2034 4853 καὶ

461 4901 558 4955 σὺν
605 4901 788 4964 αὐτοῖς
837 4901 865 4954 6
895 4899 1217 4970 Γρηγόριος,
1263 4895 1360 4950 καὶ
1409 4892 1666 4948 εἰσελθὼν
1711 4891 1916 4963 ἔπεσεν,
1955 4891 2035 4954 είς

456 4994 583 5056 τοὺς
613 4993 779 5054 πόδας
811 4989 906 5044 τοῦ
955 4990 1135 5055 πάπα,
1158 4988 1254 5042 καὶ
1301 4986 1451 5056 λέγει
1494 4983 1676 5055 αὐτῷ’
1715 4982 1907 5046 Καλῶς
1935 4977 2031 5056 ἦλ-

459 5083 573 5148 θες,
607 5083 796 5136 τέκνον
823 5080 1088 5152 Γρηγόριε
1113 5095 1128 5108 ο
1157 5077 1451 5148 εὐλογητὸς
1480 5078 1508 5130 6
1534 5075 1668 5139 Θεὸς
1711 5076 1740 5128 6
1763 5073 2034 5144 πληροφο-

464 5175 634 5244 ρήσας
671 5173 820 5244 ἡμᾶς
865 5173 944 5234 είς
989 5171 1070 5236 σὲ,
1123 5168 1346 5223 τέκνον·
1402 5156 1654 5238 καθάπερ
1697 5163 2034 5236 ἠκούσαμεν,

460 5261 632 5326 οὕτως
667 5262 763 5314 καὶ⁹
793 5260 994 5330 ἴδομεν.
1021 5257 1135 5312 Καὶ
1173 5255 1416 5322 ἀναστὰς
1443 5254 1732 5326 ἠσπάσατο
1770 5251 1932 5308 αὑτὸν
1958 5250 2037 5322 τῷ

457 5351 600 5422 ἁγίῳ
641 5351 932 5422 φιλήματι,
981 5351 1076 5405 καὶ
1122 5347 1406 5402 ἐκέλευσεν
1457 5345 1620 5401 αὐτὸν
1667 5343 2034 5414 καθεσθῆναι·

460 5447 554 5500 καὶ
583 5443 1051 5516 περιϐλεψάμενος
1075 5443 1104 5496 6
1137 5443 1323 5504 πάπας
1351 5439 1566 5509 ἐπέγνω
1589 5438 1681 5492 τὸν
1715 5439 2038 5510 χαρακτῆρα

460 5536 627 5592 αὐτοῦ
672 5537 764 5592 τδν
811 5537 1199 5608 ὒποδειχθέντα
1241 5532 1392 5604 αὐτῷ
1420 5533 1570 5604 παρὰ
1613 5529 1724 5585 τῶν
1762 5529 2038 5600 φανέντων

459 5626 608 5702 αὐτῷ
634 5630 826 5698 ἁγίων.
857 5627 1070 5700 Μικρὸν
1111 5626 1168 5681 δὲ
1208 5623 1512 5689 ἀνανεύσας
1536 5624 1564 5676 6
1593 5623 1892 5693 Γρηγὸριος
1929 5619 2037 5691 ὁρᾷ

2136 4343 2506 4398 mansuetudo
2538 4358 2603 4398 ac
2622 4343 2816 4400 lenitas
2840 4354 2986 4400 esset
3017 4363 3031 4400 :
3058 4356 3118 4401 ut
3150 4347 3264 4416 ipse
3295 4361 3418 4402 eum
3446 4347 3711 4403 divinitus

2132 4434 2454 4490 admonitus
2484 4433 2865 4508 Hierosolyma
2910 4436 3252 4493 deduxisset.
3285 4436 3490 4494 Contra
3526 4437 3712 4494 Marco

2133 4527 2318 4582 abbati
2344 4542 2408 4582 ea
2437 4527 2680 4598 pontifex
2705 4528 2980 4584 maximus
3001 4529 3267 4596 narravit,
3292 4545 3417 4598 qua:
3439 4530 3711 4586 Constan-

2134 4617 2364 4688 tinopoli
2401 4617 2457 4671 in
2489 4618 2697 4688 synodo
2724 4634 2822 4689 per
2849 4635 2974 4673 eum
3004 4619 3244 4691 perfecta
3281 4621 3518 4684 fuerant,
3545 4631 3712 4691 utque

2133 4707 2254 4776 ejus
2279 4721 2445 4776 opera
2469 4707 2708 4763 haeretici
2731 4709 2956 4764 coerciti
2987 4723 3054 4764 ac
3077 4708 3238 4764 silere
3263 4708 3464 4765 coacti.
3498 4707 3712 4764 Interea
3814 4739 3820 4746 -

2133 4797 2400 4868 episcopi,
2447 4806 2504 4854 et
2554 4813 2682 4853 cum
2715 4799 2800 4856 his
2829 4798 3147 4870 Gregorius,
3201 4795 3500 4856 advehere.
3551 4799 3712 4858 Hunc

2135 4904 2288 4956 vero,
2317 4891 2411 4946 ubi
2443 4890 2728 4962 ingressus
2757 4891 2825 4947 ad
2855 4893 3022 4962 pedes
3050 4894 3304 4964 procidit,
3351 4893 3433 4950 sic
3465 4892 3710 4964 pontifex

2135 4984 2411 5040 maximus
2457 4984 2728 5040 allocutus
2777 4993 2862 5040 est
2893 5003 2907 5040 :
2941 4983 3212 5057 Tempore
3262 4986 3430 5052 ades,
3485 4985 3710 5058 Gregori

2137 5075 2213 5130 fili
2244 5093 2258 5130 :
2290 5073 2400 5130 Deo
2447 5074 2570 5130 laus
2613 5075 2908 5144 tribuatur,
2941 5077 3036 5148 qui
3073 5087 3124 5133 te
3153 5077 3334 5146 nobis,
3389 5076 3488 5142 fili,
3543 5077 3713 5147 probe

2136 5166 2418 5236 cognitum
2454 5180 2576 5222 esse
2601 5165 2776 5222 voluit
2803 5184 2820 5222 :
2849 5183 2984 5224 sane
3008 5183 3350 5240 quacunque
3375 5169 3442 5224 de
3470 5177 3524 5223 te
3551 5166 3711 5222 audi-

2137 5259 2341 5322 vimus,
2378 5273 2442 5313 ea
2481 5266 2536 5312 et
2565 5257 2825 5314 vidimus.
2877 5257 3018 5314 Tum
3067 5274 3302 5340 surgens
3345 5267 3538 5314 sancto
3583 5270 3710 5313 eum

2138 5349 2333 5406 osculo
2365 5347 2648 5416 salutavit,
2701 5357 2758 5406 et
2798 5350 2991 5408 sedere
3029 5351 3232 5424 jussit;
3267 5359 3436 5420 utque
3462 5345 3714 5403 eumdem

2139 5439 2548 5510 contemplatus
2590 5448 2698 5506 est,
2729 5440 2854 5512 ejus
2891 5441 3222 5500 lineamenta
3258 5437 3504 5510 agnovit,
3548 5451 3713 5514 quem

2139 5528 2222 5584 illi
2249 5529 2610 5586 ostenderant
2643 5531 2819 5588 sancti
2845 5531 2968 5598 viri,
2995 5545 3138 5602 quos
3160 5531 3214 5585 in
3243 5527 3453 5586 somnis
3481 5526 3713 5583 viderat.

2145 5619 2443 5692 Gregorius
2483 5636 2617 5701 vero
2668 5639 2793 5683 cum
2840 5613 3122 5697 paululum
3179 5621 3530 5693 respexisset,
3570 5617 3728 5676 videte
