4054 6204
393 347 502 416 627

1391 347 1451 408 S.
1476 347 1859 410 GREGORII
1900 347 2414 409 AGRIGENTINI
2452 349 2650 412 VITA.

3529 357 3635 421 628

393 481 528 524 vero
558 465 730 520 abbas
764 481 777 518 :
815 461 956 525 Dixi,
996 461 1193 531 inquit,
1230 461 1349 526 tibi,
1400 461 1588 528 frater,
1620 465 1665 518 si
1702 464 1836 533 quid
1879 463 1966 518 in-

2075 463 2375 535 Γρηγόριος
2393 465 2583 536 ὴνίχθο
2596 463 2714 536 (sic)
2736 467 2878 520 πάνυ
2903 466 3096 537 ἡδέως,
3122 466 3338 520 ἀκούων
3360 471 3506 538 παρά
3542 473 3636 528 τοῦ

395 558 664 617 currisset
689 538 818 610 mali
849 552 993 608 Illius
1017 563 1170 620 tuus,
1208 565 1318 607 non
1346 550 1470 609 ideo
1494 553 1665 608 Deum
1699 553 1970 624 lacrymas

395 661 520 706 tuas
551 648 951 718 neglecturum.
990 645 1213 712 Verum,
1258 657 1320 702 ut
1349 647 1710 718 prauum-iui
1749 647 1870 710 tibi,
1913 647 1968 700 in

394 743 500 798 liae
545 739 656 794 vita
704 749 762 794 ut
808 737 984 792 tilium
1042 747 1194 792 tuum
1252 739 1458 802 videas,
1503 753 1827 794 concessum
1861 746 1968 793 est.

396 833 576 890 Simul
625 832 821 888 beatus
850 829 1145 902 Gregorius
1175 831 1469 901 episcopus
1493 845 1619 886 eum
1653 829 1966 900 appellans:

392 923 539 980 Num
573 936 856 994 praterea.
887 921 1090 994 inquit,
1139 920 1362 976 domine
1405 919 1500 984 mi,
1537 919 1714 988 pueri,
1741 934 1901 989 quem
1936 933 1966 972 a

395 1023 452 1070 te
479 1012 746 1069 amissum
791 1009 953 1070 dicis.
987 1019 1167 1064 mater
1197 1008 1366 1063 vivit?
1408 1007 1510 1063 Cui
1553 1007 1778 1062 Charite
1807 1025 1820 1062 :
1852 1007 1967 1072 Nat,

393 1107 642 1171 domine,
672 1102 767 1158 Dei
795 1115 1023 1156 munere
1051 1100 1208 1167 vivit,
1249 1109 1304 1155 at
1328 1102 1400 1156 ob
1427 1099 1598 1155 ﬁlium
1627 1100 1971 1156 vehementer

395 1196 637 1270 angitur.
674 1193 916 1248 Rursum
950 1191 1040 1247 ille
1073 1191 1416 1258 :Quantum,
1466 1192 1563 1257 ait,
1597 1191 1839 1262 elapsum
1889 1200 1972 1246 est

399 1287 684 1358 temporis,
733 1301 802 1342 ex
851 1299 962 1355 quo
993 1283 1302 1339 amisistis?
1340 1281 1446 1338 ilic
1472 1299 1605 1339 vero
1635 1303 1650 1338 :
1683 1283 1840 1344 Tres,
1880 1282 1970 1336 in-

397 1381 539 1451 quit,
563 1388 620 1436 et
647 1379 836 1434 decem
864 1390 1042 1431 annos
1065 1389 1136 1428 eo
1157 1374 1270 1444 jam
1298 1389 1572 1430 caremus.
1594 1371 1778 1428 Solari
1806 1373 1972 1443 igitur

397 1487 524 1529 eum
555 1471 750 1526 beatus
775 1468 1072 1538 Gregorius
1100 1466 1265 1535 cepit
1303 1481 1470 1535 quam
1510 1465 1815 1536 aptissimis
1845 1479 1968 1518 ver-

397 1564 508 1630 bis,
555 1573 610 1618 et
663 1561 964 1616 sententias
1011 1557 1277 1628 quasdam
1319 1557 1518 1612 addere
1551 1556 1966 1611 subobscuras:

394 1654 618 1720 deinde,
677 1669 745 1708 ne
774 1651 988 1720 longior
1015 1653 1141 1710 sim,
1175 1663 1478 1718 exsurgens
1506 1647 1572 1702 ad
1607 1647 1778 1716 patris
1807 1647 1972 1718 pedes

399 1759 460 1802 se
491 1745 712 1816 abiecit,
747 1758 812 1798 ac
837 1741 1022 1797 multis
1047 1756 1172 1796 cum
1206 1740 1465 1810 lacrymis
1493 1748 1547 1794 et
1569 1738 1696 1794 lletu
1729 1739 1967 1808 ingenti,

2071 553 2281 621 πατρὸς
2328 554 2517 608 αὑτοῦ.
2567 555 2729 622 Λέγει
2778 555 2928 625 αὐτῷ
2959 555 3138 618 ἀϐϐᾶς
3173 557 3438 630 Μάρκοςο
3480 558 3640 614 Εἷπόν

2071 661 2177 709 σοι,
2219 643 2440 712 ἀδελφέ,
2477 645 2582 709 ὅτι,
2615 647 2678 700 ει
2719 647 2812 698 ἐπὶ
2841 645 3012 700 κακὸν
3051 645 3315 710 ἐξέδωκεν
3359 649 3552 702 ἑαυτὸν
3579 651 3642 706 τδ

2068 735 2260 790 τέκνον
2291 752 2412 803 σου,
2456 738 2556 790 οὑκ
2589 737 2656 791 ἂν
2685 739 2712 792 6
2735 737 2877 800 Θεὸς
2911 737 3141 810 παρίδεν
3171 755 3266 792 σου
3297 738 3368 792 τὰ
3411 740 3620 813 δάκρυα

2071 826 2218 898 Πλὴν
2241 826 2318 889 ὡς
2342 827 2760 899 ἐπηγγειλάμην
2788 845 2890 890 σοι,
2912 830 2986 882 έν
3013 832 3078 901 τῇ
3105 829 3216 901 ζωῇ
3243 831 3416 902 ταύτῃ
3437 822 3644 888 ἐιδέναι

2069 913 2216 985 ἔχεις
2243 915 2306 968 τὸ
2333 915 2525 969 τέκνον
2556 933 2672 970 σου.
2709 917 2873 983 Λέγει
2897 917 3050 988 αὑτῷ
3074 919 3103 972 ό
3134 919 3406 990 μακάριος
3438 921 3642 993 Γρηγόο

2072 1024 2190 1078 ριος
2229 1011 2259 1063 6
2293 1009 2598 1072 ὲπίσκοπος
2620 1008 2748 1072 τάρε
2775 1025 2788 1038 ·
2825 1008 2966 1080 Κύρι
2995 1009 3152 1079 ἐμοῦ,
3182 1009 3247 1080 ζῇ
3272 1013 3307 1083 η
3343 1013 3530 1084 μήτηρ
3553 1013 3645 1068 τοῦ

2069 1099 2283 1167 παιδὸς,
2318 1089 2382 1155 οὗ
2412 1099 2610 1168 λέγεις,
2640 1101 2723 1154 ὄτι
2759 1098 3200 1172 ἀπολὼλίεκῖαςς
3232 1102 3400 1170 Λέγει
3451 1104 3646 1174 αύτῷό

2069 1190 2358 1260 Χαρίτων·
2399 1193 2530 1258 Nai,
2561 1191 2830 1258 δέσποτα,
2865 1191 2930 1264 ζῇ
2957 1192 3044 1246 διὰ
3066 1193 3162 1247 τοῦ
3192 1193 3352 1259 Θεοῦ,
3375 1195 3470 1248 καὶ
3501 1199 3645 1250 πάνυ

2069 1279 2322 1335 λυπεῖται
2354 1281 2496 1352 ὑπὲρ
2521 1281 2703 1335 αὑτόν.
2731 1279 2896 1350 Λέγει
2918 1279 3091 1352 αὐτῷ·
3115 1282 3291 1335 Πόσον
3317 1283 3514 1352 χρόνον
3537 1283 3646 1354 ἔχει

2061 1372 2164 1440 ἀφ’
2187 1355 2258 1426 ὀὗ
2287 1371 2602 1438 ἁπόλωλενς
2633 1371 2796 1439 Λέγει
2845 1372 3018 1442 αὐτῷ·
3055 1373 3220 1443 Τρεῖς
3265 1373 3364 1426 καὶ
3387 1371 3647 1444 δεκαετὴς

2064 1462 2262 1532 χρόνος
2309 1464 2480 1528 ἐστὶν,
2521 1464 2616 1530 ἀφ’
2660 1457 2722 1518 οὗ
2770 1463 3070 1519 ἀπόλωλεν.
3108 1464 3353 1536 Ἤρξατο
3377 1460 3472 1522 οὖν
3503 1465 3649 1534 αὑτῷ

2069 1557 2361 1624 παραινεῖν
2405 1557 2434 1607 6
2492 1557 2763 1628 μακάριος
2809 1555 3115 1626 Γρηγόριος
3167 1556 3424 1624 μεγάλως
3487 1559 3652 1610 αὑτὸν

2071 1645 2568 1716 παραμυθούμενος
2597 1647 2666 1700 δι’
2707 1646 3111 1716 αἰνιγματικῶν
3155 1646 3464 1717 δογμάτων.
3496 1645 3650 1711 Εἶτα,

2072 1738 2162 1791 ἵνα
2193 1738 2476 1808 συντόμως
2506 1738 2668 1805 εἴπω,
2695 1739 2936 1799 ἀναστὰς
2961 1740 2992 1792 ὀ
3028 1739 3300 1809 μακάριος
3320 1741 3651 1812 Γρηγόριος,

397 1799 650 1909 Ignosce,
693 1835 890 1903 inquit,
923 1831 1082 1897 mihi,
1116 1839 1292 1900 pater,
1331 1845 1564 1900 quaeque
1591 1830 1644 1884 in
1674 1839 1724 1884 te
1749 1831 1969 1894 admisi,

2075 1829 2300 1902 ἔρριψεν
2349 1799 2542 1886 ἑαυτὸν
2585 1799 2840 1911 clausit;
2875 1799 3044 1895 πόδας
3098 1799 3198 1886 τού
3241 1799 3649 1904 πᾷτρδξέὺτόῑέ

397 1928 638 1983 remitte.
674 1925 756 1980 Ex
795 1926 897 1978 hoc
948 1923 1095 1978 enim
1131 1922 1216 1976 die
1247 1921 1315 1977 de
1347 1921 1561 1976 misello
1593 1921 1704 1975 lilio
1733 1931 1827 1976 tuo
1852 1922 1972 1977 sine

397 2034 531 2076 cura
571 2026 622 2074 te
647 2032 768 2072 esse
802 2013 926 2070 volo
955 2030 968 2064 :
999 2029 1099 2085 ego
1129 2013 1218 2067 ille
1241 2027 1380 2069 sum.
1432 2010 1572 2068 Tum
1613 2028 1846 2084 surgens
1873 2028 1971 2084 pa-

396 2111 501 2167 tris
530 2111 616 2166 sui
637 2108 838 2164 collum
867 2105 1188 2174 complexus
1209 2103 1459 2170 inhaesit;
1487 2111 1540 2160 et
1566 2105 1764 2158 ﬂevere
1787 2103 1970 2170 ambo,

400 2211 666 2272 quantum
705 2200 938 2269 quisque
977 2213 1073 2268 per
1102 2196 1249 2252 vires
1275 2196 1496 2274 potuit.”
1535 2193 1635 2251 Ubi
1675 2205 1810 2251 ‘vero
1858 2209 1976 2251 mo-

401 2297 533 2351 dum
557 2293 791 2362 aliquem
816 2289 1037 2344 lletibus
1056 2303 1312 2359 posuere,
1331 2288 1502 2343 abbas
1523 2287 1738 2343 Marcus
1761 2295 1975 2342 utrum-

402 2401 510 2458 que
562 2381 722 2458 [uti]
759 2383 1083 2452 alloquens:
1112 2379 1412 2451 Lacrymis,
1443 2380 1542 2445 ait,
1577 2392 1631 2435 et
1676 2381 1973 2450 gemitibus

399 2477 631 2550 parcite,
679 2491 745 2532 ac
791 2475 1008 2530 laudem
1062 2474 1244 2542 potius
1283 2472 1397 2528 Deo
1428 2473 1591 2528 ambo
1619 2473 1848 2539 reddite,
1879 2473 1974 2543 qui

399 2585 502 2627 vos
535 2569 712 2624 .ltodie
741 2581 850 2622 uno
877 2566 930 2620 in
954 2565 1074 2621 loco
1107 2564 1412 2636 conjunxit.
1444 2563 1799 2634 Subjeeitque
1823 2563 1972 2620 Cha-

398 2659 799 2719 rito:'Gratias
841 2673 976 2729 ago,
1030 2653 1226 2721 Pater,
1277 2655 1553 2712 Servatori
1605 2665 1796 2711 nostro
1841 2654 1972 2712 Jesu

401 2755 624 2811 Christo
653 2766 749 2821 per
793 2758 888 2816 te;
941 2735 1050 2803 tuis
1089 2761 1216 2802 cum
1261 2747 1514 2816 precibus
1547 2745 1846 2816 perfectum
1875 2749 1974 2817 sit,

401 2845 550 2915 quod
597 2843 760 2898 nobis
803 2841 1136 2912 pmdixeras
1173 2855 1188 2892 :
1239 2852 1304 2894 ac
1343 2838 1575 2894 subinde
1623 2840 1975 2895 considentcs

403 2947 580 3004 usque
599 2932 668 2987 ad
695 2945 953 2986 auroram
979 2929 1048 2985 de
1067 2927 1384 2985 ccelestibus
1412 2927 1581 2983 animi
1612 2929 1772 2984 bonis
1799 2929 1976 2984 disse-

402 3029 656 3080 ruerunt.

472 3197 662 3257 XLVI.
703 3196 778 3254 Ut
808 3211 938 3254 vero
969 3195 1170 3262 illuxit,
1215 3209 1426 3259 omnes,
1469 3194 1562 3264 qui
1602 3195 1670 3249 ad
1709 3194 1976 3265 Agrigen~

403 3295 576 3350 tinam
603 3290 906 3349 Ecclesiam
935 3288 1298 3360 pertinebant,
1329 3287 1642 3357 pontitieem
1675 3287 1974 3341 maximum

405 3386 662 3440 adierunt
703 3381 1054 3449 veneratique
1100 3385 1255 3443 sunt;
1288 3392 1428 3447 quos
1471 3377 1563 3432 ille
1601 3377 1682 3433 sic
1705 3387 1790 3432 est
1835 3379 1975 3434 allo-

405 3485 609 3532 cutus:
640 3473 783 3528 Ecce
809 3472 876 3526 de
904 3471 1062 3525 vobis
1089 3470 1234 3536 quod
1279 3485 1343 3524 ex
1379 3469 1472 3524 Dei
1505 3471 1785 3528 voluntate
1822 3479 1974 3532 erat,

403 3564 708 3636 perfectum
748 3571 854 3624 est,
880 3559 1340 3630 quemadmodum
1369 3559 1468 3630 ipsi
1503 3573 1570 3613 ex
1595 3560 1856 3631 mysterio
1883 3561 1977 3616 illo

406 3653 672 3726 singulari
703 3650 1064 3722 ceguovistis,
1108 3649 1252 3720 quod
1279 3649 1474 3704 diebus
1512 3649 1667 3706 hisce
1703 3651 1757 3704 in
1803 3653 1978 3709 oculis

409 3750 602 3805 vestris
629 3745 845 3801 enituit.
865 3742 965 3798 IIic
990 3743 1174 3811 utique
1201 3744 1284 3797 vir
1314 3741 1424 3798 Deo
1449 3743 1742 3798 admodum
1775 3745 1977 3800 cltarus

404 3849 488 3900 est
517 3859 532 3895 :
563 3846 804 3894 vestrum
829 3835 946 3907 jam
992 3843 1100 3900 est,
1153 3832 1372 3897 fratres,
1417 3842 1477 3889 ut
1522 3833 1602 3888 illi
1643 3834 1976 3903 optimorum

404 3931 762 3989 consiliorum
791 3925 1002 4004 auctori
1031 3936 1290 3996 tanquam
1315 3927 1453 3995 patri
1485 3935 1797 3981 reverenter
1816 3936 1979 3997 atque

403 4031 652 4080 amanter
684 4019 921 4091 parentis
955 4035 971 4072 :
1006 4019 1112 4074 hoc
1156 4017 1321 4085 igitur
1353 4015 1579 4070 omnino
1619 4025 1891 4086 praestate,
1921 4028 1978 4073 ut

403 4115 554 4172 dicto
581 4112 702 4184 ejus
732 4122 950 4178 semper
991 4105 1277 4161 audientes
1319 4104 1460 4160 sitis.
1492 4105 1740 4172 Cumque
1774 4105 1851 4158 illi
1877 4105 1979 4160 hoc

403 4220 600 4262 omnes
641 4201 978 4272 recepissent
1029 4197 1144 4269 (44)
1206 4211 1266 4252 se
1316 4197 1542 4250 omnino
1596 4196 1975 4266 praestitutus,

403 4297 652 4371 pontifex
687 4294 964 4350 maximus
993 4304 1124 4345 cum.
1153 4288 1297 4344 binis
1319 4287 1614 4358 episcopis,
1647 4288 1740 4356 qui
1767 4289 1980 4358 synodo

403 4390 790 4451 interfuerant,
826 4385 1004 4440 fausta
1043 4379 1152 4437 illis
1185 4388 1440 4452 precatus
1461 4419 1478 4445 ,
1521 4378 1740 4433 beatum
1771 4379 1976 4450 Grego-

2067 1923 2279 1976 ·κλαίων
2311 1923 2369 1976 ὲν
2408 1923 2582 1994 ἰσχύει
2611 1925 2706 1977 καὶ
2733 1925 2910 1993 λέγων
2929 1940 2944 1954 ·
2976 1923 3342 1994 Συγχώρησόν
3389 1941 3504 1994 μοι,
3547 1925 3651 1980 ’πά·

2069 2033 2195 2087 τερ,
2223 2014 2302 2086 τῷ
2328 2016 2676 2087 ἡμαρτηκότι
2721 2017 2802 2080 είς
2833 2015 2928 2069 σέ·
2965 2015 3226 2087 βούλομαι
3271 2017 3386 2085 γὰρ
3417 2017 3526 2070 ἀπὸ
3554 2018 3654 2086 τῆς

2071 2107 2290 2179 ἡμέρας
2313 2106 2520 2178 ταύτης
2553 2107 2859 2178 ἁμέριμνόν
2897 2123 2960 2160 σε
2989 2103 3136 2162 εἶναι
3169 2109 3301 2179 περὶ
3326 2107 3426 2161 τοῦ
3461 2107 3652 2162 τέκνου

2069 2215 2170 2253 σου
2209 2198 2304 2252 τοῦ
2347 2197 2616 2252 ἑλεεινοῦ·
2647 2197 2760 2266 ἐγὼ
2786 2198 2896 2271 γάρ
2921 2199 3059 2269 ειμι.
3090 2199 3202 2252 Καὶ
3233 2201 3480 2263 ἀναστὰς
3502 2202 3653 2272 ἐκρε-

2074 2289 2262 2362 μάσθη
2307 2291 2435 2362 περὶ
2484 2291 2576 2344 τὸν
2608 2290 2880 2362 τράχηλον
2920 2290 3016 2343 τοῦ
3052 2291 3261 2362 πατρὸς
3304 2289 3473 2344 αὑτοῦ
3501 2331 3518 2358 ,
3563 2291 3655 2346 καὶ

2073 2381 2348 2435 ἔκλαυσαν
2393 2382 2697 2452 ἀμφότεροι
2722 2421 2738 2444 ,
2769 2382 3004 2457 ἕκαστος
3050 2381 3157 2445 ἕως
3201 2381 3305 2434 οὑκ
3345 2375 3420 2452 ἦν
3475 2382 3656 2444 αὑτοῖς

2071 2472 2253 2544 ’ίσχύᾳ
2296 2472 2512 2543 Μικρὸν
2557 2473 2615 2524 δὲ
2660 2471 3024 2542 ἀνασχόμενοι
3068 2471 3166 2526 τοῦ
3214 2471 3457 2534 κλαίειν,
3509 2473 3657 2540 λέγει

2073 2567 2260 2628 αὐτοῖς
2307 2565 2337 2617 6
2379 2563 2556 2629 ἁϐϐᾶς
2604 2563 2863 2636 Μάρκος·
2895 2564 3186 2618 Παύσασθε
3219 2565 3314 2619 τοῦ
3340 2565 3654 2635 ὀδύρεσθαι,

2059 2657 2195 2724 ,δότε
2237 2655 2396 2720 δόξαν
2441 2653 2744 2725 ἀμφότεροι
2787 2654 2867 2724 τῷ
2907 2653 3028 2724 θεῷ
3071 2656 3152 2725 τῷ
3199 2655 3473 2710 ἐνώσαντι
3518 2657 3656 2728 ὑμᾶς

2074 2753 2319 2820 σήμερον
2356 2746 2453 2800 ἐπὶ
2490 2745 2568 2818 τῷ
2600 2745 2770 2817 αὑτῷ.
2815 2741 2924 2801 Kal.
2967 2743 3122 2800 εἶπεν
3161 2749 3190 2802 6
3232 2747 3528 2817 Χαρίτων·
3561 2750 3660 2803 Εὑ-

2073 2839 2323 2911 χαριστῶ
2366 2837 2442 2908 τῷ
2475 2836 2689 2908 Σωτῆρι
2739 2839 2898 2910 ἡμῶν
2935 2838 3113 2910 Ἰησοῦ
3155 2841 3390 2912 Χριστῷ
3427 2843 3516 2897 διὰ
3542 2843 3656 2907 σοῦ.

2054 2933 2280 3002 “11ἀτερ,
2308 2929 2438 2984 ὃτιὸ
2461 2931 2776 3000 ὲπηγγεέλω
2803 2931 2958 3003 ἡμῖν,
2985 2931 3052 2985 δι’
3082 2933 3250 3004 εὐχῆς
3274 2951 3378 2988 σου
3412 2935 3660 3006 ἐπλήρω-

2077 3040 2197 3086 σας.
2227 3023 2340 3076 Καὶ
2365 3021 2539 3076 ταῦτα
2582 3022 2847 3076 εἰπόντων
2877 3021 3082 3084 αὐτῶν,
3117 3025 3510 3096 ἐκαθέσθησαν
3549 3029 3658 3083 δια-

2079 3111 2366 3180 λεγόμενοι
2394 3111 2466 3163 τὰ
2495 3111 2624 3182 περὶ
2654 3111 2928 3182 σωτηρίας
2959 3113 3138 3183 ψυχῆς
3165 3113 3272 3178 ἕως
3301 3115 3532 3187 ὄρθρου.

2153 3205 2306 3270 MCT.
2346 3204 2570 3272 Πρωῖας
2605 3203 2663 3256 δὲ
2699 3204 2999 3276 γενομένης
3021 3245 3036 3266 ,
3082 3205 3400 3276 προσῆλθον
3431 3210 3662 3273 ᾶπανςες

2080 3295 2134 3349 oi
2171 3295 2270 3364 τῆς
2296 3295 2548 3357 Σικελίας
2599 3295 2700 3365 τῆς
2738 3295 3180 3369 ’Λκραγαντίνων
3219 3297 3556 3368 Ἐκκλησιας
3585 3301 3660 3364 είς

2082 3385 2176 3440 τὸν
2204 3388 2414 3452 πὰπαν,
2455 3387 2550 3440 καὶ
2587 3386 3008 3454 προσεκύνησαν
3036 3386 3188 3458 αὐτῷ
3207 3405 3221 3418 ο
3249 3391 3350 3443 καὶ
3383 3391 3532 3460 λέγει
3568 3393 3660 3444 αὖα

2083 3479 2229 3540 τοῖς’
2294 3477 2430 3530 Ἰδοὺ
2481 3477 2544 3529 τὸ
2591 3477 2805 3546 θέλημα
2857 3475 2955 3529 τοῦ
3003 3475 3140 3530 Θεοῦ
3183 3479 3546 3550 πεπλήρωται
3585 3483 3661 3545 εἰς

2085 3568 2250 3638 ὑμᾶς,
2277 3567 2352 3631 ὡς
2377 3568 2532 3620 αὐτοὶ
2574 3567 2733 3638 ὑμεῖς
2760 3567 3062 3620 ἐθεάσασθε
3105 3568 3168 3622 τὸ
3207 3573 3523 3642 παράδςξον
3563 3591 3660 3644 μυ-

2084 3661 2312 3732 στήριον
2341 3661 2405 3714 τὸ
2427 3659 2815 3724 ἀποκαλυφθὲν
2845 3660 2904 3712 ὲν
2927 3660 3233 3731 ὀφθαλμοῖς
3261 3663 3421 3734 ὑμῶν
3459 3667 3515 3717 ἐν
3547 3669 3661 3730 ταῖς

2083 3750 2324 3822 ἡμέραις
2363 3753 2612 3812 ταύταις.
2673 3749 2806 3804 Ἰδοὺ
2849 3743 3008 3814 οὗτος
3051 3753 3081 3803 6
3129 3754 3269 3822 ἀνὴρ
3323 3757 3469 3808 πάνυ
3523 3757 3661 3808 ἐστὶν

2083 3841 2338 3911 ἀρέσκων
2371 3842 2447 3910 τῷ
2480 3841 2600 3911 Θεῷ
2622 3857 2636 3872 ⁸
2673 3842 2768 3894 καὶ
2803 3841 2999 3910 ὑμεῖς,
3043 3839 3304 3912 ἀδελφοὶ,
3339 3844 3658 3898 δουλεύσατε

2085 3931 2235 4002 αὑτῷ
2281 3935 2342 3986 ἐν
2388 3933 2540 4002 φόϐῳ
2583 3933 2674 3986 καὶ
2705 3933 2855 4003 πόθῳ
2896 3930 2973 3995 ὡς
3017 3934 3188 4004 πατρὶ
3238 3935 3659 4006 συμϐουλεύοντι

2087 4025 2217 4094 ὑμῖν
2256 4025 2452 4092 ἀγαθά.
2498 4023 2728 4076 Γένεσοε
2771 4020 2867 4078 οὖν
2911 4025 2970 4076 ὲν
3014 4025 3166 4096 πάσῃ
3210 4027 3434 4098 ὑπακοῇ
3478 4027 3653 4082 αὑτοῦ.

2085 4117 2312 4171 Πάντων
2372 4113 2465 4169 οὖν
2541 4117 2991 4188 ὑπισχνουμένων
3047 4117 3198 4188 αύτῴ
3255 4119 3440 4172 πάντα
3493 4118 3658 4173 ταῦτα

2087 4209 2262 4260 ποιεῖν
2289 4207 2348 4260 ὲν
2371 4207 2610 4277 ὑπακοῇ,
2639 4211 2735 4260 aut
2763 4209 2940 4264 ταῦτα
2977 4208 3157 4262 εἰπὼν
3185 4210 3376 4274 αὐτοῖς
3399 4213 3428 4264 6
3455 4213 3656 4272 πάπις,

2086 4299 2182 4352 καὶ
2234 4298 2605 4369 ἐπευξάμενος
2629 4300 2813 4364 αὐτοῖς
2855 4301 2971 4372 ἅμα
3011 4301 3119 4354 τῶν
3151 4301 3248 4370 τῆς
3284 4301 3506 4356 συνόδου
3547 4304 3658 4367 ἐπι-

2088 4389 2332 4455 σκόπων,
2389 4391 2706 4461 παρέδωκεν
2751 4393 2844 4446 τὸν
2891 4393 3162 4464 μακάριον
3213 4392 3516 4464 Γρηγόριον
3551 4393 3656 4452 τοῖς

402 4485 550 4540 rium
594 4481 679 4536 bis
713 4477 894 4534 verbis
925 4475 1148 4531 tradidit
1177 4492 1190 4528 :
1227 4491 1248 4526 ι
1284 4471 1556 4527 Dominus
1590 4478 1776 4525 noster
1815 4469 1973 4526 Jesus

2083 4479 2233 4543 λαοῖς
2257 4479 2430 4547 λέγων
2451 4495 2463 4510 ·
2493 4498 2512 4531 ι
2535 4480 2593 4534 '0
2626 4480 2829 4552 Κύριος
2857 4481 3014 4552 ἡμῶν
3051 4481 3258 4550 Ἰησοῦς
3290 4483 3529 4553 Χριστὸς
3547 4480 3652 4550 δῴη

405 4575 666 4633 Christus
711 4571 817 4626 Itoc
856 4567 1013 4624 vobis
1052 4565 1352 4634 indulgeat,
1406 4571 1468 4617 ut
1511 4561 1654 4618 idem
1697 4565 1983 4619 unanimes

2084 4571 2214 4640 ὑμῖν
2245 4571 2406 4640 χάριν
2449 4571 2510 4624 τὸ
2558 4573 2692 4626 αὑτὸ
2739 4575 2956 4644 φρονεῖν
2999 4575 3056 4626 ὲν
3102 4573 3356 4642 ἀλλήλοις
3385 4576 3468 4636 εις
3507 4573 3656 4636 δόξαν

407 4666 660 4724 sentiatis
694 4663 760 4718 ad
794 4659 1023 4733 gloriam
1053 4656 1147 4712 Dei
1183 4655 1364 4712 Patris
1391 4669 1516 4710 cum
1554 4665 1744 4710 sancto
1775 4654 1973 4725 Spiritu

2079 4659 2214 4714 Θεοῦ
2263 4661 2479 4730 [ἰατρὸς
2513 4663 2610 4716 σὺν
2655 4664 2798 4734 ἁγίῳ
2847 4664 3126 4734 ῐΙνεύματι
3169 4665 3248 4728 εἰς
3285 4665 3416 4728 τοὺς
3461 4664 3654 4724 αἰῶνας

405 4758 462 4814 in
501 4754 700 4814 sazcula
729 4753 1078 4809 seculorum.
1124 4749 1326 4807 Amen.
1360 4764 1382 4798 ι
1423 4743 1490 4800 Et
1517 4745 1690 4800 Amen
1727 4746 1973 4802 omnibus

2079 4751 2188 4805 τῶν
2221 4752 2454 4806 αἰώνων.
2497 4752 2692 4823 Ἀμήν.
2729 4773 2748 4804 ›
2813 4755 2924 4808 Καὶ
2963 4756 3181 4810 πάντων
3209 4755 3270 4808 τὸ
3315 4754 3488 4826 ’Δμὴν
3524 4757 3655 4807 ἁπο-

406 4847 760 4907 iterantibus,
793 4859 890 4899 eos
919 4843 980 4895 in
1009 4853 1144 4911 pace
1177 4837 1410 4904 dimisit,
1448 4851 1557 4891 uno
1586 4851 1650 4890 ex
1689 4837 1982 4906 episcopis,

408 4941 499 4996 cui
531 4953 728 4994 nomen
759 4934 935 5000 Felix,
972 4931 1256 5001 adjuncto,
1287 4929 1383 4998 qui
1427 4942 1548 4982 cum
1576 4927 1632 4982 in
1661 4927 1858 4982 throno
1879 4945 1980 4986 suo

407 5032 721 5089 collocaret.
755 5026 888 5081 Chai
904 5023 1040 5078 itoni
1065 5036 1196 5076 vero
1218 5019 1482 5088 subjecit:
1501 5017 1640 5072 Ecce
1667 5018 1810 5073 lilius
1833 5027 1979 5084 tuus,

409 5128 463 5180 in
491 5137 603 5193 quo
633 5129 891 5178 senectus
928 5125 1018 5172 tua
1061 5113 1366 5184 requiescet
1403 5131 1416 5166 :
1449 5111 1542 5167 sed
1578 5111 1694 5166 haec
1724 5127 1834 5178 quo
1857 5123 1980 5182 per-

407 5219 664 5278 tinerent,
708 5212 778 5277 ii,
821 5210 915 5281 qui
960 5205 1242 5264 Cltaritoui
1303 5203 1577 5269 astabant,
1634 5217 1741 5257 non
1790 5219 1976 5274 perce-

403 5316 625 5380 perunt.

470 5397 684 5454 XLVII.
719 5394 840 5450 Iam
875 5407 1006 5448 vero
1048 5389 1324 5461 navigium
1377 5384 1632 5456 ingrcssi,
1661 5383 1834 5438 Roma
1863 5383 1977 5438 sol-

399 5500 599 5550 verunt
627 5474 892 5548 xvu'Kal.
931 5485 1302 5557 Septembres,
1332 5495 1396 5534 ac
1425 5480 1478 5533 in
1513 5479 1755 5534 Siciliam
1790 5493 1978 5548 perve-

401 5599 536 5640 nere
567 5595 617 5638 tv
649 5583 778 5638 Idus
802 5579 1175 5650 Septembres,
1198 5573 1342 5644 apud
1369 5571 1702 5625 Pauormum
1723 5569 1976 5638 expOsiti.

474 5757 588 5832 (Η)
627 5758 761 5814 Cod.
798 5757 854 5824 2,
883 5752 1275 5826 ὑποσχομένων
1303 5751 1454 5823 αὑτῷ
1481 5751 1678 5806 πάντα.

2080 4842 2400 4914 κριθέντων,
2430 4844 2753 4898 ἀπέστειλεν
2781 4846 2980 4910 αὐτοὺς
3003 4848 3061 4899 ἐν
3083 4848 3299 4918 εἰρήνῃ,
3322 4846 3445 4909 δοὺς
3475 4844 3653 4906 αὐτοῖς

2083 4931 2180 4984 ἕνα
2215 4930 2327 4984 τῶν
2369 4932 2687 4985 ἐπισκόπων
2733 4932 2976 5004 τοῦνομα
3025 4933 3237 5003 Φήλικα
3269 4935 3364 4986 ἐπὶ
3405 4935 3470 5002 τῇ
3519 4931 3649 4982 ἀπο-

2084 5023 2418 5076 καταστάσει
2455 5021 2644 5076 αὐτοῦ.
2680 5018 2814 5076 Εἶτα
2861 5023 3010 5091 λέγει
3049 5022 3128 5093 τῷ
3169 5022 3480 5093 Χαρίτωνν
3527 5017 3647 5072 ’1δοὺ

2083 5113 2112 5164 ὁ
2144 5112 2258 5176 υἱός
2288 5129 2404 5174 σου,
2433 5112 2491 5174 ὃς
2519 5112 2825 5168 ἀναπαύσει
2857 5115 2918 5166 τὸ
2945 5113 3124 5184 γῆράς
3153 5130 3278 5167 σουο
3313 5111 3483 5166 ταῦτα
3508 5110 3560 5163 δὲ
3589 5105 3646 5160 οὗ

2086 5204 2328 5273 συνῆκαν
2355 5205 2413 5271 οἱ
2439 5205 2566 5274 περὶ
2596 5204 2689 5258 τὸν
2715 5205 3031 5277 Χαρίτωνα,
3068 5205 3129 5258 τὸ
3153 5205 3206 5258 τί
3231 5205 3416 5268 αὐτοῖς
3447 5203 3646 5271 εἰρήκει

2084 5297 2113 5348 6
2144 5295 2352 5358 πὰπας.
2673 5344 2682 5350 ,
3579 5287 3584 5292 ’

2151 5385 2286 5441 MZ'.
2333 5386 2441 5440 Kal.
2470 5387 2809 5454 εἰσελθόντες
2836 5390 2893 5442 ὲν
2919 5387 2997 5460 τῷ
3033 5388 3202 5460 πλοίῳ
3229 5387 3564 5456 ἁπεκίνησαν
3584 5383 3644 5434 ἐκ

2083 5477 2182 5548 τῆς
2216 5477 2432 5550 Ῥώμης
2459 5482 2524 5550 τῇ
2557 5479 2616 5546 ἓξ
2651 5480 2748 5534 καὶ⁸
2774 5479 2976 5551 δεκάτῃ
3003 5480 3098 5534 τοῦ
3123 5478 3438 5549 Αὐγούστου
3461 5475 3641 5546 μηνός-

2089 5569 2404 5624 Κατέλαευν
2437 5571 2496 5624 δὲ
2525 5571 2624 5644 τὴν
2663 5572 2916 5628 Σικελίαν
2948 5575 3015 5644 τῇ
3042 5571 3248 5644 δεκάτῃ
3285 5567 3377 5626 τοῦ
3405 5569 3645 5636 Σεπτιμ-
