4054 6204
432 276 538 340 639

1435 277 1498 337 S.
1523 272 1901 336 GREGDRII
1945 267 2455 330 AGRlGENTlNI
2490 265 2690 326 VITA.

3576 261 3692 326 650

435 398 652 464 pietate,
687 403 742 448 et
778 396 1028 450 morti-us
1059 409 1122 448 ac
1153 393 1313 448 fartis
1347 395 1453 448 illis
1488 394 1821 465 persimiles.
1857 392 1984 446 Sma

2119 385 2216 439 καὶ
2246 381 2615 439 Πλατωνικὸν.
2635 374 2796 435 Οὗτοι
2818 379 2868 432 οἱ
2894 379 3042 448 τρεῖς
3073 374 3258 436 παῖδες
3281 369 3568 442 ἐζήλωσαν
3595 371 3701 438 τὴν

436 487 659 556 ragdus,
709 485 1096 554 l‘bilmlrlpbus
1139 496 1195 539 rt
1239 484 1576 540 Platonicus.
1622 486 1688 540 lli
1721 495 1834 541 tres
1873 499 2010 554 prte-

434 579 581 631 cl.-.ra
614 577 732 630 vitae
766 577 884 645 ejus
918 579 1172 633 instituta
1209 578 1452 632 temnlati
1485 589 1636 644 sunt,
1679 588 1736 634 et
1771 595 1836 632 ex
1861 578 2010 634 assi-

433 667 540 721 dua
591 668 963 738 prorigiornm
1017 669 1484 741 contemplatione
1531 688 1728 743 magno
1787 673 2012 728 virtutis

433 757 621 813 studio
647 773 992 818 exarserunt.

507 870 615 925 LII.
660 873 787 928 Post
824 875 940 930 dies
971 877 1180 946 aliquot
1229 877 1465 932 lustrare
1505 879 1695 934 urbem
1739 881 1924 950 empit,
1960 890 2012 935 et

437 964 530 1032 qui
569 965 622 1017 in
661 979 723 1018 ra
765 977 966 1023 essent.
1013 981 1248 1040 a'grotos
1293 987 1356 1025 ac
1402 986 1672 1040 pauperes
1728 981 1892 1040 atque.
1930 973 2012 1027 vi-

436 1054 577 1109 duas
629 1057 884 1112 invisere.
945 1060 1194 1128 (Suntque
1247 1062 1436 1115 urbem
1493 1064 1726 1118 mediam
1791 1065 2006 1128 obiret,

437 1147 755 1216 quicunque
783 1165 959 1216 aegros
982 1151 1128 1205 domi
1163 1153 1458 1217 habebant,
1491 1171 1588 1208 eos
1617 1168 1838 1226 propter
1865 1157 2008 1211 viam

436 1239 805 1306 exponebant,
855 1258 964 1311 qua
1001 1243 1196 1298 beatus
1243 1246 1544 1315 Gregorius
1579 1250 1814 1302 trannire
1846 1249 2012 1303 debe-

440 1339 546 1379 ret.
580 1328 696 1396 ipse
730 1346 860 1385 vero
891 1349 1086 1388 manus
1124 1335 1192 1389 iis
1225 1336 1565 1407 imponebat,
1597 1349 1651 1392 et
1679 1355 2012 1410 quocunque

437 1418 816 1475 detinerunlnr
849 1425 1060 1492 morbo,
1096 1427 1149 1480 in
1193 1427 1408 1482 Domini
1437 1429 1569 1485 Jesu
1602 1433 1826 1488 nomine
1851 1449 2008 1489 enra-

438 1510 659 1566 bantur.
694 1513 939 1570 Ilabebat
970 1516 1210 1574 Sabinus
1241 1523 1526 1594 presbyter
1551 1525 1770 1578 ﬁliolam
1806 1524 2011 1581 formo-

437 1604 738 1670 sissimam,
785 1609 876 1662 sed
910 1611 1068 1679 cujus
1109 1605 1354 1668 membra
1391 1617 1626 1672 Satanas
1665 1629 1792 1673 ante
1833 1635 2009 1675 annos

439 1709 633 1748 novem
689 1699 1020 1766 resolverat;

437 1784 491 1838 in
526 1795 772 1842 neutram
813 1805 871 1844 se
913 1801 1120 1860 partem
1158 1809 1378 1852 movere
1421 1809 1647 1868 poterat,
1680 1809 1843 1870 atque
1871 1801 2008 1854 alio-

438 1891 560 1930 rum
617 1894 718 1947 ope
769 1883 939 1938 semel
988 1902 1083 1954 per
1133 1887 1278 1944 diem
1330 1891 1470 1947 latus
1517 1893 1783 1948 mutabat.
1834 1893 2010 1964 Hujus

437 1978 633 2032 mater,
671 1988 796 2041 qua:
827 1984 1038 2044 patrata
1079 1982 1325 2054 prodigia
1375 1986 1646 2052 audierat,
1685 1988 1799 2056 ipsa
1842 1989 2006 2042 etiam

436 2058 602 2114 tiliam
660 2063 893 2120 aliorum
955 2057 1211 2126 manibus
1271 2073 1543 2130 sublatam
1613 2077 1665 2130 in
1727 2077 2007 2146 pubfieum

434 2153 546 2219 egit
575 2151 711 2220 (54),
759 2171 989 2226 eamque
1031 2146 1157 2216 ante
1209 2164 1410 2220 domus
1465 2167 1790 2221 vestibulum
1835 2169 2010 2222 collo-

435 2242 667 2296 eandam
699 2247 916 2302 curavit
947 2268 960 2302 :
1001 2251 1123 2305 iilac
1151 2254 1298 2306 enim
1336 2255 1529 2312 beatus
1565 2256 1864 2326 Gregorius
1893 2265 2010 2313 erat

437 2335 794 2390 transiturus.
833 2336 900 2393 Ut
933 2357 1061 2395 vero
1101 2343 1188 2397 hic
1221 2346 1285 2398 ad
1331 2345 1523 2401 Sabini
1557 2350 1759 2403 ostium
1810 2367 2009 2420 appro-

352 2435 355 2438 ·
439 2421 743 2491 ιιῑιπιιιαιίι,
776 2444 918 2483 uxor
943 2432 1064 2498 ejus
1093 2449 1336 2502 egressa,
1371 2437 1437 2491 ad
1471 2439 1614 2494 beati
1647 2437 1747 2494 viri
1777 2423 2010 2511 procidit

436 2512 600 2580 pedes
645 2524 698 2569 et
749 2516 885 2574 ﬂens
924 2531 978 2576 et
1027 2524 1273 2581 clamans
1314 2544 1328 2581 :
1378 2526 1693 2594 Dei‘serve,
1747 2535 2009 2590 miserere

437 2605 566 2667 mei,
620 2616 674 2661 et
729 2609 1164 2670 incredulitatem
1221 2634 1397 2675 meam
1449 2622 1670 2693 adjuva.
1709 2623 1790 2679 Ad
1841 2643 2005 2697 quam

436 2693 526 2747 ille
553 2715 564 2749 :
599 2696 740 2764 Quid
777 2704 874 2757 tibi
913 2714 1016 2772 est,
1047 2708 1197 2762 lilia?
1227 2709 1298 2766 Ea
1348 2729 1565 2769 rursum
1600 2705 1666 2770 ad
1699 2693 1872 2785 pedes
1889 2719 2008 2790 ejus

435 2791 769 2854 provoiuta:
816 2795 1090 2864 Miserere,
1151 2802 1347 2878 inquit,
1384 2808 1510 2869 mei,
1566 2822 1599 2863 ο
1659 2809 1754 2864 Dei
1807 2827 2004 2867 serve:

436 2879 597 2934 tiliola
628 2899 746 2938 mea
777 2889 1074 2960 paralyliea
1101 2903 1205 2956 est,
1235 2910 1335 2950 nec
1362 2913 1421 2952 se
1453 2900 1564 2954 ulio
1593 2901 1755 2956 modo
1787 2917 2009 2959 movere

435 2981 630 3037 potest.
690 2973 783 3029 Ille
821 2995 992 3035 vero:
1035 2981 1306 3050 Quocum,
1348 2988 1443 3050 ait.
1491 2990 1608 3060 ipsa
1657 2991 1832 3047 viris?
1861 2987 2004 3048 Tum

437 3060 680 3120 Sabinos
727 3083 1054 3138 progressus
1083 3076 1148 3129 ad
1184 3077 1432 3148 Gregorii
1475 3083 1639 3150 pedes
1683 3099 1742 3138 se
1783 3087 2002 3156 abiecit,
2032 3067 2076 3124 ο

434 3164 598 3223 atque
646 3157 759 3212 have
789 3162 1038 3220 addidit:
1095 3167 1258 3224 Serva
1310 3181 1425 3237 tua,
1469 3175 1542 3228 mi
1588 3175 1830 3241 domine,
1868 3195 2010 3234 uxor

436 3261 556 3348 mea
589 3257 693 3304 est.
725 3252 824 3306 Cui
858 3253 1157 3327 Gregorius
1187 3280 1199 3314 :
1233 3261 1534 3328 Quantum,
1569 3269 1767 3338 inquit,
1797 3280 2009 3340 tempo-

438 3351 516 3391 l'ls
567 3349 671 3404 est,
724 3358 789 3396 ex
837 3361 947 3414 qno
995 3348 1048 3402 id
1097 3351 1172 3404 illi
1225 3355 1492 3425 contigit?
1543 3358 1780 3416 Sabinus
1827 3371 2008 3416 antem

440 3442 636 3484 novem
668 3450 793 3488 esse
826 3452 1003 3494 annos
1037 3445 1340 3512 respondit.
1373 3446 1441 3501 At
1479 3460 1706 3506 sanctos
1736 3455 1818 3506 vir
1857 3455 2011 3524 geni-

439 3518 542 3574 bus
587 3521 738 3578 humi
785 3526 957 3596 ﬂexis,
1013 3532 1067 3586 in
1115 3535 1260 3591 hunc
1309 3540 1530 3592 modum
1581 3551 1832 3610 prec-alus
1879 3555 2007 3600 est:

438 3611 668 3668 Domine
699 3619 768 3677 mi
802 3617 930 3674 Jesu
969 3621 1190 3681 Christe
1223 3626 1388 3692 Dens,
1435 3632 1528 3700 qui
1564 3632 1764 3687 caelum
1811 3645 1864 3689 et
1900 3644 2010 3690 ter-

434 3718 574 3767 ram,
621 3707 714 3776 qui
755 3727 904 3767 mare
934 3723 990 3768 et
1023 3719 1230 3784 omnia,
1267 3736 1390 3791 qua!
1424 3723 1478 3776 in
1519 3723 1588 3779 iis
1624 3735 1776 3792 sunt,
1821 3728 2012 3782 eundi-

435 3795 585 3862 disti,
616 3804 828 3876 respice
857 3821 1050 3875 preces
1079 3812 1220 3877 servi
1255 3813 1359 3880 tui,‘
1387 3830 1581 3886 meque
1611 3817 1735 3870 audi
1773 3833 2007 3890 nequam

435 3887 560 3976 licet
609 3907 674 3947 ac
733 3897 1018 3963 miserum.
1083 3903 1270 3975 itaque
1325 3908 1563 3976 puellam
1631 3911 1773 3967 hanc
1833 3915 2008 3968 sancti

436 3975 676 4047 Spiritus
735 3989 811 4042 tui
871 3991 1074 4048 vittntc'
1131 3975 1374 4052 invisito.
1431 3981 1541 4054 Nec
1591 4002 1749 4070 plura
1813 4005 2010 4062 elfatus

434 4075 698 4139 surrexit,
737 4093 802 4132 ac
834 4083 1015 4149 puella
1047 4086 1206 4156 signa
1239 4089 1469 4145 salutari
1503 4093 1756 4159 lustrata,
1815 4095 1872 4150 In
1908 4114 2010 4153 no-

434 4163 603 4230 mine,
654 4167 856 4239 inquit,
907 4173 1118 4242 Domini
1174 4179 1347 4234 nostti
1397 4179 1530 4242 Iesu
1561 4183 1788 4252 Christi,
1831 4189 2007 4246 excita

436 4264 508 4322 te,
555 4274 620 4315 ac
673 4266 904 4332 pedibus
961 4271 1068 4327 tuis
1123 4272 1339 4331 insiste.
1391 4275 1542 4332 Illico
1591 4292 1772 4336 autem
1829 4287 2008 4352 puella

434 4354 694 4420 surrexit,
735 4366 788 4410 et
824 4359 890 4412 ad
943 4363 1121 4417 sancti
1158 4365 1412 4436 beatique
1449 4367 1698 4440 Gregorii
1750 4377 1913 4444 pedes
1947 4391 2006 4431 se

433 4443 720 4512 abjiciens.
754 4450 857 4504 Per
885 4463 960 4518 te,
996 4453 1195 4524 inquit,
1229 4457 1470 4527 domine,
1499 4477 1602 4532 ago
1645 4443 2002 4538 Dcogratias,

431 4537 525 4606 qui
563 4539 636 4594 ob
680 4541 952 4600 sinceram
999 4547 1172 4615 illam,
1205 4567 1312 4621 qua
1360 4551 1530 4608 Deum
1573 4556 1732 4623 colis,
1784 4537 2008 4632 religio-

433 4645 558 4686 nem
597 4647 624 4686 a
661 4631 838 4708 [thx]
893 4653 1012 4694 mea
1054 4655 1144 4696 me
1185 4641 1506 4700 inﬁrmitate
1543 4644 1818 4703 liberavit.
1862 4631 2008 4706 Ade-

434 4735 556 4779 rant
586 4741 717 4782 vero
748 4729 916 4795 cives,
954 4731 1048 4800 qui
1079 4748 1206 4788 eum
1235 4721 1627 4808 sequebantur,
1663 4755 1859 4812 magna
1890 4740 2004 4797 fre-

433 4817 682 4885 quentia.
733 4836 796 4875 ac
831 4825 1208 4896 prodigiorum
1253 4827 1494 4884 novitate
1538 4831 1851 4900 stupebant.
1899 4831 2005 4890 Ubi

435 4923 654 4965 omnem
688 4913 880 4970 urbem
927 4918 1259 4986 peragravit,
1305 4927 1361 4974 et
1405 4921 1658 4993 singulis,
1701 4939 1824 4993 quae
1867 4940 2006 4995 opus

433 5013 611 5069 erant,
663 5005 976 5074 distribuit;
1025 5011 1090 5062 ad
1130 5012 1390 5081 templum
1442 5029 1698 5071 reVersus
1739 5026 1824 5071 est
1869 5017 2006 5072 hora

435 5111 574 5150 nona
617 5098 767 5152 clero
803 5101 1112 5171 populoque
1141 5104 1290 5158 omni
1338 5105 1656 5160 comitante.
1700 5105 1778 5161 lbi
1805 5107 2007 5164 divinis

434 5190 712 5261 mysteriis
739 5195 1000 5262 peractis,
1039 5211 1290 5250 mensam
1323 5198 1580 5268 apposuit
1617 5199 1876 5257 universo
1909 5217 2008 5271 po-

435 5283 588 5352 pulo,
619 5300 780 5340 sacro
807 5287 986 5342 ordini
1032 5288 1088 5342 in
1131 5291 1322 5359 primis
1349 5301 1404 5346 et
1436 5291 1583 5347 clero
1607 5307 1675 5347 ac
1706 5293 1870 5362 plebi,
1906 5309 2007 5350 nec

438 5375 620 5432 minus
665 5377 846 5435 viduis
889 5389 943 5434 et
991 5383 1258 5438 mendicis
1309 5398 1507 5438 suam:
1564 5383 1860 5456 aderatque
1894 5387 2012 5456 ipse

440 5468 610 5524 linteo
661 5472 1028 5542 praecinctus,
1094 5485 1149 5528 et
1191 5491 1299 5529 una
1348 5489 1474 5528 cum
1525 5475 1702 5530 tribus
1763 5477 2016 5534 diaconis

447 5559 700 5623 Erasmo.
747 5563 1107 5636 Philadelpho
1145 5577 1199 5621 et
1241 5565 1528 5622 Platon-nco
1559 5567 1701 5634 plebi
1742 5569 2017 5628 mdversae

2114 477 2368 547 ἐνάρετον
2409 476 2578 533 αὐτοῦ
2623 474 2928 550 πολιτείαν,
2965 463 3507 540 προσκαρτεροῦντες
3552 461 3700 518 κατᾶ

2115 571 2296 624 πᾶσαν
2327 568 2478 638 ὥραν
2500 568 2570 622 τά
2598 564 2730 637 παρ’
2751 561 2918 618 αὐτοῦ
2946 560 3206 632 γινόμενα
3240 555 3520 628 θαύματα.

2183 828 2310 884 NB’.
2365 827 2503 882 Μεθ’
2543 826 2757 898 ἡμέρας
2787 823 2846 878 δέ
2892 838 3044 885 τινας
3080 817 3304 890 ἐξῆλθεν
3346 817 3376 869 ὁ
3421 813 3700 886 μακάριος

2113 919 2413 976 θεάσασθαι
2451 919 2552 991 τὴν
2605 918 2760 971 πόλιν
2817 916 2910 969 καὶ
2954 914 3080 976 τοὺς
3121 913 3178 966 ὲν
3230 911 3370 981 αὐτῇ
3423 907 3700 969 ἀσθενεῖς,

2113 1011 2362 1080 πτωχούς
2413 1027 2474 1063 τε
2512 1010 2607 1062 καὶ
2654 1011 2832 1078 χήρας
2870 1002 3290 1074 ἐπισκέψασθαι.
3334 999 3696 1072 Διερχόμενός

2112 1119 2169 1156 τε
2203 1103 2306 1155 ἀνὰ
2337 1103 2504 1172 μέσον
2531 1101 2632 1171 τῆς
2664 1099 2894 1161 πόλεως.
2915 1097 3032 1151 ὅσοι
3084 1089 3227 1165 εἶχον
3257 1092 3524 1156 ἀσθενεῖς,
3554 1106 3694 1160 προσ

2113 1189 2326 1244 ετίθουν
2353 1189 2549 1251 αὐτοὺς
2570 1191 2628 1258 έν
2651 1189 2717 1258 τῇ
2747 1185 2980 1256 πλατείᾳ.
3001 1185 3099 1254 τῆς
3131 1183 3362 1248 πόλεως,
3389 1181 3510 1235 ὅθεν
3533 1179 3697 1247 ἔμελ-

2111 1277 2200 1332 λεν
2231 1279 2551 1350 ἐξέρχεσθαι
2589 1281 2617 1332 ὸ
2659 1279 2932 1348 μακάριος
2968 1276 3292 1347 Γρηγόριος.
3325 1274 3433 1326 Καὶ
3461 1269 3694 1340 ὲπετίθη

2111 1371 2294 1435 αὐτοῖς
2323 1371 2421 1433 τὰς
2453 1372 2662 1444 χεῖρας,
2691 1369 2786 1422 καὶ
2823 1365 3243 1440 ἐθεραπεύοντο,
3271 1365 3368 1433 οἴῳ
3408 1363 3474 1416 ἂν
3504 1361 3696 1422 κατείέ

2110 1478 2268 1530 χοντο
2299 1462 2590 1531 νοσήματι,
2611 1461 2714 1518 ,ἐπὶ
2737 1453 3066 1530 τῷόνόματι
3111 1457 3205 1512 τοῦ
3240 1457 3450 1528 Κυρίου
3487 1454 3694 1524 Ἰησοῦ.

2110 1547 2219 1606 Ἦν
2247 1553 2302 1606 δὲ
2346 1553 2572 1616 Σαϐῖνος
2611 1553 2641 1605 ό
2670 1551 3040 1624 πρεσϐύτερος
3068 1549 3206 1620 ἔχων
3237 1549 3526 1620 θυγάτριον
3550 1547 3696 1622 πάνυ

2110 1645 2330 1716 ὡραῖον,
2354 1645 2382 1698 ὃ
2414 1645 2721 1716 παρέλυσεν
2751 1647 2779 1698 ὁ
2805 1643 3052 1706 Σατανᾶς
3085 1643 3193 1714 πρὸ
3223 1641 3358 1696 ἐτῶν
3379 1640 3536 1694 ὲννέα
3557 1654 3572 1668 °
3593 1636 3698 1692 καὶ

1083 1718 1206 1772 qua:
1255 1720 1379 1760 cum
1432 1708 1484 1761 in
1533 1709 1738 1764 lectulo
1777 1711 2004 1780 jaceret,

2111 1735 2248 1806 αὐτὴ
2293 1737 2608 1800 κατέκειτο,
2635 1735 2804 1806 μηδὲν
2847 1733 3120 1804 δυναμένη
3185 1732 3322 1796 ὅλως
3383 1730 3699 1801 κινηθῆναι,

2111 1825 2161 1876 εί
2194 1826 2269 1892 μὴ
2300 1825 2434 1896 παρ’
2463 1824 2640 1878 ἄλλων
2678 1823 3106 1896 περιεστρέφετο
3136 1821 3284 1888 ἅπαξ
3319 1823 3420 1893 τῆς
3453 1822 3696 1892 ἡμέρας.

2125 1915 2436 1970 Ἀκούσασα
2463 1917 2520 1970 δὲ
2555 1918 2588 1987 η
2631 1917 2814 1987 μήτηρ
2851 1916 3026 1986 αὐτῆς
3047 1915 3114 1970 τά
3133 1915 3394 1982 γινόμενα
3415 1913 3700 1983 θαύμαται

2111 2007 2380 2076 ἐξήγαγεν
2411 2005 2504 2060 καί⁵
2540 2007 2675 2076 αὐτὴ
2704 2005 2804 2072 τὴν
2835 2004 3114 2074 θυγατέρα
3144 2003 3318 2074 αὐτῆς
3347 2001 3704 2074 βασταζομέ-,

2111 2115 2208 2168 νην
2241 2099 2346 2152 ὑπὸ
2385 2099 2594 2152 ἄλλωνο
2631 2097 2728 2152 καὶ
2759 2097 2967 2168 ἔθηκαν
3016 2097 3190 2166 αὐτὴν
3225 2095 3426 2162 ἔξωθεν
3457 2095 3552 2149 τοῦ
3583 2113 3697 2154 πυε

2109 2189 2368 2254 λαιὼνοςο
2385 2189 2614 2244 αὐτόθεν
2635 2189 2744 2261 γὰρ
2762 2189 2986 2260 ἔμελλεν
3005 2187 3320 2260 διέρχεσθαι
3357 2189 3385 2242 ὁ
3415 2189 3696 2258 μακάριος

2111 2282 2151 2334 Γ
2155 2282 2430 2352 ρηγόριος.
2457 2277 2586 2335 Εἶτα
2605 2281 2830 2350 ἐγγίσας
2847 2283 2912 2352 τῇ
2931 2279 3074 2352 πύλῃ
3103 2279 3196 2334 τοῦ
3224 2279 3450 2332 Σαϐίνου
3467 2281 3495 2332 ό
3513 2279 3696 2348 μακάο

2113 2388 2248 2442 ριος,
2280 2371 2375 2424 καὶ
2397 2368 2689 2434 ἐξελθοῦσα
2716 2371 2750 2440 ἡ
2785 2371 2922 2441 γυνὴ
2950 2369 3116 2423 αὐτοῦ
3151 2369 3349 2424 ἔπεσεν
3383 2371 3536 2438 παρὰ
3563 2369 3694 2430 τοὺς

2110 2464 2277 2528 πόδας
2303 2463 2398 2517 τοῦ
2430 2462 2701 2534 μακαρίου
2725 2461 2990 2518 κλαίουσα
3011 2462 3104 2515 καὶ
3127 2461 3360 2528 λέγουσα
3375 2477 3388 2489 ·
3437 2459 3695 2531 Ἐλέησόν

2117 2571 2208 2624 με,
2237 2553 2392 2607 δοῦλε
2425 2551 2519 2606 τοῦ
2557 2550 2717 2614 Θεοῦ,
2769 2551 2864 2604 καὶ
2897 2549 3084 2622 βοήθει
3109 2553 3173 2620 τῇ
3203 2549 3434 2622 ἀπιστίᾳ
3465 2567 3590 2620 μου.
3629 2549 3692 2602 Ὀ

2107 2644 2165 2697 δε
2200 2643 2336 2714 πρὸς
2370 2643 2570 2714 αὐτήνο
2609 2641 2673 2694 Τί
2697 2641 2847 2696 ἐστίν
2878 2658 2985 2708 σοι,
3013 2641 3285 2712 θύγατερς
3331 2640 3394 2694 Ἦ
3427 2640 3486 2696 δὲ
3523 2641 3690 2693 πάλιν

2109 2734 2354 2790 πεσοῦσα
2380 2733 2532 2803 παρά
2551 2733 2682 2794 τοὺς
2720 2733 2891 2797 πόδας
2922 2729 3089 2786 αὐτοῦ
3123 2731 3268 2801 λέγει
3293 2731 3472 2803 αὐτῷ’
3506 2731 3698 2802 Ἐλέησ,

2113 2827 2204 2880 σόν
2247 2844 2340 2896 με,
2375 2825 2528 2880 δοῦλε
2561 2825 2655 2880 τοῦ
2683 2824 2820 2878 Θεοῦ
2841 2842 2856 2856 ·
2891 2823 2954 2878 τὺ
2979 2823 3272 2895 θυγάτριόν
3312 2841 3415 2894 μου
3452 2823 3694 2894 παρελύ-

2110 2916 2200 2983 θη,
2236 2917 2328 2970 καὶ
2365 2916 2426 2970 οὐ
2465 2914 2690 2968 δύναται
2745 2914 2885 2978 ὅλως
2916 2912 3270 2984 σαλευθῆναι.
3320 2914 3378 2967 'U
3400 2908 3458 2966 δέ
3497 2927 3691 2984 φησιν·

2111 3009 2268 3079 Τίνος
2301 3011 2450 3062 ἐστὶν
2482 3009 2714 3078 σύμϐιος
2751 3005 2931 3078 etiam;
2975 3007 3032 3060 '0
3091 3007 3162 3060 δὲ-
3189 3007 3416 3070 Σαϐῖνος
3457 3005 3692 3072 ἐξελθὼν

2107 3100 2301 3154 ἔπεσεν
2333 3101 2484 3171 παρά
2511 3102 2638 3163 τοὺς
2666 3099 2835 3162 πόδας
2873 3099 2968 3152 τοῦ
3003 3097 3334 3169 Γρηγορίου,
3370 3099 3465 3151 καὶ
3494 3094 3649 3151 εἶπεν
3671 3113 3690 3128 ·

2108 3189 2278 3260 Δούλη
2323 3209 2438 3255 σου,
2472 3191 2628 3262 κύριέ
2669 3209 2792 3262 μου,
2826 3191 2962 3261 γυνή
2997 3189 3098 3260 μου
3139 3191 3309 3244 ἐστιν.
3357 3191 3416 3243 '0
3453 3189 3509 3243 δὲ
3535 3189 3698 3257 λέγει,

2109 3277 2492 3352 αὐτῷ”Πόσος
2526 3281 2717 3351 χρόνος
2751 3282 2922 3346 ἐστὶν,
2957 3281 3049 3350 ἀφ’
3082 3273 3142 3332 οῦ
3170 3281 3306 3351 αὐτῇ
3343 3281 3542 3350 συνέϐη
3569 3280 3696 3333 τοῦ·-

2107 3391 2200 3438 το;
2251 3373 2311 3428 '0
2365 3373 2425 3426 δὲ
2479 3373 2802 3443 ἀποκριθεὶς
2836 3366 3017 3424 εἷπεν·
3063 3371 3250 3425 Ἐννέα
3293 3371 3479 3442 χρόνοι
3527 3374 3696 3438 εἰσὶν,

2107 3465 2364 3530 δέσποτα,
2424 3466 2518 3532 ἀφ’
2551 3458 2614 3518 οὗ
2666 3463 2828 3517 τοῦτο
2875 3464 3099 3532 γέγονεν
3143 3464 3303 3532 αὐτῇ.
3354 3463 3411 3517 ’0
3443 3463 3499 3516 δὲ
3534 3462 3696 3530 ἅγιος

2109 3555 2222 3619 οεὶς
2247 3553 2316 3607 τὰ
2346 3553 2549 3623 γόνατα
2584 3552 2922 3626 προσεύξατο
2959 3553 3164 3621 λέγων·
3215 3553 3389 3624 Κύριέ
3438 3567 3540 3622 μου
3583 3553 3695 3620 ἰηη

2111 3648 2205 3702 σοῦ
2235 3647 2466 3720 Χριστὲ,
2498 3649 2526 3700 ὁ
2561 3647 2796 3718 ποιήσας
2821 3648 2913 3700 τὸν
2951 3647 3180 3718 οὐρανὸν
3203 3651 3297 3702 καὶ
3320 3647 3420 3718 τὴν
3441 3647 3566 3716 γῆν,
3593 3644 3696 3715 τὴν

2108 3743 2388 3796 θάλασσαν
2441 3743 2537 3795 καὶ
2589 3741 2770 3796 πάντα
2811 3740 2882 3794 τά
2930 3742 2990 3793 ὲν
3037 3742 3244 3806 αὐτοῖς,
3279 3739 3428 3793 ἔπιδε
3472 3741 3565 3791 ἐπὶ
3593 3738 3696 3804 τὴν

2108 3831 2418 3903 προσευχὴν
2451 3832 2548 3883 τοῦ
2582 3829 2768 3903 δούλου
2812 3830 2930 3898 σου,
2981 3831 3078 3883 καὶ
3111 3831 3417 3884 ὲπὰκουσόν
3463 3845 3577 3900 μου,
3596 3827 3695 3882 τοῦ

2110 3921 2443 3995 ἀμαρτωλοῦ
2477 3923 2572 3976 καὶ
2621 3922 2902 3988 ταπεινοῦ,
2935 3921 3032 3976 καὶ
3061 3921 3359 3992 ἐπίσκεψαι
3391 3920 3492 3990 τὴν
3525 3919 3700 3974 παῖδα.

2107 4015 2312 4086 ταύτην
2357 4018 2422 4086 τῇ
2477 4015 2708 4085 δυνάμει
2736 4013 2831 4068 τοῦ
2866 4015 3026 4083 ἁγίου
3070 4031 3166 4067 σου
3207 4013 3546 4084 Πνεύματος.
3583 4011 3698 4065 Καὶ

2108 4107 2282 4161 ταῦτα
2324 4105 2516 4169 είπὼν,
2545 4107 2787 4172 ἀναστὰς
2844 4107 3313 4179 περιεσφράγισεν
3359 4103 3460 4174 τὴν
3497 4104 3694 4174 κόρην,

2110 4198 2204 4252 καὶ
2233 4193 2406 4251 εἶπεν·
2453 4197 2570 4250 Ἐπὶ
2607 4195 2686 4267 τῷ
2715 4197 2940 4267 ὀνόματι
2981 4195 3075 4249 τοῦ
3097 4197 3300 4266 Κυρίου
3328 4197 3360 4264 ἡ
3371 4193 3488 4266 μῶν
3516 4193 3696 4264 Ἰησοῦ

2111 4288 2347 4359 Χριστοῦ
2369 4289 2582 4359 ἓγειραι
2603 4290 2698 4342 καὶ
2716 4287 2876 4358 στῆθι
2899 4289 2993 4342 ἐπὶ
3008 4289 3135 4351 τοὺς
3153 4287 3320 4350 πόδας
3342 4303 3462 4340 σου.
3477 4285 3698 4350 Εὐθέως

2109 4381 2164 4434 δὲ
2215 4383 2306 4436 καὶ
2353 4383 2698 4454 παραχρῆμα
2749 4379 3010 4452 ἐξανέστη
3046 4381 3081 4451 ἡ
3120 4380 3285 4450 κόρη,
3336 4378 3445 4432 καὶ
3499 4377 3700 4430 ἔπεσεν

2109 4475 2263 4546 παρά
2287 4473 2410 4536 τοὺς
2445 4473 2608 4537 πόδας
2634 4471 2730 4526 τοῦ
2762 4471 2926 4542 ἁγίου
2957 4471 3052 4526 καὶ
3081 4471 3358 4544 μακαρίου
3389 4470 3697 4542 Γρηγορίου

2103 4567 2372 4635 λέγουσα·
2407 4564 2731 4637 Εὐχαριστῶ
2766 4565 2846 4636 τῷ
2887 4565 3008 4636 Θεῷ
3053 4565 3143 4618 διὰ
3171 4563 3293 4630 σοῦ,
3321 4563 3586 4628 δέσποτα,
3611 4563 3698 4616 ὅτι

2104 4657 2194 4710 διά
2223 4656 2327 4726 τῆς
2357 4656 2458 4726 σῆς
2507 4656 2760 4727 καθαρᾶς
2805 4654 3086 4726 λατρείας,
3124 4649 3195 4726 ἦς
3238 4654 3508 4724 κέκτησαι
3559 4653 3700 4724 πρὸς

2103 4748 2195 4802 τὸν
2226 4747 2380 4814 Θεὸν,
2413 4747 2619 4806 ἐσωσέν
2649 4764 2718 4818 με
2746 4748 2812 4800 ἐκ
2851 4747 2952 4818 τῆς
2977 4745 3282 4823 ἀσθενείας-
3321 4762 3444 4816 μου.
3487 4739 3597 4798 Ἶιν
3636 4743 3699 4798 δὲ

2105 4840 2167 4893 τὸ
2195 4828 2525 4912 πλῆθοςτῆς
2548 4839 2760 4902 πόλεως
2790 4836 3124 4897 ἀκολουθοῦν
3148 4835 3320 4906 αὐτῷ,
3345 4834 3443 4890 καὶ
3474 4835 3696 4906 θαυμά-

2109 4931 2294 4995 ζοντες
2337 4931 2430 4985 ἐπὶ
2480 4930 2552 4984 τὰ
2593 4929 2874 5002 παράδοξα
2914 4929 2984 4984 τά
3033 4929 3306 5000 γενόμενα
3353 4927 3446 4981 ὑπ’
3497 4925 3691 4989 αὐτοῦ.

2111 5026 2298 5079 Πᾶσαν
2324 5023 2505 5096 δὲτὴν
2539 5021 2694 5078 πόλιν
2727 5021 2973 5090 διελθὼν,
3005 5021 3098 5076 καὶ
3131 5023 3298 5076 πᾶσιν
3329 5019 3400 5074 τὰ
3428 5017 3566 5090 πρὸς
3591 5017 3694 5088 τὴν

2110 5115 2300 5187 χρείαν
2343 5115 2638 5186 διανέμων,
2690 5112 3030 5186 ὑπέστρεψεν
3066 5113 3126 5165 ὲν
3165 5113 3230 5182 τῇ
3285 5109 3553 5182 ἐκκλησία
3597 5109 3696 5178 την

2111 5207 2340 5277 ὲννάττ,ν
2361 5207 2514 5278 ὤραν
2544 5206 2686 5279 μετά
2711 5207 2915 5271 παντὸς
2933 5204 3028 5260 τοῦ
3065 5204 3271 5276 κλήρου
3298 5203 3394 5258 καὶ
3417 5202 3514 5256 τοῦ
3537 5199 3694 5267 λαοῦ,

2117 5300 2210 5353 καὶ
2247 5299 2345 5369 τὴν
2395 5298 2546 5354 θείαν
2577 5298 2898 5364 ἐπιτελέσας
2933 5296 3348 5370 μυσταγωγίαν,
3381 5293 3694 5366 παρέθηκεν

2119 5389 2399 5462 τράπεζαν
2428 5391 2593 5444 παντὶ
2627 5389 2705 5462 τῷ
2737 5391 2873 5462 λαῷ,
2905 5393 3020 5454 τοῖς
3063 5407 3125 5444 τε
3155 5391 3475 5460 ἱερατικοῖς,
3499 5388 3594 5442 καὶ
3617 5387 3696 5456 τῷ

2122 5480 2332 5552 κλήρῳ.
2369 5483 2466 5535 καὶ
2497 5480 2574 5552 τῷ
2597 5481 2765 5554 κοινῷ
2815 5481 2909 5536 τοῦ
2951 5481 3105 5548 λαοῦ,
3140 5481 3329 5535 λοιπὸν
3359 5480 3416 5534 δὲ
3465 5481 3562 5533 καὶ
3591 5479 3701 5531 τῶν

2124 5571 2310 5645 χηρῶν
2338 5575 2432 5627 καὶ
2459 5573 2568 5628 τῶν
2607 5573 2838 5647 πτωχῶν
2883 5574 3050 5640 ἰδίως.
3081 5570 3192 5629 Ἦν
3226 5573 3280 5628 δὲ
3309 5571 3472 5637 αὐτὸς
3507 5568 3698 5660 διεζωτ

518 5699 631 5773 (54)
671 5703 803 5758 Cod.
839 5705 901 5771 2,
957 5704 1369 5776 βασταζομένην
1416 5703 1507 5758 καὶ
1560 5705 1856 5778 αἰρομένην
1907 5707 2009 5761 ὑπὸ
2049 5709 2330 5782 τεσσάρων
2363 5727 2378 5742 '
2422 5712 2516 5766 xxi
2562 5710 2786 5782 ἔθηκαν.
