4054 6204
437 270 550 338 νει
1446 283 1508 344 S.
1547 281 1927 346 GR'EGORII
1975 282 2490 347 AGRIGENTINI
2537 279 2735 348 VITA.

3607 290 3716 359 (352

452 400 708 488 Cnmille
737 402 1021 458 advenerit
1052 419 1117 460 ac
1135 406 1200 460 de
1227 415 1276 461 te
1294 404 1565 478 judicium
1596 414 1792 484 egerit,
1825 415 1940 486 ipse
1965 416 2009 470 dt

2133 415 2228 479 τοῦ
2271 417 2663 472 ἁποστολικοῦ·
2721 419 2916 474 τούτου
2961 421 3258 492 ἐρχομένου
3311 425 3604 494 ἀνακρῖναι
3641 434 3712 487 τὰ

450 503 504 548 te
533 501 760 557 statuet,
784 495 928 564 quod
943 496 1126 556 .volct.
1151 497 1400 570 Namque
1425 505 1714 573 epistolam
1741 523 1934 564 revera
1955 523 2009 564 at

2129 504 2271 563 κατᾶ
2301 509 2383 576 σέ,
2426 513 2557 582 ποιῇ
2585 513 2667 575 είς
2695 513 2776 578 σέ,
2809 512 2886 576 ώς
2913 511 3184 583 βούλεται.
3213 509 3399 570 Ἦσαν
3427 519 3538 590 γὰρ
3569 523 3712 576 ἀπο.

445 600 572 640 eum
619 587 978 655 scripserant,
1029 605 1140 658 qua
1188 595 1368 661 ipsum
1421 595 1620 654 adesse
1650 599 2022 668 postulabant.

445 675 578 730 Erat
629 677 775 732 enim
831 679 976 748 apud
1029 681 1491 753 Philosopliianos
1545 688 1889 759 navigiorum
1939 690 2024 744 in-

443 771 833 825 struendorum
879 788 1048 828 causa
1073 813 1090 838 ,
1134 791 1258 844 qua:
1287 774 1520 832 Romam
1562 781 1818 850 navigare
1857 782 2022 838 debe-

441 860 599 917 bant.
650 859 724 916 Ut
759 863 1118 936 Agrigentum
1170 867 1380 938 legatus
1418 871 1606 937 venit,
1651 873 1918 942 postridie
1967 877 2022 928 in

442 954 646 1019 forum,
681 959 828 1024 quod
860 957 915 1010 in
953 956 1132 1013 media
1178 960 1315 1016 urbe
1365 971 1471 1026 est,
1507 965 1802 1020 convenire
1829 979 2023 1022 omnes

439 1047 636 1117 jussit;
667 1063 905 1118 cumque
939 1051 1307 1114 consedisset,
1335 1055 1641 1118 mandavit,
1678 1065 1741 1111 ut
1767 1055 1956 1128 justus
1991 1073 2024 1114 ο

441 1139 692 1195 custodia
733 1139 1142 1196 adduceretur:
1171 1156 1334 1223 quem
1380 1130 1560 1200 omnis
1594 1145 1889 1201 multitudo
1928 1163 2022 1203 us-

439 1245 547 1300 que
575 1234 643 1286 ad
682 1231 847 1302 legati
877 1231 1116 1287 tribunal
1145 1243 1332 1290 secuta
1367 1247 1474 1292 est.
1502 1237 1802 1294 Admonuit
1833 1248 2018 1295 autem

438 1321 692 1376 tribunos
737 1332 794 1377 et
825 1322 1098 1392 primores
1141 1325 1294 1381 urbis
1317 1365 1332 1391 ,
1373 1335 1434 1382 ut
1465 1327 1741 1394 sederent,
1775 1339 1942 1400 atque
1988 1345 2021 1386 e

437 1411 572 1466 sella
597 1413 814 1482 justum
843 1413 1249 1485 interrogarent
1280 1435 1294 1472 :
1325 1419 1418 1487 qui
1451 1419 1644 1475 sedere
1667 1429 2016 1486 recusarunt,

435 1511 492 1558 et
513 1505 619 1559 hoc
640 1503 718 1558 illi
746 1519 1077 1574 responsum
1101 1506 1336 1562 dedere:
1358 1505 1471 1564 Nos
1491 1517 1584 1563 tua
1608 1510 1830 1580 quidem
1852 1524 2018 1566 causa

435 1608 619 1665 neque
657 1603 874 1650 stamus
899 1611 1078 1665 neque
1117 1597 1399 1661 sedemus,
1429 1613 1620 1654 verum
1646 1601 1774 1671 quia
1811 1601 1904 1656 hic
1934 1602 2018 1656 vi-

435 1685 632 1740 demus
665 1694 946 1756 pastorem
975 1695 1226 1742 nostrum
1257 1697 1310 1742 et
1341 1698 1550 1759 patrem
1577 1699 1635 1746 et
1671 1691 2014 1761 magistrum,

2129 599 2439 663 στείλαντες
2463 601 2601 671 πρὸς
2636 601 2800 656 αὐτὸν
2833 604 3138 676 γράμματα
3175 605 3272 661 τοῦ
3300 613 3711 680 παραγενέσθαι

2125 689 2311 744 αὐτόν.
2337 687 2446 744 Ἶιν
2473 691 2584 762 γὰρ
2611 693 2669 748 ἐν
2695 695 2810 758 τοῖς
2853 694 3082 764 μέρεσιν
3111 695 3521 768 Φιλοσοφιανῶν
3560 704 3708 758 ἐτοι-

2127 778 2438 848 μαζόμενος
2464 779 2564 848 τὴν
2589 779 2780 850 χρείαν
2796 780 2906 834 τῶν
2929 780 3135 836 πλοίων
3155 797 3172 814 ο
3191 778 3343 854 ἦσαν
3364 784 3476 856 γὰρ
3497 787 3710 858 ἕτοιμοι

2122 861 2218 914 τοῦ
2258 862 2605 917 ἀποπλεῦσαι
2643 867 2703 920 ἐν
2731 869 2796 937 τῇ
2836 865 3046 942 Ῥώμῃ.
3078 865 3216 923 Εἶτα
3248 877 3710 945 παραγενομένου

2123 952 2220 1006 τοῦ
2268 952 2500 1026 ἐξάρχου
2552 956 2612 1008 ἐν
2640 958 2706 1027 τῇ
2751 959 3192 1030 Ἀκραγαντίνων
3237 961 3430 1028 πόλει,
3480 965 3574 1019 ἐπὶ
3605 967 3709 1037 τὴν

2123 1044 2318 1114 αῦριον
2347 1046 2636 1102 ἐκέλευσεν
2661 1049 3120 1121 συναθροισθῆναι
3145 1051 3354 1118 πάντας
3371 1056 3431 1109 ἐν
3447 1056 3527 1127 τῷ
3553 1058 3712 1129 φόρῳ

2125 1133 2292 1205 μέσον
2323 1137 2425 1206 τῆς
2456 1137 2666 1202 πόλεως
2686 1154 2702 1170 ο
2735 1139 2832 1194 καὶ
2875 1140 3140 1210 καθίσας,
3190 1144 3481 1200 ἐκέλευσεν
3505 1149 3599 1202 τὸν
3625 1150 3708 1202 δίο

2121 1243 2277 1280 καιον
2319 1228 2554 1298 ἀχθῆναι
2584 1232 2648 1286 ἐκ
2682 1232 2780 1302 τῆς
2818 1231 3100 1305 φυλακῆς·
3135 1235 3421 1305 ἠκολούθει
3458 1238 3515 1293 δέ
3549 1241 3708 1312 αὐτῷ

2121 1316 2268 1370 ἅπαν
2309 1315 2370 1368 τὸ
2414 1317 2621 1388 πλῆθος
2657 1319 2759 1388 τῆς
2798 1320 3008 1382 πόλεως
3033 1321 3280 1388 ἐλθόντες
3309 1325 3438 1379 ἔνθα
3469 1322 3538 1399 ἦν
3564 1329 3706 1383 καθ·

2120 1404 2154 1476 η
2163 1421 2321 1474 μενος
2343 1406 2371 1458 ό
2394 1406 2641 1478 ἔξαρχος.
2687 1409 3024 1481 Ἐπέτρεψεν
3047 1411 3103 1465 δὲ
3129 1415 3242 1478 τοῖς
3273 1416 3577 1487 τριϐούνοις
3601 1418 3707 1475 καὶ

2117 1499 2230 1561 τοῖς
2277 1497 2520 1570 πρώτοις
2568 1499 2668 1572 τῆς
2717 1501 2926 1566 πόλεως
2957 1505 3328 1575 καθεσθῆναι,
3389 1510 3481 1564 καὶ
3521 1509 3704 1576 οὕτως

2119 1587 2486 1659 ἀνακριθῆναι
2527 1589 2622 1644 τὸν
2655 1590 2886 1647 δίκαιον.
2916 1595 2980 1648 Oi
3023 1594 3080 1648 δέ
3121 1597 3223 1650 οὐκ
3253 1599 3544 1670 ἠνέσχοντο
3567 1603 3704 1656 καθ-

2118 1677 2382 1749 εσθῆναι,
2419 1679 2538 1735 ἀλλ’
2579 1681 2950 1752 ἀπεκρίναντο
2986 1685 3134 1756 αὐτῷ
3165 1687 3448 1756 λέγοντεςο
3504 1693 3704 1764 Ἦμεῑς

420 1790 532 1844 per
557 1751 720 1846 quem
770 1775 824 1830 in
857 1751 1076 1830 Domini
1099 1775 1230 1832 Jesu
1258 1751 1464 1833 Christi
1497 1780 1724 1836 nomine
1761 1751 1866 1836 bac
1893 1751 2009 1851 ipsa

2117 1767 2308 1822 ἕνεκεν
2346 1771 2442 1824 σοῦ
2487 1769 2614 1826 οὔτε
2659 1751 2936 1844 στήκομεν
2979 1751 3118 1831 οὔτε.
3151 1751 3531 1850 καθεζόμεθα,
3573 1751 3704 1838 ίὶλλζ

431 1868 490 1920 in
522 1867 658 1922 urbe
695 1875 774 1922 tot
801 1867 1044 1938 prodigia
1074 1878 1283 1936 patrata
1331 1879 1480 1925 sunt.
1517 1869 1760 1936 Quorum
1789 1871 2008 1939 quidem
2044 1894 2055 1909 ο

431 1957 606 2014 multa
652 1968 712 2014 tu
757 1959 875 2028 ipse
917 1959 1091 2014 oculis
1143 1960 1328 2016 vidisti
1379 1960 1513 2016 tuis.
1560 1961 1632 2016 At
1677 1959 1825 2016 dicat
1871 1977 2014 2018 uxor

432 2049 620 2105 Sabini
668 2050 854 2120 hujus,
890 2065 1053 2121 quem
1081 2051 1278 2107 ludam
1317 2053 1551 2107 alterum
1599 2053 1896 2109 lscarioten
1947 2069 2011 2110 ac

429 2140 766 2209 proditorem
813 2141 942 2210 jure
985 2141 1214 2196 dixeris.
1263 2139 1342 2196 Tu
1396 2157 1524 2196 vero
1565 2158 1690 2197 cum
1747 2143 2012 2200 diaconus

431 2233 512 2288 sis
541 2231 656 2304 (64)
689 2232 1001 2288 communis
1031 2231 1212 2288 Patris
1247 2232 1422 2288 nostri
1453 2233 1730 2302 pontificis
1763 2235 2008 2299 maximi,

433 2320 626 2396 [ιιι-ν]
659 2337 769 2378 non
797 2321 966 2376 debes
997 2321 1054 2376 in
1079 2307 1253 2376 causa.
1271 2321 1372 2376 viri
1403 2321 1719 2390 bujusmodi
1739 2322 2007 2393 judicare,

431 2423 614 2480 neque
644 2423 740 2478 par
777 2417 866 2464 est
912 2408 1032 2463 sine
1077 2405 1291 2480 synodo
1335 2408 1481 2463 hunc
1508 2418 1636 2463 ante
1680 2421 1732 2464 te
1761 2411 2007 2481 produci,

423 2499 722 2570 multoque
749 2497 936 2554 minus
959 2497 1026 2554 de
1049 2511 1118 2553 eo
1147 2497 1475 2552 sententi-um
1507 2495 1656 2552 ferri.

495 2783 639 2841 LIX.
679 2783 807 2840 Haec
834 2798 960 2839 cum
1002 2782 1072 2838 ab
1109 2781 1466 2838 arcltontibus
1501 2781 1746 2838 audisset
1775 2781 2007 2852 legatus,

432 2876 626 2931 timere
659 2873 850 2944 cmpit,
886 2886 954 2928 ne
992 2871 1046 2929 in
1083 2871 1262 2942 ipsum
1305 2871 1679 2942 insurgerent,
1721 2885 1787 2926 ac
1825 2864 2007 2926 morte

402 2952 726 3020 adicerent.
779 2962 967 3030 Quare
1017 2963 1210 3018 relicto
1258 2961 1402 3028 loco,
1445 2963 1537 3017 ubi
1586 2961 1834 3030 sedebat,
1883 2961 2006 3032 ipso

400 3069 653 3124 quoque
695 3055 872 3120 stetit,
919 3062 975 3109 et
1016 3051 1300 3121 sacrilegis
1344 3051 1661 3108 hominibus
1709 3050 1914 3108 Sabino
1953 3059 2010 3108 et

407 3144 791 3200 -Creseentino
837 3143 1168 3214 appellatis:
1200 3140 1516 3207 Producite,
1567 3141 1770 3212 inquit,
1803 3141 1860 3197 in
1903 3157 2012 3198 mo-

311 3218 318 3228 ’
429 3235 585 3290 dium
623 3234 884 3304 puellam,
918 3249 1159 3304 quacum
1203 3232 1524 3302 episcopum
1562 3240 1806 3288 vestrum
1835 3231 2012 3291 fuisse

429 3325 738 3382 atiirmatis.
790 3323 982 3380 Virum
1031 3325 1178 3380 enim
1215 3325 1364 3381 hunc
1415 3333 1472 3380 et
1512 3323 1663 3394 pium
1712 3333 1769 3380 et
1808 3327 2008 3381 bonum

429 3433 556 3475 esse
581 3433 686 3474 nos
715 3418 972 3473 novimus
1001 3433 1016 3471 :
1049 3424 1312 3472 caeterum
1343 3415 1476 3486 quid
1497 3415 1566 3470 de
1589 3415 1712 3486 ejus
1741 3431 1913 3472 causa
1939 3418 2009 3472 ad

431 3510 719 3566 dominum
769 3517 1020 3564 nostrum
1070 3507 1391 3578 pontiﬁcem
1446 3508 1750 3564 maximum
1807 3507 2010 3564 referre

431 3601 753 3662 debeamus.
773 3600 908 3656 hinc
918 3614 1345 3671 cognoscemus.
1371 3599 1643 3655 Producta
1671 3614 1802 3654 vero
1828 3600 2007 3670 puella

429 3701 516 3749 est
545 3703 710 3762 :‘quae
766 3699 1009 3746 tremens
1066 3690 1120 3744 in
1174 3691 1421 3745 omnium
1481 3700 1774 3760 conspectu
1832 3692 2003 3747 stetit.

429 3784 608 3853 Atque
653 3783 798 3838 banc
845 3781 1060 3852 legatus
1113 3780 1462 3851 interrogans
1505 3799 1518 3834 :
1578 3776 1874 3845 Verumne,
1923 3783 2011 3836 in-

429 3879 570 3946 quit,
611 3884 718 3940 est,
764 3873 912 3944 quod
949 3887 980 3927 a
1017 3880 1071 3928 te
1116 3871 1341 3937 dicitur,
1381 3871 1702 3941 episcopum
1740 3871 1888 3928 hunc
1927 3882 2007 3928 te-

429 3983 558 4023 cum
592 3964 1002 4023 eoncubuisse!
1031 3963 1134 4021 Cui
1173 3963 1266 4018 illa
1299 3963 1378 4018 ait
1405 3979 1420 4018 :
1452 3961 1568 4029 Nae,
1599 3962 1841 4030 domine,
1886 3981 2003 4020 mc-

427 4074 558 4114 cum
589 4057 713 4112 fuit.
745 4055 922 4128 thue
953 4057 1072 4112 haec
1099 4054 1401 4126 respondit,
1427 4063 1743 4124 portentum
1769 4055 1917 4109 illico
1949 4056 2002 4110 in

429 4165 493 4202 ea
536 4161 796 4218 magnum
840 4144 1050 4201 exstitit
1081 4160 1096 4197 :
1127 4143 1330 4212 quippe
1365 4142 1636 4196 acerrimo
1681 4157 1712 4197 a
1759 4142 2006 4198 daemone

427 4249 702 4310 correpta,
729 4236 972 4308 provolvi
999 4249 1186 4290 coram
1209 4232 1468 4288 omnibus
1493 4232 1660 4301 erepit
1687 4247 1752 4286 ac
1778 4247 2003 4303 spumas

427 4333 487 4388 in
520 4345 623 4386 ore
655 4342 820 4400 agere
852 4326 920 4382 ad
963 4325 1129 4395 pedes
1163 4323 1306 4378 beati
1337 4321 1465 4376 viri.
1499 4319 1638 4376 Tum
1669 4336 1801 4376 vero
1832 4337 2000 4392 expa-

2117 1859 2354 1929 όρῶντες
2385 1861 2476 1915 τὸν
2501 1863 2740 1934 ποιμένα
2775 1864 2951 1936 ⁴ἡμῶν,
2981 1869 3196 1938 πατέρα
3226 1871 3318 1924 καὶ
3347 1871 3704 1938 διδάσκαλον.

2119 1948 2216 2004 καὶ
2247 1953 2447 2022 σημεῖα
2473 1952 2643 2008 πολλὰ
2667 1953 2922 2020 δείξαντα
2961 1957 3054 2012 διὰ
3073 1959 3170 2014 τοῦ
3193 1961 3459 2030 ὀνόματος
3482 1965 3706 2036 Κυρίου

2127 2040 2304 2112 Ἰησοῦ
2349 2043 2588 2113 Χριστοῦ
2622 2045 2681 2100 ἐν
2706 2049 2772 2118 τῇ
2819 2047 2971 2101 πόλει
3002 2049 3209 2123 ταύτῃ(
3241 2054 3354 2107 Καὶ
3383 2055 3548 2120 αὐτὸς
3582 2057 3706 2112 τῶν

2116 2133 2330 2188 πολλῶν
2360 2135 2636 2206 αὐτόπτης
2663 2137 2918 2206 γέγονας.
2952 2141 3110 2196 Εἴποι
3137 2145 3170 2213 ἡ
3203 2145 3341 2218 γυνὴ
3375 2145 3566 2201 τούτου
3598 2147 3706 2202 τοῦ

2115 2223 2342 2278 Σαϐίνου
2395 2225 2488 2279 καὶ
2535 2227 2790 2300 δευτέρου
2841 2227 3012 2284 Ἰούδα
3054 2231 3150 2286 τοῦ
3197 2234 3551 2306 Ἰσκαριώτου
3595 2240 3706 2294 καὶ

2117 2316 2404 2386 προδότου.
2435 2318 2506 2372 Σὺ
2535 2317 2594 2372 δέ
2621 2318 2787 2383 αὐτὸς
2813 2319 3064 2384 διάκονος
3093 2321 3173 2376 ὣν
3199 2323 3296 2377 ⁴ιςοῦ
3325 2327 3508 2380 κοινοῦ
3532 2328 3703 2398 ἡμῶν

2116 2410 2324 2481 πατρὸς
2368 2411 2462 2465 τοῦ
2510 2413 2698 2478 πάπα,
2742 2415 2866 2468 οὐδέ
2915 2419 3124 2486 πρέπον
3183 2420 3334 2474 ἐστίν
3386 2437 3472 2474 σοι
3519 2422 3708 2493 ἄνδρα.

2113 2501 2358 2556 τοιοῦτον
2389 2504 2703 2575 ἀνακρῖναι,
2736 2505 2860 2559 οὺδέ
2893 2507 3062 2562 πάλιν
3088 2504 3346 2580 ἁρμόδιόν
3378 2513 3526 2564 ἐστιν
3545 2513 3700 2582 ’ἄνευ

2051 2611 2054 2616 ·
2118 2595 2336 2650 συνόδου
2367 2594 2557 2650 τοῦτον
2589 2595 2903 2668 ἔμπροσθέν
2937 2616 3034 2654 σου
3064 2601 3456 2670 παρίστασθαι,
3488 2605 3700 2674 μᾶλλον

2113 2685 2174 2740 δέ
2207 2685 2302 2740 καὶ
2328 2685 2740 2758 ἁνακρίνεσθαι.

2183 2777 2316 2833 ΝΘι.
2354 2777 2541 2832 Ταῦτα
2567 2777 2812 2842 ἀκούσας
2841 2780 2994 2850 παρὰ
3027 2780 3138 2836 τῶν
3163 2780 3447 2854 ἀρχόντων
3472 2785 3503 2838 ό
3528 2785 3705 2858 {Eap-

2115 2883 2210 2937 χος
2252 2865 2494 2939 ἐφοϐήθη
2515 2909 2531 2935 ,
2581 2869 2656 2940 μή
2713 2887 2832 2932 πως
2863 2870 3240 2926 ἐπαναστῶσιν
3265 2873 3355 2927 ἐπ’
3381 2874 3562 2941 αὐτὸν,
3594 2864 3725 2930 καῖ

2113 2958 2514 3014 ἀποκτείνωσιν
2535 2960 2718 3014 αὐτόν.
2747 2961 2858 3016 Καὶ
2891 2962 3130 3027 ἀναστὰς
3157 2963 3272 3018 ἀπὸ
3294 2963 3389 3018 τοῦ
3416 2967 3610 3032 τόπου,
3628 2964 3702 3024 οὗ

2114 3048 2428 3115 ἐκαθέζετο,
2456 3049 2591 3120 ἔστη
2624 3053 2719 3107 καὶ
2747 3052 2932 3116 αὐτὸς,
2968 3053 3065 3107 καὶ
3101 3054 3624 3128 προσκαλεσάμενος
3660 3061 3698 3113 6

2113 3139 2348 3212 ἔξαρχος
2389 3141 2518 3206 τοὺς
2557 3142 2810 3212 ἁνιέρους
2851 3143 3080 3198 Σαϐῖνον
3119 3144 3215 3198 καὶ
3259 3145 3692 3215 Κρησκεντῐνον,

2111 3227 2262 3298 λέγει
2287 3216 2503 3296 αὗτοῖς·
2547 3233 2808 3302 Ἀγάγετε
2836 3235 2917 3298 είς
2941 3233 3108 3306 μέσον
3145 3235 3244 3306 τὴν
3283 3237 3475 3308 κόρην,
3505 3240 3572 3309 ἢν
3603 3239 3700 3293 λι-

2110 3337 2256 3390 γετε,
2301 3322 2386 3376 δτι
2436 3323 2654 3390 ἐγένετο
2693 3325 2722 3377 ό
2764 3325 3060 3390 ἐπίσκοπος
3100 3326 3276 3395 ὑμῶν.
3325 3328 3520 3399 Ἦμεῐς
3569 3329 3700 3402 γὰρ

2109 3411 2456 3484 γινώσκομεν
2480 3413 2656 3486 ἄνδρα
2683 3415 2886 3486 εὐλαϐῆ
2911 3416 3076 3471 αὐτὸν
3097 3411 3239 3472 εἶναι
3265 3419 3361 3473 καὶ
3392 3421 3696 3492 χρήσιμον·

2111 3501 2198 3556 ἵνα
2230 3503 2288 3556 δέ
2313 3503 2498 3558 λοιπὸν
2528 3503 2723 3573 γνώσω
2753 3505 2815 3559 τὸ
2835 3505 2954 3570 πῶς
2977 3507 3252 3575 ἁναγάγω
3270 3507 3354 3578 τῷ
3382 3509 3561 3581 κυρίῳ
3585 3527 3697 3579 μου

2107 3592 2186 3664 τῷ
2227 3594 2385 3664 πάπᾳ
2418 3593 2488 3648 τὰ
2513 3583 2656 3649 κατὰ
2685 3593 2994 3665 ἄνθρωπον.
3028 3596 3280 3664 Ἦγαγον
3317 3597 3375 3651 δέ
3406 3600 3486 3662 είς
3523 3599 3696 3668 μέσον

2107 3685 2207 3754 τὴν
2256 3685 2459 3754 κόρηνο
2493 3685 2544 3756 η’
2577 3684 2636 3737 δὲ
2679 3683 2812 3755 ἐστη
2858 3685 3140 3758 τρέμουσα
3173 3686 3404 3741 ἐνώπιον
3443 3689 3692 3744 πάντων.

2107 3771 2242 3829 Εἶτα
2284 3774 2432 3842 λέγει
2459 3776 2598 3847 αὐτῇ
2636 3777 2666 3830 ό
2711 3775 2968 3847 ἔξαρχος·
3014 3776 3239 3848 ’Δληθές
3271 3780 3420 3832 ἐστιν
3449 3778 3511 3832 τὸ
3535 3781 3700 3852 παρὰ

2109 3865 2202 3918 σοῦ
2235 3865 2546 3936 λεγόμενον,
2592 3867 2674 3920 ὅτι
2701 3867 2970 3940 ἐκοιμήθη
3007 3869 3144 3938 μετὰ
3177 3868 3274 3922 σοῦ
3315 3870 3347 3922 ὁ
3379 3869 3694 3936 ἐπίσκοπος

2105 3954 2299 4024 οὖτοςς
2341 3960 2409 4012 Ἦ
2459 3959 2516 4013 δέ
2561 3956 2750 4012 εἶπενο
2782 3959 2892 4014 Ναὶ
2917 3999 2933 4024 ,
2967 3959 3246 4029 δέσποτα,
3296 3962 3515 4031 ἐγένετο
3563 3963 3692 4032 μετ’

2105 4050 2260 4122 ἐμοῦ.
2299 4051 2388 4104 Ἐν
2427 4049 2484 4104 δέ
2520 4051 2600 4122 τῷ
2630 4051 3006 4123 ἀποκριθῆναι
3038 4051 3209 4124 αὐτὴν
3237 4051 3436 4120 ταῦτα,
3482 4055 3690 4124 αἴφνης

2105 4141 2324 4210 ἐγένετο
2345 4142 2424 4205 εἰς
2437 4141 2606 4211 αὐτὴν
2631 4141 2818 4212 θαῦμα
2843 4142 2990 4212 μέγα
3007 4159 3024 4173 ο
3051 4143 3344 4214 ἐκυριεύθη
3369 4144 3476 4198 ὑπὸ
3499 4144 3691 4215 δαίμο-

2104 4248 2193 4294 νος
2215 4230 2480 4302 χαλεποῦ,
2511 4231 2608 4285 καὶ
2629 4233 2832 4304 ᾕρξατο
2867 4233 3103 4288 ἐνώπιον
3143 4234 3365 4287 πάντων
3398 4233 3689 4289 κυλίεσθαι

2105 4325 2202 4378 καὶ
2231 4323 2486 4395 ἀφ’ρίζειν
2518 4323 2624 4377 ὑπὸ
2649 4323 2777 4389 τοὺς
2804 4324 2969 4388 πόδας
2996 4322 3092 4378 τοῦ
3118 4325 3413 4396 μακαρίου.
3450 4323 3692 4378 Ἔλαϐεν

427 4434 652 4478 vescere
685 4431 879 4474 omnes
917 4425 1082 4484 atque
1128 4413 1388 4485 clamare,
1420 4410 1608 4466 Fidem
1653 4411 1794 4467 habe
1827 4413 2005 4476 nobis,

2115 4415 2170 4468 δὲ
2214 4415 2382 4485 φόϐος
2413 4413 2625 4478 πάντας
2643 4455 2658 4480 ,
2713 4416 2808 4470 καὶ
2832 4414 3066 4487 ἔκραζον
3094 4415 3346 4486 λέγοντες
3366 4433 3380 4446 ³
3417 4416 3688 4487 Πείθομέν

426 4513 672 4579 domine,
699 4509 901 4566 falsum
952 4506 1043 4564 isti
1089 4505 1297 4562 crimen
1332 4503 1626 4573 objiciunt.
1673 4501 1876 4558 Contra
1910 4518 2003 4558 sa-

425 4605 615 4676 crilegi
669 4599 1016 4673 impudenter
1067 4595 1342 4653 adversati
1388 4593 1630 4660 aiebant,
1659 4591 1861 4648 Nonne
1904 4609 2002 4650 nos

425 4696 702 4758 dixitnus,
721 4705 940 4762 magum
982 4689 1132 4743 hunc
1159 4699 1283 4740 esse
1313 4697 1378 4738 ac
1405 4679 1740 4736 veneﬁcum?
1765 4677 1844 4734 Ne
1871 4693 2001 4734 vero

426 4786 642 4856 iongior
669 4784 797 4846 sim,
827 4785 1022 4836 beatus
1047 4775 1349 4846 Gregorius
1377 4773 1459 4829 sic
1487 4772 1724 4841 legatum
1759 4770 1958 4826 all'atnr
1983 4790 1998 4825 :

425 4875 509 4931 Tu
537 4875 722 4936 homo,
769 4871 816 4927 si
847 4872 950 4936 vis,
997 4881 1222 4924 causam
1255 4865 1322 4920 ad
1361 4861 1673 4935 pontiﬁcem
1707 4861 2000 4916 maximum

425 4965 602 5030 defer,
647 4945 732 5018 et,
752 4947 990 5017 vinculis
1036 4957 1320 5014 astrictum
1387 4953 1594 5009 domini
1643 4952 1724 5008 tui
1770 4951 2004 5008 navibus

497 5120 612 5194 (οι)
653 5117 956 5194 Diaconum
1010 5111 1540 5194 tribuni‘appellant
1590 5109 1995 5194 Iegatum‘tqui

429 5181 643 5248 tantum
676 5188 1090 5260 bypodiaconus
1108 5191 1272 5260 ‘erat,
1293 5181 1550 5250 γενικῶς,
1585 5181 1802 5260 opinor_,
1833 5187 1998 5260 atque

427 5274 486 5319 nt
517 5262 658 5318 intra
683 5252 1067 5330 episcOporum
1101 5252 1360 5330 Ordinem
1390 5267 1450 5307 se
1481 5265 1602 5330 esse
1631 5252 1993 5330 meminisset.

425 5317 652 5390 Factum
677 5317 1194 5401 deinde'diaconnm
1242 5323 1447 5401 scimus
1466 5321 1556 5401 ab
1586 5319 1706 5401 ipso
1733 5317 1998 5401 Gregorio

426 5404 645 5474 Magno,
677 5400 777 5474 qui
813 5398 881 5454 de
925 5413 991 5474 eo
1041 5393 1380 5474 sic‘scr'i‘psit
1415 5391 1482 5474 ad
1515 5391 2001 5474 Cyprianumdia-

425 5463 770 5540 confunﬂli'b.
790 5484 846 5533 v,
873 5467 1039 5542 epist.
1067 5464 1159 5533 54)
1191 5483 1204 5518 :
1233 5463 1528 5542 Benenate“
1557 5464 1798 5542 fratcre:
1825 5463 2001 5542 coepi:

426 5559 612 5612 scopas
641 5529 843 5614 nostri
860 5529 1490 5614 Eiseronentmquemdam
1524 5529 1872 5614 monachum,
1894 5529 2000 5614 ,ιιιιὶ

425 5598 527 5681 ιιι-ὀ
567 5612 679 5681 agis
721 5607 1018 5666 messibus
1051 5621 1084 5658 ο
1131 5598 1477 5681 dilectissimo
1511 5601 1626 5681 ﬁlio
1665 5609 1843 5653 nostra
1871 5598 1998 5681 dut—

429 5670 558 5736 ἓυιιο
584 5679 768 5748 Petro,
800 5689 924 5732 tunc
955 5685 1129 5730 autent
1162 5671 1486 5727 subdiacono
1517 5680 1565 5726 et
1602 5681 1799 5726 rectore
1823 5670 2000 5741 patri-

2111 4521 2171 4558 σε
2192 4544 2207 4568 ,
2239 4504 2497 4571 δέσποτα,
2546 4504 2632 4557 ὃτι
2658 4503 2830 4574 ψευδῆ
2862 4504 3032 4561 αὐτοῦ
3059 4501 3484 4576 κατηγοροῦσιν.
3523 4506 3587 4560 οι
3624 4505 3686 4558 δὲ

2107 4595 2316 4666 ἁνίεροι
2344 4593 2828 4664 ἀναισχυντοῦντες
2853 4593 3071 4662 ελεγονο
3103 4596 3218 4648 Οὐκ
3247 4594 3476 4665 εἴπομεν
3498 4597 3683 4665 ἡμεῖς.

2109 4685 2194 4738 ὅτι
2217 4685 2390 4755 μάγος
2416 4685 2565 4737 ἐστὶν
2593 4683 2690 4737 καὶ
2723 4684 3048 4754 φαρμακός;
3082 4686 3192 4739 Καὶ
3217 4686 3428 4751 ἁπλῶς,
3467 4687 3553 4740 ἵνα
3591 4686 3688 4738 τὸν

2106 4774 2265 4843 λόγον
2298 4773 2564 4845 σύντομον
2616 4775 2778 4840 sim,
2816 4775 2966 4844 λέγει
3007 4777 3042 4829 δ
3079 4777 3355 4848 μακάριος
3379 4777 3688 4848 Γρηγόριος

2111 4866 2250 4936 πρὸς
2269 4865 2364 4920 τὸν
2386 4865 2618 4936 ἔξαρχον
2636 4880 2652 4895 ⁸
2682 4865 2994 4937 ιἌνθρωπε,
3025 4869 3116 4933 σὺ,
3143 4869 3194 4921 εί
3221 4867 3406 4941 βούλῃ,
3439 4867 3688 4936 ἀνάγαγε

2109 4956 2177 5010 τὰ
2207 4957 2326 5009 κατ’
2356 4956 2457 5027 ἐμέ
2484 4955 2563 5026 τῷ
2592 4955 2782 5028 πάπᾳ,
2824 4957 2922 5011 καὶ
2955 4958 3231 5029 δεσμὴσας
3263 4958 3583 5012 ἀπόστειλόν
3613 4975 3684 5030 με

2105 5115 2270 5169 monii
2303 5117 2607 5181 nostri,etc.
2642 5115 2823 5184 Atque
2845 5114 2937 5170 hic
2967 5129 3109 5171 luem
3140 5123 3246 5181 est,
3279 5131 3520 5184 quocum
3544 5117 3684 5173 Gm-

2141 5185 2296 5256 orius
2330 5185 2404 5256 Ain
2450 5184 2692 5256 Dialogis
2733 5185 2998 5254 loquitur.
3040 5184 3130 5239 ubi
3175 5186 3340 5256 etiam
3383 5186 3474 5256 ille
3524 5201 3584 5240 se
3628 5187 3682 5241 in

2151 5252 2495 5326 iciliajuisse
2537 5252 2946 5326 testatur—(lib.
2989 5270 3064 5321 tv,
3097 5270 3154 5326 Ac.
3203 5254 3322 5326 57).
3365 5255 3684 5325 Appellatur

2107 5324 2248 5379 infra
2301 5323 2538 5407 Tiberius
2585 5323 2804 5407 (n.__66)
2836 5323 2851 5378 ἒ
2879 5324 3181 5407 quodejus
3224 5323 3536 5407 pramoinen
3583 5335 3684 5407 aut

2105 5409 2407 5466 cognomen
2440 5395 2616 5452 fuisse
2653 5395 2918 5461 dicerem,
2942 5395 3054 5452 nisi
3091 5395 3465 5451 tmn'unicam
3491 5397 3686 5464 appel-

2105 5464 2368 5520 lationem
2399 5465 2454 5520 in
2485 5479 2585 5522 usu
2621 5465 2794 5521 fuisse
2815 5473 3116 5522 constaret.
3149 5463 3256 5521 Sed
3279 5465 3393 5531 jam
3421 5464 3687 5531 vidimus,

2148 5481 2368 5520 itionem
2399 5481 2454 5520 tn
2485 5481 2585 5522 usu
2621 5481 2794 5521 luisse
2815 5481 3116 5537 constaret.
3149 5481 3256 5521 aeu
3279 5481 3393 5547 jam
3421 5481 3687 5531 viunnus,

2148 5549 2270 5589 nam
2297 5550 2525 5616 .parum
2577 5535 2634 5592 in
2695 5537 2798 5592 bac
2857 5535 3087 5596 historia
3143 5535 3464 5593 nominibus
3514 5533 3687 5591 ﬁden-

2148 5619 2235 5660 um
2267 5615 2357 5660 διε.

2145 5621 2235 5660 um
2267 5621 2357 5660 Sll.

2125 5253 2140 5270 Ὅ
