4054 6204
314 324 418 389 653

1285 330 1349 390 S.
1389 329 1769 391 GREGORII
1812 325 2323 392 AGHIGENTINI
2373 330 2570 393 VlTA.
2639 337 2643 341 ’

3453 328 3562 392 6ἷᾶ

315 432 456 504 μετὰ
483 429 590 483 τῶν
622 431 960 486 δεσποτικῶν
997 431 1217 494 πλοίων,
1251 433 1361 497 ἵνα,
1396 433 1472 497 ὡς
1496 435 1688 502 καιρός
1715 437 1882 499 ἐστιν,

1993 436 2314 499 transmitte,
2331 445 2390 490 ιιι
2406 436 2535 490 dum
2559 446 2772 506 tempus
2785 436 3076 507 propitium
3091 445 3194 501 est,
3212 451 3278 490 eo
3292 439 3425 492 salvi
3449 456 3569 510 pcr-

311 521 706 592 ὁιασωθῶμεν·
758 525 1020 578 ἀδύνατον
1065 527 1172 596 γάρ
1207 527 1353 578 ἐστιν
1401 527 1534 597 ἡμῖν
1565 529 1756 596 στῆναι
1797 528 1886 580 ἒν-

309 617 506 682 ταῦθα,
525 617 632 682 ἕως
649 613 713 672 οὗ
742 619 801 670 τὸ
822 618 1268 689 χρεωστούμενον
1293 617 1374 681 εἰς
1401 619 1550 688 ἡμᾶς
1579 617 1885 688 πληρῶται.

321 709 384 763 ’11
413 709 473 762 δὲ
508 709 648 781 γυνὴ
679 709 777 762 τοῦ
825 710 1055 763 Σαϐίνου
1091 709 1206 780 ἅμα
1242 709 1344 779 τῆς
1372 711 1542 780 αὐτῆς
1590 709 1885 780 θυγατρίῳ,

311 800 406 853 καὶ
434 799 586 854 ἄλλοι
621 799 828 862 πολλοὶ,
857 802 953 854 καὶ
981 802 1010 853 ὁ
1041 801 1173 852 ποτὲ
1199 800 1396 862 ἄλαλος
1424 800 1518 852 καὶ
1546 800 1731 869 κωφὸς
1765 799 1887 852 ἔπι-

311 907 449 944 πτον
493 893 644 960 παρὰ
673 892 798 955 τοὺς
829 891 995 954 πόδας
1034 891 1129 945 τοῦ
1166 891 1441 962 μακαρίου
1473 893 1754 954 κλαίοντες
1794 891 1890 944 καὶ

310 983 601 1050 λέγοντες”
636 982 892 1052 Ἐλέησον
933 984 1104 1052 ἡμᾶς,
1145 981 1300 1035 δοῦλε
1343 983 1436 1036 τοῦ
1470 983 1628 1048 Θεοῦ,
1673 983 1768 1036 καὶ
1815 982 1888 1052 μὴ

316 1075 738 1144 μνησικακήσῃς
766 1075 846 1136 εἰς
874 1063 1049 1143 ἡμᾶς,
1089 1073 1225 1143 μηδὲ
1265 1075 1510 1145 μνησθῇς
1535 1073 1644 1127 τῶν
1679 1073 1885 1136 κακῶν,

310 1163 388 1226 ὡς
410 1162 657 1232 ἔπραξαν
688 1163 768 1224 εἰς
798 1162 858 1214 σὲ
894 1163 944 1214 οἱ
977 1163 1183 1234 ἀνίεροι
1211 1156 1380 1218 οῦτοι.
1413 1165 1724 1232 Στραφεῖσα
1759 1162 1817 1215 δὲ
1855 1163 1888 1232 ή

312 1255 452 1326 γυνὴ
482 1254 580 1306 τοῦ
607 1253 840 1306 Σαϐίνου
881 1253 1032 1321 λέγει
1066 1255 1214 1324 αὐτῷ
1236 1273 1249 1286 ·
1267 1256 1504 1308 Ἀπὸστα
1525 1258 1590 1308 ὲκ
1622 1255 1713 1308 ⁶τοῦ
1735 1257 1888 1308 οἴκου

315 1364 421 1416 μου
451 1345 560 1400 ἀπὸ
585 1347 684 1416 τῆς
705 1347 949 1416 σήμερον
977 1347 1214 1417 ἡμέρας,
1243 1347 1330 1399 ἵνα
1360 1347 1412 1399 τί
1449 1346 1762 1400 ἐϐουλεύσω
1795 1365 1890 1399 πο-

312 1438 480 1510 νηρὸν
524 1439 668 1492 κατὰ
696 1439 788 1490 τοῦ
823 1437 1035 1492 δικαίου
1067 1438 1280 1503 τούτου,
1335 1439 1428 1492 τοῦ
1468 1441 1764 1510 ίασαμένου
1801 1439 1892 1493 διὰ

317 1532 491 1602 μόνης
534 1530 846 1600 προσευχῆς
895 1529 1060 1583 αὑτοῦ
1102 1529 1334 1584 ἐνώπιον
1368 1531 1573 1595 παντὸς
1615 1531 1709 1584 τοῦ
1757 1531 1890 1584 λαοῦ

312 1621 504 1676 τούτου
533 1622 595 1674 τὸ
635 1621 924 1692 θυγάτριον
974 1622 1166 1691 ἡμῶν;
1211 1623 1448 1676 ’Λπόττα
1499 1624 1594 1677 ἀπ’
1639 1623 1808 1692 ἐμοῦ,
1855 1622 1888 1692 ἢ

315 1714 561 1784 ἐμαυτὴν
605 1712 1028 1784 διαχειρίζομαι.
1077 1715 1380 1768 Συνέπεσεν
1409 1715 1464 1768 δὲ
1500 1717 1527 1768 ὁ
1555 1717 1782 1780 Σαϐῖνος
1811 1714 1891 1784 τῷ

314 1804 596 1876 προσώπῳ
615 1845 629 1869 ,
665 1805 758 1857 καὶ
793 1804 1010 1874 ἔμεινεν
1037 1804 1115 1866 ὡς
1140 1804 1286 1868 λίθος
1315 1804 1548 1873 ἄφωνος.
1582 1803 1748 1859 Εἶπεν
1777 1806 1836 1860 δὲ
1861 1807 1890 1859 ὁ

315 1899 472 1964 ἅγιος
490 1897 789 1970 Γρηγόριος
804 1894 880 1966 τῷ
903 1896 1119 1966 sedgch
1138 1913 1152 1926 ·
1171 1891 1389 1966 Ἐπειδὴ
1410 1899 1593 1962 αὐτὸς,
1611 1897 1707 1952 ἄνθ
1717 1915 1887 1969 ρωπε,

317 1988 548 2058 μηδενός
572 2005 630 2039 σε
657 1989 1105 2058 καταστήσαντος
1132 1990 1327 2059 κριτὴν
1357 1989 1450 2042 καὶ
1481 1989 1744 2060 δικαστὴν
1768 1989 1890 2042 κατ’

314 2081 438 2150 ἐμὲ,
481 2078 774 2149 ἐπιτρέψαι
821 2078 1078 2131 ἀπελθεῖν
1135 2097 1200 2148 με
1251 2081 1308 2131 ἐν
1359 2083 1424 2150 τῇ
1480 2079 1736 2150 φυλακῇ,
1795 2083 1892 2135 καὶ

313 2170 720 2239 ἀσφαλισθῆναι
759 2187 826 2240 με
859 2171 917 2222 ἐν
947 2171 1025 2240 τῷ
1068 2171 1230 2242 ξύλῳ,
1277 2171 1382 2234 ἕως
1425 2167 1487 2223 οῦ
1522 2159 1791 2241 ciccum
1823 2173 1892 2225 τὰ

315 2263 446 2332 περὶ
487 2259 642 2330 ἐμοῦ,
695 2259 880 2322 καθὼς
917 2260 1135 2314 ἐποίουν
1177 2262 1226 2312 οἰ
1257 2261 1355 2313 ἀπ’
1395 2262 1570 2332 ἀρχῆς
1609 2263 1886 2331 τύραννοι.

315 2353 451 2406 Τότε
499 2353 648 2420 λέγει
695 2351 848 2422 αὐτῷ
907 2353 938 2404 ὁ
987 2352 1248 2424 ἔξαρχοςο
1301 2352 1416 2406 Οὐκ
1460 2353 1571 2422 ἐγὼ
1607 2354 1892 2424 ἐπιτρέπω

315 2442 718 2514 ἀσφαλισθῆναι
753 2459 842 2494 σε·
875 2441 992 2495 ἀλλ’
1023 2445 1070 2496 οἱ
1099 2443 1482 2510 διαϐάλλοντές
1516 2463 1598 2510 σε,
1635 2446 1790 2500 αὐτοὶ
1831 2463 1892 2499 σε

313 2534 733 2604 ἁσφαλίζονται.
774 2533 1060 2604 Ἐκίνησεν
1091 2534 1149 2588 δὲ
1178 2537 1206 2588 ὁ
1239 2536 1512 2606 μακάριος
1545 2537 1640 2605 ἀφ’
1669 2537 1888 2603 ἑαυτοῦ,

316 2625 414 2680 καὶ
439 2626 568 2680 ἄπιε
601 2628 658 2679 ὲν
683 2627 750 2696 τῇ
777 2625 994 2696 φυλακῇ
1011 2639 1026 2654 ·
1057 2626 1242 2678 πᾶσαν
1266 2625 1324 2679 δὲ
1362 2626 1461 2696 τὴν
1492 2627 1663 2680 νύκτα
1687 2627 1892 2692 ἄϋπνος

315 2718 543 2774 διετέλει
583 2719 612 2771 ὁ
651 2717 924 2788 μακάριος
954 2717 1070 2787 ἅμα
1117 2715 1213 2770 τοῦ
1241 2717 1622 2788 ἀρχιδιακόνου
1653 2719 1747 2772 καὶ⁸
1783 2719 1894 2772 τῶν

314 2809 522 2864 λοιπῶν
549 2807 818 2862 διακόνων
845 2807 1147 2879 Ἐράσμου,
1173 2809 1503 2880 Φιλαδέλφου
1537 2810 1634 2863 καὶ
1666 2797 1892 2864 Πλατῶ-

313 2901 466 2956 νικοῦ
512 2899 846 2970 ψάλλοντες,
897 2899 992 2954 καὶ
1033 2899 1424 2968 ἀναγινώσκων
1465 2901 1662 2966 αὐτὸς,
1711 2901 1892 2974 φὲρων

312 2999 441 3052 ἄνευ
475 2993 696 3066 βὲΰλουο
727 2991 832 3047 οὐκ
853 2991 1042 3046 εἴασαν
1071 2991 1180 3064 γὰρ
1217 2991 1381 3046 αὐτὸν
1425 2992 1656 3048 ἐκϐάλοι
1701 2995 1764 3048 ὲκ
1796 2991 1891 3047 τοῦ

313 3087 639 3142 ὲπισκοπίου
669 3085 840 3140 οὐδέν.

1989 527 2294 581 veniamus.
2327 525 2698 597 Neque.enim
2727 529 2840 582 lieri
2875 537 3072 598 potest,
3107 537 3166 582 ιιι
3193 529 3278 583 hic
3314 545 3416 585 nos
3444 541 3568 586 tan-

1990 618 2082 672 diu
2108 617 2488 684 immoremur,
2518 619 2648 674 dum
2675 621 2950 691 negotium
2978 621 3080 675 hoc
3109 630 3358 676 nostrum
3387 633 3568 678 trans-

1991 716 2172 760 actum
2205 711 2296 763 sit.
2332 709 2479 764 Uxor
2515 724 2645 763 vero
2697 709 2880 769 Sabini
2917 727 3040 765 cum
3071 711 3234 766 liliola
3265 729 3364 768 sua
3387 723 3439 769 et
3476 718 3569 770 alii

1997 799 2172 858 multi,
2207 798 2260 851 in
2294 799 2484 867 primis
2537 801 2644 862 ille,
2679 801 2772 870 qui
2822 810 3008 855 mutus
3039 799 3215 855 fuerat
3247 811 3300 856 et
3343 806 3566 866 surdus.

1992 891 2056 943 ad
2086 891 2228 945 beati
2267 891 2367 946 viri
2401 892 2565 961 pedes
2595 894 2949 962 procidebant
2979 893 3192 958 ﬂentes,
3220 911 3454 968 eumque
3491 901 3572 952 sic

1993 983 2417 1051 alloquebantur
2460 1001 2474 1038 :
2511 983 2766 1039 Misereat
2803 998 2855 1039 te
2899 985 3096 1049 nostri,
3132 985 3225 1040 Dei
3275 1003 3455 1048 serve.
3502 1004 3571 1041 ne

1992 1073 2093 1132 tibi
2121 1073 2339 1142 injurizc
2390 1083 2590 1129 nostra:
2619 1076 2806 1130 auium
2853 1076 3237 1144 obversentur,
3279 1095 3414 1134 neve
3451 1097 3572 1135 ma-

1993 1165 2170 1218 lorum
2199 1165 2541 1229 memineris,
2567 1183 2687 1236 qua:
2713 1167 2808 1221 tibi
2838 1168 3089 1238 sacrilegi
3123 1171 3210 1223 isti
3245 1171 3568 1228 intulerunt.

1993 1255 2116 1308 Mox
2150 1255 2416 1310 Sabinum
2450 1259 2646 1312 intuita
2680 1275 2856 1313 uxor:
2890 1258 3082 1324 Domo,
3111 1263 3306 1332 inquit,
3351 1281 3469 1320 mea
3500 1267 3572 1320 ab

1997 1347 2099 1401 huc
2132 1347 2220 1402 die
2247 1349 2484 1404 extorris
2513 1359 2632 1404 esto
2667 1369 2680 1405 :
2709 1350 2838 1420 quid
2861 1360 2913 1404 tu
2945 1354 3242 1420 pessimum
3275 1357 3412 1412 inire
3439 1373 3572 1410 con-

1993 1436 2176 1490 silium
2211 1454 2379 1493 ausus
2428 1454 2486 1493 cs
2529 1440 2792 1494 adversus
2840 1441 2984 1496 lmnc
3034 1442 3270 1510 justum,
3305 1445 3398 1514 qui
3429 1445 3573 1499 ﬁlio-

1997 1525 2104 1579 lam
2157 1537 2401 1582 nostram
2455 1529 2578 1582 unis
2635 1531 2890 1598 precibus
2935 1547 3118 1587 coram
3169 1536 3318 1587 omni
3373 1537 3572 1606 papula

2000 1619 2304 1673 valetudini
2349 1621 2626 1674 restituit?
2655 1620 2884 1678 Discede
2932 1640 2960 1677 a
3013 1639 3122 1689 me,
3153 1635 3247 1680 aut
3291 1642 3392 1697 ego
3433 1628 3570 1682 mihi

1995 1725 2194 1766 manus
2229 1712 2428 1766 infero.
2460 1711 2752 1768 EnimVero
2777 1715 3018 1771 Sabinus
3050 1719 3199 1772 vultu
3228 1719 3486 1784 concidit,
3518 1729 3572 1774 et

1995 1804 2112 1858 saxi
2143 1803 2322 1858 instar
2361 1805 2669 1870 obmutuit;
2702 1815 2756 1859 et
2781 1817 3006 1861 sanctus
3035 1807 3337 1880 Gregorius
3373 1813 3454 1865 sic
3491 1814 3570 1866 le-

1993 1881 2415 1965 gatum'aﬂ‘atur
2445 1913 2458 1949 :
2486 1895 2754 1962 Quoniam
2781 1907 2854 1962 te,
2881 1898 3068 1964 homo,
3101 1901 3361 1956 arbitrum
3385 1919 3570 1958 causa:

1994 1999 2126 2038 meae
2151 1983 2462 2054 jndicemt-e
2503 2001 2664 2038 nemo
2714 1987 3026 2053 constituit,
3053 1989 3184 2058 jube
3217 2006 3302 2044 me
3345 1991 3474 2064 hinc
3515 1994 3569 2048 in

1993 2076 2297 2128 custodiam
2358 2075 2572 2137 redire,
2633 2072 2848 2147 [ωιτη]
2898 2092 3177 2146 nervoque
3226 2081 3568 2152 constringi,

1991 2165 2167 2220 donec
2197 2167 2274 2220 dc'
2309 2181 2475 2222 causa
2521 2181 2824 2236 cognoscas
2855 2186 2868 2221 :
2901 2169 2994 2236 qui
3031 2171 3161 2222 olim
3208 2181 3569 2242 tyrannorum

1993 2272 2114 2314 mos
2159 2257 2260 2312 luit
2287 2259 2424 2330 (65).
2465 2259 2567 2314 Cui
2620 2261 2830 2328 legatus
2863 2279 2876 2313 τ
2909 2258 3024 2314 Νοη
3055 2276 3175 2329 ego,
3209 2263 3408 2332 inquit,
3441 2272 3570 2319 con-

1993 2346 2187 2413 stringi
2231 2355 2282 2401 te
2308 2347 2514 2416 jubeo;
2569 2351 2662 2404 sed
2695 2351 2789 2418 qui
2840 2358 2892 2404 te
2937 2350 3325 2421 criminantur,
3365 2355 3466 2424 ipsi
3518 2364 3569 2411 te

1993 2437 2410 2493 custodiendum
2453 2447 2668 2494 curant.
2701 2441 2784 2495 Ab
2821 2455 2888 2498 eo
2934 2442 3099 2506 igitur
3129 2445 3410 2513 digressus
3437 2447 3568 2502 bea-

1994 2537 2079 2581 tus
2108 2527 2194 2582 vir
2230 2529 2282 2583 in
2317 2545 2592 2586 carcerem
2637 2533 2794 2600 abiit,
2830 2541 2994 2603 atque
3035 2534 3110 2590 ibi
3141 2544 3308 2592 totam
3341 2547 3563 2595 noctem

1995 2619 2236 2675 traduxit
2291 2621 2563 2678 insomnis
2610 2639 2733 2678 cum
2788 2625 3176 2683 archidiacono
3225 2638 3280 2684 et
3335 2631 3565 2702 reliquis

1996 2709 2247 2774 diaconis
2286 2710 2537 2780 Erasmo,
2581 2713 2940 2786 Philadelpho
2991 2725 3046 2772 et
3087 2717 3392 2786 Platonico,
3446 2723 3570 2791 qui-

1995 2802 2225 2856 buscum
2255 2804 2497 2872 psalmos
2539 2805 2758 2870 cecinit,
2803 2816 2899 2861 aut
2948 2808 3202 2864 lectionis
3233 2809 3358 2866 loco
3396 2812 3567 2868 multa

1993 2895 2312 2950 memoriter
2342 2896 2722 2964 pronuntiavit
2754 2897 2877 2954 sine
2903 2899 3065 2956 libro.
3098 2899 3286 2972 Neque
3322 2903 3468 2958 enim
3499 2921 3568 2960 ex

1992 2985 2204 3043 aedibus
2237 2985 2418 3042 ell'erri
2457 2987 2528 3042 ab
2557 3003 2622 3044 eo
2652 2989 2954 3060 quidquam
2991 2991 3140 3062 passi
3169 3001 3318 3048 sunt.

365 3129 748 3228 vhie'tdvaé
762 3129 953 3229 *ταῦτα
983 3175 1374 3244 μετεστείλατο
1413 3177 1442 3229 ὁ
1487 3173 1642 3243 ἅγιος
1683 3176 1891 3246 Γρηγο-

2068 3132 2182 3217 LX.
2227 3161 2490 3233 Legatum
2523 3164 2721 3220 deinde
2771 3167 3059 3225 arcessivit
3104 3182 3326 3227 sanctus
3361 3171 3569 3240 Grego-

317 3281 432 3336 ριος
460 3263 550 3318 τὸν
583 3261 817 3333 ἔξαρχον
853 3264 912 3316 ὲν
940 3265 1005 3333 τῇ
1043 3262 1281 3333 φυλακῇ,
1306 3263 1402 3316 καὶ
1429 3261 1578 3330 λέγει
1605 3262 1756 3332 αὐτῷ
1775 3277 1789 3290 ’
1827 3263 1894 3316 Ὅ

317 3355 554 3426 βουλήσῃ
593 3355 674 3416 εἰς
701 3353 851 3422 ἡμᾶς
884 3353 1111 3423 ποιῆσαι
1133 3393 1149 3418 ,
1179 3352 1239 3406 ἐν
1271 3352 1428 3422 τάχει
1453 3352 1698 3424 ποίησον.
1743 3353 1802 3406 Ὀ
1838 3352 1896 3406 δι

315 3447 544 3518 ἑξαρχος
590 3443 740 3512 λέγει
787 3444 974 3515 αὐτῷ·
1013 3443 1156 3513 Ἐγὼ
1217 3443 1477 3516 βούλομαί
1524 3461 1584 3498 σε
1629 3444 1747 3515 ἅμα
1785 3444 1896 3498 τῶν

322 3538 430 3592 σῶν
471 3537 796 3608 κατηγόρων
838 3536 1159 3590 ἀποστεῖλαι
1192 3537 1250 3588 ἐν
1285 3534 1474 3607 Ῥώμῃ
1507 3535 1644 3605 πρὸς
1679 3534 1772 3589 τὸν
1800 3534 1897 3588 κύ-

326 3629 442 3699 ριόν
495 3645 594 3698 μου
644 3629 736 3682 τὸν
784 3628 972 3683 πάπαν
999 3667 1015 3691 ,
1061 3627 1156 3682 τὸν
1197 3627 1562 3681 ἁποστολικὺν
1629 3626 1896 3697 ἐπέχοντα

323 3718 534 3788 θρόνον.
573 3720 628 3772 Ὀ
671 3719 730 3772 δὲ
779 3719 916 3789 πρὸς
967 3718 1130 3772 αὐτὸν
1181 3718 1548 3789 απεκρίνατο·
1591 3715 1699 3771 Ναὶ
1739 3716 1896 3786 κάγὼ

315 3809 478 3866 τοῦτο
505 3811 644 3865 αἰτῶ
673 3811 923 3882 ποιῆσαι,
951 3809 1048 3864 καὶ
1080 3809 1400 3882 ἀποστεῖλαί
1431 3827 1497 3880 με
1527 3808 1681 3863 ἐνθεν
1710 3810 1768 3862 ὲν
1792 3809 1893 3862 τά-

317 3921 424 3975 χει.
479 3881 802 3974 Γενομένης
837 3901 895 3954 δὲ
943 3900 1188 3972 ἑσπέρας
1211 3881 1650 3972 ,’παρεκάλεσεν
1679 3903 1707 3954 ὁ
1740 3899 1897 3969 ἅγιος

314 3995 622 4066 Γρηγόριος
669 3993 762 4047 τὸν
805 3993 1056 4063 ἔξαρχον,
1106 3995 1164 4046 ὲν
1209 3993 1320 4062 ὅσῳ
1370 3993 1398 4044 ὁ
1439 3991 1566 4056 λαὸς
1611 3991 1895 4063 ἠρέμησεν

313 4087 518 4156 ὀλίγον,
549 4085 782 4140 ὲκὸἀλαι
829 4085 994 4138 αὑτὸν
1040 4084 1131 4138 διὰ
1169 4083 1271 4154 τῆς
1304 4083 1540 4151 πλαγίας
1584 4081 1762 4154 πύλης
1795 4084 1893 4153 τῆς

316 4177 630 4250 βλεπούσης
660 4177 754 4230 ἐπὶ
783 4177 882 4246 τὴν
913 4175 1207 4241 θάλασσαν,
1243 4175 1339 4228 καὶ
1367 4173 1700 4244 παραδοῦναι
1729 4172 1894 4227 αὐτὸν

315 4273 394 4333 εἰς
421 4269 492 4323 τὰ
533 4267 696 4322 πλοῖα
737 4267 834 4322 τοῦ
865 4268 1046 4320 πάπα.
1083 4265 1348 4336 Ἔμελλον
1372 4264 1481 4336 γὰρ
1515 4265 1798 4318 ἀποκινεῖν
1833 4264 1892 4316 ὲν

312 4363 451 4432 αὐτῇ
482 4363 550 4432 τῇ
582 4359 742 4413 νυκτὶ
779 4360 844 4412 ὲκ
880 4357 976 4411 τοῦ
1009 4355 1280 4427 ποταμοῦ.
1314 4355 1614 4426 Ἐξήγαγέν
1641 4372 1699 4409 τε
1728 4355 1891 4408 αὐτὸν

1997 3257 2112 3310 rius
2143 3255 2212 3311 ad
2253 3271 2553 3322 carcerem,
2583 3258 2926 3329 rogavitque,
2959 3270 3020 3316 ut
3048 3262 3198 3330 quod
3225 3264 3293 3318 de
3332 3264 3454 3333 ipso
3489 3265 3570 3318 l'a-

1996 3345 2246 3402 ciendum
2276 3346 2379 3402 sibi
2414 3348 2718 3413 statuisset,
2755 3349 3161 3420 quamprimum
3193 3351 3418 3408 faceret.
3460 3353 3572 3424 Ego

1997 3452 2146 3502 vero,
2175 3438 2352 3508 inquit
2378 3439 2490 3505 ille,
2519 3441 2882 3496 deliberatum
2907 3443 3105 3508 habeo,
3131 3443 3362 3500 Romam
3387 3453 3440 3500 to
3457 3445 3572 3518 (66)

1995 3543 2119 3584 cum
2163 3531 2578 3587 accusatoribus
2605 3532 2714 3587 tuis
2745 3533 2812 3586 ad
2845 3533 3131 3590 dominum
3179 3553 3358 3591 meum
3390 3539 3574 3607 ponti-

1996 3619 2151 3676 ﬁcem
2205 3621 2504 3676 maximum
2563 3624 2746 3678 throni
2790 3627 3084 3694 apostolici
3120 3629 3388 3684 liaeredem
3444 3631 3574 3685 mit-

1995 3721 2130 3767 tere.
2160 3711 2260 3766 Cui
2296 3723 2522 3768 sanctus
2549 3715 2634 3768 vir
2662 3717 2947 3784 respondit
2975 3735 2990 3770 :
3023 3716 3077 3772 ld
3111 3717 3288 3786 ipsum
3321 3719 3570 3788 profecto

1945 3819 1952 3826 ·
1997 3813 2057 3858 ιιι
2089 3803 2264 3860 facias
2299 3812 2450 3874 peto,
2491 3820 2686 3874 meque
2716 3806 2846 3861 hinc
2882 3808 2994 3862 cito
3025 3809 3294 3865 dimittas.
3331 3811 3448 3866 Sub
3479 3826 3572 3865 ve-

1995 3909 2212 3966 speram
2245 3909 2377 3950 vero
2408 3893 2646 3965 legatum
2697 3896 2946 3952 hortatus
2967 3907 3075 3961 est,
3122 3899 3570 3969 quandoquidem

1995 3983 2231 4058 populus
2264 3986 2546 4055 paululum
2583 3988 2994 4057 conquieverat,
3027 3998 3086 4043 ut
3113 4003 3238 4043 eum
3272 4007 3367 4060 per
3398 3994 3570 4060 posti-

1995 4096 2119 4135 cum
2150 4078 2446 4139 emitteret.
2478 4079 2623 4146 quod
2655 4092 2808 4132 mare
2835 4079 3182 4148 respiciebat,
3213 4090 3267 4132 et
3293 4083 3570 4155 pontiﬁcis

1997 4170 2222 4226 maximi
2267 4169 2503 4225 navibus
2540 4157 2867 4240 imponeret.
2907 4170 3046 4225 Nam
3080 4186 3144 4225 ea
3185 4172 3300 4242 ipsa
3335 4185 3494 4228 nocte
3537 4191 3568 4229 a

1995 4259 2218 4316 ﬂumine
2249 4261 2462 4317 solvere
2491 4261 2786 4317 debebant.
2814 4261 3019 4316 Eduxit
3047 4272 3234 4318 autem
3271 4281 3395 4320 eum
3423 4266 3571 4336 lcga-

1997 4361 2084 4408 tus
2117 4367 2242 4409 cum
2285 4353 2708 4408 accusatoribus
2751 4353 2874 4422 ejus
2903 4352 3109 4409 Sabino
3133 4366 3188 4410 et
3212 4353 3572 4410 Crescentino

309 4455 340 4504 6
367 4453 600 4524 ἔξαρχος
635 4452 732 4504 σὺν
779 4450 889 4502 τῶν
935 4448 1265 4520 κατηγόρων
1310 4447 1478 4501 αὐτοῦ
1521 4447 1750 4500 Σαϐίνου
1795 4446 1888 4500 καὶ

1995 4446 2290 4502 acdecem
2335 4447 2460 4502 aliis
2495 4446 2632 4514 :qui
2681 4447 2749 4500 ad
2801 4447 2960 4502 littus
3000 4447 3427 4508 descenderunt.
3477 4450 3570 4503 ubi

310 4543 744 4616 Κρησκεντίνου,
771 4542 865 4595 καὶ
893 4541 1100 4611 ἑτέρων
1133 4541 1267 4594 δέκα
1295 4541 1394 4593 σὺν
1419 4538 1588 4609 αὐτῷ.
1616 4539 1727 4592 Καὶ
1755 4557 1889 4593 κατα

310 4633 474 4705 ἦλθον
515 4635 596 4695 εις
639 4631 734 4684 τὸν
761 4628 1031 4698 αἰγιαλὸν,
1063 4627 1196 4685 ἔνθα
1231 4628 1303 4682 τὰ
1336 4627 1501 4682 πλοῖα
1525 4623 1676 4698 ἦσαν.
1699 4625 1888 4698 βουλό-

384 4825 496 4898 (65)
541 4825 758 4880 Dictum
790 4823 898 4898 h_oc
932 4821 1068 4898 satis
1096 4821 1410 4898 aculeatum
1451 4827 1558 4898 est,
1588 4827 1647 4874 ut
1675 4817 1890 4898 Leomii

347 4889 536 4959 otius,
591 4911 758 4966 quam
799 4893 1048 4964 Gregorii
1088 4892 1320 4966 nomine
1367 4889 1640 4958 prolatum
1681 4889 1888 4966 malim.

347 4913 536 4959 onus,
591 4913 758 4966 quam
799 4913 1048 4964 ιιΐθςοτιι
1097 4913 1320 4946 nmium:
1368 4913 1640 4958 prolatum
1681 4913 1888 4942 uratum

306 4913 498 5036 Keque
526 4981 660 5020 vero
689 4965 897 5036 legatus
926 4961 1264 5036 reprehendi
1297 4969 1528 5036 poterat,
1570 4960 1718 5028 quod
1753 4959 1890 5036 a_l_i_e-

309 5027 497 5092 nis'se
541 5027 791 5106 negotiis
819 5027 1174 5106 immisceret.
1217 5027 1344 5085 Haec
1390 5029 1535 5106 enim
1567 5027 1892 5106 a’__pon_liliee

307 5107 552 5161 maximo
610 5097 864 5158 mandata
933 5102 1161 5156 habebat
1219 5111 1336 5168 :.ut
1387 5097 1647 5167 Gregorii
1696 5097 1890 5168 Magni

305 5175 555 5246 epistolae
600 5182 893 5246 testantur.
944 5171 1215 5246 Pergenti.
1258 5165 1457 5246 inquit.
1492 5165 1587 5246 [ibi
1637 5167 1705 5246 ad
1752 5165 1893 5246 Sici-

305 5237 442 5300 lians
473 5242 809 5314 Capitulare,
843 5241 982 5311 quod
1006 5237 1150 5314 dedi,
1185 5238 1396 5314 assidue
1427 5237 1758 5314 relegendum
1785 5245 1888 5303 est,

307 5324 368 5370 ut
413 5308 564 5370 cura'
592 5313 830 5367 niaxima
855 5308 987 5366 esse
1022 5310 1087 5364 de
1135 5311 1393 5380 episcopis
1429 5308 1626 5380 (debeat
1674 5308 1792 5380 (lib.
1835 5323 1890 5369 I,

306 5387 470 5456 epist.
507 5383 620 5456 36).
651 5383 865 5456 Rursus
895 5399 908 5435 :
944 5380 1021 5434 De
1050 5375 1218 5456 lapsis
1249 5375 1618 5456 sacerdOtibus
1657 5375 1736 5456 uel
1760 5391 1892 5448 quo-

307 5449 436 5510 libet
465 5469 531 5508 ea:
565 5449 704 5508 clero
747 5451 1022 5506 observare
1055 5449 1113 5505 te
1134 5449 1396 5514 uoluntas,
1443 5457 1500 5500 ut
1529 5449 1584 5501 in
1628 5449 1777 5501 rebus
1806 5463 1894 5500 eo-

307 5539 430 5580 rum
447 5525 600 5578 nulla
619 5523 1073 5577 contaminatione
1084 5520 1362 5576 miscearis
1383 5518 1500 5582 (lib.
1526 5524 1563 5580 t',
1587 5520 1752 5582 epist.
1776 5516 1890 5586 44).

308 5595 370 5648 ιη
401 5595 507 5648 alia
541 5610 557 5648 :
587 5592 857 5648 Praeterea
893 5593 989 5644 hoc
1016 5591 1112 5646 tibi
1134 5589 1494 5656 indagandum
1519 5588 1772 5642 ntamiare
1802 5604 1895 5639 cu-

309 5665 801 5730 ravimus,-veteri,
841 5676 960 5731 qui:
999 5661 1118 5730 jam
1164 5658 1894 5731 inoleverat,consuetudine

311 5727 624 5804 postposita,
649 5745 708 5788 ut
728 5736 774 5788 si
792 5727 910 5802 quae
940 5727 1178 5786 ciuitates
1200 5732 1252 5784 iu
1267 5728 1538 5798 provincia
1575 5727 1776 5782 Sicilia:
1795 5741 1892 5792 pro

1991 4551 2160 4592 naves
2187 4545 2366 4600 erant,
2397 4537 2807 4606 quamprimum
2845 4537 2963 4591 vela
2996 4535 3241 4593 factum.
3267 4538 3337 4591 At
3362 4537 3572 4609 Grego-

1991 4627 2132 4680 rium
2163 4635 2420 4696 parentes
2443 4627 2567 4694 ejus
2590 4626 2962 4694 sequebantur
2992 4626 3298 4694 plorantes;
3331 4641 3568 4694 quorum

1990 4825 2216 4893 peccatis
2245 4839 2338 4893 per
2383 4822 2719 4894 sacerdotum
2747 4822 2933 4894 lapsus
2961 4837 2994 4874 a
3021 4821 3285 4890 pastorali
3318 4824 3569 4894 regimine

1993 4890 2180 4952 uacare
2205 4890 2518 4956 noscuntur,
2553 4893 2619 4946 de
2643 4892 2782 4945 clero
2805 4890 3456 4960 Ecclesiarum'ipsaru'm,
3491 4895 3569 4950 vel

1991 4982 2056 5022 ea:
2096 4963 2458 5024 monasteriis.
2497 4963 2542 5016 si
2567 4963 2658 5030 qui
2691 4963 2862 5032 digni
2887 4961 2954 5014 ad
2984 4963 3366 5016 sacerdotalem
3395 4965 3572 5018 locum

1991 5033 2476 5104 possuutjaveuiri,
2505 5031 2790 5104 perspicias
2830 5031 2949 5098 (lib.
2983 5048 3022 5096 t,
3046 5035 3218 5104 epist.
3260 5033 3369 5104 l8).

2065 5105 2175 5175 (liti)
2213 5101 2352 5158 Num
2384 5103 2595 5175 litteras
2627 5103 2819 5175 Petrus
2847 5117 2877 5175 a
2908 5101 3160 5175 pontifice.
3196 5101 3434 5175 maximo
3454 5105 3567 5174 jam

1993 5170 2338 5244 accepisset,
2395 5173 2596 5244 quibus
2647 5170 2972 5244 Gregorium
3025 5170 3470 5244 Agrigentinnm'
3505 5189 3571 5230 ac

1993 5242 2142 5301 duos
2188 5244 2327 5300 alios
2381 5243 2667 5312 episcopos
2697 5242 2942 5312 (Romam
3000 5244 3212 5296 mittere
3253 5243 3568 5311 jubebatur,

1995 5317 2263 5370 allirmare
2293 5311 2659 5382 non’audeo,
2679 5311 2960 5382 AnguStiaa
2987 5313 3133 5366 enim
3181 5313 3442 5382 temporis
3469 5327 3570 5366 ex-

1995 5386 2216 5440 cludere
2245 5383 2520 5436 videntur.
2556 5379 2664 5435 Sed
2697 5379 2995 5449 Gregorius
3028 5383 3256 5450 Magnus
3286 5379 3432 5436 Iulio
3475 5391 3573 5434 aut

1993 5458 2243 5524 Augusto
2273 5452 2529 5524 anni7591
2567 5453 2647 5506 sic
2673 5451 2764 5524 _ad
2797 5453 3180 5524 cumAscripsit
3209 5469 3221 5505 :
3254 5451 3570 5524 Gregorium

1995 5519 2113 5578 vero
2143 5523 2547 5594 {igrigentinum
2575 5529 2626 5575 et
2663 5520 2902 5594 Leonem,
2923 5519 3271 5594 Catanensem
3297 5534 3345 5575 et
3364 5519 3570 5594 'Victoa

1997 5611 2104 5648 rem
2139 5590 2584 5647 Panarmitanum
2625 5608 2720 5661 per
2762 5593 2940 5646 omnia
2979 5607 3070 5644 nos
3099 5591 3336 5644 uolumus
3366 5590 3435 5643 ad
3475 5603 3571 5644 nos

1995 5675 2116 5720 ante
2145 5665 2365 5718 hiemem
2387 5663 2652 5733 proﬁcisci
2683 5663 2800 5734 (lib.
2829 5677 2871 5723 ι,
2900 5661 3058 5732 epist.
3091 5661 3200 5732 72).
3555 5671 3560 5674 '
