4054 6204
389 239 496 304 659

1382 245 1442 304 S.
1479 243 1862 307 GREGORII
1899 248 2414 312 AGRIGENTINI
2444 251 2644 313 VITA.

3537 261 3644 325 660

389 347 469 403 vit
513 347 704 404 urbem
737 347 983 418 reliquit,
1027 346 1242 420 [ωιτη]
1285 363 1352 402 ac
1394 350 1582 404 tandiu
1621 351 1801 417 latuit,
1837 352 1965 408 dum

2083 357 2334 422 ἰκούσας,
2383 359 2738 430 ἀνεχώρησεν
2782 361 2848 414 ὲκ
2899 361 3000 432 τῆς
3050 363 3281 428 πόλεως,
3326 367 3422 419 καὶ
3476 363 3646 438 ἐκρύ-

387 439 581 496 beatus
631 439 926 510 episcopus
963 439 1084 508 ejus
1133 439 1356 496 rediret.
1397 439 1637 497 Sabinus
1677 455 1870 499 contra
1911 453 1968 498 ct

387 530 781 588 Crescentiuus
804 545 930 584 cum
969 531 1196 588 asseclis
1227 532 1342 588 suis
1369 531 1631 588 Leucinm
1659 535 1964 605 improbum

385 619 668 674 hominem
701 627 755 672 et
799 617 1120 674 hmreticum
1155 620 1474 678 inducentes
1512 623 1564 677 in
1595 624 1760 680 domo
1796 627 1970 694 ponti-

383 709 528 764 ﬁcali
590 709 1062 766 collocarunt:et
1111 714 1240 783 quia
1287 711 1514 770 Charito
1567 717 1861 772 archontes
1914 728 1968 774 et

383 801 648 872 populum
691 818 756 858 ac
801 804 1060 859 tribunos
1106 807 1522 870 cohortabatur,
1571 824 1674 863 nec
1719 809 1970 866 dubitare

384 893 622 962 sinebat,
653 894 792 960 fore,
839 895 948 952 Deo
1005 898 1086 953 sic
1116 898 1362 968 jubeute,
1407 907 1466 954 ut
1506 901 1597 956 ille
1641 918 1861 958 rursum
1911 903 1966 957 in

387 986 580 1042 urbem
633 997 1022 1054 reverteretur,
1071 991 1267 1048 exinde
1307 991 1444 1048 nihil
1487 993 1540 1047 bi
1572 997 1835 1050 adversus
1879 1011 1972 1050 sa-

386 1077 624 1148 crilegos
658 1079 782 1134 illos
811 1081 984 1135 moliti
1021 1090 1172 1136 sunt.
1207 1081 1397 1153 Itaque
1434 1094 1690 1156 tanquam
1724 1097 1969 1155 agrestes

387 1167 517 1224 fera:
545 1169 846 1226 Ecclesium
875 1171 990 1232 Dei.
1017 1185 1077 1228 ut
1105 1175 1284 1236 libuit,
1311 1175 1708 1232 distraxerunt.
1737 1177 1966 1233 Romam

389 1273 572 1320 autem
607 1273 666 1318 ut
707 1267 956 1329 pervenit
993 1268 1186 1322 beatus
1235 1269 1338 1333 vir,
1374 1270 1697 1326 relationem
1726 1270 1970 1340 pontifici

389 1353 637 1408 maximo
681 1355 1054 1412 navicularius
1084 1359 1326 1420 tradidit.
1363 1359 1457 1414 ille
1505 1369 1564 1414 ut
1591 1360 1739 1430 legit,
1766 1370 1820 1416 et
1849 1377 1970 1431 quae

389 1443 446 1496 in
481 1458 543 1498 ca
572 1454 760 1498 contra
787 1445 996 1514 justum
1033 1447 1208 1502 virum
1244 1451 1431 1520 inique
1463 1453 1697 1509 conficta
1729 1468 1970 1522 expone-

389 1533 615 1601 bantur,
659 1537 902 1607 percepit
935 1539 1072 1608 (70),
1111 1541 1351 1610 graviter
1387 1543 1440 1596 in
1470 1557 1594 1598 eum
1629 1543 1968 1614 indignatus,

390 1640 462 1678 ne
505 1624 700 1680 faciem
754 1629 974 1698 quidem
1023 1630 1144 1699 ejus
1201 1632 1447 1700 aspicere
1494 1635 1688 1698 voluit,
1739 1650 1974 1705 eumque

2071 467 2237 504 πτετο
2267 451 2374 515 ἕως
2411 451 2516 520 τῆς
2561 453 2826 507 ἐπανόδου
2877 454 2974 508 τοῦ
3019 457 3296 528 μακαρίου
3337 460 3643 516 ἐπισκόπου

2069 541 2256 598 αὐτοῦ.
2301 543 2359 594 Ὀ
2383 542 2442 596 δὲ
2473 543 2838 627 Σαδῖνοςοκαὶ
2877 547 3283 616 Κρησκεντϊνος
3315 550 3412 604 καὶ
3433 553 3481 604 οἱ
3516 553 3646 622 περὶ

2069 633 2269 696 αὐτοὺς
2311 633 2613 703 ἀγαγόντες
2645 636 2738 691 τὸν
2768 638 3087 708 παράνομον
3117 639 3352 694 Λεύκιον
3381 641 3473 712 τὴν
3497 645 3646 713 alpe-

2069 723 2244 789 τικδν,
2280 723 2464 778 ἔθεντο
2490 725 2656 780 αὑτὸν
2691 729 2750 780 ὲν
2779 727 2857 798 τῷ
2885 729 3226 800 ὲπισκοπείῳ
3250 749 3265 761 ο
3292 731 3340 784 oi
3369 732 3426 785 δὲ
3447 731 3646 803 ἄρχον-ι

2069 832 2162 878 τες
2211 815 2304 869 καὶ
2333 817 2386 868 οί
2428 815 2552 871 λαοὶ
2593 817 2688 872 καὶ
2735 819 2785 872 οἱ
2843 819 3117 889 τριϐοῠνοι
3167 821 3647 892 παρακαλούμενοι

2073 905 2179 958 ὑπὸ
2192 905 2287 959 τοῦ
2305 908 2622 978 Χαρίτωνος
2645 909 2739 963 καὶ
2765 909 3275 982 πληροφορούμενοι
3299 913 3430 982 παρ’
3453 913 3644 978 αὑτοῦ,

2069 997 2154 1050 ὅτι
2191 997 2286 1052 τοῦ
2317 997 2456 1052 Θεοῦ
2507 999 2825 1066 κελεύοντος
2873 1001 3035 1056 πάλιν
3070 1002 3354 1056 ἐπανιέναι
3391 1004 3555 1056 αὑτὸν
3587 1005 3647 1058 ὲν

2069 1089 2138 1160 τῇ
2170 1087 2347 1153 πόλει,
2371 1088 2556 1143 λοιπὸν
2581 1091 2847 1145 ἐνέδωκαν
2867 1092 2942 1144 ἐκ
2953 1092 3063 1146 τῶν
3087 1092 3336 1163 ἀνιέρων.
3385 1095 3494 1146 Καὶ
3524 1093 3646 1146 τότε

2070 1177 2146 1241 ὡς
2177 1177 2360 1249 ἄγριοι
2395 1179 2563 1250 Θῆρες
2595 1183 3037 1252 κατενεμήσαντο
3065 1183 3165 1252 τὴν
3196 1175 3526 1252 Ἐκκλησίαν
3547 1184 3646 1236 τοῦ

2071 1265 2208 1320 Θεοῦ⁹
2229 1305 2243 1329 ,
2275 1267 2350 1331 ὡς
2379 1268 2775 1340 ἐϐουλήθησαν.
2803 1270 3114 1334 Φθάσαντος
3151 1271 3207 1324 δὲ
3241 1271 3334 1325 τοῦ
3367 1273 3645 1344 μακαρίου

2073 1357 2132 1410 ὲν
2168 1357 2375 1432 Ῥώμῃ,
2409 1359 2684 1414 ἐπέδωκεν
2723 1364 2752 1414 ό
2782 1362 3084 1434 ναύκληρος
3121 1362 3222 1433 τὴν
3252 1364 3530 1434 ἀναφορὰν
3569 1363 3647 1432 τῷ

2073 1449 2252 1522 πὰπᾳ.
2291 1451 2586 1518 Ἀναγνοὺς
2617 1451 2676 1504 δὲ
2709 1452 2804 1505 καὶ
2843 1453 3006 1520 γνοὺς
3045 1455 3114 1506 τὰ
3157 1454 3215 1506 ὲν
3243 1454 3378 1524 αὐτῇ
3411 1454 3648 1524 ἐμφερό-

2078 1557 2216 1610 μενα
2241 1540 2382 1594 κατά
2401 1541 2494 1594 τοῦ
2523 1541 2733 1596 δικαίου
2759 1541 2928 1612 ψευδῆ
2951 1545 3045 1596 καὶ
3065 1543 3302 1614 ἀθέμιτα
3319 1545 3644 1614 πράγματα,

2076 1631 2172 1684 καὶ
2199 1631 2371 1702 Θυμοῦ
2417 1631 2680 1704 πλησθεὶς
2706 1634 2826 1687 κατ’
2867 1634 3059 1699 αὐτοῦ,
3110 1635 3230 1688 οὐδὲ
3261 1635 3324 1688 τδ
3352 1637 3647 1704 πρόσωπον

390 1733 590 1788 magna
639 1735 762 1774 cum
825 1721 1125 1790 ignominia
1175 1732 1409 1778 tractum
1463 1725 1528 1782 in
1571 1741 1846 1782 carcerem
1891 1729 1972 1782 ire

2083 1722 2239 1777 αὑτοῦ
2281 1724 2560 1795 ἠϐουλήθη
2604 1725 2924 1791 θεάσασθαις
2975 1726 3092 1780 ἀλλ’
3141 1728 3429 1780 ἐκέλευσεν
3481 1727 3647 1780 αὑτὸν

389 1809 578 1878 jussit,
624 1819 677 1866 et
704 1811 941 1866 vinculis
981 1813 1244 1882 gravibus
1279 1830 1558 1886 nervoque
1594 1817 1846 1888 astringi,
1878 1831 1972 1871 ca-

397 1908 527 1956 tena
591 1903 846 1958 manibus
887 1905 1231 1975 pedibusque
1287 1907 1509 1975 injecta.
1567 1905 1672 1972 Qui
1728 1907 1858 1961 dum
1916 1907 1970 1959 in

397 2005 675 2048 carcerem
714 1994 914 2050 ductus
941 1997 1270 2057 traheretur,
1313 1997 1420 2051 Deo
1453 1997 1645 2051 laudes
1694 1996 1970 2061 reddebat,

395 2079 636 2147 Gratias,
660 2083 936 2152 inquiens.
981 2085 1074 2138 tibi
1105 2084 1478 2154 ago,Domine
1507 2085 1577 2138 mi
1607 2082 1734 2139 Jesu
1757 2083 1974 2138 Christe

396 2172 564 2239 Deus,
607 2174 750 2245 quod
783 2191 876 2230 me
908 2176 1134 2245 dignum
1172 2177 1476 2244 putaveris,
1507 2175 1601 2245 qui
1651 2177 1826 2231 sancti
1871 2191 1968 2228 uo-

397 2265 568 2321 minis
596 2266 675 2320 tui
713 2281 882 2322 causa
911 2269 1030 2322 haec
1068 2269 1335 2332 subirem,
1363 2283 1677 2338 quanquam
1717 2268 1972 2336 exiguum

398 2355 454 2410 id
487 2366 570 2414 est
603 2373 714 2428 prae
749 2373 998 2412 meorum
1051 2359 1346 2413 criminum
1397 2357 1794 2428 magnitudine.
1841 2357 1976 2412 Car-

400 2451 544 2504 ceris
589 2465 722 2505 vero
768 2451 984 2508 custodi
1043 2451 1301 2506 mandata
1347 2451 1546 2506 dedere
1597 2451 1865 2514 ministri...
1909 2468 1978 2505 ne

401 2556 650 2612 unquam
679 2555 804 2596 eum
836 2543 1074 2598 vinculis
1110 2542 1367 2607 solveret,
1406 2557 1646 2612 eumque.
1686 2543 1767 2598 sic
1791 2543 1978 2598 solita-

402 2635 549 2690 rium
599 2635 981 2704 reliquerunt:
1012 2651 1138 2690 nam
1167 2636 1457 2692 diaconum
1506 2635 1636 2690 alibi
1661 2634 1981 2708 [Lxxxj'in-

403 2727 549 2786 eludi
576 2725 819 2797 pontifex
851 2727 1123 2785 maximus
1159 2727 1328 2798 jussit
1359 2729 1494 2800 (7i).
1537 2726 1652 2784 lleu
1679 2743 1842 2798 quam
1883 2743 1982 2798 pa-

403 2834 527 2875 rum
558 2820 643 2874 sui
671 2835 919 2892 compos,
945 2822 1048 2876 heu
1079 2836 1243 2891 quam
1271 2822 1585 2878 eratdurus
1610 2836 1676 2876 ac
1708 2821 1980 2890 suspicio-

406 2925 526 2976 sus,
583 2910 677 2970 qui
731 2920 844 2966 tum
901 2926 1171 2967 summam
1226 2911 1598 2980 apostolorum
1649 2909 1834 2968 sedem
1867 2911 1982 2980 (72)

483 3131 599 3204 (70),
632 3132 954 3204 Quanquam
1005 3136 1323 3202 ignoramus
1372 3136 1517 3190 unde
1579 3135 1693 3189 haec.
1732 3134 1980 3188 hauserit

409 3201 698 3274 Leontius,
730 3201 1000 3274 suspicari
1031 3201 1220 3260 tamen
1263 3207 1409 3270 licet,
1441 3221 1471 3259 e
1501 3203 1752 3259 maledici
1805 3204 1980 3259 homi-

409 3273 500 3328 nis
534 3275 934 3328 commentario
968 3286 1192 3344 sumpta,
1236 3291 1381 3336 esse.
1416 3275 1511 3344 qui
1543 3290 1607 3328 ex
1649 3289 1840 3344 eorum
1874 3289 1980 3326 nu-

408 3357 562 3414 rnero
587 3352 754 3414 esset,
785 3341 1199 3414 qrtos_Gregorii
1223 3343 1399 3414 Magni
1425 3341 1704 3414 memoriae
1738 3341 1984 3414 infensos

409 3409 584 3480 fuisse
619 3409 846 3468 scimus.
879 3412 970 3480 (γ.
1000 3409 1141 3468 infer
1173 3409 1374 3478 Script.
1425 3413 1544 3467 Iler.
1577 3412 1706 3466 Ital.
1744 3412 1978 3466 Ptolom.

411 3479 650 3552 Lucens.
689 3483 786 3536 lib.
819 3479 897 3546 tu,
929 3499 982 3538 c.
1021 3483 1108 3550 10,
1140 3485 1194 3538 in
1226 3494 1263 3538 t.
1294 3481 1411 3552 XI.)
1445 3481 1582 3536 Nam
1624 3483 1750 3548 quis
1780 3481 1985 3551 Grego-

411 3551 498 3604 rio
527 3549 852 3621 Magno_vel
883 3549 1299 3610 mansuetudine
1329 3549 1415 3608 vel
1462 3553 1799 3607 lmmauitate
1839 3549 1982 3620 prie-

413 3619 683 3692 stantior?
712 3619 856 3675 Nihil
891 3631 1040 3676 certe
1071 3623 1244 3689 magis
1283 3624 1337 3677 in
1369 3622 1616 3692 epistolis
1658 3622 1784 3687 ejus
1820 3619 1983 3675 caete-

413 3691 604 3763 risque
647 3693 869 3763 scriptis
897 3692 1096 3748 elucet.
1149 3693 1255 3747 Sed
1292 3695 1420 3763 quia
1451 3693 1646 3747 vindex
1680 3692 1986 3763 idemAerat

413 3759 698 3831 vitiorum,
735 3759 790 3816 et
830 3762 1009 3831 legum
1041 3759 1325 3818 sacrarum
1359 3769 1568 3822 custos.
1606 3772 1662 3816 et
1704 3759 1986 3823 dignitatis

414 3826 964 3903 Ecclesiae'assertor,
993 3832 1272 3903 displicuit
1312 3832 1596 3902 improbis.
1629 3839 1684 3886 et
1702 3831 1986 3903 _obtreeta-

415 3908 596 3974 torum
653 3902 898 3974 convicia
950 3900 1303 3974 nnn'ell‘ugit
1341 3900 1564 3970 :i‘taque
1609 3911 1660 3955 et
1697 3900 1866 3974 facta_
1885 3913 1985 3974 sua

417 3967 744 4040 quandoque
767 3971 1056 4026 defendere
1083 3967 1306 4027 coactius
1327 3984 1409 4027 est
1437 3990 1450 4026 :
1477 3967 1542 4024 ut
1579 3985 1712 4040 eum,
1734 3968 1800 4023 ad
1835 3967 1988 4040 Salo-

415 4037 759 4095 uitanos_ob
817 4041 1111 4095 Maximum
1158 4045 1210 4095 in
1261 4057 1325 4096 ea
1369 4041 1612 4096 Ecclesia
1647 4039 1827 4092 minus
1859 4037 1990 4103 legi-

417 4110 549 4180 time
604 4108 950 4180 designatum
1009 4113 1326 4180 episcomtm
1389 4109 1612 4179 scripsit
1667 4109 1755 4180 his
1806 4107 1987 4180 verbis

421 4177 539 4249 (lib.
575 4193 650 4242 Vt,
688 4176 852 4248 epist.
899 4179 987 4249 9.6)
1015 4176 1303 4234 {Pervenit
1349 4180 1418 4232 ad
1448 4176 1549 4240 me,
1585 4179 1732 4249 quod
1770 4176 1988 4249 quidam

419 4246 675 4316 perversae
709 4246 896 4302 mentis
939 4248 1194 4309 homines.
1233 4259 1290 4300 ut
1325 4246 1617 4300 dilectionis
1655 4256 1839 4300 uestra:
1870 4246 1990 4298 ani-

423 4315 536 4371 mos
581 4317 938 4381 aliterarenl,
989 4318 1131 4372 vobis
1163 4319 1437 4372 insinuare
1477 4317 1652 4370 conati
1682 4324 1826 4377 sunt,
1861 4315 1989 4384 quia

421 4402 514 4454 ego
547 4395 735 4440 contra
785 4386 1082 4440 Maximum
1115 4393 1342 4456 quodam
1380 4385 1500 4456 odio
1529 4401 1759 4446 movear,
1801 4393 1852 4438 et
1889 4400 1988 4437 non

423 4457 595 4526 magis
629 4472 745 4524 quae
767 4457 1046 4526 canonica,
1075 4455 1164 4526 sed
1203 4471 1432 4526 ea._qua:
1457 4455 1654 4524 furoris
1677 4463 1821 4515 sunt,
1847 4469 1995 4526 exse:

423 4523 536 4594 qui'
557 4523 944 4594 concupiscam.
978 4525 1081 4581 Sed
1117 4527 1252 4579 absit
1284 4523 1402 4590 hac,
1437 4523 1572 4578 absit
1606 4541 1638 4577 α
1680 4523 1998 4594 sacerdotali

427 4593 627 4658 animo,
675 4593 732 4650 ut
791 4598 846 4651 in
885 4595 1118 4666 qualibet
1163 4611 1328 4649 causa
1370 4596 1578 4664 privato
1633 4593 1749 4666 zelo
1791 4608 1997 4666 mouea-

430 4677 538 4730 tur,
569 4675 675 4720 etc.
706 4667 878 4722 Porro
899 4661 952 4720 'si
989 4665 1253 4735 Gregorio
1287 4661 1379 4718 ille
1411 4676 1600 4735 nostro
1627 4663 1788 4732 paulo
1817 4661 1997 4715 infen-

429 4735 543 4788 sior
575 4735 698 4800 fnit,
741 4747 794 4790 et
832 4734 1214 4790 accusatorum
1243 4734 1572 4788 testimoniis
1601 4735 1859 4799 deceptus
1890 4741 1994 4800 est,

429 4799 690 4859 momenti
742 4805 945 4874 aliquid
992 4805 1248 4860 habuisse
1281 4805 1493 4858 videtur
1525 4805 1702 4872 ipsum
1746 4799 2000 4874 crimina-

430 4874 598 4928 tionis
618 4889 811 4944 genus,
836 4869 894 4929 'et
927 4875 1054 4942 quia
1077 4875 1460 4944 gravissimum
1488 4869 1626 4938 erat,
1655 4884 1708 4926 et
1731 4871 1857 4944 quia
1885 4869 1996 4944 jam

431 4952 487 4995 et
511 4939 741 5014 aliorum
776 4939 978 5014 Siciliae
1003 4939 1386 5014 episcoporum
1417 4943 1592 5014 delata
1622 4942 1840 5014 nomine
1879 4939 1998 4993 fue-

435 5021 582 5078 rant,
616 5011 816 5083 Leonis
850 5010 1062 5083 scilicei.
1087 5013 1410 5074 Catanensis
1443 5013 1624 5083 (epist.
1646 5011 1750 5083 _53,
1783 5010 1996 5083 lib._rt),

433 5090 488 5136 et
525 5081 828 5152 Agathonis
874 5081 1198 5151 Liparitani,
1245 5084 1338 5152 qui
1387 5079 1801 5152 etpoutilieatu
1848 5079 1999 5152 abire

431 5149 623 5220 jussus
648 5150 825 5206 fuerat
853 5149 1037 5221 (epist.
1081 5149 1190 5216 55,7
1215 5149 1309 5207 lib.
1347 5153 1449 5221 tu).
1484 5149 1822 5206 Prodendnm
1851 5149 1998 5221 enim

436 5219 657 5292 aliquod
689 5219 992 5277 severitatis
1015 5223 1323 5292 exemplum
1358 5220 1662 5292 videbatur,
1695 5234 1764 5274 ne
1783 5219 1995 5292 malum

440 5288 604 5362 latius
631 5301 891 5362 serperet,
923 5288 1229 5362 cazterique
1253 5289 1496 5360 episcopi
1529 5304 1718 5362 parum
1750 5288 1856 5362 sibi
1886 5303 2001 5340 rue-

438 5361 702 5416 tuendum
725 5359 1148 5416 arbitrarentur}
1199 5359 1302 5415 Sed
1340 5369 1520 5414 tamen
1549 5359 1868 5428 Gregorium
1903 5370 1999 5408 uo-

439 5441 614 5486 strnm
645 5431 714 5484 ab
747 5445 812 5486 eo
840 5431 892 5484 in
929 5445 1203 5488 carcerem
1243 5429 1545 5498 conjectum
1575 5427 1692 5482 esse
1725 5443 1789 5482 ac
1812 5427 2000 5498 vincu-

440 5501 508 5556 lis
555 5501 884 5565 astrictum,‘
948 5501 1096 5556 credi
1145 5495 1368 5556 omnino
1422 5514 1528 5551 non
1577 5506 1774 5567 potest.
1828 5495 1958 5567 Scio

441 5570 672 5640 clericos
719 5571 1009 5640 aliquando
1055 5571 1124 5626 ah
1171 5569 1442 5640 episcopis
1480 5565 1870 5640 iu__custodiam
1908 5565 1996 5640 da-

445 5647 530 5695 tos
561 5655 576 5694 :
610 5639 768 5696 docet
805 5635 857 5694 id
885 5657 984 5696 nos
1013 5641 1176 5698 etiam
1205 5635 1500 5709 Gregorius
1533 5635 1756 5707 Magnus
1797 5638 1850 5691 in
1885 5637 1998 5705 cpi-

2009 3037 2056 3098 C

2017 4365 2070 4429 D

2076 1814 2194 1884 μετ’
2223 1815 2448 1882 ἀτιμίας
2500 1815 2702 1886 πολλῆς
2735 1817 3034 1888 συρόμενον
3067 1817 3162 1872 ἐπὶ⁹
3201 1820 3268 1888 τῇ
3315 1819 3508 1888 εἱρκτῇ
3539 1820 3647 1872 ἁπ-

2073 1903 2271 1967 ελοεῖν,
2305 1905 2399 1958 καὶ
2424 1905 2483 1957 ὲν
2509 1905 2690 1976 δεσμῷ
2719 1907 2878 1978 βαρεῖ
2898 1909 2956 1960 ἐν
2977 1907 3054 1978 τῷ
3077 1907 3219 1979 ξύλῳ
3241 1909 3646 1978 ἀσφαλισθῆναι

2075 1997 2283 2066 σιδήρῳ
2310 2001 2495 2069 χεῖρας
2525 2001 2619 2052 καὶ
2651 2001 2840 2062 πόδας.
2887 1999 2946 2053 Ὀ
2974 2001 3029 2054 δὲ
3059 2001 3361 2071 συρόμενος
3400 2001 3494 2055 καὶ
3525 2000 3648 2070 βαλ-

2074 2087 2300 2158 λόμενος
2334 2093 2484 2160 ἐν.τῇ
2519 2091 2710 2160 εἱρκτῇ
2751 2090 2968 2155 ἐδόξαζε
3013 2093 3104 2145 τὸν
3146 2092 3277 2144 Θεὸν
3306 2091 3511 2157 λέγων’
3549 2091 3650 2144 Εὑ-

2075 2179 2320 2248 χαριστῶ
2364 2194 2468 2246 σοι,
2497 2181 2668 2250 Κύριέ
2713 2199 2814 2251 μου
2867 2183 3042 2252 Ἰησοῦ
3087 2183 3289 2255 Χριστὲ
3338 2185 3366 2236 ό
3396 2183 3570 2248 -Θεὺς,
3617 2187 3648 2237 ὁ

2076 2271 2424 2336 καταξιώσας
2460 2289 2526 2342 με
2557 2273 2645 2327 διὰ
2669 2276 2730 2327 τὸ
2755 2275 2926 2345 ὄνομά
2955 2291 3052 2328 σου
3091 2277 3152 2328 τὸ
3181 2276 3338 2344 ἅγιον
3374 2275 3648 2345 καταντῆ-

2079 2381 2171 2418 σαι
2218 2365 2299 2427 είς
2355 2365 2550 2428 ταῦτα,
2597 2366 2703 2418 κᾶν
2752 2365 2954 2434 ὀλίγον.
3010 2366 3097 2418 διὰ
3135 2365 3236 2428 τὰς
3289 2365 3490 2429 πολλάς
3545 2381 3648 2435 μου

2079 2456 2382 2526 ἁμαρτίας.
2436 2457 2820 2528 Παρήγγειλαν
2863 2457 2920 2510 δὲ
2958 2457 3036 2527 τῷ
3076 2457 3447 2527 δεσμοφύλακι
3473 2500 3488 2522 ,
3523 2457 3648 2528 μηδ’

2078 2547 2214 2612 ὅλως
2243 2550 2406 2603 αὐτὸν
2434 2547 2596 2612 λῦσαι
2636 2549 2731 2604 τοῦ
2772 2530 2974 2619 δεσμοῧ
2995 2589 3010 2614 ,
3051 2547 3192 2603 οὓτω
3228 2548 3456 2617 ἀφέντες
3485 2547 3650 2602 αὐτὸν

2079 2634 2216 2693 εἶναι
2249 2639 2412 2710 μόνον
2433 2657 2446 2674 ο
2491 2640 2581 2694 τὸν
2611 2641 2668 2694 δὲ
2711 2641 2957 2696 διάκονον
2999 2639 3286 2695 ἐκέλευσεν
3317 2642 3346 2694 ό
3373 2641 3559 2704 πάπας
3589 2640 3650 2692 ὲν

2081 2729 2254 2801 ἑτέρῳ
2298 2732 2452 2802 τόπῳ
2487 2731 2908 2802 ἀσφαλισθῆναι.
2945 2733 3008 2786 ’Ὠ
3047 2731 3148 2802 τῆς
3194 2731 3418 2797 ἀνοίας,
3471 2731 3518 2786 ὦ
3550 2732 3653 2800 τῆς

2081 2820 2460 2892 ἀσπλαγχνίας
2483 2861 2499 2886 ,
2530 2820 2576 2874 ὣ
2605 2822 2704 2892 τῆς
2731 2822 2956 2886 κακίας,
3000 2817 3067 2893 ἧς
3099 2822 3454 2892 πεπλήρωται
3491 2824 3520 2876 ὁ
3557 2821 3650 2874 τὸν

2083 2913 2304 2986 πρῶτον
2334 2912 2550 2983 ἐπέχων
2583 2913 2692 2966 τῶν
2739 2913 3050 2967 ἀποστόλων
3087 2913 3298 2984 Θρόνον,
3334 2912 3409 2984 μὴ
3448 2912 3652 2983 μᾶλλον

2081 3151 2215 3223 stola
2261 3151 2326 3223 ad
2357 3149 2686 3223 Cyprianum
2721 3150 3158 3223 dia_eonum_(lib.
3194 3166 3247 3212 ν.
3298 3165 3352 3202 n.
3385 3147 3476 3223 52)
3505 3167 3517 3202 :
3551 3147 3654 3203 sed

2083 3221 2186 3276 hoc
2212 3220 2447 3288 primum
2473 3221 2542 3275 de
2572 3221 2846 3290 episcopis
2879 3237 2986 3274 non
3020 3221 3272 3289 legimus.
3311 3220 3406 3290 qui
3443 3233 3509 3273 ne
3538 3229 3651 3272 tum

2081 3291 2323 3358 quidem,
2350 3305 2476 3344 cum
2510 3291 2581 3344 ob
2608 3289 2838 3344 crimina
2869 3291 3076 3344 honore
3109 3305 3169 3343 se
3205 3289 3475 3358 abdicare
3492 3303 3656 3356 coge-

2081 3355 2300 3424 bantur,
2344 3361 2450 3413 nisi
2492 3359 2544 3412 in
2588 3359 2919 3414 monasteria
2947 3360 3091 3413 mitti
3143 3359 3414 3413 solebant.
3451 3355 3658 3411 Deinde

2081 3429 2187 3484 illae
2221 3427 2350 3497 ipsa!
2379 3429 2704 3484 clericorum
2745 3430 3010 3483 custodite
3047 3444 3282 3483 carceres
3323 3444 3428 3495 non
3472 3437 3655 3497 erant,

2083 3495 2262 3568 neque
2303 3499 2413 3554 illic
2440 3514 2641 3552 nervus
2671 3506 2766 3552 aut
2795 3499 3085 3568 compedes
3119 3498 3460 3568 visebantur.
3505 3495 3660 3550 Facit

2083 3569 2201 3638 huc
2223 3569 2374 3622 locus
2414 3568 2647 3638 insignis
2681 3568 2923 3638 epistolze
2955 3567 3202 3637 Gregorii
3233 3568 3282 3620 ll
3315 3576 3656 3638 pontsmax.

2084 3637 2151 3692 ad
2186 3636 2421 3691 Leonem
2450 3636 2730 3701 lsa’urum,
2763 3638 2816 3691 in
2851 3654 2957 3706 qua
2984 3636 3220 3692 ostendit
3247 3651 3409 3705 quam
3440 3636 3660 3688 diversa

2086 3707 2298 3762 ratione
2355 3707 2409 3761 in
2466 3707 2744 3761 maleﬁcos
2788 3707 3222 3760 animadvertant
3267 3706 3552 3773 pontiliecs
3605 3713 3663 3757 et

2087 3791 2266 3846 reges.
2305 3776 2379 3831 Ea
2409 3785 2497 3830 est
2526 3777 2768 3832 secunda
2807 3777 3186 3846 epistularum.
3215 3773 3588 3846 qttmcnneilii
3617 3788 3658 3825 ιι

2086 3842 2288 3900 Nicaeni
2319 3845 2451 3900 Acta
2477 3846 2792 3915 praecedunt
2817 3842 3004 3915 (llard.
3037 3857 3074 3899 t.
3099 3843 3192 3906 IV.
3221 3842 3271 3914 p.
3306 3843 3392 3912 15)
3423 3861 3436 3895 :
3480 3842 3660 3915 Vides,

2085 3917 2392 3983 imperator,
2427 3913 2739 3984 pontiﬁcum
2771 3913 2832 3970 et
2853 3913 3231 3983 imperatorum
3260 3913 3584 3984 discrimen?
3613 3913 3664 3965 si

2086 3985 2347 4054 quispiam
2390 3994 2437 4038 te
2475 3985 2768 4054 a/j‘enderit,
2796 3985 3007 4038 domum
3035 3985 3148 4053 ejus
3180 3983 3413 4050 publicas
3451 3989 3665 4054 etspo-

2088 4051 2213 4118 lias,
2253 4054 2421 4108 solam
2471 4051 2551 4106 illi
2587 4056 2750 4108 vitam
2790 4051 3084 4124 relinquens
3109 4069 3128 4106 :
3156 4054 3466 4120 tandemque
3507 4051 3666 4124 illaut

2086 4125 2248 4180 etiam
2288 4124 2366 4178 uel
2417 4125 2696 4190 suspendio
2748 4119 3040 4187 necas,'rel
3085 4125 3254 4192 capite
3295 4119 3528 4182 truncas,
3583 4119 3664 4172 vel

2090 4195 2309 4262 relegas,
2341 4208 2558 4264 eumque
2589 4193 2739 4264 longe
2768 4211 2801 4246 a
2833 4193 3006 4264 liberis
3027 4204 3074 4247 et
3107 4193 3171 4264 alt
3199 4193 3443 4264 cornibus
3469 4205 3666 4264 cogita:

2089 4266 2156 4316 tis
2194 4257 2242 4316 Et
2291 4257 2483 4315 amicis
2519 4264 2628 4316 suis
2667 4257 2944 4316 amandas.
2977 4262 3256 4330 Pontiﬁces
3293 4276 3393 4312 non
3427 4261 3540 4330 ita;
3571 4257 3664 4311 sed

2096 4333 2186 4386 ubi
2230 4333 2457 4401 peccarit
2481 4333 2598 4400 quis
2645 4341 2693 4386 et
2745 4333 3012 4401 confessus
3041 4329 3220 4400 fudit,
3271 4329 3540 4396 suspcndti
3587 4330 3670 4380 uel

2103 4400 2486 4470 amputationis
2548 4403 2743 4469 capitis
2795 4405 2906 4455 loco
2958 4400 3303 4469 Evangelinm
3357 4408 3406 4450 et
3458 4413 3666 4470 crucem

2099 4466 2212 4540 ejus
2260 4471 2545 4544 cervicibus
2587 4466 2983 4544 circumponunt
3014 4486 3030 4523 :
3059 4466 3276 4537 eumque
3313 4479 3565 4535 tanquam
3611 4466 3665 4544 in

2101 4557 2384 4604 carcerem,
2407 4542 2460 4593 in
2482 4543 2762 4611 secretaria
2787 4557 3157 4609 sacrorumque
3184 4554 3424 4611 uasorum
3449 4542 3670 4611 _a:raria

2101 4611 2406 4678 eonjiciunt,
2447 4611 2502 4663 in
2533 4609 2784 4664 Ecclesiw
2816 4606 3082 4664 diacouia'
3104 4619 3152 4662 et
3199 4609 3253 4660 in
3289 4606 3670 4678 'cateclmmena

2101 4675 2344 4750 ablegant
2369 4697 2386 4734 :
2413 4696 2472 4732 ac
2501 4681 2779 4734 visceribus
2806 4681 2921 4750 ejus
2941 4679 3207 4750 jejunitnu
3239 4675 3506 4750 oculisque
3535 4675 3672 4742 rigi-

2100 4747 2285 4804 lias'et
2317 4749 2678 4802 laudationem
2709 4752 2789 4802 ori
2826 4747 3090 4802 indicunt.
3127 4747 3361 4814 Cumque
3386 4747 3544 4812 probe
3580 4761 3674 4795 ca-

2100 4820 2366 4890 stigarint,
2409 4821 2664 4888 probeque
2707 4821 2846 4888 fame
2891 4819 3196 4890 afﬂixerint,
3243 4828 3361 4890 tunt
3376 4816 3672 4890 pretiosum

2100 4884 2189 4961 illi
2219 4884 2434 4941 Domini
2463 4884 2651 4958 corpus
2681 4884 3013 4961 impertiant,
3049 4901 3101 4961 et
3123 4895 3306 4961 sancto
3344 4884 3498 4961 illum
3543 4897 3672 4961 sa.tt-_

2101 4959 2256 5028 guine
2277 4967 2459 5028 potant
2491 4973 2508 5012 :
2539 4954 2587 5012 et
2611 4975 2728 5012 cum
2756 4954 2908 5012 illuni
2939 4976 3030 5012 vas
3055 4955 3320 5028 electionis
3344 4954 3673 5028 restituerint

2102 5027 2164 5081 ac
2195 5027 2476 5082 immunem
2507 5031 2728 5098 peccati,
2755 5031 2830 5082 sic
2859 5029 2926 5082 ad
2959 5027 3240 5080 Dominum
3265 5039 3456 5094 purum
3491 5027 3672 5076 inson-

2102 5109 2304 5168 temque
2331 5106 2720 5168 transmittunt.

2325 5167 2588 5248 Graecae
2637 5185 2792 5248 _num.
2830 5167 2918 5230 6‘2,
2965 5169 3032 5222 ad
3064 5168 3212 5248 hunc
3258 5167 3462 5248 locum.
3502 5161 3670 5248 quod.

2100 5234 2309 5292 chartis
2365 5239 2592 5300 avulsis.
2634 5239 2686 5292 in
2745 5248 2980 5308 utroque
3030 5237 3220 5308 codice
3270 5234 3668 5308 Basilignoﬁmll

2100 5309 2374 5369 deessent,
2415 5307 2684 5377 descripsi
2722 5324 2755 5362 e
2782 5299 2972 5363 codice
3001 5307 3262 5362 Vaticano
3292 5322 3348 5359 η.
3376 5299 3499 5377 ἵξοξί.
3541 5301 3674 5364 Qum

2103 5392 2230 5447 vero
2275 5373 2801 5447 sequuntur—nsque
2852 5380 2918 5432 ad
2971 5392 3126 5430 num.
3159 5377 3250 5441 65,
3279 5391 3342 5429 ea
3379 5373 3675 5442 Cajctauus

2102 5446 2205 5502 sibi
2236 5447 2534 5518 outittenda
2568 5449 2796 5518 putavit.

2173 5517 2284 5588 (72)
2322 5516 2458 5574 Cod.
2494 5513 2668 5593 Yatic.
2704 5518 2794 5571 τὸν
2823 5514 3184 5571 ἀποστολικδν
3213 5513 3426 5585 θρόνον.
