4054 6204
411 271 520 336 669

1399 279 1458 338 S.
1502 278 1880 340 GREGORII
1914 279 2432 342 AGRIGENTINI
2473 281 2671 342 νιΤΑ.

3559 281 3670 348 θ’ἴθ

409 383 626 456 Πατρδς
677 385 776 456 τῆς
822 358 1066 441 ἐνταῦθα.
1105 366 1506 451 θεοσκεπᾴστου
1552 388 1708 460 ήμῶν
1757 389 1973 452 πόλεως.

2093 389 2272 459 deque
2305 390 2720 446 accusatoribus
2745 390 2825 446 sic
2863 391 3195 460 cognoscite,
3239 399 3299 448 ut
3323 405 3432 445 non
3477 405 3662 446 rerum

409 477 521 530 Καὶ
575 476 938 548 καθήσαντες,
995 477 1134 547 μετὰ
1182 479 1351 548 φόϐου
1397 478 1536 532 Θεοῦ
1592 480 1986 549 ἀνακρίναντες

409 569 608 632 πάντα,
637 568 733 621 καὶ
763 567 824 621 τὸ
850 567 1073 635 γύναιον
1105 569 1201 621 καὶ
1231 570 1358 632 τοὺς
1391 569 1754 639 κατηγόρους,
1783 571 1880 624 καὶ
1910 569 1986 641 μὴ

407 657 552 712 κατὰ
575 658 872 730 πρόσωπόν
897 677 947 713 τι
975 659 1240 732 πράξητε,
1269 660 1386 714 ἀλλ’
1416 661 1493 724 ὡς
1510 662 1661 734 ,αὐτὴ
1695 663 1729 732 ὴ
1753 661 1986 730 δύναμις

405 752 508 822 τῆς
527 752 788 823 ἀληθείας
814 751 1078 830 ἔγκειται,
1115 753 1289 817 οὕτως
1315 753 1625 825 διοικήσατε
1643 771 1660 786 ·
1685 753 1780 810 καὶ
1807 754 1858 806 οἳ
1885 753 1986 824 μὲν

409 842 789 911 συκοφαντῶσι
817 843 910 896 τὸν
939 843 1130 914 ἄνδρα,
1159 845 1275 897 ὅσοι
1301 843 1649 898 ὑποπέσωσιν
1677 833 1882 910 λαῗκοὶ,
1904 841 1984 912 τῷ

411 931 727 1003 φιλευσεϐεἴ
769 933 928 1004 ἡμῶν
967 935 1116 1005 νόμῳ
1165 936 1473 1006 παράδοτε·
1535 935 1628 988 ἐπὶ
1664 935 1844 1005 τούτῳ
1875 933 1986 1006 γὰρ

345 1036 357 1048 ’
407 1024 810 1095 ἁποστέλλομεν
839 1025 929 1078 τδν
965 1025 1269 1098 σπαθάριον
1306 1027 1500 1096 ἡμῶν·
1533 1027 1646 1079 ὅσοι
1693 1013 1754 1078 δὲ
1793 1027 1986 1097 κληρι-

405 1114 496 1168 κοὶ
519 1115 858 1181 ὐποπέσωσι,
884 1116 962 1188 τῷ
988 1117 1118 1188 θείῳ
1157 1117 1250 1170 και
1279 1117 1409 1188 ἱερῷ
1431 1099 1616 1171 κανόνι
1645 1116 1984 1170 ἀποδίδοσθε·

405 1206 803 1274 παρεγγυάσας
831 1207 1029 1272 αὐτοὺς
1059 1207 1154 1260 τοῦ
1186 1209 1482 1276 ἀναγαγεῖν
1527 1189 1617 1261 τον
1645 1207 1814 1278 ἄνδρα
1848 1211 1984 1278 πρδε,

406 1296 594 1350 αὐτόν.
1352 1303 1360 1314 ’
1543 1339 1552 1350 .

476 1385 606 1440 EH’.
639 1387 977 1454 Ἐξελθόντες
1001 1390 1058 1444 δὲ
1093 1389 1389 1461 ἀμφότεροι
1418 1388 1526 1444 ἀπὸ
1551 1389 1989 1443 Κωνσταντινου-

406 1479 618 1542 πόλεως
647 1477 784 1532 οἵτε
817 1480 1106 1534 ἐπίσκοποι
1138 1482 1232 1534 καὶ
1261 1482 1289 1534 δ
1327 1472 1776 1547 σπαθάριοςὰπὺ
1807 1471 1982 1550 προσέ

405 1573 557 1625 ὠπου
591 1570 687 1625 τοῦ
722 1571 1008 1642 βασιλέως,
1041 1572 1338 1628 κατέλαϐον
1357 1572 1458 1642 τὴν
1500 1571 1741 1642 Ῥώμην,
1767 1571 1842 1634 ὡς
1873 1571 1984 1624 ἀπὸ

406 1663 638 1718 σταδίων
679 1663 957 1718 δεκαοκτώ
979 1681 993 1696 ·
1026 1665 1226 1735 συνέϐη
1259 1665 1316 1718 δὲ
1351 1663 1428 1734 τῷ
1458 1661 1764 1734 Μαρκιανῷ
1797 1663 1981 1734 ἀρῤωδ

407 1755 600 1824 στῆσαι
625 1754 936 1826 ἀρῤωστίαν
961 1755 1144 1826 δεινὴν
1191 1755 1286 1809 καὶ
1323 1755 1569 1825 βαρεῖαν.
1611 1752 1891 1821 Ἐγένοντο
1922 1752 1980 1804 δὲ

403 1844 470 1896 ἐν.
493 1843 642 1915 λύπῃ
668 1843 836 1914 πολλῇ
881 1845 930 1896 οἱ
963 1842 1256 1897 ἐπίσκοποι
1297 1843 1393 1897 καὶ
1434 1843 1634 1905 πάντες
1675 1841 1724 1894 οἱ
1757 1841 1854 1894 σὺν
1883 1841 1981 1892 αὐο

401 1935 538 1997 τοῖς.
565 1933 722 1988 Μετὰ
759 1933 815 1986 δὲ
849 1933 1096 2003 ἀνάγκης
1139 1933 1338 1999 πολλῆς
1369 1931 1616 2004 εἰσῆλθον
1660 1934 1718 1986 ὲν
1755 1931 1940 2006 Ῥώμῃ
1961 1950 1977 1964 ·

400 2019 545 2095 ἦσαν
595 2025 653 2078 δὲ
695 2027 898 2092 πάντες
941 2021 1272 2096 λυπούμενοι
1321 2027 1450 2098 περὶ
1505 2025 1596 2079 τοῦ
1635 2027 1976 2098 Μαρκιανοῦ.

400 2115 558 2169 Μετὰ
600 2115 656 2170 δὲ
702 2115 914 2188 ἡμέρας
955 2115 1087 2170 δέκα
1129 2114 1366 2187 ῆμελλεν
1403 2114 1695 2188 τελευτᾷν
1727 2117 1818 2170 καὶ
1850 2119 1978 2190 περὶ

397 2205 554 2276 ἡλίου
589 2206 800 2276 δυσμὰς
829 2207 937 2261 ἰδοὺ
971 2205 1130 2278 γυνὴ.
1173 2201 1240 2279 ἦς
1285 2207 1346 2261 τὸ
1390 2207 1682 2278 θυγάτριον
1724 2209 1912 2262 ἰάσατο
1949 2211 1978 2262 ὁ

399 2299 554 2367 ἅγιος
577 2299 896 2370 Γρηγόριος,
921 2299 1242 2372 διερχομένη
1265 2300 1499 2371 ἤκουσεν
1520 2301 1859 2370 ὀδυρομένων
1883 2299 1978 2354 καὶ

399 2389 744 2461 θρηνούντων
779 2391 870 2446 τὸν
908 2391 1246 2459 Μαρκιανόν.
1285 2393 1352 2445 Ἡ
1391 2392 1446 2445 δὲ
1477 2391 1616 2462 γυνὴ
1644 2391 1978 2447 ἐπυνθάνετο

397 2481 532 2552 παρ’
570 2479 752 2535 αὐτῶν
801 2480 946 2544 τίνος
1003 2481 1186 2536 ἕνεκεν
1248 2483 1512 2536 κόπτεται
1564 2481 1632 2535 τὰ
1690 2483 1971 2555 παιδάρια.

385 2571 760 2641 ’Ἇποκριθεὶς
789 2571 848 2624 δὲ
888 2567 969 2635 εἷς
1007 2571 1068 2638 ἐξ
1097 2571 1277 2626 αὐτῶν
1308 2572 1456 2642 λέγει
1498 2573 1636 2643 αὐτῇ
1655 2589 1670 2604 ·
1701 2575 1916 2644 Ἀμμα,
1945 2577 1975 2630 ὁ

397 2661 588 2732 κύριος
621 2661 902 2734 ﬂammei;
932 2663 1029 2733 τὴν
1060 2664 1298 2733 ἐσχάτη-ν
1329 2665 1496 2735 πνοήν
1526 2667 1694 2728 ἐστιν,
1729 2667 1824 2718 καὶ
1851 2665 1976 2720 τοῦ-

393 2768 490 2806 τον
543 2750 868 2822 θρηνοῦμεν.
905 2751 1072 2820 Λέγει
1125 2754 1310 2815 αὐτοῖς
1354 2755 1388 2822 ἡ
1435 2753 1572 2822 γυνή
1599 2770 1612 2784 ·
1655 2753 1974 2809 Βαστάσατε

396 2843 560 2898 αὐτὸν
594 2843 733 2914 μετὰ
759 2845 860 2914 τῆς
888 2845 1097 2914 κλίνης,
1125 2846 1222 2898 καὶ
1253 2830 1656 2915 ἀκολουθήσατὲ
1683 2864 1794 2914 μοι,
1819 2845 1974 2914 κάγὼ

397 2937 527 3006 ὑμῖν
577 2936 841 3000 ὑποδείξω
893 2935 1064 3004 ἄνδρα
1094 2935 1272 3006 ἅγιον,
1308 2937 1367 3000 ὃς
1405 2937 1612 2990 ιάσεται
1649 2937 1742 2990 τὸν
1785 2938 1974 3010 κύριον

2089 483 2348 552 speciem,
2373 483 2466 538 sed
2497 483 2786 538 veritatem
2819 484 2991 554 ipsam
3022 483 3195 540 secuti
3227 483 3550 539 videamini.
3585 484 3665 539 Ac

2087 572 2154 627 de
2181 573 2285 627 viri
2335 573 2868 638 calumniatoribus,
2912 575 3005 644 qui
3051 575 3290 630 convicti
3344 575 3570 640 fuerint,
3601 573 3665 647 ξι

2085 661 2399 728 1ιῄρί,,δὶηι,
2439 663 2613 743 sacris
2662 663 2873 733 legibus
2921 664 3125 719 nostris
3175 665 3404 719 subesse
3446 664 3664 732 cogite;

2087 767 2214 806 nam
2258 752 2359 808 hac
2384 755 2451 808 de
2473 768 2637 808 causa
2668 755 3008 823 spatbarium
3039 762 3286 808 nostrum
3338 753 3610 808 mittimus
3645 771 3660 807 :

2087 844 2131 899 si
2147 843 2366 918 ~clerici,
2401 859 2519 898 eam
2572 843 2758 900 subire
2797 860 3014 914 poenam
3041 845 3251 914 jubete,
3278 859 3446 914 quam
3474 841 3664 897 Eccle-

2087 934 2181 989 siae
2229 948 2470 989 canones
2523 937 2994 1007 praescripsernnt.
3044 923 3388 990 Postremum
3427 947 3459 988 e
3505 948 3664 986 man-

2088 1025 2232 1080 datis
2277 1023 2398 1094 ejus
2432 1025 2558 1092 fuit,
2597 1035 2660 1082 ut
2705 1035 2958 1082 sanctum
3006 1025 3184 1080 virum
3223 1026 3290 1080 ad
3339 1039 3466 1080 eum
3491 1023 3664 1080 dedu-

2087 1131 2207 1172 cere
2215 1126 2293 1171 nt.

2159 1377 2394 1434 LXVIII.
2422 1377 2552 1434 lam
2575 1393 2708 1434 vero
2744 1377 2958 1434 dimissi
2989 1378 3059 1432 ab
3090 1377 3418 1445 imperatore
3453 1383 3507 1427 et
3543 1371 3678 1442 epi—

2086 1472 2238 1541 scopi
2265 1480 2320 1526 et
2361 1471 2698 1541 spatharius,
2739 1468 3216 1538 Constantinopoli
3253 1467 3416 1522 simul
3467 1478 3660 1520 omnes

2085 1564 2386 1620 solverunt.
2415 1564 2486 1618 At
2515 1577 2638 1619 cum
2665 1563 2903 1618 secunda
2939 1561 3022 1614 usi
3055 1559 3430 1630 navigatione,
3463 1561 3534 1610 ab
3563 1571 3658 1610 ur-

2091 1656 2158 1711 be
2196 1655 2382 1711 Roma
2423 1671 2532 1709 non
2561 1655 2686 1726 plus
2738 1654 2993 1709 abessent
3040 1667 3202 1723 quam
3249 1649 3424 1706 stadia
3467 1649 3656 1702 decem

2083 1751 2230 1809 octo,
2263 1745 2576 1800 Marcianus
2609 1745 2662 1798 i'n
2696 1759 2916 1816 gravem
2953 1743 3247 1798 admodum
3291 1757 3355 1796 ac
3383 1739 3654 1810 periculo-

2081 1849 2200 1890 sum
2241 1837 2432 1893 incidit
2473 1837 2749 1892 morbum.
2777 1835 2947 1906 Cujus
2974 1834 3051 1888 rei
3084 1849 3250 1889 causa
3281 1841 3388 1886 tam
3412 1828 3655 1900 episcopi

2081 1945 2244 2002 quam
2271 1931 2452 1985 caeteri
2483 1945 2696 1992 omnes,
2727 1944 2867 1998 quos
2909 1943 3096 1984 secum
3129 1926 3422 1987 habebant,
3458 1935 3657 1991 magno

2079 2018 2468 2074 dolore'aliecti
2497 2028 2648 2074 sunt.
2669 2017 2834 2088 Egre
2855 2017 3075 2072 demum
3107 2017 3160 2070 in
3183 2015 3371 2070 urbem
3401 2012 3653 2082 ingressi,

2079 2111 2337 2168 Marciani
2368 2113 2541 2168 vicem
2580 2127 2770 2168 ouuies
2817 2113 3002 2166 dolere
3043 2109 3356 2180 pergebant.
3401 2108 3492 2162 Ille
3525 2119 3655 2161 vero

2079 2213 2205 2274 post
2230 2204 2422 2260 decem
2453 2206 2574 2260 dies
2602 2205 2654 2259 in
2688 2205 2942 2259 ultimum
2979 2204 3104 2258 vita:
3142 2203 3434 2257 discrimen
3482 2199 3649 2254 venit.

2077 2295 2278 2350 Verum
2311 2296 2412 2351 sub
2433 2297 2568 2352 solis
2592 2311 2870 2360 occasum,
2891 2309 3018 2350 ecce
3045 2293 3262 2356 mulier,
3297 2291 3454 2358 cujus
3484 2289 3650 2345 ﬁliam

2075 2398 2300 2444 sanctus
2330 2387 2628 2458 Gregorius
2657 2395 2966 2451 sanaverat,
2998 2387 3274 2455 planctum
3315 2398 3528 2448 eorum,
3557 2385 3650 2456 qui

2075 2479 2420 2536 Marcianum
2479 2479 2942 2545 lamentabantur,
2991 2475 3361 2546 pertransiens
3389 2473 3597 2529 audivit
3633 2493 3648 2528 :

2075 2571 2255 2638 Quare
2309 2570 2686 2641 interrogavit,
2731 2569 2894 2638 cujus
2939 2583 3103 2622 causa
3162 2566 3316 2635 pueri
3347 2563 3654 2636 lugerent?

2076 2664 2322 2730 Quorum
2365 2677 2510 2717 unus
2557 2663 2638 2717 sic
2669 2661 2745 2715 illi
2781 2659 3105 2731 respondit:
3135 2657 3308 2712 llerus
3360 2667 3566 2718 noster,
3614 2670 3652 2712 ο

2074 2753 2216 2809 bona
2251 2761 2426 2808 mater
2453 2752 2590 2824 (8i),
2613 2753 2848 2806 animam
2868 2751 2980 2820 agit
3011 2766 3024 2803 :
3054 2748 3196 2802 hunc
3222 2763 3324 2802 nos
3349 2748 3648 2817 ploramus.

2073 2845 2165 2900 llla
2197 2859 2324 2900 vero
2347 2858 2536 2899 omnes
2559 2841 2782 2915 [cxxxv]
2811 2841 3166 2910 compellans,
3192 2838 3332 2904 Quin
3365 2853 3516 2898 eunt.
3547 2839 3646 2904 ait,

2072 2949 2196 2991 cum
2227 2933 2425 2989 lectulo
2465 2947 2568 2988 suo
2618 2931 2810 2993 tollite,
2870 2945 2934 2985 ac
2977 2945 3066 2984 me
3116 2929 3408 2998 sequimini
3444 2945 3459 2981 :
3493 2928 3648 2984 vobis

396 3029 573 3099 ὑμῶν.
604 3031 714 3083 Καὶ
748 3031 826 3092 ὡς
858 3030 916 3082 ὲν
945 3027 1022 3100 τῷ
1054 3029 1258 3098 μεταξὺ
1289 3029 1601 3096 ἐσκᾶτασεν,
1637 3034 1730 3084 καὶ
1757 3033 1973 3098 ἐγένετο

2075 3041 2174 3096 ego
2216 3026 2394 3080 virum
2453 3031 2704 3080 sanctum
2743 3022 3150 3086 demonstrabo,
3189 3021 3280 3092 qui
3314 3021 3504 3076 herum
3553 3035 3644 3075 ve-

397 3122 609 3190 ἑσπέρα
642 3121 851 3184 βαθεῖα,
887 3120 995 3192 ἠδὲ
1024 3121 1162 3190 γυνὴ
1201 3123 1509 3190 ἀνάγκασεν
1540 3123 1736 3186 αὐτοὺς
1771 3123 1960 3192 βαστά-

397 3231 490 3269 σαι
524 3213 624 3284 τὴν
666 3213 853 3284 κλίνην
895 3213 1000 3266 σὺν.
1030 3213 1126 3265 τοῦ
1159 3213 1350 3282 ἀνδρὸς
1379 3213 1474 3268 καὶ
1507 3213 1624 3284 μετ’
1655 3213 1827 3281 αὐτῆς
1861 3215 1970 3270 διπ-

381 3305 590 3368 λλθεῖν.
619 3306 684 3358 ΟΞ
715 3305 769 3357 δὲ
801 3303 1114 3367 ἀνελθόντες
1142 3305 1198 3356 ἐν
1235 3303 1312 3374 τῷ
1337 3305 1470 3376 οἴκῳ
1505 3305 1832 3376 περιέδησαν
1866 3306 1967 3358 αὐ-

394 3399 486 3452 τόν
509 3417 521 3430 ο
560 3398 720 3459 αὐτὸς
749 3397 804 3449 δὲ
841 3392 910 3467 ῆν
943 3397 1313 3466 ὀλοφυρμένος
1359 3397 1436 3468 τῷ
1454 3398 1706 3468 πυρετῷ,
1743 3398 1838 3451 καὶ
1871 3399 1970 3451 οὐκ

395 3493 532 3554 οἶδε,
563 3491 623 3543 τὸ
653 3491 706 3543 τί
737 3489 884 3559 αὑτῷ
910 3492 1128 3543 ἐποίουν
1155 3493 1204 3544 οξ
1235 3489 1420 3554 παῖδες
1449 3490 1628 3545 αὑτοῦ.
1663 3491 1972 3546 Βαστάσαν-

398 3599 488 3644 τες
518 3581 574 3634 δὲ
603 3582 762 3635 αὐτὸν
792 3581 861 3634 τὰ
891 3582 1173 3652 παιδάρια,
1209 3582 1417 3653 ῆγαγον
1461 3584 1541 3646 εἰς
1572 3585 1670 3654 τὴν
1700 3584 1967 3654 φυλακὴν,

397 3672 524 3726 ἔνθα
548 3668 615 3744 ἦν
637 3676 664 3726 ὁ
696 3665 964 3744 μακᾶριος
985 3673 1306 3743 Γρηγόριος.
1337 3675 1444 3727 Καὶ
1467 3676 1850 3742 εἰσαγαγόντες
1874 3677 1970 3728 αὑ-

385 3765 486 3819 τὸν
516 3764 660 3818 ἔνδον
697 3765 800 3834 τῆς
838 3765 1106 3836 φυλακῆς,
1138 3763 1260 3818 ἰδὼν
1290 3766 1452 3819 αὐτὸν
1489 3767 1517 3819 ὁ
1551 3769 1820 3838 μακάριος
1844 3768 1970 3838 ἀδηο

399 3854 684 3928 μονοῦντα,
741 3856 1005 3910 ἔκλαυσεν
1061 3857 1148 3909 ἐπ’
1176 3855 1344 3926 αὐτῷ,
1398 3855 1504 3920 ἓως
1559 3857 1658 3910 οὐκ
1709 3851 1777 3925 ἦν
1823 3856 1970 3927 αὐτῷ

399 3948 552 4019 ἰσχύς
569 3967 583 3980 ·
621 3950 714 4002 καὶ
743 3949 1001 4018 φωνήσας
1027 3948 1192 4002 αὑτὸν
1217 3948 1363 4014 ἅπαξ
1393 3949 1488 4002 καὶ
1509 3949 1610 4012 δίς,
1641 3948 1795 4002 οὐδὲν
1820 3949 1969 4020 αὐτῷ

395 4038 764 4112 ἀποκριθῆναι
803 4039 1042 4108 ἴσχυσεν,
1075 4039 1200 4093 οὐδὲ
1229 4037 1445 4107 ἐπέγνω
1481 4038 1644 4092 αὐτὸν
1675 4040 1739 4092 ὲκ
1768 4039 1970 4109 πολλῆς

395 4132 647 4202 συνοχῆς,
695 4125 762 4202 ἧς
807 4130 1104 4202 συνείχετο.
1147 4131 1206 4184 '0
1245 4129 1303 4183 δὲ
1341 4131 1610 4202 μακάριος
1655 4129 1970 4202 προσελθὼν

393 4201 666 4290 ἐπέθηκεν
698 4201 847 4292 αὐτῷ
892 4201 992 4290 τὴν
1038 4223 1215 4292 χεῖρα,
1269 4221 1394 4284 δοὺς
1433 4219 1583 4292 αὑτῷ
1627 4201 1722 4284 τὰς
1754 4201 1970 4285 ἐξέθους

395 4311 580 4380 εὐχάς.
611 4313 721 4366 Καὶ
755 4311 872 4382 μετ’
916 4311 1094 4378 ὀλίγον
1141 4310 1414 4381 ἡσύχασεν
1462 4312 1490 4363 ὁ
1521 4312 1839 4382 Μαρκιανὸς
1873 4317 1970 4366 καὶ

393 4403 752 4473 ἀφύπνωσεν·
792 4399 862 4474 ἦν
894 4402 1007 4472 γὰρ
1033 4402 1172 4472 ἔχων
1207 4404 1422 4474 ἡμέρας
1444 4401 1617 4456 εἴκοσι
1650 4403 1811 4457 πέντε
1846 4393 1968 4475 μηδ’

393 4495 528 4558 ὅλως
561 4494 895 4565 κοιμηθῆναι
937 4493 1203 4564 δυνηθείς.
1236 4493 1636 4564 Προσελθὸντες
1667 4494 1722 4546 δὲ
1761 4497 1810 4547 οἱ
1843 4497 1970 4548 παῖ·

395 4585 485 4648 δες
545 4573 736 4651 αὑτοῦ,
801 4584 1094 4648 πίπτοντες
1159 4583 1310 4655 παρὰ
1371 4584 1499 4647 τοὺς
1560 4584 1724 4646 πόδας
1775 4577 1966 4648 αὐτοῦ,

398 4675 672 4738 κλαὶοντες
711 4677 808 4729 καὶ
847 4671 1418 4744 λέγοειτες⁶”Ε).έησον
1456 4677 1624 4747 ημᾶς,
1669 4675 1822 4728 δοῦλε
1875 4676 1968 4732 τοῦ

395 4765 552 4832 Θεοῦ,
576 4769 671 4822 καὶ
703 4768 855 4833 εὖξαι
883 4769 1023 4840 ὑπὲρ
1049 4766 1144 4820 τοῦ
1183 4767 1378 4838 κυρίου
1399 4768 1557 4838 ἡμῶν
1585 4769 1680 4822 καὶ
1711 4765 1806 4821 σοῦ
1833 4769 1970 4840 ἠγα-

395 4861 639 4929 πημένον
671 4861 846 4930 φίλου.
891 4861 950 4912 '0
978 4859 1036 4913 δὲ
1078 4859 1215 4930 πρὸς
1260 4859 1488 4924 αὐτούς’
1522 4860 1700 4912 Τέκνα
1751 4877 1875 4930 μου,
1907 4861 1970 4913 τὸ

393 4949 607 5020 θέλημα
652 4950 747 5002 τοῦ
797 4949 1000 5025 Κυρίου
1033 4948 1274 5018 γενέσθω
1325 4951 1420 5002 καὶ
1458 4951 1538 5012 εἰς
1567 4948 1729 5026 αυτὸν
1765 4951 1860 5004 καὶ
1890 4951 1970 5014 εἰς

393 5041 561 5112 ἡμᾶς.
595 5040 731 5111 Περὶ
766 5041 823 5093 δὲ
854 5041 916 5093 τὸ
947 5039 1301 5111 μεσονύκτιον
1325 5037 1632 5111 προσῆλθον
1675 5040 1746 5092 τὰ
1774 5039 1968 5092 παιδά-

371 5149 509 5204 ιρια,
535 5133 630 5187 καὶ
650 5133 1028 5204 κρατήσαντες
1054 5127 1236 5194 αὑτὸνζ
1271 5132 1381 5184 ἰδοὺ
1407 5131 1506 5184 οὐκ
1527 5126 1594 5200 ἦν
1621 5131 1679 5182 ὲν
1696 5130 1846 5200 αὐτῷ
1873 5149 1970 5184 πυ-

395 5223 570 5293 ρετὸς,
600 5223 696 5278 καὶ
720 5222 972 5287 ἐδόξαζον
997 5213 1091 5275 τὸν
1120 5222 1272 5276 Θεόν.
1313 5222 1376 5284 ,Ὀ
1401 5221 1456 5274 δὲ
1487 5222 1641 5289 am;
1666 5222 1968 5292 Γρηγὸριος

473 5397 670 5468 (8|)ln
709 5397 916 5454 Moschi
949 5398 1114 5453 Prata
1156 5411 1264 5452 non
1297 5399 1461 5452 semel
1505 5403 1746 5456 occurrit
1778 5401 1968 5468 hujus-

393 5469 543 5522 modi
593 5467 831 5523 formula
887 5470 940 5522 in
993 5469 1210 5524 feminis
1254 5471 1608 5538 appellandis,
1658 5471 1726 5524 iis
1776 5467 1963 5536 etiam,

393 5553 516 5606 qua:
556 5540 755 5620 procul
783 5555 812 5592 a
844 5540 1200 5620 monasteriis
1245 5542 1412 5620 vitam
1455 5542 1730 5620 degerent,
1763 5541 1964 5620 Διηγή-

395 5621 528 5680 ξατο
559 5607 785 5680 δὲίημίν
835 5611 868 5680 ή
911 5607 1052 5676 αὑτὴ
1085 5607 1600 5680 Ἀμμας-,Δαμιαῖδὴ
1644 5613 1735 5664 καὶ
1785 5607 1960 5664 τοῦτο.

397 5673 655 5733 Narravit
672 5673 868 5732 ’ὰυεεηί
893 5673 1251 5735 ποὺὶεέασῖεὶη
1300 5673 1474 5735 Mater
1514 5673 1777 5735 deiana
1806 5681 1964 5734 etiam

2077 3125 2252 3170 strum
2315 3115 2549 3168 sanabit.
2585 3111 2797 3168 Interea
2839 3129 2962 3168 cum
3018 3113 3252 3167 tenebrae
3287 3111 3398 3180 jam
3443 3119 3646 3174 essent,

2075 3208 2251 3277 coegit
2270 3222 2364 3262 eos
2393 3207 2592 3261 mulier
2617 3206 2715 3260 viri
2735 3205 2932 3261 lectum
2965 3205 3150 3260 tollere
3175 3219 3238 3259 ac
3253 3219 3438 3258 secum
3459 3203 3644 3257 abire:

2076 3301 2256 3371 itaque
2285 3299 2507 3356 domum
2561 3285 2815 3369 ingressi,
2865 3297 3198 3353 Marcianum
3247 3296 3646 3366 obligaverunt,

2074 3394 2164 3463 qui
2192 3409 2314 3446 cum
2365 3393 2500 3448 febri
2553 3399 2830 3457 a‘stuaret,
2860 3391 3088 3444 minime
3127 3390 3316 3452 sensit,
3363 3388 3492 3459 quid
3541 3387 3646 3442 sibi

2074 3484 2226 3553 pueri
2271 3483 2529 3536 iacerent.
2563 3482 2702 3536 Tum
2747 3482 3108 3536 succollantes
3153 3482 3342 3535 herum
3380 3496 3554 3548 usque
3579 3479 3646 3532 ad

2075 3587 2352 3627 carcerem
2386 3580 2755 3642 gestaverunt,
2805 3573 2856 3626 in
2893 3589 3002 3642 quo
3023 3573 3214 3627 beatus
3241 3570 3536 3640 Gregorius
3561 3570 3650 3622 de-

2073 3662 2251 3732 gebat.
2291 3661 2362 3716 Ut
2394 3679 2544 3726 vero,
2575 3664 2642 3719 iis
2667 3665 2721 3718 in
2746 3678 3020 3718 carcerem
3049 3662 3332 3732 ingressis,
3368 3659 3501 3713 vidit
3529 3659 3649 3712 bea-

2074 3763 2165 3807 tus
2191 3755 2272 3806 vir
2293 3752 2626 3808 Marcianum
2645 3755 2852 3808 'tnorbo
2893 3753 3282 3819 doloribusque
3313 3749 3644 3813 confectum,

2073 3852 2258 3898 tenere
2292 3842 2556 3913 lacrymas
2589 3858 2696 3896 non
2730 3843 2943 3911 potuit,
2979 3856 3043 3895 ac
3085 3840 3333 3893 flebiliter
3379 3839 3646 3891 lamenta-

2072 3945 2160 3990 tus
2203 3942 2287 3990 εει
2318 3956 2331 3990 :
2369 3935 2565 3990 deinde
2593 3935 2906 3988 inclamavit
2935 3948 3056 3987 eum
3088 3931 3258 3985 semei
3297 3947 3359 3983 ac
3393 3931 3476 3982 bis
3509 3946 3524 3984 :
3554 3929 3646 3998 qui

2074 4035 2253 4082 tamen
2305 4042 2408 4082 nec
2444 4027 2774 4096 respondere
2820 4025 2897 4078 illi
2949 4023 3248 4094 quidquam
3295 4022 3489 4090 potuit,
3545 4035 3648 4072 nec

2071 4117 2272 4186 ipsum,
2304 4115 2357 4170 vi
2387 4116 2561 4170 morbi
2587 4132 2696 4186 quo
2719 4115 3040 4186 angebatur,
3085 4121 3448 4176 exsternatus,
3476 4124 3646 4178 agno-

2070 4208 2168 4263 vit.
2200 4209 2344 4279 Ergo
2366 4209 2628 4264 accedens
2660 4209 2835 4277 niagis
2859 4209 3052 4262 beatus
3077 4206 3158 4259 vir
3186 4219 3405 4258 manum
3439 4203 3514 4256 illi
3540 4203 3647 4264 im-

2073 4300 2275 4370 posuit,
2307 4309 2363 4354 et
2396 4311 2688 4356 consuetas
2706 4299 2912 4354 addidit
2941 4313 3152 4369 preces.
3187 4295 3305 4350 Non
3337 4295 3506 4348 multo
3527 4289 3648 4362 post

2005 4367 2045 4421 θ
2074 4394 2356 4462 quiescere
2387 4392 2697 4447 Mai-cianus
2739 4401 2904 4461 atque
2943 4390 3254 4445 obdormire
3297 4391 3480 4456 cmpit,
3517 4401 3640 4441 cum

2066 4483 2180 4554 jam
2227 4481 2522 4539 vicesimus
2549 4484 2773 4555 quintus
2805 4481 2920 4536 dies
2966 4491 3130 4541 esset,
3171 4495 3236 4533 ex
3269 4485 3378 4548 quo
3420 4492 3644 4531 somnus

2072 4598 2194 4636 eum
2261 4581 2486 4636 omnino
2519 4578 2843 4646 reliquerat.
2878 4573 3032 4628 Servi
3072 4587 3201 4624 vero
3245 4569 3388 4622 illius
3429 4568 3493 4620 ad
3518 4585 3646 4620 san-

2069 4685 2218 4730 ctum
2253 4675 2432 4728 virum
2468 4671 2740 4734 conversi,
2768 4669 3060 4739 procidunt
3091 4666 3158 4720 ad
3190 4665 3354 4735 pedes
3395 4663 3536 4731 ejus,
3581 4677 3646 4714 ac

2071 4766 2262 4820 ﬂentes
2299 4783 2314 4818 :
2345 4763 2625 4828 Miserere,
2657 4762 2934 4830 inquiunt,
2976 4759 3170 4819 nostri,
3202 4773 3234 4809 ι)
3263 4755 3354 4809 Dei
3389 4771 3564 4816 serve,
3593 4766 3646 4808 et

2073 4858 2270 4914 adhibe
2317 4871 2509 4927 preces
2542 4870 2640 4925 pro
2688 4856 2817 4908 hero
2863 4844 3073 4915 nostro,
3122 4851 3426 4919 eodemque
3470 4849 3647 4901 amico

2077 4949 2169 5003 tibi
2213 4927 2808 5010 cbarissimonuibus
2847 4943 2934 4997 ille
2965 4957 2981 4996 :
3013 4941 3157 5006 Filii,
3189 4941 3386 5010 inquit,
3413 4941 3541 5001 mei,
3583 4941 3648 4993 de

2071 5056 2138 5095 eo
2167 5039 2341 5108 deque
2367 5039 2526 5094 nobis
2549 5037 2694 5107 quod
2727 5036 2988 5089 Duminus
3016 5033 3232 5095 statuit,
3267 5033 3319 5086 id
3356 5034 3468 5085 iiut.
3526 5029 3646 5084 Cir-

2070 5147 2136 5188 ca
2186 5131 2420 5186 mediam
2451 5137 2666 5184 noctem
2703 5141 2986 5182 accessere
3033 5125 3232 5180 iterum
3286 5125 3462 5194 pueri,
3491 5138 3646 5175 cmu-

2071 5241 2178 5295 que
2200 5225 2390 5280 herum
2416 5223 2740 5294 tetigissent,
2767 5221 2886 5278 sine
2910 5218 3050 5276 febri
3078 5234 3204 5294 eum
3233 5230 3352 5272 esse
3369 5217 3641 5271 sentiunt:

2071 5409 2166 5460 hoc
2203 5405 2366 5474 (apud
2397 5403 2572 5474 Cotcl.
2613 5403 2686 5456 Μ.
2723 5402 2870 5458 Eccl.
2900 5402 2992 5458 Gr.
3026 5411 3064 5456 t.
3103 5401 3175 5474 ll,
3198 5394 3449 5474 p_._40;‘i):
3484 5391 3644 5474 cujus

2071 5463 2351 5531 Damiana:
2402 5473 2546 5529 illius
2591 5474 2760 5543 paulo
2806 5481 2930 5546 post
2996 5474 3084 5542 (p.
3149 5463 3644 5546 40:1_)~ap_pellatgr

2070 5547 2448 5615 Atlicnogcnes
2507 5535 3159 5614 Pet'rarum'cpiscopus.
3219 5535 3325 5590 Τοῦ
3373 5535 3492 5586 υἱοῦ
3544 5535 3644 5602 τῆς

2075 5618 2297 5688 ’Λμμας
2326 5617 2623 5687 Δαμιανῆς.
