4054 6204
342 306 442 380 681

1262 318 1264 320 τ
1339 305 1404 365 s.
1439 300 1816 365 GREGORII
1859 265 2369 358 AGRI‘GENTINI
2393 291 2592 354 VITA.

3503 277 3611 348 682

343 423 494 496 ’Δρά
515 441 602 492 γε,
620 421 805 492 γύναι,
823 419 1119 495 ἐπίστασαι
1145 415 1234 470 τὸν
1265 414 1567 468 ἐπίσκοπον
1591 413 1688 482 τῆς
1719 403 1926 473 πόλεώς

2055 405 2185 460 trbis
2235 413 2343 458 tua:
2399 401 2720 472 episcopum
2755 396 2941 454 nosti?
2987 395 3084 452 Cui
3131 395 3220 450 illa
3272 413 3286 450 :
3334 392 3608 460 Profecto,

347 536 484 584 σου;
522 517 684 586 Λέγει
719 513 869 584 αὐτῷ
907 514 942 584 ή
978 512 1118 582 κόρη
1141 526 1158 540 ‘
1198 507 1330 572 Nai,
1360 505 1618 570 δέσποτα,
1645 505 1740 558 καὶ
1782 505 1924 558 πάνυ

344 609 511 666 αὐτὸν
539 607 842 677 ἐπίσταμαι
867 621 881 636 ³
911 603 1177 665 πολλάκις
1202 599 1312 670 γὰρ
1341 597 1614 670 ἐθεώρουν
1648 597 1810 651 αὑτὸν
1846 596 1927 649 δι-

347 701 644 774 ερχόμενον
673 697 768 752 καὶ
793 697 1262 765 ἐπισκεπτόμενον
1284 691 1494 754 πάντας
1517 689 1646 761 τοὺς
1677 686 1930 758 πτωχοὺς

345 797 448 865 τῆς
472 791 704 855 πόλεως,
735 789 831 844 καὶ
865 788 990 850 ταῖς
1013 785 1216 857 χήραις
1247 783 1344 837 καὶ
1370 781 1629 852 ὀρφανοῖς
1672 777 1930 851 παρέχων

349 885 418 939 τὰ
451 883 591 954 πρὸς
633 881 733 954 τήν
776 879 989 952 χρείαν.
1023 877 1198 947 Κάγὼ
1226 876 1365 946 αὐτὴ
1414 877 1448 946 ή
1487 873 1650 927 ἀθλία
1699 872 1931 926 πάντοτε

349 975 482 1047 παρ’
515 971 684 1028 αὐτοῦ
729 971 996 1043 ἐδεχόμην
1022 967 1394 1040 ἐλεημοσύνην
1437 965 1588 1038 παρὰ
1632 961 1729 1016 τοῦ
1769 977 1930 1014 τετα-

349 1067 557 1137 γμένου
591 1065 673 1128 εἰς
699 1064 760 1118 τὸ
787 1063 1076 1118 διακονεῖν.
1101 1061 1368 1128 Λέγουσιν
1393 1057 1532 1128 αὐτῇ
1559 1055 1726 1108 πάλιν
1769 1052 1897 1106 τάδε
1919 1066 1934 1082 ο

357 1160 456 1222 Σὺ,
489 1157 677 1228 γύναι,
721 1155 895 1224 ἔγνως
933 1153 1027 1207 τὸν
1059 1151 1229 1222 ἄνδρα
1265 1147 1566 1216 ἐπιμίξεως
1611 1144 1934 1215 σωματικῆς

351 1251 649 1319 γενόμενον
682 1245 824 1318 μετὰ
856 1245 985 1310 σοῦ;
1029 1243 1094 1297 Ἦ
1119 1242 1176 1296 δέ
1204 1239 1507 1312 στενάξασα
1531 1239 1596 1291 ὲκ
1618 1236 1817 1307 βάθους
1841 1235 1936 1288 καὶ

353 1344 696 1418 δακρύσασα,
724 1341 909 1413 ἄρασα
950 1339 1049 1410 τήν
1094 1335 1282 1407 φωνὴν
1331 1335 1412 1397 είς
1446 1332 1598 1402 ὕψος,
1642 1325 1829 1384 εἷπενο
1859 1331 1934 1400 Ζῇ

354 1415 564 1509 Κύριος
609 1431 720 1489 τῶν
758 1433 1065 1502 δυνάμεων,
1093 1431 1192 1484 οὐκ
1239 1425 1358 1482 οῖδα
1385 1426 1478 1479 τὸν
1507 1417 1792 1496 ἄνθρωπον
1816 1421 1940 1476 τοῦ-

351 1547 473 1596 τον,
506 1529 592 1592 τίς
621 1528 792 1587 ἐστιν,
821 1523 1006 1586 καθὼς
1025 1521 1178 1575 αὐτοὶ
1212 1520 1474 1590 εἰρήκατε
1501 1516 1792 1586 γενόμενον
1821 1515 1938 1585 μετ’

357 1620 496 1694 ἐμοῦ
523 1639 538 1654 ο
569 1620 706 1674 ἀλλὰ
735 1617 963 1680 Σαϐῖνος
998 1615 1091 1668 καὶ
1116 1613 1518 1684 Κρησκεντῖνος
1556 1601 1701 1662 οὗτοι
1725 1610 1772 1662 oi
1799 1623 1941 1678 παρ-

358 1713 654 1784 εστηκότες
714 1709 1027 1782 ἔμπροσθεν
1081 1707 1260 1777 ὑμῶν,
1307 1703 1460 1758 αύτοί
1509 1720 1575 1773 με
1621 1702 1942 1772 ἠνάγκασαν
1973 1745 2018 1801 Β

360 1805 744 1876 κατηγορῆσαι
775 1801 867 1854 τὸν
905 1799 1112 1853 δίκαιον
1151 1797 1340 1850 τοῦτον
1360 1811 1375 1825 ⁶
1405 1796 1662 1867 χρήματα
1705 1795 1815 1865 γάρ
1848 1811 1940 1864 μοι

360 1893 729 1952 κατεϐἁλοντο
755 1887 939 1953 ἱκανὰ,
966 1887 1077 1952 ἵνα,
1102 1887 1177 1950 ὡς
1210 1881 1384 1952 εἷπον,
1413 1883 1724 1954 κατελέγξω
1756 1883 1941 1947 αὐτὸν,

360 1981 567 2044 ἀδίκως
604 1977 1067 2047 παρανομήσασα,
1093 1973 1438 2044 ἀπατηθεϊσα
1480 1973 1585 2027 ὑπὸ
1617 1972 1728 2026 τῶν
1765 1989 1946 2044 παρα-

361 2069 548 2138 νόμων
586 2065 801 2136 ἀνδρῶν
829 2064 1057 2118 τούτων.
1106 2063 1500 2118 Ἀνταποδώσει
1525 2065 1710 2124 αὐτοῖς
1741 2063 1946 2134 Κύριος

362 2161 394 2213 6
422 2159 556 2222 Θεὸς
586 2158 686 2228 τὴν
709 2157 985 2229 ἁμαρτίαν
1009 2157 1112 2226 τῆς
1135 2155 1278 2227 ἐμῆς
1303 2155 1510 2227 ψυχῆς·
1545 2157 1625 2218 είς
1654 2153 1764 2224 γὰρ
1794 2154 1945 2224 διετῆ

364 2250 560 2323 χρόνον
591 2250 684 2303 καὶ
717 2247 894 2319 μῆνας
923 2247 983 2314 ἐξ
1013 2245 1382 2318 ἐδασανίσθην
1407 2246 1512 2323 ὑπὸ
1540 2245 1636 2299 τοῦ
1669 2245 1945 2316 δαίμονος.

365 2342 556 2397 Ταῦτα
579 2339 638 2394 δὲ
659 2337 898 2392 εἰποῦσα
923 2337 1180 2394 σταθεῖσα
1209 2338 1308 2392 καὶ
1338 2322 1787 2408 περίὁλεψαμὲνη
1809 2337 1947 2390 πάν-

366 2449 467 2495 τας
511 2431 639 2494 τοὺς
667 2428 1024 2494 ἐπισκόπους,
1059 2427 1154 2482 καὶ
1195 2429 1312 2500 μετ’
1339 2427 1524 2496 ὀλίγον
1566 2427 1951 2498 κατανοήσασα

365 2524 461 2579 τὸν
494 2522 649 2592 ἅγιον
679 2519 1004 2593 Γρηγόριον,
1043 2519 1260 2589 ἐπέγνω
1292 2519 1457 2574 αὐτόν
1478 2535 1492 2548 ·
1531 2519 1626 2573 καὶ
1667 2517 1952 2589 δραμοῦσα

367 2612 525 2684 παρὰ
554 2612 680 2675 τοὺς
708 2610 876 2674 πόδας
911 2607 1103 2673 αὐτοῦ,
1139 2609 1404 2662 κλαίουσα
1433 2607 1617 2676 ἔλεγεν
1648 2608 1705 2661 ἐν
1739 2607 1913 2678 ἰσχύει
1936 2623 1950 2637 ·

381 2702 638 2772 Ἐλέησόν
687 2719 777 2773 με,
809 2699 964 2755 δοῦλε
999 2697 1101 2754 τοῦ
1121 2699 1279 2766 Θεοῦ,
1326 2701 1422 2765 καὶ
1458 2699 1817 2771 συγχώρησόν
1862 2715 1953 2769 μοι

369 2795 438 2865 τῇ
463 2793 696 2863 ταπεινῇ
728 2791 790 2844 τὸ
823 2791 1144 2861 παράνομον
1173 2790 1267 2844 καὶ
1309 2789 1570 2861 ἀθέμιτον
1602 2791 1951 2862 συμϐούλιον,

367 2886 399 2939 ὃ
423 2885 660 2954 ἐποίησα
687 2885 769 2948 είς
800 2883 880 2938 σέ.
913 2885 988 2954 Ζῇ
1021 2883 1224 2952 Κύριος
1253 2883 1281 2934 6
1305 2881 1438 2946 Θεός
1470 2901 1596 2954 μου,
1623 2884 1685 2938 ού
1715 2884 1790 2954 μὴ
1822 2884 1958 2939 ἁνα-

371 2975 490 3031 στῶ
520 2977 586 3029 ἐκ
617 2974 728 3028 τῶν
753 2973 933 3030 ποδῶν
961 2975 1078 3038 σου,
1107 2973 1212 3037 ἕως
1239 2967 1301 3028 οὗ
1341 2974 1440 3045 τὴν
1471 2975 1824 3047 συγχώρησιν
1865 2993 1956 3048 μοι

2029 498 2270 560 domine,
2310 494 2480 565 probe
2510 493 2666 546 illum
2701 489 2836 564 {xei}
2870 489 2995 543 novi
3029 506 3043 541 :
3077 503 3218 558 saepe
3249 486 3396 541 enim
3430 487 3610 555 ipsum

2029 587 2299 652 videbam,
2336 599 2462 642 cum
2509 584 2699 640 urbem
2739 582 2935 646 obiret,
2989 589 3044 635 et
3075 595 3268 634 omnes
3297 578 3450 632 urbis
3485 591 3614 648 ege-

2031 696 2135 738 nos
2174 679 2453 743 inviseret,
2485 691 2550 734 ac
2577 675 2756 731 viduis
2784 672 3115 744 pupillisque
3163 671 3431 742 quidquid
3474 685 3615 740 opus

2031 769 2619 842 esset'suppeditaret;
2671 765 2804 836 quin
2856 773 2912 820 et
2945 779 3046 836 ego
3095 763 3296 818 misera
3327 777 3423 832 per
3451 776 3614 816 cura-

2037 873 2208 919 torem
2233 863 2354 933 ejus
2383 860 2578 931 stipem
2609 859 2681 914 ab
2709 873 2776 914 eo
2806 856 3050 928 quotidie
3078 855 3284 924 accepi.
3325 855 3455 907 Eam
3486 867 3616 907 vero

2034 969 2256 1010 rursum
2311 954 2648 1024 interrogant
2701 969 2716 1006 :
2762 949 3006 1004 At'enim
3047 955 3128 1012 tu,
3166 947 3386 1010 mulier,
3439 945 3618 998 virum

2037 1045 2186 1100 hunc
2223 1058 2519 1114 congressu
2571 1041 2820 1114 corporis
2852 1054 2959 1094 una
3005 1047 3188 1094 tecum
3223 1035 3396 1092 fuisse
3437 1035 3620 1090 nosti!

2037 1137 2138 1192 Hic
2161 1137 2254 1191 illa
2282 1136 2351 1190 ab
2376 1135 2489 1190 imo
2513 1141 2735 1204 pectore
2772 1130 3058 1199 suspirans
3098 1143 3163 1184 ac
3197 1129 3505 1198 lacrymans
3534 1126 3623 1180 in-

2041 1229 2186 1300 genti
2211 1243 2346 1285 voce
2375 1225 2630 1283 clamavit
2663 1242 2677 1279 :
2715 1223 2862 1280 Vivit
2895 1223 3162 1278 Dominus
3197 1221 3482 1285 virtutum,
3520 1219 3623 1274 ho-

2039 1321 2242 1376 minem
2271 1333 2373 1390 ego
2406 1309 2573 1382 hunc,
2601 1317 2728 1389 quis
2763 1317 2854 1383 sit,
2887 1323 3159 1386 quatenus
3197 1327 3412 1368 mecum
3455 1311 3628 1368 fuisse

2041 1421 2140 1461 vos
2165 1405 2406 1470 dixistis,
2443 1419 2554 1464 non
2579 1405 2720 1468 vidi;
2751 1419 2942 1460 verum
2997 1402 3233 1457 Sabinus
3261 1411 3315 1456 et
3359 1400 3626 1457 Crescen-

2043 1497 2228 1564 tinus,
2273 1499 2367 1568 qui
2399 1505 2525 1554 ante
2557 1513 2655 1554 vos
2687 1507 2900 1562 astant,
2937 1497 3012 1552 illi
3051 1496 3155 1566 ipsi
3185 1513 3276 1552 me
3321 1503 3383 1552 ut
3414 1495 3625 1566 iustum

2047 1593 2194 1647 hunc
2227 1606 2544 1647 accusarem
2589 1591 2889 1662 adegerunt
2922 1606 2937 1643 :
2980 1591 3267 1660 pecuniam
3306 1591 3451 1645 enim
3493 1591 3628 1646 milii

2045 1683 2182 1739 satis
2209 1673 2468 1754 grandem
2505 1683 2726 1747 dedere,
2759 1697 2892 1755 quo,
2933 1691 2991 1736 ut
3015 1683 3148 1748 dixi,
3184 1697 3308 1736 eum
3337 1683 3630 1753 redargue-

2046 1788 2165 1866 regn
2199 1772 2334 1842 (94),
2385 1771 2648 1840 injustum
2690 1787 2822 1827 ausa
2861 1769 3093 1832 facinus.
3134 1781 3193 1825 ut
3226 1787 3312 1826 me
3346 1772 3632 1827 hominum

2048 1861 2278 1920 istorum
2307 1863 2570 1934 iniquitas
2595 1863 2648 1916 in
2683 1861 2930 1917 fraudem
2960 1862 3152 1918 illexit.
3183 1863 3253 1917 At
3286 1862 3493 1918 crimen
3527 1864 3632 1918 hoc

2050 1970 2230 2010 meum
2286 1954 2552 2034 Dominus
2608 1953 2752 2010 Deus
2808 1955 2924 2024 pari
2976 1954 3082 2009 illis
3133 1969 3293 2025 poena
3351 1955 3630 2024 rependet.

2047 2046 2184 2104 Nam
2216 2062 2319 2120 ego
2353 2047 2572 2117 quidem
2624 2048 2905 2104 biennium
2951 2057 3006 2101 et
3049 2062 3266 2103 menses
3310 2061 3404 2102 sex
3446 2062 3476 2100 a
3526 2047 3632 2100 da:-

2049 2155 2214 2195 mone
2242 2141 2552 2195 excruciata
2591 2155 2732 2194 sum.
2783 2137 2879 2194 liis
2901 2139 3066 2195 dictis
3097 2153 3222 2194 cum
3249 2148 3401 2194 stans
3441 2139 3634 2194 oculos

2051 2229 2474 2292 circumtulisset
2506 2229 2580 2286 ad
2605 2243 2798 2285 omnes
2823 2229 3134 2300 episcopos,
3169 2231 3334 2300 paulo
3366 2237 3488 2299 post
3510 2243 3636 2283 san-

2052 2330 2200 2377 ctum
2233 2320 2552 2392 Gregorium
2580 2322 2942 2392 contemplata
2978 2321 3218 2393 agnovit,
3251 2330 3416 2392 atque
3444 2336 3640 2378 accur-

2008 2472 2012 2476 ,
2051 2427 2181 2468 rens
2202 2399 2279 2484 "ad
2313 2414 2474 2482 pedes
2501 2413 2643 2482 ejus.
2675 2413 2864 2470 multis
2893 2429 3018 2469 cum
3060 2414 3317 2485 lacrymis
3347 2423 3402 2468 et
3441 2429 3638 2483 magno

2053 2503 2222 2559 animi
2245 2503 2433 2559 dolore
2463 2506 2545 2559 sic
2568 2514 2812 2568 eum,est
2839 2506 3074 2560 allocuta
3106 2522 3121 2559 :
3147 2504 3400 2561 Misereat
3426 2515 3491 2593 ti
3508 2509 3634 2572 mei,

2055 2612 2089 2652 ο
2133 2595 2229 2650 Dei
2261 2610 2440 2660 serve,
2493 2611 2557 2651 ac
2607 2596 2874 2666 injustum
2923 2592 3282 2666 iniquumque
3321 2592 3634 2664 consilium,

2056 2689 2202 2755 quod
2234 2689 2288 2744 in
2321 2699 2372 2745 te
2400 2688 2782 2758 suscepi,mibi
2805 2687 3008 2743 infelici
3039 2697 3094 2742 et
3117 2687 3345 2758 abiecta:
3367 2690 3636 2744 remittas.

2062 2781 2204 2838 Vivit
2235 2783 2498 2838 Dominus
2523 2783 2669 2838 Deus
2703 2785 2879 2847 meus,
2912 2795 2942 2835 a
2989 2781 3218 2850 pedibus
3245 2796 3348 2852 ego
3389 2781 3497 2837 tuis
3529 2797 3640 2835 non

2058 2885 2185 2930 ante
2213 2875 2527 2937 abscedam,
2561 2889 2731 2946 qnam
2759 2875 2894 2939 mihi
2930 2872 3120 2944 flagitii
3153 2873 3256 2928 mei
3290 2877 3504 2928 veniam
3528 2889 3558 2928 a
3592 2883 3644 2929 tc

2059 2965 2242 3019 datam
2313 2964 2618 3050 renunties.
2666 2963 3038 3030 Quamobrem
3108 2979 3177 3018 ne
3241 2965 3645 3021 animadvertas

370 3067 716 3139 ἀπαγγείλῃς
740 3067 844 3137 τῆς
864 3065 1190 3138 παρανόμης
1223 3083 1324 3137 μου
1356 3064 1628 3137 πράξεως.
1653 3065 1745 3120 Διὸ
1773 3067 1850 3137 μὴ
1875 3068 1954 3140 ἐντ

2062 3067 2199 3107 nere
2219 3051 2554 3116 memineris,
2579 3052 2970 3117 Patersancte,
2992 3067 3114 3121 quae
3137 3067 3166 3106 a
3185 3067 3272 3108 me
3297 3054 3434 3108 mala
3453 3065 3644 3110 contra

373 3157 750 3230 νοήσῃς,μηδὲ
774 3157 1024 3230 μνησθῇς
1047 3149 1158 3212 τῶν
1185 3157 1316 3228 παρ’
1343 3157 1478 3228 ἐμοῦ
1506 3157 1855 3228 πραχθέντων
1881 3159 1960 3222 είς

377 3251 439 3305 σὲ
471 3249 683 3313 κακῶν,
717 3249 901 3324 Πάτερ
936 3248 1080 3319 ἅγιε.

447 3341 573 3396 OE'.
613 3339 802 3396 Ταῦτα
829 3341 887 3394 δέ
907 3342 1002 3394 ἐπὶ
1029 3341 1291 3408 πλείστας
1313 3343 1464 3414 ὥρας
1495 3343 1855 3414 διαλεγομένη
1884 3342 1962 3414 τῷ

375 3436 524 3506 ἁγίῳ
549 3437 584 3506 ή
609 3434 767 3506 κόρη,
795 3433 1120 3504 ἀποκριθεὶς
1149 3436 1178 3488 6
1197 3433 1355 3504 ἅγιος
1375 3434 1524 3504 λέγει
1557 3436 1694 3508 αὐτῇ
1722 3453 1736 3466 ·
1769 3433 1836 3495 *Ω
1865 3435 1958 3504 γύ-

379 3546 491 3591 ναι,
525 3528 627 3581 οὐκ
656 3525 806 3579 ἐστιν
827 3525 962 3595 ἡμῖν
1003 3527 1066 3579 τὸ
1098 3527 1550 3596 ἐπαγγείλασθαι,
1581 3529 1658 3590 ὡς
1698 3527 1762 3580 σὺ
1805 3527 1962 3600 νομί-

346 3619 350 3622 ’
383 3619 518 3684 ζεις,
549 3620 598 3672 εί
633 3615 708 3690 μὴ
738 3617 901 3688 μόνον
928 3616 1023 3671 τοῦ
1051 3614 1505 3690 φιλοικτίρμονος
1526 3621 1619 3674 καὶ
1649 3619 1960 3692 φιλανθρώ·

381 3730 486 3766 που
515 3711 652 3766 Θεοῦ
678 3709 842 3781 ήμῶν
861 3725 876 3740 ο
913 3709 1078 3775 αὐτὸς
1105 3710 1216 3782 γὰρ
1245 3713 1394 3766 ἰᾶται
1421 3711 1492 3766 τὰ
1528 3711 1826 3782 τραύματα
1853 3713 1962 3767 τῶν

377 3804 568 3878 ψυχῶν
593 3802 773 3874 ήμῶν,
795 3802 826 3854 6
855 3802 924 3854 τὰ
963 3802 1112 3874 πάθη
1155 3803 1223 3856 δι’
1250 3801 1408 3874 ήμῶν
1436 3803 1703 3866 ἑκουσίως
1733 3804 1962 3872 ὑπομεί-

377 3916 500 3964 νας,
519 3896 613 3951 καὶ
627 3893 916 3963 γινώσκων
943 3893 1042 3964 τῆς
1071 3895 1274 3968 σαρκὸς
1302 3895 1372 3950 τὰ
1403 3893 1572 3965 πάθη,
1596 3893 1672 3958 ὼς
1693 3893 1960 3964 πλάστης,

377 3996 474 4048 καὶ
499 3993 858 4064 ἐνδυσάμενος
889 3989 1093 4064 αύτήν.
1111 3986 1278 4059 Πλὴν,
1306 3985 1492 4055 γύναι,
1511 3983 1624 4056 δῴη
1649 3985 1784 4056 ἡμῖν
1803 3984 1964 4048 αὐτὸς

380 4063 732 4156 συγχώρησιν
759 4083 905 4139 κατὰ
935 4083 1002 4137 τὰ
1031 4063 1308 4152 αἰτήματα
1330 4078 1508 4150 ήμῶν,
1539 4079 1632 4135 καὶ
1665 4077 1964 4148 καθαρίσαι

375 4181 532 4248 ἡμᾶς
563 4178 674 4233 ἀπὸ
705 4177 886 4248 πάσης
922 4173 1218 4246 ἁμαρτίας,
1253 4173 1334 4226 ὅτι
1367 4170 1532 4234 αὑτός
1558 4171 1708 4224 ἐστιν
1739 4171 1767 4222 ὁ
1795 4170 1964 4241 αἴρων

377 4267 485 4337 τὴν
517 4265 796 4336 ἁμαρτίαν
841 4261 938 4318 τοῦ
974 4261 1206 4330 κόσμου.
1251 4260 1362 4314 Καὶ
1412 4260 1693 4331 κρατήσας
1743 4259 1964 4330 ήγειρεν

379 4358 576 4428 αὐτήν.
625 4357 876 4426 Ἐγὲνετο
907 4355 966 4408 δὲ
995 4352 1160 4423 φόϐος
1189 4352 1283 4405 ἐπὶ
1306 4341 1518 4414 πάντας
1543 4352 1670 4426 τρὺς
1709 4351 1868 4414 δντας
1906 4351 1966 4404 ἐν

2068 3153 2118 3197 te
2152 3142 2389 3222 admissa
2417 3143 2548 3197 sint.

2137 3346 2350 3402 LXXV.
2387 3348 2515 3403 llaec
2559 3347 2636 3402 illi
2680 3349 2844 3403 etiam
2907 3358 3070 3418 atque
3104 3349 3268 3404 etiam
3323 3349 3648 3404 edisserenti

2065 3438 2144 3493 sic
2171 3437 2407 3508 denique
2431 3446 2656 3493 sanctus
2686 3438 2768 3492 vir
2796 3439 3076 3509 respondit
3105 3456 3119 3492 :
3164 3437 3448 3504 Nostrum,
3473 3453 3506 3492 o
3530 3454 3650 3494 mu-

2064 3529 2183 3594 lier,
2218 3545 2328 3586 non
2363 3540 2466 3596 est,
2499 3531 2645 3594 sicut
2675 3541 2730 3586 tu
2788 3543 2967 3601 putas,
3016 3532 3330 3588 renuntiare
3375 3531 3519 3603 quod
3555 3547 3652 3588 cn-

2064 3621 2172 3691 pis,
2203 3622 2297 3676 sed
2329 3621 2424 3677 Dei
2463 3622 2630 3678 unius
2660 3623 2830 3678 nostri
2865 3624 3198 3694 indulgentis
3226 3639 3289 3678 ac
3313 3624 3648 3678 miserentis.

2065 3710 2185 3782 ipse
2213 3713 2362 3767 enim
2397 3713 2707 3768 animorum
2739 3723 3057 3770 nostrorum
3087 3715 3311 3769 vulnera
3341 3723 3520 3777 sanat,
3553 3715 3646 3784 qui

2064 3803 2405 3861 voluntarios
2434 3818 2534 3874 pro
2579 3805 2738 3859 nobis
2777 3805 2946 3858 subiit
2979 3797 3278 3868 cruciatus,
3325 3816 3377 3858 et
3422 3803 3647 3860 humani

2065 3895 2303 3964 generis,
2339 3894 2483 3964 quod
2529 3895 2768 3950 condidit
2808 3883 2948 3950 idem
2990 3907 3155 3966 atque
3189 3897 3385 3962 induit,
3419 3897 3648 3954 affectus

2066 3986 2236 4040 novit.
2276 3986 2547 4042 Caeterum
2577 3988 2669 4042 det
2714 3987 2828 4057 ipse
2860 3987 3040 4054 nobis,
3073 4003 3106 4043 ο
3147 3989 3364 4054 mulier,
3406 3991 3646 4054 veniam,

2066 4092 2229 4147 quam
2260 4078 2460 4149 singuli
2512 4067 2768 4148 petimus,
2805 4093 3012 4148 nosque
3042 4079 3112 4134 ab
3143 4080 3293 4134 omni
3333 4081 3457 4136 labe
3488 4097 3648 4136 mun-

2067 4167 2406 4240 det;qu'ippe
2432 4170 2548 4242 ipse
2569 4181 2672 4237 est,
2700 4172 2793 4242 qui
2827 4159 2967 4226 tollit
2993 4179 3215 4242 peccata
3243 4172 3456 4226 mundi.
3487 4173 3652 4228 Eam-

2067 4277 2174 4332 que
2202 4271 2392 4318 tenens
2415 4264 2692 4320 excitavit.
2727 4263 2930 4320 Omnes
2949 4278 3100 4331 vero,
3132 4265 3226 4334 qui
3255 4265 3311 4319 in
3341 4273 3532 4320 sancta
3560 4265 3650 4320 illa

2071 4354 2281 4423 synodo
2329 4363 2504 4418 erant,
2551 4356 2716 4410 timor
2749 4355 2911 4426 cepit,
2968 4354 3180 4426 fuitque
3234 4356 3479 4411 omnium
3520 4370 3648 4422 vox,

378 4452 446 4519 τῇ
474 4416 609 4520 ἁγίᾳ
645 4416 849 4517 συνόδῳ
879 4416 1084 4516 ἐκείνῃ,
1115 4416 1258 4497 ὥστε
1297 4443 1478 4512 λέγειν
1521 4416 1732 4506 πάντας
1755 4458 1768 4473 ⁶
1801 4443 1954 4495 Εὐλο-

2072 4416 2194 4501 Deo.
2231 4445 2418 4503 laudes
2457 4416 2791 4514 tribuendas,
2815 4416 2932 4519 .qni
2985 4416 3143 4504 talem
3199 4449 3306 4505 sibi
3339 4416 3651 4519 operarium

381 4541 552 4610 γητδς
583 4542 610 4594 6
633 4539 766 4602 Θεδς
794 4525 904 4592 τῶν
940 4535 1166 4606 πατρῶν
1199 4535 1378 4606 ἡμῶν,
1411 4537 1494 4589 ὅτι
1535 4533 1776 4588 τοιοῦτον
1801 4535 1964 4606 ἐργά-

383 4649 488 4702 την
516 4631 698 4700 ἐαυτῷ
735 4631 764 4684 6
796 4629 928 4693 Θεὸς
966 4625 1335 4699 ἐφανέρωσεν,
1369 4627 1465 4680 καὶ
1497 4625 1768 4692 ἀνέδειξεν
1805 4628 1863 4680 ἐν
1891 4625 1968 4697 τῷ

387 4724 579 4793 κόσμῳ
608 4725 668 4776 ἐν
697 4724 821 4784 ταῖς
859 4720 1120 4790 ἐσχάταις
1147 4719 1388 4790 ἡμέραις.
1409 4718 1660 4782 ταύταις.
1696 4717 1883 4772 Ταῦτα
1910 4716 1970 4770 δέ

384 4816 567 4874 αὐτῶν
599 4814 888 4878 εἰπόντων,
920 4813 1258 4881 ἀπεκίνησαν
1289 4813 1384 4866 καὶ
1407 4810 1650 4884 ἀπῆλθον
1684 4813 1742 4864 ἐν
1776 4815 1840 4884 τῇ
1874 4815 1968 4866 ἐκ·

381 4907 611 4978 κλησίᾳ,
641 4907 737 4960 καὶ
776 4904 874 4975 τὴν
908 4903 1057 4958 θείαν
1084 4901 1503 4968 ἐπιτελέσαντες
1555 4905 1966 4974 μυσταγωγίαν,

383 5002 481 5056 καὶ
506 4997 904 5069 μεταλαὸόντες
929 4995 1027 5050 τοῦ
1057 4996 1328 5068 άχράντου
1358 4995 1610 5066 σώματος
1641 4995 1735 5049 τοῦ
1761 4997 1970 5068 Κυρίου

383 5091 544 5162 ήμῶν
586 5088 762 5160 Ἰησοῦ
786 5088 1049 5160 Χριστοῦ,
1078 5087 1285 5157 ἔφαγον
1316 5087 1480 5158 ἄρτον
1511 5089 1569 5160 ἐν
1597 5084 1848 5162 τραπέζῃ
1875 5089 1970 5142 τοῦ

385 5184 544 5236 πάπα
578 5180 637 5232 ἐν
671 5181 738 5250 τῇ
764 5179 950 5248 ήμέρᾳ
973 5178 1161 5250 ἐκείνῃ
1189 5177 1323 5231 οἵτε
1350 5176 1641 5248 ἐπίσκοποι
1671 5179 1774 5248 τῆς
1814 5179 1986 5253 ’ᾼνατ

385 5273 571 5343 τολῆς,
601 5272 696 5324 καὶ
729 5272 758 5324 6
797 5269 1122 5340 σπαθάριος,
1152 5270 1250 5323 καὶ
1275 5270 1304 5322 6
1337 5268 1494 5337 ἅγιος
1523 5267 1845 5340 Γρηγόριος,
1879 5271 1974 5324 καὶ

383 5366 416 5418 ό
432 5381 502 5434 χα
512 5359 808 5434 ρτοφύλαξ.
837 5355 946 5414 Ἦν
966 5359 1022 5412 δέ
1042 5362 1071 5413 6
1090 5359 1246 5428 ἆγιος
1267 5357 1570 5430 Γρηγόριος
1591 5359 1741 5432 ἄρτῳ
1767 5361 1973 5432 βραχυ-

384 5457 536 5520 τάτῳ
571 5451 936 5526 ἀρκούμενος,
969 5451 1062 5506 καὶ
1092 5451 1345 5523 λαχάνοις
1385 5451 1514 5506 ἄνευ
1552 5451 1756 5507 ἐλαίου.
1801 5454 1976 5507 Ἐκεῖ-

387 5547 482 5604 θεν
523 5547 584 5602 δέ
633 5544 942 5612 ἐξελθόντες
993 5543 1217 5615 ἔμειναν
1271 5543 1570 5616 ἀμφότεροι
1615 5544 1675 5598 ἐν
1712 5545 1791 5615 τῷ
1833 5545 1972 5618 ἅμα,

454 5727 570 5802 (94)
599 5728 734 5786 Cod.
771 5729 822 5793 1,
852 5728 960 5795 ἵνα,
993 5727 1068 5790 ὡς
1088 5716 1270 5790 ἐίπον,
1297 5723 1626 5792 καταπλέξω
1647 5724 1830 5780 αὐτόν.

759 5839 1035 5901 ΡΑτιιοῐ..
1081 5839 1197 5900 Gtt.
1246 5835 1528 5901 XCVIII.

2069 4537 2420 4608 prodidisset,
2466 4555 2702 4612 eumque
2730 4543 2991 4597 extremis
3019 4541 3127 4596 illis
3157 4542 3349 4596 diebus
3378 4542 3500 4597 orbi
3533 4558 3651 4597 man

2069 4627 2402 4686 nifestasset.
2437 4631 2684 4700 Dumque
2716 4632 2832 4688 haec
2865 4632 3129 4695 dicerent.
3157 4633 3438 4688 discedere
3467 4648 3654 4704 caepe-

2070 4727 2220 4783 runt,
2282 4729 2446 4792 atque
2487 4721 2542 4774 in
2587 4723 2850 4792 templum
2895 4723 3126 4794 ingressi
3183 4739 3338 4780 sacra
3389 4725 3650 4796 mysterii

2071 4825 2327 4882 peregere
2353 4821 2408 4868 et
2432 4813 2784 4870 immaculato
2807 4827 3038 4886 corpore
3077 4813 3290 4872 Domini
3321 4819 3496 4874 nostri
3520 4817 3654 4874 Jcsn

2071 4903 2275 4959 Christi
2327 4904 2518 4959 refecti
2569 4917 2718 4962 sunt.
2755 4907 2954 4963 Eodem
2989 4909 3076 4964 die
3108 4911 3346 4980 pontifex
3378 4913 3654 4968 maximus

2071 4993 2360 5064 episcopos
2409 4991 2678 5058 Orientis,
2717 4995 3082 5064 spatbarium,
3130 5008 3382 5054 sanctum
3450 4998 3658 5070 Gregoc

2076 5086 2214 5140 rium
2264 5095 2319 5142 et
2370 5086 2847 5157 chartepliylacem
2894 5089 3150 5148 convivio
3182 5091 3441 5162 accepit:
3485 5098 3662 5160 quan-

2075 5193 2236 5250 quam
2285 5187 2511 5235 sanctus
2556 5176 2857 5249 Gregorius
2899 5181 3100 5254 exiguo
3140 5197 3279 5258 pane
3325 5193 3378 5236 et
3416 5182 3661 5238 oleribus

2076 5269 2193 5324 sine
2226 5267 2348 5324 oleo
2373 5277 2670 5324 contentus
2711 5267 2833 5324 fuit.
2878 5268 3006 5326 Inde
3035 5273 3263 5342 egressi,
3298 5285 3548 5326 mansere
3579 5271 3660 5325 si-

2077 5363 2189 5416 mul
2251 5363 2392 5430 apud
2444 5360 2727 5430 episcopos
2785 5359 3188 5432 Gregoriusct
3239 5361 3550 5432 spatbarius
3607 5370 3663 5416 et

2076 5453 2474 5527 chartophylax
2517 5471 2531 5510 :
2579 5469 2642 5508 ac
2675 5452 2860 5528 [xcn]
2901 5465 3115 5528 noctem
3167 5463 3336 5508 totam
3385 5452 3663 5510 insomnes

2079 5545 2372 5602 traduxere
2415 5544 2638 5616 singuli,
2673 5560 2811 5616 quos
2859 5545 2988 5611 dixi,
3029 5544 3366 5598 admirantes
3393 5550 3504 5598 tam
3544 5541 3663 5615 θεαῖς

3181 5826 3263 5887 22.
