4054 6204
501 349 616 415 687

1492 362 1550 427 s.
1590 341 1971 429 GREGORII
2021 327 2739 431 AGRIGENTINI'VITA

3619 367 3712 432 688

507 477 630 516 sum
662 459 764 516 hoc
790 458 1057 516 dederunt
1084 480 1098 518 :
1129 463 1186 519 Si
1215 481 1337 520 cum
1370 448 1544 525 his-tu
1571 488 1787 542 quoque
1817 476 1977 542 petis,
2009 491 2076 528 ne

2195 493 2275 530 ποι
2308 475 2402 530 σὺν
2433 475 2510 545 τῷ
2535 472 2690 548 πάπᾳ
2720 465 3023 545 ἐδάκρυσαν
3053 473 3146 528 καὶ
3172 467 3349 528 εῖπον”
3375 473 3434 528 Ei
3457 474 3600 540 αὐτὸς
3629 481 3714 532 σὺν

509 551 637 618 quid
671 550 968 618 patiantur,
995 553 1260 625 nihiljam
1295 559 1490 616 ad'nos
1511 564 1760 630 pertinet.
1792 563 1925 618 Nam
1954 566 2081 620 illud

508 639 727 708 quidem
763 657 888 696 Vere
914 645 1176 714 scriptum
1209 656 1313 712 est,
1358 651 1572 706 Domini
1603 656 1768 710 unius
1821 657 2079 710 ultionem

504 750 646 790 esse.
709 735 1049 808 lgitnr'jussi
1085 738 1286 795 milites
1307 740 1583 798 dimittere
1614 759 1729 810 eos,
1762 761 1870 816 quo
1895 762 2085 802 rursus

501 827 694 881 eodem
727 841 918 883 omnes
960 829 1336 886 convenirent.
1380 831 1592 888 Accidit
1630 851 1783 899 vero,
1814 837 1942 890 dum
1977 850 2085 891 uno

501 916 560 969 in
586 918 710 972 loco
734 934 925 974 omnes
955 927 1158 984 essent,
1194 931 1254 975 ut
1300 923 1536 991 procella
1580 926 2086 995 lmproviso-crum-

499 1019 673 1077 paret,
703 1019 758 1065 et
805 1011 960 1068 locus
991 1011 1103 1078 ille,
1150 1015 1206 1068 in
1245 1031 1356 1086 quo
1397 1027 1744 1075 accusatores
1787 1027 1962 1085 erant,
1993 1019 2088 1074 ob-

505 1113 840 1158 scuraretur.
865 1104 1070 1160 Ventus
1095 1120 1259 1176 porro
1287 1109 1486 1164 eterra
1506 1109 1654 1176 exiit,
1680 1119 1735 1166 et
1755 1110 1890 1166 adeo
1913 1111 2082 1166 densa

503 1194 684 1265 caligo
713 1211 906 1252 omnes
937 1199 1090 1263 texit,
1121 1207 1182 1254 ut
1227 1207 1379 1254 terra
1435 1201 1738 1268 dehiscere,
1788 1217 1994 1272 eosque
2025 1201 2083 1256 in

505 1285 822 1354 voraginem
862 1287 1148 1357 abreptura
1180 1305 1302 1345 esse
1330 1291 1610 1345 videretur
1653 1310 1667 1344 :
1699 1306 1872 1362 quare
1899 1291 2082 1348 omnis

501 1391 725 1446 quoque
770 1379 1010 1447 synodus
1039 1389 1333 1445 commota,
1367 1382 1600 1438 sublatis
1640 1383 1707 1437 ad
1739 1383 1942 1439 coelum
1975 1399 2088 1438 ma-

505 1469 670 1522 nibus
692 1469 1036 1524 inclamavit:
1061 1470 1302 1535 Domine,
1325 1475 1592 1528 miserere.
1614 1475 1684 1528 At
1704 1475 1783 1530 rei
1803 1476 1980 1529 exitus
1999 1477 2086 1531 hic

505 1559 630 1614 iuit.
672 1560 840 1615 Paulo
873 1571 994 1630 post
1024 1563 1222 1634 caligo,
1263 1579 1382 1634 qua:
1410 1565 1516 1620 illis
1548 1564 1890 1630 incubuerat,
1921 1565 2086 1620 dissi-

503 1662 632 1720 pata
661 1661 762 1712 rst.
795 1663 848 1707 at
893 1655 1074 1708 vultus
1112 1669 1329 1720 eorum,
1356 1656 1631 1725 nigrantes
1673 1665 2082 1726 apparuerunt;

507 1745 873 1811 quorumdam
899 1761 1028 1799 vero
1053 1754 1160 1799 tota
1192 1745 1362 1802 facies
1382 1748 1610 1801 omnino
1633 1747 1911 1817 nigruerat
1930 1746 2040 1816 (99)
2065 1764 2081 1799 :

511 1833 696 1889 Sabini
733 1836 785 1888 in
825 1835 1014 1904 primis
1042 1846 1097 1891 et
1122 1837 1460 1892 Crescentini
1510 1838 1852 1908 aliorumque
1877 1839 2082 1892 multo-

508 1943 654 1990 rum,
683 1928 880 1997 quihus
937 1941 1194 1998 prmterea
1233 1931 1374 1986 labia
1415 1947 1634 2002 quoque
1684 1933 1820 1986 adeo
1865 1932 2084 1987 diducta

504 2028 660 2082 sunt,
697 2028 755 2072 ut
787 2023 870 2074 vix
903 2035 964 2074 ea
997 2030 1201 2076 tantum
1245 2021 1515 2078 adducere
1553 2032 1792 2093 possent,
1819 2017 2085 2093 quantum

509 2111 573 2162 a-l
607 2111 940 2176 loquendum
977 2129 1116 2182 opus
1145 2124 1314 2169 esset.
1353 2112 1558 2169 Ultimo
1589 2115 1692 2169 hoc
1711 2115 1964 2186 prodigio
2001 2114 2088 2168 di-

499 2202 636 2255 -viua
671 2203 722 2254 in
754 2213 1105 2258 accusatores
1133 2203 1212 2258 ira
1250 2205 1584 2274 conquievit.
1633 2205 1814 2273 Quare
1848 2207 2091 2278 synodus

509 2295 767 2348 universa
797 2295 1050 2350 clamavit
1099 2313 1113 2350 :
1157 2294 1312 2352 Nunc
1355 2297 1590 2367 denique
1631 2298 1896 2353 Dominus
1944 2300 2092 2353 chri-

513 2397 657 2440 swm
703 2385 780 2455 (l)
823 2401 984 2440 suum
1027 2401 1296 2454 servasse,
1342 2403 1487 2443 nunc
1513 2403 1544 2444 e
1571 2389 1712 2443 cmlo
1757 2397 1946 2444 sancto
1991 2405 2093 2444 suo

513 2489 705 2544 preces
733 2476 854 2545 ejus
897 2476 1210 2533 exaudiisse
1249 2478 1404 2534 visus
1429 2487 1533 2534 est.
1560 2477 1788 2550 Magnus
1835 2478 2094 2550 Dominus

489 2578 717 2634 ‘noster,
747 2577 802 2623 et
827 2583 1024 2638 magna
1059 2569 1236 2626 virtus
1259 2570 1410 2641 ejus;
1457 2580 1512 2627 et
1549 2587 1653 2626 non
1684 2580 1768 2626 est
1802 2557 2096 2642 investiga-

515 2657 592 2712 tio
619 2657 834 2712 consilii
863 2659 1002 2728 ejus.
1051 2657 1194 2715 Vere
1225 2675 1458 2731 magnus
1480 2671 1534 2717 et
1579 2662 1868 2718 laudabilis
1908 2662 2092 2730 nimis,

513 2756 568 2802 et
603 2749 1012 2828 magnitudinis
1053 2750 1176 2821 ejus
1223 2766 1333 2806 non
1369 2760 1456 2807 est
1505 2751 1647 2808 finis.
1682 2751 1827 2808 Bene
1871 2754 2096 2808 Domino

513 2840 764 2894 dicamus
812 2839 922 2895 Deo
953 2849 1166 2904 nostro,
1217 2843 1309 2911 qui
1355 2843 1544 2897 omnia
1591 2843 1846 2900 utilitatis
1895 2854 2098 2899 nostra:

512 2945 682 2985 causa
713 2927 874 2999 facit;
918 2931 1034 3001 ipse
1062 2933 1209 2986 enim
1247 2933 1430 2988 noscit.
1453 2933 1548 3002 qui
1581 2949 1711 2990 eum.
1743 2933 1950 3002 amant,
1977 2937 2099 3005 qui-

517 3039 624 3093 que
653 3021 916 3078 voluntati
955 3023 1086 3093 ejus
1123 3024 1520 3094 obsequuntur,
1571 3041 1636 3080 ac
1686 3035 1867 3082 servat
1893 3041 2009 3090 eos,
2045 3037 2098 3082 et
2137 3018 2140 3020 ’

2185 566 2368 628 αὐτοῖς
2416 567 2588 628 αἰτεῖς
2635 565 2735 636 τὴν
2777 565 3046 618 ἀπάθειαν
3077 563 3272 626 αὐτῶν,
3309 563 3460 633 ἡμεῖς
3512 568 3719 637 πρᾶγμα

2183 653 2282 706 οῦκ
2324 653 2520 724 ἔχομεν
2545 669 2559 684 ο
2595 653 2752 706 τοῦτο
2777 654 2885 722 γὰρ
2927 651 3138 725 ἀληθῶς
3168 651 3488 720 γέγραπται,
3530 654 3605 708 ὅτι
3633 657 3718 708 τοῦ

2185 745 2391 814 Κυρίου
2422 747 2453 813 ἡ
2478 744 2758 813 ἐκδίκησις
2786 747 2969 814 μόνου.
2999 743 3108 797 Kal
3131 741 3410 795 ἐκέλευσεν
3431 742 3612 807 αὖτοὺς
3631 747 3723 812 ἀφ-

2189 833 2325 884 ιέναι
2360 831 2490 894 τοὺς
2525 831 2892 903 στρατιώτας,
2925 833 3023 886 καὶ
3066 832 3230 885 πάλιν
3264 833 3322 884 ἐν
3363 831 3438 902 τῷ
3467 833 3576 902 ἅμα
3615 851 3726 888 συν-

2185 923 2540 994 αθροισθῆναι
2563 923 2828 987 ἅπαντας.
2871 923 3114 992 Ἐγένετο
3133 922 3192 977 δέ
3216 923 3273 975 ἐν
3295 921 3372 992 τῷ
3395 921 3581 986 αὐτοὺς
3599 919 3728 978 εἶναι

2185 1013 2244 1066 ἐν
2267 1075 2270 1080 _
2293 1013 2373 1065 ἐνὶ
2417 1013 2590 1083 τόπῳ,
2625 1015 2850 1083 γέγονεν
2897 1015 3094 1085 αι’φνης
3151 1013 3350 1081 λαίλαψ
3391 1013 3602 1084 ἀνέμου,
3644 1017 3730 1068 καὶ

2186 1105 2478 1166 ἐσκότασεν
2511 1106 2542 1158 ὁ
2569 1105 2752 1170 τόπος,
2793 1107 2852 1159 ἐν
2881 1097 2928 1173 ᾧ
2965 1106 3182 1160 ἵσταντο
3216 1107 3266 1160 οἱ
3294 1106 3617 1177 κατήγοροι·
3646 1109 3733 1160 καὶ

2189 1196 2299 1250 ίδοὺ
2324 1195 2522 1266 ἄνεμος
2545 1195 2769 1267 ἐξῆλθεν
2791 1198 2857 1251 ἐκ
2878 1198 2979 1268 τῆς
2999 1198 3126 1269 γῆς,
3153 1198 3249 1252 καὶ
3270 1197 3534 1269 ἐκάλυψεν
3555 1199 3733 1263 αὐτοὺς

2185 1289 2396 1349 πάντας
2422 1289 2622 1358 γνόφος
2650 1289 2916 1362 σκοτινδς,
2950 1287 3090 1343 ὥστε
3109 1295 3118 1310 ⁵
3137 1290 3344 1353 πάντας
3379 1289 3572 1358 λέγειν,
3601 1289 3676 1344 ὅδτι
3705 1293 3735 1360 ὴ

2186 1381 2259 1450 γῆ
2287 1380 2478 1451 ἔχανεν
2504 1381 2602 1434 καὶ
2627 1379 2890 1434 κατέπιεν
2917 1381 3140 1446 αὐτούς.
3173 1381 3282 1436 Kal
3311 1383 3460 1436 πᾶσα
3483 1383 3516 1451 ἡ
3539 1381 3736 1444 σύνοδος

2185 1475 2266 1538 εἰς
2293 1471 2392 1526 τὸν
2414 1472 2644 1544 οὐρανὸν
2680 1473 2782 1536 τὰς
2813 1475 3002 1544 χεῖρας
3025 1459 3264 1546 αραντες
3291 1473 3542 1544 ἔκραζον,
3567 1473 3740 1540 λέγον-

2183 1582 2276 1628 τες
2299 1565 2380 1618 τό·
2399 1566 2575 1633 Κύριε
2594 1550 3004 1632 ἐλέησον.Καὶ
3025 1563 3085 1618 τὸ
3105 1565 3169 1636 δὴ
3195 1565 3391 1634 πέρας,
3435 1567 3549 1634 μετ’
3575 1563 3739 1632 ὀλίγον

2185 1653 2464 1723 διεσχίσθη
2498 1655 2528 1706 ό
2567 1654 2764 1722 γνόφος
2806 1651 3084 1708 ἐπάνωθεν
3107 1653 3321 1706 αὐτῶν*
3351 1651 3443 1705 καὶ
3480 1651 3740 1719 ἐφάνησαν

2186 1747 2255 1800 τὰ
2289 1745 2558 1812 πρόσωπα
2594 1745 2774 1800 αὐτῶν
2819 1735 3266 1816 μεμελανωμένα,
3298 1743 3407 1799 τῶν
3435 1743 3491 1797 δὲ
3516 1743 3608 1798 xal
3633 1743 3742 1796 όλό-

2184 1839 2363 1908 κληρα
2381 1839 2450 1892 τὰ
2466 1837 2734 1906 πρόσωπα
2747 1817 2928 1890 αὐτῶν
2954 1837 3400 1908 ἐμελανώθησαν.
3429 1836 3650 1890 Σαϐίνου
3669 1835 3741 1892 δέ.

2184 1931 2280 1984 καὶ
2308 1929 2738 2001 Κρησκεντίνου,
2781 1931 2883 1984 καὶ
2912 1929 3116 2002 ἐτέρών
3145 1929 3360 1984 πολλῶν
3401 1929 3462 1982 οὐ
3497 1928 3650 2000 μόνον
3683 1927 3745 1980 τὰ

2185 1998 2454 2092 πρόσώπα
2493 2021 2673 2076 αὐτῶν
2710 1998 3150 2092 ἐμελανώθησαν,
3181 2020 3331 2090 ἀλλὰ.
3365 2018 3464 2074 καὶ
3501 1998 3570 2072 τὰ
3603 2017 3743 2088 χείλη

2185 2115 2368 2169 αὐτῶν
2417 2113 2854 2185 κατηνέχθησαν,
2897 2112 3039 2173 ὥστε
3082 2113 3236 2184 μόλις
3269 2109 3470 2176 αὐτοὺς
3503 2111 3744 2166 δύνασθαι

2191 2204 2546 2277 περισφίγξαι
2571 2205 2710 2258 αὐτὰ
2738 2205 2824 2269 εἰς
2843 2204 2904 2258 τὸ
2930 2204 3182 2275 λαλῆσαι.
3213 2205 3421 2259 Τούτου
3448 2205 3505 2258 δὲ
3534 2203 3742 2272 γενομὲ-

2189 2313 2281 2348 νου
2323 2295 2418 2348 τοῦ
2459 2293 2688 2366 σημείου
2735 2293 3018 2366 ἐτελειώθη
3057 2295 3196 2366 όργὴ
3232 2297 3316 2360 είς
3360 2297 3488 2359 τοὺς
3527 2294 3746 2364 κατηγόο

2191 2404 2341 2458 ρους.
2372 2385 2644 2461 Ἔκραξεν
2669 2386 2820 2440 πᾶσα
2847 2387 2880 2456 ἡ
2911 2385 3126 2448 σύνοδος
3153 2385 3395 2455 λέγουσα
3411 2403 3438 2451 ο,
3459 2380 3573 2440 Νῦν
3595 2386 3748 2454 ἐγνώ-

2192 2491 2388 2545 καμεν,
2415 2474 2500 2528 ὅτι
2549 2473 2751 2528 ἔσωσεν
2791 2473 2997 2545 Κύριος
3040 2475 3136 2528 τὸν
3174 2477 3404 2546 χριστὸν
3444 2475 3624 2536 αὑτοῦ,
3663 2476 3748 2528 καὶ

2193 2563 2499 2634 ἐπήκουσεν
2549 2561 2716 2616 αὐτοῦ
2748 2562 2808 2628 ἐξ
2840 2563 3069 2633 οὐρανοῦ
3101 2565 3257 2633 ἁγίου
3293 2566 3481 2621 αὐτοῦ.
3521 2565 3698 2632 Μέγας
3723 2566 3748 2616 ὸ

2195 2651 2400 2720 Κύριος
2431 2653 2610 2723 ἡμῶν,
2649 2652 2747 2707 καὶ
2787 2653 2994 2726 μεγάλη
3017 2655 3062 2726 τι,
3105 2657 3263 2725 ἰσχὺς
3297 2655 3504 2712 αὑτοῦ⁸
3540 2656 3630 2711 καὶ
3659 2655 3750 2708 οὐκ

2193 2741 2343 2796 ἐστιν
2368 2741 2714 2814 ἐξερεύνησις
2741 2745 2843 2810 τῆς
2863 2744 3179 2814 φρονήσεως
3197 2744 3380 2803 ,αὐτοῦ
3403 2764 3417 2778 ’
3445 2745 3650 2816 ἀληθῶς
3676 2743 3759 2814 μέ-

2193 2851 2298 2902 γας
2319 2833 2415 2887 καὶ
2439 2821 2649 2896 ἆίνετὸς
2672 2825 2899 2904 σφόδρα,
2921 2834 3016 2887 καὶ
3044 2833 3146 2903 τῆς
3177 2835 3582 2905 μεγαλωσύνης
3607 2829 3757 2888 αὑτοῦ

2197 2926 2298 2980 οῦκ
2325 2924 2475 2978 ἐστιν
2506 2923 3033 2996 πέραςιιΕῦλογητδς
3068 2925 3274 2994 Κύριος
3317 2929 3348 2981 ό
3374 2926 3512 2990 Θεὸς
3550 2926 3698 2996 ἡμῶν
3733 2927 3759 2979 ό

2198 3013 2376 3068 πάντα
2406 3015 2543 3085 πρὸς
2591 3013 2652 3066 τδ
2693 3013 2970 3084 συμφέρον
3008 3013 3414 3086 ἐργαζόμενος.
3466 3016 3631 3081 Δῦτδς
3664 3015 3762 3086 γὰρ

517 3117 586 3170 tle
617 3115 963 3171 inimicorum
996 3132 1160 3172 manu
1207 3125 1370 3188 atque
1416 3132 1480 3172 ex
1526 3119 1675 3174 omni
1705 3119 1996 3174 amictione
2027 3119 2096 3174 li-

2195 3109 2454 3175 γινώσκει
2478 3105 2606 3170 τοὺς
2631 3105 2962 3175 ἀγαπῶντας
2982 3098 3168 3170 αὑτὸν,
3203 3109 3314 3164 καὶ
3341 3109 3471 3173 τοὺς
3499 3108 3760 3169 ποιοῦντας

520 3209 692 3262 bcrat.
724 3206 842 3278 Ipse
870 3208 1139 3278 justitiam
1175 3209 1443 3278 impertit,
1480 3210 1598 3278 ipse
1646 3210 1908 3280 mysteria
1955 3225 2100 3266 reve-

520 3298 620 3362 lat,
659 3299 776 3370 ipse
810 3300 1184 3356 metuentibus
1217 3315 1340 3356 eum
1397 3301 1627 3356 salutem
1658 3300 1848 3366 affert;
1885 3317 2100 3372 semper

519 3390 666 3444 enim
699 3404 868 3460 prope
913 3399 997 3446 est
1052 3391 1437 3448 invocantibus
1469 3406 1596 3445 eum
1651 3392 1703 3445 in
1759 3393 2006 3458 veritate,
2032 3403 2097 3450 _et

521 3497 614 3534 eos
646 3479 796 3553 [xcv]
838 3481 1088 3536 celeriter
1119 3482 1423 3547 ulciscitur,
1471 3483 1617 3554 quod
1667 3485 1784 3540 sine
1825 3485 2098 3542 intermis-

495 3573 678 3628 --sioue
703 3573 943 3628 clamant
971 3573 1038 3628 ad
1067 3587 1191 3628 eum
1224 3573 1314 3630 die
1342 3566 1407 3629 ac
1436 3582 1614 3630 nocte.

587 3815 881 3873 LXXVI".
916 3805 1093 3889 Atque
1127 3820 1211 3876 bis
1237 3820 1482 3892 prolatis,
1538 3835 1819 3877 accessere
1855 3822 1922 3876 ad
1951 3835 2096 3885 eum,

517 3920 580 3964 .et
627 3909 691 3965 ad
732 3911 894 3980 pedes
940 3912 1211 3980 provoluti
1269 3912 1577 3968 dixerunt:
1625 3909 1825 3968 Preces
1881 3911 2098 3976 adhibe,

528 4001 688 4056 Pater
725 4011 933 4068 sancte,
973 4019 1070 4072 pro
1105 4003 1284 4069 nobis,
1318 4003 1406 4073 qui
1463 4005 1906 4060 unus.extremis
1955 4005 2102 4059 hisce

531 4093 865 4160 temporibus
894 4093 1110 4148 invictae
1160 4095 1435 4163 patientia:
1485 4095 1664 4148 virum
1723 4103 1776 4150 te
1811 4094 2016 4163 prodis,
2047 4102 2102 4148 et

530 4185 732 4238 Christi
767 4199 835 4238 ac
861 4183 1258 4254 discipulorum
1294 4180 1416 4254 ejus
1453 4184 1788 4240 imitatorem
1820 4201 1836 4240 :
1896 4199 2016 4256 age,
2049 4193 2104 4239 te

533 4276 906 4341 obsecramus,
938 4275 1193 4344 precibus
1224 4289 1324 4330 nos
1357 4275 1466 4330 tuis
1499 4271 1637 4328 habe
1658 4261 2100 4330 commendatos.

529 4366 626 4421 Ille
647 4379 782 4421 vero
816 4365 966 4419 humi
1000 4373 1328 4434 prostratus,
1358 4365 1526 4434 pedes
1562 4364 1902 4436 singulorum
1938 4381 2104 4420 oscu-

2195 3195 2257 3249 τὸ
2289 3194 2502 3274 θέλημα
2532 3193 2719 3262 αὑτοῦ,
2750 3195 2846 3250 καὶ
2876 3193 3039 3260 σώζει
3063 3197 3281 3261 αὐτοὺς,
3333 3198 3435 3254 καὶ
3465 3197 3640 3271 ῥύεται
3671 3197 3764 3250 αύ-

2195 3284 2322 3348 τοὺς
2348 3287 2413 3339 ἐκ
2432 3286 2614 3358 χειρὸς
2643 3285 2854 3356 ἐχθρῶν
2881 3285 3062 3338 αὐτῶν
3093 3287 3187 3340 καὶ
3214 3288 3280 3342 ἐκ
3321 3291 3508 3360 πάσης
3531 3288 3762 3356 θλίψεως.

2195 3374 2369 3440 Αὐτὸς
2413 3375 2629 3438 δικαιοῖ,
2685 3377 2850 3441 αὐτὸς
2899 3365 3274 3434 ἀποκαλύπτει
3343 3381 3638 3448 μυστήρια,
3683 3374 3768 3430 καὶ

2197 3469 2344 3521 ποιεῖ
2371 3467 2646 3539 σωτηρίαν
2665 3470 2784 3532 τοῖς
2819 3468 3180 3542 φοϐουμένοις
3211 3471 3280 3524 αὐ
3295 3471 3417 3525 τόν.
3461 3469 3653 3538 Ἐγγῦς
3673 3466 3766 3534 γάρ

2197 3562 2347 3614 ἐστιν
2373 3559 2603 3614 πάντοτε
2636 3562 2748 3624 τοῖς
2773 3561 3223 3633 ἐπικαλουμένοις
3245 3580 3283 3616 α
3301 3563 3431 3618 iath
3461 3563 3520 3616 ἐν
3545 3557 3762 3630 ἀληθείᾳ.

2197 3653 2294 3706 καὶ
2321 3652 2422 3723 τὴν
2455 3651 2735 3724 ἐκδίκησιν
2759 3651 2937 3708 αὐτῶν
2981 3655 3126 3708 ποιεί
3155 3656 3216 3708 ἐν
3243 3655 3444 3725 τάχει,
3469 3655 3556 3709 ὅτι
3583 3649 3768 3708 avem-

2197 3757 2308 3801 τως
2333 3739 2497 3809 βοῶσι
2521 3740 2661 3812 πρὸς
2687 3741 2848 3796 αὐτὸν
2879 3741 3095 3812 ἡμέρας
3116 3743 3210 3796 καὶ
3232 3745 3474 3808 νυκτός.

2269 3828 2398 3884 OH'.
2433 3830 2544 3882 Kal
2590 3830 2762 3884 ταῦτα
2808 3830 2988 3886 αὐτῶν
3031 3831 3340 3900 εἰπόντων,
3401 3830 3774 3904 προσελθόντες

2200 3919 2430 3975 ἔπιπτον
2467 3920 2619 3991 παρὰ
2661 3923 2790 3985 τοὺς
2836 3922 3002 3987 πόδας
3049 3923 3244 3986 αὐτοῦ,
3286 3923 3585 3992 λέγοντες·
3625 3916 3770 3986 Erigat

2201 4013 2341 4084 ὑπὲρ
2363 4011 2542 4082 ἡμῶν,
2568 4012 2747 4084 Πάτερ
2779 4011 2923 4080 ἅγιε.
2947 3999 3030 4067 ὅτι
3060 4015 3120 4068 ἐν
3141 4017 3267 4077 ταῖς
3296 4005 3546 4086 ἡμέραις
3569 4012 3770 4070 ταύταις

2199 4106 2322 4169 ταῖς
2355 4104 2608 4174 ἐσχάταις
2657 4104 2721 4158 σὺ
2759 4103 2922 4172 μόνος
2953 4105 3206 4176 ἐδείχθης
3238 4107 3495 4178 ἐργάτης
3523 4105 3624 4175 τῆς
3653 4104 3772 4156 ὑπο·

2205 4196 2395 4265 μονῆς,
2420 4195 2513 4248 καὶ
2539 4194 2725 4258 δοῦλος
2749 4195 2990 4262 Χριστοῦ
3024 4197 3118 4250 καὶ
3151 4199 3264 4250 τῶν
3304 4197 3578 4268 μαθητῶν
3603 4189 3776 4249 αὐτοῦ.

2203 4282 2642 4352 Παρακαλοῦμεν
2665 4283 2722 4337 δέ
2745 4300 2826 4348 σε,
2854 4283 3016 4354 εῦχου
3041 4284 3184 4355 ὑπὲρ
3214 4285 3404 4354 ἡμῶν,
3431 4283 3613 4352 εὔχου.
3653 4281 3706 4332 '0
3727 4277 3776 4331 δὲ

2204 4374 2385 4430 πεσὼν
2420 4375 2512 4427 ἐπὶ
2541 4375 2833 4444 πρόσωπον
2861 4374 3050 4438 αὑτοῦ,
3077 4375 3505 4446 προσεκύνησεν
3531 4373 3649 4434 ἐνὸς
3672 4370 3782 4424 ἐκά-

530 4457 768 4523 labatur,
801 4471 890 4519 ac,
943 4452 1074 4519 Vos,
1123 4455 1329 4520 aiebat,
1383 4454 1648 4526 ignoscite
1700 4451 1856 4545 mihi,
1912 4455 2096 4511 Patres

2207 4483 2333 4520 στου
2374 4465 2554 4520 αὐτῶν
2586 4467 2712 4529 τοὺς
2744 4465 2933 4532 πόδας,
2965 4465 3140 4534 λέγων
3161 4481 3176 4496 ·
3230 4462 3647 4536 Συγχωρήσατέ
3677 4477 3780 4528 μοι.

532 4551 746 4604 sancti:
780 4563 882 4617 ego
913 4549 1056 4604 enim
1106 4564 1227 4603 sum
1264 4549 1500 4610 vermis,
1537 4555 1593 4602 et
1621 4562 1728 4602 non
1783 4536 1969 4612 homo,
2004 4564 2104 4617 0p-

535 4651 814 4719 probrium
849 4647 1128 4702 hominum
1178 4653 1231 4700 et
1282 4645 1515 4714 abjectio
1549 4646 1814 4699 omnium.
1850 4643 1960 4700 Vos
2007 4659 2106 4714 po-

532 4745 645 4797 tius
675 4743 994 4797 tenuitatem
1032 4754 1206 4794 meam
1248 4738 1501 4808 precibus
1535 4738 1736 4794 vestris
1783 4738 2122 4792 sustentate.’

526 4832 760 4902 Jamque
813 4846 1008 4906 omnes
1061 4837 1254 4884 sancto
1303 4828 1454 4882 illum
1507 4828 1697 4884 osculo
1747 4828 2104 4883 salutabant:

521 4929 735 4995 quippe
764 4934 874 4979 tota
906 4939 972 4978 ex
1001 4924 1134 4977 urbe
1169 4921 1270 4976 viri
1325 4920 1651 4991 feminaeque
1698 4935 1822 4975 cum
1861 4919 2110 4975 lactenti-

522 5021 638 5074 .hus
699 5018 883 5086 pueris
955 5023 1342 5080 convenerant,
1409 5021 1800 5069 accusatorum
1863 5010 2109 5080 prodigio

537 5108 699 5164 exciti
731 5125 746 5162 :
777 5115 832 5160 et
865 5121 959 5160 ora
991 5119 1179 5159 eorum
1211 5104 1478 5175 nigrantia
1518 5099 1886 5172 obstupefacti
1925 5099 2106 5154 intue-

539 5203 756 5257 bantur.
813 5196 1052 5254 Rursum
1103 5194 1300 5250 deinde
1347 5193 1587 5264 episcopi
1645 5191 1738 5246 ade
1773 5189 1933 5247 sedes
1980 5204 2109 5246 suas

609 5338 720 5410 (99)
766 5336 963 5410 Quidni
1002 5334 1419 5410 Agrigentinum
1493 5331 1730 5410 aliquem
1759 5345 2107 5410 ,amtenum

541 5400 840 5468 hominem,
881 5400 1108 5462 Leontio
1139 5400 1337 5459 'itostro
1370 5400 1720 5471 imposuisse,
1756 5409 1810 5471 et
1854 5400 2106 5471 fabellam

543 5484 683 5535 hanc
714 5480 1028 5532 venditasse
1066 5469 1485 5542 existimemus?
1518 5470 1794 5542 Agrigenti
1846 5469 2106 5542 fortasse,

543 5563 594 5604 ut
631 5551 710 5614 lit,
760 5548 980 5602 familiae
1033 5547 1242 5614 aliquot
1287 5557 1351 5597 ex
1386 5540 1588 5614 Africa
1621 5549 1877 5614 extorres
1925 5540 2106 5614 sedem

545 5609 806 5683 Inerant;
843 5633 905 5671 ex
940 5609 1398 5685 iisqne'prognati
1436 5611 1589 5685 fusca
1621 5609 1778 5685 facie,
1809 5609 1978 5685 labris
2009 5609 2110 5685 i_m-

546 5679 774 5743 modicis
796 5679 1061 5757 parentes
1085 5679 1419 5757 atque—avos
1453 5681 1780 5736 referebant.
1816 5679 1938 5757 llos
1989 5679 2106 5748 pla-

549 5774 650 5812 nus
681 5759 788 5824 ille,
813 5750 897 5810 ἰιι
928 5756 1126 5811 coloris
1164 5765 1217 5810 ct
1247 5751 1436 5808 forma:
1469 5765 1690 5805 causam
1737 5750 2010 5816 redderet,
2043 5765 2108 5804 ex

2207 4559 2422 4627 Πάτρες
2453 4559 2600 4626 ἆγιοι
2623 4571 2637 4586 '
2675 4556 2786 4625 ἐγὼ
2829 4555 2940 4626 γάρ
2981 4558 3096 4627 είμι
3142 4556 3396 4626 σκώληξ,
3448 4557 3547 4610 καὶ
3574 4553 3666 4606 οὐκ
3697 4549 3782 4603 ἄν·

2207 4647 2444 4718 θρωπος,
2471 4647 2675 4710 ὄνειδος
2704 4646 3010 4716 ἀνθρώπων
3044 4647 3140 4700 καὶ
3164 4647 3437 4717 ἐξουθένη
3447 4665 3524 4716 μα
3549 4644 3779 4697 πάντων·

2207 4739 2362 4792 αύτοὶ
2403 4737 2600 4808 μᾶλλον
2635 4737 2861 4808 εὔχεσθε
2908 4737 3050 4808 ὑπὲρ
3096 4737 3198 4806 τῆς
3229 4737 3384 4807 ἐμῆς
3421 4735 3785 4806 μετριότητος.

2220 4829 2564 4886 Ἠσπάσαντο
2586 4829 2642 4882 δὲ
2666 4829 2827 4882 αὐτὸν
2851 4826 3050 4891 πάντες
3073 4827 3152 4898 τῷ
3177 4827 3326 4898 ἁγίῳ
3359 4827 3658 4898 φιλήματι.
3689 4821 3778 4874 Πᾶ-

2211 4940 2278 4977 σα
2310 4921 2420 4993 γὰρ
2443 4923 2476 4992 ἡ
2507 4920 2663 4984 πόλις
2685 4916 2755 4990 ἦν
2780 4919 3213 4990 συνηθροισμένη
3241 4918 3469 4988 ἀνδρῶν
3493 4935 3554 4970 τε
3585 4916 3682 4970 καὶ
3713 4929 3788 4979 γυ

2206 5013 2428 5078 ναικῶν,
2459 5011 2554 5066 καὶ
2585 5011 2692 5075 ἕως
2717 5011 2914 5081 μικροῦ
2942 5009 3272 5082 θηλάζοντος
3317 5009 3419 5061 ἐπὶ
3448 5007 3530 5076 τῷ
3558 5009 3800 5074 γεγονότι

2211 5104 2422 5176 σημείῳ
2459 5105 2538 5165 εἰς
2581 5102 2707 5166 τοὺς
2745 5103 3106 5172 κατηγόρους.
3142 5099 3251 5154 Kal
3301 5094 3458 5170 ἦσαν
3493 5096 3805 5166 θαυμάζον-

2208 5213 2318 5262 τες,
2333 5196 2409 5258 ὡς
2438 5194 2708 5266 ἐθεώρουν
2735 5193 3170 5265 μεμελανωμένα
3195 5191 3390 5246 αὐτῶν
3417 5191 3490 5244 τὰ
3513 5189 3803 5260 πρόσωπα.

2209 5346 2397 5385 eorum
2424 5344 2622 5400 genere
2660 5341 2783 5400 esse
2825 5326 2983 5400 dixit,
3031 5322 3123 5394 qui
3173 5321 3518 5400 Gregorium
3557 5324 3808 5400 nostrum

2209 5392 2582 5463 accusas‘sent,
2623 5414 2689 5454 ac
2735 5396 2898 5466 simul
2950 5392 3221 5466 ostentum
3263 5392 3421 5466 istud
3445 5393 3811 5466 commentus

2210 5479 2314 5530 est,
2370 5470 2516 5538 quod
2568 5458 2732 5523 homo
2767 5465 2992 5538 minime
3041 5463 3244 5538 malus,
3280 5471 3342 5516 et
3391 5458 3658 5538 .his_t_ori_:e
3699 5465 3814 5538 sum

2212 5526 2570 5610 producendus
2598 5547 2760 5607 atque
2782 5534 3041 5610 ornanda;
3088 5529 3351 5602 cupidus,
3387 5529 3563 5585 facile
3599 5526 3816 5588 hausit,

2212 5605 2380 5672 utque
2406 5605 2681 5671 audierat,
2707 5605 2979 5679 cx‘pgsuil.
3406 5668 3439 5679 ί,

2287 5671 2362 5752 (1)
2390 5679 2465 5733 Ex
2493 5679 2630 5748 psal.
2675 5671 2878 5740 xtx,7;
2913 5685 2963 5728 et
3001 5689 3066 5728 ex
3101 5671 3219 5727 aliis
3248 5671 3534 5738 carptim.
3555 5689 3578 5700 κ
