4054 6204
486 162 584 228 691

1478 169 1540 232 S.
1572 167 1950 232 GREGORII
1987 173 2497 238 AGRIGENTINI
2540 175 2742 240 VITA.

3637 179 3737 244 692

488 274 601 332 Dro
629 283 907 342 acceptam
943 278 1339 347 arcessit-isset,
1375 296 1548 354 eaque
1581 284 1634 339 in
1681 289 1948 359 synodum
1985 290 2068 344 in-

2171 289 2434 359 φιλόθεον.
2496 293 2606 350 Καὶ
2645 291 3072 365 προσκυνήσασα
3113 290 3213 347 καὶ
3260 289 3508 351 λαϐοῦσα
3554 299 3734 373 εὐχὴν,

485 365 742 420 traducta
771 366 1054 420 adorasset
1093 381 1284 422 omnes
1315 384 1378 424 ac
1405 370 1509 426 sibi
1547 371 1683 427 bene
1714 376 2062 445 precantibus

485 456 803 520 annuisset,
853 453 941 510 his
987 455 1076 511 ille
1105 457 1287 515 verbis
1341 475 1464 515 eam
1511 470 1594 518 est
1623 463 1820 522 affatus
1854 485 1868 521 ι
1907 465 2063 536 Hanc

489 545 584 598 tibi
617 545 870 614 puellam,
895 544 1116 601 domina
1167 561 1361 614 mater,
1387 554 1736 617 commendo,
1779 567 1840 610 ut
1868 557 2063 612 animae

485 636 663 707 ipsius
714 649 902 690 curam
953 652 1133 706 geras,
1190 653 1421 709 eamque
1475 640 1528 695 in
1582 643 1669 697 die
1699 643 1937 710 Domini,
1968 647 2061 716 qui

483 726 791 780 mercedem
815 727 1044 784 daturus
1073 736 1174 794 est,
1211 729 1616 786 immaculatam
1649 735 1928 790 restituas.
1960 736 2061 794 Cui

483 817 577 872 illa
605 835 620 872 :
654 816 766 884 Sic,
811 819 1011 889 inquit,
1039 820 1279 882 domine,
1313 821 1423 888 liat,
1463 824 1537 877 uti
1579 824 1768 894 jultes.
1797 825 1875 880 Ac
1925 827 2063 882 bene

485 908 562 962 illi
592 911 944 978 precantibus
971 912 1206 978 cunctis,
1238 913 1470 982 puellam
1496 915 1804 973 diaconissa
1834 918 2060 987 accepit,

484 1010 651 1068 atque
686 1000 738 1053 in
791 1001 1182 1056 monasterium
1223 987 1448 1058 deduxit
1487 1019 1502 1058 :
1545 1005 1631 1058 ubi
1667 1021 1843 1060 armos
1874 1007 2062 1078 viginti

486 1088 628 1146 duos
653 1091 831 1160 exegit
867 1091 1110 1166 moribus
1143 1093 1500 1149 emendandis
1525 1104 1580 1150 et
1607 1098 1806 1152 erratis
1837 1098 2065 1168 expian-

487 1181 574 1236 dis
606 1183 811 1237 intenta
849 1201 862 1237 :
897 1197 962 1238 ac
1003 1184 1300 1238 multatum
1334 1184 1634 1254 palmarum
1676 1188 1866 1242 victrix
1898 1203 2064 1244 occu-

487 1271 626 1326 buit.

558 1363 784 1420 LXXX;
839 1367 974 1420 Cum
1032 1367 1144 1436 jam
1201 1367 1337 1424 hora
1391 1379 1537 1426 esset
1587 1386 1762 1434 nona,
1822 1372 2064 1442 pontifex

487 1462 762 1516 maximus
817 1471 1066 1516 sanctum
1104 1459 1426 1532 Gregorium
1465 1463 1718 1519 hortatus
1751 1472 1854 1530 est,
1882 1460 1948 1518 ut
1982 1465 2054 1519 di-

486 1553 614 1607 vina
653 1554 913 1624 mysteria
947 1562 1231 1624 perageret
1279 1551 1378 1625 (ι).
1433 1553 1552 1620 Quo
1594 1563 1837 1624 tempore
1874 1554 2063 1631 [ιονιξ]

2166 377 2294 450 ἔστη
2319 380 2628 452 ἔμπροσθεν
2653 382 2757 454 τῆς
2785 382 3006 438 συνόδου
3027 398 3041 412 ·
3070 383 3170 438 καὶ
3195 380 3347 454 λέγει
3389 378 3538 458 αὐτῇ
3578 389 3608 444 ὁ
3634 393 3736 448 πά-

2167 486 2274 536 πας
2290 485 2303 498 ·
2329 469 2546 540 Ταύτην
2579 487 2664 524 σοι
2687 471 2787 541 τὴν
2810 472 2978 528 παῖδα
3001 471 3371 546 παρατίθημι,
3397 477 3546 546 κυρὰ
3561 477 3736 550 ιμμα,

2167 557 2254 610 ἵνα
2307 557 2645 630 ἐπιμελήσῃς
2692 559 2794 631 τῆς
2850 559 3032 633 ψυχῆς
3087 559 3282 632 αὐτῆς,
3336 561 3439 616 καὶ
3486 566 3738 639 παραδῷς

2167 645 2394 700 ἄσπιλον
2421 647 2479 700 ἐν
2503 651 2569 718 τῇ
2593 648 2777 721 ἡμέρᾳ
2803 649 2899 703 τοῦ
2922 649 3154 722 Κυρίου,
3183 648 3279 706 καί
3301 652 3440 722 παρ’
3463 653 3629 710 αὑτοῦ
3651 657 3740 714 τὸν

2169 732 2358 800 μισθὸν
2387 734 2638 806 κομίσῃς.
2667 736 2740 789 Ἥ
2766 735 2824 790 δέ
2856 731 3030 790 εἶπεν*
3063 737 3298 804 Γένοιτο,
3329 737 3513 810 κύριε,
3543 741 3620 808 ὡς
3648 761 3736 798 κε-

2167 823 2360 888 λεύεις.
2402 827 2514 907 Καὶ
2556 827 2776 896 πάντων
2810 829 2947 902 αὐτῇ
2987 828 3399 900 ἐπευξαμένων,
3435 834 3739 904 παρέλαϐεν

2165 916 2334 987 αὐτὴν
2380 918 2414 986 ἡ
2443 916 2709 983 διάκονος,
2743 919 2841 972 καὶ
2876 919 3005 973 ἄπιε
3033 921 3092 974 ἐν
3125 920 3204 992 τῷ
3237 927 3595 1000 μοναστηρίφ
3627 929 3740 998 μετ’

2165 1008 2363 1080 αὐτῆς·
2394 1009 2624 1065 ’κάκεῖσε
2653 1009 2926 1080 διέτριψεν
2953 1009 3049 1086 ἔτη
3081 1011 3255 1070 εἴκοσι
3281 1014 3380 1070 δύο
3405 1016 3464 1072 ἐν
3493 1020 3740 1092 μετανοίᾳ

2165 1099 2258 1150 καὶ
2285 1097 2685 1170 ἐξομολογήσει,
2723 1101 2818 1156 καὶ
2856 1099 3074 1170 ἀγῶνοις
3119 1104 3350 1170 πολλοὺς
3392 1107 3736 1182 ἐνδειξαμένη

2165 1191 2537 1264 ἐτελεύτησεν.

2235 1367 2316 1421 II'.
2353 1367 2464 1440 Τῆς
2495 1369 2724 1440 ἐννὰτης
2751 1371 2808 1424 δὲ
2837 1371 3146 1446 φθασάσης,
3184 1375 3566 1448 προετρέψατο
3590 1378 3619 1432 ό
3640 1379 3738 1433 πά-

2167 1473 2274 1521 πας
2326 1459 2417 1513 τὸν
2478 1459 2746 1531 μακάριον
2799 1461 3102 1536 Γρηγόριον
3147 1463 3241 1518 τοῦ
3288 1466 3606 1522 ἐπιτελέσαι
3647 1469 3738 1542 τὴν

2167 1545 2316 1600 θείαν
2356 1549 2766 1618 μυσταγωγίαν.
2799 1551 2864 1604 Οἱ
2896 1551 2952 1606 δὲ
2991 1551 3091 1624 τῆς
3121 1553 3420 1626 ’Δνατολῆς
3458 1555 3736 1614 ἐπίσκοποι

490 1641 729 1698 Orientis
767 1643 1007 1712 episcOpi
1035 1623 1234 1711 aliique
1275 1659 1306 1696 e
1337 1623 1551 1712 synodo
1583 1623 1846 1712 Spiritum
1875 1623 2066 1713 gratia-2

2171 1635 2264 1688 καὶ
2288 1635 2440 1690 ἄλλοι
2470 1639 2534 1691 ἐκ
2563 1639 2660 1709 τῆς
2690 1641 2909 1698 συνόδου
2943 1623 3241 1701 ἐθεάσαντο
3270 1623 3495 1717 πνεῦμα
3522 1647 3619 1718 τῆς
3642 1649 3733 1719 xti-

488 1734 743 1788 viderunt
787 1743 976 1789 sancto
1023 1736 1140 1788 viro
1171 1735 1714 1804 superimminentem
1741 1753 1756 1798 ;
1787 1735 1934 1806 quod
1960 1735 2068 1790 illis

491 1824 800 1880 sanctitatis
828 1825 950 1896 ejus
971 1840 1247 1880 summum
1277 1833 1658 1896 argumentum
1689 1825 1792 1880 fuit
1817 1843 1830 1880 :
1863 1841 1987 1879 nam
2014 1835 2070 1880 et

491 1917 597 1987 ipsi
633 1917 742 1972 Deo
784 1917 1078 1973 admodum
1113 1918 1320 1988 accepti
1358 1925 1534 1983 erant,
1599 1917 1886 1987 sanctique
1945 1916 2068 1987 Spi-

491 2009 630 2062 ritus
689 2008 1000 2079 participes.
1053 2007 1126 2064 Ut
1157 2023 1287 2064 vero
1333 2015 1584 2069 sanctum
1640 2007 1854 2062 Domini
1895 2008 2066 2062 nostri

488 2096 617 2152 Jcsu
647 2098 849 2154 Christi
873 2115 1072 2169 corpus
1103 2113 1165 2154 ac
1191 2100 1490 2169 pretiosum
1521 2101 1844 2171 sanguinem
1866 2115 1897 2155 e
1926 2101 2068 2156 beati

491 2189 738 2258 Gregorii
797 2191 1049 2248 manibus
1097 2198 1453 2260 acceperunt,
1508 2191 1690 2246 cibum
1748 2191 1944 2248 deinde
2000 2192 2067 2246 ad

490 2280 766 2350 pontiticis
810 2281 1034 2334 maximi
1075 2295 1320 2334 mensam
1378 2295 1684 2354 sumpsere,
1717 2289 1832 2336 tum
1872 2282 2068 2352 quietis

491 2383 659 2424 causa
719 2369 962 2439 episcopi
1015 2369 1267 2424 eumdem
1321 2383 1512 2424 omnes
1545 2369 1598 2424 in
1650 2370 1828 2424 locum
1866 2371 2067 2426 reversi

457 2463 644 2516 'sunt.
679 2457 906 2514 Noctem
943 2468 1122 2514 tamen
1157 2468 1326 2514 totam
1361 2475 1536 2531 usque
1565 2460 1630 2514 ad
1663 2460 1836 2514 lucem
1879 2461 2067 2532 vigila-

491 2564 642 2622 runt,
675 2556 741 2609 de
776 2554 1054 2610 communi
1087 2554 1262 2610 salute
1306 2571 1370 2610 ac
1399 2556 1466 2608 de
1496 2555 1611 2610 utili
1643 2556 1860 2626 pietatis
1889 2557 2070 2612 studio

493 2644 848 2698 disserentes.
873 2641 1062 2698 Primo
1095 2652 1276 2698 autem
1304 2643 1548 2698 dlluculo
1581 2641 1902 2715 Gregorium
1935 2659 2071 2714 pou-

495 2730 629 2784 tifex
653 2731 928 2786 maximus
950 2731 1258 2798 arcessivit,
1281 2740 1336 2786 et
1357 2732 1504 2786 hunc
1524 2748 1648 2786 cum
1671 2748 1735 2787 eo
1762 2748 2068 2788 sermonem

2173 1747 2320 1801 ριτος
2367 1733 2802 1804 καταπηνῶσαν
2831 1736 2922 1790 τὸν
2954 1736 3131 1808 ἆγιον,
3159 1737 3258 1792 καί.
3291 1741 3736 1815 ἐπληροφορήθηο

2173 1836 2272 1874 σαν
2302 1821 2382 1884 είς
2416 1822 2582 1874 αὐτόν
2609 1839 2624 1856 ο
2651 1818 2794 1894 ἦσαν
2839 1825 2950 1896 γὰρ
2988 1827 3142 1884 αὐτοὶ
3168 1817 3473 1900 ἠξιωμένοι
3502 1832 3736 1902 χάριτος.

2169 1913 2264 1966 καὶ
2289 1910 2606 1984 Πνεύματος
2639 1914 2798 1984 ἁγίου
2838 1917 3185 1988 μετέχοντες.
3209 1921 3664 1994 ,Κοινωνήσαντες
3684 1922 3736 1979 δὲ

2168 2002 2263 2056 τοῦ
2287 2004 2446 2073 ἁγίου
2475 2004 2730 2077 σώματος
2766 2007 2980 2063 καὶτοῦ
3025 2009 3210 2080 τιμίου
3248 2011 3487 2084 αἵματος
3517 2011 3608 2067 τοῦ
3632 2015 3734 2068 Κυ-

2172 2094 2289 2166 ρίου
2323 2095 2485 2167 ὴμῶν
2523 2095 2696 2166 Ἰησοῦ
2727 2097 2966 2170 Χριστοῦ
2996 2098 3086 2153 διὰ
3110 2100 3312 2176 χειρῶν
3351 2101 3446 2156 τοῦ
3477 2092 3735 2176 μακαρίου

2171 2185 2496 2257 Γρηγορίου,
2529 2187 2734 2258 ἔφαγον
2761 2187 2927 2264 ἄρτον
2955 2190 3014 2244 ἐν
3053 2194 3122 2264 τῇ
3156 2193 3415 2268 τραπέζῃ
3440 2193 3539 2250 τοῦ
3567 2197 3732 2260 πάπα,

2170 2275 2264 2328 καὶ
2295 2277 2669 2348 ἐκοιμήθησαν
2711 2279 2768 2334 ἐν
2812 2277 2890 2351 τῷ
2941 2279 3058 2350 ἃμα
3097 2281 3148 2334 ol
3187 2283 3506 2342 ἐπίσκοποι.
3560 2285 3734 2340 Πᾶσαν

2169 2363 2225 2418 δὲ
2253 2364 2354 2437 τὴν
2378 2365 2547 2421 νύκτα
2577 2367 2773 2424 ἄϋπνοι
2800 2368 3108 2424 διετέλεσαν
3133 2373 3240 2437 ἕως
3268 2373 3476 2445 ὄρθρου
3503 2371 3732 2444 διαλεγό-

2173 2472 2327 2526 μενοι
2357 2458 2486 2529 περὶ
2524 2460 2800 2532 σωτηρίας
2829 2463 2900 2516 τὰ
2954 2463 3297 2518 συντείνοντα
3341 2466 3424 2529 είς
3461 2466 3730 2536 ὠφέλειαν.

2172 2549 2394 2619 Πρωτας
2439 2549 2498 2603 δέ
2564 2553 2866 2624 γενομένης
2923 2555 3456 2627 προσκαλεσάμενος
3489 2560 3517 2610 ό
3561 2558 3730 2622 πάπας

2171 2640 2262 2694 τὸν
2319 2642 2620 2714 Γρηγόριον
2640 2683 2656 2710 ,
2687 2643 2835 2713 λέγει
2865 2645 3012 2716 αὐτῷ
3033 2661 3047 2674 ·
3083 2648 3382 2716 Ἄκουσον,
3409 2649 3620 2712 τέκνον.
3650 2648 3732 2704 καὶ

2170 2731 2510 2804 διηγήσομαί
2541 2751 2625 2788 σοι
2661 2733 2724 2788 τὸ
2765 2736 2982 2808 συμϐὰν
3008 2739 3142 2809 ἡμῖν
3169 2740 3229 2792 ἐν
3267 2743 3342 2816 τῇ
3377 2741 3528 2796 πόλει
3555 2739 3728 2812 ταύτῃ,

495 2823 686 2878 habuit
713 2841 726 2876 :
751 2823 912 2890 Audi,
946 2823 1044 2890 ﬁli,
1076 2837 1346 2893 exponam
1382 2823 1528 2878 enim
1563 2825 1660 2879 tibi
1691 2823 1842 2880 urbis
1873 2834 2070 2880 nostra:

2175 2825 2270 2877 καὶ
2299 2823 2458 2877 τοῦτο
2501 2824 2644 2902 λέγω
2680 2825 2768 2880 διὰ
2810 2825 2910 2892 τὰς
2945 2829 3227 2903 ἡμετέρας
3263 2832 3566 2906 ἁμαρτίας.
3590 2829 3730 2886 ’Ξύλα

495 2917 884 2983 calamitatem,
939 2931 1106 2988 quam
1145 2916 1332 2988 utique
1363 2927 1587 2988 propter
1632 2917 1835 2986 ﬂagitia
1885 2928 2070 2975 nostra

2175 2916 2528 2986 ἀνεφάνησαν
2573 2916 2935 2987 είσερχόμενα
2978 2917 3070 2972 διὰ
3101 2918 3196 2972 τοῦ
3231 2905 3488 2992 ποταμοῦ
3520 2923 3594 2985 είς
3618 2906 3726 2984 τοῦς

495 3009 789 3080 contigisse
824 3009 1020 3065 fateor.
1080 3008 1286 3066 Trabes
1323 3010 1571 3082 quaedam
1623 3026 1718 3081 per
1740 3009 1939 3067 ﬂumen
1975 3013 2074 3068 ού·-

495 3101 836 3158 vehebantur
880 3102 948 3157 ad
1007 3102 1238 3158 Sanctos
1284 3102 1596 3173 Apostolos.
1629 3099 1724 3158 Hie
1774 3103 1829 3158 in
1881 3104 2071 3160 urbem

494 3202 878 3266 pervenerant,
911 3209 1035 3248 cum
1071 3193 1251 3250 medio
1286 3193 1340 3248 in
1373 3191 1598 3250 ﬂumine
1632 3203 1888 3266 tanquam
1921 3209 2073 3250 com-

399 3315 405 3322 ο
497 3293 669 3354 pactae
704 3293 798 3340 aut
847 3285 995 3340 ferro
1031 3284 1152 3340 lixae
1183 3285 1567 3340 constiterunt.
1600 3283 1788 3356 Itaque
1824 3286 2070 3342 clausum

498 3375 552 3428 in
585 3374 775 3428 urbem
802 3373 1010 3428 aditum
1041 3375 1326 3440 habemus,
1362 3383 1420 3428 ut
1450 3389 1626 3445 neque
1657 3375 1863 3448 ingredi
1900 3393 2074 3450 neque

499 3467 680 3536 egredi
717 3464 929 3534 navigia
971 3464 1219 3534 possint;
1255 3479 1316 3519 ea
1355 3480 1442 3519 res
1471 3465 1618 3520 cives
1646 3465 1943 3536 plurimum
1974 3483 2074 3522 an-

499 3558 575 3626 git
613 3573 628 3609 :
660 3571 786 3610 nam
837 3570 978 3626 saepe
1019 3571 1216 3611 manus
1265 3556 1628 3623 admovimus,
1677 3572 1779 3613 nec
1826 3572 1922 3614 eas
1948 3574 2074 3629 per-

499 3645 718 3700 trahere
748 3661 988 3715 unquam
1031 3647 1332 3716 potuimus.
1369 3647 1660 3704 Enimvero
1687 3651 1947 3720 quoniam
1984 3651 2074 3706 hic

498 3751 598 3790 vos
629 3736 784 3802 estis,
823 3735 1054 3792 obsecro
1099 3751 1217 3804 vos,
1253 3746 1314 3792 ut
1362 3752 1428 3793 eo
1477 3753 1653 3808 usque
1696 3741 1955 3796 accedere
2007 3756 2074 3796 ne

501 3828 834 3900 gravemini;
889 3843 1048 3898 spero
1099 3829 1246 3884 enim
1297 3827 1434 3894 fore,
1489 3839 1548 3884 ut
1588 3828 1854 3905 Dominus
1885 3847 2075 3902 preces

499 3930 711 3976 vestras
740 3920 1016 3975 exaudiat.
1057 3919 1157 3974 Cui
1188 3919 1483 3990 Gregorius
1513 3923 1848 3992 respondens
1882 3943 1895 3977 :
1945 3923 2074 3979 0m-

499 4011 652 4075 nino,
678 4009 876 4080 inquit,
907 4016 966 4063 ut
989 4010 1173 4080 jubes,
1223 4025 1422 4080 parens
1473 4019 1662 4067 noster
1707 4014 2070 4068 sanctissime.

500 4099 728 4172 Signum
757 4101 923 4172 igitur
955 4101 1137 4179 tabula
1169 4101 1286 4156 dari
1317 4101 1561 4172 pontifex
1591 4103 1864 4160 maximus
1884 4104 2071 4172 jussit,

498 4245 632 4290 tam.
683 4235 765 4308 in;
793 4235 1002 4308 synodo
1052 4234 1197 4308 enim
1259 4234 1509 4308 Romana
1563 4236 1666 4308 sub
1719 4236 2070 4308 Symmacho,
2107 4253 2150 4308 ι)

501 4321 646 4377 anno
669 4304 774 4377 £99
805 4303 1039 4377 decretis
1069 4306 1405 4377 subscripsit
1436 4303 1775 4377 Marcianus
1804 4307 2074 4377 presbyter

503 4375 643 4446 tituli
683 4373 894 4446 Sancta:
940 4371 1190 4446 Cwqiliw,
1252 4371 1312 4446 ut
1363 4374 1562 4446 deinde
1599 4374 1669 4446 in
1707 4371 1916 4446 synodo
1959 4371 2071 4434 sub

500 4445 764 4524 Giegorio
809 4443 1004 4514 Magno
1041 4443 1222 4524 Victo!
1252 4441 1466 4500 Sancta:
1493 4441 1754 4500 chiliwI
1777 4445 1850 4500 De
1883 4462 2074 4524 mona-

503 4513 681 4584 sterio
722 4529 825 4584 ego
885 4513 1093 4584 ιλιιιιιιιι
1130 4513 1400 4584 afﬁrmare
1433 4529 1680 4584 possum,
1739 4530 1926 4570 revera
1964 4517 2074 4574 illic

503 4593 632 4639 ante
666 4582 950 4640 Paschalis
981 4583 1000 4638 l
1031 4594 1243 4641 aetatem
1281 4582 1452 4638 fuisse
1482 4586 1562 4638 vel
1601 4586 1839 4640 virorum
1871 4587 1955 4640 vel
1996 4587 2073 4641 fe-

502 4655 774 4708 minarum
810 4672 823 4708 :
853 4653 1055 4709 indicat
1101 4655 1246 4708 enim
1277 4654 1393 4723 ipse
1425 4653 1479 4708 in
1520 4655 1750 4723 epistola
1786 4655 1864 4710 De
1894 4655 2072 4710 inven-

505 4725 642 4778 tione
666 4724 1009 4792 reliquiarum
1037 4732 1234 4778 sancta:
1256 4721 1488 4778 Caecilia:
1517 4721 1682 4792 (apud
1709 4723 1875 4780 llard.
1908 4725 2068 4782 Cone.

505 4741 642 4778 uane
666 4741 759 4778 reti
799 4741 1009 4778 uiarum
1037 4741 1234 4778 sancta
1256 4741 1488 4778 uacuus
1517 4741 1682 4792 (ιιι)υο
1709 4741 1875 4780 uaru.
1908 4741 2068 4782 conc.

505 4803 544 4846 ι.
570 4792 660 4857 ιν,
683 4810 734 4864 p.
761 4741 942 4864 1225).
977 4795 1082 4849 Sed
1105 4802 1285 4864 tamen
1316 4795 1460 4848 haud
1486 4794 1643 4848 facile
1667 4802 1912 4864 apparet,
1942 4799 2074 4851 viri-

507 4879 575 4935 ne
603 4879 672 4917 an
695 4863 910 4935 feminae
939 4872 1100 4935 antea
1132 4863 1454 4935 incolerent,
1477 4879 1540 4935 ac
1566 4863 1838 4934 numipse
1861 4870 2072 4935 primus

509 4933 654 4988 viros
711 4931 1008 4998 induxerit,
1041 4949 1108 4987 an
1148 4941 1361 4989 veteres
1394 4932 1602 4989 incolas
1638 4931 1941 4991 retinuerit.
1981 4937 2072 4992 Sic

505 5003 672 5068 enim,
706 5011 991 5070 postquam
1019 5005 1086 5058 de
1117 5003 1317 5070 templo
1347 5019 1376 5058 a
1409 5019 1467 5058 se
1497 5005 1748 5059 restituto
1776 5005 1936 5069 disit,
1968 5022 2072 5062 ca:-

507 5082 620 5126 teta
644 5072 978 5144 quaaibitlcm
1010 5071 1236 5142 perfecit
1263 5084 1485 5130 enarrat
1519 5093 1532 5129 :
1567 5073 1750 5144 Ibique
1767 5077 1836 5130 ad
1861 5075 2070 5131 laudem

503 5143 772 5198 Creatoris
812 5142 1111 5197 instaurata
1163 5144 1483 5198 monasterio
1532 5142 1801 5200 beatorum
1847 5145 2072 5202 Andrea'

505 5213 732 5282 apostoli
777 5223 828 5268 et
858 5211 1096 5282 Gregorii
1123 5213 1439 5284 confessoris
1461 5255 1476 5278 ,
1513 5231 1710 5270 necnon
1738 5215 1792 5270 in
1822 5215 2070 5270 honorem

507 5294 811 5338 sanctarum
836 5285 1096 5354 virginum
1117 5293 1170 5339 et
1198 5294 1490 5354 martyrum
1511 5285 1730 5354 Agatho:
1747 5295 1797 5339 et
1816 5285 2065 5352 Caecilia,

505 5355 649 5422 infra
677 5354 968 5409 Ecclesium
996 5355 1049 5407 in
1078 5355 1211 5414 loco.
1246 5356 1336 5424 qui
1370 5355 1569 5408 dicitur
1599 5355 1768 5409 Collis
1799 5355 2066 5424 jacentis:

504 5426 558 5477 iu
586 5442 687 5495 quo
718 5424 1094 5496 monac/torum
1148 5425 1260 5480 Deo
1288 5425 1622 5496 servientium
1677 5429 2069 5496 congregationi

503 5497 744 5549 unanimi
793 5495 1152 5550 constituimus
1200 5510 1296 5564 pro
1325 5495 1648 5564 quotidiani:
1701 5495 1967 5562 laudibus,
2017 5509 2066 5551 et

500 5577 594 5626 pro
643 5564 876 5620 subsidio
919 5573 966 5620 ct
1020 5565 1363 5620 luntinarium
1391 5564 1800 5634 continuatione,
1837 5583 1926 5620 seu
1963 5568 2068 5620 uti-

2185 3003 2404 3072 Ἂγίους
2449 3003 2809 3068 Ἀποστόλους
2829 3022 2844 3034 ·
2873 3007 2966 3058 καὶ
2989 3006 3352 3063 εἰσελθόντων
3372 3009 3564 3076 αὐτῶν,
3589 3007 3728 3076 ἐστη-

2176 3114 2276 3151 σαν
2308 3085 2472 3167 μέσον
2499 3096 2590 3150 τοῦ
2623 3097 2871 3169 ποταμοῦ
2918 3098 2994 3162 ὡς
3027 3099 3344 3168 πεπηγότα,
3378 3101 3510 3174 ἢὼς
3539 3098 3630 3154 ὑπὸ
3655 3114 3726 3150 σι·

2173 3187 2340 3260 δήρου
2369 3188 2774 3257 ἀσφαλισθέντα
2799 3205 2812 3218 ⁶
2841 3189 2936 3244 καὶ
2981 3189 3360 3262 κεκράτηνται
3389 3192 3482 3247 ὐπ’
3515 3189 3726 3258 αὑτῶνή

2173 3279 2378 3344 εἴσοδος
2397 3280 2496 3352 τῆς
2522 3272 2729 3344 πόλεως
2751 3279 2848 3334 καλ⁸
2887 3283 2920 3353 ἠ
2959 3280 3068 3334 τῶν
3089 3281 3308 3346 πλοίων,
3351 3283 3446 3338 καὶ
3481 3281 3597 3350 οὔτε
3627 3281 3722 3332 εἰσ-

2174 3369 2431 3442 έρχονται
2453 3370 2521 3424 τὰ
2547 3371 2728 3436 πλοῖα,
2755 3369 2880 3425 οὔτε
2905 3371 3250 3444 ἐξέρχονται·
3282 3373 3389 3427 καὶ
3415 3373 3558 3426 ἐστιν
3581 3369 3726 3438 πολλῆ

2174 3459 2351 3529 θλίψις
2379 3462 2438 3514 ἐν
2467 3463 2532 3532 τῇ
2557 3461 2708 3514 πόλει
2759 3461 2944 3526 ἐνεκεν
2981 3462 3196 3517 τούτου.
3226 3461 3502 3527 Πολλάκις
3529 3462 3630 3532 γὰρ
3655 3458 3727 3510 δο-

2174 3553 2512 3622 κιμάσαντες
2536 3553 2636 3606 ούκ
2673 3551 2974 3623 ἰσχύσαμεν
3009 3553 3237 3608 ἑλκύσαι
3287 3553 3457 3608 αὐτά.
3493 3549 3624 3606 Ἀλλ’
3648 3543 3726 3600 οὖν

2172 3643 2342 3696 δντων
2397 3643 2552 3714 ὑμῶν
2605 3642 2875 3707 ἐνταῦθα,
2907 3645 3212 3714 παρακαλῶ
3263 3643 3560 3714 σκυλθῆναι
3601 3637 3726 3708 ὑμᾶς

2173 3735 2280 3798 ἕως
2335 3735 2518 3788 ἐκεῖσε
2545 3775 2560 3803 ,
2595 3736 2690 3789 καὶ
2736 3735 2824 3788 διὰ
2859 3735 2966 3788 τῶν
2997 3731 3176 3807 εὐχῶν
3201 3723 3366 3805 ὑμῶν
3391 3733 3724 3790 ἐπακούσεται

2175 3826 2329 3896 ὑμῶν
2351 3829 2379 3880 ὁ
2408 3825 2631 3896 Κύριος.
2677 3825 2734 3880 '0
2759 3826 2816 3880 δέ
2845 3826 3164 3898 ἀποκριθεὶς
3201 3821 3360 3880 εἶπεν
3385 3841 3400 3856 °
3432 3827 3517 3888 Ὧς
3540 3817 3724 3878 κελεύει

2175 3920 2208 3989 ἡ
2243 3917 2338 3970 τοῦ
2367 3916 2545 3971 κοινοῦ
2570 3915 2728 3988 ὴμῶν
2761 3915 2976 3988 [ἰατρὸς
3007 3916 3307 3988 ἁγιωσύνη.
3359 3915 3660 3970 Ἐκέλευσεν
3675 3907 3723 3960 δὲ

2177 4011 2206 4062 ὀ
2245 4009 2434 4071 πάπας
2477 4007 2808 4078 κρουσθῆναι
2841 4007 2901 4060 τὸ
2936 4006 3112 4072 ξύλον,
3152 4011 3246 4063 καὶ
3287 4001 3722 4078 συναθροισθῆναι

2177 4103 2358 4156 πᾶσαν
2379 4100 2478 4172 τὴν
2512 4099 2669 4154 πόλιν
2695 4099 2790 4153 καὶ
2826 4098 3284 4190 τὰϊμοναστήρια,
3311 4101 3418 4154 καὶ
3449 4098 3615 4152 πάντα
3645 4089 3722 4142 τὸν

2179 4237 2330 4308 litate
2354 4245 2406 4290 et
2432 4235 2692 4308 stipendia
2719 4234 3096 4308 monachorum
3122 4235 3229 4308 diu
3243 4243 3505 4308 noctuque
3523 4224 3718 4308 Domino

2176 4307 2287 4360 Deo
2317 4297 2515 4361 nostro'
2541 4306 2810 4360 devotione
2839 4305 3018 4376 debita
3053 4297 3438 4376 persoluendis'.
3472 4297 3717 4356 Pertinent

2176 4386 2356 4432 autem
2384 4379 2496 4430 haec
2527 4376 2595 4430 ad
2619 4390 2823 4432 annum
2847 4375 2972 4430 821.

2248 4447 2324 4517 (4)
2359 4445 2571 4517 Similia
2599 4461 2657 4502 se
2679 4445 3000 4517 praestitisse
3022 4443 3321 4517 Gregorius
3356 4441 3690 4517 “agnuscutt

2175 4510 2358 4573 Leone
2409 4510 3027 4585 episcom‘Catanensi,
3077 4515 3330 4585 scripsit_
3349 4514 3416 4568 ad
3448 4510 3697 4585 “Justinus

2175 4572 2460 4656 praetorem
2493 4572 2716 4652 Siciliae,
2751 4572 3036 4654 postquam
3067 4572 3261 4662 nem'pe
3283 4581 3520 4662 Domum
3547 4572 3698 4662 eotle

2175 4653 2286 4725 quo
2325 4663 2512 4725 noster
2543 4653 2784 4723 tempore
2819 4663 3068 4725 vocatus,
3109 4668 3168 4707 se
3197 4655 3250 4725 in
3276 4653 3484 4721 judicio
3518 4653 3694 4725 puriiff

2175 4720 2257 4780 set
2282 4743 2296 4780 :
2327 4723 2588 4792 Quoniam
2615 4720 2806 4795 igitur,
2834 4724 3034 4795 inquit,
3071 4720 3319 4795 quietiam
3357 4731 3534 4776 contra
3559 4720 3704 4795 facit:

2174 4795 2352 4849 dotale
2403 4791 2730 4864 ιιι-οροδίὴιηι
2775 4794 2838 4847 de
2879 4791 3052 4848 Leone
3088 4791 3280 4862 fratre
3341 4801 3390 4847 et
3445 4791 3702 4864 εοερὶιοριξι

2175 4876 2356 4936 nostro
2389 4852 2602 4936 sinister
2637 4879 2819 4936 rumor
2845 4852 3368 4936 aspersera't,ulrum
3397 4852 3706 4936 οεναζθξξϐηίς

2173 4935 2421 4990 districta
2465 4935 2668 4988 diutius
2720 4921 2938 5004 fecimus
2980 4921 3322 5004 inquisitione
3364 4921 3711 5004 ρετσιιὶνὶῑέ⁸

2174 5006 2375 5059 nullum
2405 5007 2460 5060 in
2495 5021 2556 5058 eo
2590 5006 2654 5060 de
2683 4997 2775 5066 iis,
2819 5018 2936 5073 qua
2974 4997 3118 5056 dicta
3151 4997 3383 5071 fuerant,
3419 4997 3610 5064 culpam
3637 4998 3710 5073 ff:

2173 5077 2428 5150 υεηίηιιω,
2465 5075 2664 5150 Setiae
2695 5063 3118 5150 quid-:videretur
3141 5063 3412 5150 omissum,
3431 5063 3528 5150 ἀει]
3547 5063 3708 5150 Ῐξξ⁸ξξῗ

2170 5147 2423 5214 potuisset
2452 5145 2672 5217 dubium
2695 5135 2842 5217 cordi
2883 5159 3170 5217 remanere,
3200 5143 3269 5217 ad
3309 5135 3442 5217 beati
3473 5135 3709 5217 Reiff}:

2173 5191 2531 5272 gratissimum
2563 5209 2750 5285 corpus
2789 5191 3182 5288 districta_eum
3230 5214 3296 5268 ex
3343 5191 3709 5288 abundantia:

2173 5271 2702 5342 cimussacrament'a
2729 5284 2978 5356 pratbere.
3015 5283 3216 5356 Quibus
3247 5277 3510 5356 prastitir.

2171 5373 2356 5415 sumus
2395 5341 2748 5430 exsultatione
2801 5356 2986 5430 gavisi,
3009 5341 3169 5430 Ignoti
3199 5341 3706 5430 Itnjusntodt'nffpeﬁ’

2172 5409 2345 5508 mento
2395 5409 2708 5550 gunocentia
2777 5409 2890 5495 ejus
2941 5409 3202 5481 ei'itlenter
3263 5409 3442 5479 Enituit
3493 5409 3598 5481 (lib.
3646 5411 3701 5458 ιι,

2172 5507 2331 5550 emst.
2359 5497 2394 5550 5
2459 5535 2472 5550 .

2171 5498 2331 5566 epist.
2359 5497 2472 5566 53).
