4054 6204
379 291 487 354 {399

1374 294 1433 354 S.
1480 292 1855 354 GREGORII
1904 289 2417 351 AGRIGENTINI
2459 289 2636 350 VITA

3523 284 3625 354 700

383 420 548 474 quam
581 413 762 460 autem
828 415 937 469 tam
995 403 1309 460 Marcianus
1367 422 1532 476 quam
1588 408 1832 476 episc0pi
1868 421 1956 460 res

2073 404 2288 468 πόλεως,
2321 405 2415 458 καὶ
2457 400 2936 474 ἐπεσφραγίσαντο
2969 402 3020 454 οί
3069 398 3362 456 ἐπίσκοποι
3385 401 3486 470 τῆς
3509 419 3628 460 συν-

381 512 514 553 Snas
536 507 984 567 composuerunt,
1020 498 1210 566 eisque
1236 499 1484 568 pontifex
1523 500 1796 556 maximus
1836 515 1958 570 quae

382 589 448 644 ad
483 591 586 642 iter
614 589 922 643 necessaria
961 593 1166 652 essent,
1210 588 1382 654 dedit,
1415 604 1477 642 ac
1509 588 1607 662 [et]
1641 591 1782 645 dona
1819 605 1959 660 prae-

285 717 308 725 -
383 690 529 734 terea
559 681 725 734 multa
753 692 806 734 et
839 681 1114 749 episcopis
1149 689 1202 734 et
1231 679 1508 736 Marciano
1535 723 1550 747 ,
1593 691 1647 736 et
1695 683 1798 752 ipsi
1833 697 1961 737 san-

383 779 472 824 t-to
519 769 786 840 Gregorio
843 769 1083 839 adjecit;
1118 788 1274 826 sacra
1323 773 1718 828 dcnmm'nrbis
1759 773 1956 843 templa

381 863 663 926 \‘cnerati,
725 871 778 916 et
859 864 1120 918 euntibus
1185 863 1381 919 olIiciis
1445 865 1586 933 apud
1651 865 1957 932 pontiﬁcum

384 955 683 1008 maximum
741 955 1014 1024 perfuncti
1045 999 1058 1022 ,
1121 957 1242 1025 ipso
1296 957 1432 1010 bene
1463 966 1739 1026 precante,
1786 956 1958 1013 Roma

383 1047 634 1100 exierunt
691 1047 855 1101 simul
907 1063 1140 1112 omnes,
1197 1047 1437 1118 episcopi
1497 1046 1748 1116 scilicet,
1808 1046 1960 1106 Mar-

385 1138 598 1205 rianus,
632 1139 1025 1210 chartophylax
1047 1181 1061 1202 ,
1107 1151 1160 1195 et
1191 1140 1516 1212 Gregorius,
1551 1143 1709 1207 cujus
1735 1142 1962 1212 potissi-

387 1247 534 1284 mum
592 1247 874 1287 sermones
906 1234 960 1286 in
1004 1234 1198 1289 itinere
1251 1237 1512 1290 omnibus
1556 1237 1963 1292 oblectamento

387 1323 626 1376 fuerunt.
657 1321 902 1378 llabehat
933 1340 1062 1378 vero
1085 1325 1176 1380 hic
1205 1343 1392 1383 secum
1423 1341 1475 1382 et
1504 1330 1664 1384 binos
1695 1331 1962 1385 diaconos

388 1408 804 1482 Philadelphum
835 1423 998 1482 atque
1027 1413 1396 1482 Platonicum,
1449 1436 1686 1490 eumque
1714 1419 1800 1475 bis
1832 1435 1963 1490 pue-

386 1516 480 1555 ros
525 1503 664 1558 duos
717 1503 1032 1560 Secundum
1095 1518 1149 1560 et
1193 1507 1564 1563 Stratonicum
1609 1511 1962 1566 tribunorum

389 1591 552 1658 ltlios,
587 1611 820 1665 quorum
876 1599 1087 1667 primus
1119 1601 1356 1656 clericus
1388 1611 1538 1668 erat,
1590 1603 1728 1656 alter
1761 1603 1960 1668 laicus.

389 1687 588 1758 hicque
621 1691 818 1743 nOtarii
857 1705 1081 1746 munere
1116 1692 1259 1760 apud
1302 1708 1397 1748 eos
1429 1691 1780 1761 fungebatur.

458 1945 721 2002 LXXXV.
757 1949 1382 2020 UtConstantinopolim
1434 1961 1824 2020 pervenerunt,
1863 1951 1965 2006 hu-

388 2042 746 2096 manissimus
789 2041 1088 2110 imperator
1117 2081 1132 2106 ,
1180 2042 1417 2096 adventu
1467 2057 1657 2096 eorum
1708 2043 1964 2110 cognito,

390 2132 747 2202 prsescripsit,
788 2143 853 2187 ut
877 2141 1103 2190 sanctus
1133 2131 1434 2203 Gregorius
1485 2133 1538 2186 in
1573 2134 1964 2187 umnasterium

391 2217 581 2274 Sancti
615 2220 789 2290 Sergii
834 2221 1190 2287 concederet,
1251 2222 1304 2274 in
1337 2237 1444 2290 qno
1496 2237 1605 2274 non
1645 2221 1815 2274 multo
1841 2231 1967 2276 ante

393 2311 574 2365 fuerat
601 2328 612 2363 :
639 2311 960 2380 accepitque
1004 2311 1182 2379 ipsum
1215 2301 1507 2381 praefecws
1543 2312 1738 2382 magna
1767 2311 1968 2365 laetitia:

390 2399 810 2469 signiﬁcatione.
849 2399 1019 2454 Biduo
1048 2407 1170 2470 post
1194 2399 1494 2470 imperator,
1536 2399 1784 2454 admisso
1824 2399 1966 2453 Mar-

391 2493 570 2556 ciano,
606 2491 806 2546 rescire
829 2492 896 2546 ab
925 2506 990 2546 eo
1018 2491 1190 2546 voluit
1229 2531 1246 2558 ,
1303 2492 1433 2562 quid
1463 2493 1706 2562 synodus
1753 2491 1820 2546 de
1852 2492 1968 2545 viro

390 2582 540 2652 justo
566 2582 870 2638 statuisset.
919 2581 1104 2652 Itaque
1145 2598 1372 2637 narrare
1424 2583 1746 2663 imperatori
1801 2586 1970 2656 coepit

391 2670 705 2728 Marcianus
734 2672 979 2743 prodigia
1019 2673 1228 2736 omnia,
1268 2690 1390 2742 quae
1419 2684 1645 2737 sanctus
1675 2675 1758 2728 vir
1789 2687 1970 2744 patra-

391 2772 566 2826 verat,
597 2762 650 2816 in
688 2764 881 2832 primis
927 2763 1204 2830 singulare
1241 2764 1374 2817 illud
1423 2773 1476 2818 et
1531 2766 1860 2834 stupendum
1901 2767 1970 2821 de

392 2853 570 2923 puella
603 2870 633 2908 a
661 2854 907 2907 daemone
937 2863 1191 2925 correpta
1219 2897 1235 2923 ,
1293 2863 1348 2910 et
1404 2857 1724 2912 miraculum
1777 2867 1968 2913 contra

392 2954 746 2998 accusmores
791 2945 949 3013 ejus:
991 2955 1108 3000 tum
1146 2941 1200 3001 et
1237 2945 1305 3000 de.
1339 2949 1530 3016 prunis
1565 2946 1798 3012 addidit,
1832 2963 1970 3018 quas

2058 497 2179 550 ὁδου
2238 497 2333 550 καὶ
2359 497 2511 550 πᾶσα
2538 496 2573 565 ἡ
2614 492 2936 564 Ἐκκλησία,
2967 491 3062 548 καὶ
3099 491 3387 546 ἀπέδωκαν
3420 491 3499 564 τῷ
3524 511 3626 564 μα-

2057 587 2258 657 καρίῳ.
2286 585 2474 640 Πάντα
2496 583 2554 638 δὲ
2591 583 2909 645 τελέσαντες
2937 583 2966 640 ὄ
2994 598 3053 636 se
3101 580 3420 651 Μαρκιανὸς
3466 583 3560 636 καὶ
3582 583 3630 637 oi

2059 680 2371 742 ἐπίσκοποι,
2397 676 2520 740 δοὺς
2556 675 2739 738 αὐτοῖς
2772 677 2801 728 6
2830 675 3020 738 πάπας
3055 673 3122 727 τὰ
3154 674 3289 744 πρὸς
3313 673 3414 744 τὴν
3445 675 3632 745 χρείαν

2059 769 2245 836 ἐφόδια
2273 767 2374 837 τῆς
2406 765 2528 821 ὁδοῦ
2549 807 2564 833 ,
2596 764 2770 820 πολλά
2796 781 2858 818 τε
2888 763 3041 834 δῶρα
3081 762 3389 834 παρασχὼν
3417 767 3530 826 τοῖς
3572 780 3632 816 τε

2060 859 2383 922 ἐπισκόποις
2431 857 2524 910 καὶ
2579 855 2657 926 τῷ
2720 855 3055 926 Μαρκιανῷ,
3091 854 3282 910 λοιπὸν
3333 853 3390 908 δὲ
3437 855 3534 906 καὶ
3558 854 3632 924 τῷ

2059 951 2202 1020 ἁγίῳ
2249 949 2566 1020 Γρηγορίῳ·
2604 946 2701 1000 καὶ
2747 949 3230 1019 προσκυνήσαντες
3286 945 3416 1007 τοὺς
3457 946 3636 1014 ἁγίους

2059 1043 2280 1106 τόπους,
2321 1041 2417 1096 καὶ
2468 1039 2870 1110 συνταξάμενοι
2914 1038 2994 1108 τῷ
3022 1039 3202 1110 naua,
3250 1038 3350 1091 καὶ
3381 1037 3638 1102 λαϐόντες

2061 1134 2158 1206 τὴν
2207 1134 2375 1204 εὐχὴν
2417 1133 2545 1202 παρ’
2575 1131 2744 1186 αὐτοῦ
2767 1170 2782 1194 ,
2809 1129 3034 1200 ἐξῆλθον
3087 1130 3199 1184 ἀπὸ
3237 1127 3460 1199 Ῥώμης
3499 1130 3554 1183 οἵ
3581 1146 3639 1182 τε

2063 1223 2372 1287 ἐπίσκοποι,
2401 1222 2494 1276 καὶ
2524 1223 2553 1275 6
2578 1221 2918 1291 Μαρκιανὸς,
2953 1219 3051 1276 καὶ
3074 1221 3102 1273 6
3129 1218 3502 1290 χαρτοφύλαξ,
3527 1218 3640 1288 ἅμα

2061 1314 2122 1367 δὲ
2147 1313 2328 1367 αὐτῶν
2354 1313 2448 1366 καὶ
2477 1313 2506 1365 6
2556 1313 2880 1384 Γρηγόριος.
2925 1308 3086 1365 Κατὰ
3125 1309 3182 1363 δὲ
3228 1309 3328 1380 τὴν
3352 1308 3471 1363 ὁδὸν
3503 1308 3639 1362 πάνυ

2063 1402 2485 1474 κατετρύςρησαν
2505 1401 2615 1455 τῶν
2648 1403 2775 1472 παρ’
2795 1399 2966 1457 αὑτοῦ
2989 1400 3379 1470 φθεγγομένων
3400 1401 3639 1468 ἀγαθῶν.

2064 1495 2168 1550 Σὺν
2187 1495 2350 1566 ηαύτῷ
2377 1495 2432 1547 δὲ
2459 1495 2554 1547 καὶ⁸
2587 1495 2634 1546 οί
2657 1493 2752 1546 δύο
2773 1494 3011 1548 διάκονοι
3029 1491 3357 1560 Φιλάδελφος
3389 1492 3486 1546 καὶ
3510 1491 3644 1544 Πλα-

2064 1586 2293 1649 τωνικὶς
2323 1586 2415 1640 καὶ
2445 1586 2539 1638 δύο
2585 1571 2850 1657 παιδάρια
2884 1585 3186 1648 Σεκοῦνδος
3227 1585 3322 1637 καὶ
3353 1584 3645 1652 Στρατόνι-

2066 1693 2162 1738 κος
2183 1691 2196 1705 ο
2225 1671 2366 1728 οὗτοι
2403 1677 2508 1730 υἱοὶ
2539 1677 2789 1745 ὑπῆρχον
2833 1675 2944 1728 τῶν
2987 1675 3288 1746 τριδούνων
3311 1691 3326 1706 ⁸
3362 1676 3459 1728 καὶ
3491 1676 3518 1728 6
3549 1674 3643 1744 μὲν

1995 1752 2040 1807 Β
2069 1765 2360 1830 Σεκοῦνδος
2386 1766 2648 1836 κληρικὸς
2671 1767 2940 1838 ὑπῆρχεν,
2974 1767 3003 1818 6
3035 1767 3094 1820 δὲ
3135 1766 3501 1838 Στρατόνικος
3527 1766 3644 1820 λαῖο

2065 1857 2160 1920 κδς
2189 1853 2256 1928 ἦν
2281 1858 2535 1924 νοτάριος
2565 1859 2767 1912 αὐτῶν.

2137 1949 2264 2004 IlE'.
2309 1950 2746 2004 Καταλασόντων
2784 1950 2840 2004 δὲ
2879 1949 3060 2005 αὐτῶν
3109 1950 3167 2005 ἑν
3198 1951 3647 2004 Κωνσταντινουο

2066 2041 2242 2107 πόλει,
2261 2044 2426 2110 γνοὺς
2444 2047 2471 2096 6
2487 2043 2786 2113 φιλάγαθος
2816 2043 3092 2114 βασιλεὺς,
3129 2043 3212 2098 ὅτι
3257 2043 3645 2111 παρεγένοντο,

2066 2133 2265 2204 ὥρισεν
2293 2134 2382 2187 τὸν
2411 2134 2566 2205 ἅγιον
2592 2137 2914 2208 Γρηγόριον,
2951 2136 3038 2189 ἵνα
3142 2137 3200 2189 ἐν
3242 2135 3324 2207 τῷ
3373 2152 3647 2210 μοναστης

2069 2225 2172 2296 ρὶῳ
2201 2225 2296 2302 τοῦ
2343 2225 2527 2293 Ἀγίου
2554 2228 2808 2297 Σεργίου,
2840 2231 2898 2283 ἐν
2917 2220 2964 2297 ᾦ
2991 2230 3086 2282 καὶ
3115 2229 3220 2302 πρὸ
3247 2228 3438 2296 ὀλίγου
3473 2229 3647 2300 ὑπῆρ-

2067 2333 2180 2384 χεν.
2213 2299 2549 2386 Ὗπεδέξατο
2597 2317 2653 2370 δὲ
2696 2318 2858 2372 αὑτὸν
2890 2319 2918 2371 6
2976 2299 3282 2392 ἡγούμενος
3339 2319 3483 2389 μετὰ
3526 2299 3650 2373 πολ-

2067 2405 2166 2473 λῆς
2195 2407 2392 2475 χαρᾶς.
2427 2407 2537 2459 Καὶ
2567 2407 2710 2476 μετὰ
2737 2407 2832 2460 δύο
2862 2407 3078 2480 ἡμέρας
3117 2405 3343 2472 ἐδέξατο
3370 2407 3462 2461 τὸν
3495 2408 3642 2477 Μαρ-

2071 2495 2258 2548 κιανὸν
2283 2496 2312 2547 6
2341 2493 2616 2564 βασιλεὺς.
2668 2497 2764 2550 καὶ
2819 2497 3104 2567 ἠρώτησεν
3143 2496 3309 2566 αὑτὸν
3345 2497 3374 2549 6
3401 2495 3651 2568 βασιλεὺς

2067 2585 2129 2638 τὸ
2165 2584 2282 2649 πῶς
2338 2585 2643 2656 ὲδιοίκησεν
2671 2588 2706 2656 ἡ
2741 2585 2964 2652 σύνοδος
3008 2587 3079 2640 τὰ
3123 2587 3267 2640 κατὰ
3297 2585 3396 2640 τὸν
3425 2587 3646 2643 δίκαιον.

2069 2676 2184 2730 Καὶ
2201 2677 2405 2747 ἤρξατο
2424 2679 2450 2730 6
2476 2677 2796 2748 Μαρκιανὸς
2811 2677 3124 2748 ἐξηγεῖσθαι
3139 2676 3216 2747 τῷ
3236 2677 3459 2747 βασιλεῖ
3481 2678 3651 2732 πάντα

2069 2769 2138 2821 τὰ
2170 2769 2322 2842 παρὰ
2357 2769 2451 2822 τοῦ
2498 2770 2656 2840 ἁγίου
2695 2770 3011 2842 πραχθέντα
3046 2771 3272 2840 σημεῖα,
3313 2771 3413 2824 καὶ
3451 2769 3515 2824 τὸ
3547 2785 3648 2823 πα-

2073 2857 2296 2929 ράδοξον
2326 2861 2420 2913 καὶ
2474 2859 2818 2930 ὑπερϐάλλον
2848 2861 2908 2914 τὸ
2966 2859 3112 2914 κατὰ
3152 2859 3252 2934 τὴν
3287 2859 3650 2932 δαιμονιῶσαν

2071 2949 2266 3022 κόρην,
2295 2953 2392 3005 καὶ
2435 2950 2496 3002 τὸ
2529 2949 2715 3021 θαῦμα
2747 2950 2808 3002 τὸ
2833 2951 3126 3021 γενόμενον
3150 2953 3234 3014 είς
3257 2952 3392 3014 τοὺς
3417 2966 3649 3020 κατηγο-

393 3029 448 3084 in
479 3033 642 3101 pallio
670 3050 772 3088 suo
805 3034 1118 3103 recepisset,
1146 3050 1211 3090 ac
1237 3036 1308 3090 de
1345 3036 1617 3099 trabibus,
1653 3052 1774 3106 quae
1795 3036 1969 3106 preci-

2079 3043 2351 3112 ρήσαντας
2383 3041 2569 3107 αὐτὸν,
2599 3039 2786 3095 λοιπὸν
2815 3040 2870 3093 δὲ
2917 3040 3011 3093 καὶ
3033 3040 3094 3094 τὸ
3136 3041 3235 3110 τῆς
3259 3041 3564 3111 ἀνθρακιᾶς
3586 3038 3642 3090 τὸ

391 3122 498 3180 bus
527 3123 647 3193 ejus
681 3139 711 3180 e
742 3125 907 3178 lluvio
940 3127 1149 3181 eductae
1177 3126 1432 3195 fuissent,
1463 3139 1658 3184 etcum
1691 3129 1794 3182 alia
1829 3129 1970 3183 Inul-

395 3224 450 3270 ta
482 3216 580 3270 viri
617 3215 759 3272 facta
787 3219 1132 3284 admiranda,
1154 3227 1270 3274 tum
1303 3231 1356 3274 et
1385 3221 1894 3282 mansuetudinem,
1917 3231 1972 3276 et

396 3309 737 3374 comitatem,
769 3319 824 3365 et
857 3313 1226 3367 constantiam
1257 3314 1726 3368 commemoravit.
1751 3313 1884 3379 Quae
1915 3324 1974 3368 ιιι

395 3399 573 3454 audiit
593 3400 974 3470 pientissimus
1004 3403 1303 3472 imperator
1330 3444 1346 3468 ,
1405 3418 1591 3459 secum
1650 3404 1764 3474 ipse
1799 3404 1973 3474 pluri-

398 3507 547 3544 ιιιιιιη
573 3491 876 3548 admiratus
907 3509 1135 3565 magnas
1165 3494 1277 3550 Deo
1305 3495 1509 3566 gratias
1539 3496 1670 3566 egit.
1706 3496 1973 3552 Similiter
2010 3523 2016 3528 -

397 3595 528 3636 vero
561 3583 806 3653 episcopi
835 3587 998 3638 etiam
1027 3593 1081 3640 et
1103 3586 1502 3658 ehartophylax
1555 3588 1746 3642 eadem
1793 3588 1976 3643 archi-

395 3670 658 3739 episcopo
692 3671 1085 3740 exposuerunt,
1125 3675 1214 3729 cui
1273 3684 1353 3730 tot
1403 3675 1494 3730 illa
1555 3677 1803 3748 prodigia
1863 3692 1974 3734 non

399 3760 595 3814 minori
630 3762 983 3818 admirationi
1010 3763 1256 3821 fuerunt.
1283 3766 1352 3821 At
1381 3769 1648 3837 postridie
1678 3769 1976 3840 imperator

399 3853 807 3910 sanctissimum
847 3857 1317 3927 archiepiscopum
1363 3867 1418 3914 et
1455 3859 1550 3930 qui
1604 3861 1773 3914 Roma
1811 3876 1976 3916 vene-

397 3955 460 3996 ra
485 3953 539 4009 ιΙ,
568 3943 856 4015 episcopos
895 3947 1198 4018 ipsumque
1248 3958 1499 4004 sanctum
1549 3947 1870 4021 Gregorium
1905 3953 1972 4008 ad

399 4052 460 4090 se
496 4035 547 4088 iu
609 4038 868 4106 palatium
909 4041 1095 4097 venire
1128 4041 1318 4112 jussit.
1356 4041 1608 4114 Cumque
1667 4045 1878 4114 primus
1907 4041 1981 4099 ad

397 4145 523 4183 cum
559 4131 867 4200 archit-piac
889 4150 1007 4200 quis
1041 4135 1328 4204 ingressus
1361 4144 1529 4200 esset,
1565 4145 1728 4206 atque
1759 4137 1970 4192 honore

403 4219 587 4274 habito
625 4224 996 4285 C'msedisset.
1045 4226 1125 4278 sic
1151 4241 1276 4279 eum
1310 4226 1608 4295 imperator
1641 4236 1726 4281 est
1763 4228 1975 4282 allocu-

403 4325 522 4369 tus:
561 4313 697 4368 Num
731 4316 798 4370 de
827 4317 1124 4386 prodigiis.
1153 4321 1398 4382 domine,
1429 4319 1631 4374 certior
1675 4319 1856 4374 factus
1891 4336 1972 4386 es,

2073 3133 2190 3195 πῶς
2221 3132 2440 3200 ἐδέξατο
2469 3135 2548 3196 εἰς
2589 3132 2650 3184 τὸ
2686 3131 2841 3200 ἅγιον
2889 3131 3158 3200 φελόνιον,
3191 3131 3284 3186 καὶ
3335 3130 3400 3184 τὸ
3429 3130 3544 3194 πῶς
3570 3128 3654 3183 διὸ,

2074 3226 2383 3296 προσευχῆς
2435 3223 2601 3278 αὑτοῦ
2643 3222 3070 3292 ἀνεσπάσθησαν
3125 3223 3194 3277 τὰ
3243 3222 3384 3288 ξύλα
3431 3220 3652 3277 ἀπὸτοῦ

2075 3316 2417 3381 ὔδατο;,.καὶ
2461 3315 2598 3370 ἄλλα
2626 3315 2798 3369 πολλὰ
2837 3315 3096 3386 θαύματα
3140 3317 3168 3368 6
3200 3315 3514 3387 σπαθάριος
3535 3313 3655 3385 περὶ

2072 3407 2168 3462 τοῦ
2187 3407 2399 3478 ἀνδρὸς.
2417 3407 2479 3459 τό
2501 3424 2558 3460 τε
2589 3408 2762 3473 πρᾶον
2782 3405 2969 3471 αὑτοῦ,
3008 3407 3104 3458 καὶ
3130 3405 3368 3476 ἥσυχον,
3391 3406 3484 3460 καὶ
3508 3405 3668 3468 aut:

2077 3516 2204 3553 στον
2230 3499 2392 3553 αὑτὸν
2425 3499 2724 3570 διαμένειν.
2761 3496 2948 3550 Ταῦτα
2975 3497 3033 3552 δὲ
3069 3497 3316 3560 ἀκούσας
3368 3501 3398 3552 6
3444 3495 3674 3552 εύσεσιο.

2078 3609 2272 3654 στατος
2297 3591 2552 3662 βασιλεὺς
2591 3591 2992 3655 Ἰουστινιανδς,
3021 3589 3238 3660 ἔμεινεν
3269 3589 3572 3658 θαυμάζων
3593 3593 3652 3644 ὲν

2077 3683 2280 3755 ὲαυτῷ,
2311 3683 2430 3752 ἅμα
2451 3685 2508 3737 δὲ
2552 3684 2647 3737 καὶ
2671 3681 3012 3754 εὐχαριστῶν
3043 3681 3122 3754 τῷ
3147 3680 3267 3752 Θεῷ
3307 3683 3445 3754 περὶ
3474 3683 3654 3738 αὑτοῦ.

2092 3775 2326 3847 Ὁμοίως
2371 3775 2428 3829 δὲ
2471 3776 2565 3829 καὶ
2609 3776 2660 3828 οἱ
2695 3775 2988 3828 ἐπίσκοποι
3014 3773 3109 3827 καὶ
3133 3773 3162 3825 ό
3196 3775 3558 3845 χαρτοςρύλαξ
3584 3773 3656 3827 δι-

2078 3867 2356 3938 ηγήσαντο
2406 3865 2473 3919 τὰ
2513 3867 2636 3920 κατ’
2665 3864 2831 3918 αὐτοῦ
2873 3865 3056 3920 πάντα
3105 3865 3184 3940 τῷ
3218 3864 3654 3938 ἀρχιεπισκόπιρ.

2091 3955 2427 4025 Ἐξέπλαγεν
2475 3957 2534 4011 δὲ
2574 3959 2671 4010 καὶ
2725 3957 2885 4021 αὐτὸς
2940 3959 3034 4012 ἐπὶ
3082 3962 3198 4024 τοῖς
3252 3959 3510 4030 σημείοις
3550 3958 3655 4020 τοῖς

2079 4048 2234 4117 παρὰ
2267 4047 2362 4100 τοῦ
2396 4047 2577 4116 ἁγίου.
2615 4049 2694 4119 Τῇ
2723 4047 2782 4102 δὲ
2813 4049 3092 4118 ἐπαύριον,
3131 4050 3424 4104 ικέλευσεν
3451 4051 3482 4102 6
3509 4049 3655 4120 βασι-

2079 4139 2205 4203 λεὺς
2239 4138 2556 4209 προσελθεῖν
2581 4140 2639 4191 ιν
2687 4139 2765 4210 τῷ
2796 4141 3044 4210 παλατίῳ
3075 4141 3167 4194 τὸν
3207 4141 3518 4208 ἁγιώτατον
3561 4139 3654 4208 ἁρ-

2081 4232 2439 4302 χιεπίσκοπον
2478 4229 2573 4282 καὶ
2611 4230 2738 4292 τοὺς
2778 4227 2944 4294 ὄντας
2995 4231 3053 4283 ἐν
3088 4229 3274 4300 Ῥώμῃ
3307 4226 3652 4289 ὲπιᾰκόπους,

2084 4324 2181 4377 σὺν
2215 4322 2401 4384 αὐτοῖς
2430 4321 2525 4373 καὶ
2563 4319 2656 4373 τὸν
2696 4321 2853 4388 ἅγιον
2902 4320 3226 4393 Γρηγόριον.
3262 4315 3405 4376 Εἶτα
3441 4317 3654 4390 προσελ-

402 4421 528 4475 qua:
558 4405 746 4462 [laruae
769 4409 838 4462 ab
887 4409 1110 4464 homine
1150 4410 1255 4466 hoc
1279 4411 1447 4481 'jnsto
1489 4411 1634 4466 edita
1673 4413 1844 4468 sunt?
1873 4413 1973 4468 Cui

2085 4412 2195 4466 θὼν
2225 4413 2256 4466 ὀ
2280 4411 2722 4483 ἀρχιεπίσκοπος
2752 4412 2972 4482 πρῶτος
3006 4412 3089 4476 είς
3131 4411 3226 4464 τὸν
3273 4403 3654 4480 βασιλέα,’καὶ

398 4500 892 4568 archiepiscopus:
923 4499 1142 4571 Utique,
1181 4502 1380 4572 inquit,
1412 4503 1634 4558 domine
1683 4503 1979 4573 imperator

403 4593 1016 4663 piissime,audivimus.
1043 4603 1099 4650 et
1129 4596 1291 4666 plane
1317 4595 1483 4652 ltetati
1515 4597 1720 4667 gratias
1753 4598 1863 4653 Deo
1888 4607 1979 4653 tua

401 4700 571 4740 causa
625 4686 836 4757 egimus
869 4729 885 4755 ,
935 4687 1082 4758 quod
1145 4688 1249 4746 sub
1318 4689 1739 4760 religiosissinto
1789 4691 1984 4761 piissio

406 4794 610 4848 tuaque
695 4779 1002 4850 principatu
1059 4787 1154 4835 tuo
1191 4780 1387 4852 ttalem
1455 4782 1631 4834 virum
1692 4797 1758 4838 ac
1829 4793 1976 4838 tanta

407 4870 854 4938 mmsuctudine,
888 4871 1172 4931 comitate,
1205 4870 1577 4941 prodigiorum
1621 4873 1860 4942 potentia
1892 4890 1984 4928 or-

408 4971 598 5018 natum
632 4962 954 5017 ostenderit.
995 4962 1098 5028 Qui
1123 4962 1343 5032 quidem
1374 4963 1458 5017 vir
1493 4963 1787 5033 puritatem
1821 4975 1986 5034 atque

408 5052 668 5122 pietatem
706 5061 854 5106 tuam
887 5053 1293 5122 contemplatus
1327 5064 1378 5109 te
1407 5054 1611 5110 imitari
1649 5056 1862 5112 studuit
1885 5075 1897 5111 :
1919 5060 1986 5113 de

408 5159 519 5214 quo
553 5143 828 5208 audierat,
855 5159 1018 5214 quam
1047 5159 1178 5213 erga
1207 5161 1413 5217 egenos
1431 5147 1674 5202 liberalis
1705 5149 1983 5219 sis,quam

412 5238 624 5308 patiens
658 5244 712 5292 et
740 5239 913 5294 comis
955 5254 1082 5310 erga
1118 5255 1310 5295 omnes
1334 5278 1351 5304 ,
1385 5254 1552 5310 quam
1597 5239 1894 5295 immobilis
1931 5241 2001 5295 iu'

413 5331 721 5386 orthodoxa
753 5329 1098 5402 professione
1131 5331 1280 5386 lidei.
1333 5335 1512 5401 Atque
1571 5331 1674 5385 hac
1724 5332 1792 5384 de
1821 5345 1988 5387 causa

421 5421 531 5477 huc
560 5424 625 5476 ad
655 5439 756 5477 nos
787 5421 1179 5496 Hierosolymis
1215 5423 1460 5478 divertil.
1493 5425 1624 5478 Post
1654 5426 1769 5478 haec
1820 5424 1992 5493 impe-

421 5527 568 5570 rator
589 5515 912 5589 Gregorium
937 5534 1060 5574 cum
1091 5517 1365 5588 episcopis
1413 5516 1626 5586 ingredi
1661 5515 1860 5584 jussit:
1897 5515 1990 5584 qui

427 5605 518 5659 ubi
547 5607 773 5664 admissi
812 5620 963 5675 sunt,
1002 5621 1082 5664 ter
1107 5609 1260 5663 illum
1286 5607 1354 5662 ad
1385 5615 1587 5662 terram
1622 5623 1796 5675 usque
1833 5623 1992 5661 rene-

429 5697 548 5764 rati,
585 5697 708 5772 [tu]
756 5715 940 5757 coram
974 5702 1361 5759 constiterunt.
1408 5699 1499 5756 llle
1536 5715 1704 5756 vero:
1738 5697 1990 5766 Pulchre,

2084 4508 2470 4576 προσκυνήσας
2495 4501 2643 4572 αύτῷ
2665 4502 2954 4570 ὲκαθέσθη.
2999 4503 3109 4556 Καὶ
3155 4503 3304 4572 λέγει
3336 4502 3488 4573 αύτῷ
3507 4505 3534 4555 6
3564 4500 3651 4571 βα-

2083 4598 2266 4664 σιλεύς
2287 4615 2301 4628 ο
2335 4597 2583 4660 Πάντως,
2605 4594 2866 4660 δέσποτα,
2907 4595 3153 4666 ἀκήκοας
3178 4596 3262 4668 τι
3274 4595 3545 4666 γενόμενα
3563 4608 3656 4668 ση-

2087 4689 2214 4757 μεῖα
2245 4684 2334 4740 διὰ
2373 4683 2468 4738 τοῦ
2521 4681 2817 4752 ἀνθρώπου
2861 4683 3077 4736 δικαίου
3131 4685 3190 4736 ὲν
3233 4679 3467 4756 Ῥώμης
3513 4682 3569 4735 Ὅ
3601 4679 3652 4731 δὲ

2083 4778 2514 4851 ἀρχιεπίσκοπος
2533 4774 2866 4845 ἀπεκρίνατο
2889 4789 2903 4803 ⁸
2931 4773 3040 4827 Ναὶ
3062 4814 3076 4836 ,
3117 4773 3354 4828 δέσποτα
3395 4771 3652 4841 αὐτοκρά-

2083 4889 2181 4942 τορ
2202 4870 2584 4933 εύσεϐἑστατε,
2605 4867 2924 4938 ἀκηκόαμεν
2948 4867 3042 4920 καὶ
3075 4866 3216 4920 πάνυ
3239 4868 3544 4936 ἐχάρημεν,
3565 4861 3654 4915 καὶ

2085 4961 2161 5032 τῷ
2187 4960 2306 5031 Θεῷ
2357 4961 2834 5030 εὐχαριστήσαμεν
2866 4956 2958 5012 διὰ
3008 4957 3126 5020 σοῦ,
3171 4956 3550 5016 εύσεϐέστατε,
3576 4954 3652 5004 ὅτι

2087 5055 2181 5108 ἐπὶ
2206 5053 2302 5107 τοῦ
2328 5053 2567 5123 κράτους
2601 5051 2701 5122 τῆς
2727 5051 2827 5119 σῆς
2854 5049 3200 5121 θεοκυρὼτου
3223 5047 3481 5107 εὐσεϐοῦς
3507 5045 3651 5116 βασι-

2087 5146 2235 5209 λείας
2263 5143 2533 5212 ἀνέδειξεν
2563 5145 2592 5196 ὁ
2623 5143 2757 5208 Θεὸς
2787 5141 3028 5198 τοιοῦτον
3064 5142 3262 5212 πρᾶον,
3299 5139 3394 5196 καὶ
3432 5139 3648 5209 ἥσυχον.

2090 5242 2185 5295 καὶ
2217 5239 2585 5311 σημειοφόρον
2619 5237 2808 5307 ἄνδρα.
2839 5237 2952 5294 Καὶ
2979 5235 3140 5292 τοῦτο
3160 5236 3190 5288 6
3221 5235 3360 5306 ἀνὴρ
3383 5231 3525 5302 ὀρῶν
3563 5243 3650 5280 σου

2090 5334 2150 5384 τὸ
2179 5330 2418 5402 καθαρὸν
2448 5331 2545 5384 καὶ
2567 5330 2842 5400 φιλόθεον,
2872 5327 3279 5398 ὲζήλωσένκσου
3315 5325 3408 5379 τὸν
3421 5321 3612 5392 τρόπον
3633 5330 3648 5346 ⁶

2093 5422 2347 5488 ἀκηκοὼς
2373 5423 2481 5490 γάρ
2515 5438 2609 5473 σου
2639 5420 2699 5473 τὸ
2732 5419 2990 5472 ἐπίπονον
3017 5419 3114 5488 τῆς
3149 5414 3534 5490 ὲλεημοσύνης,
3565 5406 3650 5466 καὶ

2096 5516 2154 5570 τὸ
2181 5513 2475 5576 διαπαντὸς
2513 5512 2870 5586 μακρόθυμον
2899 5511 2994 5566 καὶ
3024 5509 3407 5581 φιλάνθρωπον
3427 5506 3507 5569 είς
3531 5501 3654 5559 πᾶν·

2098 5625 2196 5671 τας
2221 5606 2318 5660 καὶ
2345 5607 2406 5658 τὸ
2441 5605 2779 5676 ἀμετάθετον
2823 5605 2922 5674 τῆς
2970 5604 3051 5668 είς
3096 5600 3333 5671 Χριστὺν
3380 5591 3653 5665 δρθοδὸξου

2105 5715 2197 5750 σου
2231 5697 2495 5762 πίστεως,
2521 5697 2711 5750 τούτου
2741 5694 2904 5766 χάριν
2944 5690 3275 5764 παρεγένετο
3299 5682 3532 5742 ἐνταῦθα
3555 5677 3656 5735 ἀπὸ

3955 1052 3958 1158 Ι

3955 1052 3958 1158 Ι

3957 1457 3960 1570 l
