4054 6204
332 221 440 286 703

1331 221 1392 280 S.
1431 218 1811 282 GREGORII
1861 221 2372 282 AGRIGENTINI
2424 222 2620 283 VITA.

3503 217 3607 282 τοι

327 339 441 386 tem
475 331 896 400 quadragenarii
932 302 1123 403 ῙρῙῘιιιίἰ
1163 341 1438 403 tempore,
1489 341 1544 386 et
1571 343 1778 388 sanctae
1816 331 1918 388 Re-
1951 382 1956 394 .

2061 333 2418 405 [ληρωθείσης
2450 333 2508 387 δέ
2548 333 2652 402 τῆς
2697 331 2860 400 ἀγίας
2901 308 3380 406 Τεσσαρακοπῆς,
3418 333 3611 401 ἐορτάρ

339 425 699 480 θυι-ιἐοιίοιιίε
731 423 940 478 Domini
966 425 1140 478 nostri
1165 422 1298 479 Jesu
1334 423 1539 479 Christi
1571 425 1920 480 solemnibus

341 516 654 576 celebratis.
696 514 904 584 rogavit
928 514 1125 570 beatus
1161 516 1244 569 vir
1287 515 1678 585 imperatorem
1734 515 1920 585 Augu-

340 618 508 673 stum,
539 617 599 662 ut
629 608 810 661 locum
842 607 945 661 sibi
983 608 1266 678 Agrigenti
1307 608 1376 662 ad
1409 625 1608 663 novum
1662 607 1922 675 templum

341 707 394 751 et
425 697 651 750 domum
709 696 1078 764 pontilicalem
1137 697 1516 752 aedilicandam
1567 698 1921 752 concederet:

343 799 508 858 atque
539 790 681 843 hanc
708 789 1028 858 petitionem
1070 791 1126 844 in
1171 791 1352 844 libello
1383 790 1616 860 supplici
1648 789 1922 858 esposuit,

343 899 506 953 quem
536 883 909 938 amicissimus
953 883 1056 952 ipsi
1082 883 1394 939 Marcianus
1424 883 1740 952 spatliarius
1771 883 1929 937 obtu-

345 976 426 1030 lit.
464 975 602 1029 Etim
631 976 928 1044 imperator
953 985 1067 1029 uta
1103 975 1385 1029 Marciano
1422 974 1684 1028 traditum
1717 973 1928 1042 accepit

350 1081 413 1118 at-
455 1067 620 1133 legit,
677 1064 837 1119 valde
877 1065 1092 1118 laetatus
1137 1074 1242 1124 cst,
1289 1065 1395 1118 Deo
1436 1064 1651 1118 laudem
1703 1065 1950 1130 tribuit,-

351 1153 496 1220 quod
527 1153 688 1206 talem
725 1153 804 1207 illi
847 1153 1090 1206 animum
1139 1153 1464 1206 addidisset.
1516 1151 1655 1206 Tum
1697 1154 1933 1208 sanctis-

353 1245 498 1298 simo
526 1245 940 1312 archiepiscopo
988 1246 1206 1306 accito,
1266 1246 1508 1306 libellum
1563 1245 1611 1298 ei
1671 1245 1930 1309 ostendit,

353 1353 516 1405 quem
559 1353 654 1406 per
684 1336 1022 1390 Marcianum
1057 1349 1376 1406 acceperat:
1403 1337 1492 1390 ille
1526 1352 1658 1390 Vero
1691 1347 1748 1390 ut
1785 1337 1933 1406 legit,

352 1443 462 1482 non
494 1427 678 1482 minus
717 1428 1022 1482 admiratus
1078 1435 1160 1481 est
1201 1443 1322 1495 qua:
1374 1427 1426 1478 in
1477 1442 1538 1480 ea
1585 1428 1848 1496 petitione
1906 1442 1935 1479 a

353 1518 620 1589 Gregorio
643 1519 1080 1588 experiebantur.
1106 1520 1173 1572 At
1204 1519 1503 1588 imperator
1533 1519 1762 1572 mandat
1794 1519 1938 1571 Mar-

354 1613 539 1676 ciano,
575 1619 632 1665 ut
655 1622 903 1666 sanctum
934 1611 1256 1683 Gregorium
1295 1626 1326 1664 θ
1365 1610 1549 1664 Sancti
1589 1611 1763 1680 Sergii
1818 1627 1938 1665 nte-

2025 439 2218 486 σαντες
2243 422 2338 493 τὴν
2363 421 2524 490 ἁγίαν
2542 423 2634 476 καὶ
2650 419 2915 492 λαμπράν
2943 421 3045 485 τῆς
3085 421 3610 492 ’Λναστάσεωςήμέ-

2025 529 2127 584 ραν
2165 511 2257 565 τοῦ
2303 513 2514 582 Κυρίου
2552 509 2711 582 ἡμῶν
2763 509 2938 582 Ἰησοῦ
2984 511 3246 582 Χριστοῦ,
3283 511 3406 581 ᾔτει
3437 513 3466 564 ό
3505 529 3612 581 μα-

2026 603 2217 676 κάριος
2263 603 2402 673 μετὰ
2457 602 2632 656 ταῦτα
2655 603 2745 656 τὸν
2805 602 3084 655 θειότατον
3147 601 3372 671 βασιλέα
3429 601 3616 657 δοῦναι

2027 694 2178 764 αὐτῷ
2208 712 2260 747 τι
2300 693 2466 766 μέρος
2495 696 2554 748 ἐν
2581 697 2648 766 τῇ
2689 693 2845 748 πόλει
2892 694 2988 746 τοῦ
3031 693 3454 764 ἀνοικοδομῆσαι
3489 694 3615 746 ναὸν

2027 786 2217 856 ἓτερον
2249 787 2347 840 καὶ
2371 789 2748 842 ὲπισκοπεῖον.
2779 787 2822 838 Τ
2826 773 3043 839 οὔτθ’δὲ
3067 786 3345 856 ἀνήγαγεν
3375 785 3466 839 διὰ
3495 785 3619 843 ίδιοο

2027 879 2214 948 χείρου
2243 877 2408 930 αὑτοῦ
2427 877 2678 948 δεητικδν
2707 879 2736 930 ὁ
2766 877 2922 946 ἅγιος
2949 877 3251 948 Γρηγὸριος
3269 875 3357 929 διὰ
3386 875 3482 928 τοῦ
3506 876 3620 946 φιλο

2031 969 2194 1023 τάτου
2231 969 2400 1024 αὐτοῦ
2447 968 2772 1040 Μαρκιανοῦ
2803 969 2898 1022 τοῦ
2944 967 3278 1037 σπαθαρίου.
3313 966 3620 1038 Δεξάμενος

2031 1061 2088 1114 δὲ
2107 1063 2139 1114 ’ὁ
2167 1060 2423 1132 βασιλεὺς
2453 1062 2554 1130 τὴν
2590 1059 2938 1130 πεμφθεῖσαν
2963 1059 3116 1131 αὐτῷ
3159 1060 3348 1130 δέησιν
3389 1060 3482 1114 διὰ
3511 1077 3623 1129 χει-

2039 1151 2130 1220 ρὸς
2191 1149 2286 1202 τοῦ
2337 1148 2696 1218 Μαρκιανοῦ,
2739 1151 2833 1201 καὶ
2883 1149 3094 1218 ταύτην
3164 1149 3472 1216 ἀναγνοὺς,
3505 1147 3626 1203 λίαν

2037 1238 2206 1310 ἐχάρη
2237 1238 2320 1290 ἐπ’
2350 1238 2488 1308 αὐτῇ
2507 1238 2750 1304 δοξάζων
2778 1239 2872 1292 τὸν
2907 1239 3040 1290 Θεὸν
3065 1237 3160 1290 τὸν
3185 1238 3346 1292 δόντα
3365 1237 3624 1306 τοιαύτην

2037 1333 2196 1402 χάριν
2222 1331 2301 1401 τῷ
2333 1329 2518 1401 ἀνδρίο
2559 1331 2654 1384 καὶ
2702 1329 3224 1402 προσκαλεσάμενος
3252 1330 3347 1382 τὸν
3383 1329 3620 1396 ἁγιώτα-

2039 1444 2128 1478 τον
2174 1426 2604 1495 ἀρχιεπίσκοπον
2634 1425 2971 1494 ό-βασιλε-ὺς,
3025 1423 3308 1488 ὑπέδειξεν
3351 1416 3626 1494 αὐτῷτὴν

2041 1519 2440 1572 ἀποσταλεῖσαν
2469 1517 2654 1586 δέησιν
2685 1517 2774 1570 διὰ
2811 1516 2910 1594 τού
2939 1516 3284 1588 Μαρκιανοιλ
3332 1517 3628 1584 Ἀναγνοὺς

2041 1610 2098 1662 δὲ
2123 1610 2330 1679 ταύτην
2355 1609 2384 1662 ὁ
2414 1609 2853 1680 ἀρχιεπίσκοπος
2881 1609 3020 1663 πάνυ
3063 1608 3382 1678 ἐθαύμασεν
3412 1609 3506 1659 καὶ
3535 1601 3632 1660 αὑιέ

357 1703 621 1764 nasterio,
655 1703 746 1758 ubi
784 1705 1126 1766 versabatur,
1156 1713 1420 1756 arcessat.
1453 1701 1554 1768 Qui
1599 1715 1656 1755 ut
1695 1703 1745 1754 in
1788 1701 1938 1770 pala-

2061 1701 2132 1764 ςὸς
2163 1701 2304 1770 μετά
2330 1700 2424 1753 τοῦ
2452 1699 2718 1769 βασιλέως
2742 1701 2823 1761 είς
2851 1699 2953 1768 τὴν
2979 1697 3194 1750 ἔκθεσιν
3221 1699 3320 1766 τῆς
3364 1699 3500 1767 παρ’
3535 1697 3631 1750 αὖ·
3713 1757 3718 1764 ο

359 1796 495 1848 tium
529 1795 694 1857 venit,
730 1803 785 1849 et
823 1795 1213 1863 imperatorem
1271 1803 1350 1846 ter
1387 1808 1562 1861 usque
1609 1801 1806 1846 terram
1846 1809 1940 1846 ve-

359 1895 580 1940 neratus
602 1893 706 1948 est,
739 1886 979 1939 surrexit
1010 1900 1039 1938 e
1065 1885 1262 1937 throno
1310 1872 1632 1952 imperator,
1667 1899 1834 1949 seque
1865 1884 1939 1936 illi

359 1975 646 2031 inclinavit
672 1991 734 2030 ac
767 1991 963 2030 manus
1015 1971 1138 2044 ejus
1176 1975 1458 2029 osculatus
1504 1983 1616 2038 est,
1650 1956 1811 2027 etiam
1863 1984 1944 2028 at—

359 2082 468 2134 que
497 2066 660 2121 etiam
695 2082 916 2134 rogans,
951 2075 1010 2120 ut
1043 2065 1144 2120 sibi
1185 2065 1392 2118 homini
1419 2080 1650 2133 nequam
1691 2065 1944 2133 precibhs

363 2173 522 2228 opem
557 2159 744 2212 ferret.
777 2157 879 2212 Cui
924 2156 1224 2227 Gregorius
1253 2155 1318 2209 ad
1345 2156 1506 2224 pedes
1549 2157 1859 2224 Prorid-‘ns,
1883 2164 1947 2210 .et

362 2261 488 2302 cum
528 2246 791 2317 lacrymis
820 2245 1102 2298 clamans:
1135 2243 1299 2309 Quid,
1334 2245 1532 2314 inquit,
1577 2260 1738 2300 servo
1766 2245 1944 2299 fecisti

364 2348 480 2398 tuo.
513 2337 718 2406 optime
743 2337 1014 2404 Auguste,
1040 2344 1119 2398 tu,
1151 2334 1396 2402 inquam,
1431 2333 1524 2404 qui
1556 2335 1742 2387 orbem
1779 2345 1949 2388 terra-

366 2445 488 2483 vum
538 2429 623 2497 pie
665 2443 810 2482 nunc
859 2425 1252 2482 administras?
1293 2428 1362 2480 de
1404 2441 1515 2496 quo
1546 2429 1712 2480 etiam
1762 2427 1844 2481 vel
1899 2438 1950 2482 te

367 2535 551 2575 coram
583 2518 884 2588 praedicare
913 2518 1128 2572 audebo
1155 2533 1275 2584 quin
1311 2517 1454 2572 Deus
1505 2533 1701 2586 magna
1729 2529 1780 2582 et
1805 2534 1947 2589 pra:-

369 2613 517 2668 clara
546 2613 641 2669 tibi
673 2611 930 2675 contulit,
959 2625 1025 2664 ex
1061 2623 1172 2678 quo
1215 2618 1475 2677 tanquam
1521 2609 1575 2663 in
1625 2609 1791 2663 tutela
1830 2610 1949 2679 ejus

369 2717 588 2767 regnas,
617 2716 742 2755 cum
777 2699 992 2761 videam
1037 2698 1323 2752 Dominum
1375 2707 1622 2752 nostrum
1669 2699 1950 2754 Christum

368 2793 435 2846 ad
472 2795 621 2863 regni
663 2792 827 2848 vestri
862 2791 1263 2863 religiosissimi
1307 2790 1476 2844 robur
1512 2792 1772 2846 tuendum
1812 2811 1953 2862 qun-

370 2885 503 2938 tidie
535 2885 856 2954 advigilare.

2043 1791 2140 1845 τοῦ
2198 1791 2528 1862 ἐκτεθείσης
2551 1791 2974 1862 αὐτῷδεήσεως.
3007 1789 3118 1843 Καὶ
3177 1788 3514 1852 ἀποστείλας
3543 1787 3632 1841 τὸν
3706 1819 3717 1830 ο

2047 1885 2102 1937 Μ
2114 1885 2370 1954 κρκιανὸν
2401 1884 2430 1936 ὁ
2467 1883 2745 1952 βασιλεὺς,
2775 1883 2984 1952 ἢγαγεν
3013 1881 3104 1934 τὸν
3129 1881 3288 1946 ἅγιον
3333 1880 3632 1950 Γρηγὸριον

2047 1977 2113 2028 ἐκ
2145 1974 2240 2028 τοῦ
2290 1973 2658 2046 μοναστηρίου
2713 1973 2806 2027 τοῦ
2849 1973 3033 2041 Ἀγίου
3093 1972 3362 2042 Σεργίου,
3392 1973 3452 2024 ἐν
3483 1967 3527 2038 ᾧ
3567 1967 3633 2042 ἧν

2047 2066 2357 2138 ἡσυχάζων.
2399 2065 2744 2128 Ἀνελθὸντος
2774 2064 2832 2118 δὲ
2858 2066 2952 2118 τοῦ
2972 2064 3127 2132 ἁγίου
3159 2063 3216 2115 ὲν
3259 2062 3340 2132 τῷ
3365 2062 3632 2132 παλατίῳ,

2051 2159 2468 2230 προσεκύνησεν
2517 2141 2596 2228 τῷ
2637 2157 2851 2228 βασιλεῖ
2890 2157 3074 2228 τρίτον
3117 2155 3210 2208 ἐπὶ
3239 2153 3342 2226 τὴν
3369 2155 3510 2222 γῆνο
3545 2156 3634 2208 καὶ
3669 2145 3676 2152 ’
3713 2212 3715 2214 ,

2052 2240 2363 2313 ἀναστάς’ὁ
2413 2249 2663 2320 βασιλεὺς
2708 2249 2816 2302 ἀπὸ
2859 2247 2954 2302 τοῦ
2999 2247 3191 2318 θρόνου
3225 2238 3644 2316 προσεκύνησεν

2053 2341 2221 2412 αὐτῷ,
2251 2341 2356 2398 καὶ.
2401 2323 2958 2412 κατεφίλησενάὑτοῦ
2999 2338 3099 2401 τὰς
3133 2339 3633 2412 χεῖρας,’παρακα-

2053 2431 2160 2486 λῶν
2178 2411 2350 2486 αὐτὸν
2385 2435 2478 2485 καὶ
2498 2411 2710 2500 λέγων·
2745 2431 2912 2498 Εὒξαι
2964 2431 3106 2500 ὑπὲρ
3152 2428 3288 2500 ἐμοῦ
3325 2423 3421 2488 τοῦ
3463 2411 3677 2494 ἁμαρ-³

2055 2521 2250 2576 τωλοῦ.
2296 2523 2353 2576 Ὀ
2377 2523 2437 2576 δὲ
2467 2523 2650 2576 πεσὼν
2684 2524 2836 2594 παρά
2863 2521 2990 2586 τοὺς
3019 2521 3187 2583 πόδας
3228 2517 3325 2572 τοῦ
3353 2517 3633 2589 βασιλέως,

2061 2615 2200 2686 μετὰ
2229 2615 2481 2685 δακρύων
2511 2614 2710 2685 ἐϐόησε
2739 2630 2752 2645 ο
2777 2615 2840 2666 Ὢ
2874 2611 3149 2682 φῖλάγαθε
3173 2610 3440 2674 δέσποτα,
3471 2609 3524 2661 τί
3547 2623 3639 2658 πε-
3663 2627 3678 2694 ε.

2059 2708 2292 2777 ποίηκας
2324 2708 2402 2778 τῷ
2457 2707 2534 2779 σῷ
2563 2707 2778 2781 οἰκέτῃ,
2810 2710 2838 2762 ό
2884 2709 2983 2778 τὴν
3013 2706 3345 2777 οἰκουμένην
3403 2699 3638 2762 εὐσεϐῶς
3673 2699 3682 2713 '

2059 2799 2276 2854 διοικῶν
2317 2803 2562 2873 σήμερον
2594 2819 2608 2867 ;
2641 2801 2756 2854 ἀλλ’
2784 2802 2936 2872 ὅμως
2981 2795 3240 2870 τολμῆσω
3302 2792 3638 2867 φθέγξασθαι

2068 2890 2132 2944 τὰ
2165 2892 2429 2962 μεγαλεῖα
2459 2893 2551 2947 τοῦ
2584 2893 2728 2966 Θεοῦ,
2758 2892 2992 2946 ἐνώπιόν
3031 2909 3125 2946 σου
3163 2890 3524 2962 διηγούμενος
3545 2886 3636 2940 ὅσα

374 2979 634 3048 ἐποῖησέν
661 2996 766 3044 σοι,
812 2978 908 3032 καὶ
956 2978 1055 3049 τὴν
1094 2976 1298 3046 πολλὴν
1335 2972 1772 3044 συγκατάϐασιν,
1799 2979 1834 3032 ἃ
1867 2991 1960 3030 και
1999 2983 2112 3056 ἀρῶ
2150 2987 2210 3040 ἐν
2237 2987 2314 3057 τῷ
2349 2987 2638 3058 σεδασμίῳ
2701 3005 2795 3040 σου
2861 2986 3086 3058 κράτει,
3121 2986 3384 3056 δεόμενος
3432 2979 3526 3037 τοῦ
3550 2984 3640 3034 Δε-

378 3075 578 3128 σπότου
609 3074 768 3143 ἡμῶν
797 3073 1042 3144 Χριστοῦ
1073 3073 1169 3126 τοῦ
1214 3073 1304 3126 ἀεὶ
1327 3074 1636 3145 ἐφορῶντος
1673 3073 1735 3128 τὸ
1758 3075 1961 3146 κράτος
2001 3079 2104 3150 τῆς
2131 3081 2391 3148 εὐσεϐοῦς
2419 3082 2574 3155 ὑμῶν
2609 3081 2906 3154 βασιλείας.

450 3163 758 3220 LXXXVII.
792 3163 916 3219 llaec
941 3180 1008 3220 eo
1031 3175 1497 3220 commemorante
1516 3207 1532 3230 ,
1577 3167 1820 3237 suscepit
1849 3167 1955 3221 im-
1986 3181 2030 3238 ο

378 3263 602 3324 perator
635 3272 648 3307 :
684 3253 953 3320 Quoniam
1004 3255 1190 3310 libello
1235 3265 1334 3308 tuo
1377 3270 1407 3308 a
1449 3255 1611 3310 nobis
1645 3257 1957 3326 postulasti,

380 3353 443 3399 ut
473 3345 698 3400 domum
733 3347 1104 3414 pontiﬁcalem
1135 3347 1234 3400 tibi
1256 3356 1468 3401 mutare
1501 3347 1684 3412 liceat,
1717 3348 1827 3411 dic,
1861 3348 1964 3402 Pa—

384 3446 489 3498 ter,
517 3452 639 3506 qua:
680 3447 732 3492 te
767 3438 905 3492 ratio
953 3451 1146 3506 quaeve
1177 3453 1347 3492 causa
1399 3437 1654 3506 impulit,
1703 3446 1770 3491 ut
1802 3441 1904 3493 hoc
1933 3455 1962 3492 a

385 3529 545 3583 nobis
583 3527 930 3598 postulares?
957 3527 1051 3583 llle
1080 3545 1212 3584 vero
1247 3530 1352 3584 hoc
1382 3529 1696 3598 imperatori
1746 3545 1970 3599 respono

387 3610 508 3676 sum
531 3620 730 3675 dedit:
769 3619 1004 3678 Leucins
1051 3620 1273 3690 quidam
1329 3605 1629 3688 haereticus
1659 3621 1965 3692 presbyter,

386 3717 482 3785 qui
516 3713 1156 3790 Laodicete‘promeritus
1187 3715 1387 3780 luerat,
1423 3723 1481 3768 ut
1513 3730 1543 3768 a
1575 3724 1762 3769 saneta
1802 3729 1970 3786 syno-

388 3807 462 3862 do
495 3807 840 3861 anathemate
875 3808 1225 3874 plecteretur,
1254 3823 1320 3861 ex
1370 3822 1434 3861 ea
1472 3807 1714 3876 regione,
1745 3806 1969 3860 domine

392 3900 707 3969 imperator,
743 3899 1003 3970 profugit,
1037 3907 1204 3968 atque
1251 3898 1323 3952 ad
1354 3913 1486 3954 oras
1521 3897 1724 3955 Sicilia:
1775 3897 1970 3968 appul-

391 4005 509 4054 ευρ,
542 3991 594 4043 in
637 3991 826 4045 urbem
861 3981 1110 4044 nostram
1142 3991 1382 4056 devenit,
1415 3991 1604 4060 ibique
1633 3991 1850 4060 hospite
1886 3989 1970 4042 in-

398 4090 558 4134 vento
588 4081 825 4136 delituit.
853 4081 973 4148 Quo
1003 4091 1183 4136 autem
1237 4091 1487 4151 tempore
1535 4091 1662 4136 tuus
1703 4080 1838 4152 [etv]
1871 4093 1970 4148 ego

395 4183 588 4225 servus
619 4174 687 4224 ah
713 4173 1134 4226 accusatoribus
1166 4173 1303 4226 meis
1336 4171 1563 4226 Romam
1587 4173 1650 4226 ad
1683 4174 1973 4228 sanctissi-

397 4279 546 4317 mum
591 4264 900 4334 pontiﬁcem
943 4264 1242 4318 maximum
1280 4263 1482 4318 missus
1512 4280 1632 4318 sum
1659 4305 1674 4328 ,
1717 4281 1840 4320 eum
1873 4268 1970 4322 ad—

398 4354 630 4408 versarii
665 4353 745 4406 illi
787 4354 894 4407 mei
933 4354 984 4406 in
1015 4354 1314 4422 pontiﬁcali
1343 4355 1470 4408 sede
1499 4369 1594 4422 pro
1619 4370 1706 4408 me
1733 4357 1973 4412 colloca-

401 4455 553 4507 runt,
587 4454 645 4500 ut
676 4445 722 4500 is
763 4445 872 4499 illic
905 4445 1195 4513 episcOpus
1241 4453 1410 4499 esset.
1442 4443 1615 4498 Porro
1665 4446 1840 4501 altare
1886 4449 1976 4503 hic

2135 3173 2258 3228 llZ'.
2289 3173 2331 3226 Τ
2337 3172 2475 3228 αὗτα
2511 3175 2570 3226 δὲ
2599 3175 2765 3228 αὑτοῦ
2819 3172 3091 3236 εἰπόντος,
3125 3171 3278 3241 λέγει
3319 3169 3475 3240 αὐτῷ
3497 3168 3525 3220 ὁ
3551 3163 3638 3237 βα-

2071 3265 2254 3328 σιλεύς
2274 3281 2287 3296 ·
2337 3265 2558 3337 Ἐπειδὴ
2592 3267 2939 3338 περι-ᾔτησας
2973 3267 3123 3333 ήμνᾶς
3147 3264 3236 3318 διὰ
3269 3263 3379 3333 τῆς
3409 3263 3505 3332 σῆς
3521 3257 3641 3329 δείΓ

2073 3374 2208 3420 eam;
2237 3357 2301 3410 τὸ
2326 3358 2634 3424 ὑπαλλάξαι
2656 3359 2716 3412 τὸ
2752 3361 3138 3421 ἐπισκοπεῖον,
3161 3357 3242 3420 τίς
3269 3357 3298 3409 ὁ
3327 3356 3536 3426 τρόπος
3552 3347 3640 3404 καὶ

2070 3449 2213 3512 τίνος
2237 3439 2424 3516 ἕνεκεν
2449 3450 2516 3502 δι’
2555 3442 2629 3502 ὧν
2657 3451 2820 3504 τοῦτο
2872 3451 3018 3505 αἰτεῖ
3044 3449 3191 3518 ἡμᾶς
3221 3449 3254 3518 ἡ
3279 3445 3350 3518 σὴ
3386 3439 3642 3517 μακαριόο

2072 3557 2212 3609 της;
2255 3542 2312 3594 Ὁ
2341 3542 2398 3594 δὲ
2445 3542 2779 3613 ἀπεκρίνατο
2817 3542 2894 3613 τῷ
2946 3541 3157 3612 βασιλεῖ
3178 3555 3192 3570 ο
3223 3540 3472 3593 Δέσποτα
3495 3536 3641 3589 αὺτο-

2075 3632 2303 3703 κράτορ,
2338 3631 2568 3695 Λεύκιός
2589 3650 2676 3696 τις
2704 3633 2984 3703 αἱρετικὸς
3016 3629 3391 3704 πρεσϐύτερος
3409 3625 3642 3694 ἀνάθεμα

2075 3721 2252 3791 ἐαυτῷ
2289 3722 2715 3794 κληρωσάμενος
2763 3726 2828 3776 ἐκ
2877 3723 2976 3794 τῆς
3019 3722 3077 3774 ἐν
3134 3721 3434 3792 Λαοδικείᾳ
3483 3716 3640 3782 ἁγίας

2079 3815 2328 3877 συνόδου,
2363 3815 2629 3884 ἐξέφυγεν
2663 3815 2729 3868 ὲκ
2772 3815 2882 3878 τῶν
2921 3815 3125 3879 ἐκεῖσε,
3162 3814 3257 3870 καὶ
3303 3809 3567 3882 κατῆλθεν
3588 3805 3642 3858 ἐν

2074 3909 2189 3968 τοῖς
2223 3905 2416 3974 μέρεσι
2441 3906 2540 3974 τῆς
2591 3904 2876 3968 Σικελίας,
2911 3907 3004 3958 καὶ
3047 3905 3392 3974 κατήντησεν
3424 3903 3490 3972 τῇ
3527 3895 3638 3950 καθ’

2078 3998 2224 4068 ἡμᾶς
2257 3996 2448 4050 πόλει⁸
2483 3997 2577 4052 καὶ
2624 3996 2944 4067 κατεκρύῢη
2991 3997 3048 4050 ἐν
3081 4013 3188 4048 τινι
3224 3993 3516 4065 ἀνθρώπῳ.
3558 3985 3640 4039 Ἐν
3693 4041 3698 4045 ,

2077 4090 2188 4158 ὅσῳ
2211 4088 2268 4141 δὲ
2301 4089 2578 4155 ἀπεστάλη
2613 4090 2642 4141 ὁ
2675 4089 2766 4151 σὸς
2795 4087 2982 4150 δοῦλος
3011 4089 3074 4140 ἐκ
3105 4085 3215 4138 τῶν
3238 4077 3638 4154 κατηγορησάνο

2078 4198 2185 4234 των
2215 4181 2359 4250 ἡμᾶς
2387 4183 2445 4232 ἐν
2487 4183 2550 4250 τῇ
2593 4180 2781 4251 Ῥώμῃ
2807 4180 2943 4251 πρὸς
2968 4173 3061 4231 τδν
3097 4177 3408 4245 ἁγιώτατον
3444 4173 3636 4230 πάπαν.

2081 4249 2312 4342 ἔστησαν
2337 4269 2500 4321 αὑτὸν
2523 4249 2572 4321 oi
2605 4249 2883 4340 ἀνθρώποι
2901 4249 3102 4320 ἐκεῖνοι
3132 4269 3189 4320 ἐν
3215 4265 3294 4336 τῷ
3317 4257 3637 4325 ἐπισκοπείῳ

2079 4361 2200 4414 ἀντὶ
2223 4359 2381 4430 ἐμοῦ,
2412 4359 2725 4432 βουλόμενοι
2749 4360 2910 4413 αὐτὸν
2933 4359 3122 4414 αύτόθι
3156 4357 3295 4412 εἶναι
3331 4358 3635 4420 ἐπίσκοπον.

2085 4455 2395 4509 Κατέλυσεν
2421 4455 2479 4508 δὲ
2511 4455 2574 4508 τὸ
2596 4454 2986 4524 θυσιαστήριον
3027 4455 3093 4506 ἐκ
3135 4453 3334 4514 ποδῶν,
3368 4452 3462 4506 καὶ
3502 4447 3566 4500 τὰ
3589 4445 3638 4495 ὲν

400 4537 599 4592 evertit
625 4554 652 4590 ει
681 4537 823 4603 solo,
852 4547 905 4591 et
933 4549 1056 4606 quae
1103 4535 1156 4588 in
1191 4552 1256 4588 eo
1287 4537 1644 4604 quiescebant
1689 4553 1858 4593 saera:
1893 4555 1956 4595 ret

2084 4546 2232 4617 αὐτῷ
2261 4545 2394 4614 ἅγια
2421 4545 2652 4616 λείψανα
2676 4546 3020 4614 ἀποκείμενα
3065 4545 3200 4614 πυρὶ
3251 4543 3353 4612 μὲν
3393 4534 3637 4606 ἐϐουλήθη

403 4629 607 4698 “quite,
635 4613 758 4684 cum
793 4629 916 4700 igne
941 4627 1264 4683 comburere
1289 4628 1568 4694 voluisset,
1593 4647 1692 4685 nec
1710 4647 1804 4687 eas
1839 4633 1982 4702 ignis

401 4721 740 4786 absumeret,
776 4732 940 4776 noctu
991 4721 1162 4784 misit,
1211 4721 1305 4788 qui
1349 4721 1402 4774 in
1445 4722 1611 4775 maris
1648 4723 1977 4790 profundum

403 4815 737 4882 projiceret;
769 4813 955 4882 itaque
985 4813 1087 4866 illa1
1114 4813 1378 4868 hactenus
1403 4813 1568 4867 latent
1594 4833 1605 4866 :
1636 4823 1747 4868 tmn
1779 4833 1978 4870 novum

405 4908 578 4958 altare
609 4904 920 4958 aediﬁcavit.
959 4887 1170 4958 Interea
1198 4901 1438 4973 episcopi
1489 4905 1598 4958 duo
1625 4906 1763 4960 alter
1793 4905 1984 4962 Seleu-

405 4998 504 5052 cia:
532 4995 675 5068 (l0),
724 4996 864 5051 alter
899 4996 1083 5066 magni
1117 4996 1312 5063 Ponti,
1354 5013 1478 5052 cum
1527 5008 1731 5054 sancta:
1784 4997 1979 5071 synodi

407 5093 542 5162 (ll),
575 5105 698 5160 quae
723 5090 880 5159 jussu
917 5096 1012 5143 tuo
1037 5097 1226 5144 coacta
1283 5098 1404 5156 est,
1465 5092 1738 5146 sententia
1791 5096 1847 5148 in
1880 5108 1980 5148 ex-
2009 5156 2020 5164 _

485 5271 591 5340 (l0)
623 5271 682 5343 in
716 5273 1097 5343 utroquecod.
1130 5272 1294 5328 Basil.
1325 5272 1426 5343 τῆς
1451 5273 1714 5336 Λευκίας.

483 5343 594 5411 (Η)
623 5340 756 5414 Tam
794 5341 911 5396 haec
952 5342 1133 5414 ignota
1162 5383 1176 5404 ,
1200 5340 1403 5414 r-quam
1453 5359 1575 5412 qua:
1624 5344 1882 5414 superius
1916 5344 1984 5400 de

415 5411 615 5466 Lcucin
637 5427 702 5466 ac
727 5411 794 5484 de
810 5413 1020 5484 synodo
1043 5411 1348 5484 Laodicena
1374 5411 1670 5467 narrantur
1695 5411 1709 5466 Ξ
1741 5429 1980 5484 cumque

415 5498 522 5535 non
557 5499 661 5536 una
691 5481 821 5536 urbs
846 5481 1094 5538 Seleucia
1123 5526 1137 5547 ,
1184 5483 1282 5538 sed
1313 5483 1625 5551 quindecim
1664 5484 1856 5538 saltem
1888 5481 1983 5538 cn-

413 5553 700 5621 gnomines
728 5551 947 5613 l'nerint,
999 5571 1066 5608 ne
1097 5553 1228 5606 illud
1259 5553 1476 5620 quidem
1511 5553 1699 5621 liquet,
1727 5569 1888 5619 quam
1916 5573 1980 5608 ex

418 5619 504 5676 his
533 5619 791 5686 Leontius
831 5623 1070 5679 indicare
1103 5619 1366 5687 voluerit;
1402 5622 1507 5676 nisi
1557 5619 1701 5692 quod
1733 5623 1801 5677 ab
1843 5627 1972 5679 Lao-

2083 4637 2430 4692 κατακαῦσαι
2459 4637 2600 4691 αὐτά
2619 4651 2632 4667 ⁸
2655 4636 2751 4690 τοῦ
2777 4637 2834 4690 δὲ
2861 4636 3034 4708 πυρὸς
3053 4634 3232 4688 αὐτῶν
3261 4633 3336 4704 μὴ
3356 4629 3636 4702 ἁψαμένου,

2085 4730 2410 4794 ἀποστείλας
2437 4733 2495 4783 ἐν
2525 4731 2684 4784 νυκτὶ
2725 4731 2950 4802 ἔρριψεν
2991 4731 3132 4784 αὐτά
3175 4732 3234 4783 ἐν
3274 4728 3354 4799 τῷ
3389 4723 3528 4797 βυθῷ
3552 4720 3640 4786 τῆς

2087 4822 2382 4892 θαλάσσης,
2417 4823 2512 4876 καὶ
2537 4823 2780 4892 ἀπῆλθον
2814 4823 2919 4885 ἕως
2945 4822 3048 4892 τῆς
3072 4823 3315 4893 σήμερον
3340 4838 3355 4852 ·
3391 4819 3475 4873 καὶ
3506 4817 3638 4886 ((vot-

2089 4915 2392 4986 κοδόμησεν
2417 4915 2538 4968 νέον
2566 4915 2986 4986 θυσιαστήριον.
3029 4913 3448 4984 Ἐξορισθέντων
3473 4908 3525 4961 δὲ
3545 4901 3639 4998 ait:

2088 5003 2181 5057 δύο
2210 5004 2527 5059 ἐπισκόπων
2553 5006 2652 5076 τῆς
2697 5003 3023 5068 Σελευκείας
3075 5005 3170 5058 καὶ
3206 5004 3301 5056 τοῦ
3345 5004 3536 5058 Πόντου
3557 5007 3637 5045 του

2093 5096 2334 5166 μεγάλου
2369 5097 2474 5150 ὑπὸ
2501 5098 2600 5168 τῆς
2621 5097 2783 5166 ἁγίας
2809 5097 3030 5152 συνόδου
3053 5096 3155 5168 τῆς
3200 5087 3638 5167 συγκροτηθείσης

2090 5271 2256 5345 dicere
2283 5271 2511 5345 ﬁnibus,
2540 5271 2713 5345 mylto
2739 5271 2930 5345 minus
2961 5288 3126 5345 quam
3169 5281 3396 5345 (κείω-εις,
3427 5260 3637 5345 (ιίξιειιεξι

2089 5342 2335 5397 Seleucia
2371 5340 2606 5414 Pisidiae,
2648 5343 2782 5414 quis
2812 5358 2942 5398 vero
2980 5340 3066 5414 ille
3111 5344 3292 5412 magni
3357 5340 3637 5414 Pontif?"

2099 5413 2342 5487 scopus“!
2367 5411 2504 5465 Num
2547 5409 2992 5487 archiepiscopus
3014 5409 3376 5487 Neqcméareaj
3417 5409 3636 5487 glt‘§ig'_'f'f‘

2092 5474 2325 5550 tum-qui
2361 5484 2701 5552 metmpolita
2733 5474 2854 5536 erai
2884 5474 3178 5552 provincim
3217 5474 3640 5552 Ροηιί·ί)ριειιι⁴ξ·

2090 5548 2284 5676 lniaci‘;
2321 5567 2387 5605 an
2448 5548 2713 5607 Leontius
2773 5548 2899 5624 ipse
2949 5553 3276 5622 ignorabat,
3343 5548 3467 5623 quid
3515 5551 3638 5594 scrt-

2125 5636 2279 5676 cret.
2465 5645 2472 5650 τ

2125 5636 2240 5676 01⁸οι
2265 5636 2284 5675 ἶ
2465 5645 2472 5650 ’
