4054 6204
517 261 627 325 705

1519 257 1580 318 S.
1621 255 2000 317 GREGURII
2043 251 2555 315 AGRIGENTINI
2579 252 2794 316 'VITA.

3679 253 3786 321 706

520 370 626 422 ὐπὸ
652 367 747 422 τοῦ
795 373 891 422 σοῦ
946 368 1206 440 κρᾶτους,
1252 368 1606 438 κατήντησαν
1639 370 1733 420 καὶ
1755 369 1908 421 αὐτοὶ
1946 371 2003 420 ὲν
2026 371 2091 437 τῇ

2211 366 2382 418 silium
2410 364 2550 432 pulsi
2583 371 2790 431 essent,
2829 363 2929 433 ipsi
2968 363 3270 433 quoquein
3313 363 3502 418 urbem
3539 377 3785 423 nostrain

505 457 678 512 ’πόλει
718 456 877 527 ἡμῶν
901 475 918 489 ο
957 459 1053 512 καὶ
1103 456 1531 526 ἀνακάμψαντες
1569 457 1628 510 ὲν
1657 460 1723 528 τῇ
1755 457 1910 510 πόλει
1938 457 2096 526 ἀφιέ-

523 565 706 618 ρωσαν
752 547 854 618 τὴν
883 546 1217 617 ἐκκλησίαν,
1248 548 1343 600 καὶ
1376 547 1600 618 ἵδρυσαν
1640 549 1698 600 ὲν
1743 547 1882 618 αὐτῇ
1909 545 2099 600 θυσια-

521 640 747 710 στήριον
801 639 992 710 ἕτερον
1027 639 1171 692 κατὰ
1214 637 1316 704 τὴν
1370 642 1704 709 κακότεχνον
1752 639 1931 692 αὐτῶν
1979 640 2100 692 ἐπί-

518 749 670 786 νοιαν
692 731 790 786 καὶ
833 729 1048 800 ζοφώδη
1075 731 1168 784 καὶ
1199 731 1594 802 ὲσκοτισμένην
1635 731 1814 786 αὐτῶν
1843 731 2100 786 διδασκα·

517 824 662 878 λίαν.

595 915 726 974 ﬂﬂ'.
771 916 1132 981 ’Λκούσαντες
1153 917 1210 971 δὲ
1239 898 1413 976 ταῦτα
1435 918 1463 971 ὅ
1491 935 1551 970 τε
1581 917 1973 980 εὐσεϐέστατος
2005 917 2099 987 βα-

525 1003 710 1068 σιλεὺς
735 1005 828 1058 καὶ
858 1005 887 1057 ὁ
917 1005 1375 1076 ἁρχιεπίσκοπος,
1412 1005 1733 1076 ἐθαύμασαν
1769 1009 1818 1060 εί
1847 1007 1956 1077 ἄρα
2005 1005 2100 1060 οὐ·

523 1113 632 1160 τως
658 1097 884 1166 γέγονεν
906 1112 923 1128 ο
945 1091 1014 1168 ἦν
1038 1096 1149 1168 γὰρ
1177 1099 1205 1150 ὁ
1233 1097 1488 1168 βασιλεὺς
1517 1098 1775 1168 ἀκηκοὼς
1807 1098 1867 1152 τὸ
1882 1089 2102 1169 ἀνίερον

521 1189 618 1242 τοῦ
646 1189 902 1244 Λευκίου.
937 1185 1073 1242 Εἶτα
1139 1189 1287 1258 λέγει
1333 1189 1412 1260 τῷ
1453 1189 1593 1264 ἁγίῳ
1630 1191 1918 1262 Γρηγορίῳ
1943 1207 1958 1222 ο
1991 1192 2104 1244 Ka‘t

522 1280 733 1350 ταύτην
761 1297 844 1334 σοι
867 1280 968 1350 τὴν
992 1279 1210 1352 αίτησιν
1247 1282 1589 1352 ποιήσωμεν.
1626 1282 1758 1336 Ἰδοὺ
1809 1284 1904 1336 καὶ
1941 1285 2104 1354 ἡμεῖς

521 1371 738 1442 δίδομεν
769 1371 848 1442 τῷ
877 1371 999 1442 Θεῷ
1019 1372 1107 1426 διὰ
1129 1370 1222 1424 σοῦ
1247 1373 1306 1425 τὸ
1337 1374 1507 1443 ἥμισυ
1546 1373 1713 1444 μέρος
1746 1377 1847 1445 τῆς
1874 1375 2100 1441 πόλεως,

522 1462 552 1515 ὃ
577 1463 804 1532 κατέχει
833 1461 868 1532 ἡ
913 1461 1144 1533 εὐσεϐὴς
1191 1462 1350 1532 ἡμῶν
1392 1459 1642 1533 βασιλεία
1664 1481 1677 1496 ·
1705 1467 1800 1520 καὶ
1838 1467 2108 1520 ἀνοικοδό-

527 1572 705 1626 μησον
734 1555 857 1608 νέον
884 1551 1035 1608 οἶκον
1059 1555 1250 1610 πιστὸν
1278 1556 1355 1626 τῷ
1384 1555 1504 1628 Θεῷ
1533 1557 1628 1610 καὶ
1656 1556 1716 1610 τὸ
1732 1559 2100 1626 ἐπισκοπεῖον,

523 1645 552 1700 ὃ
583 1646 769 1719 βούλῃ.
803 1647 915 1700 Ka‘t
938 1647 1230 1700 ἐκέλευσεν
1256 1650 1284 1702 ὁ
1315 1647 1570 1719 βασιλεὺς
1592 1651 1875 1720 γραφῆναι
1912 1651 2112 1722 τόμονἰ

523 1736 622 1791 καὶ
678 1735 900 1806 δοθῆναι
949 1735 1030 1808 τῷ
1079 1739 1336 1808 μακαρίῳ
1363 1739 1671 1810 Γρηγορίῳ,
1701 1740 1797 1793 καὶ
1848 1735 2106 1811 κτήματα
2140 1723 2183 1776 Β

526 1827 720 1884 πολλά.
750 1827 908 1883 Μετὰ
934 1827 994 1882 δὲ
1023 1828 1200 1885 ταῦτα
1236 1830 1470 1900 ποιήσας
1498 1832 1556 1882 ὲν
1580 1833 1648 1903 τῇ
1683 1831 1838 1886 πόλει
1877 1832 1983 1896 ἕως
2007 1833 2104 1902 τῆς

525 1921 692 1990 ἁγίας
741 1921 1162 1992 Πεντηκοστῆς,
1229 1923 1326 1975 καὶ
1377 1921 1498 1993 μεθ’
1532 1922 1748 1994 ἡμέρας
1785 1925 1940 1990 τινὰς
1978 1943 2107 1995 μετα

527 2012 809 2068 εστείλατο
838 2013 1001 2067 αὐτὸν
1029 2015 1058 2068 ὁ
1092 2013 1350 2084 βασιλεὺς
1389 2017 1448 2068 ὲν
1481 2015 1559 2086 τῷ
1599 2015 1866 2088 παλατίῳ,
1897 2021 1990 2072 καὶ
2003 2019 2106 2072 ’λέο

525 2122 614 2174 γει
647 2103 832 2175 αὐτῷ)
865 2104 1052 2177 Πάτερ
1073 2105 1248 2174 τίμιε,
1277 2105 1371 2159 ἐπὶ
1413 2106 1576 2160 τοῦτο
1617 2108 1924 2179 παρακαλῶ
1953 2108 2110 2180 εὐχε-

531 2195 658 2250 σθαι
687 2197 830 2264 ὑπὲρ
859 2197 1020 2268 ἡμῶν
1062 2199 1121 2251 ὲν
1151 2201 1274 2264 ταῖς
1319 2203 1442 2264 σαῖς
1488 2200 1678 2271 εὐχαῖς
1721 2201 2106 2264 ἀδιαλείπτως.

539 2287 600 2342 '0
629 2288 688 2342 δὲ
715 2288 899 2342 πεσὼν
944 2290 1096 2362 παρὰ
1134 2291 1261 2352 τοὺς
1315 2282 1484 2356 πῦδας
1532 2292 1625 2344 τοῦ
1649 2292 1913 2362 βασιλέως
1941 2310 2109 2364 προσ-

530 2376 804 2449 εκύνησεν
832 2379 1017 2449 τρίτον
1046 2379 1140 2432 ἐπὶ
1189 2380 1287 2453 τὴν
1307 2380 1442 2450 γῆν,
1473 2383 1566 2435 καὶ
1603 2383 1752 2450 λέγει
1792 2383 1972 2453 αὐτῷ·
2003 2385 2111 2438 Εὐ-

533 2462 826 2520 σεϐἐστατε
861 2468 1122 2527 δέσποτα.
1141 2469 1195 2520 τί
1223 2469 1686 2540 ἀνταποδώσομέν
1714 2486 1796 2522 σοι
1813 2472 1944 2542 περὶ
1968 2471 2108 2524 πάν-

530 2575 641 2612 των
666 2552 740 2611 ὧν
765 2559 1158 2622 ἁνταπέδωκας
1185 2559 1316 2630 ἡμῖν
1340 2559 1596 2628 ἁγαθῶν;
1631 2563 1726 2616 καὶ
1751 2563 1835 2626 τίς
1857 2563 1974 2632 είμε.
2000 2561 2112 2630 ἐγὼ

531 2650 563 2703 ὁ
594 2649 764 2711 τάλας
789 2650 884 2703 καὶ
913 2650 1256 2720 ἁμαρτωλὸς,
1289 2653 1374 2706 ὃτι
1400 2653 1656 2716 τοιαύτας
1683 2653 1848 2720 ἀξίας
1883 2654 1979 2707 καὶ
2011 2670 2111 2724 με·

533 2740 708 2810 γάλας
734 2740 943 2812 δωρεὰς
985 2741 1187 2812 εἴληφα
1223 2742 1375 2813 παρᾶ
1416 2743 1511 2796 τοῦ
1571 2744 1832 2808 εὐσεϐοῦς
1877 2745 2112 2815 κράτους

535 2832 695 2903 ὑμῶν
721 2851 736 2898 ;
769 2833 943 2896 Αὐτὸς
971 2833 1000 2885 6
1027 2831 1450 2903 συμϐασιλεύων
1495 2849 1580 2888 σοι
1615 2835 1748 2898 Θεὸς
1769 2834 1880 2907 δῴη
1910 2851 1993 2888 σοι
2016 2833 2111 2888 τοῦ

535 2927 626 2981 ἀεὶ
655 2921 850 2978 πατεῖν
877 2924 1004 2987 τοὺς
1039 2925 1510 2994 ἐπανισταμένους
1555 2943 1637 2979 σοι
1671 2925 1750 2997 τῷ
1797 2927 1974 2998 κυρίῳ
2008 2942 2112 2997 μου

535 3011 614 3081 τῷ
658 3013 888 3083 βασιλεῖ.
939 3015 1048 3068 Kal
1077 3013 1250 3068 ταῦτα
1297 3015 1490 3078 εἰπὼν,
1531 3016 1918 3087 ἀσπασάμενος
1951 3017 2112 3072 αὐτὸν

534 3100 564 3157 6
591 3103 864 3174 βασιλεὺς,
897 3105 1022 3170 δοὺς
1050 3106 1198 3176 αὐτῷ
1234 3105 1498 3162 τάλαντον
1539 3109 1766 3179 χρυσίου
1799 3110 1880 3172 είς
1904 3112 2112 3181 χεῖρας,

535 3191 693 3248 εἶπεν
762 3197 948 3250 Ἔστω
982 3215 1088 3262 σοι,
1120 3198 1322 3268 Πάτερ,
1353 3198 1524 3252 ταῦτα
1553 3199 1728 3270 μικρὰ
1755 3199 1902 3272 δῶρα
1919 3199 1995 3264 ὡς
2019 3217 2116 3271 με-

533 3285 698 3356 γάλα,
733 3288 927 3356 μνείαν
957 3289 1279 3360 ποιούμενος
1311 3291 1397 3344 ἀεὶ
1426 3289 1569 3360 ὑπὲρ
1591 3292 1689 3362 τῆς
1713 3291 1990 3362 ἡμετέρας
2025 3309 2117 3363 με-

535 3380 845 3450 τριότητος.
880 3380 996 3434 Καὶ
1039 3381 1363 3436 ἀπέστειλεν
1390 3382 1554 3435 αὐτὸν
1582 3381 1915 3451 πορεύεσθαι
1949 3384 2006 3435 ὲν
2036 3385 2117 3436 εί-

523 3471 678 3542 ερήνῃ
739 3473 822 3534 εἰς
882 3471 986 3543 τὴν
1039 3472 1237 3526 ἑαυτοῦ
1289 3473 1463 3528 πόλιν.
1496 3473 1743 3528 Δέδωκεν
1772 3475 1828 3528 δὲ
1853 3474 2117 3545 αὐτῷκαὶ

539 3561 908 3632 εὐσεϐεστάτη
938 3563 1229 3632 Δύγούστα
1251 3563 1403 3636 δῶρα
1432 3565 1624 3634 πολλὰ,
1648 3565 1873 3637 χρυσίον
1901 3567 1995 3620 καὶ
2015 3567 2116 3636 ἀρ-

538 3654 736 3726 γύριον
763 3655 986 3720 ίκανὸν,’
1009 3655 1106 3709 ὲπὶ
1152 3657 1215 3709 τὸ
1250 3657 1476 3728 ποιῆσαι⁵
1512 3655 1681 3728 σκεύη
1724 3657 1824 3728 τῆς
1861 3657 1983 3710 κατ’
2016 3657 2116 3711 αὐ-

539 3747 630 3800 τὸν
668 3745 868 3820 Ἐκκλη
876 3747 1018 3812 σίας.

610 3925 735 3981 ΠΘ’.
771 3891 1026 3996 Ἐξῆλθεν
1047 3925 1104 3980 δὲ
1135 3924 1242 3978 ἀπὸ
1261 3923 1881 3987 Κωνσταντινουπόλεως
1907 3926 1936 3978 ὁ
1963 3924 2118 3993 ἅγιος

539 4019 864 4088 Γρηγόριος,
899 4017 992 4072 καὶ
1027 4017 1330 4071 κατέλαϐεν
1358 4021 1417 4071 ἐν
1457 4015 1648 4090 Ῥώμῃ
1687 4019 1753 4090 τῇ
1787 4015 1964 4070 εἰκάδι
2021 4015 2117 4070 τοῦ

613 4153 912 4236 (Im-Guar
969 4133 1234 4236 talentum
1285 4153 1546 4236 Gregorio
1615 4161 1800 4207 nostro
1874 4167 1906 4206 a
1963 4151 2117 4206 Mau-

539 4225 669 4279 rtio
727 4225 913 4278 datum
963 4225 1158 4280 scribit
1215 4225 1513 4288 Leontius,
1566 4237 1674 4276 non
1722 4237 1952 4278 aureum
2013 4239 2119 4276 nu—

541 4295 734 4347 ntistna
764 4309 956 4356 unum,
979 4295 1072 4348 sed
1105 4303 1184 4347 tot
1211 4295 1336 4349 data
1371 4293 1682 4363 signiﬁcare
1715 4293 1989 4362 putandus
2010 4302 2114 4357 est,

540 4379 665 4432 quae
700 4364 892 4415 talenti
929 4379 1202 4444 summam
1239 4372 1542 4444 aequarent:
1587 4363 1716 4444 Erat
1761 4363 1906 4417 enim
1943 4363 2115 4444 talen-
2146 4391 2189 4444 ο

543 4430 681 4495 tum,
721 4448 846 4485 cum
878 4430 946 4486 ad
1002 4430 1650 4499 pecuttiatn'rel'erebant
1685 4471 1700 4492 ,
1754 4447 1862 4484 non
1926 4433 2112 4501 utique

547 4514 604 4556 ut
628 4511 710 4556 est
733 4504 874 4570 apud
911 4503 1157 4563 Suitlam,
1207 4503 1268 4556 τὸ
1315 4503 1571 4572 μέγιστον
1617 4502 1840 4572 χρυσίου
1879 4502 1973 4554 καὶ
2015 4506 2115 4571 ἁρ-

543 4574 737 4641 γυρίου
771 4573 969 4641 μέρος,
1009 4573 1124 4628 sive
1166 4573 1288 4625 auri
1327 4583 1375 4626 et
1414 4575 1619 4640 argenti
1667 4587 1791 4640 pars
1840 4573 2112 4625 maxima:

543 4657 672 4696 nam
700 4643 890 4696 deerat
928 4657 1152 4704 nomen,
1181 4657 1292 4710 quo
1341 4643 1603 4712 majorem
1633 4656 1798 4695 uuam
1841 4655 2113 4712 summam

544 4712 871 4775 iudicarent,
899 4721 978 4775 ut,
1013 4727 1137 4765 cum
1175 4713 1398 4780 pecunia
1434 4711 1745 4781 superaret,
1778 4711 2023 4764 dicerent
2046 4711 2118 4764 διο

542 4782 826 4841 τάλαντον,
866 4781 1242 4852 τριτάλαντον,
1268 4782 1450 4852 τρίτον
1491 4781 1854 4852 ἡμιτάλαντον
1874 4781 1997 4852 ,ηἱιί
2029 4790 2119 4852 est

543 4852 648 4904 duo
674 4850 1021 4911 ίαίρηιαζινία
1051 4852 1272 4911 talenta,
1304 4850 1420 4905 tria
1468 4850 1665 4906 talenta
1697 4867 1818 4903 cum
1867 4850 2112 4913 dimidio,

544 4921 846 4974 ctsinnlia.
884 4919 1082 4974 Verum
1135 4922 1356 4984 talenti,
1404 4931 1464 4976 ut
1514 4936 1675 4975 nemo
1733 4922 1966 4988 ignorat,
2002 4935 2110 4973 non

548 5005 652 5044 una
688 4991 852 5061 apud_
873 5005 1065 5044 omnes
1099 4993 1398 5061 quantitas,
1433 5007 1532 5046 nec
1569 4994 1636 5046 de
1659 5005 1768 5060 quo
1797 4990 2114 5061 hietalento

549 5061 802 5130 loquatur
833 5059 1127 5122 Leontius,
1148 5063 1280 5117 satis
1317 5063 1504 5131 liquet.
1527 5061 1630 5127 Qui
1663 5069 1856 5131 tamen
1873 5059 2112 5113 Atticum

549 5128 806 5184 talitntum
832 5131 1005 5200 magis
1041 5143 1230 5185 ttotum
1275 5140 1328 5186 et
1362 5128 1570 5201 majore
1602 5133 1655 5183 iti
1692 5145 1792 5201 usu
1837 5128 2005 5182 fuisse
2041 5131 2111 5182 vi-

547 5201 728 5264 detur,
768 5201 1062 5268 signillcari
1091 5201 1177 5256 hic
1209 5200 1477 5256 summam
1504 5211 1632 5270 puto
1656 5200 1930 5254 minarum
1960 5215 2119 5252 sexa-

587 5271 728 5332 inta,
784 5274 896 5324 sive
951 5279 1139 5324 scutos
1178 5283 1470 5326 sexcentos
1523 5285 1776 5324 nummos
1823 5279 2116 5323 nostrates.

589 5353 816 5394 auorum
847 5340 1025 5418 aetatis
1055 5339 1218 5410 hujus
1244 5342 1542 5418 scriptores
1565 5341 1756 5396 talenti
1794 5340 2116 5418 appellatio-

545 5425 616 5463 tte
643 5409 1028 5480 μεταφορικῶς
1059 5419 1270 5464 tantum
1307 5413 1382 5464 uti
1415 5412 1609 5476 solent,
1644 5421 1808 5478 atque
1839 5418 1896 5480 ut
1928 5409 2120 5480 mysti-

544 5495 609 5534 ca
633 5479 912 5550 Evangelii
946 5481 1144 5534 talenta
1167 5481 1282 5535 sive
1305 5483 1430 5536 data
1457 5481 1655 5552 cuique
1684 5479 1948 5536 divinitus
1976 5479 2118 5533 bona

543 5559 993 5606 Cottltttctttoretlt.

619 5620 731 5688 (l3)
771 5619 1189 5691 Constantinam
1235 5619 1378 5691 Aug.
1429 5621 1690 5690 intellige.
1735 5621 1802 5676 de
1845 5635 1952 5689 qua
2003 5618 2118 5673 dixi

545 5691 826 5762 superius.
864 5693 933 5744 At
975 5691 1071 5760 qui
1115 5690 1363 5763 Cajetani
1413 5694 1739 5747 sententiam
1790 5697 2117 5759 sequuntur,

2201 459 2559 524 devenerunt,
2618 457 2932 528 ibidemque
2961 459 3220 512 diversati
3271 459 3532 527 templum
3586 477 3792 518 conse-

2200 555 2514 614 craverunt,
2562 558 2616 604 et
2662 552 2836 605 altare
2871 552 2924 604 iu
2957 567 3022 604 eo
3071 553 3302 606 alterum
3348 556 3690 608 constituere
3719 571 3787 611 ex

2201 657 2456 712 perversa
2499 643 2744 712 ipsorum
2798 653 3020 708 mente,
3071 653 3237 714 atque
3290 644 3582 701 obscuraut
3629 663 3786 704 suam

2203 735 2664 807 tenebrosamque
2698 735 3003 792 doctrinam
3041 737 3236 792 secuti.

2275 907 2604 963 LXXXVIII.
2640 908 2734 964 llis
2761 907 2988 968 auditis,
3034 917 3142 962 tam
3173 909 3457 978 piissimus
3491 909 3789 978 imperator

2203 1015 2371 1077 quam
2402 1001 2848 1072 archiepiscopus
2876 1000 3059 1055 m'rrati
3099 1012 3248 1066 sunt,
3271 1017 3516 1072 quonam
3553 1012 3712 1072 pacto
3732 1003 3787 1058 id

2203 1091 2281 1146 ita
2312 1092 2654 1162 contigisset.
2693 1089 2830 1146 Nam
2881 1091 2949 1147 de
2994 1091 3178 1147 Leucii
3227 1094 3534 1164 sacrilegiis
3580 1095 3787 1165 aliquid

2204 1183 2270 1236 ad
2308 1181 2657 1250 imperatoris
2710 1197 2873 1237 aures
2919 1181 3192 1251 perlatum
3242 1183 3440 1239 fuerat.
3497 1183 3599 1240 llic
3633 1185 3788 1240 dein-

2204 1289 2334 1344 ceps
2367 1281 2560 1328 sancto
2592 1274 2855 1342 Gregorio
2891 1275 3265 1344 respondens:
3303 1273 3371 1329 Et
3401 1275 3551 1341 huic,
3587 1278 3787 1348 inquit,

2205 1365 2455 1436 petitioni
2497 1376 2603 1422 tute
2629 1366 3060 1422 satisfaciemus.
3113 1367 3255 1421 Ecce
3285 1367 3430 1422 enim
3467 1377 3523 1422 et
3563 1384 3664 1423 nos
3703 1369 3786 1423 al-

2208 1469 2379 1517 teram
2409 1462 2567 1516 urbis
2605 1471 2816 1531 partem
2846 1503 2861 1528 ,
2900 1478 3022 1531 quae
3074 1463 3306 1534 imperio
3349 1474 3539 1519 nostro
3574 1466 3786 1531 subest,

2205 1551 2318 1607 Deo
2347 1561 2570 1624 propter
2601 1562 2654 1608 te
2686 1554 3037 1608 dedicamus:
3071 1555 3161 1609 hic
3192 1569 3392 1609 novum
3441 1557 3792 1626 religiosum-

2208 1661 2316 1715 que
2379 1645 2491 1702 Deo
2547 1647 2808 1718 templum
2865 1663 2930 1702 ac
2987 1649 3212 1703 domum
3277 1649 3682 1719 pontiﬁcalem,
3730 1659 3791 1706 ut

2209 1739 2312 1803 vis,
2359 1748 2667 1793 construes.
2725 1741 2907 1809 Atque
2958 1741 3102 1796 idem
3139 1741 3385 1815 chartam
3419 1743 3586 1797 scribi
3625 1743 3792 1812 jussit

2205 1839 2260 1886 et
2293 1833 2452 1886 beato
2501 1830 2767 1902 Gregorio
2795 1832 2937 1886 tradi
2965 1871 2982 1896 ,
3017 1841 3071 1886 et
3110 1834 3486 1902 possessiones
3528 1845 3792 1904 prietrrea

2205 1921 2432 1976 multas.
2505 1921 2707 1976 Mansit
2761 1937 2894 1978 vero
2954 1933 3082 1993 post
3144 1925 3259 1978 haec
3315 1923 3792 1994 Constantinopoli

2207 1995 2384 2083 usque
2436 2014 2758 2073 ad,sanct:e
2813 2015 3168 2070 Pentecostes
3228 2017 3533 2072 solemnia:
3591 2019 3792 2088 quibus

2207 2107 2522 2171 transactis,
2551 2106 2607 2160 in
2637 2107 2900 2176 palatium
2935 2123 3128 2162 rursus
3153 2108 3220 2162 ab
3252 2108 3585 2176 imperatore
3607 2125 3792 2164 accer-

2209 2196 2350 2251 situs
2383 2205 2503 2256 est,
2548 2205 2713 2265 atque
2764 2195 2850 2250 his
2888 2196 3066 2250 verbis
3113 2196 3426 2253 salutatus:
3465 2196 3621 2263 Quod
3661 2199 3794 2254 ulti-

2209 2301 2359 2340 mum
2389 2294 2494 2350 est,
2528 2285 2690 2341 Pater
2717 2288 3027 2342 venerande
3052 2309 3076 2352 ,’
3120 2288 3225 2343 hoc
3263 2303 3294 2342 a
3329 2298 3380 2344 te
3407 2300 3568 2360 peto,
3631 2302 3690 2344 ut
3737 2291 3794 2346 in

2211 2379 2708 2445 obsecrationibus,
2739 2395 2862 2448 qua:
2891 2395 2920 2434 a
2961 2388 3013 2434 te
3037 2381 3260 2435 assidue
3285 2383 3444 2445 ﬁunt,
3480 2383 3651 2436 nostri
3683 2397 3798 2438 mc-

2211 2469 2464 2524 mineris.
2507 2469 2603 2524 Ille
2651 2470 2715 2523 ad
2757 2469 3105 2540 imperatoris
3140 2473 3304 2541 pedes
3347 2474 3671 2543 provolutus
3717 2483 3798 2528 ter

2212 2547 2338 2614 eum
2371 2575 2547 2630 usque
2579 2559 2644 2613 ad
2677 2570 2874 2613 terram
2909 2561 3179 2626 adoravit,
3215 2571 3328 2615 tum
3359 2563 3439 2615 sic
3475 2562 3796 2636 respondit:

2214 2647 2358 2716 Quid
2391 2664 2514 2718 ego,
2552 2649 2800 2718 piissime
2828 2650 3076 2720 Auguste
3101 2690 3116 2713 ,
3158 2666 3260 2720 pro
3308 2652 3465 2706 bonis
3515 2655 3797 2722 omnibus,

2213 2741 2414 2809 quibus
2444 2755 2532 2794 me
2559 2741 2900 2795 cumulatum
2937 2739 3192 2806 dimittis,
3221 2741 3314 2795 tibi
3346 2742 3684 2796 retribuam?
3718 2743 3798 2797 \el

2213 2831 2337 2902 quis
2359 2846 2508 2885 eram
2535 2846 2635 2901 ego
2678 2832 2848 2885 miser
2881 2847 2944 2886 ac
2967 2849 3225 2901 nequam,
3247 2841 3360 2888 uta
3394 2843 3501 2888 tam
3540 2836 3628 2904 pio
3658 2837 3801 2904 prin-

2215 2922 2334 2992 cipe
2357 2930 2504 2977 tanta
2527 2930 2747 2992 tamque
2765 2922 3023 2993 praeclara
3045 2939 3270 2979 munera
3294 2923 3640 2995 acciperem?
3660 2927 3799 2982 Deus

2139 3053 2182 3112 α
2219 3029 2368 3075 vero.
2402 3015 2495 3085 qui
2533 3027 2708 3069 tecum
2750 3016 3039 3085 imperium
3071 3017 3416 3084 moderatur,
3463 3017 3555 3074 det
3581 3019 3701 3081 tibi,
3742 3029 3800 3073 ut

2217 3119 2410 3160 omnes
2454 3120 2672 3175 semper
2710 3105 3150 3162 adversariorum
3180 3120 3362 3164 motus
3413 3111 3592 3164 victor
3645 3127 3800 3166 coer-

2217 3209 2364 3251 ceas.
2402 3194 2528 3250 Haec
2552 3197 2820 3251 dicentem
2845 3197 3139 3268 imperator
3165 3200 3504 3269 complexus,
3536 3201 3798 3274 talentum

2216 3285 2292 3340 illi
2325 3301 2552 3342 aureum
2590 3288 2642 3340 in
2686 3303 2885 3344 manus
2931 3289 3080 3344 dedit
3127 3291 3280 3360 (l2):
3329 3289 3498 3354 Habe,
3554 3291 3665 3363 [cr]
3715 3293 3800 3346 in-

2213 3379 2436 3448 quiens,
2470 3378 2648 3446 Pater,
2685 3395 2845 3450 parva
2895 3381 3009 3436 haec
3046 3384 3187 3436 dona
3222 3391 3283 3436 ut
3325 3399 3523 3451 magna
3557 3421 3572 3446 ,
3616 3396 3664 3438 et
3699 3400 3800 3439 no-

2217 3469 2315 3522 stri
2356 3479 2620 3539 perpetuo
2651 3470 2863 3526 memor
2895 3482 3037 3528 esto.
3059 3471 3408 3544 Dimisitque,
3433 3483 3490 3530 ut
3522 3474 3576 3528 in
3611 3475 3801 3529 urbem

2217 3574 2372 3614 suam
2421 3558 2534 3614 Deo
2575 3563 2814 3630 propitio
2849 3563 3085 3629 rediret;
3136 3567 3308 3620 multa
3364 3567 3528 3620 etiam
3583 3567 3723 3619 dona
3765 3581 3799 3621 τι

2215 3648 2462 3717 piissima
2488 3651 2735 3719 Augusta
2765 3654 2996 3722 accepit.
3026 3655 3146 3706 auri
3177 3655 3230 3708 in
3269 3656 3462 3724 primis
3497 3665 3549 3708 ct
3581 3655 3798 3722 argenti

2215 3749 2482 3811 quantum
2509 3743 2572 3796 ad
2605 3758 2759 3798 sacra
2809 3745 2992 3814 templi
3027 3747 3112 3800 sui
3158 3761 3284 3800 vasa
3330 3746 3674 3800 conﬁcienda
3707 3762 3796 3800 sa-

2121 3889 2144 3900 -
2213 3831 2285 3886 tis
2321 3841 2469 3885 esset
2498 3831 2634 3901 (l3).

2291 3919 2578 3977 LXXXIX.
2631 3921 2900 3993 Egressus
2915 3921 3389 3994 Constantinopoli
3409 3934 3636 3983 sanctus
3655 3927 3792 3982 Gre-

2215 4017 2402 4088 gorius
2429 4015 2540 4089 (μ)
2573 4014 2802 4070 Romam
2833 4016 3084 4086 pervenit
3107 4032 3205 4070 uti
3236 4017 3354 4072 Kal.
3387 4018 3682 4090 Augustas.
3718 4021 3794 4078 lbi

2215 4152 2520 4226 Augustam
2555 4153 2796 4226 prodere
2829 4167 2938 4226 non
2987 4165 3242 4224 possunt,
3291 4170 3320 4208 a
3354 4172 3460 4226 qua
3497 4156 3795 4222 Gregorius

2216 4221 2360 4278 dona
2406 4221 2702 4297 acceperit.
2755 4221 3098 4297 Theodoram
3144 4227 3292 4279 enim
3323 4221 3571 4291 uioreui,
3609 4221 3790 4297 quam

2219 4310 2384 4348 uuam
2421 4291 2630 4357 habuit,
2663 4291 3012 4348 Justinianus
3061 4305 3188 4350 ante
3235 4298 3528 4351 concilium
3567 4313 3595 4348 ν
3642 4291 3794 4352 oecu-

2219 4366 2519 4436 tnenicuin,
2548 4364 2644 4416 cui
2673 4363 2972 4436 Gregorius
3013 4366 3256 4436 nondum
3301 4368 3593 4436 episcopus
3625 4368 3795 4422 inter-

2219 4433 2388 4487 fuisse
2415 4433 2640 4504 dicitur,
2694 4433 2987 4488 extulerat.
3039 4433 3151 4489 Nec
3189 4433 3399 4490 felicior
3431 4433 3631 4490 Lancia
3675 4448 3792 4504 est;

2217 4518 2532 4574 quanquam
2570 4503 2616 4556 is
2651 4518 2765 4574 rem
2798 4505 3373 4574 propegincredibilem
3411 4517 3585 4574 putat,
3615 4503 3794 4561 Justu-

2218 4573 2439 4626 nianttm
2495 4587 2677 4634 suum,
2720 4573 2771 4626 id
2819 4584 2902 4627 est
2953 4573 3367 4640 Rhinomtemm,
3404 4573 3512 4630 tam
3565 4593 3690 4631 st-ro
3729 4580 3796 4632 de

2217 4642 2574 4712 matrimonio
2600 4641 2894 4712 cogitasse.
2929 4645 3091 4698 Duxit
3121 4645 3212 4698 ille
3241 4660 3466 4699 uici-em
3499 4662 3643 4699 anno
3669 4647 3792 4712 705,

2217 4711 2269 4784 id
2304 4721 2389 4765 est
2453 4711 2642 4780 viginti
2678 4711 2938 4784 amplius
2995 4729 3206 4774 annos,
3265 4725 3554 4784 postquam
3606 4720 3795 4771 conci-

2217 4781 2350 4834 lium
2379 4797 2428 4834 vt
2453 4783 2854 4836 mttuntenicunt
2879 4783 3192 4836 absolutum
3222 4781 3421 4839 fuerat.
3441 4787 3550 4840 Nec
3575 4802 3702 4840 vero
3726 4787 3792 4840 azl

2218 4866 2438 4922 sorores
2477 4851 2752 4922 Augustas
2781 4853 3083 4922 confugere
3119 4853 3246 4907 licet
3281 4858 3503 4910 :ncutri
3533 4857 3678 4909 enim
3727 4872 3794 4910 ex

2219 4919 2329 4974 illis
2369 4919 2587 4973 duobus
2612 4919 3130 4977 Justinianis'somr
3170 4924 3290 4978 fuit.

2292 4991 2404 5065 (l4)
2443 4993 2791 5065 Aitnu_s_,_quo
2835 4989 3143 5065 Gregorius
3171 4995 3646 5065 Constantinopoli
3679 4997 3795 5048 dis-

2219 5062 2407 5136 cessit,
2438 5060 2698 5136 erat_593
2727 5101 2742 5123 ,
2784 5075 3076 5136 quo__ann_0
3115 5061 3380 5136 Joannem
3424 5060 3794 5136 pair'tart-ltam

2219 5131 2445 5201 obiisse.
2487 5129 2736 5196 Quicnus
2768 5129 2834 5185 es
2865 5131 3159 5201 Nicepltori
3201 5129 3476 5190 Chronico
3520 5136 3793 5200 ostendit;

2220 5201 2364 5268 quod
2401 5198 2602 5274 Pagius
2633 5215 2852 5274 quoque
2876 5198 3235 5274 et‘Citperus,
3269 5206 3548 5274 repudiata
3576 5198 3796 5258 llaronii

2220 5271 2513 5328 sententia.
2551 5272 2643 5344 qui
2683 5271 2842 5324 morti
2875 5271 3024 5344 illius
3048 5271 3257 5328 annum
3296 5271 3670 5344 insequenti-nt
3706 5289 3799 5328 as-

2221 5344 2550 5412 signavcrat,
2581 5341 2738 5412 plane
2761 5343 3112 5412 statuendum
3136 5341 3556 5412 praesenserant.
3586 5343 3639 5396 ld
3669 5359 3798 5400 vero

2223 5411 2355 5462 nihil
2395 5408 2597 5465 turbat.
2648 5408 2785 5465 Nam
2819 5410 3088 5466 Joannem
3133 5408 3435 5467 decessisse
3485 5424 3699 5466 constat
3743 5425 3797 5468 tv

2220 5478 2402 5534 Nonas
2421 5482 2811 5551 ASeptenlbres.
2849 5483 2904 5535 id
2937 5491 3023 5537 est
3064 5483 3282 5536 duobus
3324 5493 3445 5551 post
3489 5484 3792 5544 mensibus,

2221 5567 2382 5618 quam
2402 5549 2704 5620 Gtegorius
2737 5551 3212 5620 Constantinopoli
3242 5549 3500 5606 solverat.
3533 5554 3611 5606 lio
3648 5555 3798 5608 enim

2223 5636 2368 5693 anno
2399 5619 2722 5693 Pentecoste
2754 5630 2874 5693 acta
2901 5636 2953 5674 ιι
2984 5619 3268 5693 ΚειΙζΙιιιι.
3293 5622 3478 5693 Itaque
3507 5633 3648 5678 statzt
3675 5640 3799 5692 qua:

2223 5689 2484 5747 Leontius
2517 5694 2680 5746 tradit
2710 5708 2740 5746 a
2769 5691 2977 5747 Joanne
3011 5689 3431 5764 archiepiscopo
3463 5695 3603 5750 fatti
3649 5689 3798 5753 esse.
