4054 6204
327 370 435 434 707

1334 367 1396 426 S.
1431 361 1811 428 GREGORII
1861 362 2376 424 AGRIGENTINI
2419 365 2618 426 VITA.

3501 362 3609 423 ’1Οὸ

327 497 488 539 Sacra
519 481 718 552 templa
759 479 1036 545 lustravit,
1070 487 1126 534 et
1167 494 1231 535 ea
1270 479 1626 536 sanctissimo
1657 480 1898 551 pontiﬁce

2026 479 2247 534 Ἰουλίου
2284 481 2510 550 ’μηνός.
2565 481 2805 535 Κάκεῖσε
2864 481 3179 556 διαδραμὼν
3229 460 3358 549 τοὺς
3413 487 3604 557 ἁγίους

327 573 570 628 maximo
591 571 788 626 l‘austis
812 571 1092 642 ominibus
1118 586 1426 643 magnaque
1448 572 1632 628 laetitia
1653 583 1912 645 acceptus

325 675 430 720 est.
465 663 717 728 Quocum
744 663 938 734 viginti
969 663 1098 719 dies
1117 664 1308 720 Romae
1337 657 1610 734 versatus,
1639 677 1763 738 post
1789 685 1910 724 mu-

325 764 419 812 tua
449 770 578 824 erga
611 755 764 808 illum
795 764 852 810 et
885 763 1140 811 sanctum
1178 755 1422 813 Marcum
1454 757 1762 830 fratresque
1801 775 1914 814 ont-

323 861 422 902 nes
471 845 672 912 oliicia,
719 862 749 900 a
785 847 1045 917 pontiﬁce
1085 850 1330 904 maximo
1377 851 1611 923 benigne
1650 853 1912 910 dimissus

323 949 428 1007 est,
460 951 521 996 ut
550 941 617 995 ad
642 943 826 997 sedem
861 957 1019 1000 suam
1058 943 1517 1013 proficisceretur,
1555 946 1754 1002 additis
1785 963 1909 1002 mu-

324 1031 551 1086 neribus
607 1031 953 1102 insignibus,
1011 1041 1068 1088 et
1116 1033 1259 1090 facta
1309 1043 1576 1105 potestate
1627 1040 1907 1093 cvertendi

323 1125 520 1190 altare,
565 1126 714 1194 quod
755 1124 992 1183 Lcucius
1039 1128 1332 1184 lnereticus
1373 1129 1671 1186 aediﬁcarat
1700 1147 1715 1184 :
1748 1131 1909 1200 cujus

323 1231 544 1287 quoque
588 1217 778 1272 tuendi
824 1233 978 1288 ergo,
1025 1219 1314 1290 ipsiusque
1371 1223 1558 1291 templi
1601 1223 1907 1278 aediﬁcandi

323 1321 490 1362 causa
538 1307 805 1380 Angelum
849 1318 904 1364 et
960 1311 1284 1366 Palumbum
1331 1312 1595 1369 diaconos
1637 1315 1905 1383 quosdam

323 1398 446 1469 pios
489 1414 614 1456 cum
663 1415 730 1455 eo
762 1401 932 1456 misit.
961 1401 1107 1458 Urbe
1137 1404 1305 1474 igitur
1347 1407 1537 1461 relicta
1577 1407 1630 1461 in
1661 1407 1906 1465 Siciliam

325 1491 584 1560 appulsi,
643 1493 998 1562 Agrigentum
1051 1495 1231 1565 ipsum
1278 1509 1647 1567 pervenerunt
1681 1514 1735 1554 ιν
1780 1499 1908 1556 Idus

327 1580 676 1650 Septembres
711 1583 845 1653 (15).
890 1583 1076 1640 Voluit
1120 1597 1304 1642 autem
1351 1587 1517 1652 Deus,
1548 1591 1651 1660 qui.
1693 1606 1908 1661 semper

322 1671 468 1738 beati
502 1673 604 1727 viri
638 1674 805 1730 rebus
839 1677 1232 1746 prospiciebat,
1272 1680 1326 1734 in
1353 1678 1577 1736 ﬂuvium
1613 1697 1712 1738 eos
1743 1695 1906 1753 atque

324 1763 380 1818 in
405 1765 757 1831 suburbium,
799 1766 947 1836 quod
981 1767 1300 1838 Emporium
1336 1771 1527 1826 dicunt
1557 1771 1692 1842 (16),
1722 1773 1902 1830 invehi

323 1854 460 1908 liora
495 1854 602 1910 diei
635 1857 794 1910 tertia
822 1875 835 1911 :
869 1859 960 1927 qui
985 1857 1105 1914 dies
1139 1858 1441 1932 Sabbatum
1479 1873 1618 1918 erat.
1651 1863 1814 1919 Forte
1841 1880 1908 1921 eo

319 1959 550 2005 venerat
582 1951 1008 2007 archidiaconus
1051 1955 1260 2024 negotii
1299 1957 1486 2012 nescio
1526 1957 1686 2026 cujus
1716 1973 1904 2022 causa.

321 2051 378 2099 et
404 2043 458 2098 in
492 2045 836 2100 monasterio
859 2045 1112 2119 degebat.
1139 2046 1240 2104 Hic
1267 2064 1392 2104 cum
1434 2051 1708 2122 navigium
1723 2051 1910 2108 .oﬂ'en-

321 2133 496 2190 disset
561 2133 618 2190 in
686 2135 910 2191 ﬂuvium
973 2137 1324 2208 ingrediens,
1385 2139 1604 2194 obviam
1654 2143 1908 2198 celeriter

321 2241 650 2297 progressus
704 2234 818 2290 est,
871 2237 934 2282 ut
978 2237 1176 2284 nautas
1223 2229 1601 2301 interrogaret.
1659 2226 1766 2287 Sed
1809 2233 1904 2296 ubi

322 2315 550 2385 propior
593 2311 738 2381 fuit,
781 2315 930 2372 videt
978 2317 1272 2373 diaconum
1317 2317 1654 2376 Platonicum
1705 2336 1902 2392 aquam

321 2401 468 2457 beati
523 2404 625 2457 viri
681 2405 952 2462 manibus
983 2406 1366 2464 inlundentem
1416 2417 1475 2464 ut
1521 2401 1727 2466 lavaret
1763 2431 1776 2467 :
1809 2414 1906 2479 qui

321 2494 579 2564 deinceps
627 2503 661 2552 e
710 2498 837 2552 navi
885 2499 943 2553 iu
990 2499 1169 2570 ripam
1219 2516 1346 2556 cum
1393 2501 1608 2558 caeteris
1650 2503 1906 2560 omnibus

319 2584 624 2642 descendit.

390 2845 508 2906 XC.
563 2849 821 2906 Accurrit
869 2867 998 2909 vero
1049 2854 1513 2922 archidiaconus,
1557 2866 1612 2913 et
1649 2858 1788 2914 ﬂens
1833 2860 1901 2915 ad

321 2941 446 3013 ejus
484 2943 648 3012 pedes
692 2945 1029 3014 procubuit,
1084 2948 1312 3018 pulchre
1363 2951 1650 3009 advenisse
1695 2953 1901 3010 bonum

2015 570 2238 634 τόπους,
2274 573 2369 625 καὶ
2397 573 2843 643 προσευξάμενος
2869 575 3018 648 αὑτῷ
3067 581 3096 632 ό
3143 578 3449 646 ἁγιώτατος
3494 587 3602 639 πά-

2017 679 2127 724 πας
2157 661 2302 732 μετὰ
2327 665 2502 732 χαρᾶς
2535 664 2802 734 μεγάλης,
2840 665 2929 719 καὶ
2981 670 3216 739 ποιήσας
3266 672 3386 740 μετ’
3437 674 3602 727 αὑτοῦ

2013 753 2073 806 ὲν
2113 751 2300 824 Ῥώμῃ
2331 755 2546 826 ἡμέρας
2595 755 2793 820 εἴκοσι,
2841 759 3256 830 ἀσπασάμενος.
3283 761 3448 816 αὐτὸν
3505 765 3604 819 καὶ

2015 846 2224 909 πάντας
2253 848 2381 910 τοὺς
2419 847 2682 915 ἀδελφοὺς
2705 849 2798 901 κα)⁵
2826 850 2918 902 τὸν
2959 849 3115 917 ἆγιον
3171 851 3418 924 Μάρκον,
3476 855 3604 920 δοὺς

2013 935 2161 1006 αῦτῷ
2203 940 2232 990 6
2265 937 2457 1001 πάπας
2493 939 2642 1008 δῶρα
2682 939 2830 1006 ἄξια,
2879 941 2974 994 καὶ
3020 941 3390 1012 ἐπευξάμενος
3425 944 3597 1015 αὐτῷ,
3673 1017 3676 1021 λ

2012 1027 2288 1082 ἀπέλυσεν
2314 1029 2476 1084 αὐτὸν
2505 1031 2565 1083 ὲν
2587 1031 2783 1102 εἰρήνῃ
2815 1029 3158 1104 πορευθῆναι⁵
3187 1037 3269 1098 εἰς
3297 1035 3390 1088 τὸν
3435 1037 3601 1090 τόπον

2014 1121 2201 1187 αὑτοῦ,
2232 1121 2356 1186 δοὺς
2387 1121 2535 1192 αὐτῷ
2585 1123 2838 1187 ἐξουσίαν
2888 1125 3266 1197 καταστρέψαι
3316 1127 3379 1181 τὸ
3419 1127 3604 1182 θυσια-

2015 1213 2261 1284 στήριον,
2297 1213 2326 1266 ὃ
2351 1213 2710 1284 ᾠκοδόμησεν
2731 1215 2962 1280 Λεύκιος
3017 1218 3046 1270 6
3095 1219 3370 1286 αἱρετικός
3397 1235 3412 1248 ο
3474 1219 3602 1284 δοὺς

2013 1303 2162 1374 αὐτῷ
2185 1307 2213 1358 6
2239 1306 2429 1370 πάπας
2481 1307 2576 1359 ἐπὶ
2615 1307 2676 1359 τὸ
2703 1306 2970 1362 διασῶσαι
3005 1309 3170 1364 αὐτὸν
3207 1311 3471 1379 ¹¹Ἄγγελον
3504 1314 3602 1382 καὶ

2013 1394 2336 1466 Παλοῦμϐον
2363 1396 2648 1459 διακόνους
2675 1397 2829 1462 τινὰς
2851 1399 3100 1464 εὐλαϐεῖς
3120 1399 3226 1466 ἕως
3247 1397 3310 1458 οὗ
3330 1401 3423 1457 τὸν
3447 1404 3596 1471 ναὸν,

2010 1486 2068 1540 ὃν
2122 1487 2346 1559 ᾔτησεν,
2399 1488 2824 1562 ἀνοικοδομήσῃ.
2901 1477 3260 1557 Ἐξελθόντων
3309 1493 3366 1548 δὲ
3416 1495 3598 1550 αὐτῶν

2009 1579 2120 1633 ἀπὸ
2148 1572 2410 1652 ’Ῥώμηςς
2444 1581 2748 1636 κατέλαϐον
2781 1584 2840 1637 ἐν
2872 1583 3094 1656 Σικελίᾳ
3148 1586 3206 1639 ὲν
3261 1588 3328 1658 τῇ
3395 1588 3598 1658 Ἀκρα-

2009 1671 2278 1744 γαντίνων
2317 1673 2565 1745 πόλειτῇ
2600 1673 2818 1746 δεκάτῃ
2843 1673 2938 1729 τοῦ
2984 1676 3361 1748 Σεπτεμϐρίου
3404 1681 3596 1748 μηνός.

2009 1762 2287 1834 Θελήματι
2329 1764 2388 1818 δὲ
2450 1764 2546 1818 τοῦ
2595 1765 2684 1820 ἀεὶ
2734 1765 3000 1830 σώζοντος
3055 1769 3150 1822 καὶ
3203 1769 3598 1840 συνεργοῦντος

2009 1854 2158 1925 αὑτῷ
2185 1854 2324 1910 Θεοῦ
2359 1856 2611 1927 εἰσῆλθον
2664 1859 2748 1920 είς
2781 1859 2876 1913 τὸν
2929 1861 3175 1941 ποταμὸν
3218 1861 3304 1924 είς
3353 1862 3415 1915 τὸ
3463 1865 3596 1934 περὶ

2009 1947 2164 2002 πόλιν
2218 1949 2280 2002 τὸ
2325 1947 2620 2018 λεγόμενον
2694 1949 2990 2022 Ἐμπόριον
3050 1951 3202 2022 ὥραν
3247 1954 3440 2026 τρίτην
3492 1955 3596 2025 τῆς

2008 2038 2116 2109 ὴμέ
2125 2055 2244 2110 ρας.
2280 2033 2390 2092 Ἦν
2443 2038 2501 2092 δὲ
2559 2039 2844 2095 Σάϐϐατον
2891 2042 2981 2095 ὅτε
3029 2042 3216 2096 ἐκεῖσε
3265 2041 3588 2098 κατέλαϐον.

2009 2131 2164 2184 Κατὰ
2185 2131 2490 2202 συγκυρίαν
2517 2126 2586 2202 ἦν
2613 2133 2795 2186 ὲκεῖσε
2815 2134 2844 2186 6
2871 2133 3250 2204 άρχιδιάκονος
3282 2133 3373 2188 διὰ
3398 2135 3592 2206 χρείαν

2006 2221 2132 2276 τινὰ
2164 2222 2224 2274 ὲν
2247 2221 2332 2293 τῷ
2357 2223 2730 2295 μοναστηρίῳ.
2759 2224 2874 2278 Καὶ
2901 2225 3080 2295 εὑρὼν
3107 2225 3170 2278 τὸ
3197 2225 3388 2289 ,πλοῖον
3415 2226 3592 2280 είσελ-

2007 2313 2100 2366 θον
2120 2314 2200 2376 είς
2226 2313 2316 2382 τὸν
2341 2313 2611 2383 ποταμὸν,
2640 2315 2885 2386 δρομέως
2901 2315 3030 2370 άπιε
3057 2317 3238 2371 ἐκεῖσε
3265 2317 3591 2390 βουλόμενος

2005 2404 2203 2468 αὐτοὺς
2223 2404 2594 2476 ἐπερωτῆσαι.
2613 2404 2852 2477 Πλησίον
2865 2406 2922 2460 δὲ
2941 2407 3233 2477 γενόμενος
3252 2407 3350 2462 τοῦ
3376 2409 3590 2478 πλοίου,

2004 2494 2107 2566 ὁρᾷ
2134 2495 2226 2548 τὸν
2256 2494 2506 2548 διάκονον
2557 2495 2905 2550 Πλατωνικὸν
2949 2497 3258 2554 ἐπιδιδόντα
3319 2497 3465 2572 ὕδωρ
3509 2501 3590 2564 είς

2005 2586 2104 2648 τὰς
2127 2585 2318 2658 χεῖρας
2343 2583 2440 2638 τοῦ
2474 2586 2752 2657 μακαρίου
2781 2587 2864 2652 είς
2892 2586 2955 2642 τὸ
2984 2587 3263 2658 νίψασθαι.
3301 2584 3435 2644 Εῐτα
3469 2591 3588 2661 μετ’

2004 2675 2149 2732 αὐτά
2181 2675 2450 2750 κατῆλθεν
2479 2677 2544 2730 ὲκ
2566 2677 2660 2731 τοῦ
2709 2679 2920 2745 πλοίου,
2956 2667 3054 2735 καὶ
3107 2681 3310 2745 πάντες
3364 2683 3414 2735 οἱ
3467 2683 3590 2752 μετ’

2001 2767 2192 2823 αὐτοῦ.

2074 2864 2147 2927 ιη’.
2199 2861 2436 2932 Δραμὼν
2479 2861 2539 2916 δὲ
2567 2863 2596 2916 6
2623 2862 3007 2935 ἀρχιδιάκονος
3049 2865 3246 2944 ἔπεσεν
3279 2865 3434 2938 παρὰ
3459 2868 3590 2932 τοὺς

2005 2951 2175 3017 πόδας
2227 2952 2322 3007 τοῦ
2373 2951 2646 3026 μακαρίου
2703 2955 2904 3010 κλαίων
2965 2956 3060 3012 καὶ
3109 2956 3286 3026 λέγων
3317 2975 3333 2992 ι
3393 2959 3590 3022 Καλῶς

325 3033 788 3105 [cv1]pastorcm,
824 3037 1100 3107 inquiens,
1129 3041 1223 3110 qui
1259 3056 1360 3110 pro
1386 3057 1548 3113 grege
1589 3058 1692 3099 suo
1732 3045 1898 3100 multa

2005 3044 2344 3114 παρεγένετο
2367 3045 2396 3098 6
2424 3045 2627 3118 ποιμὴν
2652 3048 2682 3100 6
2711 3047 2902 3113 καλὸς,
2926 3049 2956 3100 6
2985 3047 3160 3102 πολλὰ.
3184 3048 3422 3122 ἀθλήσας
3443 3051 3590 3122 ὑπὲρ

323 3139 520 3194 passus
559 3135 728 3181 esset.
765 3125 934 3192 Quem
971 3129 1060 3184 ille
1091 3131 1508 3202 apprehendens
1537 3135 1824 3200 excitavit,
1849 3145 1898 3192 et

2003 3131 2097 3188 τοῦ
2121 3135 2267 3188 -ίδίου
2293 3136 2573 3206 ποιμνίου.
2613 3135 2674 3190 ’0
2706 3135 2762 3190 δὲ
2799 3139 3080 3210 κρατήσας
3122 3139 3344 3210 ἤγειρεν
3402 3140 3586 3207 αὐτὸν,

321 3211 391 3266 de
421 3213 574 3268 urbis
611 3215 1007 3285 tranquillitate
1033 3218 1408 3291 interrogavit,
1449 3222 1518 3278 de
1544 3224 1804 3287 tribunis.
1831 3224 1898 3281 de

2008 3226 2104 3279 καὶ
2147 3223 2434 3303 ἠρώτησεν
2479 3226 2644 3282 αὑτὸν
2679 3228 2748 3282 τά
2781 3227 2934 3298 ,πρὸς
2961 3229 3188 3301 εἰρήνην
3214 3232 3316 3300 τῆς
3352 3231 3585 3298 πόλεως,

320 3305 549 3373 populo,
591 3305 832 3376 denique
877 3307 946 3363 de
979 3311 1296 3378 parentibus
1340 3328 1562 3383 quoque
1611 3315 1748 3372 suis.
1791 3317 1899 3372 Ar-

321 3395 637 3450 ehidiaconi
683 3410 864 3453 autem
905 3415 1232 3471 responsum
1269 3403 1394 3472 fuit,
1437 3407 1607 3462 Deum
1643 3410 1900 3479 precibus

317 3484 444 3551 eius
477 3487 752 3556 placatum
796 3504 986 3558 pacem
1029 3493 1288 3549 omnibus
1335 3495 1584 3551 stabilem
1636 3497 1896 3570 largitum

317 3585 465 3626 esse.
495 3571 970 3646 Tum'Gregorius
1000 3595 1013 3630 :
1049 3575 1217 3646 Vade,
1269 3581 1468 3651 inquit,
1511 3583 1610 3648 (ili,
1641 3597 1694 3641 et
1725 3602 1896 3656 popu-

319 3661 434 3716 lum
475 3663 635 3718 nobis
669 3666 1060 3722 charissimum
1094 3671 1161 3724 de
1187 3671 1424 3726 adventu
1463 3683 1656 3730 nostro
1695 3677 1898 3732 certio-

320 3766 438 3806 rem
470 3751 659 3810 facito.
696 3754 1138 3815 Archidiaconus
1179 3761 1432 3818 celeriter
1468 3765 1522 3819 in
1574 3768 1766 3822 urbem
1808 3785 1896 3824 rc-

322 3857 521 3899 versus
557 3846 835 3902 nuntiavit
876 3847 1179 3920 edixitque,
1208 3852 1491 3910 dominum
1529 3865 1582 3912 et
1617 3866 1920 3928 parentem'

317 3935 598 4003 publicum
639 3937 954 4006 advenisse,
987 3950 1154 4012 atque
1193 3945 1248 4000 in
1284 3947 1548 4004 snburbio
1587 3965 1730 4006 esse.
1770 3951 1891 4007 .lam

315 4041 448 4080 vero
473 4031 668 4082 nuntio
689 4041 936 4102 accepto,
965 4034 1170 4090 tribuni
1199 4045 1366 4108 atque
1394 4040 1688 4098 archontes
1715 4045 1888 4108 urbis,

315 4118 420 4172 viri
454 4129 508 4174 et
552 4123 818 4181 mulieres
857 4143 981 4183 cum
1012 4131 1258 4200 parvulis
1303 4132 1436 4203 ipsis
1465 4136 1576 4191 Deo
1612 4137 1800 4195 laudes
1837 4149 1892 4195 et

311 4211 518 4277 gratias
545 4213 795 4278 reddere.
821 4219 964 4288 quod
993 4221 1145 4292 digni
1169 4222 1238 4277 ab
1263 4238 1328 4277 eo
1357 4225 1527 4280 habiti
1564 4237 1772 4296 essent,
1794 4231 1888 4300 qui

313 4301 382 4355 de
412 4301 572 4356 beato
609 4315 831 4374 pastore
861 4323 966 4364 suo
999 4313 1195 4366 nuntia
1233 4322 1344 4368 tam
1376 4315 1516 4370 bona
1551 4319 1884 4389 acciperent.

308 4390 507 4448 Clerus
537 4395 772 4452 subinde
801 4400 980 4455 omnis
1011 4417 1138 4456 cum
1171 4406 1333 4460 thure
1373 4415 1430 4463 et
1466 4411 1664 4477 cereis,
1689 4421 1746 4467 et
1787 4429 1887 4483 po-

2009 3317 2103 3370 καὶ
2135 3317 2262 3388 περὶ
2293 3318 2405 3371 τῶν
2434 3308 2887 3389 τριϐούνων,’καὶ
2919 3321 3047 3392 περὶ¹
3074 3321 3166 3376 τοῦ
3193 3321 3324 3376 λαοῦ
3358 3339 3372 3354 ⁶
3401 3325 3589 3381 λοιπὸν

2004 3405 2062 3460 δὲ
2095 3409 2192 3461 καὶ
2218 3407 2487 3480 περὶτῶν
2540 3409 2745 3478 γονέων
2801 3409 2988 3468 αὐτοῦ.
3054 3411 3401 3484 Ἀποκριθεὶς
3451 3413 3510 3484 δὲ
3534 3418 3590 3480 _6

2003 3497 2384 3568 ἁρχιδιάκονος
2409 3498 2558 3568 λέγει
2586 3500 2740 3571 αὐτῷ
2767 3521 2779 3532 ·
2804 3503 2882 3556 Δι’
2907 3502 3080 3574 εὐχῶν
3108 3521 3225 3568 σου,
3257 3506 3380 3574 ἅγιε
3403 3507 3588 3579 Πάτερ

2001 3589 2140 3654 ὅσιε,
2175 3590 2343 3645 πᾶσιν
2395 3592 2424 3657 6
2471 3591 2606 3654 Θεὸς
2655 3593 2882 3664 εἰρήνην
2916 3594 3207 3668 ,σταθερὰν
3249 3597 3586 3670 ἐδωρήσατο.

1993 3674 2172 3750 ,Εἶπεν
2197 3679 2254 3734 δὲ
2286 3677 2438 3752 αὐτῷ
2467 3682 2500 3734 6
2527 3681 2828 3755 Γρηγόριος
2857 3697 2871 3711 ·
2909 3679 3166 3751 Ἀπελθε,
3215 3687 3430 3751 τέκνον,
3475 3691 3587 3742 ἀπ-

2001 3767 2255 3836 άγγειλον
2279 3769 2359 3842 τῷ
2392 3771 2633 3842 φιλτάτῳ
2666 3773 2822 3842 ἡμῶν
2843 3773 2956 3845 λαῷ
2979 3774 3076 3846 τὴν
3127 3776 3229 3848 τῆς
3278 3778 3436 3850 ἡμῶν
3484 3797 3586 3849 με-

1999 3860 2282 3931 τριότητος
2303 3863 2630 3932 παρουσίαν.
2671 3864 2930 3934 Δρομέως
2955 3865 3015 3918 δὲ
3057 3861 3298 3922 ἀνελθὼν
3348 3872 3378 3923 ό
3423 3871 3584 3940 ἀρχι-

1997 3947 2245 4012 διάκονος
2272 3950 2608 4020 ἀπήγγειλεν
2647 3955 2730 4017 είς
2765 3953 2866 4026 τὴν
2897 3955 3053 4010 πόλιν
3082 3957 3461 4031 διηγούμενος,
3497 3964 3580 4015 Em

2000 4037 2166 4096 Ἥκει
2197 4041 2228 4094 6
2260 4039 2450 4112 κύριος
2484 4043 2644 4114 ἡμῶν
2668 4046 2764 4098 καὶ
2803 4046 2980 4111 κοινὸς
3005 4049 3194 4121 Πατὴρ
3219 4052 3380 4122 ἡμῶν
3411 4054 3468 4108 ἐν
3499 4055 3578 4124 τῷ

1998 4133 2330 4204 περιπολέῳ.
2385 4134 2744 4215 Ἀκούσαντες
2769 4137 2827 4190 δὲ
2857 4139 2907 4192 οἱ
2941 4141 3043 4209 τῆς
3072 4139 3280 4206 πόλεως
3301 4143 3577 4215 τριϐοῦνοί

1995 4241 2054 4277 τε
2087 4226 2182 4279 καὶ
2206 4225 2487 4298 ἄρχοντες,
2519 4211 2711 4300 ἄνδρες
2745 4245 2805 4282 τε
2864 4232 2960 4286 καὶ
3019 4233 3278 4302 γυναῖκες
3319 4211 3417 4292 καὶ
3467 4238 3576 4302 ἕως

1999 4315 2201 4390 μικροῦ
2257 4316 2604 4388 θηλάζοντος,
2654 4320 2906 4387 ἐδόξαζον
2959 4323 3056 4378 καὶ
3099 4325 3456 4399 εὐχαρίστουν
3497 4324 3576 4400 τῷ

1996 4408 2116 4478 Θεῷ
2142 4409 2222 4481 τῷ
2243 4409 2538 4477 ἀξιώσαντι
2566 4411 2762 4478 αὐτοὺς
2781 4415 3042 4486 τοιαύτην
3067 4417 3330 4486 ἀγγελίαν
3359 4421 3574 4492 ἀγαθὴν

305 4485 479 4553 ;pu|us
511 4487 824 4552 universus,
857 4503 1102 4560 quanlus
1126 4510 1322 4566 nempe
1352 4499 1406 4552 in
1439 4507 1551 4555 tota
1589 4503 1724 4562 urbe
1745 4517 1882 4573 erat,

2002 4501 2246 4567 δέξασθαι
2281 4503 2537 4576 περὶτοῦ
2581 4507 2854 4577 μακαρίου
2897 4485 3078 4563 αὐτῶν
3124 4485 3420 4582 ιιιιοιμένος.⁷
3464 4485 3574 4568 καὶ

307 4575 530 4630 obviam
563 4588 758 4661 sancto
777 4578 1045 4652 Gregorio
1081 4585 1356 4654 exierunt,
1389 4603 1560 4661 usque
1591 4585 1659 4649 ad.
1694 4599 1886 4652 monaL

301 4668 566 4730 sterium,
601 4656 710 4736 quo
751 4670 840 4726 ille
877 4672 1072 4728 relicto
1111 4677 1328 4750 navigio
1367 4694 1736 4741 concesserat.
1783 4687 1882 4755 lbi,

299 4769 436 4811 cum
472 4758 706 4816 invicem
748 4765 1144 4834 occurrissent,
1173 4770 1554 4832 obsecratione
1584 4777 1728 4833 facta
1757 4795 1884 4836 con-

306 4847 590 4906 sederunt.

380 5110 518 5168 XCI.
559 5121 678 5170 1am
729 5133 861 5172 vero
905 5121 1016 5188 ille,
1050 5123 1225 5180 salute
1272 5129 1474 5199 pepulo
1511 5130 1656 5189 dicta
1699 5136 1880 5214 parvis

304 5205 654 5278 magnisque,
709 5214 1104 5268 monasterium
1155 5217 1410 5288 reliquit,
1463 5229 1517 5276 et
1564 5223 1632 5280 ad
1685 5211 1878 5280 urbem

373 5386 704 5472 (15)”Mbiibil
764 5391 948 5472 verius
1008 5411 1039 5472 _a
1107 5393 1337 5472 Leontio"
1395 5401 1659 5472 scriptum
1724 5416 1809 5462 est
1859 5425 1873 5463 :

300 5471 447 5542 anno
476 5457 602 5522 595,
637 5475 770 5542 quo.
795 5461 1096 5542 Gregorius
1145 5457 1874 5542 Agrigentum.reiliit,'dies

299 5528 556 5610 decimus
597 5528 804 5587 mensis
861 5528 1222 5610 Séptetnbris‘f
1251 5528 1554 5597 S‘abbasnm
1597 5528 1721 5600 fuit:
1764 5528 1878 5602 lia:

301 5597 434 5675 geli:
464 5597 616 5675 _eni_m
665 5610 852 5657 actum
889 5597 950 5660 ni
995 5607 1140 5663 Non.
1195 5609 1431 5675 Apriles,
1465 5597 1790 5672 Pentecoste
1814 5597 1869 5675 ;l

1990 4592 2214 4663 ἐξῆλθεν
2247 4596 2354 4658 πᾶς
2383 4596 2412 4648 6
2451 4595 2654 4668 κλῆρος
2687 4600 2829 4668 μετὰ
2851 4599 3211 4673 θυμιαμάτων
3239 4606 3334 4658 καὶ⁵
3359 4609 3568 4678 κηρῶν,

1987 4686 2084 4738 καὶ
2124 4687 2232 4750 πᾶς
2271 4687 2300 4740 6
2328 4686 2476 4753 λαὸς,
2513 4687 2722 4759 πλῆθος
2751 4691 2908 4757 πολὺ,
2935 4695 3054 4746 ὅσοι
3078 4689 3219 4767 ἦσαν
3240 4699 3298 4750 έν
3309 4701 3386 4770 τῇ
3415 4701 3567 4754 πόλει

1985 4778 2064 4840 εἰς
2119 4779 2448 4851 συνάντησιν
2493 4781 2679 4837 αὐτοῦ.
2727 4784 2902 4850 Αὐτὸς
2940 4786 2997 4856 δὲ
3033 4788 3311 4844 κατελθὼν
3335 4791 3442 4845 ἀπὸ
3469 4793 3562 4846 τοῦ

1984 4867 2196 4932 πλοίου,
2217 4868 2346 4922 ἄπιε
2373 4869 2434 4922 ἐν
2459 4869 2538 4941 τῷ
2570 4874 2920 4946 μοναστηρίῳ
2941 4891 2957 4906 ο
2992 4877 3086 4930 καὶ⁴
3130 4881 3565 4952 συναντήσαντες

1983 4959 2255 5030 ἀλλήλοις,
2317 4963 2412 5016 καὶ¹
2461 4962 2772 5036 εὐξάμενοι,
2807 4969 2947 5037 μετὰ
2998 4971 3102 5040 τὴν
3157 4971 3564 5044 εὐχὴνικαθέ-

1985 5052 2084 5124 σθη
2092 5070 2210 5110 σαν.

2057 5145 2177 5209 ιιΑν.
2229 5145 2336 5198 Καὶ
2367 5145 2757 5218 ἀσπασάμενος
2778 5149 2905 5214 τοὺς
2933 5149 3180 5216 ἅπαντας
3204 5157 3412 5212 καὶτὸν
3437 5157 3561 5212 λαὸν

1986 5235 2222 5305 μικρούς
2273 5253 2333 5290 τε
2373 5238 2466 5292 καὶ
2497 5239 2771 5310 μεγάλους
2800 5239 3023 5312 ἐξῆλθεν
3053 5245 3118 5298 ὲκ
3154 5246 3250 5300 τοῦ
3283 5265 3558 5320 μοναστησ-

1981 5417 2114 5482 tius,
2149 5415 2452 5488 inciditque
2477 5419 2533 5474 in
2571 5421 2712 5477 diem
2742 5438 2803 5478 ιιι
2848 5432 2976 5478 ante
3003 5423 3158 5485 ldus.
3183 5429 3298 5483 sive
3328 5432 3554 5486 undeci-

1975 5503 2127 5611 1mum
2163 5489 2368 5612 mentsis
2405 5487 2762 5562 Septembris,
2805 5503 2862 5548 ut
2891 5507 2958 5548 ex
2986 5493 3362 5563 Maurinorum
3397 5504 3553 5558 tabu-

1997 5573 2044 5612 IS
2079 5569 2268 5612 consta
2301 5599 2316 5612 .

1997 5573 2044 5614 IS
2079 5569 2316 5614 constat.

2201 5629 2334 5685 Cod.
2370 5630 2424 5698 1,
2453 5632 2530 5697 εἰς
2560 5631 2619 5686 τὺ
2647 5633 2964 5705 περιπόλων
3001 5641 3064 5695 τὸ
3095 5641 3389 5712 λεγόμενον
3423 5645 3553 5719 Ἐμ-

300 5663 1222 5770 .1ιξξξιι¹ίξιεη¹ᾒῄῐ)εηιοςοιξε
1245 5663 1868 5770 'oonﬁg'..icig§'aié§"x§i

283 5735 602 5808 babbatum
641 5751 970 5802 consecutus
1010 5757 1116 5814 est,
1149 5749 1216 5803 de
1252 5766 1362 5822 quo
1409 5735 1870 5824 loq‘uitur-vbeon:
