4054 6204
331 307 436 376 711

1347 302 1406 358 S.
1445 298 1825 360 GREGORII
1860 301 2370 362 AGRIGENTINI
2410 304 2608 365 VITA.

3499 309 3611 374 712

411 411 568 469 XCII.
627 410 835 480 'I'empli
875 406 1398 469 exaediﬁcationem,
1446 406 1537 460 cui
1581 421 1761 462 annus
1815 406 1920 460 im-

2094 410 2208 476 ιβ’.
2248 407 2382 464 Εἶτα
2435 411 2575 481 μετὰ
2627 411 2872 466 ἐνιαυτὸν
2927 413 3223 486 πληρὼας
3285 417 3376 470 τὸν
3439 419 3602 490 ναὸν,

335 523 542 578 pensus
592 515 700 568 est,
749 501 1094 556 consecratio
1142 498 1378 567 excepit,
1413 507 1698 568 postquam
1734 498 1915 553 divina

340 597 457 651 illic
512 592 770 664 mysteria
830 605 1090 660 peragere
1148 589 1410 644 instituit.
1460 589 1671 658 Adjecit
1732 600 1914 642 autem

340 687 545 756 t:mplo
571 694 627 740 et
665 684 840 739 bonas
874 683 1068 737 dia:tas
1093 681 1227 751 (2|),
1259 681 1313 734 in
1344 680 1544 749 quibus
1587 681 1704 750 ipse
1736 695 1800 734 ac
1840 679 1919 734 fa-

341 779 585 833 miliares
611 775 736 844 ejus
767 773 1105 828 habitarent.
1143 771 1369 826 Solebat
1399 781 1584 825 autem
1617 771 1916 824 identidem

337 879 392 924 et
422 868 603 922 viduis
641 874 694 922 et
731 865 918 934 egenis
958 862 1140 918 omnis
1184 860 1400 931 generis
1457 875 1723 930 apparare
1768 877 1923 914 men-

339 975 480 1021 sam,
520 958 699 1024 iisque
729 955 870 1008 idem
921 953 1276 1008 ministrare:
1307 951 1453 1020 quod
1497 959 1552 1005 et
1591 961 1768 1005 mater
1798 952 1920 1022 ejus

343 1065 452 1104 non
489 1049 672 1103 minus
705 1045 1020 1116 praestabat.
1066 1043 1186 1114 Ipse
1210 1059 1340 1097 vero
1371 1043 1634 1113 populum
1661 1053 1920 1112 praeterea

341 1143 459 1194 dies
491 1147 794 1207 noctesque
821 1137 1028 1190 hortari
1063 1152 1168 1190 non
1197 1135 1502 1194 desinebat.
1536 1145 1594 1188 ιιι
1623 1134 1784 1188 saluti
1809 1151 1924 1190 snte

342 1230 657 1286 consuleret
717 1227 974 1295 serioque
1031 1225 1350 1293 respiceret,
1413 1238 1476 1276 ac
1551 1239 1610 1277 se
1659 1224 1730 1276 ab
1773 1222 1922 1276 omni

343 1323 551 1375 scelere
585 1326 886 1374 revocaret.
939 1317 1032 1371 Sic
1063 1317 1256 1371 beatus
1284 1315 1604 1384 Gregorius,
1637 1328 1762 1366 cum
1790 1328 1926 1380 quo-

345 1412 499 1476 tidie,
533 1411 650 1466 sive
689 1409 896 1463 diceret
921 1408 1076 1477 quid.
1131 1411 1246 1462 sive
1275 1405 1502 1468 faceret,
1541 1407 1594 1458 in
1637 1404 1922 1457 hominum

345 1505 571 1566 aiiimis,
617 1512 889 1572 tanquam.
927 1501 1083 1556 sulco
1127 1499 1295 1567 facto,
1351 1501 1617 1570 spiritalia
1654 1499 1795 1552 dona
1841 1512 1927 1551 se-

347 1595 612 1658 minaret;
657 1593 919 1662 populum
969 1593 1248 1661 ingentem
1311 1594 1419 1646 Deo
1477 1590 1756 1644 Servatori
1808 1589 1929 1640 uni-

2025 503 2336 572 ἀφιέρωσεν
2405 504 2610 556 αὐτόν’
2687 506 2915 556 κάκεῖσε
2981 507 3082 574 τὴν
3149 507 3312 573 άγίαν
3365 510 3610 564 ἐπιτελεῖ

2029 594 2460 662 μυσταγωγίαν·
2517 597 2750 666 ποιήσας
2805 589 2863 648 ἐν
2921 596 3069 667 αὐτῷ
3129 597 3312 652 κελλία
3339 601 3606 672 χρήσιμα,

2026 686 2084 736 ἐν
2130 680 2212 746 οἷς
2243 681 2311 754 ἦν
2344 685 2506 748 αὐτὸς
2537 686 2828 756 ἡσυχάζων
2853 687 2946 739 καὶ
2970 689 3018 740 oi
3051 689 3172 757 μετ’
3202 689 3391 746 αὐτοῦ.
3439 691 3606 762 Ἡμέ-

2031 790 2129 842 ραν
2160 774 2218 827 δὲ
2265 774 2390 828 καθ’
2441 777 2660 846 ἡμέραν
2707 772 2776 848 ἦν
2817 777 3124 846 ἐτοιμάζων
3161 779 3442 849 τράπεζαν
3487 786 3610 846 ταῖς

2027 867 2224 936 χήραις
2245 867 2340 919 καί⁸
2377 867 2542 920 πᾶσιν
2579 870 2692 934 τοῖς
2729 867 3026 938 δεομένοις,
3061 869 3157 922 καὶ
3196 871 3358 942 αὕτρς
3385 871 3452 924 δι’
3478 875 3609 926 ἐαυ-

2027 957 2123 1010 τοῦ
2175 957 2530 1028 ἐξυπηρετῶν
2573 957 2778 1020 αὐτοῖς.
2843 957 3117 1024 Ὡσαύτως
3151 954 3223 1030 ἦν
3251 960 3480 1016 ποιοῦσα
3513 963 3610 1016 καὶ
3706 1013 3743 1035 μ

2033 1052 2224 1120 μήτηρ
2249 1048 2439 1104 αὐτοῦ.
2487 1050 2598 1102 Καὶ
2647 1043 2716 1120 ἦν
2767 1049 2888 1104 καθ’
2945 1050 3186 1122 ἑκάστην
3243 1047 3458 1122 ἡμέραν
3513 1055 3610 1108 καὶ

2029 1141 2202 1195 νύκτα
2257 1142 2698 1212 ἀναμιμνήσκων
2761 1143 2851 1194 τὸν
2895 1126 3023 1195 λαὸν
3057 1142 3128 1197 τά
3166 1153 3296 1214 περι
3333 1151 3610 1216 σωτηρίας

2031 1235 2125 1288 καὶ
2165 1235 2476 1305 μετανοίας,
2501 1237 2596 1288 καὶ
2622 1235 2883 1292 ἐνδιδόναι
2917 1237 3116 1299 αὐτοὺς
3143 1237 3250 1290 άπὸ
3284 1239 3467 1308 πάσης
3492 1239 3611 1292 ἀδι-

2031 1327 2176 1388 κίας.
2205 1324 2390 1388 Οὕτως
2419 1328 2451 1378 ό
2487 1327 2755 1396 μακάριος
2791 1326 3112 1397 Γρηγόριος,
3145 1327 3219 1390 ὡς
3239 1327 3466 1398 ἡμέραι,
3498 1331 3612 1393 τοῖς

2033 1421 2428 1488 πνευματικοῖς
2450 1420 2786 1490 χαρίσμασιν
2814 1417 2872 1470 ἐν
2911 1435 2968 1470 τε
2999 1419 3144 1489 λόγῳ
3178 1421 3276 1473 καὶ
3316 1419 3464 1490 ἔργῳ
3489 1421 3612 1482 ταῖς

2031 1505 2142 1557 τῶν
2169 1504 2480 1576 ἀνθρώπων
2507 1505 2756 1576 καρδίαις
2783 1503 2862 1574 τῷ
2884 1505 2986 1574 τῆς
3007 1506 3246 1570 πίστεως
3274 1508 3493 1578 ἀρότρῳ
3515 1507 3609 1576 ἐγ-

2033 1597 2444 1667 κατασπείρων,
2469 1595 2598 1650 λαὸν
2631 1597 2946 1668 περιούσιον
2982 1596 3059 1667 τῷ
3090 1598 3306 1670 Σωτῆρι
3341 1599 3449 1654 τῶν
3475 1600 3613 1652 ὅλων

345 1685 492 1738 versi
533 1682 906 1755 consecravit,
946 1680 1239 1750 pestiferas
1283 1683 1520 1736 haereses
1557 1695 1584 1732 a
1623 1695 1788 1750 grege
1822 1679 1926 1734 sibi

2039 1687 2155 1757 Θεῷ
2209 1689 2568 1760 καθιέρωσεν,
2621 1674 2802 1743 πᾶσαν
2859 1689 3038 1761 λύμην
3088 1693 3354 1761 αίρέσεως
3401 1695 3459 1744 ἐν
3492 1695 3614 1757 ταῖς

349 1775 838 1830 credito'divinum
865 1772 1030 1830 veluti
1062 1773 1301 1840 gladium
1351 1772 1630 1841 stringens
1658 1771 1924 1840 praecidit,

2039 1781 2138 1834 τῶν
2173 1781 2612 1851 ποιμαινομένων
2640 1781 2730 1834 ὑπ’
2773 1781 2940 1834 αὐτοῦ
2970 1781 3228 1846 διανοίαις
3255 1782 3334 1853 τῷ
3361 1786 3615 1856 τμητικῷ

350 1867 593 1923 ctelestia
623 1866 859 1934 denique
889 1864 1218 1919 documenta
1251 1863 1426 1918 instar
1459 1863 1639 1917 iterati
1684 1861 1829 1917 salis.
1861 1861 1929 1916 ad

347 1957 718 2013 condiendum
767 1955 902 2011 nulli
939 1967 1180 2025 unquam
1216 1954 1409 2010 deesse
1446 1969 1641 2022 passus
1684 1961 1788 2008 est.
1824 1951 1930 2007 Ne-

353 2065 464 2120 que
512 2048 601 2102 hic
635 2047 890 2102 utilitatis
921 2047 1134 2100 fructus
1173 2043 1243 2099 ad
1283 2058 1380 2099 eos
1421 2043 1598 2098 solum
1647 2043 1929 2112 pertinuit,

349 2139 444 2208 qui
480 2137 670 2192 urbem
719 2137 1074 2201 habitabant,
1127 2133 1305 2206 [cvm]
1360 2135 1457 2190 sed
1498 2134 1565 2188 .in
1606 2135 1932 2205 longinquos

353 2227 522 2282 etiam
568 2227 892 2280 redundavit
931 2225 1115 2280 :l'ama
1163 2239 1357 2294 nempe
1407 2224 1560 2278 illius
1606 2224 1662 2278 in
1712 2239 1932 2279 omnem

354 2325 557 2371 terram
599 2315 831 2385 perlata,
863 2323 920 2368 et
941 2315 1142 2368 studiis
1192 2313 1476 2378 hominum
1523 2313 1800 2377 excitatis,
1837 2313 1932 2383 qui

357 2409 425 2464 ad
461 2423 585 2462 eum
613 2408 801 2462 venire
831 2407 1159 2478 gestiebant,
1200 2415 1256 2460 et
1285 2405 1351 2459 ad
1385 2405 1550 2485 pedes
1583 2406 1704 2474 ejus
1741 2419 1933 2462 omnes

353 2498 722 2553 daemoniacos
751 2495 1194 2565 comportabant.
1229 2492 1367 2548 Nam
1400 2510 1528 2549 cum
1561 2495 1598 2548 ii
1630 2495 1933 2550 curationis

357 2604 524 2643 causa
553 2588 619 2642 ad
653 2577 870 2642 beatum
899 2587 1078 2640 virum
1111 2585 1386 2648 venirent,
1421 2599 1612 2640 omnes
1639 2600 1762 2640 cum
1794 2587 1936 2644 redi-

359 2684 510 2747 lian',
543 2681 802 2750 precibus
826 2679 946 2748 ejus
985 2686 1041 2732 et
1073 2690 1367 2746 corporum
1397 2687 1455 2732 et
1486 2676 1796 2731 animorum
1845 2693 1936 2732 sa-

357 2772 586 2827 nitatem
628 2769 854 2824 domum
890 2768 1222 2824 referebant.
1255 2767 1370 2823 IIoc
1395 2777 1552 2838 pacto
1579 2777 1807 2824 sanctus
1829 2769 1932 2833 vir,

335 2879 481 2920 eum
538 2863 754 2918 Domini
803 2862 1060 2916 mandata
1117 2859 1234 2915 dies
1292 2868 1599 2931 noctesque
1655 2863 1938 2932 prophetae

360 2957 580 3012 Davidis
623 2955 877 3024 exemplo
925 2953 1310 3018 meditaretur,
1345 2951 1527 3010 factus
1570 2963 1657 3010 est
1693 2955 1836 3009 sicut
1867 2954 1935 3007 Ii-

2030 1869 2126 1924 τοῦ
2159 1869 2294 1924 Θεοῦ
2321 1869 2636 1940 Πνεύματος
2658 1869 2800 1940 ξίφει
2837 1871 3098 1942 ἐκκόψας,
3129 1874 3207 1944 τῷ
3241 1875 3482 1945 νοστίμῳ
3513 1876 3615 1944 τῆς

2033 1962 2222 2031 θεῖκῆς
2263 1961 2520 2030 γνώσεως
2561 1963 2718 2016 ἅλατι
2749 1963 2993 2028 άεννάως
3042 1966 3351 2037 ὲπαρτύων,
3413 1967 3474 2019 οὐ
3535 1967 3615 2020 δι-

2033 2053 2378 2124 ελιμπάνετο.
2425 2055 2534 2107 Καὶ
2577 2047 2738 2108 τοῦτο
2790 2055 2962 2109 ἐποίει
3018 2057 3078 2110 οὐ
3135 2057 3294 2127 μόνον
3352 2059 3480 2122 τοῦς
3515 2058 3615 2127 τῆς

2035 2141 2246 2205 οἰκείας
2297 2144 2511 2208 πόλεως
2563 2145 2897 2218 οἰκήτορας,
2933 2145 3068 2200 ἀλλὰ
3117 2148 3212 2202 καὶ
3249 2149 3358 2201 τῶν
3393 2151 3615 2222 πόρρω-

2035 2233 2130 2286 θεν
2161 2235 2262 2306 τὴν
2303 2235 2522 2306 οἴκησιν
2559 2236 2796 2306 ἐχόντων
2827 2253 2842 2270 ο
2885 2237 3027 2291 ὥστε
3055 2237 3146 2292 διά
3177 2241 3359 2309 πάσης
3381 2240 3486 2312 γῆς
3517 2241 3618 2313 τὴν

2037 2328 2229 2398 φήμην
2261 2327 2426 2382 αὐτοῦ
2457 2327 2796 2400 διαδραμεῖν,
2827 2330 2924 2384 καὶ
2951 2330 3173 2384 πάντων
3220 2332 3314 2385 ἐπὶ
3344 2333 3424 2404 τῷ
3467 2332 3618 2404 αὐτῷ

2037 2418 2377 2473 σπευδόντων
2433 2418 2854 2490 προσέρχεσθαι,
2917 2423 3012 2474 καὶ
3069 2422 3196 2486 τοὺς
3256 2423 3618 2494 ὀχλουμένους

2036 2508 2142 2564 ὑπὸ
2171 2509 2500 2580 πνευμάτων
2531 2509 2860 2581 ἀκαθάρτων
2897 2511 3034 2582 πρὸς
3057 2515 3174 2576 τοῖς
3201 2514 3360 2567 ποσὶν
3381 2513 3478 2568 τοῦ
3512 2531 3619 2584 μα·-

2037 2595 2259 2676 καρίου.
2286 2597 2647 2667 προσέφερον.
2700 2598 2762 2650 Οί
2789 2597 2844 2650 δὲ
2871 2598 3140 2666 ὠφελείας
3163 2599 3324 2668 χάριν
3354 2599 3492 2670 πρὸς
3523 2601 3617 2654 τὸν

2039 2686 2311 2756 μακάριον
2345 2687 2728 2758 παρεγένοντο,
2765 2688 2858 2740 καὶ
2889 2689 3092 2753 πάντες
3143 2691 3240 2761 τήν
3286 2691 3452 2762 ρῶσιν
3506 2687 3617 2746 τῶν

2034 2777 2284 2850 ψυχικῶν
2307 2771 2402 2833 κῶ
2429 2779 2760 2849 σωματικῶν
2785 2781 2902 2842 ταῖς
2926 2780 3022 2834 τοῦ
3042 2781 3193 2835 όσίου
3225 2783 3410 2852 εὐχαῖς
3430 2783 3615 2838 οἴκαδε

2036 2870 2408 2940 λαμϐάνοντες
2453 2871 2802 2942 ἐπορεύοντο.
2854 2871 3046 2936 Οὕτως
3102 2873 3195 2926 τοῦ
3245 2866 3518 2946 μακαρίου
3559 2878 3618 2930 ἐν

2037 2964 2160 3025 ταῖς
2204 2961 2446 3024 ἐντολαῖς
2489 2960 2582 3014 τοῦ
2622 2961 2829 3032 Κυρίου
2869 2962 3065 3026 νυκτὸς
3099 2964 3196 3017 καὶ
3224 2964 3440 3036 ἡμέρας
3473 2966 3618 3021 κατά

357 3062 526 3120 gnum
569 3056 792 3118 propter
851 3059 1122 3115 aquarum
1161 3046 1429 3101 decursus
1476 3044 1736 3107 adsitum,
1780 3045 1927 3113 quod

2039 3053 2130 3106 τὸν
2161 3052 2448 3106 θεσπέσιον
2473 3051 2638 3106 Δασὶδ
2659 3053 3096 3126 ἐμμελετῶντος,
3148 3057 3374 3126 γέγονεν
3425 3057 3501 3122 ὡς
3555 3060 3618 3112 τὸ

358 3142 597 3199 fructum
639 3155 800 3194 suum
845 3147 1090 3208 tempore
1131 3137 1386 3208 praebuit,
1417 3137 1733 3208 praebetque
1765 3151 1931 3206 egen—

359 3235 530 3290 tibus.

431 3411 618 3476 XCIII,
665 3411 878 3468 Interea
935 3419 1154 3475 tamen,
1208 3419 1269 3465 ut
1313 3409 1730 3465 multitudinem
1786 3408 1933 3461 illam

359 3503 545 3576 populi
593 3503 943 3558 curationum
977 3516 1146 3556 causa
1183 3500 1540 3572 Agrigentum
1586 3497 1936 3562 conﬂuentis,

361 3606 531 3666 utque
557 3578 1071 3664 Opinionis‘larvam
1104 3609 1169 3649 ac
1192 3607 1387 3646 vanam
1422 3591 1702 3646 hominum
1737 3589 1939 3661 glorio-

363 3689 470 3743 lam
503 3689 726 3748 vitaret,
775 3686 964 3740 ascitis
1003 3685 1108 3741 sibi
1141 3684 1358 3754 aliquot
1397 3698 1429 3738 e
1475 3683 1804 3739 clericorum
1832 3697 1938 3735 nu-

362 3795 516 3834 mero
551 3779 718 3834 sociis
761 3778 960 3847 pietate
989 3777 1376 3846 priestantihus
1401 3813 1416 3838 ,
1451 3774 1707 3845 privatim
1757 3772 1813 3827 in
1843 3772 1938 3826 de-

363 3871 530 3925 sertis
577 3885 641 3924 ae
677 3868 961 3922 montibus
1009 3867 1176 3922 vitam
1214 3865 1327 3921 Deo
1377 3865 1472 3920 uni
1514 3863 1788 3946 addictam
1837 3862 1941 3917 alio

362 3961 603 4031 quandiu
635 3960 882 4032 agitavit.
909 3955 1178 4013 Creterum
1212 3973 1319 4011 non
1347 3957 1476 4012 ideo
1501 3953 1944 4024 sapientissimus

365 4054 448 4106 vir
492 4053 671 4122 gregis
703 4051 786 4104 sui
834 4065 1023 4105 curam
1077 4063 1274 4119 magna
1319 4064 1382 4102 ex
1419 4057 1570 4116 parte
1623 4044 1938 4115 abjiciebat.

364 4143 500 4198 Nam
531 4141 742 4212 Enplus
783 4141 1210 4196 archidiaconus
1253 4151 1378 4194 cum
1413 4137 1644 4192 Erasmo
1689 4135 1942 4191 mandata

368 4233 635 4296 habebat,
699 4239 760 4284 ut
806 4229 1064 4284 Ecclesia:
1119 4228 1354 4298 negotiis
1405 4225 1762 4295 praesiderent
1807 4223 1941 4294 (Ἡ).

368 4325 544 4392 Atque
574 4321 784 4392 Euplus
813 4321 1037 4390 quidem
1069 4320 1256 4390 jussus
1287 4318 1467 4372 fuerat
1500 4315 1678 4370 viduis
1697 4315 1945 4385 pupillis-

2041 3143 2195 3206 ξύλον
2215 3145 2275 3198 τὸ
2301 3145 2708 3214 πεφυτευμένον
2738 3145 2891 3216 παρὰ
2913 3146 3012 3209 τὰς
3051 3147 3316 3213 διεξόδους
3343 3148 3454 3203 τῶν
3491 3151 3619 3204 ὑδά-

2036 3252 2166 3299 των,
2213 3234 2242 3288 ὃ
2270 3234 2363 3288 τὸν
2393 3235 2608 3306 καρπὸν
2632 3235 2798 3288 αὑτοῦ
2828 3237 3090 3306 παρεῖχεν
3116 3238 3238 3290 καθ’
3258 3238 3492 3310 ἡμέραν,
3524 3242 3619 3294 καὶ

2038 3326 2268 3398 παρέχει
2305 3329 2418 3390 τοῖς
2455 3327 2770 3399 χρῄζουσιν.

2107 3419 2222 3486 ιιῐν.
2289 3419 2454 3477 Ἀλλὰ
2494 3421 2589 3474 καὶ
2633 3420 2776 3474 οὕτω
2812 3421 2875 3475 τδ
2927 3421 3136 3490 πλῆθος
3183 3420 3273 3474 τοῦ
3311 3421 3442 3475 λαοῦ
3484 3423 3619 3494 προς

2036 3512 2105 3580 τῇ
2137 3508 2291 3563 πόλει
2313 3506 2432 3563 ’τῶν
2495 3509 2957 3580 Ἀκραγαντίνων,
2999 3511 3164 3581 χάριν
3218 3513 3434 3576 ἰάσεως,
3488 3496 3622 3586 συρ-

2041 3596 2278 3666 ρέοντος,
2312 3596 2498 3665 τὸτῆς
2538 3593 2768 3668 οἰήσεως
2826 3599 3172 3669 προσωπεῖον
3219 3602 3314 3653 καὶ
3358 3600 3420 3652 τὸ
3463 3603 3620 3657 κενὸν

2039 3686 2148 3738 τῶν
2183 3684 2488 3757 ἀνθρώπων
2522 3686 2770 3764 δοξάριον
2805 3689 3115 3758 ἐκφεύγων,
3139 3689 3292 3753 τινὰς
3319 3689 3430 3741 τῶν
3459 3691 3622 3743 εὐλα-

2041 3777 2316 3845 ϐεστέρων
2343 3777 2507 3846 ανξτοῦ
2567 3778 2846 3852 κληρικῶν
2904 3780 3236 3854 παραλαϐὼν
3287 3783 3346 3835 ἐν
3389 3766 3624 3856 ἐρήμοις

2043 3872 2136 3926 καὶ
2170 3870 2356 3942 θρεσιν
2399 3871 2477 3941 τῷ
2521 3872 2642 3944 Θεῷ
2675 3874 2994 3944 καταμόνας
3021 3879 3346 3948 προσομίλει
3379 3881 3437 3933 ἐν
3459 3880 3624 3934 πνεύ·

2045 3983 2177 4036 ματι
2208 3982 2221 3994 ’
2257 3965 2373 4019 ἀλλ’
2410 3967 2521 4019 οὐκ
2552 3967 2792 4038 ἐγύμνου
2835 3967 3030 4020 ἑαυτὸν
3057 3970 3290 4024 ἐπιπολὺ
3363 3973 3464 4042 τῆς
3503 3971 3624 4024 ποί-

2047 4060 2234 4128 μνηςὸ
2258 4059 2554 4127 πάνσοφος.
2589 4055 2801 4112 Εὕπλον
2838 4058 2948 4129 γάρ
2981 4059 3073 4115 τὸν
3115 4060 3494 4132 ἀρχιδιάκονον
3527 4062 3624 4116 σῦν

2057 4147 2315 4218 Ἐράσμῳ
2353 4149 2664 4202 ἐπιστατεῖν
2694 4147 2794 4211 τὰς
2834 4147 3302 4219 ἐκκλησιαστικὰς
3323 4152 3625 4221 διοικήσεις

2045 4238 2350 4292 ἐκέλευσεν.
2397 4239 2506 4292 Kal.
2548 4241 2578 4292 ὁ
2621 4239 2721 4308 μὲν
2767 4235 2978 4304 Εὕπλος
3011 4241 3212 4311 χήραις
3243 4243 3340 4296 καλ⁸
3367 4242 3625 4314 ὀρφανοῖς

2045 4329 2116 4380 τὰ
2152 4327 2289 4398 πρὸς
2318 4327 2416 4398 τὴν
2449 4327 2641 4399 χρείαν
2671 4331 2932 4401 χορηγεῖν
2959 4329 3064 4383 ὑπὸ
3092 4330 3188 4384 τοῦ
3220 4333 3492 4402 μακαρίου
3521 4333 3626 4402 ἀφ-

367 4432 474 4486 que
503 4417 652 4484 large
681 4423 931 4482 sumptus
967 4412 1245 4481 prmbere;
1295 4409 1526 4465 Erasmo
1559 4419 1740 4464 autem
1769 4411 1934 4465 delata

2051 4421 2221 4484 θάνως
2267 4419 2660 4491 προσετάχθη·
2701 4422 2728 4473 ὁ
2771 4419 2827 4472 δὲ
2875 4421 3154 4492 Ἐρασμος
3198 4421 3292 4494 τὸν
3333 4422 3491 4490 λόγον
3525 4424 3622 4496 τῆς

370 4523 500 4561 cura
535 4505 719 4576 populi
748 4503 1034 4558 erudiendi
1075 4511 1126 4557 et
1158 4503 1222 4557 ad
1269 4513 1472 4557 rectam
1513 4503 1820 4557 doctrinam
1857 4501 1944 4556 in-

371 4597 650 4654 stituendi.
689 4595 822 4649 Nam
867 4596 981 4662 ipse
1014 4608 1234 4664 quoque
1263 4595 1484 4665 ingenio
1533 4594 1843 4662 praestabat,
1890 4603 1946 4648 et

373 4708 401 4745 a
459 4698 652 4746 saneto
710 4687 973 4756 Gregorio
1025 4688 1277 4741 excultus
1339 4686 1537 4740 fuerat.
1595 4684 1774 4749 Quare
1821 4701 1944 4739 cum

374 4782 517 4837 beati
551 4781 605 4834 hi
637 4779 739 4833 viri
773 4781 864 4833 ubi
901 4793 1041 4849 opus
1085 4788 1223 4843 erat,
1275 4791 1498 4847 operam
1537 4790 1691 4830 suam
1736 4779 1948 4845 egregie

376 4879 656 4933 navarent,
689 4869 842 4938 copia
874 4871 1036 4924 etiam
1068 4878 1261 4924 sancto
1291 4867 1559 4936 Gregorio
1585 4865 1688 4920 fuit
1715 4865 1946 4934 plurima

374 4982 406 5021 e
437 4963 639 5020 divinis
669 4965 907 5020 oraculis
939 4962 1192 5032 privatim
1227 4959 1533 5030 explicandi
1563 4958 1695 5029 (Ξὸ),
1730 4973 1850 5028 qum
1879 4957 1947 5011 ad

374 5136 595 5198 quenter
629 5124 868 5198 accedat,
905 5137 1158 5194 geratque
1182 5121 1628 5198 sollicitudinem,
1659 5129 1708 5174 et
1739 5121 1948 5198 animos

375 5192 556 5252 eorum
588 5192 950 5249 admonitian
977 5192 1090 5249 sua:
1124 5193 1516 5246 adhortationis
1553 5192 1809 5245 accendat
1837 5207 1854 5244 :
1892 5200 1949 5244 ut

375 5278 574 5337 quanto
608 5281 725 5336 qua:
769 5274 1128 5334 exspectatur,
1158 5261 1766 5337 _eloagaturfestivitas_,
1797 5271 1947 5337 tanto

376 5331 433 5392 ἐε
476 5331 810 5405 prwparare,
861 5331 910 5388 et
971 5351 1086 5390 eam
1133 5331 1400 5388 desiderio
1446 5331 1668 5394 ferventi
1725 5331 1950 5384 debeant

376 5407 655 5462 sustinere.

451 5477 563 5545 (‘2!)
602 5475 656 5528 Id
701 5475 829 5530 olim
876 5475 930 5529 in
987 5474 1224 5545 concilio
1247 5469 1687 5545 _Gartl_iaginensi
1714 5486 1765 5522 iv
1809 5486 1951 5545 prac-

380 5540 654 5617 serip‘tumr
685 5545 860 5600 fuerat
901 5545 1044 5616 (can.
1074 5543 1210 5617 Id);
1243 5540 1310 5596 Ut
1339 5541 1611 5610 episcopus
1659 5557 1762 5594 non
1801 5540 1952 5611 longe

379 5616 447 5670 ab
478 5613 692 5686 ecclesia
726 5613 1068 5686 hospitiolum
1099 5613 1310 5686 habeat.

453 5683 564 5738 ωτι
608 5683 771 5742 Vetus
810 5681 922 5740 hate
965 5698 1185 5744 ououue
1226 5681 1310 5736 lex
1357 5688 1492 5746 erat,
1542 5695 1707 5750 quam
1762 5681 1952 5739 Patres

2047 4513 2283 4575 πίστεως
2311 4511 2646 4580 διαγγέλλειν
2675 4511 2963 4575 τοῖςίλαοῖς
3020 4513 3306 4567 ἐντέταλτο
3329 4530 3344 4546 ο
3373 4510 3467 4584 ’ἦν
3516 4515 3623 4585 γὰρ

2045 4609 2140 4660 καὶ
2177 4607 2338 4669 αὐτὸς
2369 4604 2572 4675 εὐφυὴς
2609 4604 2702 4658 καὶ
2739 4604 3169 4674 πεπαιδευμένος
3212 4606 3277 4658 ὲκ
3314 4603 3411 4658 τοῦ
3466 4605 3624 4674 ἁγίου

2047 4699 2373 4771 Γρηγορίου.
2417 4696 2605 4762 Οὕτως
2637 4689 2732 4748 οὕν
2769 4694 2877 4748 τῶν
2920 4695 3206 4768 μακαρίων
3236 4697 3624 4767 ἐπαρκούντων

2047 4791 2114 4844 τὰ
2144 4789 2283 4859 πρὸς
2317 4787 2418 4858 τήν
2441 4786 2652 4858 χρείαν,
2688 4789 2716 4838 ό
2751 4785 2908 4854 ὅεγιος
2944 4787 3247 4858 Γρηγόριος
3287 4788 3358 4840 τὰ
3398 4787 3625 4840 πλεῖστα

2047 4882 2115 4934 δι’
2145 4879 2343 4935 ἐαυτοῦ
2398 4874 2914 4951 παρρησιαζόμενος
2934 4877 3004 4930 τὰ
3031 4877 3167 4948 πρὸς
3193 4879 3469 4949 σωτηρίαν
3503 4894 3628 4932 συν-

2047 4970 2295 5024 τείνοντα
2324 4969 2613 5022 ὑπετίθετο
2639 4967 2819 5037 λόγια.
2843 4967 3032 5021 Πολλά
3052 4967 3108 5022 δέ
3157 4971 3360 5038 σημεῖα
3391 4969 3486 5022 ἐπὶ
3517 4969 3626 5023 τῶν

2051 5127 2269 5186 concilii
2298 5125 2772 5198 Carthaginiensis
2803 5141 2857 5198 tv
2886 5135 3190 5198 sanxerant
3215 5126 3484 5198 (can.AI7)
3513 5145 3527 5180 :
3556 5125 3625 5180 Ut

2051 5199 2324 5267 episcop‘us
2347 5195 2777 5266 guberuationem
2808 5197 3102 5267 viduarum,
3123 5207 3173 5250 et
3211 5196 3534 5267 pupillorum
3565 5213 3629 5251 ac

2050 5265 2448 5339 peregrinorum
2473 5283 2577 5320 non
2607 5265 2979 5339 pergseipsum,
3015 5266 3104 5319 sed
3137 5283 3228 5336 per
3261 5266 3626 5336 archipresby-

2053 5336 2225 5393 terum
2263 5345 2356 5390 aut
2387 5353 2480 5406 per
2513 5336 2949 5390 archidiacouum
2984 5347 3134 5406 agat.

2123 5409 2236 5478 (93)
2278 5408 2362 5461 Er
2381 5409 2484 5461 hoc
2519 5407 2806 5478 locoAsatis
2838 5415 3094 5478 constare
3127 5406 3364 5478 videtur,
3392 5419 3502 5474 quo
3518 5419 3628 5478 po-

2053 5473 2330 5533 tissimum
2357 5485 2599 5546 tempore
2623 5473 2922 5546 Gregorius
2944 5485 3130 5546 noster
3153 5475 3625 5546 Commentarium

2054 5549 2107 5602 in
2138 5544 2503 5618 Ecclesiasten
2534 5544 2948 5618 conscripserit.
2982 5545 3098 5612 Qua
3137 5545 3205 5601 de
3239 5561 3300 5600 re
3327 5544 3488 5600 nobis
3518 5544 3628 5599 alio

2053 5620 2176 5675 loco
2203 5616 2495 5673 dicendum
2525 5625 2629 5673 est.
