4054 6204
435 305 543 370 ’155

1563 318 1623 378 S.
1652 320 2026 381 GREGORII
2065 325 2576 387 AGRIGENTINI
3600 325 3672 386 75

437 415 663 472 humilis
677 416 758 480 ﬁt,
785 419 990 490 quique
1015 421 1080 475 ad
1105 421 1349 479 cmlestia
1376 427 1794 496 contemplanda
1823 438 2010 494 natus,

2125 433 2321 504 ὑψηλὸς
2359 434 2568 503 γίνεται
2608 433 2887 500 ταπεινός,
2939 432 3032 488 καὶ
3085 433 3114 486 ὁ
3169 431 3237 488 τὰ
3283 431 3398 487 ἀνω
3437 433 3706 504 πεφυκὼς

437 506 695 563 inferiora
723 509 897 564 inhiat
917 509 1242 583 insipienter
1273 531 1287 568 :
1318 523 1430 570 tum
1459 517 1555 588 qui
1591 519 1646 583 in
1677 519 1885 575 honore
1919 521 2015 576 ha-

437 601 687 668 bebatur,
743 602 1090 673 stupidarum
1131 607 1402 677 pecudum
1433 610 1854 668 similitudinem
1891 630 2015 685 spe-

435 696 688 765 ciemque
723 697 898 770 gerit;
931 701 1108 768 ει,αυὶ
1143 703 1290 773 regia
1323 704 1586 776 dignitate
1627 719 1826 766 auctus
1865 712 2015 780 priué

433 786 606 855 cipari
629 797 896 858 cmperat,
929 793 1335 862 mancipiorum
1357 811 1523 866 prope
1554 799 1663 866 ritu
1694 801 2015 857 servitutem

436 879 606 934 servit
630 880 900 953 inglorius
941 900 954 936 :
993 883 1098 954 ιο
1147 885 1242 954 qui
1297 887 1531 959 denique
1585 891 2020 952 immortalitatis

441 971 714 1043 particeps
761 985 1209 1032 ornamentorum
1261 979 1670 1048 pulchritudine
1716 986 2016 1052 renitebat,

441 1067 602 1149 morti
624 1068 736 1138 jam
769 1078 824 1124 et
851 1073 1193 1142 corruptioni
1231 1077 1428 1130 merito
1469 1078 1724 1148 addictus
1751 1090 1855 1136 est.
1879 1079 2014 1136 Nam

439 1168 644 1215 :eterna
669 1163 889 1232 quidem
917 1179 1244 1236 semperque
1278 1184 1536 1224 mansura
1565 1179 1624 1224 ut
1652 1180 1864 1237 teneas,
1892 1175 2018 1228 nul-

439 1252 549 1306 lam
581 1253 808 1310 omnino
830 1271 1052 1326 operam
1086 1271 1312 1329 ponere,
1365 1276 1545 1332 neque
1595 1263 1708 1319 ullo
1748 1265 2018 1319 bonorum

439 1344 754 1400 divinorum
802 1347 1080 1405 desiderio
1133 1351 1382 1419 moveri;
1439 1361 1606 1423 atque
1667 1354 1806 1410 adeo
1875 1357 2019 1414 nihil

441 1436 704 1494 adeunda:
749 1439 804 1492 in
835 1440 992 1496 caelis
1025 1441 1362 1498 haereditatis
1406 1445 1674 1514 promissa
1709 1446 2019 1514 attendere,

443 1545 726 1600 nunquam
758 1532 825 1588 ad
862 1532 1226 1590 immortalem
1258 1536 1406 1590 illam
1437 1546 1492 1592 et
1520 1539 1732 1593 beatam
1787 1540 2018 1610 gloriam

443 1617 796 1690 laetitiamque
819 1623 1066 1694 aspirare
1093 1633 1187 1680 aut
1215 1625 1328 1680 ullo
1372 1627 1664 1685 iueﬂ‘abilis
1699 1631 2019 1702 angelorum

441 1708 624 1778 gaudii
673 1726 859 1768 amore
911 1715 1136 1770 accendi
1171 1733 1186 1768 :
1220 1729 1525 1788 contraque
1559 1720 1792 1791 gloriam
1851 1722 2014 1786 hanc,

2119 525 2361 596 βλέπειν,
2387 525 2524 599 πρὸς
2549 526 2618 579 τὰ
2652 526 2802 580 κάτω
2825 528 3025 597 κέχηνε
3052 525 3451 598 παραφρόνως,
3480 525 3575 579 καὶ
3599 527 3630 578 6
3647 527 3707 580 ἐν

2116 619 2248 688 τιμῇ
2275 615 2372 683 ὢν,
2406 615 2872 688 παρασυνεδλήθη
2902 619 3018 681 τοῖς
3050 618 3279 687 κτήνεσι
3309 619 3429 679 τοῖς
3455 617 3708 689 ἀνοήτοις

2118 710 2214 761 καὶ
2246 705 2505 778 ὡμοιώθη
2539 709 2726 771 αὐτοῖς
2751 724 2766 738 ·
2807 708 2902 762 καὶ
2929 709 2962 762 6
2986 708 3172 778 ἄρχων
3201 707 3299 760 καλ⁵
3325 705 3582 778 βασιλεὺς
3607 723 3706 760 τε-

2116 799 2416 870 ταγμένος,
2457 799 2661 870 ἀκλεὴς
2692 797 2924 870 εὓρηται
2957 798 3361 870 παραπλησίως
3409 803 3526 863 τοῖς
3579 797 3708 852 δού-

2117 891 2230 955 λοις
2257 907 2274 922 ο
2305 891 2402 944 καὶ
2449 891 2478 944 ό
2502 892 2600 962 τῆς
2629 890 2930 954 ἀθανασίας
2960 889 3410 960 καθωραῖσμένος
3445 890 3544 944 καί
3583 891 3706 944 61a.-

2119 985 2347 1056 πρέπων
2377 985 2492 1048 τοῖς
2523 983 2768 1048 κάλλεσι,
2799 980 2879 1052 τῷ
2901 981 3122 1052 Θανάτῳ
3151 982 3246 1035 καὶ
3299 983 3368 1052 τῇ
3396 981 3575 1053 φθορᾷ
3623 981 3706 1035 διο

2119 1078 2291 1141 καίως
2323 1076 2820 1146 καθυποκείμενος.
2861 1073 2936 1128 Τὸ
2972 1072 3080 1144 γὰρ
3113 1071 3382 1144 μηδαμῶς
3435 1072 3573 1143 πρὸς
3603 1076 3712 1143 τὴν

2117 1169 2227 1224 τῶν
2257 1169 2498 1224 αἰωνίων
2530 1167 2624 1222 καὶ
2653 1165 3018 1236 διαμενόντων
3043 1163 3132 1218 ἀεὶ
3165 1163 3361 1233 κτῆσιν
3388 1164 3600 1234 ἀφορᾷν
3643 1164 3710 1216 τδ

2122 1261 2408 1332 παράπαν,
2444 1262 2582 1331 μήτε
2615 1259 2722 1330 μὴν
2753 1257 2860 1311 τῶν
2917 1255 3080 1310 θείων
3135 1253 3358 1324 ἀγαθῶν
3417 1253 3566 1324 ἐχειν
3605 1254 3706 1326 τὴν

2121 1346 2541 1420 ἐπηγγελμένην
2569 1345 2936 1418 κληρονομίαν
2965 1344 3024 1397 ἐν
3070 1345 3184 1408 τοῖς
3221 1343 3475 1414 οὐρανοῖς
3497 1359 3513 1374 ·
3569 1343 3710 1413 μηδὲ

2122 1439 2261 1511 πρὸς
2289 1439 2388 1510 τὴν
2415 1439 2694 1511 ἀκήρατον
2733 1437 2828 1491 καὶ
2873 1435 3151 1508 μακαρίαν
3199 1435 3418 1506 ἐκείνην
3467 1435 3711 1488 ἀναπτε-

2126 1525 2350 1594 ροῦσθαι
2374 1525 2532 1590 δόξαν
2570 1525 2664 1579 καὶ
2693 1525 2977 1596 χαρμονήν
3001 1539 3016 1554 ⁸
3051 1525 3192 1595 μήτε
3243 1524 3352 1596 μὴν
3405 1523 3708 1594 πυρπολεῖ-

2123 1617 2358 1686 σθαιτῷ
2429 1617 2598 1690 ἔρωτι
2621 1617 2722 1689 τῆς
2771 1619 3012 1690 ἀρρήτου
3068 1616 3180 1670 τῶν
3238 1617 3412 1685 ἁγίων
3457 1616 3709 1686 ἀγγέλων

2124 1711 2497 1780 ἀγαλλιάσεως
2536 1729 2550 1743 °
2587 1711 2704 1766 ἀλλ’
2731 1710 2966 1782 ἔμπαλιν
2996 1710 3097 1778 τὴν
3129 1708 3484 1764 ἁπανθοῦσαν
3543 1709 3712 1774 δόξαν

441 1817 551 1855 non
581 1818 741 1859 secus
769 1819 833 1860 ac
883 1821 1082 1866 vernos
1130 1806 1294 1864 ﬂores
1339 1809 1816 1880 deﬂorescentem,
1866 1815 2017 1868 omni

2125 1801 2216 1856 ῐσα
2247 1803 2342 1856 καί
2365 1804 2477 1866 τοῖς
2507 1804 2747 1872 ἐαρινοῖς
2779 1800 3000 1856 ἄνθεσιν
3031 1800 3308 1872 ἐπιμελῶς
3337 1800 3579 1868 διώκειν,
3611 1801 3712 1854 καὶ

442 1894 624 1950 studio
653 1898 944 1967 persequi;
980 1907 1034 1953 et
1063 1910 1330 1970 quantum
1363 1902 1610 1958 adhiberi
1639 1919 1786 1960 cura:
1815 1913 2018 1975 potest,

441 1997 654 2043 tantum
709 1989 776 2045 ad
805 1990 1028 2046 divitias
1062 1991 1299 2062 injustas
1347 1995 1845 2068 corruptibilesque
1891 2012 2022 2054 coa-

439 2082 742 2140 cervandas
766 2083 1039 2150 conferre,
1076 2095 1238 2157 atque
1293 2090 1361 2142 ad
1415 2097 1661 2159 quastus
1711 2105 1809 2160 per
1838 2088 1944 2144 vim
1967 2103 2023 2146 et

440 2178 663 2248 rapinas
692 2180 977 2252 augendos
1007 2182 1310 2253 tyrannica:
1359 2185 1649 2254 potestatis
1704 2183 1894 2241 furore
1937 2185 2023 2240 in-

440 2269 732 2338 ﬂammari,
793 2270 928 2327 falsa
966 2274 1126 2329 simul
1158 2284 1471 2342 contexere,
1505 2275 1814 2332 calumnias
1867 2260 2022 2332 men-

439 2362 716 2432 dacesque
745 2365 1130 2420 accusationes
1158 2367 1343 2421 venari
1382 2384 1396 2420 :
1435 2365 1550 2422 tum
1591 2369 2018 2423 comessationi-

440 2453 545 2506 bus
574 2453 928 2524 crapulisque
977 2455 1046 2511 ad
1074 2457 1394 2512 ebrietatem
1425 2473 1601 2528 usque
1652 2466 1798 2514 totos
1832 2475 1892 2515 se
1921 2459 2020 2514 de-

439 2538 590 2608 dere,
625 2549 680 2597 et
701 2559 824 2614 quae
851 2545 955 2600 ista
985 2545 1238 2601 comitari
1293 2546 1494 2610 solent,
1549 2547 1604 2602 in
1656 2548 2020 2604 exsecrandis

439 2632 820 2703 voluptatibus
850 2645 1014 2707 atque
1050 2637 1107 2691 in
1137 2637 1288 2691 omni
1319 2637 1608 2692 libidinum
1642 2652 1840 2708 genere
1859 2637 2020 2692 volu-

440 2725 545 2780 tari
570 2741 586 2790 ;
611 2736 852 2796 quantae,
883 2729 1388 2797 quaeso,_vanitatis
1417 2730 1502 2785 vel
1532 2730 1750 2802 singula
1789 2745 2024 2802 qumque

441 2835 563 2876 esse
601 2821 989 2892 reperiuntur?
1020 2823 1215 2893 quidni
1253 2823 1418 2894 igitur
1448 2823 1566 2880 haec
1607 2823 1793 2880 omnia
1837 2833 1891 2880 et
1922 2825 2024 2881 ho-

440 2926 566 2966 rum
598 2911 802 2967 similia
850 2912 1068 2968 vanitas
1095 2913 1401 2970 vanitatum
1431 2913 1565 2979 sint,
1593 2913 1711 2969 sive
1737 2921 1797 2967 ut
1830 2911 2026 2969 Eccle-

440 3001 644 3058 siastes
704 3003 899 3058 iterata
967 3004 1333 3074 appellatione
1393 3003 1702 3074 signiﬁcare
1756 3004 2024 3062 intentius

2123 1893 2288 1948 παντί
2321 1892 2498 1947 σθένει
2533 1892 2786 1948 σπεύδειν
2827 1893 2964 1965 πρὸς
2989 1892 3182 1946 ἀδίκου
3221 1893 3316 1946 καὶ
3343 1891 3710 1962 φθειρομένου

2122 1983 2356 2039 πλούτου
2391 1984 2758 2054 συνὰθροισιν,
2791 1985 2886 2038 καὶ
2917 1983 3226 2054 μεμηνέναι
3271 1982 3409 2052 πρὸς
3446 1999 3704 2054 τυραννι-

2122 2073 2224 2144 κὴν
2248 2071 2716 2126 καταδυναστείαν
2741 2072 2835 2124 καὶ
2860 2071 2970 2124 τῶν
2995 2067 3356 2140 ἁρπακτικῶν
3385 2072 3482 2124 καὶ
3512 2069 3708 2124 πλεον-

2123 2161 2360 2218 εκτικῶν
2423 2161 2587 2234 δῆθεν
2631 2159 2846 2232 κερδῶν.
2887 2159 2986 2232 τὴν
3046 2159 3232 2214 ἄδικον
3281 2158 3512 2231 αὔξησιν
3539 2177 3554 2191 ο
3611 2160 3712 2214 καὶ

2121 2255 2294 2327 ψεύδη
2327 2255 2619 2329 ῥαψῳδεῖν,
2652 2253 2750 2308 καὶ
2775 2251 3028 2316 διαϐολὰς
3062 2251 3158 2305 καὶ
3189 2253 3558 2322 συκοφαντίας
3608 2253 3708 2323 θηο

2125 2348 2308 2421 ρεύειν
2343 2364 2356 2377 ·
2394 2347 2490 2402 καί
2522 2346 2806 2418 σχολάζειν
2836 2346 2894 2397 ὲν
2919 2343 3284 2416 ἁδδηφαγίαις
3311 2345 3408 2400 καὶ
3459 2347 3704 2418 κραιπὰ-

2123 2439 2247 2502 λαις
2275 2439 2368 2492 καὶ
2415 2437 2629 2508 μέθαις,
2664 2437 2760 2490 καὶ
2792 2435 3018 2499 ταύταις
3068 2434 3386 2502 ἀκολούθως
3446 2437 3705 2504 ἐγκαλιν-

2123 2530 2330 2584 δεῖσθαι
2357 2531 2476 2594 ταῖς
2507 2529 2798 2600 σαρκικαῖς
2831 2529 2928 2583 καὶ
2959 2527 3284 2600 βδελυκταῖς
3311 2529 3528 2600 ἡδοναῖς
3548 2545 3564 2560 ·
3597 2530 3702 2582 πό-

2127 2639 2229 2692 σης
2253 2621 2354 2694 οὐκ
2377 2620 2442 2673 ἂν
2473 2620 2557 2691 εῖη
2594 2619 2752 2673 τοῦτο
2781 2619 3012 2674 ἕκαστον
3048 2621 3450 2690 ματαιότητος;
3507 2621 3710 2691 μᾶλλον

2124 2713 2183 2768 δέ
2211 2711 2328 2776 πῶς
2346 2712 2472 2783 οὐχὶ
2502 2711 2672 2766 ταῦτα
2697 2712 2876 2766 πάντα
2909 2711 3004 2766 καὶ
3037 2712 3106 2766 τὰ
3154 2711 3519 2784 παραπλήσια
3580 2711 3706 2767 τού-

2125 2821 2239 2868 τοις
2267 2803 2564 2875 ματαιότης
2594 2803 2976 2874 ματαιοτήτων
3001 2805 3109 2859 εἰσί
3135 2822 3151 2873 ;
3188 2805 3268 2876 τῷ
3311 2805 3706 2860 ἀναδιπλασιαο

2127 2894 2250 2966 σμῷ
2278 2897 2378 2966 τῆς
2409 2893 2608 2960 λέξεως
2643 2895 2929 2960 ποιοῦντος
2948 2895 3044 2951 τοῦ
3107 2896 3542 2968 Ἐκκλησιαστοῦ
3601 2898 3707 2969 τὴν

2126 2984 2395 3057 ὑπόληψιν
2429 2984 2530 3056 τῆς
2565 2984 2926 3056 ματαιότητος
2953 2985 3444 3058 ἐπιτατικωτέραν.
3491 2986 3710 3057 ’Δμέλει

438 3093 637 3159 voluit,
689 3109 907 3151 summa
956 3073 1172 3152 vanitas
1223 3095 1384 3168 (20)?
1433 3073 1614 3168 Atque
1669 3097 1839 3161 idem,
1891 3099 2020 3169 quia

2125 3074 2306 3129 τοίνυν
2335 3074 2411 3140 ὡς
2439 3075 2576 3148 πρὸς
2605 3074 2758 3129 ούδέν
2791 3073 2966 3147 πέρας
2993 3075 3318 3148 ὀνησιφόρον
3361 3075 3711 3145 ἀφικομένων

442 3183 694 3249 homines
727 3185 820 3255 qui
851 3185 1094 3242 studium
1134 3151 1437 3256 curattiqtte
1471 3151 1628 3242 suam
1663 3189 1716 3242 in
1747 3151 2020 3257 ejusmodi

2126 3167 2237 3222 τῶν
2265 3169 2325 3220 ἐν
2368 3173 2480 3232 τοῖς
2528 3166 2848 3240 εἰρημένοις
2881 3167 3304 3240 ἀσχολουμένων
3331 3167 3556 3240 ἀμέσως
3605 3168 3714 3221 ἐπ-

442 3273 607 3330 rebus
627 3283 860 3344 ponunt,
892 3275 960 3330 ad
983 3290 1108 3330 eum
1132 3275 1363 3330 tendunt
1408 3275 1594 3343 linem,
1641 3277 1694 3331 in
1729 3292 1840 3347 quo
1870 3276 2022 3332 nulla

444 3364 654 3422 utilitas
687 3367 781 3431 sit,
807 3365 1012 3422 ideirco
1035 3367 1236 3438 adjecit
1265 3369 1448 3422 statim
1473 3385 1486 3418 :

2128 3262 2344 3332 ἤγαγε·

2011 3463 2148 3536 gtu.

523 3579 670 3634 Vens
699 3579 752 3633 3.
787 3575 932 3642 Quid
962 3575 1114 3630 habet
1140 3575 1367 3643 antplias
1400 3575 1554 3628 homo
1583 3575 1646 3629 dc
1677 3577 1920 3630 universo
1947 3576 2023 3629 la.-

447 3671 570 3728 bore
597 3687 715 3736 suo,
743 3685 846 3740 quo
886 3667 1096 3722 laborat
1127 3670 1222 3723 sub
1257 3667 1411 3722 cole?

518 3757 579 3814 ld
611 3767 714 3823 est,
741 3758 1052 3814 edisseram
1080 3772 1233 3822 vero,
1273 3755 1492 3827 qualem
1525 3757 1632 3812 sibi
1673 3757 1964 3812 utilitatem
1990 3755 2028 3814 ii

450 3856 790 3918 comparent,
825 3851 917 3917 qui
943 3849 1108 3906 rebus
1143 3849 1243 3920 ιι
1275 3848 1489 3904 inhiant
1543 3849 1931 3919 praesentibus,
1976 3858 2034 3904 et

448 3942 639 3997 breves
669 3941 920 4011 corporis
956 3941 1268 4012 voluptates
1297 3947 1352 3995 et
1381 3940 1615 3998 delicias
1649 3951 1703 3998 et
1734 3941 2032 4012 populares

447 4047 612 4088 auras
666 4031 919 4088 studiose
971 4043 1360 4090 consectantur
1401 4050 1570 4105 :quae
1613 4050 1812 4105 nempe
1869 4051 2030 4106 aqua

445 4124 640 4189 instar,
667 4139 789 4192 quae
809 4139 906 4194 per
926 4124 1134 4180 declive
1157 4124 1385 4191 feratur,
1420 4133 1516 4180 aut
1539 4127 1682 4181 roris
1715 4125 2028 4181 matutina:-

444 4229 554 4286 que
579 4215 790 4270 nebulae
821 4230 993 4282 more,
1027 4216 1139 4272 cito
1189 4215 1530 4287 dispereunt.
1570 4218 1674 4275 Ubi
1729 4219 1874 4274 enim
1905 4234 2030 4274 cra-

448 4304 598 4361 tinus
626 4305 870 4362 illuxerit
899 4307 1036 4372 dies,
1071 4323 1241 4378 quam
1267 4309 1347 4364 illi
1383 4309 1547 4364 hodie
1575 4310 1795 4366 honesti
1831 4326 2028 4381 exper-

449 4404 532 4451 tes
555 4394 889 4464 voluptatem
912 4398 1325 4469 nequltiamque
1355 4399 1592 4469 amplexi
1616 4410 1765 4466 sunt,
1797 4403 2026 4456 minime

447 4488 561 4557 jam
592 4497 936 4544 constantem
969 4491 1273 4558 inveniant,
1301 4499 1355 4546 et
1380 4491 1565 4548 inania
1587 4505 1684 4548 eos
1702 4502 1867 4564 atque
1884 4510 2024 4550 vana

443 4588 767 4646 persecutos
795 4595 940 4648 esse,
957 4581 1410 4640 manifestissime
1431 4593 1710 4654 appareat.
1734 4584 2024 4656 Propterea

443 4675 547 4729 hos
591 4671 742 4744 ipsos
792 4675 963 4731 Amos
1026 4691 1246 4746 quoque
1280 4677 1500 4732 divinus
1528 4679 1795 4748 propheta
1829 4677 2023 4748 objur-

445 4779 582 4834 gans
604 4780 1006 4837 accnsaosque,
1045 4785 1064 4816 ι
1103 4765 1281 4831 Stare,
1328 4765 1527 4832 inquit,
1563 4767 1667 4822 sibi
1721 4767 2019 4832 tinxerunt,

2213 3577 2307 3640 Τίς
2330 3575 2648 3642 aspicerem
2678 3572 2758 3638 τῷ
2777 3573 3066 3642 ἀνθρώπῳ
3097 3573 3168 3627 ἐγ
3189 3571 3372 3626 παντί
3384 3571 3593 3641 μόχθῳ
3611 3574 3722 3628 αὑ-

2137 3666 2268 3729 τοῦ,
2301 3665 2345 3731 ᾦ
2381 3667 2604 3738 μοχθεῖ
2627 3668 2748 3724 ὑπὸ
2781 3667 2888 3722 τὸν
2931 3666 3147 3733 miror;

2213 3757 2359 3811 ’Δντὶ
2373 3757 2490 3821 τοῦ,
2519 3759 2688 3812 Ποίαν
2713 3757 2845 3828 γὰρ,
2867 3759 3204 3822 εἰπάτωσαν,
3233 3755 3550 3826 πορίζονται
3564 3753 3726 3808 λυσιο

2135 3850 2348 3906 τέλειον
2372 3851 2422 3903 οἰ
2448 3852 2742 3923 κεχηνότες
2774 3851 2909 3922 πρὸς
2938 3852 3006 3904 τὰ
3029 3849 3294 3922 παρόντα,
3325 3850 3421 3903 καί
3445 3849 3546 3912 τὰς
3580 3865 3722 3920 σαρα-

2135 3941 2300 4006 κικὰς
2333 3943 2428 3996 καὶ
2456 3943 2825 4014 προσκαίρους
2856 3941 3049 4014 ἡδονὰς
3077 3943 3172 3996 καλ⁸
3190 3942 3404 4014 τρυφὰς
3435 3942 3533 3995 καὶ
3556 3937 3720 4006 δόξας

2134 4032 2281 4104 ἐχειν
2315 4035 2734 4098 ἐσπουδακότες,
2765 4033 2962 4088 θᾶττον
2992 4035 3176 4088 αὐτῶν
3205 4035 3586 4106 ἀποιχομένων
3627 4033 3719 4087 δί-

2133 4146 2240 4200 κην
2281 4129 2475 4194 ὓδατος
2507 4129 2602 4184 ἐπὶ
2634 4131 2694 4184 τὸ
2725 4129 2932 4202 πρανὲς
2989 4130 3314 4202 φερομένου,
3370 4129 3466 4183 καί
3519 4129 3718 4201 δρόσου

2132 4222 2226 4276 καὶ
2255 4222 2483 4292 νεφέλης
2510 4221 2738 4293 ἑωθινῆς
2761 4239 2776 4254 ·
2813 4222 3018 4292 ἥκιστα
3043 4221 3154 4293 γὰρ
3183 4220 3588 4292 εὑρισκομένης
3628 4221 3716 4284 είς

2131 4313 2230 4384 τὴν
2273 4312 2461 4384 αῠριον
2485 4313 2586 4384 τῆς
2617 4312 2932 4384 προσούσης
2966 4315 3080 4376 τοῖς
3113 4311 3505 4384 ἁπειροκὰλοις
3533 4312 3712 4382 σημε-

2135 4421 2229 4477 ρον
2265 4404 2562 4468 εὐπαθείας
2593 4405 2689 4458 καὶ
2722 4404 3050 4477 μοχθηρίας,
3085 4403 3222 4457 κενὰ
3248 4402 3556 4456 δείκνυνται
3617 4403 3712 4455 καὶ

2134 4497 2340 4568 μάταια
2366 4496 2646 4560 παντελῶς
2684 4495 3033 4568 δεδρακότες.
3078 4495 3176 4549 Διά
3211 4494 3370 4548 τοῦτο
3419 4511 3710 4565 καταμεμο

2133 4585 2370 4656 φόμενος
2397 4587 2491 4639 καί⁸
2519 4585 2845 4656 κατηγορῶν
2892 4585 3002 4638 τῶν
3032 4585 3292 4639 τοιούτων
3346 4584 3484 4654 φησὶ
3543 4582 3636 4637 καὶ
3681 4584 3711 4636 ό

2129 4676 2417 4741 θεσπέσιος
2444 4680 2726 4751 προφήτης
2770 4675 2950 4748 ’Δμώς
2973 4693 2988 4707 ⁶
3045 4697 3066 4730 ι
3113 4677 3200 4740 Ὧς
3269 4675 3481 4730 ἑστῶτα
3540 4674 3712 4743 ἐλυγίο

2133 4783 2313 4835 σαντο,
2347 4770 2438 4822 καὶ
2485 4768 2583 4839 ούχ
2633 4767 2708 4829 ὡς
2740 4767 3038 4838 φεύγοντα,
3075 4786 3095 4820 ι
3128 4767 3228 4838 τὴν
3277 4767 3568 4835 ὠκυτάτην
3610 4781 3708 4818 παι

445 4871 570 4926 ιιυιε
621 4857 870 4928 fugerent
931 4858 1081 4931 (2|),
1128 4877 1146 4912 ι
1212 4859 1563 4914 velocissimo
1613 4859 1806 4930 utique
1855 4876 2018 4916 cursu

2131 4859 2404 4932 ραδρομὴν
2435 4859 2529 4914 καὶ
2552 4859 2882 4930 παρέλευσιν
2907 4858 3017 4912 τῶν
3039 4859 3337 4928 αἰσχίστων
3361 4857 3463 4928 τῆς
3479 4855 3704 4926 ἀτιμίας
3725 4885 3739 4898 -

520 4968 635 5037 (‘20)
664 4968 738 5024 De
767 4971 872 5024 ista
907 4972 1152 5042 ejusdem
1209 4971 1459 5028 vocabuli
1524 4971 1818 5028 iteratione
1855 4974 2024 5028 multa

444 5037 748 5108 Nyssenus,
781 5041 874 5110 (ιυί
892 5037 953 5095 et
987 5059 1193 5097 morem
1220 5058 1501 5098 sacrarum
1538 5043 1866 5098 Litterarum
1902 5059 2025 5097 esse

447 5110 709 5183 ostendit,
741 5122 800 5163 nt
831 5127 955 5178 quae
994 5113 1215 5168 inodum
1275 5113 1569 5177 excedunt,
1623 5128 1720 5183 per
1753 5114 2021 5183 ejusmodi

441 5179 870 5252 duplicationem
903 5183 1212 5250 signiﬁcent
1244 5202 1257 5237 :
1286 5183 1463 5245 Οὕτω,
1522 5179 1716 5252 inquit,
1749 5179 1843 5236 καὶ
1865 5182 2022 5251 ἁγιόν

439 5267 496 5321 τι
523 5248 678 5321 παρά
707 5253 770 5320 τῇ
790 5248 978 5321 Γραφῇ
998 5252 1234 5320 λέγεται·
1251 5257 1344 5306 καὶ
1360 5253 1524 5306 πάλιν
1541 5248 1696 5320 ἅγιον
1729 5248 1924 5320 ἁγίων,
1944 5253 2022 5316 ὡς

442 5320 656 5394 (τῳ-τῷ
680 5321 864 5394 μέτρῳ
895 5320 991 5394 τοῦ
1017 5339 1076 5376 τε
1109 5323 1168 5394 ἐξ
1199 5323 1356 5394 ἁγίου
1373 5325 1434 5394 τὸ
1455 5324 1630 5390 ἁγιον,
1652 5324 1690 5394 κύ
1704 5323 1932 5394 περέχον
1961 5325 2021 5394 ἐν

441 5391 718 5462 ἁγιότητι,
739 5391 1043 5448 καὶίτούτου
1062 5392 1223 5446 πάλιν
1240 5393 1300 5447 τὸ
1321 5393 1430 5446 τῶν
1451 5395 1623 5462 ἁγίων
1646 5391 1799 5460 ἅγιον
1816 5391 1876 5445 τδ
1897 5393 2026 5446 καθ*

441 5460 737 5535 ύπέρθεσεν
765 5463 822 5516 ἐν
843 5462 1108 5535 ἁγιασμῷΔ
1131 5460 1571 5535 θεωρούμενον...
1611 5463 1757 5530 λέγει
1791 5465 1900 5535 γὰρ
1922 5465 1984 5535 οὐ

447 5483 737 5530 υπερυεσιν
765 5483 822 5516 εν
843 5483 1102 5532 αγιασμῳ
1131 5483 1571 5533 υεωρουμενον...
1612 5483 1757 5530 Αεγει
1791 5483 1900 5535 γαρ
1922 5483 1984 5518 ου

447 5530 635 5604 ἁπλῶς
665 5527 803 5604 εἶναι
847 5535 1056 5602 μάταια
1095 5533 1154 5585 ἐν
1197 5536 1308 5596 τοῖς
1359 5531 1478 5588 οὖσι
1528 5536 1850 5604 φαινόμενα,
1883 5483 2022 5588 an}

445 5601 568 5677 καθ’
599 5601 1048 5677 ύπέρθεσίνᾷτιναᾼ
1071 5603 1177 5677 τῆς
1203 5606 1344 5677 κατά
1379 5605 1438 5677 τό
1484 5601 1711 5677 μάταιον
1743 5605 2020 5677 σημασίας

445 5667 584 5746 εἰναι
607 5667 828 5746 totatuta
848 5690 863 5706 ·
888 5675 971 5746 ὡς
995 5667 1146 5738 εῐτις
1165 5673 1315 5742 λέγοι
1341 5674 1435 5728 τοῦ
1473 5667 1670 5746 νεκροῦ
1698 5667 2018 5746 νεκρότερον

445 5740 541 5792 καὶ
563 5739 896 5816 τοῦΑᾴψύχου
913 5739 1265 5816 ἀψυχότερον.
1300 5746 1350 5800 Id
1385 5756 1492 5808 est,
1543 5745 1629 5798 Ita
1666 5739 1824 5798 etiarn
1886 5739 2013 5799 san-

451 5817 590 5862 ctum
625 5812 827 5880 aliquid
857 5812 1234 5872 dicitursac'ris
1267 5821 1318 5872 in
1333 5816 1570 5882 Litteris,
1602 5827 1648 5870 et
1679 5833 1861 5870 rursus
1890 5831 2014 5869 sau-

2129 4979 2271 5024 ctum
2307 4978 2635 5031 sanctorum,
2670 4968 2803 5021 adeo
2824 4977 2882 5020 ut
2917 4969 3038 5035 pari
3091 4983 3338 5021 mensura
3375 4973 3426 5020 et
3458 4975 3702 5020 sanctum

2126 5049 2333 5110 superet
2364 5039 2646 5108 profanum
2689 5040 2739 5092 in
2772 5039 3077 5110 sanctitate,
3117 5047 3167 5090 et
3210 5037 3306 5110 bac
3358 5037 3548 5110 iterant
3581 5054 3703 5091 san-

2127 5107 2270 5164 ctam
2294 5107 2625 5167 sanctarum.
2644 5109 2780 5176 quod
2806 5123 2902 5177 per
2925 5109 3378 5176 exsuperatimiem
3400 5107 3699 5160 considera-

2128 5191 2217 5234 tur
2243 5181 2296 5232 iu
2321 5176 2842 5248 sanctiﬁcatione”;
2879 5176 3017 5232 Dicit
3046 5179 3188 5232 enim
3239 5195 3341 5230 non
3392 5178 3701 5246 simpliciter

2123 5267 2234 5304 esse
2260 5267 2395 5303 vana
2428 5266 2546 5319 qua:
2583 5252 2638 5302 in
2688 5249 2839 5302 rebus
2889 5258 3160 5316 apparent,
3197 5250 3299 5319 sed
3335 5264 3396 5301 ea
3425 5265 3534 5304 esse
3561 5247 3698 5319 (jure

2126 5321 2269 5374 modi
2297 5337 2412 5373 cum
2441 5318 2626 5390 aliqua
2667 5321 3075 5390 exsuperaliouc
3126 5318 3325 5390 quoad,
3353 5321 3522 5386 ipsam
3577 5318 3697 5371 rani

2127 5389 2563 5459 significationem
2602 5405 2619 5442 :
2663 5389 2876 5459 perinde
2922 5405 2986 5443 ac
3031 5389 3080 5442 si
3124 5390 3242 5459 quis
3292 5389 3436 5442 dicat
3493 5398 3697 5459 mortuo

2128 5456 2591 5584 itiagii‘znulnyuum
2627 5456 2674 5515 et
2699 5461 2936 5513 inanimo
2970 5456 3482 5530 magiiinonimum.
3515 5456 3694 5528 (Hom.

2190 5547 2245 5584 tn
2323 5549 2380 5584 cc
2409 5573 2422 5584 .

2125 5532 2144 5586 Ι
2190 5533 2245 5585 in
2277 5532 2422 5586 Eccl.

2194 5534 2516 5672 ἰὲιῐῖοὲιιιῖἰοε
2561 5618 2649 5672 vt,
2715 5619 2768 5658 η.
2819 5601 2872 5666 5,
2927 5601 3068 5670 apud
3113 5600 3276 5666 LXX,
3335 5601 3568 5672 legimus
3606 5597 3698 5672 ⁸ὡς

2123 5669 2394 5743 ἑστηκότα
2420 5671 2832 5740 ἐλογίσαντο...;
2867 5675 2918 5726 in
2952 5669 3156 5728 nostris
3186 5669 3443 5743 veroalia
3471 5669 3698 5743 omnino

2126 5756 2212 5797 est
2242 5738 2533 5798 sententia
2567 5761 2582 5797 :
2633 5745 2894 5812 Scriptum
2935 5743 3079 5796 enim
3128 5753 3212 5797 est
3253 5763 3265 5795 :
3309 5741 3462 5797 Sicut
3523 5738 3698 5796 David

2122 5824 2435 5882 putaverunt
2470 5829 2523 5867 δε
2551 5813 2737 5868 habere
2765 5829 2891 5868 rasa
2916 5814 3128 5868 cantici.
