4054 6204
323 320 428 386 75⁷1

321 529 436 592 τοῖς
466 527 693 597 φαύλοις
734 523 1042 597 ἀνθρώποις
1071 523 1238 580 ὄντων
1268 522 1756 597 περισπουδάστων
1785 521 1907 576 ἀδό-

323 618 433 684 ξων
465 618 657 684 δοξῶν,
687 617 781 672 καὶ
793 617 971 688 τιμῶν
996 615 1229 687 ἀτίμων,
1261 616 1358 668 καὶ
1381 613 1590 686 κερδῶν
1613 611 1860 684 ἀκερδῶν
1885 627 1900 642 ·

321 705 433 760 τῶν
459 705 546 762 διὰ
577 707 944 778 συκοφαντίας
975 707 1070 760 καὶ
1096 693 1390 769 κολακείας
1421 705 1518 760 καὶ
1549 705 1656 758 τῶν
1701 704 1905 758 λοιπῶν

322 799 426 867 τῆς
470 799 812 869 φαυλότητος
865 795 1340 867 ἐπιτηδευμάτων,
1389 793 1498 849 τῶν
1543 795 1684 866 πρὸς
1737 794 1908 865 μόνην

324 890 661 962 ἀφορώντων
692 888 790 960 τὴν
829 888 977 958 ζωὴν
1027 889 1129 958 τὴν
1193 887 1300 943 ὑπὸ
1349 887 1539 940 τοῦτον
1586 885 1680 939 τὸν
1727 887 1904 956 ἥλιον.

339 975 621 1028 Ἐντεῦθεν
641 976 1136 1047 παραινιττόμενος
1162 977 1258 1030 κα¹ι
1291 975 1454 1047 μόνον
1479 975 1604 1045 ούχὶ
1634 974 1860 1044 φάσκων
1888 989 1903 1004 ·

324 1064 528 1134 Πάρες,
566 1063 980 1134 ἄνθρωπε,τοὺς
996 1065 1430 1134 ἀφικνουμένους
1459 1064 1553 1118 καὶ
1593 1064 1908 1118 καταντῶν-

322 1171 426 1216 τας
463 1154 624 1224 μόνον
661 1155 825 1224 μέχρι
843 1155 944 1224 τῆς
961 1155 1346 1228 προσϐλέψεως
1372 1157 1464 1211 τοῦ
1479 1157 1737 1226 αἰσθητοῦ
1753 1155 1904 1228 ἡλίου

322 1244 420 1298 τοῦ
451 1244 588 1316 πρὸς
617 1245 882 1310 ἀνατολάς
913 1247 1165 1312 ἀπιόντος
1198 1249 1293 1302 καὶ
1323 1247 1484 1302 πάλιν
1507 1249 1906 1318 ἀφικνουμένου

323 1336 466 1406 πρὸς
489 1337 586 1399 τὰς
615 1336 826 1408 δυσμάς
847 1353 860 1367 ·
898 1340 994 1394 ml.
1047 1339 1138 1394 διά
1201 1339 1424 1404 ἀδοξίαν
1453 1340 1774 1410 ἐνδυομένου
1814 1340 1909 1394 καὶ

323 1425 424 1494 τὴν
458 1426 722 1494 ἀφάνειαν
752 1444 768 1459 ο
811 1427 907 1481 καὶ
935 1428 1025 1482 διὰ
1053 1432 1154 1500 τῆς
1190 1429 1327 1494 ἰδίας
1360 1430 1651 1501 ’ἀνατολῆς
1695 1447 1755 1484 τε
1815 1431 1910 1484 καὶ

324 1513 533 1577 δύσεως
583 1515 642 1568 σὲ
675 1515 958 1588 προδήλως
991 1517 1336 1582 διδάσκοντος
1385 1517 1600 1590 μέλλειν
1657 1517 1910 1573 τεθνάναι

326 1605 596 1658 καὶκατὰ
630 1607 805 1661 ταυτά
863 1609 959 1661 καὶ
1021 1608 1285 1672 ὡσαύτως
1331 1609 1755 1680 ἀποστερεῖσθαι
1806 1611 1910 1681 τῆς

328 1696 652 1768 προσούσης
677 1715 759 1752 σοι
793 1703 1153 1772 περιφανείας
1178 1703 1271 1756 καὶ
1295 1701 1455 1773 δόξης
1477 1719 1492 1735 ο
1533 1704 1668 1757 ὅπου
1691 1720 1758 1773 γε
1779 1703 1910 1757 πολ-

1431 323 1510 383 ΙΝ
1536 322 2112 384 ECCLESlASTEN.
2152 350 2222 359 --
2262 325 2419 386 LIB.
2457 325 2507 383 l.

323 435 536 501 παθῶν,
573 435 670 490 καὶ
703 431 1008 504 βδελυκτῶν
1038 432 1264 502 ἡδονῶν,
1299 433 1395 486 καλ⁸
1425 431 1534 485 τῶν
1563 431 1741 486 ἄλλων
1791 431 1901 484 τῶν

2015 443 2312 504 praetereunt
2321 434 2392 488 tia
2407 473 2422 497 ,

3481 312 3585 376 ’ῖξεῖ

2501 431 2822 488 ledissimos
2895 439 2950 486 et
3008 426 3326 500 ignominia:
3397 426 3588 495 plenus

2005 523 2252 589 allectus,
2286 523 2634 580 detestandas
2689 523 3017 592 voluptates,
3050 533 3353 589 eaeteraque
3391 534 3588 588 pravo-

2005 631 2128 670 rum
2159 616 2448 671 hominum
2493 613 2805 686 conquisita
2869 613 3096 676 studiis,
3139 611 3369 680 gloriam
3408 609 3584 680 gloria

2006 723 2256 770 vacuam,
2289 707 2555 762 honorem
2597 707 2716 762 sine
2769 706 3002 770 honore,
3053 705 3269 759 lucrum
3320 702 3458 756 lucri
3491 717 3588 754 ex-

2005 812 2133 868 pers
2171 816 2184 851 :
2236 813 2358 867 qua:
2397 797 2710 853 accusando
2753 805 2847 850 aut
2899 795 3197 861 adulando,
3266 794 3589 862 nullamque

2007 889 2307 960 improbam
2338 903 2526 947 curam
2555 888 3022 960 praetermittendo
3047 887 3082 941 ii
3116 886 3466 956 perquirunt,
3490 900 3581 954 qm

2008 998 2173 1036 unam
2202 982 2363 1037 istam
2396 983 2703 1052 respiciunt
2743 981 2932 1045 vitam,
2969 994 3091 1048 qua:
3143 979 3248 1033 hoc
3305 977 3410 1033 sub
3471 977 3587 1032 sole

2008 1072 2244 1144 degitur.
2269 1071 2408 1130 Hinc
2439 1073 2528 1128 ille
2551 1073 2785 1128 innuere
2816 1073 2953 1128 mihi
2987 1073 3224 1134 videtur,
3253 1083 3498 1140 arprope
3531 1068 3584 1121 in

2009 1167 2158 1221 hunc
2176 1166 2396 1222 modum
2421 1167 2752 1221 admonere:
2778 1163 3042 1228 Labores,
3059 1177 3094 1216 ο
3117 1162 3382 1226 mortalis,
3401 1169 3456 1214 et
3472 1177 3584 1212 ma-

2009 1257 2374 1323 chinationes,
2415 1263 2688 1328 quotquot
2727 1255 3124 1325 superveniunt
3153 1260 3579 1320 occurruntque,

2008 1347 2198 1402 tandiu
2230 1349 2653 1416 praetermittito,
2689 1346 2819 1401 dum
2867 1346 3036 1400 solem
3081 1343 3229 1400 hunc
3275 1341 3581 1413 aspectabi-

2009 1437 2114 1494 lem
2149 1439 2535 1509 contempleris
2568 1457 2582 1492 :
2610 1437 2703 1509 qui
2736 1437 2804 1492 ad
2833 1438 3100 1492 orientem
3147 1445 3209 1491 ut.
3253 1435 3408 1499 abiit,
3453 1447 3581 1486 rur~

2010 1545 2132 1586 sum
2165 1529 2230 1584 ad
2257 1529 2594 1585 occidentem
2613 1543 2948 1591 commeans,
2972 1526 3314 1596 splendorem
3349 1524 3582 1582 subinde

2009 1637 2167 1678 suum
2199 1629 2253 1676 et
2297 1621 2535 1690 speciem
2589 1621 2815 1676 obducit
2848 1636 2864 1674 :
2899 1629 3062 1689 atque
3109 1626 3232 1673 ortu
3287 1625 3343 1672 et
3383 1631 3583 1671 occasu

2009 1726 2111 1767 suo
2141 1711 2270 1766 illud
2306 1712 2483 1782 palam
2525 1721 2576 1766 te
2598 1711 3160 1767 edocet'moriendum
3195 1709 3296 1764 tibi
3315 1723 3457 1772 esse,
3486 1723 3584 1761 nee

327 1789 490 1854 λάκις
518 1791 612 1844 καὶ
642 1790 822 1854 ζῶντά
846 1809 906 1845 σε
943 1794 1272 1864 κατείληφεν
1309 1797 1343 1866 ἡ
1379 1797 1442 1848 σύ
1453 1795 1651 1866 μσασις
1671 1799 1771 1868 τῆς
1795 1815 1907 1851 τοι-

2015 1804 2260 1860 dissimili
2297 1814 2350 1859 te
2381 1805 2544 1859 modo
2571 1819 2656 1869 ea,
2687 1820 2798 1874 qua
2825 1819 2974 1858 nunc
3002 1803 3186 1867 ﬂores,
3209 1791 3476 1873 dignitate
3505 1808 3585 1853 at-

331 1879 505 1952 αύτης
531 1881 876 1948 ἀλλοιώσεως
905 1885 1002 1938 καὶ
1033 1887 1373 1958 περιτροπῆς
1395 1888 1520 1940 ’καὶ
1546 1888 1746 1957 μᾶλλον
1777 1890 1910 1944 ἀνά-

329 1987 521 2025 νευσον
543 1971 678 2042 πρὸς
706 1971 804 2044 τὴν
835 1973 982 2046 ζωὴν
1005 1975 1102 2046 τὴν
1133 1976 1276 2048 ὑπὲρ
1291 1975 1482 2031 τοῦτον
1501 1978 1594 2031 τὸν
1616 1978 1790 2049 ἥλιον,
1815 1981 1911 2034 καὶ

334 2062 755 2134 συνανυψώθητι
790 2065 929 2134 πρὸς
961 2066 1062 2135 τὴν
1097 2066 1494 2139 ύπερουράνιον
1519 2067 1667 2140 ζωὴν
1692 2072 1787 2126 καὶ
1814 2087 1913 2126 xa-

330 2154 610 2207 τάστασινο
631 2154 726 2208 καὶ
744 2154 1069 2226 παράτεινόν
1095 2173 1190 2212 σου
1209 2157 1300 2211 τὸν
1318 2157 1443 2212 νοῦν
1469 2159 1608 2231 πρὸς
1629 2160 1730 2224 τὰς
1753 2161 1911 2215 ἀκτί-

329 2261 433 2306 νας
469 2242 563 2297 τοῦ
613 2244 767 2316 ⁴ἡλίου
805 2247 906 2315 τῆς
954 2245 1155 2318 δόξηςο
1210 2248 1299 2302 ἵνα
1355 2251 1478 2314 ταῖς
1527 2249 1737 2304 ἐκείνου
1791 2251 1916 2322 μεθ-

331 2335 479 2399 έξεσι
515 2335 608 2390 καὶ
637 2337 952 2408 μετουσίαις
977 2338 1255 2411 φωτισθῇς
1283 2341 1786 2415 κα“ι;λαμπρυνθῇς,
1817 2345 1913 2398 καὶ

331 2425 432 2496 τῆς
479 2428 537 2480 ὲν
571 2427 764 2499 Κηδὰρ
807 2430 1106 2500 παροικίας
1159 2430 1434 2504 ἀνώτερος
1497 2435 1593 2488 καὶ
1647 2435 1912 2506 κρείττων

331 2516 684 2590 ἀποφανθῇς.

408 2690 814 2763 Παραπλησίως
845 2695 954 2768 γὰρ
991 2698 1085 2750 καὶ
1121 2697 1365 2770 Μιχαίας
1393 2700 1423 2753 6
1459 2700 1767 2772 προφήτης,
1814 2721 1913 2757 κα-

329 2781 694 2850 ταγινώσκων
723 2783 931 2856 σφόδρα
961 2786 1072 2840 τῶν
1096 2788 1197 2858 τῆς
1245 2790 1607 2861 ματαιότητος
1666 2793 1914 2862 ἐραστῶν

331 2875 430 2929 καὶ
455 2875 548 2928 τὸν
579 2876 853 2948 μοχθηρὸν
878 2879 1076 2950 μόχθον
1107 2879 1455 2952 μοχθούντων
1485 2881 1590 2935 ὑπὸ
1614 2881 1708 2937 τὸν
1739 2883 1912 2954 ἥλιον,

332 2962 480 3018 οὕτω
519 2965 652 3034 φησι
675 2981 689 2995 ο
719 2985 738 3017 ι
771 2967 1054 3036 Ἐγένοντο
1073 2969 1416 3041 λογιζόμενοι
1445 2972 1667 3040 κόπους,
1698 2976 1792 3028 καὶ
1823 2977 1916 3048 ὲρ-

331 3057 633 3128 γαζόμενοι
667 3061 814 3113 κακά
845 3062 904 3115 ὲν
952 3063 1074 3126 ταῖς
1121 3064 1371 3135 καρδίαις
1411 3065 1614 3130 αὐτῶν,
1651 3068 1745 3122 καὶ
1799 3069 1916 3140 ἅμα

331 3150 400 3220 τῇ
433 3151 620 3222 ἡμέρᾳ
638 3152 969 3206 συνετέλουν
999 3154 1140 3225 αύτά
1192 3171 1206 3185 ’
1247 3155 1380 3208 διότι
1428 3157 1529 3210 οὐκ
1581 3152 1725 3230 ἦραν
1777 3160 1914 3231 πρὸς

333 3237 426 3291 τὸν
456 3239 592 3292 Θεὸν
620 3243 1019 3316 χεῖραςαύτῶν
1049 3259 1063 3273 ⁸
1097 3245 1192 3298 καὶ
1222 3245 1536 3316 ἐπεθύμουν
1561 3249 1790 3320 ἀγροὺς,
1821 3251 1916 3306 καὶ

333 3329 638 3401 διήρπαζον
685 3332 977 3403 ὀρφανοὺς,
1009 3335 1104 3388 καὶ
1138 3336 1317 3400 οἴκους
1347 3339 1806 3397 κατεδυνάστευον
1830 3357 1844 3371 '
1889 3361 1907 3394 ι

336 3419 464 3500 τοὺς
501 3421 638 3490 πρὸς
669 3423 836 3493 μηδὲν
865 3425 1040 3493 πέρας
1067 3425 1273 3494 ἀγαθὸν
1300 3427 1398 3480 καὶ
1415 3427 1690 3494 λυσιτελὲς
1712 3449 1918 3486 καταν-

341 3509 548 3574 τῶντας
575 3513 776 3578 κόπους
808 3514 928 3584 ἦτοι
961 3516 1190 3587 μόχθους
1215 3536 1228 3548 ·
1259 3520 1456 3572 ταυτὸν
1487 3521 1596 3592 γάρ
1624 3525 1771 3578 ἐστιν
1797 3525 1920 3579 ἑκά·

341 3597 521 3676 τερον,
568 3603 765 3676 δηλαδὴ
798 3609 1200 3677 παρεμφαίνων
1234 3611 1330 3664 καὶ
1379 3612 1477 3676 τὰς
1512 3629 1918 3687 συμπαρομαρ-

342 3691 540 3757 τούσας
565 3696 746 3761 αὐτοῖς
774 3701 1219 3772 πονηροπραξίας
1248 3704 1342 3756 καὶ
1384 3708 1796 3774 ματαιοπονίας.

413 3786 642 3857 Μήποτε
672 3789 728 3843 δὲ
751 3790 834 3856 τὸ,
879 3811 895 3842 ι
939 3792 1044 3846 ὑπὸ
1070 3792 1163 3847 τὸν
1190 3793 1362 3868 ἥλιον,
1396 3817 1414 3848 ο
1452 3797 1546 3850 καὶ
1574 3798 1749 3864 ἄλλως
1777 3801 1918 3866 ἐξει-

335 3877 568 3947 ληφέναι
604 3880 878 3952 προσῆκεν
905 3900 918 3913 ’
975 3883 1162 3956 ἐπειδὴ
1193 3885 1301 3956 γὰρ
1354 3886 1658 3958 ἀπέϐλεψεν
1717 3890 1748 3942 6
1797 3892 1920 3946 Ἐκ-

336 3971 676 4042 κλησιαστὴς
727 3975 865 4045 πρὸς
915 3975 1124 4040 πάντας
1179 3976 1508 4050 ἀνθρώπους
1556 3981 1683 4046 τοὺς
1731 4001 1918 4038 κατοι-

335 4061 568 4128 κοῦντας
596 4065 696 4132 τὴν
721 4066 845 4136 γῆν,
879 4066 947 4138 ἣν
976 4069 1004 4120 6
1033 4066 1184 4138 ἥλιος
1213 4069 1306 4138 ἀφ’
1340 4070 1547 4142 ὑψηλοῦ
1580 4073 1673 4126 καὶ
1716 4092 1917 4149 μεταρ-

337 4155 457 4208 σίου
487 4155 842 4228 προσϐλέπει,
887 4159 980 4213 καὶ
1019 4160 1110 4216 διὰ
1159 4163 1260 4232 τῆς
1311 4164 1449 4227 ίδίας
1500 4165 1770 4238 ἀνατολῆς
1821 4172 1919 4226 καὶ

335 4245 543 4312 δύσεως
567 4249 626 4300 ὲν
653 4251 720 4320 τῇ
768 4248 930 4320 βουλῇ
973 4254 1067 4304 καὶ
1121 4253 1416 4322 προστάξει
1472 4256 1565 4309 τοῦ
1616 4259 1918 4328 κτίσαντος

335 4335 624 4406 εὐεργετεῖ
649 4338 1028 4411 πολυτρόπως,
1065 4343 1336 4413 προτείνει
1373 4345 1508 4416 πρὸς
1527 4348 1654 4412 τοὺς
1693 4353 1752 4403 ἐν
1777 4370 1914 4421 (pato.

2011 1913 2120 1968 que
2147 1897 2319 1973 gloria
2350 1897 2644 1966 spoliatum
2693 1897 2757 1952 iri
2803 1911 2819 1949 :
2849 1910 3163 1967 quanquam
3194 1909 3294 1965 par
3320 1906 3585 1963 saepeve-

2010 2003 2134 2044 rum
2162 1988 2450 2044 conversio
2483 1988 2900 2058 immutatioque
2925 1997 2982 2043 te
3001 1985 3275 2040 viventem
3301 1985 3586 2039 etiamtum

2013 2081 2323 2153 occupavit.
2349 2082 2536 2151 Itaque
2566 2096 2688 2136 eam
2737 2081 2922 2150 potius
2950 2081 3117 2134 vitam
3142 2079 3436 2149 suspicias,
3467 2092 3590 2146 qua:

2013 2191 2183 2246 supra
2216 2176 2365 2230 hunc
2413 2175 2584 2230 solem
2623 2173 2846 2238 vivitur,
2899 2173 3178 2242 altiusque
3227 2185 3490 2239 assurgas
3520 2170 3584 2220 ad

2013 2267 2292 2322 cmlestem
2323 2265 2512 2320 aeterni
2551 2262 3008 2327 aavibeatitatem,
3044 2272 3209 2332 atque
3255 2261 3310 2316 in
3363 2259 3592 2314 alterius
3658 2251 3665 2258 ’

2015 2361 2149 2416 solis
2170 2359 2462 2430 splendore
2503 2368 2558 2414 et
2611 2355 3021 2428 pulchritudine
3056 2355 3302 2409 animum
3327 2353 3535 2422 deligas
3571 2367 3613 2405 :'

2014 2467 2125 2522 quo
2155 2452 2245 2506 ille
2271 2459 2326 2505 te
2357 2449 2583 2520 prepius
2614 2449 3006 2520 copiosiusque
3057 2447 3270 2501 lumine
3319 2458 3420 2500 suo
3466 2457 3590 2512 per-

2015 2543 2209 2598 fundat
2257 2543 2622 2612 illustretque,
2679 2551 2735 2596 tu
2781 2541 2896 2610 jam
2954 2537 3356 2594 habitatoribus
3418 2534 3593 2591 Ccdar

2015 2637 2302 2692 sublimior
2322 2645 2374 2691 et
2399 2634 2746 2706 praestantior
2765 2633 2988 2688 videare
3011 2632 3146 2702 (τε).

2091 2725 2194 2794 12
2239 2721 2514 2777 Nimirum
2566 2730 2622 2777 et
2668 2719 2923 2776 Micbzeas
2957 2720 3245 2791 propheta,
3285 2733 3390 2772 non
3435 2716 3594 2771 aliter

2016 2825 2292 2871 amatores
2315 2811 2598 2879 vanitatis,
2631 2817 2692 2867 et'
2707 2811 2813 2866 hoc
2833 2811 2936 2866 sub
2954 2811 3068 2866 sole
3099 2807 3374 2880 perversis
3395 2805 3594 2863 studiis

2016 2919 2070 2964 et
2105 2905 2542 2964 contentionibus
2577 2920 2692 2960 rem
2725 2919 2882 2960 suam
2931 2911 3188 2974 urgentes
3241 2901 3594 2957 vehementer

2018 2999 2358 3070 improbans,
2389 2998 2469 3052 sic
2493 3005 2579 3052 est
2611 2997 2831 3052 locutus
2870 3013 2884 3050 :
2923 3013 2941 3047 ι
2990 2995 3047 3050 In
3077 2993 3400 3050 meditandis
3438 2991 3591 3046 labo-

2018 3091 2174 3144 ribus
2198 3087 2474 3160 occupati,
2516 3103 2681 3156 opera
2712 3088 2852 3142 mala
2877 3086 3062 3140 animo
3093 3083 3465 3147 destinabant,
3502 3096 3593 3136 ea-

2018 3198 2125 3252 que
2151 3181 2296 3236 iutra
2350 3179 2492 3234 diem
2523 3177 2881 3248 perliciebant
2911 3193 2926 3231 :
2953 3177 3140 3246 itaque
3181 3189 3290 3228 non
3321 3173 3388 3226 ad
3423 3171 3589 3226 Deum

2018 3288 2216 3327 manus
2238 3285 2366 3326 suas
2398 3270 2746 3340 protendere,
2777 3269 2870 3324 sed
2900 3281 3159 3338 agrorum
3189 3265 3374 3334 cupidi
3415 3265 3594 3334 pupil-

2017 3364 2103 3418 los
2137 3362 2396 3435 spoliare,
2453 3361 2508 3414 in
2560 3360 2782 3416 familiis
2841 3358 3116 3414 dominari
3177 3357 3324 3414 soliti
3372 3348 3528 3426 (‘23);
3570 3374 3591 3408 υ

2021 3458 2216 3512 horum
2247 3453 2458 3510 scilicet
2489 3467 2662 3520 neque
2698 3451 2913 3507 labores
2931 3467 3108 3522 neque
3134 3449 3593 3510 machinationes,

2020 3545 2315 3600 uam‘idcm
2348 3551 2643 3612 utrumque
2682 3549 2784 3608 est,
2824 3543 2992 3596 ullum
3033 3541 3236 3596 habere
3261 3540 3468 3594 exitum
3499 3536 3595 3592 de-

2021 3643 2338 3688 monstrans
2373 3631 2577 3691 bonum
2603 3633 2769 3702 atque
2792 3631 3002 3697 utilem,
3031 3645 3249 3700 unoque
3274 3629 3343 3684 iis
3373 3641 3516 3682 nexu
3542 3633 3596 3678 et

2021 3739 2186 3796 prava
2211 3737 2376 3792 opera
2405 3731 2458 3777 et
2487 3722 2669 3776 inania
2697 3723 2876 3777 studia
2915 3721 3311 3776 adhaerescere.

2092 3813 2291 3882 Quidni
2315 3827 2446 3867 vero
2473 3813 2628 3876 illud,
2675 3830 2694 3864 ι
2757 3811 2860 3866 sub
2891 3810 3008 3865 sole
3051 3828 3070 3860 ι
3099 3809 3154 3862 in
3181 3808 3342 3862 aliam
3377 3819 3596 3874 quoque

2023 3903 2350 3964 sententiam
2383 3903 2581 3956 merito
2611 3898 3076 3970 interpretemur?
3111 3911 3234 3952 nam
3259 3911 3381 3949 cum
3411 3892 3599 3948 Eccle-

2022 4002 2216 4056 siastes
2243 3994 2553 4052 sermonem
2612 3993 2680 4048 ad
2727 4006 2919 4048 omnes
2951 3983 3203 4044 homines
3241 3987 3592 4043 converterit.

2021 4092 2112 4161 qui
2157 4099 2360 4154 terram
2406 4086 2547 4141 hanc
2583 4085 2852 4150 habitant,
2895 4098 3060 4152 quam
3104 4081 3184 4136 sol
3212 4095 3278 4136 ex
3322 4079 3470 4135 edito
3500 4095 3598 4134 su-

2021 4181 2286 4252 blimique
2334 4179 2456 4234 loco
2492 4177 2759 4243 intuetur,
2807 4187 2972 4245 atque
3002 4183 3127 4229 ortu
3154 4180 3210 4228 et
3245 4187 3446 4228 occasu
3493 4186 3596 4224 suo

2020 4276 2282 4339 lustrans,
2325 4268 2638 4326 Conditoris
2697 4268 2938 4323 consilio
2966 4275 3030 4334 et
3075 4265 3356 4319 voluntate
3409 4261 3599 4316 multis

2027 4363 2532 4430 allicitbeneﬁciis;
2559 4362 2672 4433 jam
2699 4375 2824 4416 cum
2853 4360 2974 4414 ait:
3015 4378 3034 4411 ι
3079 4357 3220 4424 Quid
3274 4357 3436 4412 habet
3481 4370 3599 4408 am-

336 4426 524 4529 λότητι
549 4430 663 4529 ,καί
689 4429 966 4529 μοχθηρίᾳ
991 4433 1087 4485 καὶ
1112 4435 1462 4506 κακοπραγία
1513 4439 1912 4510 προελομένους

2029 4460 2170 4529 plius
2196 4457 2444 4523 homoule
2470 4456 2728 4512 universo
2750 4454 2936 4508 labore
2965 4468 3086 4519 suo,
3117 4467 3229 4522 quo
3259 4451 3472 4508 laborat
3495 4452 3600 4502 sub

339 4513 727 4572 πολιτεύεσθαί
762 4537 821 4574 τε
854 4522 946 4574 καὶ
981 4521 1079 4594 ζῇν
1119 4523 1224 4576 ἁνά
1269 4525 1452 4579 πᾶσαν
1502 4528 1604 4599 τὴν
1657 4531 1761 4600 γῆν
1817 4533 1920 4586 ὑπὸ

336 4604 430 4658 τδν
453 4607 606 4677 ἥλιον
631 4610 688 4662 ἐν
729 4609 807 4682 τῷ
836 4612 1103 4681 φάσκεινο
1137 4629 1156 4664 ι
1199 4613 1296 4677 Τίς
1343 4615 1630 4688 περισσεία
1689 4619 1768 4692 τῷ
1822 4625 1914 4676 άν-

410 4831 748 4915 (ξᾋϐεᾴας,
802 4835 980 4906 inquit
1031 4835 1397 4915 Hieronymus
1438 4839 1555 4915 με)
1592 4843 1664 4894 ls.
1711 4857 1758 4896 c.
1812 4861 1915 4908 Ls,

335 4919 392 4958 η.
437 4904 684 4979 7_),regi_0_
702 4903 1091 4979 Saracenorum
1115 4917 1213 4974 est,
1238 4903 1328 4979 ξμιί
1351 4911 1405 4962 in
1429 4903 1708 4975 Scriptura
1737 4903 1921 4967 vomu;

336 4987 430 5052 tur
461 4972 773 5052 lampelitaa.
809 4975 1016 5052 Incolze
1044 4978 1164 5052 ejus
1201 4972 1441 5052 regionis
1464 4972 1652 5034 σοι]νεὶ
1675 4995 1770 5036 aut
1810 4985 1917 5038 Ke-

335 5044 526 5123 darem'
551 5043 706 5105 dicti,
748 5061 889 5109 quos
925 5043 1200 5123 Relandus
1235 5046 1472 5123 (Falsast.
1502 5052 1594 5105 lib.
1628 5067 1666 5115 ι,
1710 5069 1756 5106 e.
1808 5054 1914 5123 18),

335 5115 559 5195 eosdem
601 5128 725 5168 esse
766 5127 920 5195 putat
953 5129 1118 5195 atque
1163 5115 1372 5195 arabes
1431 5120 1698 5195 Scenitas,
1745 5127 1835 5192 qui
1877 5115 1916 5178 ἰι

337 5186 590 5264 ιριιιοιυὶἰε
642 5198 846 5264 nomen
907 5186 1128 5242 habent.
1173 5186 1374 5264 Verum
1428 5205 1494 5244 eo
1554 5191 1642 5246 hic
1701 5186 1918 5248 ndmine

337 5252 658 5332 designatur
703 5255 1013 5332 ltom_inum_
1044 5273 1216 5332 genus
1259 5260 1461 5332 caduca
1488 5273 1556 5332 et
1614 5277 1780 5332 prava
1827 5280 1913 5317 se-

335 5327 628 5404 ctantium,
651 5339 697 5404 ,θ
723 5327 924 5404 quibus
975 5329 1268 5383 Christiani
1313 5331 1530 5404 virtutis
1582 5327 1916 5404 aepiela'is

335 5395 1066 5477 cultoressie.disdrepant,
1105 5401 1572 5477 quemadmodum
1605 5418 1634 5456 a
1666 5395 1916 5458 barbaris

337 5461 638 5541 Cedarenis
669 5467 816 5541 cives
845 5461 1500 5541 Istiaelitae'dilferebanl.
1536 5471 1916 5541 Contparatic-

337 5547 462 5614 nam
485 5533 637 5614 haud
665 5533 1688 5614 dissimileminduxitChrysostomus
1716 5544 1782 5598 all
1828 5546 1915 5598 illa

337 5603 530 5672 psalmi
571 5616 711 5686 crux.
731 5622 744 5658 :
767 5605 1144 5686 Habitqricum
1169 5603 1527 5686 tabernaculis
1558 5611 1732 5668 Cedar
1757 5631 1774 5668 :
1802 5615 1916 5670 hmc

337 5689 403 5756 tu
432 5689 481 5726 m
505 5675 740 5756 subjecit
767 5696 780 5730 :
815 5677 1100 5756 βάρϐαρον
1128 5680 1287 5756 τοῦτο
1308 5680 1366 5734 τὸ
1392 5682 1545 5756 γένος
1575 5685 1688 5756 ἐστὶ
1713 5685 1912 5754 θηριω-

336 5739 588 5815 δέπερον
608 5744 741 5815 πρὸς
763 5749 890 5810 τοῦς
911 5739 1373 5820 κεκρατημένους,
1393 5739 1751 5824 διακειμένων
1768 5739 1914 5826 ’σκη-

2023 4553 2159 4618 sole,
2211 4569 2229 4603 ι
2270 4551 2522 4606 homines
2557 4548 2873 4617 alloquitur.
2925 4547 3022 4615 qui
3068 4559 3402 4614 quacunque
3455 4553 3597 4596 terra

2023 4641 2126 4696 sub
2153 4641 2268 4696 sole
2297 4647 2463 4710 patet,
2494 4638 2678 4693 dedita
2711 4651 2876 4707 opera
2909 4636 2960 4690 in
2987 4636 3136 4690 omni
3173 4636 3380 4690 scelere
3399 4640 3452 4688 et
3480 4649 3598 4686 ma-

2022 4844 2142 4906 ναῖς
2179 4841 2273 4894 καὶ
2319 4837 2584 4900 καλύϐαις
2612 4835 2990 4907 κεχρημένων,
3035 4834 3145 4907 καί⁸
3172 4831 3308 4907 πρὸς
3362 4831 3461 4903 τὴν
3489 4832 3598 4907 τῷν

2023 4902 2229 4983 θηρίων
2255 4910 2554 4983 ἀγριότητα
2577 4902 3032 4983 ἒκπεπιιξίιυκότων⁹
3063 4903 3200 4983 ἀλλά
3216 4902 3426 4983 τούτων
3445 4903 3595 4983 ,πολε

2021 4971 2486 5052 λῷάαλεπιᾘτεροί
2507 4979 2555 5030 οἱ
2575 4977 2842 5052 ἀρπαγες,
2869 4975 3279 5052 οί-πλεονέκξαι,
3295 4975 3342 5026 οἱ
3361 4975 3418 5024 ὲν
3433 4971 3564 5052 ἀσελ
3586 5003 3594 5010 -

2021 5043 2218 5120 γέίοίις,
2238 5051 2289 5102 oi
2322 5051 2382 5102 ὲν
2403 5043 2636 5118 τρυφαῖς
2659 5043 2882 5120 ζῶντες.
2913 5044 2968 5098 Id
2989 5053 3071 5100 est
3096 5062 3110 5098 :
3144 5044 3445 5120 Barbarum
3468 5113 3486 5120 Δ
3501 5043 3598 5095 hoc

2020 5113 2292 5176 hominum
2321 5113 2481 5189 gemis
2513 5113 2588 5170 est
2620 5118 2992 5189 adversuseos,
3015 5132 3142 5183 quos
3169 5116 3422 5189 vicerunt,
3457 5113 3594 5189 fero-

2020 5197 2214 5248 ciorem
2257 5184 2497 5244 animum
2526 5188 2840 5253 gerentium,
2885 5187 2974 5256 qui
3004 5187 3243 5240 tentoriis
3265 5194 3330 5239 ,ει
3358 5184 3596 5256 tuguriis

2021 5273 2262 5326 utuntur,
2311 5269 2361 5312 et
2414 5257 2484 5312 ad
2527 5254 2916 5312 immanitatem
2963 5256 3196 5326 ferarum
3262 5254 3596 5326 reciderunt;

2020 5333 2112 5387 sed
2140 5333 2222 5386 his
2248 5323 2419 5384 'multo
2447 5338 2569 5382 sunt
2596 5323 3194 5398 e/feratioresreptores,
3221 5325 3392 5389 avari,
3423 5331 3472 5376 et
3502 5323 3594 5392 qui

2021 5403 2333 5472 impudice,
2362 5401 2450 5472 qui
2507 5397 2789 5472 libidinose
2838 5399 2891 5452 iu
2930 5397 3346 5472 deliciisvilam
3407 5401 3590 5461 agunt.

2020 5467 2204 5544 (Tm...
2242 5467 2521 5544 _V_7Ei.’\pos.
2543 5471 2596 5544 in
2627 5469 2829 5544 P_sa|_m.
2853 5483 2960 5544 eis,
2999 5467 3174 5544 n.__§_.)

2091 5544 2205 5611 125)
2242 5533 2420 5597 Michf
2456 5558 2518 5604 ιι,
2553 5543 2602 5595 1.
2653 5537 2757 5595 Sed
2801 5537 2946 5611 apud
3011 5533 3164 5611 LXX
3203 5533 3465 5611 scriptum
3485 5539 3592 5611 ‘est

2031 5601 2599 5684 Ἐργαζόμενοικακά
2633 5612 2692 5663 ὲν
2713 5601 3278 5684 ταίζκοίταιςρύτῶν
3307 5601 3329 5631 ί
3355 5601 3501 5670 quod
3537 5614 3595 5653 ct

2021 5686 2074 5738 in
2094 5677 2319 5738 'ljatinis
2350 5681 2622 5735 redditum
2679 5691 2762 5734 est
2813 5679 2876 5732 In
2925 5677 3218 5742 cubilibus;
3274 5688 3592 5745 quanquam

2019 5765 2211 5810 caetera
2243 5753 2421 5809 minus
2449 5753 2800 5824 re5pondcnt.
