4054 6204
418 294 522 358 Ἷῦθ

1547 297 1607 358 S.
1646 297 2021 358 GREGORII
2059 293 2570 357 AGIllGENTINI

3574 280 3684 347 760

419 404 534 458 litia
563 413 617 458 et
651 403 999 474 improbitate
1041 413 1333 461 versantur
1397 422 1462 463 ac
1493 409 1684 466 vivunt
1717 429 1732 464 :
1767 411 1918 465 velut
1941 409 1987 466 si

2105 407 2299 479 θρώπῳ
2319 408 2376 461 ὲν
2400 406 2560 460 παντί⁵
2576 404 2730 480 κόπῳ
2745 401 2937 486 αὑτοῦ,
2951 396 2996 471 ᾧ
3017 399 3209 472 μοχθεῖ
3230 399 3336 452 ὑπδ
3353 397 3442 450 τδν
3459 397 3611 468 ἥλιον
3621 413 3643 470 5
3655 414 3676 448 ι

421 493 649 561 diceret,
681 495 995 565 quicunque
1025 495 1128 550 sub
1149 495 1264 551 sole
1293 497 1396 552 hoc
1423 507 1508 554 est
1535 500 1810 567 mortalis,
1840 515 2000 556 enar-

422 592 528 644 ret,
569 583 848 654 vanaipse
870 585 1134 640 sectando
1163 586 1484 658 agendoque
1530 588 1798 658 quantum
1852 587 2000 642 utili-

421 677 548 732 tatis
574 687 627 734 et
651 679 926 734 commodi
981 679 1197 736 laturus
1230 680 1334 735 sit:
1367 697 1491 736 cum
1517 698 1638 752 qua:
1666 683 1826 738 hodie
1848 691 1999 750 sunt,

421 786 546 826 eras
585 771 771 828 futura
807 788 918 849 non
955 773 1106 828 sint:
1137 789 1261 840 nec,
1311 774 1358 830 si
1413 775 1541 847 quis
1598 790 1746 830 nunc
1789 774 1998 845 gloriae,

421 862 1183 938 amplitudinis,divitiarum,
1224 865 1617 922 dominationis
1655 881 1823 922 causa
1878 865 2004 920 ani-

420 969 544 1011 mos
567 957 784 1019 extulit,
844 967 898 1012 et
924 957 1071 1012 fastu
1105 967 1319 1013 tumens
1354 973 1545 1014 omnes
1599 957 1835 1030 superbe
1863 971 2000 1012 con-

424 1047 637 1113 temnit,
671 1063 780 1106 non
811 1049 858 1105 is
886 1049 1033 1106 brevi
1068 1050 1134 1106 ad
1169 1049 1526 1122 ignominiam
1551 1060 1606 1106 et
1635 1049 2001 1106 humilitatem

424 1153 841 1212 extremamque
863 1144 1102 1212 inopiam
1133 1146 1362 1201 recidat.

497 1321 686 1394 Neque
713 1340 844 1381 vero
875 1326 1380 1398 absurde,'0pinor,
1405 1329 1680 1385 existimet
1703 1332 2001 1402 quispiam,

425 1413 579 1483 illud,
617 1435 637 1468 ι
675 1417 780 1474 sub
807 1418 942 1484 sole,
973 1438 990 1470 ι
1033 1427 1361 1490 usurpatum
1381 1437 1504 1478 esse
1531 1422 1598 1477 ad
1619 1421 2000 1479 defunctorum

425 1508 827 1578 exceptionem,
853 1512 966 1581 qui,
1011 1526 1044 1566 a
1074 1512 1187 1568 sole
1227 1513 1332 1568 hoc
1365 1515 1578 1584 procul,
1631 1515 1769 1573 infra
1803 1525 2002 1572 terram

425 1611 574 1666 sunt,
614 1603 773 1672 quasi
805 1604 920 1659 haec
950 1604 1082 1660 insit
1129 1605 1182 1659 in
1219 1605 1327 1662 illis
1354 1607 1538 1662 verbis
1566 1609 1864 1676 sententia,
1901 1607 2004 1664 Ec-

423 1691 713 1748 clesiasten
754 1695 966 1750 scilicet
1010 1711 1105 1752 eos
1155 1697 1382 1768 alloqui,
1416 1699 1509 1768 qui
1555 1699 1858 1754 etiamnum
1909 1716 2004 1756 su-

423 1787 678 1852 perstites
707 1785 850 1840 hanc
889 1786 1082 1840 vivunt
1135 1787 1302 1842 vitam
1336 1807 1348 1843 :
1381 1789 1526 1858 quod
1558 1789 1660 1860 13
1698 1790 1734 1843 ii
1785 1799 2004 1846 mutare

421 1891 625 1935 mores.
654 1885 817 1946 atque
843 1893 872 1932 a
907 1879 1145 1948 pessima
1171 1880 1295 1936 vita:
1326 1883 1540 1935 ratione
1561 1880 1628 1936 ad
1653 1882 1854 1937 bonam
1885 1882 2003 1938 fru-

423 1983 544 2038 gem
591 1969 882 2026 redeuntes
930 1971 1259 2042 resipiscere
1289 1971 1452 2029 facile
1483 1974 1738 2044 possint;
1793 1974 1928 2030 illud
1955 1975 2002 2030 si

421 2059 565 2114 forte
590 2061 774 2116 animo
795 2061 1056 2132 cOgitent,
1077 2063 1179 2118 sibi
1205 2078 1424 2134 quoque
1451 2051 1768 2138 supremum
1791 2067 2004 2124 instare

421 2152 590 2216 diem,
621 2167 720 2207 nec
743 2167 804 2208 se
837 2153 1043 2221 minus,
1081 2170 1244 2225 quam
1285 2167 1512 2212 caeteros
1551 2158 1719 2212 morti
1753 2172 1877 2214 esse
1903 2158 2004 2214 de-

419 2255 580 2302 votos
613 2245 896 2319 :jamque,
943 2249 998 2304 in
1030 2249 1386 2306 mortalitatis
1409 2266 1524 2308 sua:
1550 2250 1885 2322 cogitatione
1909 2251 2004 2307 de-

420 2337 536 2402 tixi,
570 2337 853 2407 ﬂagitiosae
873 2339 1110 2414 denique
1131 2341 1258 2397 vitae
1294 2342 1588 2414 pravisque
1613 2342 1861 2402 moribus
1881 2357 2001 2398 mo-

423 2428 555 2483 dum
589 2438 812 2500 ponant.

495 2606 766 2662 Caeterum
794 2623 916 2678 quaa
945 2609 1210 2666 hactenus
1239 2609 1385 2667 dicta
1414 2621 1560 2679 sunt,
1610 2626 1801 2668 ansam
1839 2611 2004 2668 alicui

423 2699 700 2769 pra'beant
727 2700 1058 2772 ambigendi,
1093 2703 1502 2773 quaerendique,
1555 2718 1795 2775 quonam
1843 2713 2006 2776 pacto

424 2788 806 2854 Ecrlcsiastes,
830 2791 924 2860 qui
973 2792 1261 2848 hominum
1299 2795 1680 2864 improborum
1716 2811 2004 2866 perversas

425 2882 550 2937 vita:
581 2882 824 2938 rationes
853 2891 908 2940 et
935 2898 1102 2955 prava
1123 2885 1265 2942 facta
1287 2887 1540 2959 detegere
1567 2887 1674 2944 sibi
1703 2902 2004 2958 proposue-

421 2972 514 3037 rit,
549 2972 684 3027 nihil
707 2972 855 3030 aliud
884 2975 1343 3046 pronuntiaverit,
1384 2992 1547 3045 quam
1595 2995 1615 3028 ι
1656 2976 1880 3034 Vanitas
1909 2992 2002 3032 va-

422 3064 678 3130 nitatum,
705 3065 888 3120 omnia
918 3066 1170 3122 vanitas?
1206 3086 1228 3118 ι
1258 3081 1383 3124 nam
1408 3068 1457 3123 si
1490 3069 1703 3126 vanitas
1737 3079 1888 3133 sunt,
1943 3077 2005 3124 ut
2029 3101 2076 3162 α

417 3157 531 3226 jam
563 3157 824 3224 diximus,
843 3159 956 3214 sive
973 3157 1136 3225 facta,
1167 3159 1282 3216 sive
1297 3159 1464 3226 dicta,
1501 3161 1615 3215 sive
1647 3161 2005 3232 cogitationes

421 3263 766 3320 quacunque
791 3251 996 3306 nullam
1045 3250 1250 3312 habent
1299 3251 1590 3307 utilitatem
1625 3267 1640 3306 :
1671 3269 1796 3308 cum
1845 3268 2008 3308 omne

425 3340 815 3408 improbitatis,
857 3341 1226 3415 nequitiaeque
1275 3351 1332 3396 et
1382 3342 1607 3400 malitia:
1666 3359 1840 3414 genus
1895 3359 2005 3400 non

426 3433 833 3490 mudo'nullum
867 3436 1209 3492 amatoribus
1241 3437 1358 3492 suis
1384 3436 1575 3492 afferat
1631 3439 2004 3507 commodum,

425 3525 518 3580 sed
547 3525 712 3580 etiam
737 3525 807 3581 ad
833 3537 1037 3583 aeterna
1063 3528 1185 3583 illos
1207 3527 1474 3598 supplicia
1503 3530 1868 3598 transmittat;
1909 3546 2010 3586 cur

426 3632 534 3672 neu
559 3617 710 3673 aliud
745 3618 831 3675 his
862 3634 1065 3675 nomen
1095 3619 1164 3674 ab
1198 3619 1530 3676 Ecclesiaste
1557 3621 1872 3692 impositum
1899 3632 2005 3685 est,

426 3709 534 3765 nisi
599 3711 849 3766 vanitas?
897 3711 1137 3781 optabile
1172 3711 1316 3767 enim
1355 3724 1472 3766 erat
1507 3713 1648 3780 istis,
1682 3713 1779 3784 qui
1824 3713 1918 3770 diu
1951 3715 2007 3769 in

427 3803 658 3873 rapinis,
693 3803 748 3858 in
778 3803 1028 3870 avaritia,
1061 3805 1116 3858 in
1148 3804 1646 3872 criminationibus,
1662 3807 1717 3860 in
1742 3807 2004 3878 ingluvie,

431 3896 485 3950 in
518 3895 806 3961 ebrietate,
861 3896 916 3950 in
951 3897 1198 3966 crapula,
1251 3897 1306 3952 in
1343 3897 1470 3952 aliis
1499 3897 1756 3954 omnibus
1785 3897 2006 3970 ﬂagitiis

424 3989 628 4046 versati
658 3999 865 4055 essent,
893 3989 1190 4044 vanitatem
1223 4004 1414 4044 eorum
1468 3990 1602 4046 solis
1647 4005 1874 4060 operum
1907 4006 2006 4046 cu-

420 4079 623 4150 jusque
647 4078 899 4134 terminis
927 4078 1206 4134 detiuitam
1229 4093 1294 4133 ac
1337 4077 1814 4147 circumscriptam
1843 4092 2005 4145 esse;

422 4186 495 4226 ne
515 4185 640 4227 cum
670 4169 737 4225 iis
759 4171 826 4225 ad
859 4170 1006 4225 illam
1035 4184 1255 4240 quoque
1273 4178 1439 4227 Vitam
1464 4169 1699 4226 transire
1721 4159 2004 4236 deberent,

427 4263 481 4316 in
509 4279 616 4332 qua
643 4263 826 4332 justus
849 4261 1018 4331 jttdex
1053 4260 1121 4316 de
1147 4261 1419 4326 omnium,
1459 4261 1554 4331 qui
1596 4261 1707 4316 vita
1759 4259 2006 4316 defuncti

425 4358 557 4422 sint,
601 4355 812 4410 meritis
843 4363 926 4410 est
963 4353 1309 4424 cogniturus.
1342 4352 1630 4420 Quomodo
1671 4351 1836 4424 igitur
1883 4366 2007 4422 qua;

423 4449 946 4519 pwnasimportent
1009 4446 1383 4502 intolerabiles
1443 4447 1832 4522 cruciatusque
1883 4460 2007 4515 per-

425 4548 638 4610 petuos,
683 4537 898 4592 vanitas
935 4537 1234 4591 vanitatum
1275 4533 1734 4605 appellabuntur?
1774 4549 2004 4604 praeser-

426 4634 521 4688 tim
557 4647 682 4688 cum
716 4632 799 4685 vel
834 4631 900 4686 de
935 4633 1109 4684 otioso
1143 4629 1310 4684 verbo
1361 4643 1555 4697 poenas
1585 4627 1654 4682 ab
1692 4625 2006 4681 hominibus

427 4725 659 4790 dandas,
687 4725 1069 4794 rationemque
1097 4722 1148 4777 in
1181 4721 1372 4792 judicii
1405 4721 1492 4776 die
1512 4719 1836 4775 reddendam
1861 4733 2002 4783 esse,

427 4817 686 4873 Christus
705 4827 758 4872 et
783 4815 926 4872 Deus
959 4824 1146 4872 noster
1178 4816 1229 4870 in
1273 4814 1584 4884 Evangeliis
1614 4813 1846 4868 edixerit
1870 4813 1935 4867 ¹⁹.,

501 4969 732 5022 Planum
783 4983 948 5039 porro
972 4967 1103 5022 hinc
1145 4975 1250 5031 est,
1308 4967 1454 5038 quod
1517 4965 1584 5021 ad
1643 4965 2004 5036 quaestionem

429 5061 784 5130 respondeas.
821 5060 1054 5130 Sapiens
1069 5058 1214 5114 enim
1245 5057 1627 5120 Ecclesiastes,
1653 5069 1910 5126 tauquam
1937 5055 2005 5110 ad

427 5155 637 5208 tirones
680 5151 846 5207 verba
895 5151 1122 5216 faciens,
1169 5150 1446 5206 damnatis
1491 5148 1899 5219 iucrepatisque
1941 5145 2011 5200 iis

425 5249 545 5321 qui,
606 5257 817 5302 naturae
861 5246 998 5303 lines
1056 5245 1416 5314 rationesque
1444 5241 1806 5313 transgressi,
1861 5241 2007 5311 leges

429 5345 552 5414 ejus
581 5357 746 5413 aquo
777 5340 987 5398 conditi
1024 5353 1240 5404 sumus,
1268 5338 1616 5399 subvertuut,
1655 5345 1710 5390 et
1751 5335 2007 5390 volunta-

427 5437 526 5492 riis
580 5435 737 5491 liberi
791 5433 1002 5489 arbitrii
1055 5431 1349 5487 momentis
1403 5446 1469 5486 ac
1513 5429 1756 5486 motibus
1802 5429 1868 5483 ad
1919 5445 2009 5486 res

429 5527 654 5584 inutiles
673 5536 729 5582 et
758 5527 930 5584 malas
964 5527 1266 5583 abutuntur
1291 5541 1308 5591 ;
1339 5518 1472 5579 satis
1493 5538 1615 5579 esse
1650 5521 2005 5590 existimavit,

430 5622 590 5677 sieos
620 5621 688 5676 ab
715 5637 822 5676 una
879 5621 1120 5675 vanitate
1167 5616 1586 5688 reprehenderet
1637 5623 1958 5686 notarctquc
1991 5633 2002 5668 :

506 5735 548 5767 "
573 5731 764 5788 Matth.
798 5751 893 5798 xu,
929 5735 1017 5788 '56.

2104 500 2225 554 ἀντὶ
2254 497 2368 564 τοῦ,
2407 499 2520 562 Πᾶς
2538 498 2826 568 ἄνθρωπος
2855 494 3026 548 τελῶν
3055 491 3161 546 ὑπὸ
3189 490 3383 544 τοῦτον
3401 488 3494 544 τὸν
3530 489 3682 558 ἣλιον

2103 591 2313 646 είπάτω
2340 632 2356 657 ,
2391 589 2552 642 ποίαν
2581 590 2644 642 ὲκ
2677 587 2789 640 τῶν
2825 585 2928 656 τῆς
2971 582 3332 662 ματαιόητος
3394 580 3680 649 ἐπιτηδευ-

2105 683 2293 754 μάτων
2353 681 2446 734 καὶ
2495 679 2747 750 πράξεων
2811 677 2998 748 ὄνησιν
3045 675 3270 746 εὑρήσει
3323 673 3419 727 καὶ
3473 669 3682 725 λυσιτέ-

2103 775 2295 828 λειαν’
2376 771 2464 823 ἐπ’
2513 768 2580 824 ἂν
2646 769 2890 838 σήμερον
2958 763 3114 826 ἐστι,
3179 762 3276 814 καὶ
3331 758 3524 830 αὖριον
3581 757 3680 810 οὐκ

2103 865 2220 918 ἐστι
2248 880 2262 895 ο
2314 863 2412 916 καὶ
2465 859 2560 913 νῦν
2616 859 2715 930 μὲν
2771 859 2828 910 ὲν
2867 854 2992 926 δόξῃ
3050 853 3143 907 καὶ
3184 849 3546 923 μεγαλωσύνη
3588 849 3676 901 καὶ

2104 955 2320 1025 πλούτῳ
2366 952 2462 1007 καὶ
2510 948 2942 1018 καταδυναστείᾳ
2969 945 3067 1016 τὴν
3099 943 3238 997 ἰδίαν
3264 940 3495 1012 γνώμην
3539 938 3679 1005 ἐξοι-

2103 1045 2387 1100 δαίνουσαν
2412 1043 2504 1096 καὶ
2526 1038 2967 1110 φλεγμαίνουσαν
2993 1035 3082 1106 ἔχε
3093 1055 3130 1098 ι,
3149 1033 3244 1088 καὶ
3266 1046 3680 1102 καταφρυαττο-

2109 1137 2278 1207 μένην
2302 1135 2519 1188 πάντων
2534 1129 2646 1183 τῶν
2662 1115 2860 1184 511m;-
2879 1127 3014 1198 μετὰ
3031 1125 3206 1196 βραχὺ
3229 1123 3286 1176 δὲ
3308 1121 3448 1192 πρὸς
3466 1118 3680 1183 ἀδοξίαν

2105 1227 2195 1279 καὶ
2222 1222 2589 1291 ταπεινότητα
2614 1220 2710 1273 καὶ
2732 1219 2832 1289 τὴν
2879 1219 3114 1289 ἐσχάτην
3141 1214 3380 1280 ἀπορίαν
3423 1209 3677 1282 μετῆλθε.

2175 1315 2330 1384 Τάχα
2355 1313 2412 1366 δέ
2441 1329 2527 1375 τις
2548 1311 2649 1364 οὐκ
2692 1309 2996 1373 ἀπεικότως
3016 1309 3098 1372 τὸ,
3139 1330 3156 1360 ι
3195 1306 3300 1360 ὑπὸ
3329 1305 3420 1358 τὸν
3447 1304 3620 1372 ἥλιον,
3655 1318 3674 1350 ι

2103 1408 2340 1478 οίήσοιτο
2371 1403 2510 1459 κατά
2541 1400 2954 1470 ἀντιδιαστολὴν
2984 1399 3234 1470 εἰρῆσθαι
3253 1398 3361 1451 τῶν
3425 1393 3681 1464 τεθνηκόο

2104 1517 2232 1561 των,
2288 1498 2380 1553 καὶ
2413 1495 2681 1567 μηδαμῶς
2718 1495 2887 1548 ὄντων
2917 1493 3020 1546 ὑπὸ
3038 1491 3226 1545 τοῦτον
3245 1490 3338 1543 τὸν
3359 1489 3531 1560 ἥλιον,
3563 1484 3680 1539 ἀλλ’

2107 1591 2213 1644 ὑπὸ
2239 1590 2340 1660 γῆν
2365 1587 2672 1658 γεγονότων
2703 1603 2716 1616 ·
2750 1587 2838 1639 ἵνα
2862 1585 2980 1638 ἐστὶ
3003 1583 3246 1638 τοιοῦτον
3275 1581 3336 1636 τὺ
3367 1579 3678 1650 εἰρημένον·

2107 1684 2182 1747 ὡς
2222 1683 2292 1739 τὰ
2345 1683 2566 1752 ῥήματα
2637 1679 2731 1734 τοῦ
2798 1675 3227 1746 Ἐκκλησιαστοῦ
3279 1672 3683 1746 προϐέϐληνται

2037 1757 2078 1812 Β
2109 1778 2245 1846 πρὸς
2283 1775 2409 1837 τοὺς
2442 1774 2546 1844 ἤδη
2585 1771 2865 1842 παρόντας
2903 1771 2960 1824 ὲν
2990 1767 3126 1838 τῷδε
3163 1766 3242 1836 τῷ
3273 1767 3374 1838 βίῳ
3409 1766 3504 1818 καὶ⁴
3546 1764 3684 1830 ζῶν-

2103 1884 2202 1930 τας
2232 1866 2330 1936 τὴν
2360 1864 2646 1936 παροῦσαν
2677 1860 2822 1933 ζωήν
2846 1879 2860 1893 ⁸
2889 1861 2983 1916 ἁτε
3021 1859 3087 1931 δὴ
3119 1860 3215 1915 καὶ
3247 1859 3382 1929 πρὸς
3429 1861 3682 1926 ὲπιστρο·

2105 1957 2211 2029 φὴν
2241 1955 2336 2010 καὶ
2375 1953 2666 2026 μετάθεσιν
2690 1954 2793 2020 τὴν
2817 1953 2926 2008 ἀπὸ
2953 1951 3054 2020 τῆς
3082 1949 3364 2021 χειρίστης
3408 1945 3681 2007 πολιτείας

2105 2049 2200 2102 καὶ
2230 2047 2508 2117 βελτίωσιν
2551 2043 2866 2114 μεταθεῖναι
2925 2041 3130 2114 ῥᾳδίως
3177 2037 3505 2106 δυναμένους
3534 2053 3549 2067 ·
3600 2035 3680 2100 ὡς

2105 2137 2356 2192 ἐντεῦθεν
2376 2135 2556 2190 διενθυ
2564 2153 2668 2206 μου
2677 2133 2895 2205 μένους,
2914 2132 2989 2194 ὡς
3011 2133 3108 2186 καὶ
3127 2129 3283 2186 αὐτοὶ
3298 2128 3681 2197 τελευτήσουσι

2107 2229 2350 2292 πάντως,
2388 2227 2482 2280 καὶ
2512 2225 2772 2296 θνὴξουσι
2805 2221 3207 2294 παραπλησίως
3259 2219 3488 2281 ἐκείνοις
3519 2233 3534 2246 ο
3585 2217 3683 2271 καὶ
3782 2269 3788 2274 ι

2106 2319 2250 2374 κατά
2272 2319 2333 2372 τὸ
2361 2317 2658 2372 ἀκόλουθον
2683 2314 3065 2386 λαμϐάνοντας
3097 2312 3310 2364 ἔννοιαν
3337 2309 3440 2380 τῆς
3482 2306 3680 2378 θνητῆς

2107 2410 2288 2466 αὐτῶν
2341 2409 2579 2478 φύσεως,
2635 2408 2728 2461 καί
2768 2405 3184 2479 διορθουμένους
3241 2403 3340 2473 τὴν
3398 2398 3680 2472 μοχθηρὰν

2107 2502 2286 2558 αὐτῶν
2320 2501 2414 2554 καὶ
2445 2498 2658 2570 φαύλην
2699 2496 2866 2568 ζωήν.

2191 2596 2350 2652 ’Λλλᾶ
2384 2595 2495 2666 γὰρ
2524 2593 2584 2659 ἐξ
2617 2591 2944 2656 ἀκολουθίας
2972 2589 3080 2644 τῶν
3113 2587 3420 2659 εἰρημένων
3435 2583 3681 2654 ἀναφυῆ-

2106 2687 2260 2742 σεταί
2287 2704 2372 2752 τις
2404 2684 2627 2759 ἀπορῶν
2651 2683 2830 2752 λόγος,
2858 2682 2954 2736 καὶ
2985 2683 3180 2753 φήσειε
3209 2695 3224 2710 ·
3261 2677 3373 2731 Καὶ
3402 2677 3456 2729 τί
3479 2676 3682 2746 δήποτε

2105 2783 2205 2845 τὰς
2237 2777 2628 2850 πονηρολογίας
2670 2777 2766 2831 καὶ
2797 2773 3178 2847 κακοπραγίας
3223 2771 3333 2827 τῶν
3391 2769 3680 2841 μοχθηρῶς

2107 2873 2205 2927 καὶ
2235 2869 2454 2940 φαύλως
2489 2871 2546 2923 ὲν
2567 2868 2706 2939 τῷδε
2733 2866 2810 2937 τῷ
2845 2867 2944 2936 βίῳ
2973 2863 3413 2934 πολιτευομένων
3467 2859 3679 2928 ἀνθρώ-
3763 2923 3780 2929 _

2107 2981 2226 3018 πων
2267 2963 2295 3016 ό
2341 2958 2778 3032 Ἐκκλησιαστὴς
2804 2957 3044 3028 δηλῶσαι
3104 2954 3452 3026 βουλόμενος,
3513 2969 3530 3001 ι
3560 2951 3684 3016 Ma-

2106 3055 2328 3126 ταιότης
2358 3094 2374 3120 ,
2425 3049 2586 3119 εἶπε,
2641 3051 3039 3122 ματαιοτήτων,
3089 3046 3157 3100 τὰ
3219 3046 3402 3099 πάντα
3451 3042 3683 3112 ματαιό-

2107 3163 2250 3218 της;
2290 3165 2308 3198 ι
2335 3146 2398 3199 Ei
2425 3144 2534 3215 γὰρ
2577 3143 2882 3214 ματαιότης
2919 3139 3090 3202 ἐστὶν,
3111 3137 3184 3200 ὡς
3216 3135 3465 3205 ἑφθημεν
3499 3131 3684 3184 είπόν-

2109 3257 2221 3302 τες,
2252 3240 2288 3310 ἡ
2321 3235 2591 3308 μηδεμίαν
2616 3233 2890 3303 ὠφέλειαν
2924 3232 3122 3312 ἔχουσα
3148 3227 3347 3298 πρᾶξις
3377 3227 3473 3279 καὶ
3521 3223 3688 3312 λαλιά

2109 3331 2207 3384 καὶ
2228 3309 2550 3398 ἐνθύμησις,
2587 3325 2655 3378 τὰ
2707 3321 2764 3376 δὲ
2795 3321 2894 3393 τῆς
2944 3309 3282 3388 φαυλότητος
3334 3315 3431 3368 καὶ
3477 3309 3690 3383 μοχθηο

2113 3423 2234 3494 ρίας
2261 3419 2378 3488 εἴδη
2407 3417 2504 3472 καὶ
2531 3417 2630 3486 τῆς
2660 3413 2862 3480 κακίας
2891 3411 3028 3483 πρὸς
3055 3410 3132 3480 τῷ
3173 3405 3445 3479 μηδεμίαν
3495 3405 3688 3474 ὄνησιν

2111 3510 2392 3584 προξενεῖν
2410 3511 2523 3571 τοῖς
2555 3506 2706 3576 σφῶν
2725 3505 3004 3576 ἐρασταῖς,
3032 3500 3112 3558 ἔτι
3136 3501 3228 3553 καὶ
3259 3497 3395 3570 πρὸς
3425 3497 3522 3560 τάς
3553 3497 3692 3584 αἰω-

2108 3581 2362 3666 νινςούσας
2418 3594 2888 3667 παραπέμπουσιν
2939 3589 3140 3654 αὐτοὺς
3189 3585 3506 3656 τιμωρίας·
3569 3581 3692 3646 πῶς

2109 3693 2514 3766 ὠνομάσθησαν
2541 3691 2620 3760 τῷ
2666 3685 3066 3756 Ἐκκλησιαστῇ
3099 3681 3396 3753 ματαιότης
3421 3697 3435 3742 ;
3463 3682 3699 3747 ἀγαπης

2109 3789 2202 3846 τὸν
2233 3786 2342 3856 γὰρ
2383 3780 2456 3856 ,ἦν
2483 3785 2600 3845 τοῖς
2633 3779 2992 3834 ἐσπουδακόσι
3031 3777 3158 3846 περὶ
3183 3775 3280 3846 τὴν
3314 3771 3574 3844 ἁρπαγὴν
3593 3769 3698 3822 καὶ

2109 3878 2210 3950 τὴν
2242 3874 2559 3940 πλεονεξίαν
2592 3873 2687 3926 καὶ
2718 3872 2814 3940 τὴν
2854 3865 3223 3938 συκοφαντίαν
3261 3865 3355 3918 καὶ
3390 3865 3494 3932 τὴν
3531 3860 3696 3929 ἀδδηα

2113 3968 2318 4040 φαγίαν
2349 3967 2440 4021 καὶ
2461 3963 2634 4036 μέθην
2649 3964 2743 4017 καὶ
2764 3959 3071 4031 κραιπάλην
3089 3957 3183 4010 καὶ
3198 3955 3296 4024 τὴν
3314 3954 3482 4023 ἀλλην
3507 3951 3692 4004 πᾶσαν

2111 4057 2502 4130 κακοπραγίαν
2535 4054 2886 4126 περιορίσθαι
2923 4052 3016 4105 καὶ
3071 4045 3519 4120 περιγεγράφθω
3577 4043 3692 4094 τῶν

2114 4151 2263 4206 ίδίων
2292 4145 2586 4220 ἐνεργειῶν
2630 4143 2814 4215 μόνοις
2837 4143 2950 4204 τοῖς
2973 4141 3208 4210 πέρασιν
3233 4154 3248 4167 ο
3285 4135 3442 4190 ἀλλὰ.
3459 4133 3536 4203 μὴ
3565 4147 3696 4184 συν-

2113 4239 2399 4312 απῲχοντο
2425 4235 2639 4295 τούτοις
2664 4233 2760 4288 καὶ
2806 4231 2944 4304 πρὸς
2971 4230 3072 4299 τὴν
3130 4227 3344 4282 ἐκεῖθεν
3405 4224 3573 4293 ζωὴν,
3627 4224 3691 4276 ἐν

2116 4328 2153 4408 ᾗ
2191 4331 2288 4400 τὴν
2315 4329 2425 4384 τῶν
2453 4324 2804 4399 βεϐιωμένων
2826 4322 3027 4393 ῶρισεν
3055 4322 3084 4374 ὁ
3103 4319 3308 4382 δίκαιος
3337 4315 3533 4408 κριτὴς
3559 4315 3692 4408 ἀντ-

2035 4439 2084 4496 ι)
2115 4423 2394 4480 απόδοσιν.
2455 4418 2584 4482 Πῶς
2619 4412 2714 4471 οὖν
2745 4415 2815 4469 τὰ
2844 4412 3216 4486 προξενοῦντα
3247 4407 3522 4480 τιμωρίας
3585 4407 3691 4460 ἀν-

2114 4518 2412 4579 υποίστους
2447 4515 2543 4568 xal
2575 4511 2826 4574 κολάσεις
2852 4507 3247 4576 ἀτελευτήτους
3269 4501 3694 4574 ὠνομασθὴσον-

2110 4630 2198 4672 ται
2225 4607 2526 4681 ματαιότης
2559 4607 2939 4677 ματαιοτήτων
2965 4621 2981 4668 ;
3009 4603 3144 4655 ὅπου
3162 4617 3224 4664 γε
3253 4596 3501 4667 καὶὺπὲρ
3519 4591 3692 4664 ἀργοῦ

2069 4736 2086 4750 ο
2114 4703 2278 4772 λόγου
2338 4703 2452 4763 τοῖς
2481 4698 2788 4770 ἀνθρώποις
2824 4689 3330 4764 εἰσπραχθήσετῠαι
3369 4689 3545 4751 δίκας,
3597 4684 3695 4737 καὶ

2112 4797 2274 4864 λόγον
2327 4781 2633 4849 ἀποδώσειν
2663 4788 2806 4842 κατά
2837 4787 2936 4858 τὴν
2981 4785 3198 4855 ἡμέραν
3251 4783 3348 4853 τῆς
3371 4781 3604 4850 κρίσεως
3629 4779 3690 4830 ἐν

2111 4891 2228 4952 τοῖς
2265 4883 2632 4954 Εὑαγγε).ίοις
2657 4882 2824 4952 φησιν
2853 4876 3153 4949 όγΧριστδς
3185 4875 3278 4928 καὶ
3329 4873 3460 4938 Θεὸς
3492 4869 3668 4941 ἡμῶν.

2186 4979 2344 5032 Ἔστι
2365 4975 2422 5031 δὲ
2449 4973 2770 5048 καταφανὴς
2807 4963 3033 5024 αὐτόθεν
3059 4968 3160 5038 τῆς
3191 4964 3429 5035 ἀπορίας
3455 4965 3489 5034 ἡ
3513 4961 3687 5023 λύσις.

2126 5073 2184 5126 Ὀ
2217 5071 2327 5142 γὰρ
2362 5068 2524 5138 σοφὸς
2570 5061 3004 5135 Ἐκκλησιαστὴς
3037 5061 3112 5122 ὡς
3144 5059 3281 5130 πρὸς
3299 5055 3686 5125 εἰσαγομένους

2109 5164 2204 5218 τὸν
2227 5163 2386 5230 λόγον
2413 5158 2758 5228 ποιούμενος,
2789 5154 2884 5208 καὶ⁸
2912 5149 3342 5218 καταγινώσκων
3372 5147 3468 5200 καὶ
3523 5161 3686 5198 κστα-

2115 5253 2466 5326 μεμφόμενος
2493 5249 2602 5310 τῶν
2630 5243 3165 5318 παραχαραττόντων
3207 5241 3338 5304 τοὺς
3383 5239 3544 5310 ὅρους
3597 5236 3692 5290 καὶ

2111 5347 2306 5412 λόγους
2331 5344 2431 5413 τῆς
2461 5341 2698 5412 φύσεως,
2743 5338 2838 5392 καὶ
2869 5337 2998 5396 τοὺς
3023 5335 3223 5404 νόμους
3266 5329 3362 5385 τοῦ
3409 5330 3692 5389 κτίσαντος

2109 5440 2260 5512 ἡμᾶς
2293 5431 2852 5506 παραλογιζομένους,
2881 5431 2977 5482 καὶ
3005 5429 3126 5511 ταῖς
3158 5423 3572 5496 προαιρετικαῖς
3595 5415 3689 5470 τοῦ

2112 5527 2464 5593 αὐτεξουσίου
2499 5525 2695 5596 ῥοπαῖς
2727 5523 2824 5576 καὶ
2867 5521 3120 5593 κινήσεσι
3169 5516 3547 5590 κεχρημένους
3603 5513 3696 5567 ἐπὶ

2115 5625 2225 5683 τοῖς
2256 5616 2598 5688 ἀσυμφόρως
2653 5614 2747 5667 καί
2787 5611 3032 5681 φαύλοις,
3099 5607 3405 5681 ἀποχρῆναι
3446 5605 3696 5677 ἡγήσατο
