3982 6190
297 284 422 349 ’733

1429 291 1491 352 s.
1535 261 1920 350 suadetur
1957 253 2474 354 AGRiGENTINI

3033 218 3204 241 ,ηρ-.

3484 288 3558 350 76
3568 275 3604 346 ι·

318 401 480 457 valde
509 403 736 472 pulchra
758 412 971 474 reperta
1004 419 1148 472 esse,
1172 404 1362 462 divino
1390 407 1705 464 testimonio
1738 407 1900 462 doce-

2025 398 2198 471 τονὸτα
2229 409 2409 462 πάντα
2438 407 2580 462 καλά
2619 407 2740 460 λίαν
2770 407 3240 479 ἐμαρτυρήθησαν
3262 420 3278 436 ⁸
3317 403 3413 459 καὶ
3465 402 3592 458 οὔτε

318 508 464 548 mur.
487 491 671 563 Neque
695 509 827 549 vero
855 504 950 550 aut
974 495 1286 552 divinarum
1307 497 1636 553 Litterarum
1681 508 1902 553 senten-

320 588 410 642 tiae
447 587 723 642 adversari
747 585 830 642 ias
858 599 962 653 est,
995 597 1094 644 aut
1124 590 1398 659 cognitam
1441 590 1902 660 manifestamque

319 677 610 732 utilitatem
635 689 691 733 et
722 679 1189 748 pulchritudinem
1221 691 1276 735 et
1307 681 1556 736 ordinem
1589 681 1769 750 ipsum
1801 695 1898 734 na-

321 777 455 825 tura
481 769 536 824 in
571 769 660 834 iis,
683 787 804 840 quae
832 781 962 826 sunt
991 789 1227 844 quaeque
1266 773 1542 838 visuntur,
1593 773 1904 843 quomodo-

317 878 535 933 cunque
575 864 825 932 redargui
854 879 954 934 par
983 877 1120 920 erat.
1151 867 1292 932 Quin
1334 875 1389 920 et
1415 866 1674 921 homines
1695 865 1902 935 priscos

339 963 716 1022 recentesque,
757 955 951 1024 qui‘rei
978 957 1195 1012 rustica:
1225 957 1394 1012 dediti
1445 967 1606 1014 terra
1639 957 1900 1023 cultores,

321 1057 660 1112 operumque
691 1045 920 1100 studiosi
950 1044 1192 1110 fuerunt,
1215 1047 1388 1102 sacris
1425 1049 1480 1102 in
1518 1047 1738 1102 Litteris
1761 1062 1904 1101 com-

321 1133 570 1188 mendari
622 1133 892 1201 videmus,
948 1145 1253 1206 contraque
1307 1138 1401 1207 qui
1454 1138 1789 1209 negligentes
1851 1146 1907 1193 et

323 1225 510 1295 ignavi
535 1235 590 1281 et
617 1225 835 1283 desides
868 1226 1001 1292 sint,
1037 1227 1224 1282 multis
1245 1229 1567 1298 reprehendi
1611 1248 1625 1284 :
1655 1231 1906 1300 quando-

323 1317 543 1388 quidem
571 1327 626 1372 et
657 1318 843 1388 initio,
869 1335 996 1374 cum
1023 1321 1162 1376 Deus
1195 1321 1412 1390 generis
1473 1323 1643 1377 nostri
1699 1324 1906 1393 princi-

326 1422 446 1476 pem
483 1409 663 1472 ﬂuxit,
698 1409 756 1462 in
789 1410 1042 1478 paradiso
1070 1411 1392 1467 collocavit:
1423 1431 1442 1464 ι
1485 1412 1556 1468 Ut
1583 1425 1906 1484 operaretur

325 1509 378 1553 et
405 1501 710 1555 custodiret
734 1501 886 1556 illum
915 1501 980 1554 ¹¹.
1023 1521 1042 1555 ι
1074 1503 1138 1558 Ει
1165 1505 1234 1559 de
1267 1503 1453 1560 lsaaco
1484 1507 1749 1576 scriptum
1781 1517 1902 1562 est:

331 1611 351 1638 ι
383 1588 536 1646 Sevit
565 1592 618 1646 in
659 1602 804 1648 terra
831 1594 941 1659 illa,
971 1603 1026 1649 et
1072 1612 1215 1650 anno
1238 1597 1428 1652 eodem
1461 1597 1722 1653 hordeum
1754 1599 1907 1653 inve-

328 1683 408 1737 nit
429 1685 796 1754 centuplicato
819 1685 956 1756 (νε).
989 1705 1011 1737 ι
1043 1686 1292 1756 Longum
1316 1705 1442 1744 vero
1459 1701 1608 1744 esset
1636 1699 1688 1745 et
1717 1706 1901 1760 grave,

2005 497 2083 568 τῷ
2109 497 2252 568 λόγῳ
2283 500 2384 570 τῆς
2407 500 2558 564 θείας
2581 501 2808 572 Γραφῆς
2834 495 2946 553 οἷόν
2971 501 3030 552 τέ
3057 501 3177 552 ἐστι
3207 497 3590 568 ἁντιφάσκειν,

2003 592 2128 648 οὔτε
2153 594 2251 664 τὴν
2279 595 2692 664 διεγνωσμένην
2723 594 2817 648 καὶ
2844 590 3303 662 κατειλημμένην
3319 585 3591 659 χρησιμό-

2003 698 2144 750 τητα
2178 683 2273 736 καὶ
2306 682 2573 754 καλλονὴν
2599 683 2694 736 καὶ
2724 682 2882 746 τάξιν
2909 680 3012 751 τῆς
3035 679 3256 750 φύσεως
3281 679 3390 732 τῶν
3421 677 3592 730 ὄντων

2007 765 2506 844 καὶ’φαινορένων
2555 774 2810 830 ὁπωσοῦν
2857 772 3228 828 ἐνδιαϐάλλειν
3285 771 3582 842 προσῆκεν.

2017 865 2180 918 Ἀλλά
2207 867 2302 919 καὶ
2353 867 2480 930 τοὺς
2507 867 2605 930 τὰς
2638 866 2954 938 γεωργικὰς
2989 863 3312 937 ἐπιμελείας
3352 863 3448 916 καὶ
3479 877 3582 930 γη-

2007 957 2206 1020 πονίας
2263 957 2361 1010 καὶ
2417 957 2705 1027 φιλεργίας
2744 959 3048 1027 ἐσχηκότας
3099 953 3422 1025 ἀνθρώπους
3481 966 3592 1002 πα-

2005 1049 2190 1114 λαιούς
2251 1067 2312 1103 τε
2365 1052 2460 1104 καὶ
2511 1051 2664 1114 νέους
2691 1047 3279 1119 κατασεμνυνομένους
3331 1042 3592 1112 εὑρίσκο-

2011 1157 2110 1210 μεν
2142 1141 2246 1195 ὑπὸ
2273 1141 2376 1208 τῆς
2407 1141 2562 1206 θείας
2595 1141 2822 1212 Γραφῆς
2846 1157 2860 1171 ⁸
2893 1141 2968 1203 ὡς
3019 1137 3258 1208 ἔμπαλιν
3281 1135 3410 1196 τοὺς
3454 1134 3643 1214 all",
3677 1145 3687 1151 ’

2003 1230 2116 1294 λεῖς
2143 1231 2236 1284 καὶ
2265 1232 2470 1302 ἀργοὺς
2501 1232 2596 1286 καὶ
2627 1229 2907 1302 ῥᾳθύμους
2932 1227 3174 1299 μέμψεσι
3204 1223 3434 1286 πολλαῖς
3459 1221 3600 1275 καθ-

2004 1320 2499 1392 υποϐεϐλημένους.
2547 1322 2766 1392 Ἐπειδὴ
2798 1321 2888 1373 καὶ
2919 1321 3042 1373 κατ’
3072 1317 3245 1389 ἀρχάς
3280 1315 3446 1388 ἡνίκα
3505 1314 3600 1366 τὸν

2007 1415 2308 1486 γεννάρχην
2353 1415 2585 1468 ἔπλασεν
2605 1419 2633 1469 ὀ
2654 1415 2808 1478 Θεὸς,
2839 1415 2901 1466 ἐν
2932 1412 3010 1482 τῷ
3064 1411 3388 1482 παραδείσῳ
3421 1407 3594 1473 ἔθετο,

2013 1525 2031 1558 ι
2067 1507 2613 1577 Ἐργάζεσθαιαύτὸν
2669 1507 2766 1560 καὶ
2829 1505 3154 1576 φυλάσσειν.
3193 1521 3211 1555 ι
3277 1502 3599 1572 Γέγραπται

2005 1598 2063 1652 δέ
2094 1599 2190 1654 καὶ
2223 1599 2475 1670 περὶτοῦ
2519 1599 2726 1660 Ἰσαὰκ,
2779 1597 2857 1662 ὡς
2899 1617 2917 1648 ι
2969 1597 3270 1666 Ἕσπειρεν
3301 1597 3360 1648 ἐν
3413 1596 3474 1662 τῇ
3527 1595 3598 1662 γῇ

2007 1692 2211 1764 ἐκείνῃ,
2239 1694 2333 1772 καὶ
2363 1687 2485 1763 εὗρε
2506 1693 2584 1762 τῷ
2622 1691 2853 1760 ἐνιαυτῷ
2876 1689 3071 1760 ἐκείνῳ
3097 1685 3599 1742 ἐκαστοστεύουσαν

327 1794 450 1848 qua:
497 1780 562 1832 de
603 1779 688 1834 his
723 1789 943 1834 exstant
983 1781 1317 1846 testimonia,
1372 1783 1456 1836 vel
1507 1783 1758 1837 evolvere
1824 1784 1908 1836 vel

2025 1782 2208 1853 κριθήν
2233 1797 2247 1813 ο
2279 1767 2301 1833 ί
2336 1781 2432 1834 καὶ
2473 1779 2684 1851 μακρὸν
2721 1779 2797 1832 ἀν
2819 1777 2905 1850 εἴη
2939 1779 3034 1831 καὶ
3062 1775 3319 1849 φορτικὸν
3342 1775 3442 1840 τάς
3473 1773 3602 1844 περὶ

330 1867 552 1923 referre.
585 1867 796 1924 Novere
819 1871 965 1924 enim
1007 1886 1200 1926 onmes
1221 1886 1284 1925 ca
1324 1871 1508 1936 etiam,
1533 1887 1656 1942 quae
1695 1887 1726 1928 e
1777 1889 1910 1928 con-

329 1959 500 2014 trario
551 1960 620 2014 ad
664 1955 1149 2031 reprehensionem
1195 1963 1499 2018 otiosorum
1551 1973 1604 2018 et
1658 1967 1908 2036 segninm

331 2052 536 2121 prolata
559 2061 708 2119 sunt,
743 2070 974 2122 quorum
1001 2071 1164 2111 causa
1197 2057 1422 2121 dicitur,
1459 2074 1478 2108 ι
1503 2056 1618 2131 Viae
1649 2058 1910 2112 inertium

220 2148 228 2157 '
331 2153 514 2200 strata:
543 2145 716 2216 spinis
747 2145 888 2218 (29).
927 2169 946 2198 ι
978 2147 1057 2202 Ac
1079 2159 1300 2203 rursum
1346 2167 1360 2203 :
1393 2168 1411 2199 ι
1451 2147 1602 2203 Vade
1628 2150 1696 2204 ad
1727 2151 1912 2205 formi-

329 2253 474 2298 cam.
515 2252 550 2292 ο
575 2237 744 2308 piger,
777 2246 944 2307 atque
963 2239 1222 2294 aemulare
1253 2240 1371 2294 vias
1419 2241 1563 2309 ejus,
1591 2249 1648 2296 et
1670 2251 1790 2296 esto
1821 2241 1914 2296 illa

331 2326 672 2396 sapientior;
703 2343 830 2382 nam
857 2343 980 2382 cum
1009 2330 1058 2382 ei
1103 2345 1208 2382 non
1242 2331 1316 2385 sit
1346 2331 1578 2400 agellus,
1608 2347 1784 2400 neque
1815 2332 1914 2387 ha-

336 2420 458 2473 beat
481 2419 575 2488 qui
603 2427 784 2488 cogat,
819 2435 996 2490 neque
1027 2421 1130 2476 sub
1155 2421 1382 2475 domino
1411 2422 1502 2486 sit,
1534 2433 1689 2492 parat
1729 2421 1916 2478 aestate

337 2510 660 2564 alimentum
699 2519 754 2564 et
782 2511 1011 2566 multam
1047 2513 1100 2566 in
1131 2529 1308 2569 messe
1336 2513 1465 2568 facit
1491 2515 1912 2570 acervationem.

338 2605 442 2656 Ant
471 2601 604 2656 vade
627 2601 695 2656 ad
729 2601 909 2672 apem,
937 2615 990 2658 ct
1024 2605 1196 2671 disce,
1224 2605 1503 2676 quomodo
1527 2607 1778 2676 operaria
1808 2616 1914 2674 est,

337 2703 501 2762 atque
523 2708 662 2764 opus
683 2710 846 2750 suum
880 2711 1044 2765 quam
1079 2697 1388 2766 speciosum
1421 2697 1570 2761 facit,
1626 2699 1786 2768 cujus
1833 2699 1926 2753 la-'

336 2785 562 2842 boribus
588 2802 742 2858 reges
761 2788 1068 2858 privatique
1081 2789 1146 2843 ad
1170 2790 1459 2846 sanitatem
1483 2800 1720 2847 utuntur
1744 2789 1912 2862 (50).»

337 2877 562 2948 Magnus
594 2894 722 2933 vero
773 2879 1004 2946 Paulus,
1044 2897 1108 2936 os
1151 2882 1285 2936 illud
1343 2898 1596 2948 aureum,
1633 2899 1702 2938 ne
1737 2885 1915 2942 inesu

337 2971 557 3040 quidem
579 2989 796 3028 cessare
829 2990 1160 3044 quemquam
1197 2985 1251 3028 et
1280 2975 1516 3030 otiosum
1549 2991 1671 3030 esse
1701 2979 1922 3046 permit-

337 3064 405 3117 tit
431 3064 497 3116 ".
528 3063 815 3129 Quomodo
841 3065 1010 3134 igitur
1041 3065 1283 3135 cegitare
1329 3067 1434 3138 16
1466 3067 1643 3133 liceat,
1695 3085 1817 3136 qua:
1863 3068 1916 3122 in

338 3170 520 3208 rerum
542 3165 732 3210 natura
747 3157 1012 3224 videmus,
1031 3173 1094 3211 ea
1123 3159 1417 3212 vanitatem
1444 3175 1566 3213 esse
1593 3161 1922 3214 vanitatum?

343 3256 433 3300 aut
461 3248 786 3302 sententiam
823 3247 1128 3319 illam,qute
1146 3251 1373 3304 adducta
1397 3262 1497 3312 est,
1539 3269 1558 3301 ι
1587 3250 1724 3315 Quid
1764 3251 1923 3306 habet

301 3358 306 3363 -
345 3335 576 3402 amplius
604 3338 770 3390 homo
809 3338 875 3392 de
909 3339 1168 3392 universo
1201 3339 1388 3392 labore
1416 3355 1538 3405 suo,
1579 3356 1685 3408 quo
1715 3340 1924 3394 laborat

343 3427 445 3479 sub
469 3427 628 3480 sole?
661 3446 680 3479 ι
720 3435 879 3482 terrae
925 3443 1091 3498 Opera
1119 3429 1478 3498 significare?
1529 3429 1760 3500 Propter
1801 3448 1924 3500 qua:

343 3517 524 3586 potius
558 3517 825 3572 honestus
856 3528 909 3572 et
950 3517 1257 3572 industrius
1286 3527 1339 3572 et
1371 3519 1478 3570 Deo
1524 3519 1722 3573 charos
1761 3520 1924 3572 homo

346 3606 419 3658 sit
457 3605 732 3671 inventus,
764 3606 894 3660 illud
926 3607 1134 3662 scilicet
1164 3598 1294 3660 cura
1325 3605 1598 3675 ejusmodi
1631 3617 1686 3662 et
1710 3607 1916 3662 laberis

342 3697 666 3751 assiduitate
696 3708 1046 3764 consecutus,
1079 3707 1136 3752 nt
1161 3708 1212 3752 et
1235 3713 1440 3768 egenos
1469 3698 1660 3764 aleret,
1722 3710 1774 3753 et
1824 3701 1916 3754 ho-

347 3789 526 3858 spites
564 3789 796 3859 benigne
816 3791 1113 3860 acciperet,
1143 3799 1198 3846 et
1226 3791 1330 3844 alia
1360 3789 1471 3846 Deo
1492 3791 1732 3862 jucunda
1780 3792 1923 3849 face-

344 3893 447 3940 rei.

418 4063 550 4120 Nam
579 4067 680 4121 nisi
704 4067 796 4134 sit,
828 4067 922 4138 qui
953 4067 1254 4123 sudoribus
1279 4068 1397 4123 suis
1432 4077 1487 4123 et
1514 4067 1796 4123 laboribus
1831 4082 1925 4124 co-

343 4156 488 4226 piam
512 4156 614 4210 sibi
647 4167 820 4226 paret,
846 4167 904 4210 nt
924 4166 979 4210 et
1016 4158 1130 4227 ipse
1151 4157 1413 4220 abundet,
1467 4166 1522 4210 et
1551 4156 1924 4226 indigentibus

343 4249 694 4302 cutnmodare
715 4249 908 4313 possit,
941 4249 1033 4318 qui
1061 4249 1526 4318 comprobabitur,
1555 4257 1650 4302 aut
1677 4249 1744 4302 ad
1761 4264 1922 4318 quem

345 4341 621 4410 pertinere
659 4341 977 4410 putabimus
995 4340 1202 4396 dictum
1233 4341 1364 4395 illud
1405 4359 1418 4394 :
1451 4359 1470 4392 ι
1511 4339 1798 4410 Dispersit,
1829 4341 1926 4396 de-

344 4434 775 4510 ditpattpcrilms
817 4433 1082 4503 :jnstilia
1137 4435 1260 4504 ejus
1319 4443 1507 4488 manet
1553 4434 1606 4489 in
1662 4435 1923 4490 sti-culum

345 4528 530 4583 seculi
555 4528 634 4582 ἠ
664 4548 682 4580 ι
723 4528 903 4596 Quare
931 4527 1067 4583 nihil
1089 4528 1361 4600 ejusmodi
1396 4527 1718 4600 designabat
1744 4527 1926 4585 Eccle-

345 4621 568 4685 siastes,
601 4621 695 4676 sed
747 4621 879 4676 illud
931 4623 986 4677 in
1038 4622 1223 4677 animo
1259 4621 1520 4678 habuisse
1565 4621 1804 4686 videtur,
1865 4630 1926 4676 ut

344 4709 495 4764 clare
559 4711 901 4780 praeciperet,
942 4727 1009 4766 ne
1043 4710 1169 4782 quis
1222 4726 1466 4778 unquam
1524 4710 1592 4766 iis
1621 4710 1928 4765 exuberare

346 4803 606 4869 operibus
638 4802 817 4866 vellet,
851 4818 974 4872 qua:
1007 4801 1062 4856 in
1100 4801 1372 4856 detestata
1409 4801 1711 4871 voluptate,
1764 4810 1928 4870 atque

347 4893 404 4945 in
435 4894 876 4960 corruptelarum
909 4893 1188 4948 illecebris
1205 4900 1259 4948 et
1283 4893 1335 4947 in
1369 4893 1650 4949 obscmnis
1673 4893 1928 4961 corporis

348 4982 673 5038 libidinibus
704 4997 996 5039 versantur
1039 5004 1054 5040 :
1089 4993 1184 5040 aut
1239 4987 1292 5040 in
1333 4986 1737 5056 cupiditatibus
1769 4987 1838 5040 iis
1873 4995 1930 5041 ct

348 5077 500 5132 curis
531 5084 583 5130 et
604 5077 868 5132 servitute
898 5087 951 5131 et
998 5079 1282 5142 terumnis,
1317 5095 1458 5149 quas
1491 5079 1744 5135 homines
1777 5079 1927 5133 inani

289 5151 297 5159 ’
349 5170 540 5240 gloriae
571 5171 757 5226 studio
792 5173 1065 5236 tolerant;
1097 5188 1164 5228 es
1195 5175 1404 5244 quibus
1441 5189 1552 5229 non
1609 5173 1776 5228 modo
1806 5173 1930 5228 nul-

350 5263 460 5318 lum
495 5264 724 5318 omnino
755 5277 948 5334 cepere
992 5265 1252 5332 fructum,
1293 5266 1388 5320 sed
1427 5280 1593 5336 saepe,
1640 5266 1931 5334 ingruente

351 5356 670 5415 morborum
713 5360 966 5422 cohorte,
997 5368 1208 5414 natura:
1239 5375 1464 5430 quoque
1525 5361 1669 5414 vires
1721 5358 1926 5412 amise-

332 5499 342 5508 .
423 5469 466 5502 ³⁸
493 5469 632 5526 Gen.
655 5487 716 5538 ιι,
753 5471 839 5538 15,
915 5473 960 5503 ’¹
993 5473 1015 5527 l
1045 5473 1172 5526 (lor.
1204 5489 1258 5538 ιι,
1286 5474 1376 5528 5i.
1453 5475 1499 5506 "
1536 5473 1682 5529 Psal.
1711 5488 1822 5538 cxi,
1855 5471 1912 5526 9.

353 5563 706 5702 κρὲἓξὶίῖοιι.
743 5583 896 5633 xxvr,
929 5569 1013 5622 l2.
1065 5567 1256 5624 Latina
1299 5578 1483 5624 nostra
1539 5585 1647 5624 non
1694 5567 1931 5624 reddunt

429 5702 546 5776 (‘29)
578 5706 736 5765 Prov.
777 5727 866 5777 xv,
901 5713 984 5770 l9.
1015 5712 1070 5766 In
1121 5711 1330 5768 Latinis
1375 5711 1454 5767 sic
1488 5709 1729 5767 redditur
1761 5728 1772 5764 :
1819 5707 1930 5763 lter

2013 1871 2122 1927 τῶν
2167 1873 2428 1926 τοιούτων
2477 1871 2784 1943 μαρτυρίας
2841 1871 3142 1924 ἀνελίττειν
3198 1869 3294 1922 καὶ
3345 1869 3598 1939 φάσκειν.

2015 1965 2184 2034 Δῆλον
2213 1965 2321 2036 γάρ
2364 1965 2480 2018 ἐστι
2529 1965 2664 2017 πᾶσι
2719 1963 2812 2016 καὶ
2863 1962 2934 2016 τά
2972 1961 3099 2014 κατ’
3150 1959 3469 2014 ἐναντίωσιν
3522 1959 3599 2022 εἰς

2018 2057 2228 2128 μέμψιν
2269 2057 2538 2128 εἰρημένα
2566 2053 2688 2109 τῶν
2732 2055 2950 2126 ἀέργων
2983 2053 3081 2106 καὶ⁷
3109 2051 3381 2122 ὀκνηρῶν,
3405 2050 3474 2103 δι’
3521 2042 3598 2102 ὧν

2021 2165 2154 2219 φησι
2181 2161 2194 2176 °
2243 2165 2263 2198 ι
2313 2146 2454 2200 Ὀδοὶ
2485 2145 2704 2216 ἀέργων
2737 2143 3084 2214 ἐστρωμέναι
3111 2139 3378 2204 ἀκάνθαις
3404 2157 3418 2170 ·
3458 2157 3478 2190 ι
3506 2139 3602 2192 καὶ
3649 2140 3657 2145 ’

2018 2239 2200 2302 πάλιν,
2241 2227 2401 2291 ιἾθι
2459 2236 2596 2306 πρὸς
2651 2234 2746 2288 τὸν
2805 2233 3096 2305 μύρμηκα,
3150 2226 3196 2286 ὦ
3231 2231 3454 2303 ὁκνηρέ,
3510 2229 3605 2284 καὶ

2019 2330 2262 2401 ζήλωσον
2291 2329 2390 2392 τὰς
2411 2328 2566 2392 ὀδοὺς
2593 2325 2786 2390 αὐτοῦ,
2829 2326 2924 2379 καὶ
2957 2325 3119 2394 γενοῦ
3175 2325 3400 2380 ἐκείνου.
3432 2323 3604 2393 σοφῶς

2019 2439 2179 2494 τερος
2206 2439 2220 2452 ο
2256 2420 2451 2491 ἐκείνῳ
2479 2417 2586 2490 γὰρ
2617 2415 2894 2487 γεωργίου
2931 2416 3005 2488 μὴ
3035 2417 3400 2490 ὑπάρχοντος,
3473 2416 3606 2487 μηδὲ

2017 2514 2110 2568 τὸν
2136 2511 2519 2582 ἀναγκάζοντα
2549 2509 2716 2581 έχων,
2753 2507 2859 2563 ὑπὸ
2885 2507 3158 2580 δεσπότην
3186 2507 3286 2572 ὣν,
3320 2508 3605 2578 ἑτοιμάζε-

2018 2622 2104 2660 ται
2139 2605 2333 2675 θέρους
2370 2605 2472 2676 τὴν
2508 2607 2713 2677 τροφὴν
2747 2649 2761 2672 ,
2820 2603 3024 2676 πολλὴν
3075 2601 3131 2655 δέ
3165 2602 3224 2654 ἐν
3281 2599 3360 2672 τῷ
3413 2599 3605 2672 ἀμητῷ

2021 2701 2255 2752 ποιεῖται
2304 2699 2406 2768 τὴν
2464 2689 2914 2768 παράθεσιν.⁶Ἢ
2985 2693 3458 2778 πορεύθητιπρὸς
3508 2692 3606 2764 τὴν

2027 2791 2318 2862 μέλισσαν,
2351 2791 2447 2844 καὶ
2481 2789 2620 2861 μάθε
2651 2789 2728 2853 ὡς
2756 2788 2982 2860 ἐργάτις
3011 2786 3150 2853 ἐστὶ,
3203 2786 3305 2855 τήν
3355 2801 3412 2837 τε
3447 2785 3608 2854 ἐργα-

2025 2883 2150 2935 σίαν
2189 2882 2265 2946 ῶς
2298 2881 2504 2952 σεμνὴν
2532 2881 2788 2946 ποιεῖται,
2821 2875 2891 2952 ἧς
2923 2878 3054 2940 τοὺς
3115 2876 3315 2938 πόνους
3371 2875 3606 2944 βασιλεῖς

2021 2975 2115 3028 καὶ
2145 2974 2352 3028 ἰδιῶται
2379 2975 2514 3046 πρδς
2539 2973 2730 3040 ὑγείαν
2749 2971 3174 3046 προσφέρονται.
3212 2988 3230 3020 ι
3269 2968 3327 3022 ’0
3355 2968 3410 3021 δὲ
3433 2967 3607 3038 μέγας

2025 3065 2122 3120 καὶ
2176 3065 2553 3136 χρυσὸστομος
2581 3061 2794 3126 Παῦλος
2845 3059 3308 3134 παρακελεύεται,
3367 3058 3501 3128 μηδέ
3549 3058 3608 3110 τὸ

2028 3156 2248 3210 σύνολον
2293 3157 2420 3218 τοὺς
2447 3156 2650 3226 ἀργοὺς
2675 3156 2768 3206 καὶ
2795 3153 3076 3224 ῥᾳθύμους
3107 3150 3334 3205 ἐσθίειν.
3365 3151 3492 3212 Πῶς
3514 3144 3609 3202 οὖν

2027 3249 2309 3319 δυνάμεθα
2329 3251 2469 3301 νοεῖν
2500 3247 2533 3319 ἢ
2574 3248 2642 3300 τὰ
2668 3248 2724 3299 ἐν
2753 3249 2865 3311 τοῖς
2891 3241 3014 3318 οῦσι
3043 3243 3351 3316 φαινόμενα
3378 3260 3525 3313 ματα
3537 3241 3608 3294 t6-

2029 3358 2168 3412 τητα
2201 3341 2602 3412 ματαιοτήτων,
2629 3339 2662 3410 ἢ
2693 3337 2753 3391 τὸ
2783 3336 3130 3404 ἐπαγόμενον
3159 3335 3325 3406 ρητδν
3385 3335 3479 3387 καὶ
3511 3333 3608 3403 φά-

2031 3449 2180 3495 σκον,
2213 3451 2230 3482 ι
2271 3432 2367 3494 Τίς
2398 3430 2686 3502 περίσσεια
2735 3428 2811 3500 τῷ
2838 3426 3116 3498 ἀνθρώπῳ
3149 3427 3206 3479 ἐν
3240 3426 3402 3478 παντὶ
3429 3424 3614 3496 μόχθῳ

2030 3523 2220 3588 αὐτοῦ,
2255 3517 2300 3591 ᾧ
2333 3521 2525 3594 μοχθεῖ
2553 3521 2658 3575 ὑπὸ
2722 3521 2816 3574 τὸν
2868 3521 3020 3592 ἣλιον
3046 3563 3060 3586 ,
3095 3539 3115 3571 ι
3161 3516 3266 3593 τὰς.
3320 3517 3450 3589 περὶ
3513 3515 3621 3590 τὴν

2031 3617 2134 3685 γῆν
2167 3615 2432 3684 ἐργασίας
2462 3613 2658 3684 δηλοῦν
2689 3631 2703 3680 ;
2735 3614 2794 3680 ἐξ
2833 3606 2908 3668 ὧν
2939 3611 3172 3684 εὕρηται
3211 3609 3414 3680 μᾶλλον
3473 3612 3501 3662 ὁ
3529 3623 3600 3678 ιρι·

2031 3704 2258 3768 λόκαλος
2297 3705 2389 3758 καὶ
2426 3704 2715 3767 σπουδαῖος
2744 3705 2838 3758 καὶ
2873 3703 3128 3773 θεοφιλὴς
3181 3701 3472 3771 ἄνθρωπος
3528 3700 3626 3754 δυ’

2030 3797 2130 3868 τῆς
2163 3788 2422 3866 τοιαύτης
2446 3795 2774 3866 ἐπιμελείας
2810 3797 2909 3850 καὶ
2943 3793 3280 3865 φιλοπονίας,
3311 3793 3407 3846 καὶ
3466 3808 3617 3844 πτω-

2034 3889 2157 3960 χοὺς
2189 3886 2520 3957 διατρέφῶν,
2556 3888 2651 3940 καὶ
2695 3887 2881 3954 ξένους
2942 3883 3465 3956 φιλοφρονούμενος,
3521 3882 3616 3961 και

2033 3979 2101 4034 τὰ
2129 3977 2266 4033 ἀλλα
2300 3977 2368 4030 τὰ.
2405 3977 2700 4032 ἀνδάνοντα
2734 3977 2812 4047 τῷ
2847 3976 2966 4047 Θεῷ
3002 3977 3166 4048 δρῶν.

2102 4073 2165 4124 Ei
2196 4071 2304 4141 γὰρ
2345 4068 2528 4140 μὴδιὰ
2551 4067 2661 4122 τῶν
2681 4068 2826 4122 ἰδίων
2841 4067 3082 4138 ἱδρώτων
3108 4069 3201 4122 καὶ
3217 4066 3436 4138 μόχθων
3455 4069 3614 4140 περί-

2035 4164 2186 4217 σοιτό
2213 4180 2298 4226 τις
2315 4160 2494 4231 ἐαυτῷ
2512 4161 2612 4231 τὴν
2639 4160 2994 4230 αὐτάρκειαν,
3023 4160 3099 4223 ὡς
3130 4162 3387 4232 εὐπορεῖν
3399 4161 3492 4214 καὶ
3504 4165 3616 4225 τοῖς

2031 4255 2234 4309 ἐνδεέσι
2298 4255 2517 4325 κιχρᾷν.
2573 4251 2680 4306 ποῦ
2714 4251 3160 4323 πληρωθήσεται..
3195 4252 3296 4331 καὶ
3327 4255 3456 4324 περὶ
3473 4253 3614 4318 tivo,

2034 4347 2332 4419 ῥηθήσεται
2347 4347 2408 4400 τὸ
2421 4346 2629 4416 φάσκον
2654 4344 2818 4416 ῥητὸν
2839 4385 2854 4410 ,
2877 4365 2895 4396 ι
2927 4339 3306 4416 Ἐσκόρπισεν,
3323 4345 3488 4399 ἔδωκε
3507 4349 3616 4408 τοῖς

2034 4439 2260 4508 πένησιν
2287 4453 2302 4468 ·
2338 4439 2371 4507 ἠ
2394 4436 2708 4506 δικαιοσύνη
2737 4436 2904 4490 αὐτοῦ
2938 4435 3092 4507 μένει
3124 4436 3307 4500 είςτδν
3325 4431 3496 4490 αἰῶνα
3521 4438 3616 4490 τοῦ

2031 4531 2256 4595 αἰῶνοςς
2293 4548 2312 4581 ι
2338 4529 2642 4601 Τοιγαροῦν
2663 4529 2818 4583 οὐδὲν
2847 4529 2937 4600 τῷ-
2961 4529 3364 4602 Ἐκκλησιαστῇ
3399 4531 3608 4600 πρόκει-

2031 4639 2120 4675 ται
2138 4621 2378 4675 τοιοῦτον
2414 4623 2590 4675 εἰπεῖν
2621 4621 2789 4676 ’ἀλλά
2817 4620 3088 4691 μηδεμίαν
3121 4622 3442 4690 περίσσειαν
3469 4622 3614 4693 ἔχειν

2033 4713 2126 4767 τὸν
2158 4712 2446 4784 ἄνθρωπον
2499 4711 2678 4780 λέγειν
2705 4713 2895 4781 σαφῶς
2926 4713 3270 4780 ὑποληπτέον
3301 4715 3394 4768 ἐπὶ
3414 4717 3612 4779 πάσαις

2032 4807 2154 4868 ταῖς
2165 4803 2286 4858 καθ’
2303 4804 2498 4875 ἡδονὴν
2517 4803 2950 4874 διαϐεϐλημένην
2977 4804 3228 4876 πράξεσι,
3249 4804 3343 4879 καὶ
3376 4821 3607 4874 σωματι·

2035 4896 2136 4967 κὴν
2164 4899 2259 4950 καὶ
2297 4895 2564 4967 σαρκικὴν
2589 4895 2886 4950 εὐπάθειαν
2924 4897 3018 4950 καὶ
3060 4896 3312 4968 πονηρὰν
3373 4897 3604 4951 ἀπόλαυ-

2036 5005 2140 5052 σιν,
2171 4989 2268 5042 καὶ
2291 4989 2388 5051 τὰς
2419 4989 2510 5042 ἐπὶ
2537 4991 2658 5053 ταῖς
2705 4989 3084 5062 ἀνθρωπίναις
3114 4991 3208 5042 καὶ
3269 4992 3616 5061 παρερχομέ-

2036 5096 2153 5142 ναις
2192 5078 2373 5144 δόξαις
2414 5079 2735 5149 ἐπιθυμίας,
2775 5080 2871 5132 καὶ
2913 5080 3188 5150 μερίμνας
3245 5082 3342 5133 καὶ
3395 5079 3610 5148 θητείας

2035 5173 2128 5226 καὶ
2153 5172 2496 5244 κακουχίαςσ
2549 5165 2625 5226 ὧν
2683 5173 2744 5226 οὑ
2813 5171 2975 5243 μόνον
3036 5169 3192 5224 οὐδὲν
3231 5169 3520 5224 ἀπώναντο
3557 5169 3611 5222 τὸ

2034 5265 2320 5336 παράπαν.
2359 5263 2496 5320 ἀλλά
2525 5265 2787 5328 πολλάκις
2818 5265 2912 5319 καὶ
2937 5263 3268 5335 νοσημάτων
3307 5263 3496 5334 ἐσμὸν,
3521 5274 3608 5318 κει

2035 5358 2274 5428 φυσικῆς
2313 5356 2488 5427 ἀλκῆς
2535 5357 2792 5430 στέρησιν
2853 5350 3013 5428 εὗρον
3042 5371 3057 5385 ο
3098 5357 3192 5410 καὶ
3253 5356 3392 5428 πρὸς
3447 5356 3608 5428 πέρας

2036 5568 2305 5639 pigrorunt
2331 5566 2486 5636 quasi
2511 5565 2973 5639 sepesﬂspinarutn:

2110 5637 2222 5706 (50)
2258 5633 2420 5708 Prov.
2442 5652 2522 5708 vt,
2651 5633 2920 5708 Sedapud
2959 5634 3098 5692 L.\'.\'
3135 5639 3353 5708 legetur,
3390 5637 3499 5692 Καὶ
3522 5634 3610 5707 (ζὴ.

2037 5704 2212 5762 λωσον
2241 5706 2362 5760 ἰδὼν
2397 5706 2494 5769 τὰς
2523 5705 2676 5770 ὁδους
2721 5704 2904 5758 αὐτοῦ.
