3982 6190
366 261 472 324 765

1445 265 1529 324 IN
1575 265 2160 332 ECCLESIASTEN.
2204 298 2274 308 --
2307 275 2458 335 LIB.
2499 275 2551 336 Ῑ.

3539 274 3650 338 ’168

373 367 618 424 ιναντίον
651 369 753 442 τῆς
791 370 930 436 ίδίας
965 372 1206 441 ἐφέσεως
1257 375 1340 439 είς
1373 377 1610 448 ἀπορίαν
1659 383 1752 435 καὶ
1815 401 1959 436 πτω-

2067 395 2194 440 runt
2226 405 2240 440 :
2273 395 2443 456 atque
2473 387 2583 442 alio
2639 388 2819 458 plane,
2849 401 3016 457 quam
3063 385 3344 458 optarent,
3374 387 3552 454 exitu,
3571 391 3644 444 ad

367 459 492 530 χίαν
522 461 586 512 ἐκ
604 462 924 530 περιουσίας
942 465 1310 534 κατήντησαν.
1330 467 1577 522 Τοιαῦται
1604 471 1715 542 γάρ
1735 475 1872 527 εἰσιν
1903 477 1952 528 οἱ

369 549 728 620 μνιχθοῦντες·
755 551 842 606 διὰ
864 553 1035 624 μόνην
1061 553 1160 632 τὴν
1182 555 1286 608 ὑπὸ
1311 556 1498 612 τοῦτον
1523 559 1614 614 τδν
1641 563 1790 632 ἥλιον
1820 566 1954 618 ἀπό-

368 641 568 694 λαυσιν
601 643 696 696 καὶ
729 643 944 716 τρυφὴν
975 647 1072 698 καὶ
1093 628 1251 713 δόξαν
1281 649 1374 702 καὶ
1399 650 1718 708 δυναστείαν
1746 672 1759 686 ο
1796 657 1846 709 οἱ
1895 657 1953 711 δὲ

371 732 701 802 μοχθοῦντές
733 751 794 798 τε
825 735 918 788 καὶ
945 737 1247 803 κοπιῶντες
1272 739 1360 795 διὰ
1387 742 1483 807 τὰς
1513 745 1652 816 ὑπὲρ
1681 747 1772 802 τὸν
1800 749 1952 820 ἥλιον

367 823 729 895 ὲὶπιζομένας
763 825 1003 895 ἀμοιϐὰς
1048 829 1307 901 οὐρανίας
1369 835 1464 888 καὶ
1521 833 1698 910 θείας,
1753 839 1953 912 πολλὴν

366 914 556 984 ἔχουσι
587 915 906 988 περίσσειαν
939 919 998 971 ὲν
1043 922 1157 983 τοῖς
1190 921 1346 986 ἰδίοις
1378 924 1599 996 μόχθοις
1629 945 1642 956 ·
1679 929 1824 994 οἵους
1867 933 1950 984 ῐσ-

369 1021 470 1074 μεν
497 1007 622 1070 τοὺς
639 1009 889 1080 πανευφή
899 1026 1034 1080 μους
1059 1011 1420 1080 ἀποστόλους,
1451 1018 1578 1082 τοὺς
1605 1019 1796 1090 ἁγίους
1818 1039 1953 1094 προ-

367 1094 566 1166 φήτας,
604 1098 730 1162 τοὺς
756 1101 855 1170 τῆς
895 1101 1152 1173 ἀληθείας
1185 1105 1280 1159 καὶ
1317 1105 1418 1176 τῆς
1452 1109 1692 1175 πίστεως
1745 1115 1950 1184 μάρτυ-

371 1202 494 1256 ρας,
527 1188 768 1252 καὶτοὺς
809 1189 1211 1264 παραπλησίως
1245 1197 1454 1262 τούτοις
1485 1201 1586 1272 τὴν
1631 1203 1834 1276 ἀρετὴν
1863 1205 1954 1272 ἐξ-

367 1279 746 1350 ασκήσαντας,
779 1283 876 1336 καὶ
902 1287 1088 1340 πᾶσαν
1111 1289 1212 1359 τὴν
1241 1291 1382 1354 κατὰ
1407 1292 1469 1346 τὸ
1497 1292 1724 1348 δυνατὸν
1751 1297 1954 1352 δικαιο-

369 1372 542 1445 σύνην
568 1374 1002 1446 ἐργασαμένους,
1035 1372 1110 1433 ὧν
1135 1381 1364 1448 ἕκαστος
1400 1382 1588 1454 ἔλεγεν
1617 1386 1800 1458 ἔργοις
1855 1371 1954 1442 αύ-

367 1459 480 1528 ιὶοἶς
507 1481 521 1495 ο
564 1482 584 1516 ι
617 1465 685 1517 Ai
709 1467 892 1538 χεῖρες
928 1461 1090 1522 αὗται
1119 1471 1212 1524 καὶ
1240 1471 1365 1543 ἐμοὶ
1409 1476 1518 1543 ,καὶ
1564 1473 1744 1541 ἄλλοις
1772 1477 1954 1548 διηκό-

369 1573 546 1626 νησαν
576 1570 591 1585 ⁸
626 1576 647 1610 ι
707 1559 803 1612 καὶ
859 1561 1044 1626 πάλιν,
1109 1582 1128 1616 ι
1173 1565 1564 1638 Ἐργαζόμενοι
1619 1571 1738 1632 ταῖς
1794 1570 1952 1635 ἰδίαις

369 1647 553 1717 χερσί.
593 1667 616 1698 ι
901 1647 911 1656 ’

2067 476 2309 546 inopiam
2341 487 2396 533 et
2421 487 2800 548 paupertatem
2833 495 2896 534 ex
2927 495 3110 536 rerum
3146 481 3394 536 omnium
3417 481 3645 538 alﬂuen—

2063 567 2139 623 tia
2173 569 2513 624 reciderunt.
2549 569 2712 625 Tales
2741 570 3003 625 nimirum
3039 581 3192 637 sunt,
3221 587 3458 640 quorum
3495 573 3646 629 labo-

2067 675 2156 716 res
2180 675 2289 716 una
2315 661 2428 724 illa,
2463 676 2592 732 quas
2616 661 2722 716 sub
2763 662 2879 716 sole
2914 661 3020 716 hoc
3066 662 3364 729 habentur,
3407 664 3648 720 oLlecta-

2062 762 2250 807 menta
2285 761 2338 807 et
2361 753 2590 810 delicias
2616 763 2672 809 et
2697 754 2930 824 gloriam
2971 765 3024 809 et
3048 755 3484 810 dominationem
3523 772 3648 826 spe-

2063 853 2233 902 ctant.
2263 842 2468 900 Verum
2490 845 2584 916 qui
2616 845 2864 900 laborem
2897 854 2952 899 et
2971 861 3196 914 operam
3234 855 3450 916 ponunt
3487 847 3542 901 in
3575 847 3646 902 iis

2061 953 2186 1006 quae
2229 951 2394 1008 supra
2425 938 2597 993 solem
2655 953 2945 1008 speramus
2982 938 3227 992 cmlestia
3263 937 3356 992 Dei
3394 937 3644 1008 praemia,

2061 1025 2211 1098 large
2241 1027 2296 1081 in
2329 1028 2471 1098 ipsis
2497 1029 2766 1083 aerumnis
2797 1027 3083 1082 abundant
3122 1045 3138 1082 :
3169 1028 3644 1097 quemadmodum

2062 1119 2361 1188 contigisse
2415 1116 2624 1174 scimus
2671 1118 3048 1174 celeberrimis
3102 1119 3394 1188 apostolis,
3433 1119 3643 1174 sanctis

2061 1211 2368 1280 prophetis,
2406 1212 2538 1280 ipsis
2569 1211 2816 1266 veritatis
2843 1219 2897 1265 et
2931 1211 3055 1265 lidei
3086 1212 3446 1280 martyribus,
3473 1221 3639 1266 caete-

2062 1303 2252 1373 risque
2286 1302 2418 1368 illis,
2448 1303 2544 1373 qui
2570 1303 2826 1358 virtutem
2864 1318 3021 1374 aeque
3054 1306 3366 1368 coluerunt,
3399 1312 3454 1356 et
3476 1303 3643 1372 justi-

2062 1395 2150 1449 ιίαξ
2173 1403 2358 1464 partes
2399 1410 2591 1450 omnes
2629 1410 2730 1464 pro
2766 1393 2978 1449 viribus
3001 1408 3162 1464 egere
3204 1411 3217 1447 :
3249 1409 3485 1464 quorum
3531 1395 3644 1450 sin-

2061 1488 2171 1556 guli
2205 1486 2468 1557 operibus
2511 1487 2652 1558 ipsis
2691 1487 2964 1552 dicebant,
2997 1505 3014 1538 ι
3059 1486 3253 1546 Manus
3294 1489 3376 1542 lue
3424 1497 3479 1542 et
3507 1487 3640 1543 mihi

2063 1592 2118 1636 et
2144 1581 2268 1636 aliis
2297 1581 2754 1636 ministraverunt
2788 1581 2926 1651 (3!).
2971 1600 2992 1633 ι
3040 1579 3109 1634 Et
3141 1596 3360 1636 rursum
3393 1599 3406 1636 :
3447 1601 3465 1632 ι
3503 1577 3663 1651 Opc-.

2063 1685 2249 1748 rantes
2277 1673 2534 1729 manibus
2559 1673 2800 1742 propriis
2827 1674 2896 1728 ".
2939 1693 2958 1725 ι

442 1735 582 1800 Τοὺς
617 1737 713 1792 οὖν
735 1738 828 1792 τὸν
857 1739 986 1794 ίδιον
1019 1741 1220 1814 μόχθον
1249 1747 1308 1798 ὲν
1337 1747 1401 1817 τῇ
1432 1749 1682 1821 παρούσῃ
1707 1745 1822 1823 ζωῇ
1855 1770 1952 1804 κα-

2132 1764 2324 1834 ltaque
2353 1765 2482 1834 quia
2511 1761 2759 1828 noverat,
2792 1767 3116 1836 quicunque
3175 1766 3421 1820 laborem
3477 1781 3638 1820 suum

370 1826 810 1900 ταϐαλλομένους
861 1830 952 1888 διὰ
1003 1835 1100 1906 τὴν
1153 1839 1346 1908 κτῆσιν
1394 1838 1504 1894 τῶν
1561 1841 1786 1910 ἀγαθῶν
1844 1845 1954 1898 τῶν

373 1919 517 1988 ὑπὲρ
546 1920 639 1974 τὸν
667 1922 842 1994 ἥλιον,
868 1927 962 1978 καὶ
985 1925 1084 1998 τὴν
1131 1929 1414 2000 ἀκήρατον
1471 1931 1844 2005 κληρονομίαν
1895 1937 1954 1990 ἐν

371 2010 645 2082 οὐρανοῖς,
680 2014 880 2087 πολλὴν
913 2019 1236 2089 περίσσειαν
1279 2021 1425 2090 ἔχειν
1473 2023 1643 2088 εἰδὼς
1665 2027 1723 2080 ἐν
1749 2025 1828 2098 τῷ
1853 2028 1955 2098 μό-

373 2102 490 2174 χθῳ
517 2104 720 2173 αὐτῶν,
749 2105 995 2179 δηλονότι
1023 2111 1124 2181 τὴν
1153 2112 1522 2184 ἀνεκλὰλητον
1551 2118 1646 2170 καὶ
1677 2121 1956 2192 μακαρίαν

373 2193 484 2246 τῶν
515 2195 685 2264 ἁγίων
715 2197 968 2267 ἀγγέλων
1007 2201 1184 2274 χαρὰν
1211 2205 1304 2257 καὶ
1331 2205 1430 2276 τῆς
1459 2207 1611 2273 Θείας
1643 2209 1804 2282 δόξης
1829 2223 1831 2226 ‘
1857 2211 1956 2284 τὴν

373 2285 720 2355 ἀγαλλίασιν,
781 2291 1056 2363 ἐξελέγχει
1107 2295 1250 2350 κατὰ
1291 2299 1701 2374 ἀντιδιαστολήν
1751 2303 1958 2358 τούτων

375 2377 505 2441 τοὺς
527 2379 620 2433 τὸν
648 2381 927 2454 μοχθηρὸν
958 2385 1159 2469 μόχθον
1191 2387 1527 2458 μοχθοῦντας
1579 2395 1675 2446 καὶ
1719 2395 1958 2450 κοπιῶν-

375 2485 477 2558 τας
518 2470 681 2542 μέχρι
732 2473 834 2544 τῆς
887 2477 1174 2550 παρούσης
1208 2479 1354 2550 ζωῆς
1387 2483 1483 2554 τῆς
1539 2487 1806 2558 ὲπικήρου
1863 2491 1960 2544 καὶ

377 2556 749 2635 φθειρομένης
795 2565 892 2618 καὶ
940 2567 1202 2641 τελούσης
1251 2571 1357 2625 ὑπὸ
1397 2571 1560 2644 μόνον
1623 2556 1814 2630 τούτον
1867 2578 1958 2632 τὸν

373 2649 554 2720 ἥλιον.
592 2651 812 2723 Ἀμέλει
837 2657 1020 2714 τοίνυν
1065 2661 1320 2732 ἐμπεδῶν
1351 2665 1450 2735 τὴν
1497 2669 1778 2741 ἡμετέραν
1828 2672 1960 2726 137:6-

376 2743 543 2815 ληψιν
571 2747 600 2800 ό
641 2748 1099 2826 Ἐκκλησιαστὴς,
1133 2757 1233 2811 καὶ
1263 2759 1502 2826 δεικνὺς,
1543 2763 1619 2826 ὼς
1657 2765 1812 2818 οὐδὲν
1851 2767 1960 2820 τῶν

375 2835 552 2890 όντων
599 2840 695 2894 καὶ
725 2845 1070 2916 φαινομένων
1115 2850 1232 2902 ἐστὶ
1280 2849 1534 2920 μάταιον,
1587 2854 1811 2926 ἀμέσως
1864 2859 1959 2912 ἐπ·

377 2929 556 2998 ἠταγε
583 2947 600 2965 ⁸
691 2961 698 2968 -

2063 1857 2118 1912 in
2149 1858 2402 1928 prtesenti
2437 1857 2546 1912 vita
2574 1857 2922 1928 impendunt,
2955 1862 3254 1925 bonorum,
3308 1874 3432 1926 quae
3475 1875 3642 1929 supra

2063 1947 2236 2002 solem
2289 1955 2438 2014 sunt,
2492 1948 2982 2017 a‘cquiremlorutn,
3030 1958 3083 2004 et
3126 1949 3456 2006 immortalis
3494 1951 3643 2006 illius

2063 2040 2398 2096 hereditatis
2421 2040 2525 2110 17
2554 2041 2830 2099 adeundae
2857 2057 3050 2108 causa,
3105 2043 3330 2097 eosdem
3379 2059 3639 2113 magnum

2065 2133 2209 2188 ferre
2233 2133 2440 2189 laboris
2469 2135 2554 2187 sui
2611 2132 2878 2200 fructum,
2913 2133 3240 2189 ineﬁ'abilem
3271 2135 3486 2190 scilicet
3508 2135 3642 2190 bea-

2065 2231 2288 2291 tamque
2341 2231 2662 2276 sanctorum
2721 2222 3046 2291 angelorum
3081 2223 3324 2278 laetitiam
3354 2233 3408 2278 et
3443 2224 3644 2278 divina:

2063 2311 2256 2386 gloria:
2281 2313 2482 2384 gaudia
2501 2351 2516 2375 ,
2549 2312 2778 2377 idcirco,
2812 2299 2936 2369 istis
2962 2329 3030 2370 ex
3059 2313 3292 2369 adverso
3321 2315 3641 2386 pI'Opttsilis,

2063 2421 2160 2461 eos
2189 2407 2489 2476 redarguit,
2513 2405 2606 2474 qui
2637 2419 2898 2475 perverso
2925 2406 3110 2462 studio
3147 2421 3427 2477 pravoque
3455 2405 3644 2462 laboro

2064 2499 2212 2553 vires
2240 2497 2528 2553 insumunt
2557 2512 2689 2552 suas
2715 2497 2840 2552 vitae
2898 2497 3064 2568 hujus
3103 2513 3293 2566 causa,
3331 2513 3454 2569 qua:
3501 2497 3643 2554 ﬂuxa

2065 2599 2151 2644 est
2193 2597 2249 2642 et
2281 2585 2680 2657 corruptibilis,
2723 2602 2788 2641 ac
2826 2586 2990 2644 ﬁnem
3032 2590 3135 2642 hoc
3173 2591 3277 2644 sub
3310 2590 3424 2645 sole
3461 2589 3643 2644 habet.

2066 2679 2204 2736 Tum
2233 2679 2338 2734 sibi
2367 2679 2558 2748 utique
2579 2687 2843 2733 constans
2880 2679 3262 2745 Ecclesiastes,
3295 2689 3352 2734 et
3374 2681 3648 2750 opinionis

2063 2781 2302 2826 assertor
2341 2779 2564 2830 nostrae,
2591 2784 2702 2838 quo
2727 2769 3066 2834 ostenderet,
3095 2785 3311 2836 eorum,
3347 2786 3470 2840 quae
3493 2783 3642 2834 sunt,

2063 2876 2296 2934 quaeque
2327 2861 2605 2926 visuntur,
2643 2859 2778 2914 nihil
2815 2875 3014 2914 vanum
3051 2875 3196 2927 esse,
3243 2861 3478 2932 subjecit
3518 2878 3644 2933 pro-

2067 2955 2238 3018 tinus,

1926 3064 1954 3136 §
1990 3063 2076 3118 IV.
2471 3111 2475 3116 .
2997 3133 3004 3144 ,

442 3158 641 3252 [ereti
663 3153 976 3230 πορεύεται
1018 3167 1120 3221 καὶ
1149 3170 1326 3239 γενεὰ
1353 3171 1614 3242 ἔρχεται,
1673 3176 1774 3232 καί
1794 3177 1832 3245 ἡ
1882 3177 1959 3249 γῆ

2147 3180 2316 3235 Vens.
2356 3181 2409 3234 4.
2455 3177 2737 3235 Genet-aiio
2768 3180 3017 3250 'pra’lerit
3043 3190 3090 3233 et
3123 3181 3389 3252 generatio
3412 3181 3644 3250 aduenit,

377 3250 462 3316 εἰς
492 3249 602 3302 τὸν
635 3251 824 3308 αἰῶνα
851 3253 1096 3322 ἕστηκε.

449 3341 752 3414 Μονονουχὶ
778 3347 895 3416 γάρ’
914 3364 1088 3418 φησι·
1125 3351 1462 3420 Κατέλασες,
1529 3355 1809 3429 ἄνθρωπε,
1865 3353 1961 3414 καὶ

379 3430 607 3499 διέγνως
631 3435 742 3489 τῶν
769 3435 914 3492 ἰδίων
942 3442 1236 3513 μοχθηρῶν
1267 3437 1703 3518 σπουδασμάτων
1730 3451 1825 3504 καὶ
1854 3453 1962 3504 τῶν

385 3520 604 3586 φαύλων
632 3523 809 3611 ἔργων
823 3525 924 3580 ’καὶ
958 3532 1214 3602 πονηρῶν
1255 3535 1705 3606 ἐπιτηδευμάτων
1734 3541 1833 3610 τὴν
1859 3558 1963 3611 μα-

389 3613 665 3682 ταιότητα,
683 3617 754 3670 δι’
779 3610 854 3671 ὧν
882 3611 1178 3690 εὗρεςτοὺς
1191 3628 1590 3698 γεγεννηκότας
1617 3647 1700 3697 σε,
1727 3635 1820 3686 καὶ
1833 3613 1964 3698 τους

386 3702 625 3770 ἐκείνους
648 3705 728 3760 ἔτι
751 3709 1030 3776 τεκόντας,
1061 3717 1487 3785 παροιχηκότας,
1515 3719 1611 3774 καὶ
1649 3722 1710 3775 σὲ
1743 3723 1880 3795 πρὸς
1904 3727 1966 3778 τὸ

385 3795 596 3850 στάδιον
607 3799 710 3868 τῆς
724 3803 1009 3873 παρούσης
1019 3803 1169 3874 ζωῆς
1185 3807 1301 3861 ἀντ’
1313 3809 1540 3864 ἐκείνων
1556 3813 1964 3885 μετακληθέντα

383 3887 472 3943 διὰ
490 3889 589 3960 τῆς
615 3890 676 3956 ἐξ
706 3893 929 3948 ἐκείνων
963 3897 1250 3964 γενέσεως.
1285 3900 1501 3956 Ούκοῦν
1564 3908 1816 3974 συνήσεις
1869 3909 1965 3962 καὶ

383 3979 843 4055 καθομολογήσας
867 3987 1044 4059 ἀληθῆ
1062 3989 1162 4060 τὴν
1185 3989 1343 4056 δόξαν
1369 3993 1479 4047 τῶν
1495 3997 1628 4066 παρ’
1647 3997 1784 4069 ἐμοῦ
1808 3999 1966 4069 λεγο-

387 4070 566 4140 μένων
586 4075 682 4127 καὶ
711 4077 1049 4146 φασκόντων,
1076 4079 1153 4144 ὡς
1181 4101 1200 4132 ι
1219 4084 1538 4156 Ματαιότης
1563 4091 1964 4161 ματαιοτήτων,

383 4163 479 4214 καὶ
513 4164 692 4218 πάντα
723 4169 1065 4238 ματαιότης;
1100 4190 1120 4224 ι
1157 4173 1220 4227 Εἰ
1253 4176 1365 4246 γὰρ
1393 4179 1442 4230 οἱ
1490 4178 1614 4232 κατ’
1645 4180 1836 4234 οὐσίαν
1875 4183 1970 4236 καὶ

385 4255 625 4324 φυσικὴν
639 4254 872 4328 ὓπαρξιν
900 4262 1190 4330 γεγονότες
1216 4265 1312 4318 καὶ
1338 4267 1515 4331 ὄντες,
1545 4268 1837 4340 απῴκοντο
1865 4271 1969 4340 τῆς

383 4345 670 4434 παρούσης
709 4349 880 4420 ζωῆς,
919 4353 1017 4406 καὶ
1051 4353 1188 4424 πρὸς
1225 4357 1316 4412 τὸν
1381 4358 1510 4430 χοῦν
1553 4361 1650 4414 καὶ
1685 4363 1786 4430 τὴν
1839 4363 1966 4434 γῆν,

383 4435 443 4502 ἐξ
471 4433 916 4512 ἦςέλήφθησαν,
969 4445 1334 4516 ἀνελύθησαν,
1395 4451 1488 4504 καὶ
1536 4453 1829 4521 γεγόνασιν
1891 4433 1968 4518 ὡς

380 4531 636 4602 οὐδαμῶς
687 4535 1056 4606 ὑπάρξαντες,
1095 4542 1221 4595 ὅσον
1252 4539 1388 4616 ἧκεν
1421 4548 1502 4610 είς
1535 4546 1636 4618 τὴν
1675 4550 1966 4621 πρόχειρον

382 4623 477 4675 καὶ
500 4625 832 4698 φαινομένην
861 4629 1155 4701 ὑπόληψιν,
1191 4634 1352 4706 σχολῇ
1383 4638 1437 4704 γ’
1463 4637 1528 4690 ἂν
1549 4637 1964 4710 ὑπολαμϐάνειν

381 4713 606 4768 ὃέον⁴ἔτι
634 4718 1134 4788 περιφυλάττεσθαι
1167 4728 1262 4778 καὶ
1294 4725 1572 4797 διαμένειν
1622 4729 1720 4792 τὰς
1771 4749 1965 4802 σαρκι-

382 4802 484 4866 aa;
523 4806 618 4858 καὶ
639 4803 935 4874 βδελυκτὰς
959 4810 1174 4880 ἡδονὰς,
1230 4815 1326 4870 καὶ
1377 4816 1478 4879 τὰς
1539 4819 1750 4874 καπνοῦ
1805 4822 1966 4892 δίκην

383 4909 457 4946 πα
465 4896 801 4965 ραρχομένας
821 4899 1174 4968 ἀνθρωπίνας
1187 4905 1347 4972 δόξας
1369 4910 1460 4960 καὶ
1480 4911 1966 4980 καταδυναστείας,

381 4989 442 5044 αϊ
481 4990 910 5063 συμῦεσηκότως
939 4997 1264 5066 ὑφίστανται
1289 5004 1432 5056 κατὰ
1467 5006 1567 5072 τὴν
1612 5007 1963 5072 αὐτεξούσιον

383 5081 558 5153 ῥοπὴν
587 5084 680 5136 κα)⁸
720 5084 973 5158 βούλησιν
1021 5089 1131 5146 τῶν
1167 5095 1478 5162 μισοκάλων
1529 5097 1787 5168 γνωμῶν,
1856 5101 1952 5154 καὶ

382 5172 576 5227 θᾶττον
613 5175 968 5245 ἀπογίνονται
1012 5183 1198 5250 πάλιν,
1251 5186 1437 5250 καθὼς
1471 5188 1500 5240 ὁ
1549 5189 1655 5242 ὑπὸ
1697 5188 1964 5256 λαίλαπος

381 5262 738 5336 ἐλαυνόμενος
793 5271 942 5338 χοῦς,
973 5275 1066 5326 καὶ
1113 5275 1314 5347 πτῆσις
1367 5279 1680 5351 ἱπταμένων
1733 5281 1956 5354 ὀρνέων,

381 5353 482 5408 καὶ
509 5355 629 5428 ἴχνη
659 5359 1100 5434 ποντοπορούσης
1139 5367 1286 5438 νηός.

455 5466 553 5522 ³δί
585 5467 716 5526 Cor.
749 5487 824 5536 tv,
858 5473 946 5528 η.

456 5559 571 5631 (3i)
613 5563 732 5618 Act.
758 5581 850 5628 xx,
881 5566 969 5620 5i.
1005 5565 1110 5622 Sed
1141 5567 1299 5624 Lucae
1319 5571 1432 5628 haec
1467 5581 1598 5628 sunt
1631 5573 1792 5629 verba
1825 5575 1964 5628 εΑὐ-

392 5631 554 5718 τοὶ
575 5632 894 5718 γινώσκετε,
927 5637 1009 5690 ὅτι
1043 5641 1165 5718 ταῖς
1201 5640 1545 5718 χρείαις-μου
1575 5644 1668 5698 καὶ
1703 5647 1815 5708 τοῖς
1840 5641 1959 5699 οὖσι

390 5706 508 5770 μετ’
540 5706 670 5772 ἐμοῦ
705 5706 1055 5777 ὑπηρέτησαν
1085 5711 1137 5762 αἱ
1167 5706 1345 5782 χεῖρες
1375 5706 1549 5771 αὗται.

2065 3280 2209 3325 terra
2237 3281 2412 3325 autem
2443 3273 2498 3324 in
2535 3272 2790 3324 swc’ulum
2826 3279 2933 3324 stat
2965 3270 3100 3340 (52).

2134 3362 2366 3419 Perinde
2397 3375 2462 3420 ac
2490 3364 2534 3418 si
2569 3363 2816 3419 diceret:
2861 3361 3012 3418 Nosti
3053 3363 3191 3434 jam,
3225 3377 3258 3418 ο
3297 3362 3564 3428 mortalis,
3591 3381 3644 3424 ct

2073 3466 2362 3511 assecutus
2421 3471 2504 3520 es,
2535 3455 2927 3526 ﬂagitiosorum
2973 3455 3276 3510 studiorum
3323 3471 3648 3526 pravorum-

2064 3563 2171 3618 que
2197 3563 2424 3617 operum
2453 3557 2621 3618 atque
2647 3547 2908 3618 improbae
2928 3546 3294 3602 contentionis
3317 3557 3422 3602 tua:
3445 3556 3647 3616 quanta

2066 3639 2138 3693 sit
2157 3641 2370 3694 vanitas
2392 3655 2559 3694 :-cum
2589 3649 2644 3694 et
2675 3654 2772 3694 eos
2797 3640 2890 3708 qui
2921 3649 2974 3693 te
3003 3647 3334 3710 genuerunt,
3363 3649 3416 3694 et
3450 3639 3645 3692 horum

2066 3728 2194 3783 item
2222 3737 2474 3798 parentes
2501 3729 2614 3798 jam
2655 3730 2982 3796 praeteriisse
3013 3727 3462 3797 deprehenderis,
3501 3739 3554 3780 et
3581 3743 3647 3781 ex

2067 3820 2176 3875 illis
2227 3827 2528 3890 prognatus
2577 3819 2645 3872 ad
2684 3819 2968 3887 praesentis
3012 3807 3152 3872 vitae.
3185 3817 3420 3871 stadium
3455 3831 3647 3872 eorum

2067 3918 2121 3964 te
2147 3909 2269 3964 loco
2291 3919 2542 3963 vocatqu
2575 3909 2786 3964 videas.
2829 3907 3024 3962 Nonne
3057 3907 3226 3976 igitur
3259 3907 3550 3978 intelliges,
3584 3924 3649 3965 ac

2065 4012 2194 4053 vera
2235 3999 2326 4052 illa
2356 3996 2619 4063 fatebere,
2673 4012 2798 4067 quae
2849 4013 2879 4052 a
2919 4011 3007 4051 me
3059 3997 3204 4052 dicta
3255 4009 3386 4053 sunt
3427 3999 3480 4053 in
3525 4015 3645 4054 eam

2067 4089 2422 4154 sententiam,
2457 4107 2477 4141 ι
2512 4087 2820 4143 Vanitatem
2857 4102 2981 4144 esse
3013 4088 3336 4156 vanitatum,
3369 4098 3424 4145 et
3462 4091 3648 4146 omnia

2069 4183 2362 4236 vanitatem
2377 4181 2403 4234 2
2429 4199 2448 4232 ι
2477 4196 2602 4234 nam
2625 4181 2672 4236 si
2699 4195 2840 4250 quos
2857 4181 2988 4235 olim
3009 4197 3067 4236 re
3084 4189 3138 4235 et
3159 4189 3353 4236 natura
3374 4183 3652 4240 exstitisse

2068 4281 2308 4337 constat,
2336 4272 2452 4342 jam
2478 4287 2546 4326 ex
2588 4272 2690 4327 hac
2720 4272 2828 4326 vita
2860 4270 3063 4334 abiere,
3090 4280 3254 4342 atque
3287 4272 3340 4328 in
3372 4274 3650 4344 pulverem

2067 4375 2404 4434 terramque,
2451 4363 2596 4419 unde
2651 4364 2944 4418 exordium
2996 4363 3323 4429 habuerant,
3377 4367 3648 4432 conversi,

2073 4465 2341 4527 quantum
2371 4471 2436 4510 ex
2469 4455 2556 4519 iis,
2586 4471 2708 4524 qua:
2734 4464 3017 4526 apparent,
3040 4456 3251 4526 opinari
3287 4457 3508 4511 obvium
3543 4467 3648 4523 cst,

2000 4527 2041 4581 Ι)
2071 4549 2146 4604 ita
2201 4562 2326 4603 esse
2375 4546 2698 4612 desierunt,
2749 4548 2908 4617 quasi
2970 4563 3252 4617 nunquam
3304 4549 3649 4616 exstiterint;

2069 4640 2221 4694 nullo
2252 4638 2414 4694 modo
2445 4638 2767 4694 existimare
2795 4640 2922 4710 quis
2945 4641 3138 4711 possit,
3160 4641 3296 4697 bene
3327 4643 3653 4699 constitutas

2067 4748 2133 4789 ac
2161 4732 2389 4800 stabiles
2420 4747 2544 4787 esse
2577 4731 2752 4788 [tedas
2781 4733 3034 4802 corporis
3066 4739 3394 4803 voluptates,
3425 4747 3521 4793 aut
3565 4739 3654 4792 [ιι-

2069 4825 2144 4879 mi
2175 4825 2352 4879 instar
2379 4833 2767 4878 evanescentes
2801 4823 3072 4879 humanos
3109 4825 3282 4882 fastus
3310 4836 3367 4882 et
3408 4831 3654 4902 tyranni-

2069 4933 2166 4973 cos
2195 4917 2552 4972 dominatus:
2605 4915 2660 4970 in
2706 4915 2906 4984 quibus
2951 4916 3088 4970 nihil
3131 4919 3290 4973 solidi
3333 4920 3482 4984 insit,
3515 4922 3653 4976 nihil

2075 5008 2345 5075 diuturni,
2380 5020 2434 5064 et
2468 5008 2522 5063 in
2574 5007 2872 5064 voluntatis
2917 5009 3145 5066 arbitrio
3183 5021 3358 5068 totum
3401 5026 3565 5086 atque
3597 5015 3652 5069 in

2075 5101 2319 5172 perversi
2371 5099 2542 5159 animi
2598 5101 2830 5156 consilio
2878 5102 2951 5156 sit
2997 5121 3012 5156 :
3074 5113 3136 5160 ut
3195 5107 3376 5160 omnia
3427 5106 3648 5161 rursum

2071 5193 2230 5264 quasi
2270 5192 2446 5262 pulvis
2490 5191 2704 5248 turbine
2741 5193 2997 5264 agitatus,
3046 5203 3142 5250 aut
3187 5199 3327 5251 sicut
3375 5199 3652 5267 prteterla-

2073 5285 2316 5341 bentium
2347 5287 2526 5339 avium
2563 5287 2800 5351 volatus,
2853 5296 2947 5340 aut
2993 5289 3149 5342 navis
3197 5305 3346 5344 mare
3381 5290 3650 5347 tranantis

2070 5378 2323 5448 Vestigia,
2361 5378 2470 5433 cito
2495 5377 2806 5448 dispereaut
2838 5379 2971 5450 ('55).

2297 5579 2718 5655 Qiympiodorus
2746 5584 2925 5644 habet.
2962 5587 2995 5655 ή
3025 5583 3082 5638 δὲ
3109 5585 3201 5653 γῆ.

2143 5653 2256 5724 (55)
2299 5653 2482 5708 Liceat
2527 5656 2658 5708 mihi
2719 5657 2820 5709 hoc
2867 5653 2991 5708 loco
3019 5655 3340 5724 particulam
3375 5661 3645 5718 oratoriis

2067 5723 2330 5791 moret'rc,
2351 5740 2512 5795 quam
2542 5725 2732 5780 habuit
2765 5726 2819 5780 in
2847 5723 3042 5780 festum
3063 5725 3426 5790 Kalendarum
3458 5729 3637 5785 discro
