3982 6190
417 265 525 331 ’ἕύθ

1520 262 1600 321 ΙΝ
1648 254 2218 323 ΕΟΕΙΕΞΙΑΒΤΕΝ.
2257 281 2326 291 -
2358 253 2505 314 LIB.
2544 253 2569 312 Ι

3582 251 3696 328 ’ἵῗθ

417 401 484 453 vr,
528 384 596 452 τῇ
639 379 803 451 βουλῇ
836 378 926 432 τοῦ
963 380 1314 448 Ποιήσαντος,
1349 378 1442 430 καὶ
1475 377 1785 448 μηδαμόθεν
1801 375 1998 448 ἔχουσα

2106 382 2458 435 sustentetur,
2503 369 2820 425 cmlestibus
2847 368 3092 453 turdique
3137 369 3445 428 intervallis
3499 387 3686 442 aeqva-

415 475 478 530 τὸ
506 472 819 543 προσάπτον
846 488 858 500 °
892 466 1026 524 ἀλλά
1060 467 1392 539 πανταχόθεν
1427 468 1536 522 τῶν
1553 468 1822 540 οὐρανίων
1881 467 2000 520 δια-

419 565 717 637 στημάτων
757 565 816 630 ἐξ
853 565 970 617 ίσου
1009 563 1195 631 σαφῶς
1224 562 1593 631 ἀφισταμένη,
1626 561 1721 614 καὶ
1750 561 1847 630 τὴν
1865 559 1996 630 dipt-

419 658 625 728 σμένην
637 653 1030 726 ἀποπληροῦσα
1055 654 1298 725 θητείαν.
1315 652 1456 706 Ἀλλ’
1475 653 1551 706 ἴδε
1585 654 1678 706 καὶ
1708 652 1799 706 τδν
1821 650 1997 721 ἣλιον,

417 746 694 816 ἄνθρωπε,
731 743 973 814 συνεχῶς
995 742 1352 797 ἀνατέλλοντα
1392 742 1489 796 καὶ
1536 741 1698 796 πάλιν
1749 739 1996 803 δύνοντα,

419 835 517 890 καὶ
555 836 690 908 πρὸς
735 835 826 887 τὸν
883 834 1049 887 τόπον
1079 831 1270 897 αὐτοῦ,
1311 831 1561 886 τουτέστι
1591 832 1726 902 πρὸς
1783 829 1995 894 ἑαυτὸν,

416 925 644 978 ἕλκοντα
675 923 856 986 πάσας
889 922 986 985 τὰς
1016 921 1168 990 ὄψεις
1191 922 1300 975 τῶν
1317 921 1716 974 κατοικούντων
1747 921 1846 989 τὴν
1872 920 1994 989 γῆν.

418 1015 595 1067 Ὅπου
637 1011 745 1082 γὰρ
775 1014 804 1064 ό
832 1011 982 1080 ἥλιος
1022 1012 1280 1081 ὑπάρχων
1313 1011 1536 1082 εὑρεθῇ,
1583 1011 1687 1064 κᾶν
1743 1027 1802 1063 τε
1857 1009 1999 1062 κατὰ

416 1100 705 1164 ἀνατολάς,
745 1098 848 1152 κᾶν
905 1115 966 1150 τε
1025 1099 1169 1152 κατὰ
1196 1097 1427 1168 δυσμὰς,
1464 1099 1580 1150 ἐκεῖ
1611 1098 1704 1150 καὶ
1732 1097 1826 1160 τὰς
1861 1097 1997 1158 ἰδίας

415 1191 612 1262 αἷγλας
659 1193 756 1246 καὶ
793 1191 1028 1262 λάμψεις
1089 1191 1482 1261 ἐπιφερόμενος
1535 1191 1787 1262 εὓρηται,
1861 1175 1996 1261 πρὸς

415 1285 482 1350 ἃς
515 1268 836 1355 ἐφέλκονται
877 1283 1105 1338 καὶτῶν
1144 1283 1299 1346 ζώων
1330 1283 1548 1337 πάντων
1592 1285 1648 1337 αἱ
1679 1283 1830 1362 ὄψεις
1871 1285 1998 1352 ἐρα-

418 1376 596 1447 σμίως
613 1374 837 1445 ἔχουσαι
870 1374 1007 1445 πρὸς
1036 1373 1095 1426 τὸ
1128 1373 1244 1442 φῶς
1266 1373 1445 1426 αὐτῶν
1463 1389 1476 1400 ο
1505 1373 1626 1425 οὐδὲ
1650 1373 1758 1444 γάρ
1788 1374 1816 1424 ό
1843 1371 1996 1441 ἥλιος

417 1467 518 1537 τὴν
535 1466 904 1538 ,περιφάνειαν
924 1465 1024 1538 ,καὶ
1047 1464 1146 1536 τὴν
1188 1461 1344 1528 δόξαν
1390 1463 1488 1532 τῆς
1528 1463 1667 1532 ὑπὲρ
1705 1461 1808 1531 γῆν
1855 1460 1996 1530 λάμ-

415 1558 564 1628 ψεως
594 1557 680 1610 ἀεὶ
719 1554 1041 1624 φιλονεικῶν
1072 1554 1237 1625 ἔχειν,
1269 1551 1392 1606 οὔτε
1419 1554 1520 1613 τὰς
1560 1553 1662 1605 ύπδ
1693 1552 1798 1622 γῆν
1829 1569 1997 1605 κατα-

405 1647 599 1710 ’δύσεὶς
630 1645 792 1699 αὐτοῦ
817 1647 910 1699 καὶ
935 1645 1041 1698 τῶν
1085 1645 1231 1698 ίδίων
1262 1643 1498 1698 ἀκτίνων
1531 1644 1662 1697 ποτὲ
1700 1643 1996 1716 παραιτού-

419 1753 580 1808 μενος
613 1735 709 1789 καὶ
734 1735 1248 1805 διαναὸαλλόμενος,
1285 1733 1376 1788 διὰ
1401 1735 1500 1803 τὴν
1536 1733 1787 1786 ἐντεῦθεν
1845 1733 1996 1804 αύτῷ

417 1831 850 1900 προσγινομένην
883 1827 1149 1896 ἀφάνειαν
1181 1826 1276 1878 καὶ
1307 1823 1505 1894 συχνὴν
1535 1823 1772 1890 ἀδοξίαν,
1804 1826 1884 1886 είς
1935 1825 1996 1877 τὸ

418 1919 542 1975 καθ’
569 1920 718 1990 ἡμᾶς
747 1917 1110 1988 ἡμισφαίριον
1147 1915 1355 1985 λάμπει
1383 1929 1396 1942 ·
1446 1914 1583 1968 ἀλλὰ
1613 1914 1709 1966 τοῦ
1761 1911 1995 1983 Ποιητοῦ

416 2013 530 2074 τοῖς
557 2010 707 2081 ὅροις
747 2007 1066 2077 πειθόμενος
1101 2006 1318 2076 θηέεύει
1345 2006 1442 2077 τὴν
1475 2005 1745 2076 τοσαύτην
1771 2005 1994 2077 θητείαν

415 2099 494 2164 ὡς
523 2097 822 2168 εὐγνώμων
843 2097 1080 2167 οἰκέτης.
1113 2095 1184 2147 Σὺ
1200 2094 1256 2148 δὲ
1289 2095 1380 2148 καὶ
1407 2094 1534 2156 τοὺς
1553 2094 1814 2164 φυσικοὺς
1839 2095 1999 2166 ὅρους

415 2191 660 2262 ἀμείψας
704 2190 811 2262 (τά
848 2189 958 2260 γάρ
984 2189 1097 2243 ἀνω
1128 2203 1187 2239 σε
1218 2188 1441 2257 φρονεῖν
1501 2187 1598 2240 καὶ
1659 2186 1846 2256 ζητεῖν
1886 2187 1988 2238 είτ-

415 2280 702 2352 ηγοῠνται,
737 2281 828 2332 καὶ
844 2280 912 2332 τά
937 2281 993 2331 ὲν
1032 2276 1108 2347 τῷ
1136 2276 1312 2348 νοητῷ
1341 2276 1542 2346 δηλαδὴ
1577 2277 1770 2347 κόσμῳ
1794 2277 1997 2346 φαντά-

416 2373 610 2438 ζεσθαι
650 2370 740 2423 καὶ
777 2369 994 2422 διώκειν
1038 2369 1127 2422 διὰ
1165 2367 1273 2421 τῶν
1303 2366 1508 2438 νοητῶν
1567 2367 1850 2438 δυνάμεων
1899 2367 2000 2436 τῆς

415 2467 612 2537 νοερᾶς
637 2481 734 2517 σου
758 2461 1200 2533 ψυχῆς),χείρων
1235 2458 1466 2532 εὖρησαι
1504 2460 1599 2512 καὶ
1628 2461 1729 2529 τῆς
1760 2459 1864 2528 γῆς
1895 2457 2001 2510 καὶ

414 2557 512 2612 τοῦ
541 2557 696 2628 ἦλιου
741 2555 849 2607 τῶν
879 2553 1104 2623 ἀψύχων
1136 2553 1231 2604 καὶ
1267 2551 1540 2622 μηδεμίαν
1573 2551 1805 2621 ἑχόντων
1849 2549 1998 2618 λογι-

418 2649 647 2719 κότητος
687 2647 946 2718 ἔμφασιν.
978 2645 1102 2709 Πῶς
1131 2641 1226 2698 οὖν
1254 2644 1316 2698 ού
1352 2644 1652 2716 ματαιότης
1699 2646 2000 2715 ματαιοτή-

415 2757 529 2798 των
563 2739 701 2811 μετά
734 2739 846 2792 τῶν
885 2735 1177 2810 μοχθηρῶν
1209 2754 1306 2790 σου
1343 2737 1437 2791 καὶ
1477 2737 1698 2806 φαύλων
1758 2735 2000 2808 ἐνθυμη-

422 2831 613 2903 μάτων
643 2830 739 2884 καὶ
767 2829 941 2898 λόγων
975 2828 1070 2882 καὶ
1104 2827 1358 2898 πράξεων
1393 2828 1487 2880 καὶ
1537 2829 1601 2882 σὺ
1635 2827 1798 2890 αὐτὸς
1857 2844 2003 2896 νομι-

418 2919 633 2992 σθήσῃ;
671 2917 813 2971 κατὰ
840 2916 1105 2988 ἀλήθειαν
1141 2916 1241 2987 μὲν
1272 2916 1500 2970 ἐκείνων
1546 2916 1715 2970 όντων
1770 2931 2002 2986 ματαιο-

415 3011 617 3082 τήτων,
635 3009 727 3063 σοῦ
743 3009 799 3063 δὲ
816 3011 938 3072 ταῖς
948 3008 1172 3062 ἐκείνοιν
1193 3007 1559 3079 ἀνυπαρξίαις
1577 3009 1999 3078 ἀπεικασμένον.

487 3101 591 3156 Διά
614 3101 776 3156 τοῦτό
803 3117 973 3172 φησιν
1001 3099 1169 3154 saeta
1197 3102 1225 3153 ό
1257 3101 1553 3171 προφήτης
1573 3117 1587 3131 ·
1620 3118 1638 3150 ι
1684 3089 2004 3171 Ἄνθρωπος

423 3193 752 3266 ματαιότητι
785 3189 1080 3262 ὡμοιώθηο
1115 3191 1172 3242 αἱ
1223 3191 1430 3260 ἡμέραι
1478 3190 1647 3243 αὐτοῦ
1693 3190 1826 3243 ὡσεὶ
1877 3189 2005 3243 σκιὰ

420 3287 756 3360 παράγουσι.
790 3303 810 3336 ι
847 3283 1160 3356 Παράδοξον
1185 3282 1265 3354 τῷ
1305 3283 1422 3336 όντι
1480 3283 1580 3356 τὴν
1617 3281 2005 3354 ἀκριϐολογίαν

419 3382 520 3451 τῆς
568 3378 774 3446 λέξεως
811 3375 944 3446 περὶ
969 3376 1071 3446 τῆς
1099 3375 1392 3446 ἀνθρώπου
1426 3375 1641 3446 φύσεως
1678 3377 1706 3428 ό
1730 3391 2002 3446 προφητι-

421 3471 516 3534 κδς
537 3469 833 3542 ἐποιήσατο
847 3467 1024 3534 λόγος.
1048 3466 1160 3518 Καὶ
1181 3465 1290 3536 γάρ
1318 3465 1510 3537 ἐπειδὴ
1549 3465 1834 3536 τῶνπαρά
1856 3464 1992 3518 Θεοῦ

424 3562 724 3630 γεγονότων
755 3559 848 3612 καὶ
869 3557 994 3612 κατ’
1019 3557 1211 3611 οὐσίαν
1239 3559 1346 3625 ,καὶ
1373 3557 1611 3628 φυσικὴν
1631 3555 1730 3629 τὴν
1767 3557 2002 3628 ὓπαρξιν

427 3652 697 3706 λαϐόντων
729 3651 883 3704 οὐδὲν
939 3649 1171 3722 εὓρηται
1194 3648 1422 3718 γεγονὸς
1447 3649 1660 3718 μάτηνο
1694 3650 1788 3703 καὶ
1809 3649 2003 3703 τούτου

422 3743 584 3817 χάριν
601 3743 730 3798 οὐδὲ
748 3742 1052 3813 ματαιότης
1068 3741 1391 3812 ὠνόμασται
1410 3740 1625 3794 κατὰτὸ
1654 3741 1956 3795 ἀκόλουθον
1985 3758 2000 3772 ο

419 3835 511 3890 διὰ
531 3835 697 3888 τοῦτο
727 3835 820 3888 καὶ
871 3833 966 3887 τὸν
999 3832 1291 3906 ἄνθρωπον
1311 3832 1438 3905 οὐχὶ
1467 3831 1804 3902 ματαιότητα
1834 3849 2005 3904 προσ-

420 3927 722 3998 ηγόρευσεν
755 3940 770 3957 ·
795 3923 934 3980 ἀλλὰ
967 3925 1294 3996 ματαιότητι
1323 3923 1714 3995 προσηκόντως
1733 3923 2001 3976 ἀπείκασε

417 4019 510 4074 διὰ
545 4019 650 4082 τὰς
693 4017 838 4073 κατὰ
869 4016 1218 4088 συμϐεϐηκὸς
1249 4013 1402 4086 αὐτῷ
1454 4031 2002 4086 προσπαρεισκεκρι-

423 4109 594 4181 μένας
625 4103 852 4176 ἔξωθεν,
882 4109 979 4162 καὶ
1000 4123 1198 4176 συμπα
1213 4107 1627 4176 ρυφισταμένας
1657 4107 1794 4177 πρὸς
1826 4107 1999 4179 βραχὺ

420 4201 667 4274 πονηρᾶς
721 4200 952 4272 πράξεις
1003 4201 1062 4264 ἐξ
1120 4199 1398 4263 ἀϐουλίας.
1467 4199 1525 4253 ⁸0
1559 4199 1669 4270 γὰρ
1730 4199 2001 4270 μηδαμῶς

416 4293 546 4356 τοὺς
588 4282 858 4361 φυσικοὺς
889 4292 1050 4361 ὅρους
1087 4289 1409 4360 άλωὸήτους
1459 4289 1726 4358 φυλάξας,
1769 4291 1883 4344 ἀλλ’
1907 4291 1998 4357 ἐξ·

2105 468 2226 521 liter
2255 468 2649 536 perspicueque
2678 439 2949 530 distatﬁt
3001 463 3222 518 detinita
3262 464 3366 519 sibi
3417 439 3686 521 servitute

2105 558 2440 626 defungitur.
2477 555 2622 622 Quin
2649 555 2822 610 solem
2862 555 3026 610 etiam
3065 555 3314 628 intuere,
3353 572 3386 611 ο
3417 560 3684 623 murtalis,

2105 647 2347 716 quotidie
2387 645 2726 698 exorientem
2775 653 2938 713 atque
2971 643 3332 709 occidentem,
3365 646 3459 714 qui
3489 647 3555 700 ad
3604 649 3686 703 lo-

2107 753 2230 794 cum
2267 753 2451 802 suum,
2481 735 2534 790 id
2578 743 2663 790 est
2693 734 2760 789 ad
2805 749 2863 790 se
2915 734 3116 804 ipsum,
3151 735 3420 800 omnium,
3453 738 3688 807 quicun-

2105 843 2212 898 que
2243 839 2438 882 terram
2475 827 2744 892 incolunt,
2773 827 2965 881 oculos
2997 825 3240 882 adducit.
3278 829 3416 882 Nam
3450 831 3536 884 sol
3565 831 3684 900 qui-

2103 920 2254 974 dem’
2285 922 2401 974 sive
2461 919 2528 973 ad
2561 927 2744 973 ortum
2798 926 3068 980 versetur,
3119 919 3234 973 sive
3287 920 3354 974 ad
3403 935 3684 986 occasum,

2107 1025 2319 1079 semper
2369 1009 2638 1082 fulgorem
2680 1008 2806 1062 inde
2839 1023 2999 1062 suum
3058 1018 3110 1062 et
3166 1009 3352 1064 radios
3407 1011 3687 1066 cﬂmidere

2108 1099 2258 1154 visus
2295 1111 2414 1154 est:
2463 1099 2530 1154 ad
2580 1113 2720 1169 quos
2763 1098 3122 1152 animantium
3164 1100 3410 1153 omnium
3460 1117 3686 1155 conver-

2107 1197 2231 1243 tunt
2258 1205 2315 1242 se
2347 1189 2514 1255 oeuli,
2546 1189 2685 1243 lucis
2719 1187 2864 1242 illius
2897 1202 3084 1240 amore
3118 1187 3304 1243 illecti.
3355 1189 3448 1244 Sol
3495 1208 3688 1260 nempe

2107 1277 2237 1332 dum
2271 1278 2714 1348 hemisphmrium
2767 1277 2871 1331 hoc
2921 1285 3171 1330 nostrum
3221 1279 3475 1342 illustrat,
3508 1297 3686 1350 neque

2108 1381 2170 1426 ut
2231 1369 2576 1441 splendorem
2639 1368 3232 1440 pulchritudinemque
3317 1371 3539 1427 luminis
3600 1375 3685 1427 sui

2105 1477 2270 1531 supra
2323 1472 2522 1516 terram
2568 1473 2830 1532 perpetuo
2876 1469 3136 1526 ostentet,
3185 1464 3534 1516 conten-liene
3579 1465 3688 1518 ulla

2107 1553 2317 1620 nititur;
2349 1569 2525 1623 neque
2557 1568 2790 1608 occasus
2820 1552 2904 1607 sui
2939 1552 3335 1608 obscuritatem
3379 1565 3564 1622 erepta
3583 1555 3688 1609 siti

2107 1645 2287 1714 Specie
2317 1645 2520 1700 illatam
2552 1653 2857 1710 aversatus,
2891 1653 3063 1700 statas
3112 1645 3389 1699 radiorum
3443 1647 3690 1701 declina-

2106 1738 2282 1792 tiones
2318 1738 2486 1790 evitat
2535 1751 2777 1806 unquam
2825 1745 2920 1790 ant
2963 1720 3184 1791 dim-rt:
3233 1737 3326 1791 sed
3376 1737 3690 1792 Conditoris

2105 1828 2438 1898 praescriptis
2485 1827 2978 1898 sic.obtemperat,
3030 1826 3091 1883 tit
3121 1829 3439 1884 servitutem
3481 1840 3689 1884 tantam

2107 1920 2266 1990 quasi
2319 1919 2572 1974 benevoli
2619 1919 2788 1973 animi
2829 1935 2998 1974 verna
3045 1921 3254 1974 servire
3301 1921 3570 1976 videatur.
3605 1923 3688 1976 'l'u

2106 2025 2238 2078 vero
2269 2020 2478 2066 natura!
2531 2011 2800 2066 terminos
2845 2020 3224 2086 transgressus
3261 2013 3406 2083 (nam
3455 2029 3688 2082 superna

2107 2113 2166 2157 ut
2210 2098 2413 2172 cogites
2451 2111 2506 2156 et
2558 2101 2824 2172 inquiras,
2871 2111 3040 2172 utque
3071 2103 3238 2156 animi
3289 2103 3338 2156 vi
3388 2113 3441 2160 et
3488 2103 3689 2158 intelli-

2105 2193 2289 2264 gentia
2319 2191 2588 2261 quidquid
2615 2194 2854 2248 mundus
2883 2193 2971 2248 ille
3021 2193 3288 2262 Spiritalis
3319 2195 3480 2249 habet
3517 2197 3690 2251 medi-

2109 2285 2236 2340 teris
2286 2300 2350 2338 ac
2403 2285 2774 2354 persequaris,
2824 2286 2922 2340 tibi
2979 2287 3257 2356 suadent),
3312 2295 3393 2350 tu,
3441 2287 3686 2358 inquam,

2106 2387 2160 2432 et
2192 2387 2335 2432 terra
2390 2384 2446 2432 et
2495 2376 2612 2431 sole
2643 2376 2797 2447 pejor
2843 2379 3098 2433 inventus
3129 2393 3208 2444 es,
3257 2379 3527 2434 inanimes
3562 2379 3690 2435 licet

2107 2468 2182 2522 illi
2235 2468 2367 2532 sint,
2435 2467 2760 2538 nullumque
2817 2467 3050 2523 rationis
3118 2469 3380 2524 indicium
3450 2485 3562 2540 pne
3629 2487 3690 2525 se

2110 2559 2306 2616 ferant.
2350 2558 2552 2625 Quidni
2589 2559 2758 2632 igitur
2790 2560 3005 2615 vanitas
3037 2562 3336 2618 vanitatum
3371 2571 3424 2616 ιιι
3469 2577 3691 2632 quoque

2109 2667 2216 2706 una
2263 2667 2388 2707 cum
2452 2649 2736 2720 flagitiosis
2797 2652 3090 2722 pravisque
3149 2653 3574 2722 cogitationibus
3635 2666 3692 2710 et

2109 2744 2271 2799 dictis
2303 2751 2470 2813 atque
2505 2742 2662 2798 laetis
2693 2741 2804 2798 tuis
2846 2743 3145 2798 habeat-is?
3175 2752 3293 2800 esto
3324 2745 3438 2800 haec
3467 2745 3686 2814 quidem

2112 2855 2300 2896 revera
2327 2838 2598 2894 vanitates
2632 2838 2765 2904 sint,
2802 2849 2856 2893 tu
2896 2839 3169 2894 levitatem
3208 2854 3399 2895 eorum
3428 2839 3688 2897 similitu-

2110 2931 2237 2986 dine
2272 2929 2499 2986 referas.

2182 3108 2290 3178 20
2317 3107 2683 3176 Quamobrem
2727 3107 2866 3162 dixit
2899 3105 3067 3161 David
3107 3107 3408 3178 prepheta:
3455 3128 3473 3160 ι
3511 3110 3688 3165 Homo

2107 3201 2335 3256 vanitati
2372 3199 2570 3254 similis
2607 3198 2785 3256 factus
2834 3209 2957 3255 est:
2988 3200 3106 3256 dies
3148 3202 3268 3270 ejus
3298 3202 3441 3255 sient
3486 3205 3683 3258 umbra

2109 3300 2440 3362 praetereunt
2500 3291 2634 3362 (57).
2698 3291 2867 3361 Cujus
2922 3292 3142 3360 quidem
3206 3292 3260 3346 in
3314 3295 3494 3350 verbis
3549 3298 3684 3350 mira

2107 3384 2264 3454 plane
2303 3392 2466 3452 atque
2497 3382 2768 3452 exquisita
2816 3383 2956 3437 inest
2985 3382 3054 3438 de
3089 3383 3330 3440 hinnana
3379 3393 3570 3440 natura
3605 3389 3686 3441 le-

2061 3478 2068 3486 '
2104 3475 2294 3530 cutio:
2348 3474 2472 3528 nam
2507 3490 2630 3529 cum
2681 3474 2735 3527 in
2779 3473 2866 3537 iis,
2901 3489 3023 3544 quae
3072 3475 3340 3530 divinitus
3373 3478 3591 3530 condita
3633 3486 3688 3532 et

2047 3631 2058 3641 _
2105 3569 2170 3624 ad
2222 3569 2448 3624 stabiles
2483 3577 2691 3623 natura
2740 3566 2890 3639 leges
2939 3569 3236 3624 constituta
3285 3578 3435 3632 sunt,
3487 3569 3620 3623 nihil
3655 3587 3684 3623 a

2105 3662 2216 3716 Deo
2267 3663 2386 3715 sine
2434 3660 2670 3716 consilio
2723 3659 2951 3721 factum.
2983 3676 3156 3731 eaque
3197 3662 3264 3716 de
3315 3677 3477 3717 causa
3525 3663 3683 3728 nihil,

2103 3753 2248 3822 quod
2285 3752 2499 3804 vanitas
2527 3749 2650 3818 jure
2682 3751 3006 3819 appelletur,
3039 3751 3271 3805 inveniri
3309 3753 3516 3821 possit;
3555 3767 3685 3820 pro-

2105 3849 2285 3911 pterea
2339 3838 2613 3892 hominem
2649 3854 2997 3908 nequaquam
3048 3839 3340 3893 vanitatem
3378 3839 3553 3893 dixit:
3591 3842 3683 3894 sed

2105 3943 2283 3986 tamen
2317 3943 2610 3999 pravorum
2673 3943 2898 3998 operum
2954 3945 3106 3998 ergo,
3163 3945 3287 3998 quae
3343 3929 3684 3986 extrinsecus

2102 4023 2294 4083 ascita,
2359 4021 2525 4077 simul
2574 4036 2696 4076 cum
2740 4021 2857 4090 ipso
2903 4036 2969 4075 ex
3009 4021 3375 4088 imprudentia
3421 4024 3486 4076 ad
3522 4023 3685 4077 breve

2104 4124 2316 4185 tempus
2366 4113 2664 4176 exsistunt,
2699 4111 2926 4166 vanitati
2993 4121 3140 4168 necte
3191 4114 3551 4181 comparavit.
3583 4113 3684 4178 Qui

2101 4207 2245 4261 enim
2279 4213 2490 4260 natura:
2514 4205 2648 4260 ﬁnes
2679 4219 2786 4258 non
2822 4204 2984 4258 modo
3007 4203 3166 4267 lassit,
3196 4204 3292 4258 sed
3329 4204 3491 4259 etiam
3526 4205 3685 4274 longe

2101 4307 2480 4366 transgressus
2509 4303 2614 4360 est,
2653 4303 2816 4364 atque
2855 4293 2922 4347 ad
2953 4294 3144 4371 agendi
3175 4282 3685 4350 rationem-natura:

418 4382 668 4454 εστηκὼς
699 4381 909 4436 τούτων
955 4383 1158 4452 πάντη,
1205 4382 1298 4436 καὶ
1326 4383 1711 4452 παρατραπεὶς
1747 4383 1884 4447 ὅλως
1916 4385 1998 4448 εἰς

2106 4386 2434 4443 contrariam
2464 4393 2517 4440 et
2544 4386 2613 4440 ad
2647 4400 2812 4454 prava
2843 4400 3072 4455 quaeque
3107 4400 3271 4455 opera
3301 4384 3538 4448 deﬂexit,
3575 4401 3682 4438 non

418 4476 516 4539 τὰς
548 4475 700 4546 παρά
723 4473 888 4550 φύσιν
917 4475 1201 4544 ἐνεργείας
1231 4473 1325 4528 καὶ
1375 4473 1846 4544 πονηροπραξίας,
1893 4494 1997 4546 μα-

417 4567 642 4638 ταιότης
671 4567 773 4638 μὲν
800 4567 902 4620 οὐκ
935 4565 1372 4637 ὀνομασθήσεται
1399 4565 1543 4619 κατά
1591 4566 1681 4619 τὸν
1712 4567 1998 4638 ποιητικὸν

421 4657 626 4710 σκοπὸν
647 4656 746 4709 τοῦ
763 4656 1166 4720 διαπλάσαντος
1193 4656 1357 4709 αὐτὸν
1381 4658 1476 4710 καὶ
1489 4657 1998 4728 δημιουργήσαντος

419 4749 516 4802 καὶ
536 4748 638 4820 τὴν
664 4748 786 4802 κατ’
807 4749 999 4804 οὐσίαν
1020 4747 1119 4802 καὶ
1147 4747 1382 4817 φυσικὴν
1415 4747 1653 4818 ὓπαρξιν
1672 4747 2001 4816 ἐξεταζόμε-

419 4857 510 4903 νος
540 4841 638 4894 καὶ
674 4841 1018 4911 κρινόμενος.
1047 4839 1148 4892 Διά
1175 4839 1234 4892 δὲ
1262 4838 1324 4892 τὸ
1352 4839 1522 4910 μηδὲν
1552 4839 1698 4908 ἔχειν
1755 4837 2002 4910 παρεπό-

424 4948 606 5002 μενον,
635 4933 760 4994 ταῖς
811 4931 1074 4999 φυσικαῖς
1125 4930 1500 4983 καταστάσεσι
1553 4930 1646 4984 καὶ
1697 4932 1764 5001 τῇ
1843 4929 2004 5000 βουλῇ

421 5024 515 5076 τοῦ
569 5025 913 5092 Ποιήσαντος
953 5021 1115 5092 ἔργον
1158 5021 1448 5091 σύμφωνον
1499 5022 1598 5075 καὶ
1643 5021 2006 5093 κατάλληλον,

418 5115 742 5187 ὁμοιοῦσθαι
773 5115 994 5184 λέγεται
1025 5115 1250 5178 δικαίως
1278 5115 1344 5186 τῇ
1405 5114 1754 5185 ματαιότητι,
1802 5116 1902 5185 οὐχ
1929 5113 2006 5179 ὡς

420 5207 666 5277 γεγονὼς
714 5207 914 5277 μάτην,
964 5205 1082 5261 ἀλλ’
1129 5206 1204 5268 ὡς
1227 5205 1402 5274 ζήσας
1433 5206 1704 5275 ματαίως,
1740 5207 1835 5259 καὶ
1893 5223 2001 5276 μη-

420 5299 615 5370 δεμίαν
650 5299 866 5370 ἀγαθῆς
894 5299 1118 5369 μνήμης
1145 5297 1387 5368 ἔμφασιν
1410 5296 1489 5368 τῷ
1511 5297 1612 5369 βίῳ
1631 5298 1957 5352 ’καταλιπών
1985 5315 1999 5329 ·

427 5411 451 5446 ι
487 5395 694 5464 Μνήμη
726 5394 838 5464 γὰρ
863 5392 1077 5446 δικαίου
1109 5390 1230 5462 μετ’
1263 5391 1582 5462 ἐγκωμίων,
1621 5411 1640 5442 ι
1687 5391 1858 5462 φησί·
1907 5393 2004 5445 καὶ

2103 4481 2150 4534 is
2183 4479 2404 4548 quidem
2444 4477 2654 4530 vanitas
2694 4476 3156 4539 denominahitur,
3200 4476 3468 4547 siquidem
3504 4477 3676 4530 consi-
3723 4482 3730 4492 '

2108 4572 2164 4626 lii
2215 4571 2336 4640 ejus
2380 4579 2432 4625 et
2486 4567 2638 4634 facti,
2687 4569 2782 4638 qui
2831 4567 3085 4622 formavit
3146 4567 3502 4638 perfecitque,
3541 4568 3681 4623 ratio

2106 4664 2392 4726 haheatur,
2426 4667 2482 4714 et
2513 4659 2676 4728 hujus
2722 4658 2896 4728 ipsius
2921 4665 3117 4712 natura
3163 4665 3218 4712 et
3254 4659 3578 4714 constitutio
3615 4661 3683 4712 ait

2105 4752 2372 4807 amussim
2425 4751 2810 4804 examinetur:
2847 4758 2922 4814 at,
2965 4758 3238 4819 quatenus
3296 4765 3460 4818 opere
3514 4761 3682 4814 caret,

2105 4841 2254 4914 quod
2309 4850 2364 4896 et
2417 4850 2629 4897 natura:
2685 4842 3013 4912 respondeat
3065 4856 3211 4903 suas,
3270 4850 3324 4895 et
3375 4841 3686 4896 Conditoris

2110 4934 2376 4990 voluntati
2405 4949 2712 4989 consonum
2737 4950 2802 4989 ac
2823 4942 3248 4990 consentaneum
3279 4934 3368 5002 sit,
3389 4933 3513 5004 jure
3537 4936 3686 4988 vani-

2111 5027 2208 5081 tati
2235 5027 2431 5080 similis
2461 5023 2578 5079 θοινί
2624 5026 2845 5091 dicitur,
2887 5042 2997 5080 non
3030 5025 3184 5094 quasi
3237 5034 3438 5081 temere
3485 5027 3682 5089 factus,

2111 5120 2204 5174 sed
2251 5128 2509 5188 tanquam
2552 5127 2754 5172 temere
2785 5117 2996 5182 vivens,
3033 5127 3092 5172 ut
3139 5118 3347 5174 nullum
3385 5117 3542 5172 bona:
3574 5133 3686 5172 me-

2113 5210 2302 5265 moriae
2368 5210 2632 5264 indicium
2687 5210 2992 5278 posteritati
3050 5203 3340 5281 relinquat.
3392 5208 3565 5272 Nam,
3626 5217 3685 5262 ut

2113 5303 2376 5371 scriptum
2415 5311 2536 5356 est:
2601 5319 2619 5352 ι
2677 5299 2934 5355 Memoria
2966 5302 3106 5356 enim
3149 5302 3284 5372 justi
3341 5315 3464 5354 eum
3515 5298 3686 5352 laudi-

2113 5391 2216 5448 bus
2247 5391 2400 5462 (38):
2448 5410 2466 5444 ι
2503 5401 2558 5446 et
2602 5407 2825 5448 rursus:
2860 5412 2883 5444 '(
2922 5393 2980 5447 In
3024 5391 3282 5447 memoria
3333 5397 3536 5445 azterna
3581 5387 3686 5441 erit

497 5552 608 5622 (57)
639 5550 780 5606 Psal.
811 5564 992 5611 cxuv,
1029 5521 1089 5613 4,.
1111 5549 1201 5618 qui
1225 5549 1280 5603 in
1323 5548 1530 5604 Latinis
1562 5557 1646 5604 est
1709 5549 2040 5604 centesimus
2076 5549 2530 5620 quadragesimus
2569 5551 2784 5608 tertius.
2816 5551 3120 5608 Theodotio
3152 5549 3309 5604 habet
3373 5544 3553 5618 ἀτμίδι
3583 5561 3684 5618 pro

436 5623 776 5690 ματαιότητι,
808 5635 1000 5690 nempe
1023 5623 1222 5686 vapori.

497 5692 611 5762 (38)
653 5684 816 5747 P'rov.
852 5707 905 5757 ι,
937 5684 994 5744 7.
1039 5684 1192 5760 Apud
1229 5688 1370 5743 LXX
1402 5689 1634 5760 legimus
1671 5690 1874 5760 Μνῆμη
1912 5691 1996 5742 δικ

2106 5703 2134 5740 ν
2158 5684 2274 5756 μετ’
2295 5685 2611 5759 ἐγκωμίων.
