3982 6190
319 402 460 476 μετὰ
498 401 610 456 τῶν
635 401 878 476 ἀρχῆθεν
937 402 1076 474 αὐτῇ
1131 403 1770 475 προαποκληρωθέντων,
1806 405 1903 460 καὶ

2012 403 2168 459 initio
2204 401 2436 471 accepit,
2473 409 2528 456 et
2573 416 2694 470 quae
2743 399 2962 454 aliunde
3000 407 3264 468 perpetuo
3308 396 3589 452 conﬂuunt

313 493 426 546 τῶν
465 491 672 560 ἔξωθεν
696 493 942 556 άεννάως
999 491 1550 565 παρεισκεκριμὲνων
1596 493 1904 565 ἀναριθμή-

2012 493 2478 560 innumerabiles;
2529 509 2631 548 nec
2675 501 2859 548 tamen
2910 493 3022 546 ullo
3054 491 3333 562 augmenti
3383 490 3592 545 indicio

313 601 448 649 των,
480 583 574 638 καὶ
607 583 730 637 κατ’
771 583 1030 654 οὐδεμίαν
1057 582 1341 652 αὐξήσεως
1370 581 1614 652 ἔμφασιν
1673 583 1904 656 εὓρηται

2012 586 2291 654 redundet,
2341 595 2438 642 aut
2488 585 2628 642 ultra
2676 599 2874 640 arenas
2920 583 3120 638 littoris
3148 591 3203 638 et
3241 581 3591 638 continentes

313 676 736 746 πλημμυροῦσα
761 677 858 730 καὶ
886 677 986 746 τὴν
1017 675 1256 746 άμμώδη
1284 675 1382 728 καὶ
1434 675 1654 744 γείτονα
1706 677 1904 748 χέρσον

2012 687 2178 735 terras
2211 680 2296 734 vel
2329 678 2618 733 minimum
2651 685 2931 734 excurrat.
2979 675 3135 744 Quod
3167 685 3221 730 et
3262 675 3432 731 David
3462 691 3593 745 pro-

317 769 712 840 παρερχομένη
745 771 812 824 ἂν
842 770 980 840 πρὸς
1015 771 1232 840 μικρόν.
1275 768 1449 824 Τοῦτο
1475 769 1564 841 ἄρ’
1595 771 1903 839 αἰνιττόμε-

2012 772 2166 842 pheta
2216 771 2418 844 attigit,
2453 771 2538 826 vel
2589 771 2774 840 potius
2819 771 3078 834 ostendit,
3132 785 3258 824 eum
3309 777 3588 823 auctorem

317 875 432 924 νος,
475 859 678 930 μᾶλλον
704 859 762 913 δὲ
801 861 1205 930 παρεμφαίνων
1237 861 1330 912 καὶ
1355 863 1383 912 ὁ
1415 861 1702 930 προφήτης
1736 859 1902 912 Δαόἰδ

2012 875 2194 917 rerum
2242 861 2488 917 omnium
2535 863 2617 918 sic
2674 874 2761 918 est
2827 847 3140 917 allocutus:
3197 880 3216 913 ι
3270 861 3589 916 Termiuum

319 949 478 1018 ἔλεγε
505 951 644 1020 πρὸς
689 950 782 1003 τὸν
810 949 920 1002 τῶν
966 950 1106 1004 ὅλων
1139 949 1296 1017 Θεὸν,
1337 967 1357 1002 ι
1395 949 1586 1021 Ὅριον
1615 948 1738 1004 έθου
1763 949 1793 1002 δ
1839 949 1900 1002 οὐ

2012 953 2269 1021 posuisti,
2313 957 2476 1024 quem
2513 968 2622 1008 non
2657 955 3150 1024 transgredientur,
3195 967 3375 1023 neque
3403 966 3588 1006 rever—

308 287 340 350 ’ἓ
356 285 416 350 ἱΊ
1397 283 1480 344 ΙΝ
1536 283 1904 346 ECCLESIA;

2012 283 2118 346 EN-
2172 275 2262 322 -”
2285 282 2432 343 LIB.
2470 281 2524 344 Ι.

317 1039 774 1110 παρελεύσονται,
789 1041 911 1096 οὐδὲ
927 1040 1572 1113 ὲπιστρέψουσικαλύψαι
1596 1040 1697 1112 τὴν
1723 1039 1846 1111 γῆν,
1876 1059 1895 1091 ι

261 1166 266 1169 τ
317 1130 458 1191 Εἶτά
486 1151 622 1208 φησι
641 1145 661 1166 ⁶

2009 1053 2196 1102 tentur
2229 1047 2444 1117 operire
2475 1056 2679 1102 terram
2706 1049 2775 1102 “.
2814 1065 2834 1100 ι
2880 1047 3018 1102 Tum
3055 1048 3164 1102 ait:

1875 1225 1904 1298 ς
1941 1223 2033 1279 IX.

389 1346 498 1411 Εἰς
539 1345 752 1409 τόπον,
784 1338 859 1399 οὗ
893 1346 946 1398 οἰ
990 1341 1297 1414 χειμαρῤοι
1355 1344 1732 1412 πορεύονται,
1777 1338 1907 1394 ἐκεῖ

316 1435 493 1491 αὐτοὶ
522 1433 960 1504 ἐπιστρέφουσι
994 1433 1104 1489 τοῦ
1145 1434 1532 1502 πορευθῆναι.

391 1526 505 1580 Καὶ
535 1524 634 1578 νῦν
665 1521 824 1588 αὖθις
858 1526 1046 1594 ἕτερον
1083 1524 1270 1595 θαῦμα
1303 1525 1655 1594 παρίστησιν,
1702 1521 1731 1574 δ
1775 1521 1902 1575 λαν-

2083 1339 2168 1392 Ad
2197 1339 2392 1406 totum,
2430 1357 2532 1409 quo
2574 1349 2832 1394 torrentes
2857 1347 3003 1405 euut,
3030 1338 3163 1392 illuc
3193 1337 3296 1407 ipsi
3329 1345 3596 1392 revertun-

2011 1439 2100 1484 tur
2125 1431 2196 1484 ad
2231 1433 2462 1485 eundum
2489 1433 2622 1503 (47).

2079 1519 2150 1575 Ει
2189 1537 2338 1576 nunc
2385 1523 2535 1576 aliud
2586 1539 2780 1578 rursus
2837 1521 3167 1576 miraculum
3212 1526 3591 1590 repraesentat,

319 1616 478 1671 θάνει
509 1616 607 1685 μὲν
633 1617 760 1679 τοὺς
789 1615 1019 1680 πολλοὺς
1050 1616 1161 1669 τῶν
1191 1614 1528 1686 ἀνθρώπων
1555 1615 1618 1667 οὐ
1649 1613 1756 1683 γάρ
1787 1612 1904 1666 ίσα-

2012 1613 2156 1682 quod
2191 1614 2413 1683 quidem
2450 1615 2742 1684 plerosque
2769 1613 2876 1684 25
2906 1613 3191 1668 hominum
3224 1611 3594 1682 latet:quippe

321 1727 409 1763 σιν
475 1709 611 1762 αὐτὸ
661 1709 867 1772 πάντες
895 1724 911 1740 ·
975 1709 1162 1778 μόνοις
1183 1708 1240 1761 δὲ
1293 1709 1408 1772 τοῖς
1464 1705 1904 1776 ναυτιλλομένοις

318 1800 644 1867 διέγνωσται
671 1801 787 1863 τοῖς
813 1801 880 1852 τά
913 1801 1147 1870 μέγιστα
1179 1799 1394 1869 πελάγη
1453 1798 1565 1852 τῶν
1615 1797 1906 1852 θαλασσῶν

317 1892 668 1946 διαπλέουσιν
689 1906 704 1921 ·
737 1891 816 1944 ἔτι
849 1891 908 1944 δὲ
938 1892 1034 1945 καὶ
1064 1894 1179 1954 τοῖς
1205 1890 1304 1962 τὴν
1335 1891 1485 1944 θείαν
1535 1889 1907 1961 με’μνημένοις

319 1983 544 2054 Γραφὴν
576 1981 795 2037 καὶτοῦ
822 1983 1106 2054 προφήτου
1161 1981 1415 2050 λέγοντος
1471 1979 1699 2051 ’Δμμώς
1722 1997 1738 2014 ο
1779 2000 1798 2031 ι
1849 1980 1908 2034 Ὀ

319 2074 798 2146 προσκαλούμενος
829 2075 890 2127 τὸ
913 2073 1060 2144 ὓδωρ
1089 2075 1190 2146 τῆς
1218 2073 1520 2143 θαλάσσης,
1558 2072 1654 2126 καὶ
1685 2073 1899 2142 ὲκχέων

319 2168 457 2222 αὐτὸ
477 2167 571 2221 ἐπὶ
592 2168 888 2238 πρόσωπον
907 2167 1090 2237 πάσης
1119 2165 1222 2235 τῆς
1249 2166 1374 2236 γῆς,
1405 2183 1422 2217 ι
1454 2163 1804 2234 σημαίνοντος
1823 2163 1910 2216 διὰ

316 2258 432 2312 τῶν
481 2258 786 2329 εἰρημένων
819 2258 918 2328 τὴν
949 2256 1060 2312 ἀπὸ
1079 2256 1188 2310 τῶν
1215 2255 1515 2310 θαλαττίων
1561 2254 1770 2310 ὑδάτων
1829 2252 1910 2326 τῷ

319 2349 720 2420 παντοδυνάμῳ
749 2348 1057 2420 βουλήματι
1083 2345 1181 2402 τοῦ
1216 2345 1354 2402 Θεοῦ
1393 2347 1690 2418 γινομένην
1723 2345 1909 2400 ἄνοδον

319 2444 460 2517 πρὸς
468 2443 567 2507 τὰς
577 2443 808 2513 νεφέλας
827 2441 1106 2504 πολλάκις.
1121 2440 1232 2511 Τὴν
1253 2439 1510 2512 τοιαύτην
1523 2433 1617 2492 οὖν
1641 2436 1908 2510 μετάκλη-

321 2553 409 2590 σιν
439 2536 550 2591 τῶν
576 2535 879 2590 θαλαττίων
891 2534 1099 2588 ὑδάτων
1128 2533 1507 2604 αἰνιττόμενος
1557 2531 1657 2585 καὶ
1681 2533 1708 2585 ὁ
1742 2529 1908 2598 σοφὸς

331 2629 770 2698 Ἐκκλησιαστὴς
798 2628 1000 2696 ἔφησεν
1019 2643 1034 2659 ·
1078 2648 1097 2679 ‹
1123 2627 1218 2691 Εἰς
1253 2619 1504 2685 τόπον,οὗ
1532 2625 1582 2679 οἰ
1619 2623 1908 2695 χείμαρροι

321 2713 674 2790 πορεύονται,
692 2720 810 2772 ὲκεί
825 2719 982 2772 αὐτοὶ
1001 2717 1392 2786 ἐπιστρέφουσι
1407 2715 1502 2768 τοῦ
1519 2712 1869 2784 πορευθῆναι.
1883 2729 1902 2764 ι

319 2809 656 2882 Πορεύονται
683 2809 782 2879 μὲν
800 2811 908 2880 γὰρ
931 2811 980 2862 οἰ
1001 2808 1293 2879 χείμαρροι
1327 2809 1422 2862 καὶ
1451 2806 1648 2868 πάντες
1676 2805 1726 2858 οί
1749 2820 1912 2859 ποτα-

325 2903 441 2973 μοὶ,
459 2903 557 2956 καὶ
572 2901 897 2974 συρρέουσιν
917 2902 995 2962 είς
1012 2900 1110 2972 τὴν
1132 2900 1434 2954 θάλασσαν·
1467 2901 1534 2952 ὲκ
1555 2897 1614 2951 δὲ
1643 2897 1907 2967 τῶνάμυ-
1936 2925 1961 2974 λ

322 2995 504 3064 θήτων
517 2993 618 3063 τῆς
645 2993 920 3063 θαλάσσης
937 2993 1170 3054 ὑδάτων,
1187 2993 1275 3049 διὰ
1293 2994 1390 3060 τῆς
1421 2991 1715 3062 εἰρημένης
1739 3006 1908 3060 προσ-

320 3083 574 3155 κλήσεως
625 3081 828 3148 αὐτῶν,
881 3081 1175 3152 οὐρανόθεν
1211 3081 1315 3150 πλη
1327 3099 1354 3144 μ
1369 3079 1600 3150 μυροῦσι
1632 3081 1750 3140 ταῖς
1783 3078 1906 3150 βρο-

319 3177 452 3249 καῖς
465 3176 560 3229 καὶ
579 3174 693 3238 τοῖς
709 3173 956 3244 ὄμϐροις,
979 3173 1076 3226 καὶ
1101 3171 1263 3226 πάλιν
1281 3171 1700 3242 ἐπιστρέφουσιν
1721 3172 1798 3232 εἰς
1807 3169 1905 3239 τὴν

325 3263 604 3321 θάλασσαν
619 3270 681 3318 τδ
711 3265 916 3336 ληφθὲν
933 3263 994 3329 ἐξ
1024 3265 1204 3318 αὐτῶν
1227 3263 1394 3335 ὕδωρ.
1429 3264 1538 3317 Καὶ
1563 3261 1724 3315 τοῦτό
1757 3263 1904 3314 ἐστιν

321 3358 433 3427 ἄρα
457 3355 647 3425 σαφῶς
693 3356 722 3409 ὅ
747 3373 910 3427 φησιν
947 3359 976 3410 ὸ
1035 3355 1199 3425 σοφὸς
1250 3353 1684 3423 Ἐκκλησιαστής
1714 3367 1729 3382 ο
1767 3371 1785 3404 ι
1813 3352 1905 3416 Εἰς

320 3447 509 3524 τόπον,
551 3441 613 3500 οὗ
643 3447 697 3498 οἰ
731 3446 1026 3517 χείμαρροι
1051 3444 1398 3514 πορεύονται,
1429 3445 1549 3498 ἐκεῖ
1574 3445 1732 3497 αὐτοὶ
1775 3445 1902 3496 ἐπι-

327 3537 622 3607 στρέφουσι
649 3537 745 3590 τοῦ
774 3537 1112 3608 πορευθῆναι
1147 3553 1162 3568 ·
1207 3555 1226 3588 ι
1259 3534 1364 3590 κᾶν
1402 3533 1534 3605 δοκῇ
1586 3549 1704 3596 πως
1757 3532 1904 3603 ἔχειν

325 3627 678 3696 ταυτολογιαν
704 3643 718 3656 ·
756 3628 922 3695 φάναι
951 3627 1060 3698 γὰρ
1091 3625 1259 3698 ἐχρῆν
1295 3641 1308 3656 ·
1344 3641 1363 3674 ι
1397 3625 1490 3687 Εἰς
1541 3623 1730 3682 τόπον.
1780 3621 1902 3675 ὅθεν

323 3719 377 3772 οἰ
405 3719 694 3791 χείμαρροι
725 3719 999 3790 δέχονται,
1031 3720 1151 3772 ἐκεῖ
1179 3716 1336 3771 αὐτοὶ
1367 3714 1756 3786 ἐπιστρέφουσι
1805 3713 1901 3774 τοῦ

320 3808 660 3880 πορευθῆναι
690 3826 706 3842 ο
738 3829 756 3860 ι
795 3808 1021 3864 τοιῶσδε
1053 3809 1162 3879 γὰρ
1189 3807 1486 3880 εἰρημένον
1547 3804 1902 3876 ἐκδηλότερον

314 3903 386 3956 ἂν
415 3906 510 3956 καὶ
537 3902 876 3974 σαφέστερον
904 3896 1020 3972 εἶχε
1051 3901 1147 3955 τοῦ
1176 3899 1344 3971 ρητοῦ
1373 3899 1466 3952 τὸν
1499 3898 1626 3952 νοῦν
1673 3897 1812 3951 κατὰ
1839 3896 1902 3950 τὸ

313 3994 636 4051 ἀκόλουθον.
681 3995 816 4048 Ἀπὸ
840 3995 950 4065 γὰρ
974 3996 1074 4066 τῆς
1117 3991 1391 4062 θαλάσσης
1448 3988 1902 4061 προσλαμϐάνου-

313 4105 406 4142 σιν
441 4088 500 4141 αἰ
539 4086 762 4154 νεφέλαι
787 4087 848 4138 τὸ
875 4084 1020 4156 ὕδωρ
1050 4101 1064 4116 ο
1097 4083 1252 4138 ὕουσι
1311 4083 1358 4136 δ’
1409 4082 1592 4146 αὐτοῖς
1633 4082 1900 4151 ποταμοῖς

313 4179 414 4232 καὶ
449 4178 806 4250 χειμάρροις⁶
834 4171 988 4231 οὗτοι
1021 4175 1078 4228 δὲ
1098 4171 1556 4247 παλινδρομοῦσιν
1581 4171 1736 4226 αὐτοὶ
1763 4169 1900 4240 πρὸς

2009 1703 2221 1758 ueteris
2253 1703 2655 1774 ignorantibus,
2687 1705 2722 1758 ii
2755 1706 2931 1760 solum
2969 1714 3196 1766 norunt,
3227 1702 3318 1773 qui
3356 1703 3589 1757 maxima

2008 1793 2210 1852 Oceani
2241 1811 2464 1866 aequora
2504 1798 2816 1868 navigando
2855 1807 3158 1868 permeant,
3191 1807 3244 1851 et
3279 1797 3372 1866 qui
3404 1811 3593 1852 sacra-

2011 1903 2132 1942 rum
2187 1885 2520 1942 Litterarum
2563 1887 2863 1942 meminere
2902 1895 3065 1956 atque
3110 1888 3278 1940 Amos
3313 1885 3594 1954 prophetae

2010 1975 2287 2031 dicentis:
2339 1995 2358 2029 ι
2401 1976 2505 2042 Qui
2561 1987 2721 2030 voi-at
2768 1991 2968 2046 aquam
3027 1975 3214 2039 maris,
3263 1985 3318 2030 et
3363 1974 3594 2028 eﬂ‘undit

2010 2081 2130 2122 eam
2163 2083 2326 2138 super
2355 2067 2549 2123 faciem
2581 2067 3146 2138 terra:totius“‘(48)
3171 2084 3188 2133 ;
3215 2087 3234 2120 ο
3257 2067 3458 2138 quibus
3490 2067 3593 2120 hoc

2010 2161 2196 2214 verbis
2227 2158 2565 2230 frequentem
2607 2176 2878 2230 aquarum
2910 2176 2942 2216 e
2973 2161 3112 2215 mari
3145 2159 3212 2214 ad
3247 2159 3421 2214 nubes
3451 2158 3592 2213 redi-

2013 2261 2128 2304 tum
2156 2251 2481 2321 designavit,
2507 2253 2572 2308 ad
2595 2269 2738 2322 quas
2768 2251 2864 2308 Dei
2887 2252 3284 2322 omnipotentis
3313 2251 3593 2306 voluntate
3677 2275 3700 2292 κ

2011 2343 2336 2398 ascendunt.
2376 2344 2527 2399 Hanc
2562 2361 2729 2415 porro
2769 2360 3037 2416 aquarum
3071 2345 3412 2399 marinarum
3454 2357 3590 2398 con-

2011 2434 2354 2490 vocationem
2385 2437 2500 2506 ipse
2519 2437 2682 2492 etiam
2713 2437 2964 2492 indicans
2987 2437 3206 2508 sapiens
3229 2435 3592 2492 Ecclesiastes

2010 2527 2190 2585 dixit:
2229 2547 2251 2582 ι
2295 2530 2377 2585 Ad
2409 2531 2614 2596 locum,
2645 2547 2756 2601 quo
2787 2541 3058 2587 torrentes
3111 2540 3264 2592 eunt.
3313 2530 3441 2584 illuc
3487 2529 3592 2598 ipsi

2011 2631 2362 2678 revertuntur
2387 2623 2454 2677 ad
2479 2624 2754 2678 eumdem.
2797 2643 2816 2675 ι
2855 2622 2991 2678 Nam
3040 2632 3274 2693 pergunt
3304 2638 3436 2678 sane
3475 2632 3592 2678 tor-

2013 2723 2200 2771 rentes
2255 2729 2555 2784 amnesque
2593 2731 2811 2780 omnes,
2859 2725 2913 2770 et
2961 2717 3016 2770 in
3069 2730 3218 2770 mare
3271 2715 3590 2771 conﬂuunt:

2013 2817 2128 2864 tum
2161 2821 2297 2863 vero
2334 2801 2555 2874 e'coelo,
2593 2823 2703 2878 quo
2731 2808 2840 2861 vim
2875 2808 3022 2862 illam
3060 2823 3330 2879 aquarum
3357 2807 3592 2879 inexpli-

2012 2899 2244 2954 cabilem
2299 2899 2591 2954 convocari
2644 2900 2780 2962 dixi,
2839 2897 3121 2955 exundant
3172 2899 3370 2970 pluviis
3427 2908 3591 2970 atque

2011 2991 2302 3057 imbribus,
2339 2993 2590 3062 marique
2619 2991 2840 3058 iterum,
2874 3007 3016 3062 quas
3045 2991 3115 3048 ab
3144 3007 3208 3047 eo
3234 3001 3586 3063 acceperunt.

2007 3097 2180 3152 aquas
2209 3084 2525 3138 refundunt.
2541 3085 2720 3154 Atque
2745 3085 2850 3140 hoc
2880 3085 3060 3156 ipsum
3080 3085 3195 3141 sine
3213 3087 3588 3142 controversia
3691 3076 3704 3081 ’

2006 3186 2112 3240 est,
2149 3174 2297 3242 quod
2335 3177 2557 3244 sapiens
2589 3173 2952 3231 Ecclesiastes
2992 3177 3280 3232 enuntiat:
3333 3195 3354 3230 ι
3387 3177 3468 3233 Ad
3501 3179 3588 3233 lo-

2005 3280 2156 3332 cum,
2197 3281 2312 3336 quo
2340 3274 2610 3324 torrentes
2649 3278 2801 3333 eunt,
2832 3269 2962 3324 illuc
3003 3270 3104 3339 ipsi
3139 3280 3492 3327 revertuntur
3519 3271 3588 3326 ad

2006 3357 2291 3424 eundum;
2333 3379 2351 3410 ι
2391 3375 2711 3430 quanquam
2748 3361 2802 3414 in
2841 3361 2926 3416 bis
2950 3363 3132 3422 verbis
3155 3378 3269 3418 rem
3304 3362 3394 3418 ille
3431 3379 3587 3418 eam-

2004 3445 2127 3500 dem
2165 3447 2364 3504 iterare
2394 3451 2804 3518 quodammodo
2847 3451 3081 3508 videtur.
3115 3455 3410 3524 Oportebat
3437 3454 3586 3510 enim

2004 3539 2232 3596 dicere:
2279 3561 2298 3594 ι
2354 3541 2437 3597 Ad
2481 3543 2684 3610 locum,
2724 3545 2870 3600 unde
2929 3554 3199 3603 torrentes
3245 3535 3584 3610 derivantur,

2003 3632 2193 3688 eodem
2240 3633 2344 3703 ipsi
2387 3633 2625 3691 redeunt
2670 3647 2730 3692 ut
2761 3638 2944 3693 denuo
2979 3638 3192 3707 ﬂuant;
3229 3660 3246 3692 ι
3287 3657 3412 3696 nam
3453 3641 3586 3698 dicti

2004 3725 2334 3780 sententiam
2368 3727 2473 3782 hoc
2496 3737 2656 3797 pacto
2684 3729 3114 3787 manifestiorem
3138 3732 3397 3804 deinceps
3422 3744 3586 3803 atque

2003 3819 2294 3874 clariorem
2353 3821 2700 3878 reddidisset.
2755 3822 2801 3874 Α
2860 3822 3001 3876 mari
3051 3824 3324 3893 siquidem
3382 3839 3582 3894 aquam

2004 3912 2177 3966 nubes
2222 3911 2520 3978 hauriunt,
2567 3911 2920 3982 eaedemque,
2969 3928 3097 3969 eum
3155 3916 3329 3984 pluit,
3367 3924 3583 3972 torren-

2002 4002 2152 4056 tibus
2183 4017 2303 4056 eam
2357 4017 2423 4058 ac
2477 4001 2660 4060 ﬂuviis
2698 4006 2976 4060 reddunt:
3033 4005 3087 4060 hi
3135 4005 3354 4062 demum
3390 4007 3587 4064 iterato

2003 4094 2152 4148 illam
2207 4109 2436 4151 recursu
2492 4095 2559 4150 ad
2611 4111 2760 4151 mare
2791 4097 3064 4152 deferunt.
3109 4097 3217 4154 Sed
3265 4100 3372 4155 hoc
3404 4102 3588 4156 minus

2001 4193 2188 4253 aperte
2225 4184 2365 4240 dixit
2401 4185 2812 4255 Ecclesiastes,
2842 4197 2896 4243 et
2955 4199 3238 4259 poetarum
3291 4197 3442 4248 mare
3492 4209 3590 4264 per

311 4273 416 4344 τὴν
436 4273 735 4326 θάλασσαν.
781 4271 918 4323 Ἀλλ’
952 4271 1049 4339 οὐχ
1075 4267 1246 4332 οὕτως
1277 4266 1411 4321 αὐτὸ
1453 4265 1642 4334 σαφῶς
1690 4267 1719 4317 ὁ
1773 4261 1896 4316 Ἐκ-

2012 4272 2432 4330 intellectionem
2459 4277 2693 4332 alterum
2737 4281 2911 4334 altero
2944 4281 3259 4352 signiﬁcare
3289 4261 3508 4352 voluit;
3530 4302 3590 4342 ιιι

315 4363 660 4433 κλησιαστὴς
683 4357 838 4415 εἶπεν
863 4377 877 4392 ⁸
915 4359 1052 4413 ἀλλὰ
1085 4357 1164 4429 τῷ
1195 4355 1467 4428 ποιητικῴ
1520 4355 1710 4427 τρόπῳ
1759 4353 1902 4406 κατὰ

313 4457 654 4527 συνεκδοχὴν
685 4452 962 4524 ἠϐουλήθη
996 4453 1066 4506 δι’
1095 4452 1288 4520 ἑτέρου
1325 4451 1570 4520 σημᾶναι
1595 4446 1657 4500 τὸ
1689 4445 1898 4516 ἕτερον,

313 4553 407 4604 ἴνα
437 4549 558 4604 ἐστὶ
601 4548 664 4600 τὸ
697 4544 991 4616 εἰρημένον
1016 4541 1282 4600 τοιοῦτον.
1310 4539 1386 4602 ὠς
1413 4537 1662 4608 έφθημεν
1719 4535 1901 4589 εἰπόν-

311 4661 409 4706 τες
440 4659 454 4673 ·
495 4660 512 4693 ι
549 4641 643 4702 Εἰς
677 4637 766 4692 τὸν
800 4637 986 4700 τόπον,
1015 4635 1138 4688 ὅθεν
1176 4635 1225 4686 οἰ
1257 4632 1552 4704 χείμαρροι
1599 4627 1902 4700 κιχρῶνται

313 4737 414 4790 καὶ
433 4735 686 4804 δέχονται
717 4731 807 4783 διὰ
836 4727 944 4782 τῶν
968 4725 1208 4796 νεφελῶν
1241 4725 1304 4778 τὸ
1357 4723 1523 4793 ὕδωρ,
1565 4721 1663 4776 καὶ
1712 4720 1901 4791 πλημ-

317 4824 744 4896 μυροῦσιν,ἐκεῖ
766 4820 920 4874 αὐτοὶ
949 4818 1337 4889 ἐπιστρέφουσι
1365 4813 1460 4868 τοῦ
1484 4812 1841 4884 πορευθῆναι.
1876 4829 1895 4864 ι

313 4917 572 4970 Δείκνυσι
603 4915 712 4984 γὰρ
750 4911 922 4974 οὕτως
946 4907 1462 4978 ἁναγινωσκόμενον
1487 4905 1549 4958 τὸ
1574 4903 1763 4975 ρητδν,
1824 4904 1901 4966 ὡς

313 5011 366 5064 οἱ
417 5011 515 5080 μὲν
550 5007 841 5078 χείμαρροι
882 5004 975 5057 καὶ
1005 5005 1054 5056 οἰ
1099 5000 1336 5070 ποταμοὶ
1368 4999 1458 5051 διὰ
1511 4995 1622 5049 τῶν
1657 4994 1901 5062 νεφελῶν

315 5107 382 5156 ὲκ
413 5102 512 5171 τῆς
547 5095 1119 5168 θαλάσσηςδεχόμενοι
1142 5091 1310 5163 ὕδωρ,
1339 5086 1702 5154 αῠξονταικαὶ
1718 5087 1903 5157 πλημ-

317 5189 588 5261 μυροῦσιν
609 5202 623 5216 ⁸
662 5188 1088 5258 ἁντιπαρέχουσι
1125 5183 1182 5238 δὲ
1217 5182 1379 5236 πάλιν
1407 5183 1473 5251 τῇ
1499 5179 1796 5251 δανεισάσῃ
1840 5177 1902 5229 τὺ

388 5328 438 5362 ³⁸
465 5326 614 5383 Psal.
651 5341 768 5391 cm,
800 5325 855 5380 9.
940 5326 1003 5358 “‘
1031 5325 1198 5378 Amos
1229 5338 1286 5382 v,
1362 5319 1394 5374 8
1453 5327 1510 5372 et
1539 5333 1615 5380 nr,
1645 5315 1700 5369 6.

392 5440 508 5509 (47)
566 5439 720 5508 Apud
782 5437 924 5492 LXX
976 5437 1242 5509 scriptum
1293 5429 1523 5509 εἰς’-τὸν
1563 5430 1729 5482 τόπον
1753 5468 1779 5509 ·.
1821 5467 1835 5482 .
1880 5471 1894 5484 .

319 5499 503 5567 ιοιέηί
533 5499 714 5564 autem
759 5499 1204 5564 sententiam'sic
1239 5501 1471 5558 reddidit
1492 5499 1894 5568 Symmachus:

320 5584 418 5646 Εἰς
461 5582 552 5635 τὸν
596 5581 778 5639 τόπον,
833 5579 925 5646 ἀφ’
971 5573 1032 5631 οὗ
1065 5577 1115 5630 οἱ
1156 5572 1392 5644 ποταμοὶ
1412 5569 1728 5646 πορεύονται
1753 5611 1767 5632 ,
1794 5571 1900 5646 *καὶ

321 5643 440 5706 ἐκεῖ
467 5652 620 5704 αὐτοὶ
653 5643 1086 5721 ἀναστρέφουσιν
1125 5663 1140 5721 ς
1177 5643 1311 5721 qua!
1335 5644 1538 5713 optimc
1569 5643 1904 5721 respondent

327 5723 507 5778 verbis
557 5709 874 5774 Latinorum
908 5709 1346 5786 exemplarium,
1374 5709 1500 5784 quas
1532 5709 1665 5764 vidit
1712 5709 1903 5765 lticro-

658 5813 930 5874 PA'I‘ttOL.
973 5810 1106 5871 Gn.~
1135 5806 1410 5874 XCVII).

2004 4379 2068 4418 ea
2102 4365 2156 4418 in
2196 4365 2377 4421 verbis
2413 4373 2682 4423 sententia
2727 4354 2892 4436 iusit,‘
2923 4386 3088 4440 quam
3123 4374 3286 4427 modo
3329 4377 3584 4444 exposui.

2005 4468 2168 4508 mus:
2214 4472 2232 4504 ι
2269 4453 2348 4508 Ad
2385 4455 2566 4511 locum
2601 4474 2804 4530 nempe,
2841 4461 2984 4514 unde
3021 4471 3292 4518 torrentes
3329 4477 3590 4520 mutuan-

2007 4555 2099 4602 tur
2127 4549 2537 4621 desumuntque
2586 4568 2682 4622 per
2725 4556 2899 4610 nubes
2943 4571 3168 4626 aquam,
3211 4565 3380 4630 atque
3409 4575 3591 4616 exun-

2004 4638 2172 4702 dant,
2204 4654 2273 4694 eo
2319 4640 2486 4695 iidem
2537 4651 2931 4708 revertuntur,
2976 4653 3036 4700 ut
3085 4647 3285 4702 iterum
3328 4646 3519 4704 ﬂuant.
3566 4671 3586 4701 ι

2006 4729 2098 4786 Sic
2125 4733 2272 4786 enim
2299 4734 2473 4804 accipi
2509 4735 2717 4790 dictum
2743 4739 3003 4802 ostendit,
3029 4747 3091 4794 ut
3116 4749 3389 4798 torrentes
3409 4739 3592 4797 ﬂuvii-

2005 4841 2134 4896 que,
2179 4841 2318 4896 aqua
2367 4843 2398 4882 a
2451 4829 2590 4883 mari
2640 4845 2735 4900 per
2785 4831 2960 4886 nubes
3011 4833 3229 4898 hausta,
3281 4845 3592 4908 augeantur

2005 4929 2170 4988 atque
2230 4919 2580 4989 redundent;
2636 4937 2702 4976 ac
2755 4923 2996 4979 debitum
3063 4926 3330 4982 feneranti
3393 4945 3592 4984 rursus

2005 5011 2352 5067 retribuant:
2415 5028 2524 5067 non
2589 5014 2736 5083 quod
2801 5017 3162 5087 omnipotenti
3230 5017 3466 5074 Domino
3521 5022 3589 5074 ad
3701 5039 3721 5054 κ

2007 5113 2207 5158 terram
2249 5104 2580 5176 irrigandam
2615 5108 2736 5162 alia;
2779 5109 2892 5163 sint
2937 5125 3077 5178 Opus
3113 5125 3309 5182 aquae;
3353 5112 3446 5166 sed
3478 5127 3590 5181 quo

2005 5196 2334 5253 ineﬂ'abilem
2389 5200 2442 5252 in
2486 5199 2588 5254 hoc
2623 5216 2845 5272 quoque
2883 5205 3183 5272 potentiam
3241 5205 3586 5260 demonstret

2004 5444 2237 5500 nymns;
2291 5437 2418 5500 sunt
2460 5429 2604 5484 enim
2645 5430 2962 5497 huiusmodi
3009 5451 3021 5486 :
3061 5431 3134 5485 De
3176 5446 3277 5500 quo
3331 5436 3586 5482 torrentes

2005 5499 2218 5570 exeunt,
2249 5499 2378 5554 illuc
2403 5501 2505 5570 ipsi
2545 5512 2902 5567 revertuntur,
2928 5511 2984 5556 ut
3013 5499 3299 5556 introeant.

2079 5569 2372 5642 (48)Amos
2388 5568 2449 5642 vi,
2473 5573 2528 5628 8.
2553 5573 2706 5642 Apud
2727 5572 2863 5626 LXX
2886 5574 3038 5627 deest
3056 5572 3257 5638 πάσης.
3283 5585 3381 5624 ncc
3402 5568 3586 5624 minus

2011 5641 2152 5715 apud
2185 5640 2674 5712 Olympiodorutn,
2722 5645 2812 5715 qui
2860 5644 3049 5698 eodem
3117 5643 3287 5696 utitur
3342 5645 3586 5696 testimo-

2013 5726 2125 5766 mo.

3019 5803 3092 5885 εδ
