3982 6190
473 258 573 320 75.3

1612 259 1674 318 S.
1709 255 2052 318 GREGORI

2160 255 2651 336 lGRIGEN'l‘INI
3077 219 3085 227 ’
3628 264 3714 328 πει

473 381 528 424 et.
559 384 680 440 qua:
710 376 958 425 errantes
988 377 1140 434 sunt,
1175 378 1322 433 ortu,
1357 382 1580 436 occasu,
1609 370 1863 439 deiectu;
1895 370 1980 426 vel
2011 370 2057 425 si

2165 369 2274 424 τῶν
2296 370 2584 441 πλανητῶν
2606 385 2618 398 ⁸
2652 369 2734 422 ἔτι
2771 367 2828 422 δὲ
2877 366 2972 422 καὶ
3005 368 3147 424 κατά
3197 370 3293 439 τὴν
3329 371 3435 442 γῆν
3476 373 3565 426 καὶ
3595 382 3717 430 κατὰ

471 463 604 532 quid
645 459 917 532 ejusmodi
963 462 1194 516 in‘terra
1239 470 1333 518 aut
1381 464 1436 518 in
1471 465 1609 520 mari
1642 465 2062 537 deprehenderit

473 566 552 611 tot
589 555 733 611 inter
768 555 1132 609 animantium
1167 571 1388 628 genera,
1420 559 1854 629 taloque-varias
1895 559 2058 630 plan-

471 657 650 700 tarum
686 643 884 713 stirpes
917 655 974 700 et
1009 654 1310 715 pratorum
1357 649 1742 716 amoenitates;
1775 649 1960 722 multo
2006 649 2058 703 id

467 747 631 808 antea
677 737 799 803 fuit,
829 743 886 792 et
929 737 1069 792 nihil
1107 739 1337 795 omnino
1382 740 1680 808 diversum,
1717 742 1832 797 sive
1876 751 2058 796 ortum

467 839 704 899 spectes,
738 829 857 885 sive
888 837 1166 898 naturam,
1199 829 1314 887 sive
1343 831 1618 898 ordinem,
1653 833 1772 889 sive
1805 841 2054 899 motum;

467 923 674 993 quippe
729 937 820 978 res
869 936 1083 988 omnes,
1125 922 1209 978 vel
1233 923 1347 994 jam
1399 925 1690 989 exsistant,
1733 925 1818 982 vel
1857 923 2060 980 futurae

468 1015 602 1079 sint,
636 1014 836 1070 divina:
864 1013 1135 1070 voluntati
1177 1015 1622 1086 praescriptisque
1662 1016 1820 1071 initio
1849 1016 2059 1087 legibus

469 1103 788 1160 necessario
835 1103 1237 1180 obsequuntur.
1291 1103 1642 1176 Quapropter
1696 1105 1871 1160 Oseas
1927 1119 2058 1174 pro—
2088 1149 2101 1164 .

469 1197 632 1267 pheta
653 1196 1008 1252 Conditorem
1035 1195 1238 1266 ipsum,
1264 1197 1358 1268 qui
1379 1197 1708 1252 seculorum
1731 1207 1923 1251 auctor
1951 1203 2058 1262 est,

469 1289 724 1358 idemque
763 1288 1150 1344 universorum
1203 1289 1556 1351 consututor,
1617 1289 1700 1344 sic
1746 1288 2056 1358 loquentem

469 1381 685 1436 induxit
706 1397 720 1434 :
744 1399 763 1432 ι
796 1379 910 1451 Ego
939 1381 1206 1436 Dominus
1237 1380 1380 1436 Deus
1407 1389 1558 1448 tuus,
1579 1379 1805 1436 ﬁrmans
1834 1381 2056 1446 coelum,

467 1483 524 1530 et
559 1483 760 1529 terram
797 1455 1042 1530 conden’s
1078 1474 1227 1545 (52);
1266 1492 1286 1526 ι
1323 1474 1526 1544 quibus
1573 1471 1758 1528 verbis
1812 1471 2055 1526 divinam

470 1566 744 1638 signiﬁcat
761 1566 1092 1638 potentiam,
1145 1582 1266 1636 qua:
1298 1565 1528 1636 provide
1558 1572 1855 1634 utrumque
1909 1563 2059 1620 fovet

469 1669 634 1728 atque
665 1667 865 1723 tuetur,
894 1659 1260 1727 ostenditque,
1315 1659 1411 1730 qui
1446 1659 1646 1714 coelum
1677 1657 1748 1712 ab
1778 1656 1934 1712 initio
1959 1656 2055 1712 [ir-

469 1751 640 1806 mavit
677 1749 1041 1820 fundavitque
1095 1759 1320 1813 terram,
1367 1765 1466 1820 per
1514 1764 1642 1804 eum
1683 1754 1830 1804 nunc
1889 1749 2056 1803 etiam
2088 1734 2132 1790 Β

470 1857 692 1897 manere
716 1851 1032 1911 utrumque,
1056 1849 1111 1895 et
1142 1856 1248 1894 una
1279 1840 1400 1911 ejus
1451 1840 1640 1894 divina
1685 1849 1850 1909 atque
1877 1839 2058 1892 omni-

467 1934 675 2005 potenti
701 1933 983 1988 voluntate
1009 1941 1288 1988 constare.
1327 1931 1473 1986 Nihil
1503 1930 1666 2000 igitur
1697 1930 1798 1984 sub
1826 1929 1942 1985 sole
1965 1944 2056 1985 re-

468 2042 621 2091 cens,
657 2025 800 2086 nihil,
814 2025 975 2096 plane
1008 2039 1210 2079 novum
1235 2031 1424 2078 natum
1454 2030 1576 2078 est:
1607 2020 2054 2092 quandoquidem

469 2123 761 2194 praesentia
789 2136 944 2192 aeque
973 2129 1029 2174 et
1055 2117 1237 2175 futura
1281 2115 1530 2172 eamdem
1562 2113 1748 2168 omnia
1787 2111 2054 2182 originem

469 2227 522 2267 et
565 2222 774 2267 motum
812 2211 1020 2266 habent
1067 2226 1082 2262 :
1143 2208 1330 2278 itaque
1361 2216 1418 2261 et
1461 2205 1588 2261 εωΙί
1627 2205 1745 2259 sine
1780 2200 2058 2257 intermis-

469 2306 625 2360 sione
655 2301 888 2374 gloriam
922 2301 1018 2356 Dei
1063 2309 1344 2365 enarrant,
1375 2312 1440 2353 ac
1487 2296 1608 2352 dies
1657 2295 1788 2362 diei,
1839 2307 2057 2363 noxque

470 2396 618 2452 nocti
643 2394 933 2451 ell‘ectricis
963 2391 1314 2464 providaeque
1341 2390 1626 2461 sapientiae
1654 2387 1925 2442 inﬁnitam
1959 2400 2056 2457 po-

471 2498 722 2546 testatem
759 2487 1042 2550 enuntiat,
1083 2484 1194 2556 29
1243 2498 1345 2539 nec
1405 2497 1535 2538 vero
1578 2481 1762 2536 minus
1808 2489 1954 2535 terra
2003 2488 2058 2534 et

471 2595 624 2636 mare
676 2577 1158 2634 terminationibus
1216 2577 1325 2632 illis
1387 2575 1504 2630 suis
1555 2582 1610 2630 et
1661 2572 1948 2628 ordinibus
2000 2579 2056 2626 et

471 2673 664 2728 mortis
687 2671 918 2742 vitaeque
947 2668 1326 2726 vicissitudine
1355 2677 1410 2722 et
1438 2666 1799 2723 concitatiore
1822 2673 1972 2719 motu
2001 2672 2058 2717 et

469 2782 682 2822 summa
715 2766 922 2837 quiete,
955 2775 1215 2834 tanquam
1244 2762 1474 2818 vocibus
1503 2761 1834 2832 quibusdam
1869 2757 2056 2814 inetia-

471 2860 670 2916 hilibus
713 2859 1002 2914 Dominum
1053 2872 1216 2911 suum
1256 2856 1538 2911 celebrat:
1575 2853 1722 2908 nihil
1742 2861 1797 2908 ut
1824 2851 2056 2922 posteri-

470 2953 564 3005 tati
622 2960 828 3006 nostra:
869 2950 1121 3004 relictum
1179 2949 1274 3010 sit,
1324 2947 1471 3016 quod
1525 2960 1726 3000 novum
1767 2959 1830 2998 ac
1863 2957 2054 2998 recens

2163 463 2261 533 τὴν
2312 461 2590 518 Θάλασσαν
2637 462 2697 515 ὲν
2741 462 2855 524 τοῖς
2906 459 3176 526 ποικίλοις
3233 462 3329 516 καὶ
3379 465 3718 534 παντοδαποῖς

2163 554 2324 622 ζώοις
2371 572 2431 609 τε
2477 555 2572 609 καὶ
2629 556 2822 624 φυτοῖς
2877 553 2974 608 καὶ
3027 554 3260 626 λειμῶσι
3293 571 3308 586 '
3345 557 3504 610 τοῦτο
3555 560 3720 632 πολλῷ

2162 647 2357 719 πρώην
2386 647 2600 718 ὑπῆρξε
2634 647 2778 702 κατά
2807 647 2876 702 τὰ
2913 648 3057 702 αὐτὰ
3097 647 3192 702 καὶ
3223 648 3489 713 ὡσαύτως
3520 653 3607 705 καὶ⁵
3635 653 3722 724 τήν

2162 739 2378 808 γένεσιν
2406 738 2664 809 ὲσχηκὺς,
2685 739 2781 792 καὶ
2801 737 2902 810 τὴν
2929 738 3209 800 ούσίωσιν,
3230 743 3325 794 καὶ
3350 741 3452 812 τὴν
3478 742 3622 808 τάξιν
3641 744 3724 796 καὶ

2161 831 2396 901 κίνησιν,
2425 831 2647 884 πάντων
2676 829 2755 900 τῷ
2789 830 2921 901 θείῳ
2963 830 3266 901 βουλήματι
3304 833 3404 885 καὶ
3430 832 3722 904 ψηφίσματι

2161 923 2221 978 τὸ
2252 922 2536 992 καταρχὰς
2563 921 2840 975 ἐκτεθέντι
2873 922 3319 994 πειθαρχούντων
3353 924 3723 996 ἀπαραιτήτως

2159 1017 2256 1070 καὶ
2281 1015 2390 1068 τῶν
2413 1014 2582 1066 όντων
2611 1012 2712 1085 ήδη
2749 1015 2846 1067 καὶ
2867 1014 2978 1068 τῶν
3009 1017 3420 1087 γενησομένων.
3449 1019 3547 1070 Διά
3581 1017 3724 1072 τοῦτό

2161 1124 2326 1178 φησιν
2367 1107 2526 1178 Ὠσηὲ
2570 1109 2600 1162 ὁ
2646 1107 2934 1178 προφήτης
2978 1107 3038 1171 ἐξ
3083 1107 3252 1160 αὑτοῦ
3306 1109 3596 1179 προσώπου
3639 1109 3720 1164 τοῦ

2161 1202 2448 1264 κτίσαντος
2493 1200 2621 1263 τοὺς
2688 1199 2896 1262 αἰῶνας
2939 1200 3034 1252 καὶ
3071 1199 3145 1252 τά
3190 1201 3371 1254 πάντα
3401 1203 3722 1257 κατασκευά-

2161 1307 2385 1354 σαντος·
2417 1311 2436 1342 ι
2480 1289 2622 1359 Ἐγὼ
2645 1289 2851 1362 Κύριος
2877 1295 2905 1345 ὁ
2927 1290 3060 1355 Θεός
3089 1308 3206 1355 σου,
3241 1292 3488 1362 στερεῶν
3519 1294 3722 1365 οὐρανὸν

2161 1383 2256 1438 καὶ
2281 1383 2483 1446 κτίζων
2521 1385 2660 1454 γῆνο
2699 1401 2719 1435 ι
2763 1382 2864 1453 τὴν
2902 1385 3232 1452 συνεκτικὴν
3257 1386 3351 1438 καὶ
3383 1387 3722 1459 προνοητικὴν

2159 1477 2256 1529 καὶ
2315 1475 2593 1546 σωστικὴν
2651 1476 2934 1548 ἑκατέρων
2997 1475 3149 1530 θείαν
3205 1475 3440 1547 δύναμιν
3497 1478 3720 1533 ἐντεῦθεν

2159 1567 2657 1638 παραινιττόμενος
2689 1567 2785 1620 καὶ
2814 1567 3055 1632 δεικνὺς,
3079 1567 3156 1631 ώς
3187 1570 3501 1640 στερεώσας
3530 1571 3618 1624 τὸν
3642 1573 3720 1624 ού-

2163 1659 2344 1729 ρανὺν,
2386 1659 2483 1712 καὶ
2516 1657 2864 1729 θεμελιώσας
2892 1660 2992 1730 τὴν
3033 1659 3138 1728 γῆν
3170 1663 3458 1732 καταρχὰς
3478 1703 3494 1726 ,
3525 1664 3612 1716 καὶ
3639 1665 3718 1716 νῦν

2158 1750 2342 1803 δίδωσι
2391 1753 2504 1814 τοῖς
2544 1751 2878 1828 ἀμφοτέροις
2915 1751 3063 1822 μόνῳ
3105 1752 3184 1822 τῷ
3230 1753 3363 1824 θείῳ
3411 1756 3508 1808 καὶ
3547 1773 3720 1810 παντο-

2156 1842 2380 1912 δννάμῳ
2427 1841 2728 1914 βουλήματι
2776 1843 2879 1914 τὴν
2925 1844 3192 1916 διαμονὴν
3246 1847 3346 1898 καὶ
3391 1850 3713 1918 συντήρησιν.

2159 1935 2324 1989 Οὐδὲν
2371 1933 2470 1988 οὖν
2513 1936 2829 2006 πρόσφατον
2874 1935 2980 1990 ὑπὸ
3021 1935 3114 1990 τὸν
3155 1937 3330 2008 ἥλιον,
3375 1939 3409 2008 ἢ
3463 1941 3636 1993 καινὸν
3667 1942 3716 1994 τὸ

2160 2027 2380 2080 σύνολον
2419 2027 2632 2096 πέφυκε
2653 2042 2666 2056 ·
2709 2027 2888 2082 πάντα
2933 2028 3042 2099 γὰρ
3074 2029 3144 2082 τὰ
3189 2028 3322 2083 ὄντα
3357 2032 3452 2084 καὶ
3476 2031 3544 2084 τὰ
3573 2049 3714 2104 γενηο

2160 2119 2363 2189 σόμενα
2379 2119 2477 2190 τῆς
2497 2119 2669 2191 αὐτῆς
2699 2118 2916 2190 ἔχονται
2945 2121 3040 2173 καὶ
3067 2121 3363 2196 γενέσεως,
3395 2123 3490 2176 καὶ
3513 2125 3711 2189 τάξεως,

2161 2213 2254 2266 καὶ
2280 2215 2596 2297 ,κινήσεωςο
2635 2213 2731 2266 καὶ
2776 2213 3094 2284 διηγοῦνται
3140 2216 3240 2285 μὲν
3290 2218 3341 2268 oi
3389 2217 3600 2286 οὐρανοὶ
3635 2215 3711 2268 τοῦ

2157 2306 2294 2360 Θεοῦ
2315 2309 2414 2376 τήν
2435 2306 2596 2372 δόξαν
2631 2305 2950 2372 ἀπαύστως,
2985 2307 3078 2360 καὶ
3115 2308 3305 2379 ἡμέρα
3338 2310 3404 2379 τῇ
3435 2309 3610 2380 ήμέρᾳ
3636 2310 3714 2362 καὶ

2157 2395 2255 2460 νὺξ
2291 2399 2357 2466 τῇ
2404 2395 2560 2448 νυκτὶ
2602 2395 2909 2464 διαγγέλλει
2950 2397 3052 2468 τῆς
3098 2398 3394 2470 ποιητικῆς
3443 2398 3600 2452 αὐτοῦ
3635 2401 3710 2452 καὶ

2159 2489 2524 2558 προνοητικῆς
2579 2485 2772 2556 σοφίας
2833 2489 2934 2558 τὴν
2979 2488 3209 2558 ἄπειρον
3260 2489 3508 2560 δύναμιν.
3554 2491 3712 2562 Παρα-

2161 2580 2403 2649 πλησίως
2440 2579 2626 2648 μέντοι
2661 2581 2756 2632 καὶ
2783 2581 2816 2648 ἡ
2849 2581 2920 2649 γῆ
2951 2581 3047 2634 καὶ
3078 2581 3112 2651 ἡ
3146 2580 3398 2635 θάλασσα
3435 2583 3552 2645 ταῖς
3576 2580 3708 2642 ίδίαις

2155 2669 2482 2738 ὁροθεσίαις,
2498 2671 2592 2723 καὶ
2607 2669 2818 2736 τάξεσι,
2834 2671 2930 2725 καὶ
2951 2667 3196 2742 θνήξεσι,
3213 2672 3312 2726 καὶ
3339 2671 3498 2726 πάλιν
3511 2671 3707 2728 ἀναϐιώ-

2159 2779 2296 2829 σεσι,
2325 2764 2418 2816 καὶ
2431 2763 2815 2834 σφοδροτέραις
2836 2765 3105 2833 κινήσεσι,
3133 2764 3229 2818 καὶ
3265 2765 3579 2819 παντελέσιν
3603 2766 3706 2834 ήρι·

2159 2858 2310 2927 μίαις
2339 2855 2718 2927 διεγνωσμένη
2749 2858 2870 2911 κατ’
2905 2859 3058 2910 οὐδὲν
3102 2852 3274 2928 ἦττον
3319 2859 3589 2929 ἀλαλήτοις
3611 2875 3702 2927 φω-

2157 2951 2274 3012 ναῖς
2309 2950 2540 3018 ἀνυμνεῖ
2553 2949 2656 3002 τὸν
2692 2950 2822 3002 ίδιον
2848 2949 3128 3020 Δεσπότην
3153 2967 3168 2981 ο
3192 2949 3272 3014 ώς
3303 2952 3440 3022 μηδὲ
3463 2949 3702 3004 ὑπολελεί-

471 3044 641 3098 videri
666 3043 882 3100 debeat.
912 3041 1126 3096 Idcirco
1150 3040 1369 3110 sapiens
1410 3037 1777 3111 Ecclesiastes
1809 3035 2008 3104 adjecit
2038 3053 2051 3088 :

2160 3041 2292 3109 φῢαι
2332 3043 2447 3102 τοῖς
2491 3042 2969 3113 μεταγενεστέρως
3017 3044 3413 3130 γενησομένοις
3450 3042 3618 3098 καινόν
3653 3057 3702 3094 τι

475 3160 492 3188 ι
523 3137 643 3193 Jatn
699 3137 803 3192 iuit
853 3138 906 3191 in
944 3135 1182 3200 saeculis,
1235 3150 1357 3204 qua:
1405 3133 1630 3188 fuerunt
1679 3138 1806 3184 ante
1853 3143 1976 3184 nos.
2031 3147 2052 3180 ι

2161 3133 2253 3187 καὶ
2305 3133 2640 3203 πρόσφατον.
2702 3134 2910 3188 Τούτου
2959 3136 3118 3206 χάριν
3167 3123 3458 3206 ἓπήγαγεν
3500 3136 3528 3189 ὁ
3569 3135 3702 3205 σοφὸς

473 3230 747 3300 Quidquid
781 3229 928 3284 enim
960 3228 1270 3283 faciendum
1301 3227 1396 3289 sit,
1427 3225 1541 3296 jam
1589 3223 1793 3280 factum
1831 3220 2057 3277 omnino

472 3334 745 3393 repertum
784 3333 888 3385 est,
921 3322 998 3376 ait
1023 3318 1296 3375 subinde:

2172 3226 2607 3296 Ἐκκλησιαστής
2633 3243 2646 3257 ·
2686 3245 2706 3276 ι
2741 3226 2880 3296 Ἤδη
2926 3228 3152 3295 γέγονεν
3193 3229 3256 3282 ὲν
3290 3233 3403 3295 τοῖς
3430 3229 3580 3285 αἰῶσι
3612 3231 3700 3292 τοῖς

2160 3313 2548 3385 γεγενημένοις
2581 3315 2690 3368 ἀπὸ
2729 3314 3043 3386 ἔμπροσθεν
3095 3316 3271 3387 ἡμῶν.
3311 3337 3330 3370 ι
3380 3321 3492 3374 Πᾶν
3531 3318 3625 3388 γὰρ
3653 3315 3702 3368 τὸ

2159 3407 2522 3476 γενησόμενον
2582 3404 2686 3477 ήδη
2737 3408 2966 3475 γεγονὸς
3019 3407 3254 3479 εὕρηται
3310 3410 3544 3474 πάντως.
3595 3403 3702 3462 Εἶτά

2161 3513 2328 3569 φησιν
2347 3515 2362 3528 ·

2005 3613 2172 3683 §Xll.

545 3733 706 3790 Vens.
742 3735 828 3788 il.
862 3730 983 3786 Non
1011 3739 1088 3786 est
1127 3728 1382 3785 memoria
1406 3729 1622 3800 primis,
1643 3727 1928 3799 etquidem
1957 3743 2054 3780 no-

472 3830 722 3894 tissimis,
762 3843 880 3881 cum
915 3825 1061 3894 facta
1095 3823 1318 3893 fuerint,
1373 3839 1477 3877 non
1507 3823 1608 3877 erit
1636 3822 1768 3892 ipsis
1804 3821 2057 3875 memoria

467 3938 587 3978 cum
619 3923 714 3987 eis,
747 3921 838 3991 qui
868 3919 1037 3988 futuri
1068 3927 1194 3972 sunt
1222 3919 1278 3972 in
1309 3917 1594 3971 novissimo
1629 3915 1766 3986 (55).

539 4015 840 4071 Circularis
872 4012 1136 4082 temporis
1183 4025 1384 4066 cursus
1423 4009 1480 4064 in
1533 4008 1716 4064 medio
1758 4007 1842 4063 sui
1885 4005 2055 4077 ipsius

469 4108 652 4163 omnia
679 4107 1048 4177 complectens
1090 4119 1157 4159 ac
1197 4102 1682 4166 circumscribens,
1722 4099 1881 4170 quasi
1934 4108 2054 4152 rota

468 4201 715 4274 quaedam
767 4205 1028 4270 perpetuo
1074 4205 1196 4252 aeta
1255 4202 1429 4259 motu,
1485 4193 1567 4246 sic
1597 4207 1715 4257 eos,
1758 4191 1852 4261 qui
1896 4193 2062 4245 modo

470 4297 633 4352 utiles
665 4303 721 4350 et
749 4293 908 4359 clari,
941 4292 1146 4362 quique
1180 4289 1398 4344 molesti
1455 4296 1619 4356 atque
1657 4287 1876 4357 inglorii
1911 4295 2058 4349 sunt,

471 4387 808 4450 manifestat,
859 4391 918 4439 ut
943 4399 1066 4454 qua:
1100 4382 1340 4452 primum
1389 4379 1762 4450 contigerunt,
1796 4378 2060 4432 oblivioni

467 4484 596 4538 det:
633 4479 719 4535 vel
765 4476 913 4549 quod
971 4476 1211 4530 humana
1261 4487 1418 4528 mens
1468 4471 1869 4542 praeteritorum
1916 4467 2059 4524 facta

2233 3733 2354 3785 Οὐκ
2381 3731 2513 3786 ἐστι
2538 3729 2749 3800 μνήμη
2769 3747 2832 3786 το
2842 3733 2900 3799 ῖς
2914 3731 3192 3802 πρώτοις,
3211 3735 3318 3789 καί
3339 3749 3406 3804 τε
3423 3731 3540 3798 τοῖς
3552 3726 3698 3797 ἐσχό-

2158 3838 2284 3888 τοις
2320 3823 2670 3892 γενομένοις
2707 3824 2820 3877 οῠκ
2864 3821 3037 3876 ἔσται
3066 3814 3292 3892 αὐτοῖς
3335 3823 3536 3896 μνήμη
3575 3820 3697 3891 μετὰ

2155 3914 2274 3968 τῶν
2297 3914 2720 3985 γενησομένων
2747 3917 2835 3981 εις
2865 3914 2980 3982 τὴν
3009 3915 3309 3984 ἐσχάτην.

2229 4007 2502 4070 Κυκλικὸς
2529 4007 2733 4079 δρόμος
2766 4006 2860 4060 τοῦ
2886 4008 3080 4078 χρόνου
3115 4009 3286 4080 μέσον
3320 4007 3508 4064 ἑαυτοῦ
3547 4004 3695 4060 πάντα

2157 4099 2542 4168 διαλαμόἁνων
2573 4099 2670 4152 καὶ
2699 4097 3084 4170 περιγράφων,
3111 4096 3223 4151 οἷόν
3247 4117 3333 4164 τις
3352 4099 3534 4171 τροχὸς
3551 4097 3693 4151 ἀπαν-

2163 4209 2289 4244 στον
2339 4191 2478 4261 έχων
2521 4190 2623 4262 τήν
2675 4191 2889 4262 κίνησιν
2931 4192 2990 4244 ὲν
3043 4193 3110 4262 τῇ
3157 4191 3459 4262 φανερώσει
3491 4189 3588 4242 τῶν
3620 4183 3693 4238 νῦν

2161 4281 2414 4352 χρηστῶν
2463 4281 2560 4335 καὶ
2607 4281 2857 4346 ἐνδόξων,
2909 4282 2943 4352 ἦ
2986 4281 3254 4353 λυπηρῶν
3308 4286 3399 4336 καὶ
3430 4279 3610 4344 ἀδόξων
3639 4276 3688 4344 τῇ

2161 4374 2298 4446 λήθῃ
2330 4373 2394 4425 τὰ
2421 4374 2613 4444 πρώην
2645 4371 3042 4442 παρέπεμψεν
3075 4373 3108 4442 ἢ
3141 4373 3218 4436 ὡς
3252 4373 3509 4444 μηδαμῶς
3539 4364 3689 4433 ἀξιού-

2163 4483 2262 4534 σης
2289 4465 2390 4535 τῆς
2418 4465 2766 4534 ἀνθρωπίνης
2797 4464 3040 4528 διανοίας
3081 4466 3139 4517 ὲν
3165 4467 3282 4529 τοῖς
3319 4465 3479 4530 ἀξίοις
3506 4461 3690 4530 μνήμης

469 4585 728 4643 tanquam
768 4585 936 4642 prava
965 4577 1021 4624 et
1057 4566 1222 4628 mala,
1263 4564 1405 4618 inter
1433 4578 1523 4627 ea,
1558 4578 1683 4633 quae
1713 4576 2055 4617 commemo-

2160 4559 2366 4612 τιθέναι
2397 4559 2507 4611 τῶν
2541 4557 2951 4629 παρῳχηκότων
2982 4558 3084 4630 τὴν
3121 4558 3323 4630 πρᾶξιν
3349 4559 3422 4622 ώς
3451 4551 3689 4626 μοχθηρὰν

469 4666 682 4721 ratione
705 4664 870 4732 digna
901 4669 1052 4723 sunt,
1085 4671 1372 4714 recensere
1401 4643 1701 4726 ac‘ponere
1730 4654 1907 4720 nolit;
1939 4654 2054 4710 sive

469 4757 616 4828 quod
671 4769 813 4825 εει-θ
865 4765 1080 4816 eorum,
1135 4764 1258 4818 qua:
1311 4745 1667 4830 transieruntz
1729 4744 2051 4798 memoriam

471 4847 794 4903 consociare
828 4859 952 4900 cum
984 4840 1345 4912 pra-sentibus
1378 4839 1567 4908 possit.
1597 4834 1802 4892 Verum
1839 4851 1947 4890 non
1979 4836 2054 4890 ita

417 4967 430 4982 ι
474 4939 738 4994 tnemOria
775 4950 968 4992 eorum
1019 4933 1418 4994 intermoritur,
1451 4929 1548 5000 qui
1599 4929 1858 4982 virtutem
1903 4926 2056 4982 omni

472 5031 655 5087 studio
689 5027 930 5098 amplexi
968 5025 1048 5081 sic
1087 5025 1156 5079 ad
1185 5037 1462 5078 summum
1501 5021 1729 5090 iustitia!
1782 5020 2058 5089 fastigium

474 5136 792 5194 pervenere,
835 5128 898 5174 ut
942 5118 1142 5174 idonea
1187 5115 1314 5171 vita:
1351 5115 1682 5168 documenta
1712 5121 1768 5167 et
1795 5111 2060 5178 salutaria

473 5229 677 5276 sanctae
727 5213 1093 5272 institutionis
1123 5211 1374 5281 exempla
1431 5205 1735 5276 posteritati
1785 5204 2064 5274 relinque-

473 5321 616 5368 rent.
671 5309 784 5365 Soli
816 5307 962 5363 enim
1019 5306 1268 5362 laborum
1304 5316 1531 5358 suorntn
1567 5300 1791 5355 uberem
1820 5298 2057 5352 fructum

473 5414 765 5478 ceperunt,
798 5403 1000 5459 bonam
1054 5399 1265 5456 scilicet
1293 5395 1615 5452 memoriam
1654 5412 1666 5450 :
1697 5392 2058 5462 quemadmo-

476 5502 606 5556 dum
641 5498 910 5568 scriptum
963 5502 1094 5550 est:
1161 5509 1180 5543 ι
1222 5489 1486 5546 Memoria
1535 5488 1669 5559 justi
1704 5502 1830 5542 cum
1881 5485 2060 5540 laudi-

549 5633 663 5703 (59.)
694 5631 832 5703 Osee
852 5647 976 5703 sui,
1001 5629 1056 5694 4,
1081 5645 1202 5703 qua:
1228 5639 1409 5703 tamen
1431 5627 1637 5703 desunt
1654 5625 1706 5679 in
1729 5624 1816 5703 ed.
1845 5621 2057 5703 Cornpl.

694 5701 835 5757 LXX
867 5695 1138 5757 habent;
1175 5700 1288 5755 Οὐκ
1320 5699 1472 5752 ἔσται
1499 5697 1678 5750 αὐτῶν
1703 5695 1912 5766 μνήμτιο
1944 5695 2060 5748 ϐω·

1649 5865 1684 5902 \

2161 4652 2256 4706 καὶ
2285 4651 2498 4722 φαύλην
2519 4668 2533 4680 ·
2580 4651 2613 4722 ἢ
2645 4651 2721 4714 ὡς
2751 4651 2850 4705 οὐκ
2881 4653 3289 4724 ἐφικνουμένης
3325 4652 3459 4723 μετὰ
3497 4648 3588 4702 τῶν
3621 4646 3685 4695 ἐν·

2161 4741 2414 4796 εστώτων
2474 4742 3000 4812 συμπαρακατέχειν
3051 4743 3148 4796 καὶ
3204 4742 3306 4814 τὴν
3356 4742 3556 4812 μνήμην
3602 4733 3687 4785 τῶν

2163 4833 2636 4906 παρεληλυθότων.
2679 4836 2826 4904 Πλὴν
2857 4836 2955 4904 τῆς
2987 4836 3212 4906 μνήμης
3255 4837 3362 4888 τῶν
3402 4834 3494 4903 τήν
3520 4825 3686 4898 ἀρετὴν

2161 4925 2357 4988 ὀλικῶς
2395 4924 2777 4996 ἁσκησάντων,
2826 4929 2921 4979 καὶ
2967 4927 3102 4997 πρὸς
3147 4929 3208 4980 τὸ
3251 4931 3350 4997 τῆς
3388 4917 3683 4980 δικαιοσύνης

2159 5021 2330 5088 ἄκρον
2355 5019 2706 5090 ἀφικομένων
2728 5037 2739 5048 ο
2761 5021 2854 5074 καὶ
2884 5022 3303 5091 προγράμματα
3331 5011 3582 5090 πρακτικά
3607 5007 3680 5060 καὶ

2159 5113 2586 5185 παραδείγματα
2638 5112 2934 5182 ψυχωφελῆ
2982 5112 3076 5166 καὶ⁵
3123 5118 3365 5184 σωτήρια
3409 5109 3509 5169 τοῖς
3543 5114 3676 5173 μεταυ

2157 5206 2502 5278 γενεστέροις
2556 5205 2986 5274 καταλιπόντων.
3048 5199 3212 5260 Οὗτοι
3277 5206 3381 5275 γὰρ
3429 5200 3563 5272 μόνοι
3605 5187 3678 5243 καὶ

2163 5299 2488 5372 περίσσειαν
2513 5299 2672 5370 ἔσχον
2693 5301 2750 5353 ὲν
2782 5300 2944 5353 παντὶ
2972 5300 3158 5372 μόχθῳ
3181 5300 3376 5362 αὐτῶν,
3401 5295 3488 5364 τὴν
3508 5282 3673 5355 ἀγαθὴν

2164 5393 2366 5463 δηλαδὴ
2423 5393 2677 5462 μνήμην·
2725 5389 2906 5454 καθὼς
2959 5393 3300 5461 γέγραπται·
3349 5407 3367 5440 ι
3399 5385 3576 5452 Μνήμη
3610 5372 3672 5425 δι·

2166 5485 2322 5539 καίου
2357 5486 2474 5556 μετ’
2499 5484 2800 5554 ὲγκωμίου·
2833 5503 2852 5534 ι
2886 5484 2980 5536 καὶ
3003 5483 3189 5552 πάλιν,
3225 5503 3244 5566 ς
3277 5483 3364 5544 Ei;
3389 5471 3674 5548 μνημόσυνον

2167 5630 2354 5692 terum
2381 5630 2436 5674 ct
2465 5619 2829 5692 Hiermtymns
2860 5619 3044 5692 αύτοῖς
3067 5620 3264 5692 alicubi
3289 5616 3466 5692 legisse
3485 5604 3670 5692 videtur,

2167 5701 2226 5747 ut
2262 5689 2510 5748 Nobilius
2537 5685 2834 5748 adnotavit.
2865 5690 3176 5765 Olympico.
3210 5691 3288 5752 εις
3313 5685 3378 5740 τὰ
3400 5685 3590 5749 ισχατα·
