3982 6190
338 285 448 348 Ἷζὸ

1455 287 1530 347 [Ν
1566 283 2149 349 ECCLESIASTEN.
2185 309 2245 318 -
2281 281 2430 342 LIB.
2463 280 2511 339 I-

3511 276 3617 337 786

338 398 561 451 αἰώνιον
587 395 742 450 ἔσται
772 395 1011 461 δίκαιοςο
1047 417 1066 450 ι
1107 397 1156 451 οἰ
1198 399 1290 452 καὶ
1319 396 1489 460 ζῶσιν
1519 398 1600 460 εἰς
1631 395 1724 450 τὸν
1751 393 1924 450 αἰῶνα

2037 396 2134 445 bus
2169 390 2304 460 (54),
2345 409 2363 440 ο
2399 397 2454 444 et
2503 403 2723 442 rursum
2765 402 2780 442 :
2817 411 2834 440 ι
2867 387 2925 442 in
2967 386 3229 442 memoria
3267 395 3468 440 aeterna
3517 387 3622 440 erit

336 489 483 543 κατά
514 487 578 544 τὸ
609 489 1025 560 γεγραμμένον,
1055 509 1072 542 ι
1100 490 1308 543 Δίκαιοι
1337 491 1418 552 εἰς
1446 488 1540 541 τὸν
1570 488 1744 542 αἰῶνα
1767 485 1926 550 ζῶσι,

335 581 436 634 καὶ
479 580 539 634 ἐν
583 579 762 650 καιρῷ
807 581 956 635 ἐστιν
1001 583 1031 634 6
1075 581 1269 650 μισθὸς
1307 579 1518 649 αὐτῶν,
1552 597 1570 630 ι
1618 579 1720 637 τὰς
1752 577 1927 646 ὑπερ-

336 672 629 744 ουρανίους
670 673 766 726 καὶ
815 672 968 737 θείας
1011 672 1369 744 ἀνταμείφεις
1417 671 1610 741 μισθὸν
1650 671 1716 722 ἐκ
1767 685 1928 739 μετα-

339 765 518 834 φορᾶς
556 763 666 818 τῶν
705 767 763 819 ἐν
809 766 1117 836 ἀνθρώποις
1150 765 1542 837 ἐργαζομένων
1577 761 1929 833 ὀνομασάσης

336 865 438 934 τῆς
464 861 619 928 θείας
645 863 892 934 Γραφῆς.
921 860 1059 918 Εἶτά
1089 879 1256 935 φησιν
1285 864 1313 916 6
1339 857 1781 931 Ἑκκλησιαστής
1799 871 1816 888 °

2037 481 2301 552 justus";
2328 500 2347 534 ι
2374 479 2467 550 qui
2503 480 2666 534 etiam
2723 479 2776 533 in
2807 484 3072 534 saeculum
3114 479 3326 543 vivunt,
3361 486 3422 530 ιιι
3452 478 3624 530 tradi-

2031 582 2144 626 tqu
2177 571 2411 643 legimus
2443 589 2456 626 :
2499 591 2517 624 ι
2541 573 2681 626 Justi
2707 573 2760 626 in
2792 573 3054 627 saeculum
3089 573 3297 636 vivunt,
3323 572 3454 626 etin
3483 581 3622 624 letu-

2030 679 2160 734 pore
2186 674 2270 720 est
2297 680 2506 719 merces
2530 661 2959 735 ἱῃει)ι·υιη(55);ι
2986 665 3168 718 divina
3201 665 3402 734 quippe
3431 664 3623 718 coales-

2029 757 2164 812 tium
2194 761 2420 828 prtemia
2457 759 2630 813 sacris
2664 759 2716 811 in
2751 756 2973 810 Litteris
3010 771 3219 811 merces
3254 755 3615 824 appellantur,

2030 851 2349 920 metaphora
2396 849 2466 902 ab
2507 850 2689 916 operis
2744 857 2986 917 sumpta.
3030 863 3153 915 qua:
3193 847 3333 916 apud
3372 846 3623 900 homines

2025 951 2434 996 exercerentur.
2475 940 2640 994 Addit
2672 940 2869 996 deinde
2919 937 3278 994 Ecclesiastes
3309 955 3324 992 :

1865 1046 1896 1120 ς
1929 1045 2074 1106 xm.

424 1185 752 1255 ἐγενόμην
780 1184 1085 1252 ,ϐασιλεὺς
1119 1183 1192 1238 ἐν
1222 1183 1465 1254 Ἰσραὴλ
1503 1180 1606 1236 ἐπὶ
1635 1179 1929 1248 Ἰερουσα-

340 1273 492 1343 ἰθίμ.
532 1276 632 1328 καί
660 1273 858 1329 ἔδωκα
891 1273 1008 1343 τὴν
1039 1274 1297 1344 καρδίαν
1323 1292 1444 1344 μου
1470 1272 1576 1328 τοῦ
1606 1268 1932 1337 ἑκζητῆσαι
1963 1341 1974 1352 β

342 1366 440 1419 καί
481 1365 586 1420 τοῦ
632 1366 1136 1436 κατασκέψασθαι
1163 1367 1233 1422 ἐν
1260 1365 1336 1434 τῇ
1377 1367 1564 1435 σοφίᾳ
1607 1362 1740 1432 περί
1779 1362 1928 1414 πάν-

342 1475 464 1512 των
488 1457 609 1512 τῶν
637 1459 972 1528 γινομένων
999 1460 1118 1515 ὑπὸ
1152 1460 1262 1516 τὸν
1288 1460 1572 1529 οὐρανόν.

2108 1173 2219 1245 3o
2241 1173 2406 1230 Vens.
2433 1175 2516 1230 12.
2539 1174 2645 1230 Fui
2675 1191 2768 1230 rex
2781 1176 2836 1230 in
2861 1174 3034 1230 Israel
3055 1191 3211 1243 super
3225 1165 3547 1237 Jerusalem,
3573 1188 3620 1226 et

2037 1262 2158 1332 dedi
2191 1281 2283 1318 cor
2306 1283 2479 1320 meum
2504 1268 2574 1320 ad
2607 1267 2981 1336 inquirendum
3015 1275 3064 1320 et
3091 1267 3535 1320 considerandum
3566 1268 3620 1318 in

2036 1358 2298 1426 sapientia
2325 1359 2391 1413 de
2417 1358 2680 1427 omnibus,
2717 1375 2836 1430 qua
2862 1359 2998 1430 ﬁunt
3028 1360 3124 1413 sub
3154 1359 3284 1414 caelo
3315 1358 3450 1430 (56).

427 1551 835 1621 ’Δπολαμδάνει
897 1553 993 1606 καὶ
1045 1553 1240 1618 πάλιν,
1300 1555 1398 1609 καὶ
1446 1551 1774 1624 προστίθησι
1828 1551 1930 1616 τὰς

2105 1537 2356 1612 Βεειιηὶἰι
2403 1557 2588 1612 denuo
2623 1556 2812 1619 etiam,
2871 1555 3087 1628 sibique
3122 1558 3349 1628 apponit
3383 1559 3624 1628 appella-

339 1644 664 1712 ὀνομασίας.
696 1638 785 1707 αἷς
817 1646 1096 1716 ἐχρήσατο
1125 1645 1221 1700 καὶ
1251 1647 1552 1718 καταρχὰς,
1583 1647 1678 1700 καί
1709 1661 1874 1715 φησιν
1901 1647 1930 1698 6

353 1736 790 1809 Ἐκκλησιαστής
811 1755 825 1768 ”
853 1758 870 1788 ι
895 1739 1197 1810 Ἐγενόμην
1220 1739 1479 1811 βασιλεὺς
1502 1741 1562 1793 ἐν
1597 1739 1812 1811 Ἰσραὴλ
1835 1738 1929 1793 ἐπὶ

351 1829 766 1900 Ἰερουσαλήμ.»
801 1832 944 1902 Πρὸς
973 1831 1033 1884 ὃν
1063 1835 1179 1904 ἐρεῖ
1201 1850 1286 1897 τις
1311 1833 1414 1886 οὐκ
1439 1833 1752 1895 ἀπεικότως
1771 1849 1786 1864 ·
1818 1833 1929 1885 Καὶ

338 1923 426 1980 τίς
459 1941 517 1977 σε
535 1925 887 1996 κατέστησεν
925 1925 1396 1997 Ἐκκλησιαστήν;
1434 1928 1516 1980 ὅτι
1551 1929 1651 1997 μὲν
1680 1925 1790 1996 γὰρ
1827 1925 1926 1990 βα-

341 2015 529 2079 σιλεὺς
569 2018 662 2070 ἐπὶ
699 2017 917 2088 Ἰσραὴλ
962 2019 1022 2070 ἐν
1061 2017 1423 2089 Ἰερουσαλὴμ
1469 2018 1738 2086 γέγονας,
1767 2017 1928 2069 τοῦτο

335 2111 456 2171 τοῖς
507 2110 644 2162 πᾶσι
697 2110 1012 2178 καταφανές
1033 2127 1048 2140 ·
1102 2111 1306 2181 κλῆρον
1338 2111 1449 2183 γὰρ
1481 2111 1734 2182 πατρῷον
1767 2111 1926 2180 ἔσχες

337 2201 443 2271 τὴν
474 2203 533 2255 ἐν
573 2202 937 2274 Ἰερουσαλὴμ
975 2203 1289 2274 βασιλεία-ι’
1328 2205 1427 2258 οὐκ
1468 2205 1550 2258 ἔτι
1595 2205 1652 2258 δὲ
1695 2205 1789 2258 καὶ
1821 2221 1927 2258 πα·-

335 2297 524 2364 τρῴαν
551 2294 924 2366 κληρονομίαν
972 2297 1202 2365 εἴληφας
1241 2296 1303 2350 τὸ
1343 2297 1779 2367 Ἐκκλησιαστὴς
1817 2297 1923 2349 ὐπ-

338 2384 555 2456 ἀρχειν.
593 2387 717 2450 Πῶς
748 2385 844 2440 οὖν
880 2388 1172 2458 ὠνόμασας
1216 2388 1410 2443 ἐαυτὸν
1453 2389 1919 2458 Ἐκκλησιαστήν;

349 2481 948 2553 Ἀλλ’ἀποκριθήσεται
967 2481 1166 2536 θᾶττον
1195 2481 1312 2536 ἀντ’
1341 2482 1510 2536 αὐτοῦ
1539 2482 1639 2552 τῆς
1664 2482 1924 2552 ἀληθείας

334 2573 365 2626 6
386 2569 568 2640 λόγος,
593 2575 686 2625 καὶ
706 2573 953 2644 φήσειεν,
977 2573 1052 2637 ὡς
1073 2574 1106 2644 ἡ
1135 2572 1258 2626 θεία
1287 2573 1476 2643 Σοφία,
1498 2573 1627 2646 παρ’
1649 2569 1716 2646 ἦς
1743 2574 1924 2626 ἐκεκί-

336 2679 473 2735 νητο
501 2663 927 2733 καθυπογράψαι
961 2663 1055 2718 καὶ
1077 2663 1422 2736 διορίσασθαι
1445 2663 1555 2718 τῶν
1585 2665 1803 2734 φαύλως
1828 2665 1923 2718 καὶ

341 2755 637 2825 μοχθηρῶς
687 2757 1166 2827 πεπολιτευμένων
1211 2757 1516 2828 ἀνθρώπων
1542 2757 1643 2820 τὰς
1692 2756 1924 2826 ματαιό-

333 2865 509 2919 τητας
542 2850 634 2902 καὶ
666 2848 1136 2921 πονηροπραξίας,
1178 2851 1273 2905 καὶ
1312 2851 1500 2920 μέντοι
1535 2849 1636 2915 τὴν
1685 2849 1919 2904 διαιωνί-

2033 1649 2228 1712 tiones,
2251 1648 2452 1717 quibus
2473 1657 2528 1702 et
2549 1647 2704 1701 initio
2731 1662 2866 1702 usus
2882 1655 2988 1714 est,
3011 1648 3197 1718 aitque
3221 1648 3580 1707 Ecclesiastes
3606 1671 3620 1706 :

2035 1759 2054 1792 ι
2092 1739 2192 1795 Fui
2226 1754 2318 1795 rex
2369 1741 2426 1795 in
2477 1739 2645 1795 Israel
2694 1754 2861 1809 super
2901 1738 3228 1795 Jerusalem.
3266 1761 3286 1792 ι
3319 1741 3420 1796 Cui
3477 1741 3622 1796 haud

2031 1833 2214 1902 inepte
2241 1831 2368 1902 quis
2397 1831 2600 1888 dixerit
2633 1830 2878 1908 :Ecquis
2916 1841 2969 1888 te
3007 1831 3373 1888 Ecclesiasten
3415 1835 3623 1890 consti-

2033 1924 2340 1979 tuit?nam
2378 1933 2429 1978 te
2485 1923 2704 1994 quidem
2759 1939 2942 1993 regem
3003 1924 3166 1980 Israel
3204 1925 3258 1979 in
3313 1924 3620 1980 Jerusalem

2030 2016 2224 2083 fuisse,
2261 2026 2450 2071 uotum
2479 2016 2530 2071 id
2557 2015 2844 2078 omnibus;
2897 2027 3182 2086 paternum
3223 2019 3368 2072 enim
3397 2017 3622 2072 Jerusa-

2029 2111 2132 2164 lem
2164 2125 2392 2179 regnum
2433 2109 2528 2164 tibi
2561 2109 2882 2165 haereditate
2918 2109 3144 2164 obvenit
3175 2128 3189 2164 :
3230 2118 3286 2164 at
3313 2125 3421 2164 non
3452 2111 3618 2166 etiam

2026 2211 2256 2271 paterno
2279 2201 2371 2255 tibi
2393 2201 2516 2271 jure
2539 2202 2728 2256 datum
2754 2210 2862 2270 est,
2885 2211 2944 2256 ut
2967 2202 3324 2258 Ecclesiastes
3349 2203 3617 2258 dicerere.

2025 2292 2128 2359 Qui
2165 2307 2297 2363 ergo
2326 2293 2421 2347 tibi
2443 2307 2647 2348 nomen
2677 2293 3022 2349 Ecclesiasta:
3049 2293 3404 2364 imposuisti?
3429 2310 3618 2348 verum

2024 2383 2198 2455 ipsius
2233 2385 2356 2439 loco
2385 2385 2672 2440 oraculum
2706 2387 2954 2441 veritatis
2981 2385 3257 2456 extemplo
3289 2380 3616 2456 responsum

2022 2471 2196 2538 dabit,
2237 2488 2302 2528 ac
2329 2473 2581 2528 dixerit:
2623 2473 2874 2528 Divinam
2903 2474 3267 2545 Sapientiam,
3315 2477 3474 2545 cujus
3530 2476 3620 2530 ille

2025 2563 2263 2634 impulsu
2309 2563 2750 2620 facinorosorum
2791 2567 3074 2621 huminum
3114 2568 3388 2623 vanitates
3420 2579 3475 2622 et
3516 2569 3621 2622 itu-

2023 2659 2196 2728 proba
2219 2658 2360 2713 facta
2391 2660 2702 2716 describere
2731 2675 2795 2714 ac
2820 2660 3046 2715 delinire
3069 2677 3361 2731 aggressus
3387 2671 3490 2722 est,
3517 2679 3618 2716 nec

2023 2750 2208 2807 minus
2261 2762 2588 2824 perpetuum
2631 2763 2797 2823 atque
2858 2753 3202 2810 immutabile
3252 2770 3438 2809 rerum
3497 2769 3618 2809 om-

2022 2845 2198 2909 niu’m,
2231 2862 2353 2916 quae
2381 2855 2512 2902 sunt
2562 2861 2792 2917 quaeque
2841 2847 3117 2911 visuntur,
3172 2847 3500 2917 obsequium
3550 2863 3620 2903 ac

336 2915 541 3002 ζουσαν
576 2915 860 3012 ὑποταγῆν
887 2915 1268 3010 ἀπαραίτητον
1309 2915 1405 2994 καὶ
1433 2941 1658 3010 θητείαν
1687 2941 1919 2995 ἑκάστου

2037 2915 2394 3005 famulatum;
2445 2915 2611 3010 atque
2666 2915 2832 3004 idem,
2870 2947 3140 3010 quotquot
3173 2915 3620 2994 universum'nr-

335 3033 448 3086 τῶν
496 3033 666 3086 ὄντων
717 3034 812 3086 καὶ
865 3032 1240 3103 φαινομένωνο
1279 3034 1374 3087 καὶ
1415 3034 1543 3098 τοὺς
1593 3033 1698 3086 ἀνὰ
1741 3036 1923 3087 πᾶσαν

335 3126 442 3195 τὴν
475 3125 581 3178 ὑπὸ
607 3124 699 3177 τὸν
729 3125 961 3195 οὐρανὸν
985 3125 1329 3198 συναγείρειν
1354 3123 1489 3196 πρὸς
1517 3125 1614 3195 τὴν
1643 3123 1756 3178 τῶν
1779 3123 1926 3178 ἰδίων

339 3215 609 3285 ῥημάτων
641 3216 928 3285 ἀκρόασιν,
957 3215 1054 3270 καὶ
1082 3214 1177 3270 τοῦ
1219 3214 1650 3286 Ἐκκλησιαστοῧ
1682 3214 1782 3286 τὴν
1804 3215 1926 3267 6vo-

345 3308 555 3378 μασίαν
587 3307 737 3378 αὐτῷ
768 3309 1065 3380 παρέσχεν,
1099 3308 1176 3374 ὡς
1201 3309 1419 3380 ἀξίωμα
1451 3308 1640 3363 καινδν
1677 3312 1772 3362 καὶ
1813 3312 1931 3379 μεῖ-

345 3398 439 3462 ξον
467 3399 566 3467 τῆς
593 3398 892 3468 βασιλείας.
932 3398 1186 3464 Βασιλεῖς
1219 3401 1316 3470 μὲν
1346 3399 1457 3472 γὰρ
1497 3402 1592 3454 καὶ
1621 3402 1729 3472 πρὸ
1761 3400 1926 3454 αὐτοῦ

348 3489 536 3543 πολλοὶ
571 3490 979 3560 διεγνώσθησαν
1014 3493 1118 3546 ἀνά
1168 3492 1350 3547 πάντα
1382 3493 1449 3548 τὰ
1488 3493 1652 3563 ἔθνη,
1694 3493 1816 3564 μεθ’
1853 3486 1930 3546 ῶν

352 3582 460 3634 κάν
483 3583 559 3653 τῷ
602 3583 822 3656 Ἰσραὴλ
849 3585 944 3638 ἐπὶ
985 3585 1367 3658 Ἰερουσαλήμ.
1408 3585 1844 3658 Ἐκκλησιαστὴς
1873 3585 1931 3641 δέ

347 3672 526 3739 οὐδεὶς
551 3675 856 3748 ἐγνωρίσθη
885 3675 944 3729 τὸ
981 3676 1226 3742 σύνολον,
1260 3675 1384 3730 οὐδὲ
1415 3675 1519 3746 τῆς
1553 3676 1642 3745 ὑφ’
1671 3676 1824 3748 ἥλιον
1850 3677 1928 3730 δι-

344 3765 633 3830 δάσκαλος.
681 3768 890 3823 Οὐκοῦν
945 3769 1071 3842 ,ἄρα
1114 3769 1202 3823 διὰ
1249 3769 1352 3838 τῆς
1399 3769 1722 3839 καινοτέρας
1773 3768 1931 3834 ἀξίας

349 3859 445 3910 καὶ
479 3859 855 3930 προσηγορίας
902 3851 1339 3929 ἀξιολογωτέραν
1387 3857 1484 3911 καὶ
1522 3857 1930 3928 πιστικωτέραν

345 3948 504 4019 ᾠήθη
562 3949 761 4020 δράσαι
817 3952 932 4016 τοῖς
989 3949 1396 4021 ἐντευξομένοις
1457 3949 1560 4021 τὴν
1628 3948 1766 4002 ἰδίαν
1819 3951 1931 4001 εἰσ-

344 4042 570 4111 ήγησιν.

433 4133 573 4187 Ἀλλ’
621 4134 927 4190 ἀνακύπτει
959 4135 1126 4190 πάλιν
1165 4135 1420 4190 ἐντεῦθεν
1467 4135 1656 4207 ἕτερος
1706 4136 1932 4208 ἀπορῶν

343 4225 542 4295 λόγος,
573 4228 669 4282 καὶ
701 4227 962 4297 φάσκων*
991 4229 1103 4284 Καὶ
1147 4229 1198 4282 εἰ
1237 4231 1424 4284 καινὸν
1463 4229 1626 4293 αὐτὸς
1661 4228 1831 4300 ὄνομα
1869 4230 1932 4282 τὸ

359 4319 797 4390 Ἐκκλησιαστὴς
826 4319 1037 4390 εἴληφε,
1063 4319 1182 4385 πῶς
1211 4337 1378 4392 φησιν
1409 4321 1563 4377 οὐδὲν
1590 4321 1929 4392 πρόσφατον,

343 4406 500 4461 οὐδὲν
527 4409 712 4462 καινὸν
740 4409 847 4462 ὑπὸ
861 4410 954 4463 τὸν
974 4409 1163 4480 ἦλιον;
1201 4391 1355 4481 Ἔχει
1379 4411 1435 4464 δὲ
1459 4411 1620 4466 τοῦτο
1638 4391 1932 4484 σύντομον

343 4499 576 4566 αὐτόθεν
597 4503 696 4572 τὴν
715 4501 872 4556 λύσιν
891 4518 906 4532 ·
933 4503 996 4555 οὐ
1021 4502 1130 4574 γὰρ
1153 4505 1286 4574 περί
1315 4505 1722 4577 προαιρετικῶν
1762 4523 1931 4561 σπου-ν

346 4593 646 4664 δασμάτων
694 4595 727 4664 ἢ
769 4595 1066 4666 γνωμικῶν
1116 4599 1551 4668 προτερημάτων
1593 4598 1654 4652 τὸ
1709 4618 1729 4651 ι
1758 4601 1932 4671 πρόσ-

348 4701 524 4754 φατον
555 4704 574 4737 ι
625 4683 656 4754 ἦ
687 4685 747 4738 τὸ
782 4705 802 4738 ι
847 4686 1035 4741 καινὸν
1065 4706 1084 4738 ι
1129 4686 1336 4756 ἔφασκε
1371 4687 1564 4760 πρώην
1587 4707 1600 4722 ·
1631 4690 1772 4744 ἀλλὰ
1805 4692 1935 4762 περὶ

347 4777 464 4830 τῶν
493 4777 745 4846 φυσικῶν
770 4781 1042 4848 κινήσεων
1071 4781 1165 4834 καλ⁵
1181 4781 1566 4853 παρακολουθή
1576 4800 1714 4836 σεων
1741 4783 1852 4837 τῶν
1875 4787 1935 4838 ἐν

348 4869 468 4930 τοῖς
492 4867 614 4920 οὖσι
645 4867 1062 4938 θεωρουμένων,
1090 4870 1150 4922 ἐν
1175 4863 1258 4933 οἷς
1285 4871 1386 4925 οὐκ
1419 4870 1566 4926 ἐστιν
1598 4873 1779 4943 εὑρεῖν
1814 4876 1936 4929 ἐπί-

347 4976 510 5014 τασιν
541 4959 584 5031 ἢ
623 4959 966 5032 προσθήκην,
1015 4961 1049 5034 ἢ
1097 4961 1328 5032 μείωσιν
1373 4963 1469 5017 καὶ
1517 4965 1827 5036 ἀφαίρεσιν.
1870 4969 1936 5022 Τί

351 5046 450 5108 οὖν
484 5068 686 5124 φησιν;
725 5069 746 5104 ι
783 5051 1002 5106 Ἐδωκα
1029 5051 1130 5124 τὴν
1171 5051 1402 5122 καρδίαν
1430 5068 1534 5121 μου
1567 5053 1662 5106 τοῦ
1695 5053 1936 5128 ἐκζητῆ-

355 5159 448 5196 σαι
495 5143 592 5197 καί⁵
636 5143 733 5197 τοῦ
772 5142 1264 5213 κατασκέψασθαι⁸
1306 5163 1326 5196 ι
1369 5145 1615 5215 δηλονότι
1671 5147 1937 5218 σχολάσαι

353 5235 495 5308 πρός
525 5252 650 5290 τινα
686 5235 878 5307 καιρὸν
905 5235 1042 5308 πρὸς
1067 5235 1305 5308 θεωρίαν
1331 5236 1440 5290 τῶν
1470 5236 1642 5294 δντων
1661 5257 1676 5272 ο
1709 5242 1801 5294 καὶ
1835 5261 1938 5298 κα-

425 5343 471 5377 ²τ
499 5343 646 5400 Psal.
674 5359 762 5400 CXI
792 5384 806 5410 ,
843 5347 900 5401 Ἰ.

427 5459 543 5542 (ὄρ)
578 5459 824 5542 Prov_._x,
859 5459 926 5526 7;
952 5459 1055 5542 sed
1083 5460 1226 5531 apud
1257 5459 1402 5515 LXX
1429 5461 1697 5530 invenies,
1729 5466 1936 5542 Μνήμη

352 5531 581 5588 δικαίων
607 5532 723 5598 μετ’
750 5529 1063 5599 ἐγκωμίων.

429 5602 543 5674 (55)
579 5599 710 5674 Sap.
749 5617 819 5674 Av.
871 5601 959 5674 lli.
987 5599 1198 5674 _\’erum
1251 5599 1394 5656 LXX
1429 5603 1629 5660 habent
1661 5623 1675 5660 :
1721 5609 1828 5662 Καὶ
1874 5611 1932 5662 ἐν

355 5669 563 5744 ΚυρίῳΔ
578 5673 607 5722 6
645 5669 834 5744 μισθδς
872 5669 1075 5744 αυτῶν,
1126 5673 1588 5740 quemadmodum
1637 5677 1690 5730 in
1721 5675 1932 5736 Latinis

355 5741 484 5800 est:
515 5741 584 5798 Et
606 5741 749 5812 apud
783 5741 1066 5796 Dominum
1099 5751 1176 5796 est
1212 5759 1407 5798 merces
1447 5761 1650 5813 eorum,
1690 5757 1742 5802 et
1771 5759 1828 5803 ut
1853 5751 1931 5806 iu-

2027 3033 2210 3086 dinem
2273 3041 2544 3087 terrarum
2608 3033 2879 3100 incolunt,
2932 3047 3125 3087 euntes
3182 3033 3248 3086 ad
3307 3047 3615 3088 sermonem

2029 3123 2150 3193 ejus
2181 3123 2514 3180 audiendum
2548 3140 2854 3182 convocare
2884 3143 2898 3180 :
2931 3140 3075 3188 eam,
3109 3124 3360 3196 inquam,
3399 3125 3620 3195 sapien-

2032 3217 2164 3269 tiam
2193 3231 2391 3271 nomen
2419 3218 2549 3272 huic
2578 3217 2799 3272 dedisse
2828 3216 3194 3280 Ecclesiastze,
3225 3231 3422 3270 novam
3449 3214 3616 3269 veluti

2030 3307 2375 3380 dignitatem,
2408 3319 2574 3380 atque
2604 3319 2775 3382 regno
2805 3309 3101 3380 potiorem.
3137 3307 3268 3366 Nam
3301 3323 3458 3378 reges
3497 3307 3620 3378 qui-

2031 3400 2156 3456 dem
2185 3401 2272 3456 vel
2306 3409 2436 3457 ante
2462 3402 2638 3472 ipsum
2674 3402 2834 3456 multi
2883 3417 2980 3472 per
3013 3415 3208 3456 omnes
3243 3399 3494 3456 nationes
3531 3399 3620 3452 in-

2031 3493 2374 3559 claruerunt,
2423 3508 2562 3563 quos
2609 3493 2754 3548 inter
2781 3503 2837 3548 et
2868 3493 2962 3562 qui
2997 3508 3092 3548 rex
3129 3491 3294 3547 Israel
3333 3506 3499 3560 super
3527 3488 3620 3544 .Ic-

2032 3584 2293 3640 rusalem.
2325 3587 2392 3639 At
2425 3599 2604 3655 neque
2637 3582 3002 3639 Ecclesiastes
3041 3583 3336 3655 quisquam
3367 3581 3616 3641 omnino.

2032 3688 2210 3742 neque
2238 3672 2386 3728 orbis
2416 3652 2685 3728 terrarum
2717 3673 2978 3742 magister
3002 3652 3237 3741 usquam
3266 3671 3487 3726 auditus
3513 3678 3618 3725 est.

2034 3763 2219 3832 Quare
2249 3763 2421 3818 ascita
2456 3779 2611 3817 novae
2656 3763 2942 3832 dignitatis
2973 3763 3341 3833 appellatione
3369 3762 3625 3816 luculen-

2035 3866 2144 3912 tam
2199 3856 2374 3922 magis
2418 3855 2818 3908 institutionem
2853 3871 3039 3916 suam,
3071 3857 3359 3926 magisque
3391 3855 3460 3909 ad
3497 3869 3621 3925 per-

2035 3947 2376 4003 suadendum
2403 3945 2654 4001 idoneam
2687 3945 2802 4002 fore
2833 3945 3183 4002 existimavit.

2082 4123 2376 4203 ‘Cteterurn
2431 4121 2544 4176 alia
2596 4121 2724 4178 hinc
2772 4137 2994 4178 rursum
3029 4121 3316 4178 dubitandi
3372 4122 3622 4176 exoritur

2035 4229 2229 4278 causa,
2279 4212 2638 4284 rogaudique,
2675 4227 2800 4266 eum
2838 4226 3040 4266 novum
3097 4211 3456 4267 Ecclesiastes
3505 4212 3623 4281 ipso

2039 4323 2236 4363 nomen
2267 4305 2506 4371 duxerit,
2533 4319 2772 4376 quonam
2809 4313 2968 4375 pacto
2998 4305 3302 4367 allirmarit,
3335 4291 3466 4358 nihil
3499 4321 3624 4359 esse

2041 4415 2252 4464 recens,
2285 4399 2422 4452 nihil
2472 4398 2574 4452 sub
2622 4397 2738 4452 sole
2776 4397 3025 4450 novum?
3077 4408 3134 4452 at
3168 4401 3271 4451 hoc
3307 4397 3523 4452 brerem
3554 4414 3620 4450 ex

2036 4493 2228 4548 eodem
2275 4491 2398 4546 loco
2429 4490 2758 4546 solutionem
2792 4489 2973 4543 habet.
3006 4487 3193 4559 Neque
3223 4489 3366 4543 enim
3413 4491 3500 4542 ille
3531 4505 3625 4542 stt-

2037 4585 2224 4656 perius
2251 4585 2318 4639 de
2340 4582 2668 4637 voluntariis
2696 4581 2896 4637 studiis
2921 4593 3016 4636 aut
3045 4583 3112 4638 de
3141 4582 3344 4638 mentis
3365 4599 3622 4654 progres-

2039 4677 2192 4733 sibus
2222 4693 2401 4732 recens
2435 4687 2488 4730 et
2517 4691 2703 4730 novum
2743 4675 3064 4744 usurpavit;
3101 4674 3194 4730 sed
3236 4677 3303 4728 ad
3347 4676 3624 4730 naturales

2041 4773 2155 4826 haec
2185 4769 2372 4824 retulit
2401 4776 2584 4824 motus
2611 4777 2666 4822 et
2695 4768 3078 4824 successiones
3123 4784 3340 4834 eorum,
3372 4785 3496 4839 qua:
3523 4785 3624 4824 ex-

2039 4869 2185 4919 stant
2215 4875 2378 4932 atque
2419 4869 2740 4932 spectantur
2769 4877 2784 4914 :
2821 4860 2875 4915 in
2906 4861 3109 4930 quibus
3145 4876 3246 4917 nec
3298 4861 3624 4916 incrementi

2037 4953 2336 5025 quidquam
2381 4959 2478 5007 aut
2516 4951 2870 5017 decrementi,
2913 4967 3015 5006 nec
3056 4939 3200 5021 quod
3237 4951 3483 5006 additqu
3534 4961 3630 5006 aut

2040 5047 2282 5102 ablatum
2319 5045 2412 5112 sit,
2447 5043 2694 5099 invenire
2732 5044 2837 5114 31
2876 5044 3056 5100 liceat.
3098 5043 3218 5098 Jam
3269 5046 3401 5116 quid
3441 5042 3631 5100 addit!

2046 5159 2066 5192 ι
2102 5138 2233 5193 Dedi
2274 5152 2374 5193 cor
2403 5152 2589 5194 meum
2630 5135 2699 5190 ad
2742 5135 3130 5207 inquirendum
3175 5147 3232 5192 et
3273 5137 3628 5192 consideran-

2040 5234 2209 5301 dum;
2243 5252 2264 5286 ι
2295 5232 2349 5288 id
2381 5239 2465 5288 est
2495 5245 2680 5287 rerum
2711 5229 3517 5300 contemplationialiquandiu
3543 5231 3628 5284 in-

2042 5461 2126 5517 fra
2162 5461 2452 5532 habeslib.
2492 5475 2552 5525 Il,
2584 5459 2622 5532 δέ
2874 5531 2881 5532 7
3109 5528 3120 5532 Α
3322 5531 3327 5532 7
3398 5489 3406 5496 .

2115 5532 2230 5599 (56)
2275 5531 2379 5586 Sed
2421 5533 2562 5601 apud
2588 5527 2770 5593 LXX,
2812 5531 3027 5601 initium
3073 5528 3192 5601 ejus
3228 5527 3442 5601 articuli
3487 5535 3622 5601 est:

2051 5597 2197 5675 Ἐγὼ
2211 5597 2646 5675 Ἐκκλησίᾳστὴς
2668 5598 3204 5675 ἐγενόμηνβαειλεὺς
3218 5599 3313 5675 ἐπὶ
3332 5597 3547 5675 ’ἱῖραὴλ
3569 5601 3627 5649 ὲη

2041 5669 2428 5760 ςίιερουσαλήμ.
2471 5669 2686 5744 Olymp.
2734 5669 2995 5733 Βασιλεὺς
3027 5669 3320 5740 Ἰσραὴλὲν
3357 5669 3624 5740 dein-uae

2043 5761 2174 5812 Αημ.
