3982 6190
442 299 541 362 7‘31
1541 318 1604 378 S.
1638 318 2018 380 GREGORII
2067 325 2580 389 AGRIGENTINI

3591 277 3746 387 792'

442 409 536 466 liis
609 411 848 471 adiciant
887 432 1116 489 corpora
1159 435 1258 477 sua
1317 421 1370 478 in
1423 425 1740 496 semetipsis
1785 428 1853 479 ³⁸.
1895 448 1914 481 ι
1957 427 2024 484 Ει

2131 436 2193 490 τὰ
2217 437 2450 508 σώματα
2483 434 2663 491 αὐτῶν
2709 436 2768 490 ἐν
2810 435 3049 500 ἑαυτοῖςο
3101 455 3120 488 ι
3156 435 3253 490 καὶ
3303 435 3507 490 πάλινο
3535 451 3554 487 ι
3593 438 3690 490 Καὶ

442 517 640 559 rursus
673 523 686 558 :
721 525 740 556 ι
775 506 841 562 Et
872 509 1014 564 sicut
1053 527 1162 566 non
1195 516 1566 582 probaverunt
1611 519 1778 574 Deum
1823 521 2024 576 habere

441 591 496 646 in
525 594 737 659 notitia,
771 597 997 654 tradidit
1027 600 1150 656 illos
1182 603 1329 660 Deus
1358 606 1412 660 in
1447 609 1738 677 reprobum
1775 625 2021 678 sensum,

441 693 503 738 ut
560 683 766 741 faciant
811 703 876 744 ea
923 699 1206 761 qum‘non
1271 699 1604 754 conveniunt
1667 701 1746 767 ”;
1799 722 1817 754 ι
1885 703 2024 758 arbi-

441 777 548 831 trio
585 795 857 850 quemque
920 799 1042 853 suo,
1067 788 1214 857 quod
1255 789 1410 846 liberi
1437 791 1567 858 sint,
1595 792 1774 849 facere
1805 810 2020 864 passus,

438 885 563 938 qua:
596 888 702 928 non
727 877 1080 947 conveniant,
1114 881 1263 936 addit
1309 883 1508 939 deinde
1554 885 1776 956 sapiens
1825 885 2019 942 Eccle-

437 963 638 1020 siastes
665 983 677 1017 :
1392 985 1402 988 -

1989 1085 2164 1162 μιν.

511 1189 655 1246 Vens
711 1191 800 1247 Η.
843 1191 964 1248 Vidi
1009 1195 1250 1248 universa
1289 1211 1484 1262 opera,
1544 1213 1662 1266 quae
1703 1197 1851 1268 facta
1904 1209 2028 1254 sunt

436 1286 532 1341 sub
575 1286 724 1354 sole;
762 1297 812 1343 et
847 1305 962 1347 ecce
991 1290 1172 1344 omnia
1223 1291 1431 1345 vanitas
1468 1303 1516 1346 et
1547 1295 1890 1363 prwsumptio
1922 1294 2031 1361 spi-

437 1377 600 1431 ritus.

515 1473 633 1527 Non
671 1488 793 1542 qua:
821 1473 874 1527 in
916 1473 1105 1529 mundi
1144 1473 1349 1530 fabrica
1387 1477 1547 1530 abeo
1577 1485 1706 1532 sunt
1736 1474 1900 1539 facta,
1932 1475 2026 1546 qui

439 1563 622 1618 omnia
653 1565 810 1620 valde
844 1566 1072 1635 pulchra
1105 1566 1216 1639 35
1251 1569 1559 1622 construxit
1586 1585 1600 1634 ;
1637 1583 1763 1622 nam
1806 1569 1896 1624 cui
1925 1570 2028 1624 hoc

447 1663 540 1710 aut
592 1656 871 1726 quomodo
909 1658 964 1712 in
1015 1668 1252 1712 mentem
1307 1659 1508 1723 veniat,
1548 1675 1672 1714 cum
1722 1660 2024 1715 absurdum

443 1749 606 1816 plane
637 1748 748 1802 sit?
769 1747 874 1804 Sed
901 1764 986 1812 ea,
1019 1765 1141 1818 quae
1181 1750 1251 1804 ab
1288 1750 1598 1806 hominibus
1621 1751 1782 1808 malis
1823 1753 2029 1820 impro-

441 1837 636 1906 ltisque
689 1847 742 1892 et
776 1847 927 1908 gesta
977 1849 1107 1894 sunt
1139 1848 1192 1892 et
1236 1847 1523 1908 geruntur,
1555 1839 2024 1909 quemadmodum

442 1929 608 1997 paulo
643 1936 772 1984 ante
815 1929 1079 1985 diximus.
1111 1928 1168 1984 ld
1201 1930 1347 1984 enim
1382 1929 1590 2000 adjecta
1625 1931 1714 1985 illa
1757 1931 2028 1986 sententia

443 2020 732 2076 conﬁrmat
757 2021 990 2076 dicentis
1015 2038 1030 2076 :
1057 2040 1076 2072 ι
1109 2022 1174 2076 Ει
1195 2023 1550 2092 praesumptio
1579 2023 1806 2092 spiritus
1837 2022 1974 2094 (58),
2003 2041 2022 2074 ι

443 2113 604 2184 quasi
627 2114 833 2171 diceret
862 2113 1017 2171 :liaec
1045 2116 1228 2172 omnia
1261 2118 1410 2184 optio
1437 2117 1607 2172 animi
1640 2129 1768 2174 sunt
1799 2117 2028 2173 arbitrio

445 2205 674 2268 utentis,
709 2207 801 2275 qui
824 2207 893 2261 ad
935 2215 1232 2278 utrutuqne
1265 2210 1466 2262 bonum
1505 2225 1696 2278 nempe
1717 2219 1770 2264 et
1797 2209 2024 2275 malum,

446 2297 745 2352 inclinandi
786 2295 1047 2353 facultate
1089 2297 1382 2353 manifesto
1430 2298 1688 2368 praeditus
1729 2307 1834 2356 est.
1888 2299 2025 2354 Eum

446 2389 646 2459 quippe
688 2403 839 2445 nunc
883 2397 1070 2458 aperte
1120 2391 1373 2460 spiritum
1426 2391 1740 2461 appellavit.
1789 2390 2024 2446 Humani

449 2494 613 2548 porro
633 2479 801 2536 animi
829 2481 1240 2551 praesumptioni
1269 2496 1376 2536 non
1397 2482 1584 2552 utique
1615 2497 1795 2537 rerum
1830 2494 2024 2537 natura

448 2570 694 2640 subjecta
727 2579 832 2637 est,
865 2581 924 2627 ut
950 2571 1018 2628 de
1046 2573 1133 2628 his
1161 2589 1224 2628 ea
1260 2574 1421 2629 verba
1453 2574 1663 2643 prolata
1691 2589 1814 2630 esse
1835 2583 2027 2644 putare

451 2663 664 2736 possis;
701 2665 794 2719 sed
845 2681 906 2719 ea
948 2673 1101 2729 sunt,
1145 2677 1268 2736 qua
1315 2667 1561 2736 plerique
1600 2667 1884 2721 hominum
1925 2681 2020 2722 na-

451 2765 590 2808 turae
626 2753 902 2812 adversati
955 2753 1136 2810 facere
1170 2755 1368 2811 solent.
1402 2757 1537 2811 Nam
1569 2757 1716 2827 quod
1753 2755 1808 2811 in
1843 2755 2024 2815 ltomi-

453 2846 616 2902 nibus
643 2845 785 2901 mala
817 2847 935 2901 haec
968 2845 1232 2901 distentio
1264 2855 1319 2902 et
1345 2861 1640 2917 pravorum
1677 2863 1902 2917 operum
1930 2863 2024 2910 ra-

2127 528 2306 592 καθὼς
2333 527 2436 583 οὐκ
2463 527 2798 598 ἐδοκίμασαν
2820 526 2914 581 τὸν
2946 527 3081 582 Θεὸν
3121 526 3266 598 ἔχειν
3303 529 3361 581 ὲν
3391 527 3687 594 ἐπιγνώσει,

2127 622 2454 692 παρέδωκεν
2481 619 2681 681 αὐτοὺς
2715 620 2744 670 ό
2774 617 2909 682 Θεὸς
2939 621 3020 683 εἰς
3052 619 3315 688 ἀδόκιμον
3349 615 3495 681 νοῦν,
3535 619 3694 670 ποιεῖν

2123 715 2192 768 τὰ
2227 714 2302 785 μὴ
2354 713 2688 785 καθήκοντα.
2735 733 2756 766 ι
2806 713 2884 783 Τῇ
2939 712 3090 779 σφῶν
3125 709 3469 782 προαιρέσει,
3515 707 3600 762 διὰ
3639 707 3692 762 τὸ

2124 809 2475 876 αὐτεξούσιον
2523 805 2684 873 εἶναι,
2746 803 3114 876 συγχωρήσας
3157 802 3229 854 τὰ
3265 799 3344 871 μὴ
3398 797 3696 870 καθήκοντα

2131 900 2286 972 δρᾷν.
2331 896 2464 954 Εἶτά
2485 915 2648 968 φησιν
2681 897 2710 951 ὁ
2741 895 2906 966 σοφὸς
2935 891 3404 962 Ἐκκλησιαστής·

2210 1189 2396 1249 Είδον
2421 1192 2747 1260 σύμπαντα
2775 1185 2851 1241 τὰ
2877 1183 3180 1252 ποιήματα
3225 1180 3302 1234 τὰ
3341 1176 3697 1248 πεποιημένα

2136 1287 2258 1342 ὑπὸ
2276 1286 2385 1340 τὸν
2412 1282 2590 1351 ἣλιον
2607 1297 2622 1312 ο
2653 1278 2750 1334 καί
2777 1277 2908 1332 ἰδοὺ
2939 1276 3009 1331 τὰ
3031 1273 3232 1330 πάντα
3248 1271 3580 1342 ματαιότης
3607 1273 3694 1326 καί

2134 1375 2486 1444 προαίρεσις
2517 1370 2883 1438 πνεύματος.

2205 1466 2338 1536 Οὐχὶ
2369 1466 2439 1518 τὰ
2465 1461 2732 1532 γεγονότα
2758 1458 2904 1514 κατά
2928 1458 3030 1528 τὴν
3060 1455 3241 1510 κτίσιν
3279 1452 3388 1508 ὑπὸ
3418 1453 3512 1507 τοῦ
3543 1469 3695 1506 κατα-

2134 1557 2502 1618 σκευάσαντος
2517 1553 2588 1606 τά
2617 1551 2797 1606 πάντα
2826 1549 2970 1604 καλά
2995 1547 3137 1602 λίαν·
3165 1543 3440 1616 μηδαμῶς
3477 1544 3697 1611 οῖήσοιτο

2133 1649 2293 1704 τοῦτό
2315 1665 2421 1712 τις,
2453 1645 2560 1700 κᾶν
2585 1643 2836 1698 ὁπωσοῦν
2855 1657 2869 1671 ο
2903 1640 3104 1695 ἄτοπον
3136 1638 3246 1709 γάρ
3275 1654 3290 1668 ο
3318 1635 3460 1690 ἀλλά
3476 1635 3544 1688 τὰ
3561 1634 3696 1703 παρά

2132 1742 2242 1794 τῶν
2271 1738 2495 1808 φαύλων
2527 1735 2626 1790 καὶ
2646 1733 2904 1805 πονηρῶν
2922 1730 3229 1802 ἀνθρώπων
3253 1724 3598 1796 πεποιημένα
3614 1724 3695 1777 καὶ

2129 1835 2408 1905 δρώμενα,
2440 1830 2623 1894 καθὼς
2654 1829 2868 1899 ἔφημεν
2927 1822 3234 1898 προσεχῶς.
3263 1820 3438 1873 Τοῦτο
3473 1820 3579 1888 γὰρ
3607 1819 3694 1888 ip.-

2131 1926 2282 1980 πεδοῖ
2306 1924 2397 1978 διὰ
2437 1923 2539 1994 τῆς
2571 1921 2884 1983 ἀποδόσεως
2930 1916 3026 1970 τοῦ
3076 1913 3267 1988 ῥητοῦ,
3319 1913 3523 1981 φήσας,
3555 1927 3574 1960 t
3609 1909 3693 1962 καὶ

2130 2019 2454 2090 προαίρεσις
2510 2015 2862 2083 πνεύματος,
2905 2029 2925 2062 ι
2971 2009 3095 2065 ἀντὶ
3144 2006 3243 2060 τοῦ
3303 2005 3481 2058 ταῦτα
3530 2002 3689 2056 πάντα

2131 2109 2386 2180 βούλησίς
2425 2109 2532 2160 εἰσι
2561 2107 2659 2176 τῆς
2689 2103 2894 2174 ψυχῆς,
2921 2100 3021 2171 τῆς
3051 2101 3108 2151 ὲν
3131 2101 3198 2168 τῇ
3261 2093 3687 2163 αὐτεξουσιότητι

2128 2201 2228 2271 τὴν
2255 2203 2339 2270 ἐφ’
2362 2199 2601 2270 ἑκάτερα
2633 2196 2829 2268 ῥοπὴν,
2861 2193 2953 2247 ἐπί
2982 2208 3041 2245 τε
3085 2190 3149 2244 τὸ
3173 2188 3404 2258 ἀγαθὸν,
3443 2185 3531 2239 ἐπί
3560 2201 3612 2237 τε
3637 2183 3688 2234 τ’»

2129 2296 2388 2364 πονηρὸν,
2446 2290 2716 2362 ἁριδήλως
2769 2284 3024 2357 ἐχούσης.
3056 2282 3278 2348 Ταύτην
3327 2279 3437 2350 γὰρ
3476 2275 3688 2344 πνεῦμα

2127 2383 2222 2440 νῦν
2245 2382 2499 2452 ὠνόμασε
2529 2379 2848 2452 προφανῶς.
2869 2377 2945 2430 Ού
2984 2373 3167 2427 τοίνυν
3196 2373 3230 2441 ἡ
3265 2367 3580 2440 προαίρεσις
3601 2366 3688 2434 τῆς

2127 2475 2473 2547 ἀνθρωπίνης
2505 2473 2684 2544 ψυχῆς
2708 2472 2809 2542 τὴν
2831 2469 2938 2524 τῶν
2965 2469 3138 2522 ὄντων
3158 2465 3326 2534 φύσιν
3383 2461 3684 2528 ύπέστησενο

2129 2571 2218 2624 ἵνα
2245 2586 2331 2632 τις
2361 2569 2491 2637 περὶ
2521 2567 2704 2620 αὐτῶν
2751 2562 2964 2634 οἰηθείη
2995 2561 3064 2614 τὰ
3105 2557 3382 2629 εἰρημένα
3417 2551 3681 2622 λελέχθαι’

2126 2660 2255 2731 περὶ
2291 2659 2349 2712 δὲ
2379 2654 2500 2712 ῶνό
2523 2658 2692 2720 πολὺς
2714 2655 3001 2726 ἄνθρωπος
3033 2651 3186 2722 παρὰ
3217 2648 3384 2720 φύσιν
3413 2639 3684 2712 κεκινημὲο

2124 2767 2214 2814 νος
2245 2748 2402 2803 είωθε
2428 2746 2712 2817 πράττειν.
2749 2745 2872 2798 Ὅτι
2901 2744 3011 2814 γὰρ
3033 2743 3094 2794 οὐ
3127 2739 3274 2794 κατὰ
3314 2739 3475 2808 φύσιν
3501 2731 3680 2788 ὲστίνό

2125 2841 2364 2912 πονηρὸς
2393 2835 2778 2910 περισπασμὸς
2808 2835 2904 2890 καὶ
2932 2835 3040 2887 τῶν
3058 2831 3283 2902 φαύλων
3312 2829 3488 2901 ἔργων
3511 2825 3565 2878 αἱ
3591 2838 3678 2912 tta-

446 2941 645 2994 nitates
683 2939 908 2992 minime
949 2940 1255 2995 secundum
1290 2947 1543 2994 naturam
1579 2939 1709 3004 sint,
1743 2955 1868 2995 cum
1895 2940 2022 2995 olim

2131 2911 2420 3003 ταιότητες
2460 2933 2574 2994 τοῖς
2607 2927 2937 2999 ἀνθρώποις,
2968 2922 3180 2992 ἔδειξαν
3214 2922 3315 2977 καὶ
3355 2919 3518 2974 πάλαι
3567 2911 3678 2970 ποτὶ

447 3029 603 3082 multi
647 3028 968 3087 ostendere.
1007 3029 1102 3099 qui
1153 3029 1262 3082 Deo
1288 3029 1446 3092 chari
1479 3029 1741 3084 virtutum
1775 3030 2020 3084 omnium

444 3121 731 3192 splendore
757 3122 1040 3179 nituerunt
1065 3139 1079 3183 ;
1115 3131 1228 3176 tum
1253 3136 1385 3176 vero
1413 3122 1448 3175 ii
1475 3136 1620 3176 nunc
1645 3120 1810 3175 etiam
1837 3120 2021 3175 deela-

446 3227 589 3277 rant,
621 3213 714 3283 qui
748 3212 1037 3268 nobiscum
1063 3213 1136 3266 ita
1163 3219 1454 3266 versantur
1499 3193 1563 3266 ac
1589 3210 1802 3276 vivunt,
1840 3220 1898 3264 ut
1927 3225 2023 3265 eo-

401 3371 422 3382 -
447 3319 566 3357 tum
603 3319 820 3383 semper
846 3303 1090 3374 vestigiis
1121 3302 1400 3358 insistant.
1423 3299 1543 3355 Jam
1574 3301 1760 3356 subdit
1793 3317 1808 3354 :

2130 3028 2319 3084 πολλοῖ⁸
2347 3028 2457 3080 τῶν
2479 3023 2969 3096 εύαρεστησάντων
2989 3019 3068 3090 τῷ
3099 3017 3222 3088 Θεῷ
3253 3020 3348 3071 καὶ
3374 3009 3678 3079 διαλαμψάν·

2127 3139 2234 3172 των
2250 3121 2366 3182 ταῖς
2403 3117 2622 3186 αίγλαις
2649 3115 2759 3169 τῶν
2789 3113 3004 3186 ἀρετῶν
3029 3110 3266 3166 ἀπασῶν
3285 3126 3300 3142 ο
3337 3108 3432 3162 καὶ
3467 3105 3554 3159 νῦν
3575 3102 3622 3154 δὲ
3635 3097 3678 3152 oi
3768 3153 3784 3174 ε

2129 3211 2271 3265 κατά
2304 3210 2538 3280 μίμησιν
2558 3207 2784 3262 ἐκείνων
2804 3203 3190 3260 πολιτεύεσθαι
3223 3201 3322 3256 καὶ
3337 3199 3486 3271 βιοῦν
3511 3199 3678 3250 ἐσπου-

2127 3303 2376 3366 δακότες.
2409 3298 2548 3356 Εἷτά
2580 3316 2769 3373 φησιν·

1967 3413 1995 3486 5
2028 3411 2170 3470 xvi.

518 3535 682 3590 Vens.
725 3535 812 3590 £5.
881 3535 1188 3589 Perversum
1238 3551 1343 3587 non
1394 3533 1586 3602 poterit
1639 3532 1919 3600 adornari,
1972 3542 2022 3587 et

444 3627 750 3682 imminutio
785 3643 888 3681 non
917 3629 1112 3696 poterit
1138 3627 1408 3680 numerari
1431 3624 1565 3696 (59).

513 3719 796 3775 Naturalia
824 3720 984 3774 nobis
1007 3718 1256 3788 exempla
1289 3717 1342 3771 in
1375 3725 1609 3772 mentem
1639 3723 1879 3782 revocat,
1907 3717 2029 3788 qni-

445 3819 549 3874 lms
582 3817 713 3872 illud
737 3817 1120 3873 demonstrare
1151 3815 1286 3880 vult,
1311 3814 1536 3870 liberam
1563 3814 1805 3870 hominis
1835 3814 2030 3868 volun-

445 3918 634 3972 tatem,
688 3922 810 3978 qua:
842 3907 1009 3962 semel
1043 3923 1074 3961 a
1133 3905 1378 3960 veritatis
1426 3904 1765 3974 iustitiaeque
1825 3905 2022 3958 semita

443 4001 779 4056 aberraverit
825 4007 990 4069 atque
1043 3997 1348 4058 deﬂexerit,
1383 3995 1580 4066 corrigi
1623 3996 1734 4063 jam
1767 4005 1930 4066 atque
1956 3996 2022 4049 acl

445 4091 728 4146 meliorem
759 4089 970 4160 frugem
1001 4089 1178 4148 redire
1204 4104 1311 4142 non
1355 4103 1538 4157 posse.
1590 4085 1724 4142 Nam
1755 4087 2021 4157 quemad-

445 4181 692 4246 modum,
715 4179 918 4250 inquit,
941 4195 1062 4247 quae
1092 4178 1278 4242 arbor,
1311 4185 1408 4230 aut
1429 4191 1518 4230 res
1549 4176 1654 4228 alia
1683 4173 2022 4244 Itnjusmodi,

2158 3534 2634 3603 Διεστραμμένον
2647 3534 2720 3586 οὺ
2735 3529 3064 3598 δυνήσεται
3078 3527 3186 3583 τοῦ
3206 3520 3674 3594 ἐπικοσμηθῆναιο

2121 3626 2220 3679 καὶ
2241 3625 2548 3694 ὑστέρημα
2571 3626 2644 3678 οὑ
2667 3621 2996 3688 δυνήσεται
3031 3619 3137 3674 τοῦ
3175 3614 3586 3688 ἀριθμηθῆναι.

2190 3717 2445 3771 Φυσικῶν
2477 3715 2938 3788 παραδειγμάτων
2957 3715 3091 3784 ἡμῖν
3107 3712 3322 3778 εἰσάγει
3344 3710 3440 3779 τὴν
3470 3705 3672 3762 ἔννοιαν,

2123 3810 2189 3864 δι’
2218 3801 2292 3863 ὧν
2322 3808 2602 3872 ἀποδεῖξαι
2637 3805 2890 3877 βούλεται
2915 3804 3016 3876 τὴν
3041 3803 3404 3874 ἀνθρωπίνην
3440 3794 3674 3867 πριαίρε·

2133 3919 2218 3955 σιν
2238 3900 2390 3966 ἅπαξ
2399 3903 2497 3972 τῆς
2518 3899 2777 3968 ἀληθείας
2793 3897 3004 3966 καὶτῆς
3033 3893 3382 3963 δικαιοσύνης
3397 3898 3674 3960 παρεκτρα·

2131 3990 2328 4042 πεῖσαν
2358 3990 2452 4041 καὶ
2479 3986 2948 4058 παρεκκλίνασαν,
2967 3985 3276 4055 ἀμηχανεῖν
3291 3980 3428 4052 πρὸς
3440 3978 3532 4049 τὴν
3552 3973 3675 4042 διόρ-

2133 4077 2300 4132 θωσιν
2320 4081 2414 4132 καὶ
2433 4077 2734 4147 βελτίωσιν.
2764 4077 2851 4140 Ὠς
2877 4077 2984 4129 πᾶν
3003 4074 3133 4146 γὰρ,
3152 4074 3312 4144 φησὶ,
3337 4073 3396 4125 τὸ
3421 4071 3673 4137 διεστραμο

2135 4167 2296 4238 μένον
2329 4167 2424 4221 καὶ
2443 4165 2814 4236 παρεκκλίναν
2830 4165 2922 4218 ἐπὶ
2938 4163 3166 4234 θάτερον
3192 4161 3360 4233 μέρος
3391 4156 3564 4228 φυτὸν,
3581 4153 3610 4223 ἡ
3627 4167 3671 4204 τι

443 4243 687 4328 distorta
713 4243 878 4341 atque
899 4243 1006 4340 35
1037 4269 1091 4322 in
1127 4270 1407 4322 dexteram
1443 4265 1649 4320 deﬂexa
1677 4243 2014 4336 sitpartem,

2131 4261 2232 4316 τῶν
2246 4259 2646 4332 παραπλησίων
2661 4259 2720 4312 οὐ
2736 4257 3026 4329 δυνήσεται
3039 4273 3112 4309 πα
3119 4256 3168 4326 ρ’
3183 4252 3376 4308 ἑαυτοῦ
3392 4251 3481 4304 καὶ
3490 4243 3672 4341 οἴκοθεν

445 4367 562 4436 ipsa
623 4379 718 4434 per
775 4378 836 4418 se
865 4362 1024 4432 vique
1059 4375 1156 4415 sua
1216 4359 1467 4414 attollere
1524 4375 1604 4424 se,
1657 4375 1890 4428 eamque
1943 4358 2028 4412 in-

447 4457 619 4512 duere
667 4454 856 4524 nequit
891 4452 1148 4515 formam,
1186 4467 1350 4520 quam
1394 4463 1539 4506 recta
1577 4467 1704 4506 cum
1749 4453 1874 4507 aliis
1930 4468 2028 4522 pa-

445 4563 562 4604 rem
604 4545 884 4613 habebat;
953 4559 1132 4614 neque
1182 4545 1312 4598 item
1373 4543 1680 4598 imminutio
1750 4544 2029 4598 numerari

447 4655 688 4712 unquam
743 4646 959 4710 potest,
1030 4645 1091 4693 ut
1142 4638 1236 4707 qui
1295 4651 1557 4692 numerus
1620 4636 1804 4703 decem
1874 4644 2028 4700 erat,

448 4749 558 4788 uno
620 4732 986 4793 imminutus,
1039 4738 1093 4784 et
1158 4745 1350 4784 novem
1406 4728 1628 4794 factus,
1681 4729 1868 4784 decem
1921 4728 2030 4784 dici

447 4832 656 4904 queat;
707 4823 814 4878 nisi
849 4836 1044 4891 nempe
1073 4831 1128 4876 et
1160 4821 1525 4892 peritissimus
1563 4821 1833 4892 quispiam
1875 4821 2032 4892 plan-

448 4926 630 4972 tarum
683 4913 866 4976 cultor
916 4915 1170 4968 arborem
1237 4915 1503 4980 medendo
1551 4915 1815 4987 reducat,
1865 4924 2030 4984 atque

521 5053 568 5085 ³⁸
594 5051 753 5108 Rom.
790 5068 836 5117 t,
862 5055 954 5109 24.
1029 5054 1076 5086 ⁸⁸
1113 5052 1244 5107 ibid.
1269 5052 1361 5108 28.

519 5165 634 5239 (58)
669 5183 690 5217 ι
741 5165 1091 5240 Septuaginta
1131 5168 1477 5236 interpretes,
1533 5188 1557 5220 ι
1607 5169 1784 5239 inquit
1835 5169 2026 5225 Hiero-

447 5238 670 5307 nymus,
706 5256 725 5289 ι
757 5253 864 5292 non
894 5238 1186 5296 Hebraeum
1222 5254 1532 5293 sermonem
1567 5238 1908 5306 expressere,
1929 5241 2025 5296 sed

450 5309 672 5382 Syrum,
703 5308 949 5365 dicentes
991 5309 1388 5382 προαίρεσιν.)
1443 5307 1721 5382 Nimirum
1761 5310 2028 5382 Hebraice

448 5381 715 5450 scriptum
747 5390 832 5434 est
861 5379 1194 5450 nul-Lquod
1217 5381 1412 5446 Aquila
1435 5389 1489 5432 et
1507 5379 1814 5432 Theodotio
1833 5383 2025 5450 νομὴν.

451 5451 815 5522 Symmachus
863 5449 1100 5506 reddidit
1148 5449 1447 5522 βόσ-κησινε
1488 5460 1745 5522 quareret
1796 5466 1824 5502 a
1859 5449 2026 5522 reteri

451 5517 768 5584 sdholiaste,
801 5532 860 5576 ut
888 5532 1080 5576 auctor
1121 5517 1204 5574 est
1237 5517 1515 5590 ﬂebilius,
1567 5519 1866 5588 explicatur
1889 5520 2030 5590 νομὴ

450 5590 676 5658 ἀνέμου,
703 5592 819 5646 sive
843 5593 1020 5659 pastio
1054 5591 1210 5646 venti.
1243 5588 1448 5644 Neutra
1481 5598 1661 5644 tamen
1696 5588 2024 5660 interpreta;

450 5659 1208 5732 tio‘adtnodumAllieronymo
1257 5660 1612 5732 probabatur.
1641 5660 1801 5714 Addit
1832 5660 1976 5713 cnint
2006 5677 2018 5713 :

459 5745 478 5784 ι
522 5728 742 5783 Dicebat
790 5730 920 5785 mihi
971 5728 1250 5793 Hebraeus,
1292 5745 1402 5798 quo
1435 5731 1748 5804 Srriptntas
1803 5739 2022 5785 sanctas

2129 4355 2231 4425 τὴν
2281 4351 2658 4424 ἐπανόρθωσιν
2697 4350 2880 4421 εὑρεῖν
2933 4348 3030 4400 καὶ
3075 4348 3179 4416 τὴν
3224 4343 3547 4414 κοσμιότητα
3587 4335 3669 4400 τὴν

2132 4445 2219 4499 ἐπ’
2253 4444 2470 4507 εὐθείας
2514 4447 2629 4508 τοῖς
2691 4441 2876 4504 ἄλλοις
2935 4437 3352 4508 θεωρουμένηνο
3416 4429 3530 4484 οὔτε
3582 4425 3669 4494 μὴν

2134 4537 2423 4608 ὑστέρημα
2455 4536 2746 4607 δυνήσεται
2776 4533 2871 4588 τοῦ
2893 4532 3016 4606 ἀριθ
3027 4531 3292 4604 μηθῆναι·
3317 4526 3408 4580 τοῦ
3433 4526 3534 4594 γὰρ
3548 4516 3669 4588 ἀριθ-

2137 4630 2240 4702 μοῦ
2401 4629 2536 4682 δέκα
2579 4629 2861 4691 λείποντος
2889 4627 3006 4688 ἐνὸς
3035 4624 3238 4688 αὐτῶν,
3262 4619 3382 4676 καθ’
3407 4613 3580 4671 ἑαυτὸν
3593 4607 3666 4702 τὸν

2132 4697 2350 4786 ἔννατον
2385 4721 2618 4792 ἀριθμὸν
2643 4721 2742 4790 οὐχ
2767 4716 2879 4772 οἷόν
2898 4718 2958 4771 τέ
2987 4719 3104 4770 ἐστι
3145 4715 3332 4769 καλεῖν
3363 4709 3594 4762 δέκατον·
3616 4697 3662 4792 Δ«εἰ

2136 4818 2209 4888 μή
2238 4832 2321 4878 τις
2358 4789 2928 4884 ἐπιστημονικῶτατος
2958 4809 3263 4880 φυτοκόμος
3297 4805 3390 4856 καὶ
3427 4800 3482 4852 τὸ
3524 4789 3663 4888 φνῗδν

2131 4886 2472 4975 ἀνθελκύσει,
2501 4911 2594 4962 καὶ
2624 4906 2760 4978 πρὸς
2807 4907 2906 4976 τὴν
2957 4905 3172 4972 ἰθυτενῆ
3208 4901 3394 4954 στάσιν
3437 4893 3522 4947 καὶ
3556 4886 3660 4942 θέαν

3679 5033 3699 5062 δ

2134 5166 2451 5220 instituente
2485 5162 2710 5232 perlegi,
2750 5159 2896 5230 quod
2952 5156 3382 5232 suprascriptum
3423 5152 3656 5232 male:

2134 5216 2584 5302 inﬁrmatis?»
2628 5216 2728 5288 l'i'oc
2767 5216 2910 5286 'loco
2947 5216 3282 5302 dﬂictiouem
3324 5232 3375 5278 et
3410 5216 3653 5302 malitiam:

2135 5290 2297 5374 quam
2329 5290 2628 5374 paztionem
2661 5313 2716 5357 et
2748 5290 3072 5374 voluntatem
3107 5298 3437 5374 signiﬁcaret
3459 5290 3654 5374 {'9'}:

2311 5350 2567 5444 {Si};
2599 5350 2936 5444 contrarium
2963 5372 3128 5444 bona.
3147 5350 3240 5424 εἷδά
3257 5368 3340 5444 ,φὶ’
3360 5378 3440 5422 θοι
3469 5350 3656 5444 ΨἮΈᾞ

2928 5443 2996 5496 cit
3027 5428 3130 5496 diei
3159 5437 3364 5492 malitia
3386 5445 3494 5496 suo.
3523 5428 3654 5496 tuta"!

3431 5495 3511 5560 (In
3532 5495 3654 5545 ϐοηιο

2135 5375 2276 5429 malo
2311 5377 2454 5444 quod
2481 5383 2565 5429 est
2599 5375 2923 5430 c0ntt'arinu

2136 5445 2426 5526 lEvangelio
2449 5445 2710 5526 scribitur
2741 5463 2752 5497 :
2795 5442 2923 5512 δειΠί

2137 5513 2740 5654 ςταέρίιεὶςιιίίίραηιίυε
2766 5513 3071 5583 κακουχίαν
3126 5515 3339 5564 vocant.
3379 5523 3396 5554 ι

2137 5601 2193 5638 tn
2273 5601 2326 5638 cc
2354 5625 2368 5639 .
2395 5601 2445 5640 c.
2477 5601 2512 5638 ι.

2136 5601 2193 5638 ut
2227 5601 2368 5639 met.
2431 5625 2445 5640 .
2477 5601 2512 5638 ι.
3461 5636 3469 5642 .

2207 5655 2316 5726 (59)
2339 5601 2628 5726 Olcymp).o-.'a
2660 5655 2950 5724 δυνήσεται
2969 5652 3062 5707 τοῦ
3081 5645 3434 5720 κοσμηθῆναι.
3462 5634 3653 5707 Mssa“

2131 5723 2330 5784 omittit
2369 5723 2481 5781 τόὖ.
2505 5723 2516 5725 ”
2784 5723 2787 5724 ⁷
3674 5723 3682 5734 ’
