3982 6190
521 305 629 376 795
994 269 1008 275 ’
1631 303 1692 368 δ.
1739 302 2093 367 esseom

2155 299 2666 364 AGRIGENTINI
3636 310 3723 376 πε

527 418 838 473 hendcrcm.
874 411 1036 468 Hisce
1087 410 1344 466 omnibus
1387 417 1680 480 postquam
1712 412 1922 482 potitus
1954 427 2099 480 sum,

2153 421 2178 478 ι
2207 428 2306 465 σαν
2339 411 2654 482 ἐπιστήμην
2715 412 2957 481 συσχιῐν.
3012 411 3231 468 Τούτων
3279 413 3526 472 ἁπάντων
3562 419 3725 495 tum.

530 510 862 573 ultimusque
911 503 1166 558 humanm
1217 500 1492 560 felicitatis
1542 501 1694 572 attigi
1745 504 1922 570 lines;
1981 511 2096 563 tum

2198 504 2412 574 πλήρης
2441 503 2662 572 γέγονα,
2689 504 2782 556 καὶ
2814 503 2952 575 πρὸς
2985 505 3085 572 τὴν
3100 507 3411 576 ἀκροτάτην
3448 509 3503 558 ἐν
3541 511 3725 578 ἀνθρώ.

525 612 656 652 vero
705 596 1000 650 humanam
1049 591 1225 660 magis
1275 591 1442 646 vitam
1495 596 1920 646 commiseratus
1950 607 2095 654 sum.

2198 614 2320 660 ποις
2369 593 2534 666 ἦλθον
2567 594 2858 666 εὐετηρίαν
2882 611 2896 626 ο
2927 594 3052 648 τότε
3090 597 3295 666 μᾶλλον
3339 601 3614 658 ἐταλάνισα
3645 602 3727 674 τὴν

525 705 646 758 qua:
675 687 879 740 nullam
915 683 1144 738 omnino
1185 682 1480 738 utilitatem
1505 698 1570 736 ex
1605 683 1690 738 his
1725 683 1984 738 omnibus
2010 697 2097 747 re:

2196 686 2542 758 ἀνθρωπίνην
2566 686 2733 757 ζωὴν,
2772 685 2850 750 ὡς
2883 685 3050 756 μηδὲν
3069 687 3377 744 ἀπόνασθαι
3400 691 3594 745 τούτων
3610 693 3726 746 πάν-

530 779 672 834 l'erre
723 777 917 847 possit.
959 773 1078 841 Qua
1118 774 1338 830 demum
1393 775 1462 830 de
1504 774 1728 830 causa?
1778 774 2096 844 Propterea,

2195 795 2304 832 των
2321 777 2628 858 δυναμένην
2650 775 2710 829 τδ
2741 775 2982 831 σύνολον.
3024 777 3090 830 Τί
3114 778 3180 849 δή
3213 795 3382 846 me;
3415 781 3574 844 Διὸτι,
3595 781 3728 851 φησὶ,

529 868 725 938 inquit,
753 864 900 936 quod
951 865 1054 920 hoc
1105 863 1270 919 etiam
1315 870 1402 917 est
1441 862 1793 932 pmsumptio
1829 861 2096 931 spiritus;

2197 867 2369 936 καίγε
2393 867 2554 921 τοῦτό
2578 868 2696 920 ἐστι
2734 866 3058 938 προαίρεσις
3093 869 3431 940 πνεύματος.
3457 871 3598 925 ’Δντλ⁹
3629 872 3727 935 τοῦ,

525 968 785 1026 tanquam
840 957 887 1012 si
939 955 1149 1009 diceret
1205 971 1218 1008 :
1297 954 1480 1008 Animi
1549 953 1772 1022 quidem
1864 951 2097 1009 volentis

2195 957 2433 1029 ψυχικῆς
2450 959 2549 1027 μὲν
2565 957 2877 1029 βουλήσεως
2896 957 3057 1030 ἔργον
3075 958 3250 1014 ταῦτα
3269 961 3446 1014 πάντα
3468 962 3729 1030 πεφύκασι.

527 1043 808 1116 negati-nn
873 1044 990 1098 haec
1037 1051 1171 1096 sunt
1237 1042 1456 1107 omnia;
1521 1057 1647 1096 nam
1701 1043 1946 1096 animum
2009 1040 2099 1096 hic

2200 1048 2422 1118 Πνεῦμα
2451 1048 2561 1117 γὰρ
2599 1047 2882 1102 κάνταῦθα
2931 1049 3032 1116 τὴν
3075 1048 3256 1120 ψυχὴν
3292 1053 3727 1123 προσηγόρευσεν.

527 1151 744 1204 quoque
792 1134 1020 1204 spiritus
1065 1133 1425 1200 appellatione
1488 1133 1837 1203 designavit:
1895 1140 1952 1186 at
2011 1132 2099 1187 ni-

2198 1142 2274 1195 Ού
2313 1139 2495 1211 μέντοι
2531 1139 2562 1192 δ
2629 1139 2768 1209 πρὸς
2795 1139 2895 1210 τὴν
2918 1139 3194 1209 ὠφέλειαν
3223 1141 3320 1195 καὶ
3361 1142 3626 1213 σωτηρίαν
3651 1145 3730 1213 τῆς

528 1230 605 1285 hil
637 1229 882 1298 profecto
924 1229 990 1282 ad
1041 1227 1391 1284 commodum
1439 1227 1784 1295 salutemque
1821 1225 1989 1279 animi
2031 1225 2099 1281 iis

2197 1233 2376 1302 ψυχῆς
2429 1229 2744 1285 συντελοῦσι
2779 1219 2896 1294 τοῖς
2933 1229 3010 1302 μὴ
3065 1232 3193 1301 περὶ
3225 1230 3425 1308 πολλοῦ
3453 1232 3549 1302 τὴν
3570 1234 3731 1302 κτῆσιν

530 1331 779 1389 prosunt,
826 1320 918 1389 qui
951 1321 1132 1374 minus
1159 1319 1228 1373 de
1257 1319 1484 1374 virtutis
1525 1319 1816 1388 adeptione
1845 1316 2100 1376 laboran-

2198 1325 2298 1394 τῆς
2321 1325 2521 1394 ἀρετῆς
2553 1321 2894 1392 τιθεμένοις,
2933 1322 3071 1376 ἀλλὰ
3119 1321 3259 1392 πρὸς
3311 1323 3478 1392 μόνην
3510 1322 3733 1394 ἀνθρωπ-

529 1422 633 1478 tes,
662 1427 827 1468 omne
861 1413 911 1465 in
941 1427 1007 1466 eo
1045 1411 1286 1465 studium
1341 1419 1574 1480 ponunt,
1620 1417 1682 1464 ut
1726 1407 1926 1478 populo
1977 1408 2100 1476 pla-

2199 1417 2492 1485 αρέσκειαν
2532 1415 2628 1467 καὶ
2655 1415 2753 1485 τὴν
2787 1414 3055 1482 φυσίωσιν
3094 1414 3197 1482 τῆς
3223 1415 3392 1485 κενῆς
3426 1413 3611 1484 δόξης,
3657 1417 3733 1469 καὶ

528 1513 708 1570 crant,
743 1505 1002 1574 inanique
1023 1502 1196 1573 gloria
1222 1503 1345 1556 e'ati
1374 1511 1429 1557 et
1444 1500 1643 1558 fastum
1667 1507 1852 1554 amant
1873 1507 1926 1553 et
1949 1498 2100 1568 plau-

2199 1507 2338 1577 πρὸς
2362 1507 2454 1560 τὸν
2494 1505 2666 1575 τύφον
2711 1505 2805 1559 καὶ
2833 1505 2927 1560 τὸν
2970 1503 3316 1576 ἀνθρώπινον
3368 1506 3733 1560 ἀποϐλέπουσιν

530 1612 626 1651 sus
667 1597 950 1650 hominum
982 1603 1348 1664 aucupantur.
1391 1596 1566 1664 Atque
1588 1593 1720 1647 illud
1743 1592 1904 1646 etiam
1943 1605 2102 1646 acce-

2200 1599 2440 1653 ἔπαινον.
2465 1598 2608 1670 Πρὸς
2627 1598 2683 1652 δὲ
2708 1598 2787 1668 τῷ
2820 1597 2987 1668 μηδὲν
3009 1597 3320 1652 ἀπόνασθαι
3362 1598 3470 1651 τῶν
3511 1597 3733 1652 τοιούτων

529 1685 608 1740 dit
634 1685 988 1749 incommodi,
1034 1697 1092 1738 ut
1131 1684 1224 1753 qui
1255 1684 1327 1738 ob
1358 1683 1601 1737 animum
1666 1682 1736 1736 ab
1779 1680 2100 1750 intclligibi-

2199 1692 2327 1754 τοὺς
2351 1688 2618 1760 μηδαμῶς
2650 1689 2874 1759 ἔχοντας
2904 1686 3029 1741 νοῦν
3065 1687 3207 1760 πρὸς
3251 1687 3353 1758 τὴν
3404 1685 3515 1740 τῶν
3559 1685 3733 1754 νοητῶν

530 1775 660 1829 lium
725 1777 990 1830 honorum
1048 1775 1361 1844 cognitione
1419 1775 1658 1828 alienum
1714 1773 1920 1827 nullam
1971 1771 2097 1826 inde

2161 1759 2169 1807 ί
2197 1755 2848 1848 ἀγαθων-ἀνατεινόμενον
2891 1755 3219 1844 ἑφεσινίκαὶ
3249 1755 3628 1845 περιπόνησιν,
3659 1775 3733 1826 καὶ

531 1867 819 1922 utilitatem
857 1867 1100 1934 capiunt,
1156 1866 1320 1922 iidem
1385 1866 1440 1919 in
1475 1865 1560 1919 his
1609 1863 1858 1934 occupati
1895 1863 2095 1917 defati-

2201 1870 2394 1932 κόπον,
2430 1870 2526 1924 καὶ
2561 1869 2726 1922 πόνον
2763 1868 2874 1932 τοῖς
2901 1869 3030 1938 περὶ
3079 1867 3149 1921 τὰ
3186 1853 3416 1922 τοιαῦτα
3448 1865 3733 1934 σχολάζουσι

527 1960 798 2028 gationem
829 1968 1084 2026 praeterea
1121 1965 1175 2012 et
1203 1958 1448 2010 laborum
1471 1956 1748 2016 molestias
1775 1943 1940 2025 atqué
1969 1955 2096 2010 inu-

2201 1962 2479 2032 πεφύκασι
2521 1959 2821 2030 προξενεῖν,
2853 1959 2950 2012 καὶ
3001 1957 3268 2030 περιττὰς
3315 1955 3621 2027 ἀγρυπνίας
3657 1956 3731 2008 καὶ

526 2051 646 2106 tiles
665 2065 886 2120 quoque
905 2049 1117 2118 vigilias
1138 2063 1415 2118 venasque
1437 2062 1600 2102 curas
1623 2047 1811 2102 subire
1839 2047 2088 2103 debeant.

2202 2050 2440 2121 ματαίας
2461 2047 2765 2119 φροντίδας.
2799 2046 2970 2100 Τοῦτο
2991 2047 3101 2118 γὰρ
3137 2046 3489 2118 παρεμπεδοϊ
3525 2045 3607 2100 διὰ
3646 2045 3731 2098 τῶν

527 2142 640 2198 lloc
674 2156 909 2211 namque
941 2141 1008 2196 iis
1045 2139 1367 2203 conﬁrmat.
1392 2153 1524 2209 quae
1573 2139 1825 2210 protinus
1885 2137 2090 2194 subue—

1281 2148 1524 2209 at,quae
1573 2139 1825 2210 protinus
1885 2137 2090 2194 subue—
2199 2141 2423 2212 ἀμέσως
2457 2137 2853 2209 ἐπαγομένων·

524 2236 642 2290 ctit.

2020 2317 2052 2389 δ
2074 2315 2262 2372 XVIII.

595 2463 698 2531 37
726 2459 896 2514 Vens.
934 2459 1021 2514 18.
1046 2459 1187 2524 Quia
1205 2460 1260 2512 in
1279 2458 1620 2512 multitudine
1647 2457 1918 2526 sapientia:
1937 2455 2119 2510 multi-

2266 2451 2394 2504 Ὀτι
2415 2451 2486 2504 ἐν
2513 2448 2729 2518 πλήθει
2751 2448 2975 2518 σοφίας
3011 2445 3247 2516 πλῆθος
3275 2449 3577 2516 γνώσεως,
3598 2450 3680 2504 καί
3705 2451 3733 2503 d

525 2554 654 2607 tudo
705 2552 1045 2620 cognitionis,
1078 2561 1127 2605 et
1161 2552 1254 2620 qui
1293 2551 1506 2618 apponit
1533 2551 1816 2604 scientiam
1877 2549 2091 2620 apponit

1928 2549 2091 2616 iponit
2191 2539 2537 2610 προστιθείς
2561 2537 2789 2608 γνῶσιν
2811 2538 3215 2607 προστίθησιν
3239 2538 3500 2608 ἄλγημα.

522 2642 760 2695 dolorem
788 2641 922 2710 (62).

593 2733 805 2799 Quibus
831 2731 1121 2786 manifesto
1140 2731 1404 2794 declarat,
1441 2738 1706 2799 quantum
1725 2730 1851 2801 quis
1873 2731 2090 2800 sapien-

2263 2723 2490 2788 Δεικνὺς
2521 2722 2802 2792 ἐμφανῶς,
2831 2723 2907 2787 ὡς
2940 2721 3063 2775 καθ’
3093 2723 3221 2776 ὅσον
3279 2724 3363 2801 ἄν,
3394 2741 3478 2786 τας
3532 2725 3730 2795 ὑπεραρ-

527 2826 612 2876 tim
641 2822 862 2876 modum
909 2835 1323 2892 supergressus,
1358 2819 1601 2874 animum
1635 2835 1794 2875 suum
1836 2797 2091 2880 uberiore

2197 2813 2316 2885 θείη
2334 2814 2436 2884 τῆς
2459 2814 2650 2882 σοφίας
2692 2817 2809 2878 τοίς
2859 2815 3099 2885 μέτροις,
3143 2817 3242 2868 καὶ
3286 2797 3365 2884 τῷ
3419 2815 3605 2884 πλήθει
3642 2815 3721 2879 τῆς

525 2916 773 2969 doctrina
802 2915 1176 2982 compleverit,
1207 2922 1418 2968 tantum
1451 2913 1582 2966 huic
1622 2913 1966 2982 mgritudinis
1996 2927 2090 2968 ac-

2218 2907 2494 2976 γνὼσεως,
2527 2904 3019 2977 ἐνδαψιλευομένην
3047 2905 3158 2970 ἕξει
3177 2905 3280 2974 τὴν
3303 2905 3499 2960 ἑαυτοῦ
3523 2904 3729 2974 καρδίαν,

523 3019 808 3060 cessurum
828 3015 882 3058 et
910 3004 1223 3066 anxietatis,
1241 3014 1404 3070 atque
1427 3017 1706 3067 curarum,
1731 3013 1793 3056 ut
1807 3003 2095 3058 sublimio-

2201 2997 2344 3052 κατὰ
2369 2996 2628 3051 τοσοῦτον
2645 2999 2758 3061 τοῖς
2779 2997 3090 3068 ἀλγήμασιν
3119 2995 3296 3066 αὐτὴν
3328 2997 3627 3067 περιϐάλλει
3647 2993 3729 3047 τῶν

529 3113 641 3152 rem
687 3095 1008 3166 sapientiam
1063 3095 1436 3163 majoremun
1490 3110 1676 3150 rerum
1731 3096 2096 3165 cognitionem

2160 3103 2168 3153 ι
2204 3088 2501 3160 φροντίδων
2535 3089 2628 3142 καὶ
2666 3087 2947 3159 μερίμνων
2969 3089 3066 3157 τῆς
3094 3088 3439 3160 ὑψηλοτέρας
3467 3089 3556 3142 καὶ
3586 3084 3732 3157 μείζο-

527 3201 874 3256 assequatur.
915 3185 1050 3240 Nam
1079 3186 1708 3255 animadverte,quaeso,'
1734 3202 1842 3255 (tua
1871 3188 1982 3242 haec
2015 3202 2099 3242 ra-

2201 3196 2290 3242 vo;
2310 3181 2500 3246 σοφίας
2539 3179 2636 3234 καὶ
2665 3177 2946 3247 γνώσεως.
2980 3179 3124 3247 Ὅρα
3147 3179 3261 3252 γὰρ
3289 3181 3395 3248 τὴν
3441 3178 3732 3245 συλλογιστι-

529 3281 674 3334 tione
709 3279 1065 3334 Ecclesiastes
1091 3287 1348 3347 exponat.
1378 3278 1521 3344 Quo,
1553 3279 1752 3345 inquit,
1774 3287 1932 3346 pacto
1958 3275 2101 3332 tnui-

2201 3271 2303 3342 κὴν
2331 3270 2587 3324 ἀπόδοσιν
2641 3268 2740 3326 τοῦ
2804 3269 3264 3340 Ἐκκλησιαστοῦ.
3323 3271 3468 3334 Πῶς,
3521 3263 3733 3338 priami)

528 3369 816 3424 titudiuem
868 3367 1152 3438 sapientia:
1207 3367 1498 3420 multitudo
1567 3367 1898 3436 cognitionis
1969 3383 2100 3422 con-

2201 3361 2398 3434 πλήθει
2425 3363 2524 3431 τῆς
2548 3362 2743 3430 σοφίας
2766 3361 3059 3416 ἀκολουθεῖ
3071 3361 3132 3414 τὸ
3157 3361 3370 3430 πλῆθος
3387 3362 3485 3429 τῆς
3501 3359 3732 3428 γνώσεως,

529 3460 814 3529 sequitur,
871 3460 1064 3514 eodem
1126 3457 1368 3513 scientia:
1433 3457 1864 3514 additamentum
1949 3457 2101 3514 addi-

2203 3456 2298 3509 καὶ
2334 3458 2400 3525 τῇ
2434 3453 2724 3526 προσθήκῃ
2748 3453 2849 3522 τῆς
2880 3451 3138 3522 γνώσεως
3164 3454 3198 3523 ἠ
3232 3453 3520 3525 προσθήκη
3547 3451 3640 3503 τῶν
3665 3447 3733 3500 ἁλι

475 3540 488 3550 ’
532 3555 608 3609 tio
665 3553 915 3607 dolorum
992 3567 1134 3622 pone
1187 3553 1501 3606 comitatur.
1557 3550 1738 3618 Quare
1812 3561 2039 3606 externa

2202 3547 2468 3618 γημάτων
2498 3547 2961 3617 συμπαρομαρτεί
2981 3543 3126 3598 κατά
3161 3544 3223 3598 τὸ
3259 3543 3581 3599 ἀκόλουθον·
3623 3542 3732 3595 ὥστε

533 3647 680 3700 illam
779 3653 836 3698 et
905 3643 1236 3713 superﬂuam
1309 3643 1604 3699 multarum
1686 3633 2101 3713 disciplinarum

2203 3639 2340 3708 πρὸς
2360 3639 2421 3691 τὸ
2457 3637 2622 3708 μηδὲν
2663 3640 2962 3706 ἀναγκαῖον
2987 3637 3083 3691 καλ⁸
3119 3636 3407 3700 λυσιτελὲς
3440 3637 3530 3690 καὶ
3565 3633 3728 3706 πρόξε-

531 3741 817 3797 scientiam
881 3741 1122 3800 sectati.
1201 3748 1488 3807 postquam
1585 3753 1752 3803 eam,
1823 3752 1942 3807 qum
2007 3751 2103 3789 an-

2202 3743 2293 3781 νον
2314 3731 2414 3798 τῆς
2442 3727 2662 3781 αἰωνίου
2697 3725 2848 3797 ζωῆς
2873 3728 2938 3782 ἐκ
2965 3727 3067 3796 τῆς
3100 3727 3431 3798 ἀναλήψεως
3462 3727 3564 3780 τῶν
3598 3725 3734 3792 θύρι-

531 3849 666 3890 ηθιιι
721 3842 827 3896 est,
859 3833 1156 3886 humanam
1209 3831 1312 3887 sibi
1357 3829 1680 3902 sapientiam
1727 3839 1782 3884 et
1831 3843 2100 3884 summam

2204 3821 2296 3874 θεν
2321 3819 2532 3873 πολλῶν
2557 3821 2654 3874 καὶ
2687 3819 2964 3890 περιττῶν
2999 3818 3371 3888 μαθημάτων,
3419 3818 3508 3874 καὶ
3552 3817 3640 3884 τῆς
3691 3815 3734 3865 ἐν

531 3940 713 3984 rerum
741 3923 1111 3993 cognitionem
1144 3921 1344 3990 vigiliis
1371 3931 1427 3976 et
1456 3920 1738 3976 laboribus
1755 3927 2102 3988 pepererunt,

2203 3909 2534 3982 ἀγρυπνίαις
2572 3911 2667 3966 καὶ
2715 3909 2902 3972 κόποις
2931 3909 3372 3980 προσγινομένης
3436 3903 3734 3978 ἀνθρωπίνης

532 4030 640 4068 ιιοη
669 4015 832 4070 modo
863 4013 1127 4067 diuturno
1183 4012 1220 4066 ii
1255 4012 1438 4067 studio
1481 4011 1853 4068 necessarium
1885 4009 2019 4063 nihil
2052 4017 2104 4064 et

2206 4001 2397 4068 σοφίας
2423 4002 2520 4054 καὶ
2547 4003 2803 4068 γνώσεως
2827 3999 3139 4070 ἀκροτάτης
3168 3999 3483 4056 ἀκολουθεῖν
3508 4001 3608 4060 τοῖς
3636 3994 3733 4062 περὶ

533 4105 687 4166 utile,
719 4105 950 4173 vitaeque
999 4111 1216 4157 aeterna:
1270 4103 1412 4156 viam
1465 4103 1722 4159 muniens
1755 4104 1973 4158 auferre
2009 4121 2104 4158 so-

2203 4089 2272 4142 τὰ
2309 4089 2536 4143 τοιαῦτα
2588 4089 2710 4142 λίαν
2750 4089 3163 4151 ἐσπουδακόσιν,
3195 4089 3435 4158 ἔμπαλιν
3461 4088 3552 4141 καὶ
3579 4089 3608 4156 ἡ
3637 4083 3730 4138 ἐπί-

531 4198 665 4258 lrnt,
695 4198 786 4252 sed
811 4197 1062 4262 dolorum
1083 4195 1247 4250 etiam
1272 4211 1526 4264 magnam
1551 4197 1655 4251 sibi
1685 4212 1879 4252 rursus
1901 4195 2102 4252 factam

2204 4197 2357 4243 τασις
2385 4179 2674 4250 συμϐαίνει
2695 4180 2806 4234 τῶν
2835 4180 3171 4251 ἀλγημάτων
3194 4197 3209 4212 ο
3242 4181 3386 4240 δέον,
3411 4179 3614 4242 τούτοις
3631 4177 3732 4230 πᾶσι

531 4290 902 4344 accessionem
951 4303 1070 4342 csse
1096 4287 1355 4342 sentiunt.
1393 4286 1617 4352 Quando
1648 4288 1776 4342 illud
1807 4287 2026 4352 melius.
2057 4289 2100 4345 si

2203 4272 2418 4342 χαίρειν
2435 4271 2711 4334 είπὸντας,
2731 4272 3089 4340 διαγρυπνεῐν
3107 4274 3166 4326 ἐν
3181 4273 3479 4344 ὑμνῳδίαις
3496 4271 3581 4324 καὶ
3600 4281 3733 4338 προσ·

534 4401 656 4440 nus.
689 4383 774 4436 his
801 4381 1058 4435 omnibus
1103 4381 1285 4440 valere
1329 4379 1521 4448 jussis,
1569 4378 1622 4433 in
1655 4377 1968 4435 Conditoris
2001 4397 2103 4434 no-

2160 4431 2175 4448 ι
2205 4365 2390 4433 ευχαϊς
2426 4363 2521 4416 καὶ
2547 4363 2766 4434 δεήσεσι
2805 4366 2924 4427 ταῖς
2950 4363 3086 4433 πρὸς
3111 4363 3203 4417 τὸν
3231 4366 3366 4418 [διον
3409 4361 3627 4432 Ποιητὴν
3660 4355 3732 4408 καὶ

535 4476 631 4530 stri
659 4484 714 4528 et
749 4473 840 4526 Dei
877 4482 930 4526 et
961 4473 1174 4526 Domini
1205 4471 1485 4533 laudibus,
1517 4472 1570 4524 iu
1597 4473 1878 4540 precibus,
1919 4473 1983 4526 in
2002 4475 2101 4527 oh-

2161 4431 2178 4480 )
2206 4430 2340 4508 Θεδν
2369 4454 2466 4507 καὶ
2489 4430 2770 4522 Δεσπότην
2789 4470 2804 4486 ο
2843 4455 2938 4508 καὶ
2977 4430 3192 4518 τούτοις
3243 4430 3606 4526 ἐγκαρτερεῖν,
3639 4448 3733 4502 τού·

535 4564 938 4621 sccratiouihus
970 4563 1219 4633 occupati
1253 4563 1467 4632 vigilias
1491 4564 1754 4634 agamus!
1781 4560 1837 4616 Si
1869 4564 1984 4618 ha'c
2011 4579 2102 4618 co-

2201 4562 2314 4609 τοις
2342 4543 2650 4615 σχολάζειν.
2683 4545 2772 4598 διὰ
2802 4545 2914 4598 τῶν
2958 4545 3220 4600 τοιούτων
3251 4545 3488 4614 ἀνυψοῦν
3512 4543 3600 4611 τὴν
3623 4555 3732 4606 καρ-

537 4661 672 4722 lere,
703 4659 788 4714 his
821 4672 1044 4728 operam
1073 4655 1204 4710 dare
1252 4655 1584 4725 incipiamus
1614 4674 1626 4710 :
1665 4665 1829 4724 atque
1866 4671 1961 4726 per
1988 4657 2103 4710 lucc

2201 4634 2320 4689 δίαν
2343 4636 2545 4689 καὶτὸν
2561 4634 2686 4688 νοῦν
2707 4637 2842 4706 πρὸς
2864 4636 2924 4690 τὸ
2953 4637 3335 4706 ἀκατάληπτον
3355 4636 3481 4705 ὕψος
3507 4635 3594 4701 τῆς
3611 4629 3730 4684 θείας

535 4752 781 4807 auimum
819 4766 883 4804 ac
929 4758 1164 4802 mentem
1200 4748 1268 4802 ad
1314 4747 1922 4812 incomprehensibilem
1954 4747 2100 4800 illam

2207 4725 2624 4796 μεγαλωσύνης,
2655 4729 2750 4780 καὶ
2789 4727 2867 4796 τῷ
2899 4728 3086 4780 κάλλει
3115 4727 3206 4780 τοῦ
3262 4727 3446 4781 Ἡλίου
3474 4725 3565 4793 τῆς
3603 4718 3728 4783 δόξηί

538 4844 737 4897 divina:
770 4841 1072 4910 maiestatis
1099 4840 1441 4894 altitudinem
1493 4838 1823 4902 attollentes,
1859 4837 1915 4891 in
1959 4837 2101 4907 ejus.

2206 4817 2638 4886 προσατενίζειν,
2667 4818 2762 4870 καὶ
2779 4821 2898 4880 ταῖς
2925 4819 3140 4870 ἐκεῖθεν
3168 4817 3418 4887 μεθέξεσι
3453 4815 3542 4868 καὶ
3571 4823 3729 4882 μετου-

537 4935 632 5002 qni
657 4933 841 5004 gloria:
857 4898 957 4986 'Sol
983 4940 1084 4997 est,
1106 4929 1514 5000 pulchritudine
1541 4930 1732 4984 oculos
1761 4898 2059 4998 deﬁgatiiits
2086 4947 2099 4982 :

2207 4907 2348 4970 σίαις
2381 4907 2943 4978 καταλαμπρύνεσθαι
2970 4909 3064 4962 καὶ
3091 4910 3182 4963 τὸν
3203 4911 3356 4972 ἐντὸς
3384 4907 3576 4962 καὶτὸν
3600 4898 3725 4957 ἐκτὸς

538 4989 602 5076 ea
635 4989 692 5075 uvt
719 5021 838 5074 luce
875 5016 1082 5088 perfusi
1109 4989 1177 5073 ac
1213 5019 1368 5074 ditati
1399 5028 1454 5074 et
1484 5019 1630 5090 quod
1680 5019 1820 5073 intra
1846 4989 1900 5071 in
1929 5018 2104 5072 honii-

2205 4999 2512 5068 ἄνθρωπον,
2553 5001 2646 5054 καὶ
2684 5002 2784 5070 τῆς
2829 5001 3068 5072 ἀρρήτου
3126 5001 3286 5068 δόξης
3335 4993 3656 5068 κατατρυφᾷν
3678 4989 3722 5039 ἐν

541 5129 607 5164 ιω
630 5120 683 5165 et
709 5111 852 5178 quod
889 5119 1040 5164 extra
1079 5118 1182 5174 est,
1215 5110 1485 5165 illustrare
1508 5111 1806 5179 possimus,
1833 5109 2106 5164 caelestia-

2204 5092 2326 5151 ταῖς
2355 5090 2496 5142 κατὰ
2527 5090 2587 5142 τὸ
2615 5090 2839 5144 δυνατὸν
2866 5091 3003 5160 πρὸς
3037 5090 3207 5160 αὐτὴν
3237 5090 3486 5160 θεωρίαις
3512 5087 3596 5140 καὶ
3614 5096 3720 5149 φανο

538 5219 666 5270 que,
697 5211 960 5272 quantum
1012 5201 1125 5256 ﬁeri
1175 5208 1375 5271 potest,
1427 5201 1817 5256 meditantibus
1869 5208 2107 5254 contem-

2203 5179 2439 5244 τασίαις,
2472 5182 2566 5233 καὶ
2593 5178 2933 5250 πληροῦσθαι
2951 5181 3050 5250 τῆς
3079 5180 3249 5244 ὄντως
3280 5177 3622 5244 ἁλεκλαλήτου
3645 5167 3718 5222 καὶ

540 5269 930 5366 piatitilmsque
957 5311 1157 5350 arcana
1176 5269 1293 5348 'frui
1325 5295 1519 5365 gloria,
1561 5303 1614 5348 et
1657 5293 1912 5349 iuetl‘abili
1949 5293 2106 5364 plane

2207 5272 2355 5336 θείας
2387 5272 2760 5342 ἀγαλλιάσεως
2785 5289 2799 5304 ο
2826 5272 2916 5325 ἵνα
2946 5271 3022 5342 μὴ
3044 5271 3124 5342 τῷ
3165 5269 3552 5342 Ἐκκλησιαστῇ
3577 5274 3715 5330 παρα·

539 5410 550 5439 ‹
579 5389 832 5459 ivinoque
867 5389 1063 5458 gaudio
1095 5387 1354 5458 compleri
1404 5387 1580 5440 liceat.
1620 5385 1844 5440 Minime
1869 5386 1980 5454 jam
2005 5385 2108 5438 erit

2208 5365 2452 5432 πλησίως
2475 5367 2585 5427 τοῖς
2609 5363 2952 5435 ἀσυμφόροις
2983 5364 3358 5434 σχολάζοντες,
3379 5363 3456 5424 είς
3483 5355 3715 5452 uetari-ur

541 5481 911 5543 metuendum,
950 5496 1014 5534 ne
1053 5495 1216 5548 opera
1261 5478 1414 5530 vanis
1465 5478 1516 5529 iu
1561 5478 1720 5531 rebus
1765 5479 1966 5546 posita,
2010 5492 2108 5529 nos

2210 5474 2292 5511 σιν
2319 5456 2562 5527 ἔλθωμεν
2621 5457 2815 5528 μικρὸν
2843 5455 3072 5525 ὕστερον
3101 5457 3202 5527 τῆς
3237 5456 3489 5525 ἀνονήτου
3538 5444 3714 5516 σχολῆὓ

617 5699 729 5768 (69.)
763 5701 864 5780 Sed
898 5699 1034 5752 LXX
1069 5701 1263 5754 Itulzcut
1292 5697 1586 5768 προτθήςει
1612 5697 1855 5766 ἄλγημα.
