3982 6190
273 465 382 531 813

1373 458 1456 519 ΙΝ
1489 455 2044 518 ECCLESIASTEN
2078 477 2148 488 -
2175 453 2324 512 ΜΒ.
2362 451 2445 510 II.

3343 405 3352 414 ’
3435 388 3613 504 814‘

275 571 534 644 σπουδὴν,
563 569 672 623 τῶν
693 569 829 640 μήτε
857 561 924 639 τῇ
956 565 1278 638 ματαιότητι
1309 567 1403 620 καὶ
1432 567 1499 636 τῇ
1522 565 1700 636 φθορᾷ
1725 563 1856 630 καθο

1970 575 2111 627 5111⁸3,
2145 575 2253 616 non
2296 557 2460 613 modo
2492 567 2774 628 nunquam
2807 561 3144 610 evanescunt
3169 563 3263 608 ant
3291 569 3539 610 corrnm‘

273 663 675 732 υποκειμὲνων,
711 662 848 730 μήτε
888 659 997 730 μὴν
1052 656 1460 728 προξενούντων
1515 658 1628 720 τοῖς
1677 656 1853 728 πράτ-

273 771 430 810 τουσι
483 751 845 812 ἀνυποίστους
905 748 1192 812 κολάσεις,
1255 748 1375 803 ἀλλ’
1427 747 1669 819 ἔμπαλιν
1716 749 1856 818 ἀκη-

277 847 476 916 ράτους
509 843 746 913 ἀμοιϐὰς
778 843 872 895 καὶ
902 841 1320 906 διαιωνίζουσαν
1384 839 1734 908 ἀγαλλίάσιν.
1791 839 1856 892 Ol

272 938 385 1008 γὰρ
435 935 684 994 ἀϐούλως
715 933 952 1002 δρῶντες
983 932 1143 986 τοῦτο
1181 932 1428 996 κάκεῖνο,
1489 931 1564 1001 μὴ
1605 947 1856 1000 προηγη-

276 1031 520 1100 σαμένης
567 1028 666 1098 τῆς
696 1029 754 1080 ὲν
803 1026 1062 1096 φρονήσει
1085 1029 1181 1078 καὶ
1223 1023 1389 1094 σοφίᾳ
1441 1021 1660 1093 βουλῆς,
1686 1038 1857 1092 προσ-

274 1123 537 1174 κόπτουσι
591 1115 848 1186 συνεχῶς,
899 1113 1038 1184 πρὸς
1087 1113 1125 1168 ά
1192 1113 1268 1185 μὴ
1318 1113 1476 1183 θέμις
1531 1112 1859 1184 κατολισθήυ

275 1225 469 1270 σαντες
497 1224 510 1238 ο
553 1204 650 1260 καὶ
680 1202 1174 1275 μεταδουλεύονται
1245 1203 1344 1273 μὲν
1381 1200 1858 1272 μεταμεληθέντες

273 1303 368 1354 καὶ
393 1298 724 1368 διαγνόντες,
757 1296 1132 1350 ἀνασκευάσαι
1173 1295 1232 1349 δὲ
1296 1295 1400 1365 τῆς
1449 1293 1708 1357 ἀϐουλίας
1758 1293 1858 1366 τὴν

276 1391 480 1463 πρᾶξιν
517 1391 621 1443 οὐκ
651 1387 1018 1458 ἑξισχύουσιν,
1048 1390 1098 1440 εί
1135 1387 1210 1458 μὴ
1243 1386 1484 1441 τοιοῦτον
1514 1387 1764 1460 εὑρεθείη
1795 1387 1858 1440 τὸ

274 1481 658 1550 ὑποκείμενον,
699 1478 777 1542 ὡς
820 1476 1073 1548 δέχεσθαι
1121 1476 1209 1530 διὰ
1273 1479 1374 1547 τῆς
1421 1475 1707 1548 μετανοίας
1758 1477 1858 1549 τὴν

278 1575 427 1627 ἴασιν
494 1572 591 1625 καὶ
637 1569 776 1640 πρὸς
841 1569 941 1639 τὴν
999 1568 1282 1640 προτέραν
1353 1568 1696 1624 κατάστασιν
1756 1569 1858 1622 ἔπ-

275 1663 597 1734 ανόρθωσιν.
621 1660 722 1714 Διά
747 1659 911 1714 τοῦτό
937 1659 1072 1730 φησί
1099 1677 1202 1713 που
1225 1659 1287 1713 τὸ
1317 1661 1632 1730 σοφώτατον
1656 1659 1855 1730 λόγιον,

281 1776 301 1808 s
351 1755 535 1808 Δεινὺν
589 1751 974 1822 ὑστεροδουλία
1039 1751 1116 1823 μὴ
1165 1749 1432 1822 δεχομινη
1490 1749 1792 1821 βελτίωσιν.
1831 1769 1851 1803 ι

291 1846 508 1919 ’Δμέλει
539 1844 725 1899 τοίνυν
753 1843 1003 1916 ἀπήγαγε
1018 1859 1034 1875 ο

1957 663 2181 724 puntur,
2238 666 2416 722 neque
2463 650 2824 708 sectatoribus
2853 649 2970 706 suis
3011 647 3384 706 intolerandos
3435 651 3541 705 im-

1958 753 2176 814 portant
2200 745 2514 810 cruciatus,
2542 743 2637 800 sed
2665 742 2828 798 etiam
2879 742 3208 798 immortalis
3244 743 3542 798 intamina-

1959 845 2136 906 neque
2165 835 2434 891 mercedis
2469 847 2526 890 et
2586 844 2974 906 perpetuorum
3026 832 3352 904 gaudiorum
3385 849 3538 905 spem

1961 928 2186 983 faciunt.
2215 926 2352 982 Nam
2398 927 2578 983 caeteri
2626 926 2870 997 quidem,
2907 926 3000 996 qui
3053 925 3157 980 hoc
3201 933 3256 980 et
3285 925 3414 981 illud
3451 927 3539 979 in.

1957 1019 2208 1075 consulte
2233 1027 2424 1090 agunt,
2448 1033 2548 1073 nec
2573 1017 2874 1088 prudentia:
2897 1016 3291 1088 sapientiaeque
3309 1017 3542 1071 consilio

1961 1116 2246 1180 reguntur,
2288 1107 2511 1164 assidue
2556 1105 2860 1172 oﬂ‘endunt,
2900 1107 2952 1160 in
2999 1121 3061 1161 ea
3104 1107 3366 1178 prolapsi,
3421 1125 3544 1179 quae

1959 1199 2078 1255 ﬁeri
2111 1199 2268 1256 nefas
2295 1207 2380 1256 est
2413 1219 2426 1254 :
2459 1214 2526 1254 ac
2555 1199 2876 1270 paenitentia
2907 1199 3128 1270 quidem
3157 1208 3211 1254 et
3231 1201 3544 1270 cognitione

1958 1293 2181 1350 excitati
2211 1287 2649 1366 consilium“
2678 1301 2915 1360 mutant,
2943 1295 3040 1348 sed
3073 1294 3395 1350 temeritatis
3429 1309 3546 1350 sua:

1959 1385 2215 1456 sdpplere
2237 1385 2476 1442 admissa
2507 1399 2616 1440 non
2643 1393 2893 1455 possunt,
2921 1385 3028 1440 nisi
3056 1385 3302 1440 animum
3339 1385 3412 1440 ita
3446 1385 3546 1438 Im-

1959 1477 2126 1532 beant
2153 1483 2428 1547 paratum,
2463 1487 2524 1530 ut
2563 1475 2899 1546 pcenitentia:
2929 1475 3260 1532 medicinam
3302 1492 3411 1530 non
3457 1492 3547 1530 re-

1959 1575 2140 1637 spuat,
2171 1582 2341 1639 seque
2373 1567 2439 1622 ad
2471 1568 2767 1638 pristinum
2799 1576 3002 1624 statum
3039 1568 3426 1624 emendatione
3457 1585 3544 1623 re.

1959 1660 2143 1714 vocari
2197 1661 2457 1731 patiatur.
2518 1661 2642 1726 Quo
2678 1662 2916 1731 pertinet
2963 1660 3094 1716 illud
3149 1661 3544 1740 sapientissimi

1958 1750 2169 1805 oraculi
2198 1751 2403 1806 dictum
2442 1769 2456 1806 :
2496 1770 2514 1804 ι
2552 1751 2690 1806 Mala
2713 1766 2801 1808 res
2833 1752 3174 1821 pmnilentia,
3199 1768 3322 1822 quae
3355 1767 3545 1808 emcn-

1960 1843 2236 1900 dationem
2267 1844 2510 1900 excludit
2543 1844 2676 1915 (77).
2716 1863 2736 1898 ι
2770 1843 2890 1900 Jam
2924 1861 3051 1900 vero
3075 1846 3257 1901 addit:

1834 1955 1989 2029 ειν.
2071 1978 2084 1996 κ

355 2077 465 2134 Καί
507 2073 674 2132 εἶδον
718 2071 968 2145 erasa
997 2070 1130 2127 ἔστι
1172 2072 1493 2140 περίσσεια
1534 2069 1609 2138 τῇ
1666 2072 1854 2140 σοφίᾳ

2029 2069 2188 2130 Vens.
2225 2070 2312 2130 15.
2346 2071 2416 2128 Et
2450 2075 2556 2130 uidi
2613 2091 2732 2146 ego.
2779 2077 2905 2146 quia
2955 2073 3288 2131 abundantia
3343 2079 3419 2132 est
3454 2089 3546 2134 sa-

279 2169 431 2238 ὐπὲρ
478 2167 593 2233 τὴν
636 2164 1014 2235 ἀφροσύνην,
1061 2161 1142 2230 ὡς
1161 2162 1480 2232 περισσεία
1519 2160 1628 2216 τοῦ
1665 2163 1859 2231 φωτὸς

278 2261 432 2329 ὑπὲρ
460 2260 526 2312 τὸ
551 2257 792 2324 σκότος.

352 2349 626 2421 Πρόδηλον
655 2347 731 2412 ὡς
761 2350 829 2419 τῇ
861 2348 1028 2418 σοφίαι⁵
1055 2347 1156 2419 τὴν
1195 2344 1510 2420 ἀφροσύνην
1540 2343 1856 2410 ἀντιτιθεὶς,

278 2443 402 2498 ἀντὶ
416 2440 513 2508 τῆς
526 2439 842 2512 φρονήσεως
857 2437 1036 2509 τίθησι
1050 2437 1148 2510 τὴν
1166 2437 1376 2507 σοφίαν.
1397 2436 1460 2490 Ἡ
1477 2435 1583 2508 γὰρ
1599 2435 1861 2505 φρόνησις

279 2533 600 2606 κυριωτάτη
634 2533 729 2585 καὶ
772 2529 1062 2600 βασίλισσα
1093 2530 1205 2582 τῶν
1249 2527 1428 2584 ἄλλων
1458 2529 1608 2582 ἐστὶν
1647 2527 1860 2598 ἀρετῶν

279 2625 540 2680 ἀπασῶν·
575 2627 644 2694 ἢν
693 2621 802 2678 καῖ
833 2623 1150 2695 περίσσειαν
1206 2621 1407 2692 πολλὴν
1441 2621 1586 2691 ἔχειν
1625 2623 1654 2673 ὁ
1698 2621 1860 2690 σοφὸς

279 2715 488 2785 ἔφησεν
547 2705 1004 2782 Ἐκκλησιαστὴς,
1047 2712 1123 2775 ὼς
1149 2711 1212 2766 τὸ
1247 2712 1364 2780 φῶς
1382 2711 1519 2783 πρὸς
1551 2711 1615 2764 τὸ
1643 2710 1856 2774 σκότος.

291 2807 382 2870 Ὠς
439 2803 548 2874 γὰρ
578 2805 639 2858 ὲν
686 2807 768 2876 τῷ
810 2803 952 2872 φωτὶ
998 2802 1098 2873 τὴν
1134 2802 1318 2874 κρίσιν
1361 2803 1472 2857 τῶν
1512 2802 1859 2874 πραγμάτων

277 2897 534 2968 ἀκριϐῶς
600 2896 968 2968 διακρίνουσιν
1023 2894 1302 2965 ἄνθρωποι
1356 2896 1580 2960 πάντες,
1635 2898 1726 2951 καὶ
1769 2898 1860 2952 τὸν

278 2984 431 3039 λίθον
459 2987 536 3050 ὼς
566 2985 716 3039 λίθον
743 3026 758 3050 ,
789 2985 884 3038 καὶ
907 2983 1000 3038 τὸν
1028 2985 1194 3056 άρτον
1245 2985 1321 3047 ὡς
1369 2985 1534 3057 ἄρτον
1559 2987 1656 3042 νῦν
1689 3005 1858 3059 προσά

279 3078 668 3141 6λέπουσιν,ὲν
699 3077 757 3131 δὲ
777 3077 855 3147 τῷ
885 3076 1066 3130 σκότει
1097 3076 1296 3146 πολλὴν
1325 3077 1629 3148 πάσχουσιν
1655 3078 1861 3144 ἑξαπά-

277 3183 406 3236 την,
433 3166 552 3219 ἀντ’
585 3164 763 3219 ἄλλων
789 3161 926 3218 ἄλλα
961 3163 1177 3236 δέρκειν
1206 3166 1545 3236 νομίζοντες·
1581 3167 1724 3222 οὕτω
1765 3171 1861 3224 καὶ

279 3259 360 3328 τῷ
377 3258 520 3328 φωτὶ
548 3255 646 3327 τῆς
678 3255 873 3324 σοφίας
895 3255 1016 3327 ἦτοι
1046 3257 1362 3328 φρονήσεως
1387 3259 1862 3332 καταυγαζόμενοι

279 3351 376 3404 τὸν
401 3348 529 3403 νοῦν
553 3349 758 3419 ἥκιστα
787 3348 1236 3417 διαμαρτάνομεν
1262 3347 1373 3400 τῶν
1421 3349 1758 3405 ἅνδανόντων
1785 3351 1863 3423 τῷ

1962 2161 2177 2230 piratica
2211 2176 2369 2230 super
2405 2163 2717 2230 stultitiam,
2755 2165 2894 2218 sicut
2925 2165 3257 2220 abundantia
3285 2167 3421 2222 luris
3454 2185 3547 2222 su-

1961 2267 2057 2322 per
2091 2251 2350 2308 tenebras.

2035 2342 2171 2398 Cum
2215 2343 2497 2414 sapientiae.
2538 2354 2780 2416 opponat
2820 2346 3132 2412 stultitiam,
3191 2348 3543 2404 manifestum

1964 2441 2051 2489 est
2081 2434 2427 2510 sapientiam
2494 2435 2564 2490 ab
2609 2452 2676 2492 eo
2722 2437 3027 2507 prudentiae
3075 2439 3198 2494 loco
3269 2443 3543 2510 usurpari.

1967 2507 2206 2578 Maxima
2232 2525 2381 2580 enim
2414 2525 2720 2595 prudentiae
2749 2527 2830 2583 vis
2857 2535 2964 2594 est,
2996 2537 3055 2582 ut
3081 2538 3402 2584 caeterarum
3436 2531 3547 2585 vir-
3597 2533 3604 2540 '

1971 2621 2149 2669 tutum
2179 2617 2427 2670 omnium
2460 2618 2646 2687 regina
2681 2618 2935 2674 videatur
2966 2636 2981 2673 ι
3019 2634 3184 2688 quam
3226 2630 3279 2676 et
3325 2623 3548 2692 sapiens

1969 2705 2327 2764 Ecclesiastes
2357 2709 2522 2780 longe
2553 2710 2708 2780 copia
2743 2723 3003 2781 praestare
3035 2712 3191 2780 dicit,
3233 2729 3341 2768 non
3387 2731 3549 2770 secus

1968 2814 2032 2854 ac
2078 2800 2256 2857 lucem
2311 2818 2424 2872 pra:
2485 2805 2748 2860 tenebris.
2787 2804 3260 2872 Quemadmodum
3309 2811 3455 2864 enim
3493 2812 3547 2864 in

1967 2889 2086 2946 luce
2135 2893 2444 2950 rectissime
2481 2897 2715 2967 quisque
2763 2898 2831 2952 de
2876 2899 3042 2955 rebus
3086 2899 3316 2970 judicat,
3354 2911 3409 2955 et
3453 2903 3547 2972 qni

1971 2985 2108 3056 lapis
2135 2996 2242 3050 est,
2281 2987 2512 3058 lapidem
2559 3005 2686 3046 esse
2735 2991 2901 3054 videt.
2951 2994 3044 3063 qui
3091 2996 3268 3064 panis,
3309 3012 3548 3066 panem,

1970 3077 2025 3131 in
2074 3077 2314 3134 tenebris
2350 3088 2544 3135 contra
2591 3095 2734 3149 saepe
2781 3083 3070 3154 decipitur,
3119 3086 3225 3142 alia
3279 3103 3378 3159 pro
3425 3091 3549 3145 aliis

1969 3167 2074 3224 sibi
2106 3170 2293 3226 videre
2323 3173 2477 3228 visus
2513 3191 2527 3228 :
2566 3173 2641 3228 ita
2688 3183 2742 3228 et
2789 3183 2926 3242 nos;
2967 3178 3058 3232 ubi
3100 3180 3380 3250 sapientiae
3428 3184 3549 3236 sivo.

1971 3259 2274 3327 prudentiae
2312 3259 2408 3314 lux
2459 3261 2626 3316 menti
2675 3262 2962 3328 affulserit,
3008 3265 3234 3322 minime
3263 3266 3319 3322 in
3353 3282 3548 3322 eorunt

1965 3347 2175 3418 judicio
2203 3350 2465 3416 fallimur,
2503 3367 2625 3422 quas
2662 3349 2770 3408 Deo
2807 3355 3043 3422 placent,
3086 3366 3141 3412 et
3188 3358 3347 3414 nobis
3393 3361 3548 3416 utilia

282 3441 404 3512 Θεῷ
429 3440 527 3494 καὶ
550 3439 862 3494 λυσιτελῶν.
893 3441 1064 3493 Ὅταν
1083 3440 1138 3492 δὲ
1159 3440 1257 3510 τῆς
1277 3442 1595 3513 φρονήσεως
1623 3443 1746 3514 ἦτοι
1769 3443 1863 3514 τῆς

1970 3449 2120 3496 sunt.
2151 3441 2222 3495 At
2249 3458 2380 3498 vero
2406 3459 2532 3498 cum
2563 3445 2856 3515 prudentia
2895 3447 3015 3503 sive
3052 3448 3322 3519 sapientia
3364 3467 3396 3507 a
3435 3450 3550 3508 Deo

287 3533 442 3604 παρὰ
490 3530 629 3586 Θεοῦ
678 3530 971 3602 δεδομένης
1016 3533 1209 3600 σοφίας
1255 3535 1660 3606 παραρυῶμεν,
1713 3554 1867 3608 τηνι-

291 3623 469 3675 καῦτα
495 3623 586 3675 τὸν
631 3621 824 3693 λύχνον
887 3623 988 3676 οὐκ
1043 3621 1261 3693 ἔχοντες
1305 3621 1402 3694 τῆς
1453 3625 1618 3696 ζωῆς,
1647 3628 1743 3682 καὶ
1781 3629 1869 3682 διὰ

290 3711 451 3786 τοῦτο
483 3713 556 3784 μὴ
592 3711 962 3783 διακρίνοντες
1000 3713 1108 3766 τῶν
1153 3713 1498 3786 πραγμάτων
1539 3716 1640 3786 τὴν
1679 3717 1867 3786 φύσιν.

285 3781 409 3858 ἀῦτι
435 3781 554 3858 τῶν.
584 3781 942 3876 μαργαριτῶν
969 3805 1064 3858 καὶ
1080 3781 1427 3874 τῶνγτιμίων
1455 3781 1645 3874 λίθων,
1679 3781 1870 3878 δηλον-

283 3897 371 3949 ότι
429 3897 538 3950 τῶν
581 3895 1018 3968 ἀπεικασμένων
1044 3896 1123 3968 τῷ
1148 3897 1332 3952 κάλλει
1369 3897 1479 3951 τῶν
1506 3898 1738 3968 ἀρετῶν,
1769 3900 1869 3971 τὴν

283 3987 502 4058 δυσώδη
531 3988 740 4059 κόπρον
790 3988 1100 4060 αἱρούμεθα
1127 3989 1221 4044 καὶ
1252 3989 1345 4044 τὸν
1391 3989 1734 4060 πατούμενον
1763 3993 1870 4047 ὑπὸ

284 4076 510 4130 πάντων
560 4076 620 4129 ιν
664 4078 785 4140 ταῖς
813 4075 1097 4141 πλατείαις
1142 4076 1334 4150 πηλὸν,
1370 4077 1539 4151 ἡγουν
1559 4077 1660 4150 τὴν
1687 4079 1868 4154 ἀμαρ-

283 4169 432 4224 τίαν.

358 4259 457 4322 Τίς
485 4254 582 4314 οὖν
611 4261 898 4331 ἄνθρωπος
920 4261 1170 4334 εὑρεθείη
1203 4263 1302 4335 τῆς
1335 4263 1592 4337 τοιαύτης
1625 4265 1870 4338 κλήσεως

288 4345 463 4412 ἄξιος,
494 4346 553 4410 ὃς
580 4346 1008 4420 βουλευσάμενος
1029 4353 1295 4424 πρότερον
1309 4353 1402 4407 καὶ
1427 4355 1774 4428 κατειληφὼς
1801 4359 1870 4413 τὰ

285 4435 480 4491 δέοντα
493 4438 589 4492 καὶ
603 4441 971 4513 συμφέροντα,
999 4443 1464 4515 κατακολουθήσει
1477 4447 1544 4517 τῇ
1570 4445 1754 4520 βουλῇ,
1775 4449 1871 4503 καὶ.

289 4526 359 4577 τὰ
379 4524 518 4596 ἔργα
548 4528 744 4598 πράξει
762 4529 862 4600 τῆς
880 4529 1140 4600 ἀληθείας
1155 4533 1363 4604 καὶτῆς
1383 4533 1733 4607 δικαιοσύνης
1756 4555 1770 4601 ;
1798 4540 1872 4594 Τδ

287 4611 424 4664 αὐτὸ
454 4614 514 4666 δὲ
559 4615 719 4670 τοῦτο
764 4623 862 4672 καὶ
885 4618 1047 4691 Ὠσηὲ
1071 4623 1408 4694 δπροφήτης
1433 4626 1575 4679 κατά
1619 4627 1680 4680 τὸ
1716 4629 1871 4696 τέλος
1907 4657 1914 4664 ·

289 4701 387 4769 τῆς
441 4709 781 4777 προφητείας
825 4710 902 4773 ὡς
934 4711 1158 4782 ἀπορῶν
1202 4709 1322 4767 εἷπε
1345 4719 1521 4788 ’,φησι
1549 4719 1679 4790 γὰρ,
1719 4739 1740 4772 ε
1771 4721 1865 4787 Τίς

291 4793 457 4860 σοφὸς
487 4797 582 4848 καὶ
615 4800 838 4868 συνήσει
862 4799 1070 4866 ταῦτα;
1091 4802 1126 4872 ἢ
1148 4804 1372 4868 συνετὸς
1388 4807 1481 4860 καὶ
1502 4810 1868 4878 ἐπιγνώσεται

287 4882 462 4948 αὑτα;
495 4885 630 4939 διότι
661 4889 868 4944 εὐθεῖαι
912 4893 972 4946 ai
1007 4893 1119 4947 ὁδοὶ
1157 4891 1254 4945 τοῦ
1289 4897 1511 4968 Κυρίου,
1549 4902 1643 4954 καὶ
1671 4901 1868 4957 δίκαιοι

288 4977 649 5047 πορεύσονται
693 4985 752 5036 ὲν
784 4985 980 5050 αὐταῖς
1001 5002 1015 5019 ·
1047 4991 1096 5042 oi
1135 4991 1194 5045 δὲ
1229 4991 1446 5056 ἀσεϐεῖς
1477 4993 1870 5064 ἀσθενήσουσιν

285 5070 346 5120 ὲν
368 5069 582 5135 αὐταῖς.
607 5092 625 5124 ι
646 5076 942 5146 Προδήλων
955 5079 1066 5152 γάρ
1085 5082 1179 5135 καὶ
1199 5085 1492 5154 προφανῶν
1512 5085 1870 5156 ὑπαρχόντων

283 5157 395 5212 τῶν
443 5165 726 5218 σωστικῶν
773 5169 1226 5242 ἐπιτηδευμάτων
1253 5177 1348 5229 καὶ
1405 5176 1546 5229 κατὰ
1587 5177 1746 5244 λόγον
1776 5178 1870 5232 καὶ

281 5251 428 5302 κατᾶ
447 5254 667 5322 πρᾶξιν,
700 5257 776 5321 ὡς
813 5259 1052 5330 ἔμπαλιν
1093 5265 1203 5319 τῶν
1235 5266 1374 5336 πρὸς
1428 5267 1708 5324 ἀπώλειαν
1740 5287 1866 5325 συν-

279 5338 571 5398 ωθούντων
620 5347 722 5417 τῆς
750 5352 1116 5424 ματαιότητος
1135 5358 1570 5428 σπουδασμάτων
1600 5377 1613 5391 °
1633 5363 1868 5432 δρῶντες

279 5433 330 5484 oi
351 5434 634 5500 φιλόκαλοι
665 5445 760 5494 καὶ
779 5444 1052 5511 θεοσεϐεῖς
1070 5448 1163 5526 τὸν
1196 5451 1364 5506 πολὺν
1390 5454 1679 5526 ἄνθρωπον
1693 5474 1864 5510 κατα-

279 5527 590 5595 φρονοῦντα
642 5533 742 5601 μὲν
782 5536 893 5588 τῶν
933 5518 1291 5610 κρειττόνων,
1341 5545 1773 5618 άνθαιρούμενον
1810 5550 1867 5603 δὲ

353 5701 796 5794 βψς-1ης
831 5721 1098 5794 sententia
1147 5723 1430 5794 desumpta
1473 5727 1562 5792 sit,
1615 5729 1860 5785 invenire

428 5780 896 5873 pot-u‘iiii‘anslam
916 5792 1155 5873 quidem
1181 5780 1489 5873 Gregorius
1509 5780 1680 5873 s:;_('ris

282 5845 408 5904 bilis
445 5849 756 5918 signiﬁcare
792 5845 1022 5922 vidrtdr,
1063 5863 1156 5916 sed
1196 5845 1246 5916 in
1266 5845 1858 5938 €313.55:Sr'iiniéquEc

1969 3531 2170 3588 tradita
2199 3535 2530 3602 excidimus,
2561 3530 2720 3608 quasi
2756 3540 2879 3595 vita:
2904 3541 3106 3598 amissa
3139 3541 3280 3611 fare,
3313 3544 3427 3614 jam
3457 3561 3547 3600 re-

1970 3640 2094 3680 rum
2130 3637 2384 3682 naturam
2437 3630 2666 3686 minime
2713 3631 3130 3704 dignoscimus,
3183 3646 3238 3692 et
3286 3647 3548 3710 tanquam

1969 3719 2270 3788 margarita
2315 3728 2482 3790 atque
2523 3736 2810 3790 gemmas,
2873 3742 2995 3794 quae
3037 3744 3232 3798 nempe
3281 3732 3548 3786 virtutum

1974 3807 2441 3878 pulchritudinem
2475 3810 2742 3878 referunt,
2772 3819 3177 3891 graveolentem
3216 3822 3428 3884 iinmm,
3461 3835 3548 3876 at-

1971 3911 2079 3968 que
2103 3898 2352 3954 omnium
2389 3900 2622 3970 pedibus
2653 3903 2843 3959 tritum
2873 3921 2970 3976 per
3000 3909 3116 3962 rias
3149 3924 3390 3975 omnum,
3425 3928 3550 3982 pec-

1971 3998 2153 4046 catum
2185 3991 2399 4048 scilicet
2437 3993 2712 4066 eligimus.

2044 4261 2248 4334 Ecquis
2284 4261 2455 4336 igitur
2501 4264 2668 4320 homo
2714 4266 3024 4324 invenietur
3053 4269 3156 4325 hac
3187 4271 3554 4342 appellatione

1974 4353 2198 4424 dignus,
2232 4356 2328 4426 qui
2361 4365 2608 4427 tempore
2635 4358 2738 4412 sibi
2775 4360 2840 4412 ad
2866 4360 3282 4416 deliberandum
3313 4375 3551 4432 smnpm,

1976 4446 2156 4517 iisque
2201 4448 2509 4517 perpensis,
2562 4442 2687 4519 qua:
2733 4451 2982 4515 deceant,
3034 4469 3266 4524 quisque
3315 4459 3530 4525 prosint

1973 4539 2270 4594 consilium
2311 4549 2596 4609 sequatur,
2625 4548 2680 4596 et
2707 4558 2832 4612 quae
2858 4559 2983 4598 vera
3026 4554 3080 4600 et
3127 4545 3276 4615 jnsta
3317 4559 3466 4610 sunt,
3500 4553 3552 4601 in

1976 4627 2046 4684 iis
2075 4644 2133 4685 se
2157 4636 2454 4686 exerceat?
2485 4631 2600 4688 Hoc
2634 4647 2764 4688 vero
2796 4634 2940 4690 idem
2975 4646 3030 4691 et
3077 4636 3249 4691 Oseas
3290 4643 3551 4708 prophetat

1976 4720 2033 4774 in
2073 4722 2320 4779 vaticinii
2349 4723 2436 4778 sui
2467 4723 2574 4780 (ine
2601 4726 2749 4780 velut
2773 4728 2941 4781 animi
2971 4731 3216 4798 pendens
3244 4737 3508 4801 expressit
3539 4751 3554 4798 ;

1973 4814 2050 4868 ait
2079 4814 2228 4870 enim
2256 4832 2272 4869 :
2305 4834 2325 4868 ι
2361 4816 2497 4884 Quis
2542 4820 2763 4888 sapiens
2795 4829 2851 4874 et
2885 4819 3144 4892 intelliget
3188 4825 3292 4876 ea?
3339 4837 3433 4879 ant
3467 4828 3550 4880 i-n~

1972 4906 2225 4978 telligens
2253 4915 2310 4962 et
2335 4920 2634 4980 cognoscet
2666 4911 2776 4966 ea?
2813 4920 3099 4982 propterea
3133 4924 3297 4970 rectae
3327 4919 3428 4972 vize
3454 4917 3558 4970 D..-

1975 4999 2137 5064 mini,
2165 5009 2222 5054 et
2243 4999 2381 5069 justi
2409 5001 2771 5057 ambulabunt
2808 5005 2862 5058 in
2891 5005 2973 5059 eis
3005 5023 3018 5059 :
3051 5007 3201 5076 impii
3238 5023 3370 5062 vero
3403 5011 3556 5063 inlir-

1973 5090 2275 5147 mabnntur
2323 5093 2376 5147 in
2429 5093 2564 5164 ipsis
2601 5095 2734 5166 (78).
2769 5115 2788 5148 ο
2824 5096 2962 5151 Cum
3007 5099 3152 5152 enim
3203 5103 3554 5168 perspicuum

1976 5176 2442 5251 manifestumque
2495 5183 2567 5238 sit
2613 5193 2668 5238 et
2711 5199 2778 5239 ex
2823 5185 2987 5242 dictis-
3025 5187 3134 5258 50
3161 5198 3218 5244 et
3247 5206 3314 5246 ex
3354 5189 3554 5254 factzs,

1973 5271 2398 5328 exercitationes
2427 5275 2548 5330 illas
2568 5277 2840 5332 salutares
2863 5295 3005 5345 esse,
3035 5290 3201 5351 atque
3223 5297 3254 5336 e
3274 5296 3556 5337 contrario

1973 5365 2231 5420 vanitatis
2291 5367 2471 5422 studia
2525 5367 2592 5423 ad
2647 5373 2945 5440 perniciem
3000 5377 3368 5444 compellere;
3430 5376 3558 5432 hinc

1977 5458 2268 5534 probitatis
2296 5461 2626 5532 pietatisque
2649 5466 2917 5531 cultores,
2944 5467 3037 5536 qui
3061 5468 3353 5538 plerosque
3380 5470 3558 5524 homi.

1977 5566 2109 5604 nnm
2170 5553 2396 5608 meliora
2448 5558 2760 5628 negligere,
2821 5567 2876 5616 et
2915 5561 3162 5632 pejor-um
3217 5563 3556 5632 ροεεεεεὶουὶ

1967 5736 2449 5810 εκειιιηιζιιιιιίιιιη
2487 5739 2919 5810 vestigiumcst.

1964 5804 2343 5931 Egégziigzascm
2381 5807 2602 5878 x1v,iO;
2630 5804 2694 5865 ξιι
2724 5809 2868 5866 LXX
2908 5814 3108 5872 habent
3149 5818 3232 5874 ὅτι
3281 5833 3380 5890 pro
3415 5817 3528 5875 διότ
