3982 6190
385 213 488 277 8ι9

1491 219 1552 280 S.
1587 221 1969 282 GREGORII
2003 213 2531 283 'AGBIGENTINI

3551 211 3660 283 820'

383 328 664 398 respiciat,
709 343 815 384 non
850 329 1069 396 habeat,
1103 310 1297 402 neque
1334 331 1390 385 in
1423 331 1696 389 honorum
1725 350 1791 391 ac
1821 335 1950 392 divi-

2067 336 2468 407 καθειργμένος
2499 337 2600 406 τῆς
2654 333 2934 404 ἀπιστίας,
2994 333 3095 387 οὐκ
3146 333 3286 404 ἔχων
3343 333 3658 406 ὀφθαλμοὺς

383 420 586 476 tiarum
623 422 805 478 laetitia
836 431 936 478 aut
961 423 1014 477 in
1047 423 1454 493 magniﬁcentia
1483 434 1540 480 et
1566 427 1960 494 dominatione,

381 525 557 579 neque
585 511 640 564 in
676 511 806 573 illis,
836 527 961 580 quae
1004 512 1284 568 contraria
1332 512 1420 569 his
1464 523 1614 579 sunt,
1657 515 1865 571 utiliter
1905 532 1965 572 se
2003 563 2006 566 .

381 603 563 674 gerit:
613 603 725 657 imo
783 601 838 656 in
895 614 1130 675 utraque
1181 604 1503 662 conditione
1566 617 1703 663 aestu
1752 607 1962 676 fertur,

379 693 733 750 obruentium
765 693 1032 750 ﬂuctuum
1067 697 1326 768 procellis
1367 707 1422 754 et
1462 700 1880 770 tempestatibus
1907 701 1962 756 in

379 785 640 858 abyssum
669 795 826 843 actus
864 802 1116 844 errorum
1147 796 1204 844 et
1239 787 1594 859 ﬂagitiorum.
1641 793 1818 861 Atque
1857 793 1961 850 hac

378 877 448 932 de
470 892 638 932 causa
667 879 890 950 sapiens
919 878 1279 936 Ecclesiastes
1305 881 1536 952 subjecit
1562 883 1850 952 protinus:

2066 424 2480 489 ἀποϐλέποντας
2513 424 2649 496 πρὸς
2671 423 2732 488 τρ
2753 423 2847 478 τοῦ
2875 424 3083 494 κόσμου
3131 421 3248 492 φῶς
3272 421 3530 494 ἀληθινὸν
3560 425 3653 478 καὶ

2063 517 2165 588 τῆς
2217 516 2566 587 δικαιοσύνης
2626 515 2717 570 τὸν
2787 514 2960 586 ἥλιον,
3012 512 3140 568 οὒτε
3197 515 3270 568 τά
3325 513 3515 579 ἔνδοξα
3565 516 3654 569 καὶ

2066 606 2342 679 περιχαρῆ
2369 605 2465 660 τοῦ
2516 604 2750 660 πλούτου
2793 605 2890 658 καὶ
2937 603 3038 674 τῆς
3083 603 3358 676 κοσμικῆς
3407 602 3664 676 λαμπρόν

2063 717 2228 770 τητος
2255 698 2351 753 καὶ
2369 697 2856 762 καταδυναστείας,
2904 693 3030 750 οὔτε
3051 694 3125 749 τά
3173 694 3389 759 τούτοις
3435 695 3650 749 ἐναντία

2065 788 2334 860 διατίθησι
2362 789 2754 860 συμφερόντως
2785 803 2800 818 ”
2833 786 2947 841 ἀλλ’
3000 787 3085 857 ἐφ’
3117 785 3403 857 ἑκατέροις
3454 786 3665 856 συμϐά-

2073 897 2205 952 μασι
2248 879 2501 934 κλύδωνα
2543 879 2746 950 πάσχει
2788 878 2885 933 καὶ
2911 877 3074 933 σάλον
3106 880 3203 933 καὶ⁵
3229 880 3533 950 τρικυμίας
3554 880 3648 934 καὶ

379 973 705 1042 καταιγίδας
729 973 832 1038 τάς
855 973 1378 1040 καταϐαπτιζούσας
1438 977 1603 1030 αὐτὸν
1657 979 1754 1032 καὶ
1806 980 2289 1051 παραπεμπούσας
2337 978 2419 1040 είς
2487 974 2588 1046 τὴν
2631 973 2872 1032 ἄϐυσσον
2909 975 3012 1047 τῆς
3078 975 3358 1048 ἁμαρτίας
3423 973 3522 1032 καὶ
3557 993 3649 1030 me

379 1063 773 1135 νηροπραξίας.
843 1065 1064 1138 ’Δμέλει
1101 1065 1278 1124 τοίνυν
1323 1069 1352 1122 ὁ
1411 1069 1576 1143 σοφὸς
1630 1069 2064 1146 Ἐκκλησιαστὴς
2086 1069 2310 1141 ἀμέσως
2337 1067 2587 1138 ἐπήγαγε
2611 1081 2624 1095 ’

1932 1179 1960 1254 5
1995 1179 2082 1236 vr.

451 1287 557 1359 53
601 1287 768 1347 Vens.
799 1292 888 1348 15.
923 1291 992 1348 Et
1030 1297 1248 1365 cognoui
1277 1297 1437 1352 etiam
1459 1313 1574 1369 ego,
1606 1296 1732 1370 quia
1751 1307 1961 1354 eventus

377 1396 516 1434 unus
563 1384 804 1438 omnibus
851 1387 1098 1453 eveniet;
1137 1395 1186 1442 et
1219 1387 1334 1442 dixi
1369 1404 1463 1459 ego
1507 1391 1561 1444 in
1611 1391 1768 1446 corde
1811 1407 1961 1446 meo:

380 1469 532 1532 Sicut
565 1483 775 1528 eventus
805 1475 982 1542 stulti,
1017 1477 1093 1530 ita
1125 1486 1176 1530 et
1223 1477 1356 1531 mihi
1385 1475 1625 1534 eveniet:
1657 1491 1703 1533 et
1735 1493 1791 1533 ut
1832 1479 1961 1549 quid

377 1565 589 1633 sapiens
620 1565 795 1636 [actus
825 1583 943 1620 sum
965 1570 1096 1638 ego?
1117 1578 1239 1622 tunc
1263 1568 1594 1624 abundanter
1615 1571 1822 1625 locutus
1843 1587 1960 1624 sum

375 1655 433 1711 in
469 1655 626 1711 corde
673 1674 818 1725 meo;
857 1663 1112 1728 quoniam
1149 1659 1349 1714 stultus
1391 1676 1458 1714 ea:
1501 1663 1836 1718 abundantia
1876 1663 1960 1718 lo-

377 1749 564 1820 quitur
593 1765 612 1804 :
641 1751 768 1821 quia
799 1751 895 1804 hoc
925 1753 1052 1806 item
1082 1752 1291 1810 vanitas
1325 1753 1461 1828 (83).

446 1923 751 1995 Descriptis
779 1925 1134 1998 deﬂnitlsque
1167 1927 1432 2000 sapientis
1462 1931 1668 1998 oculis,
1705 1942 1762 1988 et
1807 1942 1956 1990 tanta

376 2018 506 2076 huic
555 2021 622 2075 ad
671 2022 948 2092 potiorum
985 2023 1259 2079 delectum
1308 2025 1623 2095 cognitione
1667 2029 1953 2096 attributa,

373 2121 578 2182 quanta
612 2113 750 2169 lucis
779 2128 890 2183 prae
921 2113 1161 2170 tenebris
1187 2117 1503 2186 praestantia
1535 2127 1650 2185 est;
1695 2119 1805 2190 jam
1843 2122 1957 2176 fore

376 2205 646 2274 praevidit,
681 2215 741 2261 ut
768 2207 1101 2277 quaestiones
1129 2208 1483 2264 exorirentur
1505 2213 1953 2282 repugnantium,

373 2295 468 2365 qui
521 2307 797 2364 rogarent,
838 2313 1080 2368 quonam
1121 2299 1288 2354 modo
1332 2299 1450 2355 ﬁeri
1500 2302 1694 2372 possit,
1744 2305 1822 2359 uti
1864 2305 1955 2360 lux

375 2389 574 2442 melior
605 2396 688 2442 est
736 2389 998 2456 tenebris,
1045 2390 1119 2444 ita
1167 2393 1340 2447 stulto
1390 2393 1672 2449 meliorem
1716 2410 1839 2452 esse
1867 2412 1958 2452 sa-

377 2478 615 2548 piuttlem
642 2519 656 2544 ,
697 2488 1028 2536 cumtamen
1051 2482 1146 2552 qui
1185 2483 1356 2538 stulto
1386 2492 1618 2541 eventus
1657 2486 1952 2554 accidunt,

375 2571 539 2629 iidem
559 2571 861 2642 sapientem
899 2573 1064 2628 etiam
1088 2573 1475 2654 intercipiant?
1500 2574 1762 2634 Videmus
1784 2579 1954 2643 enim,

373 2667 837 2734 quea-admodum
875 2667 1126 2742 stultum,
1167 2667 1248 2724 sic
1287 2679 1342 2724 et
1367 2668 1666 2740 sapientem
1694 2686 1956 2727 succum-

372 2755 502 2812 bere
538 2758 746 2813 morbis
772 2767 935 2830 atque
970 2759 1192 2830 inopiae,
1225 2777 1290 2816 ac
1333 2775 1479 2832 sape
1510 2762 1595 2818 vel
1627 2764 1956 2820 necessariis

369 2863 582 2916 carere,
616 2861 670 2904 et
695 2849 765 2904 ab
806 2850 1086 2908 extraneis
1127 2852 1376 2922 spoliari,
1424 2862 1480 2910 et
1515 2864 1741 2912 caeteras
1787 2856 1954 2928 hujus

371 2943 500 2996 vitae
537 2941 943 2998 vicissitudines
983 2943 1191 3002 subire.
1233 2943 1437 3011 Quidni
1477 2947 1646 3018 igitur
1675 2964 1818 3020 quos
1847 2966 1954 3007 ea:-

2132 1295 2240 1350 Kal
2275 1293 2470 1366 ἔγνων
2492 1293 2594 1350 καί
2628 1311 2694 1366 γε
2723 1291 2860 1362 ἐγὼ,
2903 1293 2993 1347 ὅτι
3017 1289 3089 1347 ἓν
3133 1289 3494 1360 συνάντημα
3525 1289 3650 1358 τοῖς

2060 1385 2252 1443 πᾶσιν
2282 1385 2621 1455 ἀνθρώποις
2663 1383 3118 1450 συναντήσεται
3146 1399 3163 1415 ο
3197 1382 3298 1436 καί
3325 1379 3505 1436 εἷπον
3532 1379 3649 1450 ἐγὼ

2055 1477 2127 1532 ἐν
2147 1476 2358 1544 καρδίᾳ
2392 1491 2536 1546 μου·
2576 1476 2672 1543 Ὧς
2697 1474 3061 1542 συνὰντηιια
3102 1473 3210 1529 τοῦ
3257 1473 3523 1544 ἄφρονος
3547 1474 3648 1528 καί

2054 1585 2125 1638 τε
2170 1569 2300 1638 ἐμοὶ
2360 1569 2810 1633 συναντήσεται
2841 1586 2855 1600 ο
2899 1569 2996 1621 καὶ
3033 1559 3136 1620 ἵνα
3167 1565 3226 1620 τι
3259 1566 3648 1635 ἐσοφισόμην

1990 1699 2032 1753 Β
2059 1661 2176 1731 ἐγώ
2201 1679 2220 1728 ;
2249 1661 2383 1715 τότε
2427 1660 2728 1729 περισσὸν
2767 1658 3054 1726 ἐλάλησα
3097 1659 3169 1712 ἐν
3217 1657 3435 1753 καρδία
3483 1676 3603 1728 μου
3628 1675 3643 1691 ·

2059 1751 2210 1807 διότι
2233 1745 2456 1822 ’ἄφρων
2484 1753 2554 1806 ἐκ
2587 1751 3072 1822 περισσεύματορ
3125 1749 3339 1806 λαλεῖο
3396 1749 3485 1804 ὅτι
3543 1752 3649 1806 καί

2058 1860 2126 1913 τε
2157 1843 2337 1898 τοῦτο
2365 1843 2714 1914 ματαιότης.

2125 1933 2578 2005 Καθυπογράψας
2617 1935 2712 1988 καὶ
2741 1933 3119 2004 διορισάμενος
3167 1934 3297 1998 τοὺς
3333 1933 3647 2005 ὀφθαλμοὺς
3713 2006 3720 2012 ,

2055 2025 2151 2082 τοῦ
2185 2026 2373 2096 σοφοῦ,
2401 2028 2496 2082 καὶ
2527 2025 2800 2097 τοσαύτην
2830 2025 2982 2097 αύτῷ
3006 2026 3106 2098 τὴν
3133 2027 3274 2098 πρὸς
3299 2027 3360 2081 τὸ
3392 2031 3647 2098 κρεῖττον

2057 2119 2326 2191 ὑπόληψιν
2347 2119 2602 2185 ἀποδοὺς,
2639 2120 2774 2191 ὅσην
2803 2119 2918 2190 ἔχει
2951 2119 3093 2190 πρὸς
3127 2119 3191 2173 τὸ
3211 2119 3404 2183 σκότος
3423 2120 3484 2173 τὸ
3503 2119 3645 2188 φῶς,

2056 2207 2177 2266 εἶτα
2225 2209 2688 2282 προῠπειδόμενος
2735 2209 3237 2280 ἀνακαλυπτούσας
3288 2211 3646 2282 ἀντιρρήσεις

2055 2300 2166 2355 τῶν
2194 2301 2370 2370 λόγων
2415 2297 2517 2354 καὶ
2552 2300 2869 2372 μαχομένας
2900 2300 2998 2355 καὶ
3029 2299 3320 2368 λεγούσας,
3377 2300 3502 2364 Πῶς
3528 2298 3645 2354 οἷόν

2055 2393 2116 2448 τέ
2156 2395 2324 2458 ἐστιν,
2359 2391 2554 2464 ὥσπερ
2582 2393 2701 2445 ἐστὶ
2743 2391 2955 2464 βέλτιον
2988 2391 3084 2445 τοῦ
3135 2391 3362 2456 σκότους
3408 2392 3470 2446 τδ
3503 2393 3643 2462 φῶς,

2056 2483 2232 2547 οὕτως
2261 2480 2404 2539 εἶναι
2433 2483 2722 2557 κρείττονα
2753 2483 2848 2536 καὶ⁸
2883 2481 2980 2536 τοῦ
3009 2483 3242 2553 ἄφρονος
3300 2482 3396 2536 τόν
3454 2485 3640 2553 σοφὴν,

2056 2574 2145 2630 ἐπ’
2210 2573 2276 2629 ἂν
2333 2575 2392 2628 αἱ
2450 2569 2866 2645 συμπίπτουσαι
2932 2574 3238 2646 συμϐάσεις
3307 2573 3388 2645 τῷ
3446 2575 3640 2645 ἄφρονι

2058 2669 2153 2723 καὶ
2216 2666 2311 2720 τοῦ
2374 2665 2541 2736 σοφοῦ
2595 2661 2980 2737 διέιλήφασιν;
3032 2665 3352 2736 εὑρίσκεται
3405 2666 3516 2736 γὰρ
3564 2667 3640 2731 ὡς

2057 2759 2271 2831 ἄφρων,
2331 2757 2472 2812 οὕτω
2525 2757 2620 2811 καὶ
2668 2757 2698 2809 ό
2737 2757 2900 2827 σοφὸς
2928 2757 3340 2828 κεκρατημένος
3371 2760 3430 2811 ἐν
3464 2759 3637 2822 νόσοις

2001 2843 2008 2850 ’
2055 2851 2152 2904 καὶ
2191 2848 2405 2908 πενίαις
2435 2847 2535 2902 καὶ
2562 2847 3001 2918 καθυστερήσεσι
3027 2847 3138 2902 τῶν
3168 2847 3489 2918 ἀναγκαίων
3509 2849 3636 2902 πολ-

2055 2941 2213 3004 λάκις
2243 2940 2340 2993 καὶ
2367 2941 2490 3004 ταῖς
2525 2939 2584 3004 ἐξ
2633 2938 2952 3008 ἀλλοφύλων
2993 2938 3324 3010 ἀπαγωγαῖς
3371 2942 3468 2995 καὶ
3515 2947 3634 3006 ταῖς

369 3033 496 3086 dem
549 3032 602 3086 in
659 3032 772 3087 vita
831 3035 1214 3105 aggressiones
1271 3047 1568 3106 premunt,
1639 3041 1950 3114 eaedemque

2055 3031 2245 3094 ἄλλαις
2293 3027 2635 3100 ἀνωμαλίαις
2680 3028 2782 3100 τῆς
2833 3027 3117 3101 παρούσης
3157 3029 3328 3100 ζωῆς.
3393 3031 3515 3094 Πῶς
3542 3029 3634 3087 οὖν

372 3127 532 3196 plane
585 3141 847 3182 aerumnae
900 3141 966 3183 ac
1017 3127 1378 3185 necessitates
1435 3131 1680 3203 undique
1735 3145 1951 3206 urgent,

368 3216 561 3272 eodem
597 3233 696 3275 eos
727 3233 959 3275 numero
995 3219 1258 3288 habuisti,
1310 3236 1412 3278 nec
1441 3222 1510 3279 de
1539 3223 1626 3279 bis
1659 3241 1784 3280 cum
1823 3243 1953 3299 age-

368 3327 483 3373 res,
516 3325 706 3381 parem
750 3313 971 3384 utrique
1013 3313 1233 3370 laudem
1269 3326 1366 3370 aut
1393 3315 1854 3386 vituperationem
1891 3336 1952 3378 es

368 3402 729 3472 impar-titus?
775 3401 892 3460 lmo
936 3419 1102 3471 vero,
1159 3415 1426 3476 quantum
1481 3424 1666 3466 rerum
1711 3413 1952 3470 maxime

367 3493 514 3547 inter
543 3508 602 3549 se
631 3494 1020 3565 pugnantium,
1065 3496 1206 3554 lucis
1249 3500 1461 3556 scilicet
1501 3515 1566 3557 ac
1599 3505 1948 3563 tenebrarum

364 3594 473 3648 est,
511 3591 722 3640 tantum
747 3587 1013 3656 sapientis
1038 3597 1093 3644 et
1121 3591 1278 3646 stulti
1311 3591 1608 3650 discrimen
1639 3611 1764 3653 esse
1785 3597 1947 3655 dictio

367 3677 530 3731 Iusti?
555 3675 692 3732 Nam
727 3679 918 3735 eadem
950 3689 1098 3736 certe
1131 3682 1352 3754 utrique
1375 3686 1705 3759 contingunt
1735 3705 1748 3741 :
1783 3697 1949 3760 atque

363 3767 505 3822 aleo
543 3784 655 3840 quo
683 3779 846 3840 pacto
879 3772 1254 3842 demonstras,
1291 3776 1578 3847 sapientis,
1611 3795 1736 3836 cum
1777 3783 1947 3840 stulto

365 3870 744 3932 comparatur,
800 3863 858 3918 in
921 3880 1107 3921 rerum
1167 3869 1458 3925 meliorum
1515 3875 1947 3945 praesumptione

239 4010 248 4027 ο
361 3953 610 4008 eamdem
648 3969 774 4012 csse
813 3959 1212 4028 praestantiam,
1249 3967 1416 4032 atque
1442 3977 1586 4029 eam,
1618 3979 1785 4036 quam
1835 3983 1946 4039 prae

361 4044 606 4100 tem-bris
640 4045 694 4100 in
726 4045 851 4106 luce
875 4063 997 4104 esse
1023 4050 1302 4106 statuisti?
1333 4049 1444 4108 llac
1481 4053 1652 4122 igitur
1681 4055 1750 4110 de
1776 4071 1944 4114 causa

361 4138 584 4206 sapiens
640 4137 1045 4208 Ecclesiastes,
1106 4151 1370 4212 tanquam
1427 4146 1946 4214 providentissimus

359 4231 568 4300 aliquis
599 4233 869 4296 medicus,
910 4233 1228 4298 antevertit,
1260 4246 1316 4289 et
1347 4236 1452 4303 his,
1489 4238 1582 4308 qui
1614 4239 1777 4308 aegris
1816 4251 1947 4298 sunt

360 4323 641 4386 sensibus,
663 4331 718 4378 et
743 4323 1080 4393 cogitatione
1103 4324 1400 4394 verbisque
1425 4327 1793 4396 impudentius
1819 4330 1945 4386 etle-

2053 3123 2182 3186 τοὺς
2232 3122 2347 3184 τοῖς
2387 3120 2572 3184 αὐτοῖς
2625 3119 2900 3191 βιωτικοῖς
2951 3121 3332 3191 πειρατηρίοις
3379 3138 3634 3194 κατισχη-

2059 3213 2280 3284 μένους,
2332 3212 2430 3266 καὶ
2479 3213 2602 3274 ταῖς
2641 3209 2788 3276 ίσαις
2812 3211 2908 3265 καὶ
2931 3211 3055 3274 ταῖς
3081 3211 3275 3274 αὐταῖς
3301 3211 3515 3282 θλίψεσι
3540 3215 3632 3267 καὶ

2053 3305 2469 3383 περισταηικαῖς
2500 3303 2772 3371 ἀνάγκαις
2803 3301 3220 3372 συνεχομένους,
3247 3303 3371 3374 οὐχὶ
3404 3307 3498 3359 καὶ
3520 3307 3632 3370 ταῖς

2051 3396 2248 3458 αὑταῖς
2267 3392 2572 3465 ὑπολήψεσι
2601 3391 3002 3456 καθυπέϐαλες,
3050 3392 3148 3445 καὶ
3183 3391 3284 3462 τῆς
3318 3393 3442 3463 ίσης
3472 3395 3634 3464 εὐφη-

2055 3486 2240 3558 μίαςῆ
2280 3485 2596 3555 δυσφημίας
2619 3485 2733 3547 τοῖς
2775 3483 2956 3553 λόγοις
2979 3482 3220 3555 διωρίσω
3273 3487 3374 3538 καὶ
3426 3485 3631 3539 καθυπ-

2049 3577 2316 3650 έγραψας,
2345 3576 2462 3630 ἀλλ’
2485 3576 2562 3640 ὡς
2603 3575 2712 3628 τῶν
2745 3575 2931 3647 ἄκρων
2977 3575 3260 3642 ἐναντίων,
3312 3575 3410 3630 τοῦ
3463 3577 3632 3647 φωτὸς

2049 3667 2252 3740 δηλαδὴ
2282 3664 2492 3722 καὶτοῦ
2525 3665 2776 3731 σκότους,
2801 3663 2946 3719 οὕτω
2975 3665 3186 3720 καὶτοῦ
3209 3666 3387 3738 ,σοφοῦ
3417 3667 3512 3721 καὶ⁵
3541 3667 3630 3722 τοῦ

2049 3758 2284 3831 ἄφρονος
2339 3756 2714 3832 κατήγγειλας
2754 3756 2855 3828 τὴν
2903 3757 3210 3830 διαφοράν;
3257 3759 3369 3812 Καὶ
3419 3758 3527 3830 μὴν
3565 3757 3631 3812 τὰ

2047 3851 2189 3907 αύτά
2217 3849 2507 3922 συμϐαίνει
2531 3851 2648 3914 τοῖς
2679 3847 3041 3920 ἀμφοτέροις.
3088 3847 3152 3904 El
3185 3849 3244 3904 δὲ
3287 3849 3468 3916 τοῦτο,
3521 3851 3636 3916 πῶς

2047 3943 2318 4016 ἀπεφήνω
2349 3923 2620 4012 τοσαύτην
2650 3941 2925 4012 ὑπεροχὴν
2959 3935 3100 3996 εἶναι
3135 3941 3272 4015 πρὸς
3303 3941 3397 3997 τὸν
3425 3941 3630 4016 ἄφρονα

2045 4037 2146 4092 τού
2188 4035 2355 4104 σοφοῦ
2405 4033 2550 4088 κατά
2572 4032 2674 4098 τάς
2710 4031 3010 4104 ὑπολήψεις
3031 4033 3132 4098 τὰς
3171 4033 3478 4106 κρείττους,
3502 4035 3631 4104 ὅσην

2045 4125 2354 4195 ὑπείληφας
2385 4124 2480 4179 τοῦ
2515 4124 2692 4194 φωτὸς
2739 4123 2878 4195 πρὸς
2927 4123 2990 4177 τὸ
3031 4125 3268 4190 σκότος;
3329 4125 3432 4179 Διά
3479 4125 3632 4180 τοῦτο

2046 4217 2228 4271 τοίνυν
2280 4209 2394 4272 οἷόν
2421 4233 2508 4280 τις
2553 4215 3006 4288 προμηθέστατος
3042 4215 3226 4286 ἰατρὸς
3251 4218 3280 4270 ό
3307 4216 3470 4286 σοφὸς
3514 4217 3632 4270 Ἐκ-

2046 4307 2384 4378 κλησιαστὴς
2419 4305 2719 4378 προφθάνει
2767 4305 2864 4358 καὶ
2925 4304 3110 4360 δίδωσι
3162 4306 3264 4370 τὴν
3310 4306 3630 4370 ἀλεξίκακον

359 4421 584 4478 runtur,
614 4413 835 4470 salubre
866 4415 1122 4485 propinat
1145 4416 1444 4488 poculum;
1483 4418 1560 4472 ait
1589 4419 1734 4473 enim
1768 4438 1782 4476 :
1818 4441 1836 4472 ι
1875 4421 1942 4476 Et

2054 4400 2248 4454 κύλικα
2293 4401 2409 4462 τοῖς
2458 4398 2528 4452 τά
2579 4399 2679 4470 τῆς
2732 4396 2912 4468 ψυχῆς
2967 4397 3305 4469 αἰσθητήρια
3338 4399 3626 4469 πάσχουσι.

359 4503 588 4574 cegnovi
646 4504 835 4572 etiam,
887 4507 1016 4576 quia
1066 4516 1298 4565 eventus
1345 4525 1489 4565 unus
1544 4509 1630 4565 his
1684 4513 1942 4569 omnibus

357 4597 610 4661 eveniet;
641 4606 696 4652 et
723 4597 834 4652 dixi
866 4596 922 4652 in
951 4596 1116 4653 corde
1137 4612 1296 4654 meo:
1330 4597 1484 4654 Sicut
1507 4607 1738 4655 eventus
1765 4601 1938 4666 stulti,

360 4692 435 4744 ita
465 4699 520 4744 et
547 4690 680 4744 mihi
711 4690 928 4748 eveniet
955 4708 968 4744 :
999 4700 1054 4746 et
1094 4699 1154 4746 ut
1190 4691 1324 4762 quid
1355 4691 1576 4762 sapiens
1608 4693 1788 4748 factus
1817 4709 1941 4750 sum

357 4782 499 4851 ego?
528 4801 548 4832 ι
574 4781 786 4850 Quibus
812 4783 991 4840 verbis
1019 4783 1074 4840 in
1095 4799 1156 4840 se
1185 4783 1304 4853 ipso
1336 4783 1628 4854 plerosque
1655 4784 1938 4841 hominum

356 4872 642 4938 describit,
693 4874 785 4944 qui
827 4875 1054 4932 minime
1094 4874 1204 4950 54
1240 4891 1366 4946 quae
1408 4877 1674 4948 sapientis
1707 4893 1940 4950 qumque

357 4963 514 5021 stulti
539 4965 708 5018 verba
741 4973 797 5019 et
830 4965 972 5020 facta
1009 4966 1142 5031 sint,
1182 4967 1556 5041 distinguunt,
1586 4979 1642 5026 et
1671 4972 1738 5027 de
1779 4982 1935 5027 utro-

353 5071 464 5126 que
497 5071 564 5112 ex
605 5056 675 5112 iis
701 5065 916 5112 tantum
953 5058 1224 5129 judicent,
1248 5077 1372 5133 quae
1399 5064 1748 5122 enrinsecus
1775 5064 1938 5125 nobis

354 5158 408 5203 et
445 5157 642 5218 praeter
670 5149 1006 5208 voluntatem
1042 5153 1390 5225 contingunt.

426 5441 539 5516 (83)
571 5441 770 5499 Verum
819 5460 883 5500 ex
922 5445 1006 5499 his
1037 5445 1303 5514 'qumdam
1344 5447 1489 5516 apud
1541 5445 1685 5502 LXX
1737 5449 1932 5507 ordine

353 5513 590 5588 variant,
619 5520 866 5588 quaedam
893 5513 1130 5588 desunt:
1155 5517 1236 5588 sic
1265 5513 1412 5588 enim
1445 5515 1676 5588 Vulgata
1723 5535 1782 5574 se
1830 5521 1930 5574 ha-

357 5583 486 5658 bent
517 5603 530 5639 :
560 5587 669 5639 Kal
689 5585 862 5654 ἔγνων
892 5586 986 5639 καί
1023 5602 1087 5654 γε
1109 5585 1240 5655 ἐγὼ,
1259 5586 1342 5639 ὅτι
1383 5583 1697 5658 συνάνξημα
1719 5589 1930 5658 ἓνλσυν-

361 5653 653 5726 αντὴσεται
717 5653 830 5720 τοῖς
888 5653 1055 5710 πᾶσιν
1113 5653 1316 5719 αὐτοῖς.
1377 5658 1485 5711 Καὶ
1538 5653 1668 5709 εἶξα
1711 5656 1822 5726 ἐγὼ
1870 5662 1928 5712 ὲν

361 5725 560 5788 καρόὲᾳ
595 5743 716 5793 μου·
738 5727 794 5778 Ὠ
808 5747 822 5789 ,'
858 5727 1173 5797 συνάνςημα
1198 5727 1291 5782 τοῦ
1321 5729 1553 5797 ἄφρονος
1581 5728 1674 5782 καί
1801 5733 1924 5797 ἐμοὶ

2047 4492 2144 4546 καὶ
2170 4491 2646 4562 διενθυμουμένοις
2701 4489 2795 4542 καὶ
2839 4489 3161 4558 φάσκουσιν,
3192 4488 3228 4543 ἄ
3254 4489 3331 4560 μὴ
3363 4493 3627 4562 προσῆκε.

2045 4584 2184 4654 Φησὶ
2217 4583 2330 4652 γάρ
2361 4598 2377 4614 ο
2413 4599 2432 4632 ι
2467 4581 2578 4636 Καὶ
2613 4579 2786 4649 ἔγνων
2811 4579 2904 4632 καί
2962 4596 3027 4648 γε
3078 4580 3161 4634 ὃτι
3204 4583 3522 4651 συνάντημα
3573 4582 3630 4635 ἐν

2046 4678 2160 4738 τοῖς
2215 4677 2382 4730 πᾶσιν
2444 4674 2630 4737 αὐτοῖς
2689 4673 3086 4744 συναντήσεται
3117 4689 3132 4704 ·
3204 4675 3302 4727 καὶ
3361 4671 3514 4728 εἷπον
3570 4678 3630 4728 ἐν

2047 4769 2250 4842 καρδία
2286 4785 2412 4840 μου,
2447 4768 2535 4831 Ὧς
2563 4767 2799 4838 συνάντη
2810 4783 2886 4838 μα
2907 4765 3002 4820 τοῦ
3034 4767 3274 4840 ἄφρονος
3303 4768 3396 4822 καί
3417 4785 3480 4838 γε
3505 4771 3632 4840 ἐμοὶ

2047 4861 2444 4933 συναντήσεται
2465 4875 2485 4892 ο
2508 4860 2604 4914 καὶ
2628 4859 2715 4913 ἵνα
2761 4857 2814 4912 τί
2871 4859 3218 4930 ὲσοφισάμην
3267 4859 3380 4928 ἐγώ
3407 4877 3422 4926 ;
3454 4880 3474 4914 ι
3537 4861 3633 4914 τὸν

2045 4953 2216 5008 πολὺν
2270 4951 2560 5024 ἄνθρωπον
2613 4951 2674 5004 ὲν
2715 4949 2894 5021 ἑαυτῷ
2957 4949 3428 5022 καθυπογράφων,
3491 4953 3630 5023 μήτε

2048 5045 2156 5117 μὴν
2181 5043 2561 5099 διαστέλλοντα
2583 5043 2757 5107 ποίοις
2796 5042 2826 5096 ὁ
2850 5041 3016 5112 σοφὸς
3044 5043 3140 5096 καὶ
3181 5043 3354 5106 ποίοις
3381 5044 3411 5096 ὁ
3439 5045 3632 5114 ἄξρων

2045 5135 2520 5208 χαρακτηρίζεται
2544 5135 2725 5202 λόγοις
2753 5135 2848 5188 καὶ
2875 5133 3082 5206 ἔργοις,
3118 5133 3208 5189 ἴνα
3231 5134 3296 5206 δὴ
3323 5137 3422 5190 καὶ
3447 5135 3630 5206 μόνοις

2041 5226 2154 5286 τοῖς
2181 5223 2420 5293 ἐφ’ήμῖν
2441 5228 2534 5276 καὶ
2562 5227 2668 5288 τοῖς
2727 5223 2878 5295 παρά
2941 5223 3264 5296 προαίρεσιν
3305 5225 3629 5296 συμϐάμασι

2042 5315 2138 5369 καὶ
2179 5314 2600 5386 συμπτώμασιν.

2041 5457 2436 5526 συναντήσεταί
2473 5474 2586 5528 μοι,
2616 5458 2712 5512 καὶ
2745 5457 2832 5511 ἵνα
2861 5457 2912 5511 τί
2939 5457 3283 5528 ἑσοφισάμην
3323 5456 3470 5526 syth;
3525 5459 3632 5514 Πε-

2043 5528 2230 5597 ρισσὺν
2259 5527 2499 5598 ἐλάλησα
2551 5529 2610 5580 ὲν
2658 5527 2860 5598 καρδίᾳ
2912 5544 3036 5598 μου,
3065 5529 3150 5581 ὅτι
3180 5527 3304 5598 καί
3351 5544 3417 5596 γε
3467 5529 3630 5584 τοῦτο

2037 5597 2362 5718 parad-:75,
2413 5597 2554 5652 διότι
2599 5600 2628 5652 ό
2673 5597 2864 5669 ἄφρων
2915 5597 2979 5652 ὲκ
3026 5597 3473 5670 περισσεύματος
3525 5601 3630 5654 λα-

2058 5685 2138 5718 .;ι.

2058 5685 2138 5722 .;ι.
