3982 6190
251 183 359 246 829
1357 191 1438 250 IN
1481 193 1835 256 ECCLESIA

1943 200 2066 260 EN.
2101 202 2338 292 nua.
2377 201 2464 262 II.
3425 206 3536 273 830

319 297 433 351 Καὶ
472 297 631 352 τοῦτο
659 298 766 370 γάρ
800 301 1100 372 ματαιότης
1151 307 1328 356 ἐστῗν·
1361 307 1468 360 είτε
1501 310 1610 377 γάρ
1646 311 1835 382 ἄφρων

2012 317 2121 387 59
2152 316 2420 372 Nimirum
2454 319 2636 389 ethoc
2663 317 2881 376 vanitas
2908 329 2994 376 cst
3027 339 3040 375 :
3073 319 3190 376 sive
3221 321 3367 376 enim
3399 327 3540 380 stul-

245 389 419 450 ἐστὶν,
453 389 566 442 εἴτε
595 388 747 442 δοκεί
777 391 939 461 σοφὸς
971 393 1236 463 ὑπάρχειν
1263 395 1292 446 ὀ
1324 396 1414 449 τὸν
1451 399 1680 454 πλοῦτον
1702 419 1838 456 κατ-

249 479 394 550 έχων
451 482 548 535 καὶ
585 481 661 552 μὴ
718 483 992 554 διανέμων
1035 488 1150 550 τοῖς
1195 487 1508 558 δεομένοις,
1561 491 1701 547 ἀλλὰ
1747 511 1844 546 τα-

250 573 583 644 μιευόμενος
631 574 796 630 αὑτὸν
854 577 965 640 τοῖς
1007 577 1223 647 ἐχθροῖς
1269 580 1364 632 καὶ
1405 584 1520 645 τοῖς
1565 583 1840 653 μισοῦσιν,

245 663 324 726 ὡς
381 663 646 728 πολλάκις
685 665 1056 737 συμϐέϐηκεν,
1090 666 1284 740 ἀφρων
1315 669 1548 746 εὕρηται
1599 673 1678 744 τῷ
1723 675 1844 729 δντι

246 757 348 811 καὶ
381 756 631 828 μάταιος,
664 757 758 809 καὶ
787 755 1014 821 δικαίως
1040 759 1266 814 ἀκούσει
1295 760 1550 830 λέγοντος
1573 766 1668 820 τοῦ
1693 766 1838 821 Θεοῦ

247 847 390 918 πρὸς
429 846 630 901 αὐτόν’
673 863 693 898 ι
738 847 967 920 ’Δφρον,
1009 848 1184 922 ταύτῃ
1214 853 1281 920 τῇ
1311 853 1468 906 νυκτὶ
1499 853 1598 924 τὴν
1665 855 1844 928 ψυχήν

247 955 352 992 σου
415 936 741 992 ἀπαιτοῦσιν
795 937 905 992 ἀπὸ
958 937 1087 992 σοῦ’
1144 938 1182 994 ἃ,
1235 941 1291 994 δὲ
1337 944 1684 1014 ἡτοίμασας,
1736 943 1854 1002 τίνι.¹

246 1030 445 1096 έσταις
495 1047 516 1082 ι
567 1029 629 1083 τὺ
668 1029 801 1100 γάρ,
853 1047 872 1081 ι
923 1029 1043 1085 Τίνι
1075 1029 1270 1098 locat;
1307 1051 1326 1085 ι
1361 1035 1460 1104 τὴν
1493 1037 1576 1100 είς
1613 1036 1844 1108 ἐχθροὺς

247 1122 549 1177 αἰνίττεται
589 1120 689 1190 τῆς
713 1121 807 1174 τοῦ
843 1120 1077 1176 πλούτου
1119 1123 1439 1187 δεσποτείας
1469 1128 1838 1198 μετάπτωσιν,

245 1213 326 1276 ὼς
355 1211 548 1281 γέγονε
579 1211 859 1276 πολλάκις.
890 1213 992 1268 Διά
1035 1212 1196 1268 τοῦτο
1223 1215 1322 1268 καὶ
1362 1216 1526 1272 Δαδὶδ
1555 1221 1843 1292 προφήτης

249 1301 426 1374 φησι·
465 1319 486 1355 ι
526 1299 884 1374 Θησαυρίζει.
919 1303 1016 1359 καὶ
1061 1305 1124 1360 οὐ
1170 1304 1433 1376 γινώσκει
1475 1308 1584 1364 τίνι
1623 1312 1842 1378 συνάξει

249 1393 416 1460 αύτά,
453 1411 474 1448 ι
501 1392 580 1462 τῷ
618 1393 1024 1468 Ἐκκλησιαστῇ
1055 1395 1231 1466 λέγων
1272 1397 1602 1470 συμφώνως,
1639 1401 1716 1468 ὼς
1743 1403 1841 1458 ἀν-

1947 417 2032 462 tus
2062 411 2175 474 sit,
2216 410 2332 465 sive
2378 411 2600 480 sapiens
2631 412 2880 468 videatur
2921 427 3078 476 esse,
3111 412 3204 482 qui
3244 415 3532 482 pecuniam

1944 502 2196 555 recondit
2227 503 2600 571 neglectisque
2626 503 2814 572 egenis
2835 545 2850 569 ,
2876 517 2998 557 eam
3037 505 3305 570 inimicis,
3333 516 3392 571 ut
3418 507 3534 576 plc-

1944 607 2178 661 rumque
2205 593 2285 658 ﬁt,
2327 603 2494 663 atque
2536 594 2866 650 adversariis
2901 606 3175 664 reservat;
3211 598 3413 654 stultus
3445 614 3535 653 re-

1945 697 2071 736 vera
2103 669 2179 737 ac.
2197 685 2423 739 demens
2465 687 2721 741 Inventus
2749 694 2833 740 est
2863 702 2876 738 :
2912 686 3004 754 qni
3036 694 3090 742 et
3125 689 3326 744 merito
3362 689 3530 744 Deum

1943 773 2129 828 audiet
2155 773 2258 829 sibi
2291 774 2722 829 inclamantem:
2771 794 2790 827 ι
2822 775 3036 839 Stulte,
3086 777 3189 833 hac
3221 791 3380 834 nocte
3409 781 3532 834 aui-

1944 881 2090 923 mam
2119 875 2268 921 tuam
2305 877 2553 936 repetunt
2586 882 2616 922 a
2650 876 2736 932 te;
2788 883 2913 938 qua
2945 878 3127 923 autem
3157 872 3394 939 parasti,
3433 887 3533 927 cu-

1938 957 2031 1026 jus
2053 956 2250 1024 erunt?
2277 977 2297 1012 ι
2318 957 2472 1039 ‘Nam
2513 958 2665 1026 illud,
2701 957 2870 1028 Cujus
2889 969 3046 1014 erunt
3070 960 3097 1013 7
3123 959 3434 1016 divitiarum
3475 973 3530 1018 et

1943 1049 2284 1114 dominatus,
2331 1050 2477 1120 quod
2505 1065 2650 1121 saepe
2685 1051 2976 1122 contingit.
3017 1052 3430 1108 translationem
3460 1053 3529 1108 ad

1943 1135 2196 1193 inimicos
2223 1137 2512 1208 designat;
2540 1139 2728 1208 itaque
2755 1150 2810 1194 et
2849 1139 3017 1195 David
3056 1143 3320 1212 pr0pheta
3351 1144 3483 1199 dicit
3511 1161 3527 1197 :

1947 1247 1969 1281 ι
1999 1226 2310 1285 Thesauros
2340 1240 2499 1300 parat
2520 1271 2535 1294 ,
2569 1245 2670 1286 nec
2701 1233 3009 1302 cognoscit,
3040 1233 3130 1287 cui
3164 1249 3261 1289 eos
3293 1235 3366 1288 sit
3398 1251 3532 1288 con-

1941 1331 2294 1390 gregaturus,
2321 1339 2341 1374 ι
2378 1321 2518 1376 idem
2545 1335 2672 1376 cum
2701 1321 3035 1380 Ecclesiaste
3055 1324 3356 1392 allirmans,
3390 1343 3530 1396 quas

1943 1426 2143 1480 nempe
2181 1413 2230 1466 is
2269 1427 2402 1483 opes
2431 1413 2622 1470 labore
2651 1414 2824 1469 multo
2853 1425 2908 1470 et
2942 1416 3139 1472 sudore
3159 1457 3174 1481 ,
3202 1430 3366 1488 atque
3391 1435 3528 1481 cou-

244 1487 468 1542 τίπαλοι
496 1487 593 1542 καὶ
625 1487 912 1557 μισοῦντες
943 1487 1038 1543 τὸν
1073 1488 1167 1543 τοῦ
1197 1492 1590 1557 κεκοπιακότος
1633 1494 1730 1549 καὶ
1752 1495 1835 1551 διὰ

1942 1500 2186 1556 tentione
2215 1507 2271 1556 et
2299 1502 2599 1572 angoribus
2627 1511 2682 1557 et
2709 1505 2860 1560 curis
2895 1487 3300 1568 cumulaverit,
3329 1509 3396 1562 ad
3429 1509 3532 1562 ini-

245 1579 461 1634 πολλῶν
537 1578 779 1648 ίδρώτων
830 1582 925 1634 καὶ
967 1583 1372 1654 περισπασμῶν
1417 1586 1510 1639 καὶ
1560 1587 1835 1657 μεριμνῶν

1945 1595 2120 1649 niieos
2149 1608 2248 1650 eas
2275 1604 2332 1650 et
2361 1596 2708 1652 adversarios
2735 1613 2857 1653 esse
2885 1609 3244 1668 perventurus
3272 1639 3290 1668 ,
3343 1609 3403 1655 ut
3451 1603 3527 1656 illi

244 1673 344 1728 καὶ
387 1669 686 1743 φροντίδων
732 1668 1190 1742 συναθροισθέντα
1235 1674 1465 1730 πλοῦτον
1498 1676 1700 1746 ἕξουσι,
1743 1681 1835 1734 καί

1947 1685 2114 1754 hujus
2149 1685 2431 1740 laboribus
2484 1661 3121 1756 perfrttantur.‘-ldcirco
3173 1661 3532 1750 Ecclesiastes

243 1764 355 1820 τῶν
377 1761 588 1817 ἐκείνου
612 1761 878 1830 καμάτων
909 1763 1406 1821 καταπολαύσουσι.
1435 1767 1640 1822 Τούτου
1675 1769 1835 1842 χάριν

1943 1779 2009 1832 ad
2053 1776 2369 1847 hujusmodi
2417 1777 2705 1833 hominum
2764 1780 3286 1839 condemnationem
3345 1799 3531 1854 repre-

243 1858 274 1911 δ
322 1854 758 1929 Ἑκκλησιαστὴς
789 1854 1223 1925 καταγινώσκων
1261 1851 1356 1914 καὶ
1404 1862 1835 1935 καταμεμφόμε-

1943 1868 2378 1939 heusionemque
2396 1867 2600 1940 adjecit
2629 1885 2647 1926 :

245 1967 337 2015 νος
360 1949 471 2004 τῶν
498 1945 758 2006 τοιούτων
789 1947 1041 2019 ἐπήγαγε
1069 1965 1085 1982 ο

315 2188 425 2244 Kal
445 2188 796 2259 ἐπέστρεψα
814 2185 930 2260 ἐγὼ
949 2186 1058 2244 τοῦ
1087 2187 1512 2256 ἀποτάξασθαι
1530 2187 1605 2259 τῇ
1625 2189 1835 2260 καρδίᾳ

2009 2188 2176 2246 Vens.
2215 2189 2308 2256 20,
2339 2189 2434 2246 2|.
2467 2187 2536 2243 Et
2561 2203 2846 2244 conversus
2871 2204 2992 2244 sum
3019 2204 3134 2260 ego,
3165 2197 3226 2243 ut
3255 2191 3530 2246 renuntia-

240 2300 360 2353 μου
381 2282 455 2336 ἐν
473 2280 654 2334 παντί
676 2281 904 2350 μόχθῳ,
923 2274 973 2349 ᾧ
998 2281 1314 2354 ἐμόχθησιι
1341 2281 1462 2338 ὑπὸ
1492 2283 1601 2336 τὸν
1638 2281 1835 2350 ἣλιον,

1937 2299 2044 2338 rem
2075 2284 2226 2338 cordi
2252 2299 2364 2337 meo
2391 2283 2445 2337 in
2471 2284 2617 2335 omni
2643 2281 2847 2348 labore,
2873 2298 2976 2352 quo
2999 2281 3247 2337 laboraui
3273 2282 3368 2337 sub
3397 2284 3527 2348 sole,

247 2377 336 2427 ἔτι
364 2375 539 2429 ἐστιν
567 2373 902 2441 ἄνθρωπος,
949 2373 1038 2428 ὅτι
1070 2375 1295 2444 μόχθος
1331 2372 1522 2428 αὐτοῦ
1553 2373 1625 2427 ἐν
1655 2371 1835 2442 σοφίᾳ

1936 2377 2062 2446 quia
2090 2385 2165 2429 est
2191 2375 2346 2428 homo
2375 2413 2390 2438 ,
2421 2357 2735 2443 quialabor
2760 2371 2876 2442 ejus
2901 2374 2955 2427 in
2986 2374 3248 2441 sapientia
3273 2383 3322 2428 et
3355 2373 3410 2428 in
3443 2389 3531 2428 co-

247 2467 346 2518 καὶ
383 2465 455 2518 ἐν
483 2464 701 2535 γνώσει
757 2464 857 2518 καὶ
904 2465 975 2518 ἐν
1020 2463 1270 2533 ἀνδρείᾳ
1294 2479 1310 2494 ο
1357 2462 1458 2517 καὶ
1508 2461 1835 2533 ἅνθρωπος,

1939 2467 2172 2539 gnitione
2199 2475 2248 2521 et
2279 2466 2334 2520 in
2358 2465 2552 2520 virtute
2577 2479 2597 2530 ;
2630 2472 2681 2520 et
2710 2464 2887 2530 homo,
2920 2465 3017 2539 qui
3039 2481 3142 2519 non
3172 2463 3439 2520 laboravit
3471 2465 3529 2520 in

247 2556 316 2620 ὃς
348 2557 463 2609 οὐκ
499 2556 846 2626 ἐμόχθησεν
877 2556 950 2610 ἐν
995 2555 1178 2624 αὐτῷ,
1209 2554 1387 2610 δώσει
1439 2553 1601 2621 αὐτῷ
1625 2553 1835 2625 μερίδα

1936 2575 2016 2628 eo,
2045 2559 2192 2614 dabit
2222 2558 2307 2612 illi
2327 2568 2536 2630 partem
2562 2573 2716 2612 suam
2749 2556 2886 2630 (9i).

247 2665 464 2702 autov.
2289 2669 2296 2675 ’

318 2739 441 2792 Τῶν
475 2737 909 2809 πολιτευομένων
930 2739 1043 2802 τοῖς
1067 2736 1379 2810 ἀνθρώποις
1399 2739 1494 2794 καὶ
1515 2757 1580 2794 συ
1589 2738 1835 2811 μϐαινόν·

2009 2735 2340 2790 Conditione
2366 2749 2637 2804 perpensa
2675 2748 2856 2790 rerum
2887 2750 3114 2800 carum,
3167 2751 3290 2806 quae
3317 2737 3388 2792 ab
3425 2737 3528 2792 ho-

245 2848 356 2883 των
381 2832 742 2904 πραγμάτων,
765 2829 1150 2901 ἀπειροκάλοις
1183 2828 1386 2902 δηλαδὴ
1414 2831 1511 2884 καὶ
1532 2829 1835 2894 σπουδαίοις

1943 2827 2187 2880 minibus
2229 2832 2529 2896 geruntur,
2562 2839 2796 2901 qumque
2845 2825 2958 2896 60
3006 2826 3350 2892 inhonestis,
3386 2843 3530 2898 saepe

245 2923 512 2984 πολλάκις
556 2923 937 2992 παρεξετάσας
973 2921 1075 2992 τὴν
1119 2921 1303 2992 φύσιν,
1337 2923 1433 2976 καὶ
1461 2922 1560 2996 τὴν
1605 2924 1835 2978 ἄτακτον

1943 2923 1998 2971 et
2028 2915 2274 2970 honestis
2317 2912 2646 2984 contingunt
2675 2954 2691 2978 ,
2740 2923 2854 2968 tum
2884 2915 3237 2970 coiisiderata
3265 2931 3390 2971 cum
3413 2918 3534 2972 ani-

245 3015 343 3069 καὶ
397 3013 520 3068 κατ’
570 3013 826 3085 οὐδεμίαν
859 3013 1184 3068 ἀκολουθίαν
1225 3013 1322 3068 τοῦ
1358 3014 1593 3068 πλούτου
1654 3031 1838 3085 παρα-

245 3108 476 3178 πομπὴν
536 3105 638 3176 τὴν
686 3105 824 3176 πρὸς
871 3105 1094 3177 ἐτέρους
1139 3108 1507 3177 χρυσομανεῖς
1560 3107 1657 3162 καὶ
1717 3124 1838 3176 φει-

173 3250 188 3259 ,
243 3199 472 3262 δωλοὺς,
520 3198 569 3250 εί
612 3196 708 3250 καὶ
733 3196 1008 3260 κιναίδους
1050 3196 1146 3250 καὶ⁵
1183 3198 1306 3260 ταῖς
1331 3197 1431 3266 τῆς
1476 3197 1679 3269 σαρκὸς
1713 3198 1838 3250 ἑπι-

259 3288 486 3360 θυμίαις
514 3285 944 3357 δεδουλωμένους
968 3287 1036 3357 τῇ
1073 3285 1286 3358 διανοίᾳ
1321 3287 1704 3351 κατοπτεύσας
1743 3291 1837 3343 καὶ

241 3361 535 3448 διαγνοὺς,
585 3376 791 3444 ἀγαθὸν
825 3377 1184 3448 παράδειγμα
1225 3375 1444 3446 τίθησιν
1491 3377 1684 3432 ἑαυτὸν
1722 3379 1837 3441 τοῖς

250 3468 734 3540 μεταγενεστέροις
789 3466 1132 3532 ἀλλοιώσεως
1175 3465 1278 3537 τῆς
1323 3466 1462 3538 πρὸς
1499 3469 1570 3522 τά
1601 3468 1836 3542 κρείττω

249 3560 346 3614 καὶ
395 3558 692 3629 μεταϐολῆς
746 3557 1032 3630 βελτίστης
1078 3557 1175 3612 καὶ
1222 3555 1706 3631 λυσιτελεστάτηςο
1748 3561 1836 3616 ίνα

245 3653 313 3720 τῇ
347 3649 480 3720 πρὸς
525 3649 690 3703 αὑτὸν
723 3651 960 3722 μιμήσει
1000 3649 1096 3703 καὶ
1123 3646 1328 3714 πάντες
1360 3648 1513 3704 ἄλλοι
1559 3651 1660 3722 τῆς
1698 3652 1835 3716 ίδίας

249 3740 510 3804 ἀϐουλίας
560 3742 656 3794 καὶ
705 3739 1154 3812 πονηροπραξίας
1201 3739 1650 3809 κατεγνωκότες,
1707 3745 1831 3799 ὲπι-

241 3833 553 3904 στρέψωσιν
600 3832 709 3886 ἀπὸ
738 3833 840 3902 τῆς
870 3833 1008 3905 πρὸς
1051 3833 1122 3887 τά
1171 3833 1343 3906 χείρω
1368 3834 1832 3906 κατολισθήτεως,

239 3924 340 3976 καὶ
365 3922 464 3993 τὴν
489 3921 624 3976 ἰδίαν
653 3921 800 3994 ζωὴν
824 3907 1266 3978 ἀνακαλέσωνται
1292 3925 1393 3997 τῆς
1412 3925 1549 3997 πρὸς
1575 3926 1644 3980 τά
1663 3927 1834 4000 χείρω

241 4014 457 4086 ροπῆςο
494 4015 628 4084 φησὶ
649 4015 758 4085 γάρ
784 4031 800 4046 σ
837 4033 856 4067 ι
899 4015 1009 4070 Καὶ
1048 4015 1363 4088 ἐπέστρεψα
1409 4016 1522 4087 ιγὼ
1556 4016 1652 4072 τοῦ
1691 4019 1832 4074 ἀπο-

237 4103 510 4166 τάξασθαι
541 4107 610 4176 τῇ
646 4104 846 4176 καρδία
881 4122 983 4176 μου
1026 4107 1122 4159 ἐπὶ
1171 4109 1338 4162 παντὶ
1373 4107 1580 4180 μόχθῳ,
1608 4101 1654 4178 ᾧ
1698 4109 1830 4182 ἐμό-

236 4196 422 4268 χθῃσα
459 4195 564 4248 ὐπό
588 4196 680 4249 τὸν
707 4196 878 4266 ἥλιον,
914 4198 996 4250 ὅτι
1023 4197 1171 4252 ἔστιν
1199 4197 1504 4270 ἄνθρωπος,
1537 4199 1621 4252 ὅτι
1671 4201 1700 4253 ό
1733 4199 1832 4271 μό-

1941 3024 2032 3063 ιιιο
2052 3022 2154 3063 suo
2183 3007 2514 3076 cognitaque
2545 3007 2840 3070 bonorum.
2861 3021 2984 3077 qua:
3019 3008 3170 3062 nullo
3204 3009 3400 3064 ordine
3433 3017 3530 3066 aut

1939 3099 2149 3154 delectu
2183 3097 2240 3153 [lt
2267 3139 2283 3165 ,
2311 3096 2734 3153 transmissione
2765 3096 2832 3152 ad
2861 3099 3002 3154 alios
3023 3139 3038 3165 ,
3069 3100 3160 3170 qui
3191 3099 3311 3154 auri
3341 3115 3530 3155 amore

1939 3189 2158 3252 insani,
2203 3189 2302 3260 qui
2330 3189 2540 3245 sordidi
2585 3196 2750 3254 sunt,
2786 3189 2869 3243 vel
2904 3189 3067 3245 etiam
3119 3189 3330 3260 pudore
3378 3191 3530 3246 nullo

1937 3281 2151 3352 praediti
2185 3321 2201 3347 ,
2253 3275 2630 3352 corporisque
2699 3279 3093 3352 cupiditatibus
3151 3282 3364 3354 jamdiu
3427 3285 3528 3339 de-

1934 3371 2074 3438 diti;
2127 3371 2449 3442 praeclarum
2515 3373 2570 3427 in
2642 3385 2704 3427 se
2734 3371 2884 3440 ipso
2929 3372 3238 3443 exemplum
3296 3373 3530 3443 posteris

1935 3464 2194 3534 proponit
2247 3463 2571 3518 mutationis
2623 3463 3112 3534 conversionisque
3170 3464 3238 3518 ad
3300 3464 3527 3520 meliora

1935 3555 2156 3625 Optimae
2185 3555 2347 3626 plane
2379 3563 2546 3624 atque
2577 3555 2887 3611 utilissima:
2914 3573 2926 3610 :
2957 3571 3070 3626 quo
3093 3555 3278 3612 caeteri
3307 3571 3529 3626 quoque

1935 3662 2128 3702 omnes
2156 3663 2222 3702 ex
2250 3646 2562 3702 imitatione
2593 3647 2716 3718 eius
2746 3649 3110 3704 temeritatem
3137 3664 3295 3704 suam
3327 3651 3525 3721 nequi-

1935 3736 2176 3806 tiamque
2195 3735 2403 3805 perosi,
2433 3735 2582 3804 inde,
2609 3752 2722 3807 quo
2749 3739 2938 3808 pejora
2969 3749 3244 3794 sectantes
3275 3740 3523 3810 prolapsi

1934 3837 2082 3895 spnt,
2117 3827 2307 3898 pedem
2340 3827 2422 3884 sic
2449 3826 2711 3893 referant,
2744 3839 2804 3884 ut
2835 3839 3075 3885 veterem
3107 3831 3233 3886 vitae
3258 3846 3372 3886 sua:
3395 3847 3526 3900 pro-

1933 3921 2250 3993 pensionem
2302 3921 2357 3976 in
2413 3920 2609 3976 melius
2658 3919 2960 3976 reﬂectant.
3011 3921 3101 3975 Ait
3141 3921 3336 3975 enim:
3392 3941 3410 3974 ι
3459 3921 3528 3978 Et

1933 4028 2234 4070 conversus
2281 4028 2403 4070 sum
2448 4027 2587 4085 ego,
2648 4021 2709 4067 ιιι
2765 4011 3143 4068 renuntiarem
3197 4013 3350 4068 cordi
3403 4029 3527 4070 meo

1933 4105 1988 4160 in
2033 4105 2183 4161 omni
2227 4104 2447 4172 labore,
2487 4117 2598 4175 quo
2644 4103 2894 4158 laboravi
2944 4104 3050 4158 sub
3086 4105 3246 4169 sole,
3289 4107 3527 4173 quiaest

1934 4197 2124 4264 homo,
2157 4197 2288 4268 quia
2317 4196 2474 4251 labor
2497 4195 2619 4266 ejus
2648 4195 2704 4250 in
2740 4196 3009 4266 sapientia
3041 4203 3094 4249 et
3127 4195 3182 4249 in
3209 4195 3526 4264 cognitione

163 4363 170 4368 α
239 4287 370 4356 χθος
401 4285 570 4339 αὑτοῦ
601 4287 658 4340 ὲν
689 4287 852 4357 σοφίᾳ
879 4288 972 4340 καὶ
1008 4289 1066 4340 έν
1097 4290 1299 4356 γνώσει
1339 4289 1434 4342 καὶ
1462 4289 1707 4360 ἀνδρείᾳ,
1729 4290 1826 4344 καί⁵

1936 4297 1990 4344 et
2017 4289 2254 4358 virtute;
2303 4298 2359 4344 et
2391 4289 2557 4344 homo
2593 4287 2686 4358 qui
2712 4303 2822 4343 non
2861 4273 3134 4341 laboravit
3165 4289 3218 4340 in
3245 4303 3311 4342 eo
3331 4327 3343 4346 .
3374 4287 3526 4341 dabit

239 4379 554 4449 ἄνθρωπος,
581 4377 640 4442 ὃς
677 4379 776 4432 οὐκ
811 4379 1117 4451 ἐμόχθησεν
1148 4381 1320 4452 αὐτῷ,
1350 4380 1512 4436 δώσει
1545 4381 1696 4453 αύτῷ
1727 4400 1829 4453 με-

243 4471 367 4543 ρίδα
399 4470 589 4525 αὐτοῦ.
631 4489 650 4522 ›
699 4471 833 4526 Ἀπὸ
862 4471 1092 4543 καρδίας
1121 4475 1216 4527 καὶ
1255 4473 1548 4540 διαθέσεως
1593 4476 1830 4546 ἀληθοῦς

241 4560 581 4631 ἐπέστρεψα,
607 4562 762 4630 φησὶ,
789 4563 952 4616 παντὶ
977 4563 1056 4634 τῷ
1078 4565 1469 4634 προσγεγονότι
1492 4583 1583 4636 μοι
1613 4566 1831 4640 πλούτῳ

239 4653 332 4707 διὰ
365 4653 578 4706 πολλῶν
613 4655 828 4724 μόχθων
853 4655 948 4708 καὶ
973 4656 1158 4710 κόπων
1185 4658 1278 4710 καὶ
1299 4660 1708 4730 περισπασμῶν
1729 4662 1826 4714 καὶ

242 4744 547 4816 φροντίδων
579 4745 796 4816 χαίρειν
820 4748 999 4802 εἰπεῖν
1033 4748 1128 4802 καὶ
1154 4749 1540 4820 διασκορπίσαι
1573 4752 1667 4806 καὶ
1710 4752 1828 4807 διας

241 4840 431 4907 νεῖμαι
464 4839 576 4900 τοῖς
600 4837 828 4892 ὲνδεέσι.
854 4838 932 4890 Δι’
958 4841 1024 4910 ἥν
1066 4840 1282 4906 αίτίαν;
1314 4841 1439 4895 Ὅτι
1477 4843 1586 4905 πᾶς
1615 4841 1830 4914 ἀνθρω-

240 4947 370 4996 πος,
405 4928 596 4999 φησὶν,
639 4929 668 4981 δ
714 4927 994 5001 βουληθεὶς
1030 4933 1125 4986 καὶ
1160 4931 1441 5004 μοχθήσας
1476 4934 1830 5004 συναθροίσαι

242 5021 482 5076 πλούτου
511 5021 852 5092 περιουσίαν,
883 5023 960 5086 ὠς
994 5023 1412 5095 θαυμαστωθεὶς
1444 5028 1478 5099 ἢ
1509 5027 1600 5082 διὰ
1627 5029 1831 5100 πλῆθος

243 5113 462 5183 σοφίας,
498 5112 619 5184 ἦτοι
667 5114 980 5184 μεταρσίων
1015 5114 1389 5187 θεωρημάτων
1422 5119 1702 5192 ἀκρότητα
1736 5121 1830 5174 καὶ

241 5205 450 5271 γνῶσιν
496 5203 658 5258 θείων
691 5205 788 5258 καὶ
829 5203 1190 5276 ἀνθρωπίνων
1241 5209 1610 5278 πραγμάτων,
1655 5209 1689 5281 ἢ
1740 5210 1831 5265 δια

243 5296 553 5368 πολεμικὴν
576 5295 851 5368 ἀνδρείαν,
882 5297 916 5366 ἢ
942 5298 1043 5367 τὴν
1072 5297 1216 5352 κατά
1239 5299 1350 5352 τῶν
1373 5301 1690 5372 ἀλλοφύλων
1734 5304 1832 5357 καὶ

245 5389 584 5458 σωματικῶν
624 5389 958 5454 ἀντιπάλων,
1005 5389 1039 5462 ἢ
1093 5391 1296 5464 μᾶλλον
1331 5395 1506 5448 εἰπεῖν
1552 5395 1652 5466 τὴν
1691 5393 1832 5450 κατά

319 5563 465 5644 (9|)
520 5563 673 5632 Apud
899 5637 908 5644 _
935 5566 1109 5640 leges,
1160 5569 1256 5623 τοῦ
1293 5571 1670 5644 ἀποτάξασθαι
1725 5573 1828 5644 τὴν

249 5634 476 5704 καρδιαν
530 5651 700 5706 μου...
751 5634 1193 5708 ὶηίυιτίιιείειοο,
1278 5641 1372 5697 καὶ
1426 5634 1831 5709 deoiouith

1929 4378 2008 4434 illi
2043 4388 2252 4450 partem
2296 4395 2477 4435 suam.
2509 4397 2528 4432 ι
2583 4377 2662 4433 Ex
2706 4377 2932 4445 animo,
2977 4379 3197 4448 inquit,
3247 4396 3312 4433 ac
3343 4379 3524 4433 libens

1929 4471 2231 4543 volensque
2257 4472 2313 4527 in
2345 4485 2466 4527 eam
2496 4470 2950 4528 deliberationem
2987 4475 3106 4526 veni
3135 4511 3150 4536 ,
3195 4481 3252 4526 ut
3280 4472 3521 4538 divitiis,

1929 4579 2068 4635 quas
2094 4563 2278 4618 labore
2299 4564 2470 4617 multo
2491 4573 2546 4618 ct
2573 4565 2825 4618 molestia
2853 4575 2906 4618 ct
2926 4563 3283 4618 contentione
3309 4572 3362 4618 et
3388 4579 3523 4619 cura

1931 4665 2276 4727 comparatas
2309 4657 2614 4719 habebam,
2652 4656 2928 4710 universis
2963 4656 3324 4711 valediccrem
3351 4695 3366 4720 ,
3409 4671 3526 4710 eas-

1931 4763 2038 4821 que
2077 4747 2132 4803 in
2175 4748 2454 4821 egentium
2501 4763 2667 4818 opera
2717 4748 3045 4802 distributas
3109 4745 3522 4816 profunderetur.

1931 4843 2105 4908 Quam
2139 4841 2209 4897 ob
2230 4840 2501 4897 causam?
2541 4838 2683 4908 Quia
2711 4839 2916 4902 omnis,
2959 4839 3170 4910 inquit,
3199 4838 3364 4894 homo
3383 4879 3400 4904 ,
3428 4840 3524 4910 qui

1931 4948 2154 5003 operam
2187 4946 2346 4987 suam
2377 4934 2591 5002 magnis
2624 4931 2682 4984 in
2742 4929 2942 5000 opibus
3008 4930 3368 5000 congerendis
3428 4945 3527 5000 po-

1933 5040 2064 5080 nere
2094 5023 2326 5088 maluit,
2353 5038 2520 5094 quam
2545 5021 2902 5077 admirandus
2944 5021 3063 5076 ﬁeri
3109 5022 3194 5075 vel
3243 5021 3527 5092 sapientiae

1932 5117 2324 5188 magnitudine,
2359 5129 2683 5184 summaque
2713 5113 3032 5169 sublimium
3069 5113 3428 5182 intelligentia
3457 5129 3522 5168 ac

1932 5210 2243 5266 divinarum
2287 5209 2770 5276 hun'ianarumqne
2816 5221 2999 5262 rerum
3051 5206 3391 5277 cignitione,
3433 5201 3520 5259 vel

1932 5301 2126 5357 bellica
2165 5301 2366 5356 virtute
2393 5315 2458 5356 ac
2485 5281 2802 5354 fortitudine
2844 5309 3036 5354 contra
3071 5308 3362 5353 extraneos
3390 5311 3519 5352 cor-

1933 5395 2082 5466 poris
2108 5394 2474 5460 adversarios,
2507 5391 2590 5448 vel
2621 5392 2802 5462 potius
2827 5401 3014 5448 cuntra
3045 5391 3303 5460 impetum
3335 5385 3515 5444 domi-

1937 5572 2038 5654 ούκ
2083 5569 2387 5652 ἐμόχθητεν
2427 5572 2483 5625 ἓν
2545 5569 2761 5642 αὐτῷ...
2808 5567 3020 5639 Olytnp.
3076 5567 3236 5622 δώσει
3281 5565 3514 5639 ’μερίδα

1940 5659 2128 5696 αυτου.
