  <div class='ocr_page' id='page_1' title='image "/cluster/home/n/w/nwhite01/storage/ocr_20150623/98/hvd.32044073502148/423.png"; bbox 0 0 3848 6192; ppageno 0'>
   <div class='ocr_carea' id='block_1_1' title="bbox 419 313 3607 392">
    <p class='ocr_par' dir='ltr' id='par_1_1' title="bbox 419 313 3607 392">
     <span class='ocr_line' id='line_1_1' title="bbox 419 313 3607 392; baseline -0.001 -10"><span class='ocrx_word' id='word_1_1' title='bbox 419 327 530 392; x_wconf 75' lang='lat'><strong>8.35</strong></span> <span class='ocrx_word' id='word_1_2' title='bbox 1559 319 1616 377; x_wconf 92' lang='lat' dir='ltr'><strong>S.</strong></span> <span class='ocrx_word' id='word_1_3' title='bbox 1658 313 2040 376; x_wconf 78' lang='lat' dir='ltr'><strong>GREGORII</strong></span> <span class='ocrx_word' id='word_1_4' title='bbox 2091 313 2603 375; x_wconf 79' lang='lat' dir='ltr'><strong>AGRIGENTINI</strong></span> <span class='ocrx_word' id='word_1_5' title='bbox 3526 313 3607 378; x_wconf 75' lang='lat'><strong>835</strong></span> 
     </span>
    </p>
   </div>
   <div class='ocr_carea' id='block_1_2' title="bbox 416 419 2020 506">
    <p class='ocr_par' dir='ltr' id='par_1_2' title="bbox 416 421 2014 506">
     <span class='ocr_line' id='line_1_2' title="bbox 416 421 2014 506; baseline -0.012 -14"><span class='ocrx_word' id='word_1_6' title='bbox 416 444 538 492; x_wconf 82' lang='lat' dir='ltr'><strong>ctor</strong></span> <span class='ocrx_word' id='word_1_7' title='bbox 569 435 695 506; x_wconf 86' lang='lat' dir='ltr'><strong>ejus</strong></span> <span class='ocrx_word' id='word_1_8' title='bbox 721 434 800 488; x_wconf 85' lang='lat' dir='ltr'><strong>sic</strong></span> <span class='ocrx_word' id='word_1_9' title='bbox 826 430 1148 487; x_wconf 78' lang='lat' dir='ltr'><strong>formaverit</strong></span> <span class='ocrx_word' id='word_1_10' title='bbox 1180 444 1244 486; x_wconf 84' lang='lat' dir='ltr'><strong>ac</strong></span> <span class='ocrx_word' id='word_1_11' title='bbox 1267 427 1633 492; x_wconf 79' lang='lat' dir='ltr'><strong>constituerit,</strong></span> <span class='ocrx_word' id='word_1_12' title='bbox 1666 435 1726 478; x_wconf 91' lang='lat' dir='ltr'><strong>ut</strong></span> <span class='ocrx_word' id='word_1_13' title='bbox 1770 425 1873 476; x_wconf 86' lang='lat' dir='ltr'><strong>nisi</strong></span> <span class='ocrx_word' id='word_1_14' title='bbox 1915 421 2014 474; x_wconf 86' lang='lat' dir='ltr'><strong>ali-</strong></span> 
     </span>
    </p>
   </div>
   <div class='ocr_carea' id='block_1_3' title="bbox 2124 419 3610 506">
    <p class='ocr_par' dir='ltr' id='par_1_3' title="bbox 2124 419 3610 496">
     <span class='ocr_line' id='line_1_3' title="bbox 2124 419 3610 496; baseline 0.001 -23"><span class='ocrx_word' id='word_1_15' title='bbox 2124 419 2241 485; x_wconf 76' lang='grc' dir='ltr'>Βοὺς</span> <span class='ocrx_word' id='word_1_16' title='bbox 2276 423 2484 494; x_wconf 82' lang='grc' dir='ltr'>τροφὴν</span> <span class='ocrx_word' id='word_1_17' title='bbox 2514 423 2667 496; x_wconf 77' lang='grc' dir='ltr'>πάσῃ</span> <span class='ocrx_word' id='word_1_18' title='bbox 2705 423 2870 492; x_wconf 71' lang='grc' dir='ltr'>σαρκὶ</span> <span class='ocrx_word' id='word_1_19' title='bbox 2907 421 3002 476; x_wconf 81' lang='grc' dir='ltr'>καὶ</span> <span class='ocrx_word' id='word_1_20' title='bbox 3033 422 3143 484; x_wconf 86' lang='grc' dir='ltr'>τοῖς</span> <span class='ocrx_word' id='word_1_21' title='bbox 3169 422 3388 482; x_wconf 72' lang='grc' dir='ltr'>νεοσσοῖς</span> <span class='ocrx_word' id='word_1_22' title='bbox 3425 419 3514 471; x_wconf 81' lang='grc' dir='ltr'><strong>τῶν</strong></span> <span class='ocrx_word' id='word_1_23' title='bbox 3537 437 3610 474; x_wconf 77' lang='grc' dir='ltr'><strong>κο-</strong></span> 
     </span>
    </p>
   </div>
   <div class='ocr_carea' id='block_1_4' title="bbox 413 511 2020 590">
    <p class='ocr_par' dir='ltr' id='par_1_4' title="bbox 413 514 2005 590">
     <span class='ocr_line' id='line_1_4' title="bbox 413 514 2005 590; baseline -0.012 -5"><span class='ocrx_word' id='word_1_24' title='bbox 413 541 725 585; x_wconf 88' lang='lat' dir='ltr'><strong>mentorum</strong></span> <span class='ocrx_word' id='word_1_25' title='bbox 761 526 1010 582; x_wconf 80' lang='lat' dir='ltr'><strong>subsidio</strong></span> <span class='ocrx_word' id='word_1_26' title='bbox 1053 523 1352 580; x_wconf 87' lang='lat' dir='ltr'><strong>sustentari</strong></span> <span class='ocrx_word' id='word_1_27' title='bbox 1406 535 1514 574; x_wconf 91' lang='lat' dir='ltr'><strong>non</strong></span> <span class='ocrx_word' id='word_1_28' title='bbox 1562 517 1773 590; x_wconf 97' lang='lat' dir='ltr'><strong>possit,</strong></span> <span class='ocrx_word' id='word_1_29' title='bbox 1809 514 2005 568; x_wconf 91' lang='lat' dir='ltr'><strong>merito</strong></span> 
     </span>
    </p>
   </div>
   <div class='ocr_carea' id='block_1_5' title="bbox 2124 511 3615 590">
    <p class='ocr_par' dir='ltr' id='par_1_5' title="bbox 2124 511 3615 585">
     <span class='ocr_line' id='line_1_5' title="bbox 2124 511 3615 585; baseline 0.001 -21"><span class='ocrx_word' id='word_1_30' title='bbox 2124 511 2300 578; x_wconf 70' lang='grc' dir='ltr'>οάκων</span> <span class='ocrx_word' id='word_1_31' title='bbox 2343 517 2458 577; x_wconf 88' lang='grc' dir='ltr'>τοῖς</span> <span class='ocrx_word' id='word_1_32' title='bbox 2487 515 2942 585; x_wconf 70' lang='grc' dir='ltr'><strong>ἐπικαλουμένοις</strong></span> <span class='ocrx_word' id='word_1_33' title='bbox 2988 514 3167 566; x_wconf 83' lang='grc' dir='ltr'>αὐτόν.</span> <span class='ocrx_word' id='word_1_34' title='bbox 3202 531 3222 565; x_wconf 70' lang='grc' dir='ltr'><strong>ι</strong></span> <span class='ocrx_word' id='word_1_35' title='bbox 3250 512 3353 582; x_wconf 81' lang='grc' dir='ltr'><strong>Τῆς</strong></span> <span class='ocrx_word' id='word_1_36' title='bbox 3387 511 3480 583; x_wconf 77' lang='grc' dir='ltr'><strong>γὰρ</strong></span> <span class='ocrx_word' id='word_1_37' title='bbox 3516 515 3615 583; x_wconf 74' lang='grc' dir='ltr'>ρευ-</span> 
     </span>
    </p>
   </div>
   <div class='ocr_carea' id='block_1_6' title="bbox 412 589 2020 681">
    <p class='ocr_par' dir='ltr' id='par_1_6' title="bbox 412 605 2007 681">
     <span class='ocr_line' id='line_1_6' title="bbox 412 605 2007 681; baseline -0.011 -5"><span class='ocrx_word' id='word_1_38' title='bbox 412 631 468 676; x_wconf 89' lang='lat' dir='ltr'><strong>et</strong></span> <span class='ocrx_word' id='word_1_39' title='bbox 495 621 864 676; x_wconf 74' lang='lat' dir='ltr'><strong>Ecclesiastes</strong></span> <span class='ocrx_word' id='word_1_40' title='bbox 887 633 918 672; x_wconf 86' lang='lat' dir='ltr'><strong>a</strong></span> <span class='ocrx_word' id='word_1_41' title='bbox 951 633 1116 672; x_wconf 85' lang='lat' dir='ltr'><strong>manu</strong></span> <span class='ocrx_word' id='word_1_42' title='bbox 1144 615 1237 670; x_wconf 87' lang='lat' dir='ltr'><strong>Dei</strong></span> <span class='ocrx_word' id='word_1_43' title='bbox 1263 628 1394 670; x_wconf 88' lang='lat' dir='ltr'><strong>esse</strong></span> <span class='ocrx_word' id='word_1_44' title='bbox 1415 613 1574 678; x_wconf 78' lang='lat' dir='ltr'><strong>dixit,</strong></span> <span class='ocrx_word' id='word_1_45' title='bbox 1603 610 1748 681; x_wconf 89' lang='lat' dir='ltr'><strong>quod</strong></span> <span class='ocrx_word' id='word_1_46' title='bbox 1780 605 2007 662; x_wconf 86' lang='lat' dir='ltr'><strong>mandu-</strong></span> 
     </span>
    </p>
   </div>
   <div class='ocr_carea' id='block_1_7' title="bbox 2124 589 3615 681">
    <p class='ocr_par' dir='ltr' id='par_1_7' title="bbox 2124 603 3615 678">
     <span class='ocr_line' id='line_1_7' title="bbox 2124 603 3615 678; baseline -0.007 -9"><span class='ocrx_word' id='word_1_47' title='bbox 2124 603 2244 674; x_wconf 70' lang='grc' dir='ltr'><strong>’τῆς</strong></span> <span class='ocrx_word' id='word_1_48' title='bbox 2295 607 2457 678; x_wconf 82' lang='grc' dir='ltr'>ἡμῶν</span> <span class='ocrx_word' id='word_1_49' title='bbox 2502 607 2718 676; x_wconf 81' lang='grc' dir='ltr'>φύσεως</span> <span class='ocrx_word' id='word_1_50' title='bbox 2767 607 2943 671; x_wconf 75' lang='grc' dir='ltr'>οὕτως</span> <span class='ocrx_word' id='word_1_51' title='bbox 2994 607 3095 660; x_wconf 75' lang='grc' dir='ltr'>ὑπὸ</span> <span class='ocrx_word' id='word_1_52' title='bbox 3137 605 3229 658; x_wconf 79' lang='grc' dir='ltr'>τοῦ</span> <span class='ocrx_word' id='word_1_53' title='bbox 3282 605 3615 669; x_wconf 63' lang='grc' dir='ltr'>διαπλάσαντος</span> 
     </span>
    </p>
   </div>
   <div class='ocr_carea' id='block_1_8' title="bbox 412 695 2020 779">
    <p class='ocr_par' dir='ltr' id='par_1_8' title="bbox 412 708 1223 779">
     <span class='ocr_line' id='line_1_8' title="bbox 412 708 1223 779; baseline -0.011 -10"><span class='ocrx_word' id='word_1_54' title='bbox 412 726 623 774; x_wconf 78' lang='lat' dir='ltr'><strong>ceruus,</strong></span> <span class='ocrx_word' id='word_1_55' title='bbox 659 711 918 779; x_wconf 76' lang='lat' dir='ltr'><strong>quodque</strong></span> <span class='ocrx_word' id='word_1_56' title='bbox 947 708 1223 762; x_wconf 83' lang='lat' dir='ltr'><strong>bibamus.</strong></span> 
     </span>
    </p>
   </div>
   <div class='ocr_carea' id='block_1_9' title="bbox 2124 695 3616 779">
    <p class='ocr_par' dir='ltr' id='par_1_9' title="bbox 2124 695 3616 770">
     <span class='ocr_line' id='line_1_9' title="bbox 2124 695 3616 770; baseline 0.001 -21"><span class='ocrx_word' id='word_1_57' title='bbox 2124 695 2275 768; x_wconf 83' lang='grc' dir='ltr'>ιύτὴν</span> <span class='ocrx_word' id='word_1_58' title='bbox 2317 699 2630 770; x_wconf 74' lang='grc' dir='ltr'><strong>ὁρισθείσης</strong></span> <span class='ocrx_word' id='word_1_59' title='bbox 2677 700 2823 770; x_wconf 77' lang='grc' dir='ltr'>ἔχειν</span> <span class='ocrx_word' id='word_1_60' title='bbox 2870 701 2969 770; x_wconf 82' lang='grc' dir='ltr'>τὴν</span> <span class='ocrx_word' id='word_1_61' title='bbox 3009 698 3262 752; x_wconf 71' lang='grc' dir='ltr'>σύστασιν</span> <span class='ocrx_word' id='word_1_62' title='bbox 3309 699 3389 751; x_wconf 79' lang='grc' dir='ltr'>διὰ</span> <span class='ocrx_word' id='word_1_63' title='bbox 3426 699 3506 766; x_wconf 76' lang='grc' dir='ltr'>τῆς</span> <span class='ocrx_word' id='word_1_64' title='bbox 3533 701 3616 751; x_wconf 68' lang='grc' dir='ltr'><strong>τῶν</strong></span> 
     </span>
    </p>
   </div>
   <div class='ocr_carea' id='block_1_10' title="bbox 413 783 3618 876">
    <p class='ocr_par' dir='ltr' id='par_1_10' title="bbox 413 783 3618 876">
     <span class='ocr_line' id='line_1_10' title="bbox 413 783 3618 876; baseline -0.004 -20"><span class='ocrx_word' id='word_1_65' title='bbox 413 803 632 876; x_wconf 78' lang='grc' dir='ltr'>τροφῶν</span> <span class='ocrx_word' id='word_1_66' title='bbox 671 801 1048 872; x_wconf 67' lang='grc' dir='ltr'>μεταλήψεως,</span> <span class='ocrx_word' id='word_1_67' title='bbox 1079 799 1306 863; x_wconf 86' lang='grc' dir='ltr'>είκὸτως</span> <span class='ocrx_word' id='word_1_68' title='bbox 1339 796 1451 851; x_wconf 83' lang='grc' dir='ltr'><strong>ἀπδ</strong></span> <span class='ocrx_word' id='word_1_69' title='bbox 1495 793 1676 866; x_wconf 82' lang='grc' dir='ltr'>χειρὸς</span> <span class='ocrx_word' id='word_1_70' title='bbox 1722 786 1865 844; x_wconf 84' lang='grc' dir='ltr'>εἶναι</span> <span class='ocrx_word' id='word_1_71' title='bbox 1907 783 2004 840; x_wconf 79' lang='grc' dir='ltr'><strong>τοῦ</strong></span> <span class='ocrx_word' id='word_1_72' title='bbox 2079 784 2215 842; x_wconf 80' lang='grc' dir='ltr'><strong>Θεοῦ</strong></span> <span class='ocrx_word' id='word_1_73' title='bbox 2282 792 2379 844; x_wconf 72' lang='grc' dir='ltr'><strong>καὶ</strong></span> <span class='ocrx_word' id='word_1_74' title='bbox 2411 795 2439 846; x_wconf 84' lang='grc' dir='ltr'>ὀ</span> <span class='ocrx_word' id='word_1_75' title='bbox 2479 792 2914 864; x_wconf 81' lang='grc' dir='ltr'>Ἐκκλησιαστὴς</span> <span class='ocrx_word' id='word_1_76' title='bbox 2945 791 3114 862; x_wconf 74' lang='grc' dir='ltr'>ἔφησε</span> <span class='ocrx_word' id='word_1_77' title='bbox 3148 791 3242 844; x_wconf 76' lang='grc' dir='ltr'><strong>καὶ</strong></span> <span class='ocrx_word' id='word_1_78' title='bbox 3275 790 3333 843; x_wconf 76' lang='grc' dir='ltr'>τὸ</span> <span class='ocrx_word' id='word_1_79' title='bbox 3358 793 3524 860; x_wconf 81' lang='grc' dir='ltr'>φαγεῖν</span> <span class='ocrx_word' id='word_1_80' title='bbox 3551 795 3618 844; x_wconf 74' lang='grc' dir='ltr'><strong>καὶ</strong></span> 
     </span>
    </p>
   </div>
   <div class='ocr_carea' id='block_1_11' title="bbox 411 897 662 950">
    <p class='ocr_par' dir='ltr' id='par_1_11' title="bbox 411 897 662 950">
     <span class='ocr_line' id='line_1_11' title="bbox 411 897 662 950; baseline -0.008 0"><span class='ocrx_word' id='word_1_81' title='bbox 411 897 475 950; x_wconf 78' lang='grc' dir='ltr'>τὸ</span> <span class='ocrx_word' id='word_1_82' title='bbox 499 899 662 950; x_wconf 87' lang='grc' dir='ltr'>πιεῖν.</span> 
     </span>
    </p>
   </div>
   <div class='ocr_carea' id='block_1_12' title="bbox 491 977 2006 1058">
    <p class='ocr_par' dir='ltr' id='par_1_12' title="bbox 491 977 2006 1058">
     <span class='ocr_line' id='line_1_12' title="bbox 491 977 2006 1058; baseline -0.011 -15"><span class='ocrx_word' id='word_1_83' title='bbox 491 988 762 1058; x_wconf 84' lang='lat' dir='ltr'><strong>Supremo</strong></span> <span class='ocrx_word' id='word_1_84' title='bbox 813 987 979 1057; x_wconf 77' lang='lat' dir='ltr'><strong>igitur</strong></span> <span class='ocrx_word' id='word_1_85' title='bbox 1012 985 1282 1049; x_wconf 86' lang='lat' dir='ltr'><strong>consilio,</strong></span> <span class='ocrx_word' id='word_1_86' title='bbox 1331 993 1384 1037; x_wconf 90' lang='lat' dir='ltr'><strong>et</strong></span> <span class='ocrx_word' id='word_1_87' title='bbox 1421 979 1692 1049; x_wconf 77' lang='lat' dir='ltr'><strong>singulari</strong></span> <span class='ocrx_word' id='word_1_88' title='bbox 1740 977 1830 1031; x_wconf 87' lang='lat' dir='ltr'><strong>Dei</strong></span> <span class='ocrx_word' id='word_1_89' title='bbox 1876 989 2006 1044; x_wconf 77' lang='lat' dir='ltr'><strong>erga</strong></span> 
     </span>
    </p>
   </div>
   <div class='ocr_carea' id='block_1_13' title="bbox 419 1069 2009 1148">
    <p class='ocr_par' dir='ltr' id='par_1_13' title="bbox 419 1069 2009 1148">
     <span class='ocr_line' id='line_1_13' title="bbox 419 1069 2009 1148; baseline -0.009 -14"><span class='ocrx_word' id='word_1_90' title='bbox 419 1080 674 1134; x_wconf 78' lang='lat' dir='ltr'><strong>homines</strong></span> <span class='ocrx_word' id='word_1_91' title='bbox 712 1077 1055 1148; x_wconf 89' lang='lat' dir='ltr'><strong>providentia</strong></span> <span class='ocrx_word' id='word_1_92' title='bbox 1089 1076 1142 1130; x_wconf 89' lang='lat' dir='ltr'><strong>id</strong></span> <span class='ocrx_word' id='word_1_93' title='bbox 1179 1075 1341 1130; x_wconf 91' lang='lat' dir='ltr'><strong>nobis</strong></span> <span class='ocrx_word' id='word_1_94' title='bbox 1383 1074 1626 1128; x_wconf 88' lang='lat' dir='ltr'><strong>delatum</strong></span> <span class='ocrx_word' id='word_1_95' title='bbox 1654 1079 1759 1125; x_wconf 89' lang='lat' dir='ltr'><strong>est.</strong></span> <span class='ocrx_word' id='word_1_96' title='bbox 1808 1069 1874 1122; x_wconf 85' lang='lat' dir='ltr'><strong>At</strong></span> <span class='ocrx_word' id='word_1_97' title='bbox 1914 1082 2009 1121; x_wconf 80' lang='lat' dir='ltr'><strong>co-</strong></span> 
     </span>
    </p>
   </div>
   <div class='ocr_carea' id='block_1_14' title="bbox 419 1163 2012 1248">
    <p class='ocr_par' dir='ltr' id='par_1_14' title="bbox 419 1163 2012 1248">
     <span class='ocr_line' id='line_1_14' title="bbox 419 1163 2012 1248; baseline -0.009 -20"><span class='ocrx_word' id='word_1_98' title='bbox 419 1172 884 1233; x_wconf 85' lang='lat' dir='ltr'><strong>messationibus,</strong></span> <span class='ocrx_word' id='word_1_99' title='bbox 923 1183 1120 1241; x_wconf 65' lang='lat' dir='ltr'><strong>prmter</strong></span> <span class='ocrx_word' id='word_1_100' title='bbox 1159 1185 1323 1240; x_wconf 86' lang='lat' dir='ltr'><strong>quam</strong></span> <span class='ocrx_word' id='word_1_101' title='bbox 1367 1183 1505 1236; x_wconf 83' lang='lat' dir='ltr'><strong>Opus</strong></span> <span class='ocrx_word' id='word_1_102' title='bbox 1541 1167 1648 1227; x_wconf 87' lang='lat' dir='ltr'><strong>sit,</strong></span> <span class='ocrx_word' id='word_1_103' title='bbox 1691 1163 2012 1248; x_wconf 56' lang='lat' dir='ltr'><strong>indulgere,</strong></span> 
     </span>
    </p>
   </div>
   <div class='ocr_carea' id='block_1_15' title="bbox 417 1253 1999 1333">
    <p class='ocr_par' dir='ltr' id='par_1_15' title="bbox 417 1253 1999 1333">
     <span class='ocr_line' id='line_1_15' title="bbox 417 1253 1999 1333; baseline -0.008 -15"><span class='ocrx_word' id='word_1_104' title='bbox 417 1273 476 1318; x_wconf 86' lang='lat' dir='ltr'><strong>et</strong></span> <span class='ocrx_word' id='word_1_105' title='bbox 521 1272 735 1317; x_wconf 64' lang='lat' dir='ltr'><strong>natura:</strong></span> <span class='ocrx_word' id='word_1_106' title='bbox 775 1264 898 1333; x_wconf 75' lang='lat' dir='ltr'><strong>plu.</strong></span> <span class='ocrx_word' id='word_1_107' title='bbox 940 1261 1251 1316; x_wconf 69' lang='lat' dir='ltr'><strong>concedere</strong></span> <span class='ocrx_word' id='word_1_108' title='bbox 1293 1275 1458 1330; x_wconf 84' lang='lat' dir='ltr'><strong>quam</strong></span> <span class='ocrx_word' id='word_1_109' title='bbox 1499 1267 1678 1328; x_wconf 88' lang='lat' dir='ltr'><strong>petat,</strong></span> <span class='ocrx_word' id='word_1_110' title='bbox 1726 1271 1895 1324; x_wconf 85' lang='lat' dir='ltr'><strong>seque</strong></span> <span class='ocrx_word' id='word_1_111' title='bbox 1943 1253 1999 1306; x_wconf 90' lang='lat' dir='ltr'><strong>iu</strong></span> 
     </span>
    </p>
   </div>
   <div class='ocr_carea' id='block_1_16' title="bbox 418 1347 2015 1427">
    <p class='ocr_par' dir='ltr' id='par_1_16' title="bbox 418 1347 2015 1427">
     <span class='ocr_line' id='line_1_16' title="bbox 418 1347 2015 1427; baseline -0.012 -13"><span class='ocrx_word' id='word_1_112' title='bbox 418 1357 733 1427; x_wconf 80' lang='lat' dir='ltr'><strong>exquisitas</strong></span> <span class='ocrx_word' id='word_1_113' title='bbox 763 1357 949 1411; x_wconf 82' lang='lat' dir='ltr'><strong>cmnis</strong></span> <span class='ocrx_word' id='word_1_114' title='bbox 991 1355 1210 1421; x_wconf 60' lang='lat' dir='ltr'><strong>generis</strong></span> <span class='ocrx_word' id='word_1_115' title='bbox 1252 1352 1443 1422; x_wconf 78' lang='lat' dir='ltr'><strong>epulas</strong></span> <span class='ocrx_word' id='word_1_116' title='bbox 1487 1368 1552 1404; x_wconf 89' lang='lat' dir='ltr'><strong>ac</strong></span> <span class='ocrx_word' id='word_1_117' title='bbox 1594 1350 1902 1419; x_wconf 75' lang='lat' dir='ltr'><strong>potationes</strong></span> <span class='ocrx_word' id='word_1_118' title='bbox 1933 1347 2015 1397; x_wconf 84' lang='lat' dir='ltr'><strong>in—</strong></span> 
     </span>
    </p>
   </div>
   <div class='ocr_carea' id='block_1_17' title="bbox 420 1439 2012 1521">
    <p class='ocr_par' dir='ltr' id='par_1_17' title="bbox 420 1439 2012 1521">
     <span class='ocr_line' id='line_1_17' title="bbox 420 1439 2012 1521; baseline -0.01 -17"><span class='ocrx_word' id='word_1_119' title='bbox 420 1450 736 1521; x_wconf 73' lang='lat' dir='ltr'><strong>gurgitare;</strong></span> <span class='ocrx_word' id='word_1_120' title='bbox 803 1447 1098 1501; x_wconf 78' lang='lat' dir='ltr'><strong>tonsilium</strong></span> <span class='ocrx_word' id='word_1_121' title='bbox 1161 1454 1244 1499; x_wconf 78' lang='lat' dir='ltr'><strong>est</strong></span> <span class='ocrx_word' id='word_1_122' title='bbox 1297 1441 1630 1496; x_wconf 73' lang='lat' dir='ltr'><strong>insatiabilis</strong></span> <span class='ocrx_word' id='word_1_123' title='bbox 1689 1439 2012 1502; x_wconf 82' lang='lat' dir='ltr'><strong>voracisque</strong></span> 
     </span>
    </p>
   </div>
   <div class='ocr_carea' id='block_1_18' title="bbox 421 1531 2013 1609">
    <p class='ocr_par' dir='ltr' id='par_1_18' title="bbox 421 1531 2013 1609">
     <span class='ocr_line' id='line_1_18' title="bbox 421 1531 2013 1609; baseline -0.011 -14"><span class='ocrx_word' id='word_1_124' title='bbox 421 1539 747 1609; x_wconf 83' lang='lat' dir='ltr'><strong>cupiditatis</strong></span> <span class='ocrx_word' id='word_1_125' title='bbox 787 1554 802 1591; x_wconf 89' lang='lat'><strong>:</strong></span> <span class='ocrx_word' id='word_1_126' title='bbox 851 1536 1316 1606; x_wconf 85' lang='lat' dir='ltr'><strong>quemadmodum</strong></span> <span class='ocrx_word' id='word_1_127' title='bbox 1370 1531 1592 1586; x_wconf 81' lang='lat' dir='ltr'><strong>sordide</strong></span> <span class='ocrx_word' id='word_1_128' title='bbox 1635 1543 1908 1596; x_wconf 81' lang='lat' dir='ltr'><strong>avareque</strong></span> <span class='ocrx_word' id='word_1_129' title='bbox 1953 1541 2013 1580; x_wconf 90' lang='lat' dir='ltr'><strong>se</strong></span> 
     </span>
    </p>
   </div>
   <div class='ocr_carea' id='block_1_19' title="bbox 422 1623 2010 1704">
    <p class='ocr_par' dir='ltr' id='par_1_19' title="bbox 422 1623 2010 1704">
     <span class='ocr_line' id='line_1_19' title="bbox 422 1623 2010 1704; baseline -0.009 -17"><span class='ocrx_word' id='word_1_130' title='bbox 422 1649 648 1704; x_wconf 72' lang='lat' dir='ltr'><strong>gerere,</strong></span> <span class='ocrx_word' id='word_1_131' title='bbox 679 1640 736 1684; x_wconf 82' lang='lat' dir='ltr'><strong>et</strong></span> <span class='ocrx_word' id='word_1_132' title='bbox 765 1640 986 1697; x_wconf 79' lang='lat' dir='ltr'><strong>coactas</strong></span> <span class='ocrx_word' id='word_1_133' title='bbox 1016 1628 1198 1684; x_wconf 90' lang='lat' dir='ltr'><strong>omnis</strong></span> <span class='ocrx_word' id='word_1_134' title='bbox 1224 1625 1442 1696; x_wconf 84' lang='lat' dir='ltr'><strong>generis</strong></span> <span class='ocrx_word' id='word_1_135' title='bbox 1474 1639 1606 1692; x_wconf 84' lang='lat' dir='ltr'><strong>opes</strong></span> <span class='ocrx_word' id='word_1_136' title='bbox 1649 1623 1720 1676; x_wconf 87' lang='lat' dir='ltr'><strong>ita</strong></span> <span class='ocrx_word' id='word_1_137' title='bbox 1751 1634 1970 1674; x_wconf 66' lang='lat' dir='ltr'><strong>servate</strong></span> <span class='ocrx_word' id='word_1_138' title='bbox 1993 1655 2010 1681; x_wconf 87' lang='lat'><strong>,</strong></span> 
     </span>
    </p>
   </div>
   <div class='ocr_carea' id='block_1_20' title="bbox 425 1711 2010 1795">
    <p class='ocr_par' dir='ltr' id='par_1_20' title="bbox 425 1711 2010 1795">
     <span class='ocr_line' id='line_1_20' title="bbox 425 1711 2010 1795; baseline -0.011 -15"><span class='ocrx_word' id='word_1_139' title='bbox 425 1735 485 1780; x_wconf 91' lang='lat' dir='ltr'><strong>ut</strong></span> <span class='ocrx_word' id='word_1_140' title='bbox 535 1739 636 1794; x_wconf 91' lang='lat' dir='ltr'><strong>pro</strong></span> <span class='ocrx_word' id='word_1_141' title='bbox 681 1724 931 1795; x_wconf 87' lang='lat' dir='ltr'><strong>portione</strong></span> <span class='ocrx_word' id='word_1_142' title='bbox 973 1720 1168 1790; x_wconf 70' lang='lat' dir='ltr'><strong>copiae,</strong></span> <span class='ocrx_word' id='word_1_143' title='bbox 1209 1734 1332 1788; x_wconf 67' lang='lat' dir='ltr'><strong>quae</strong></span> <span class='ocrx_word' id='word_1_144' title='bbox 1368 1716 1595 1770; x_wconf 89' lang='lat' dir='ltr'><strong>domino</strong></span> <span class='ocrx_word' id='word_1_145' title='bbox 1638 1715 1915 1783; x_wconf 78' lang='lat' dir='ltr'><strong>suppetit,</strong></span> <span class='ocrx_word' id='word_1_146' title='bbox 1956 1711 2010 1764; x_wconf 91' lang='lat' dir='ltr'><strong>in</strong></span> 
     </span>
    </p>
   </div>
   <div class='ocr_carea' id='block_1_21' title="bbox 2181 971 3618 1044">
    <p class='ocr_par' dir='ltr' id='par_1_21' title="bbox 2181 971 3618 1044">
     <span class='ocr_line' id='line_1_21' title="bbox 2181 971 3618 1044; baseline -0.001 -18"><span class='ocrx_word' id='word_1_147' title='bbox 2181 971 2352 1026; x_wconf 75' lang='grc' dir='ltr'>Τοῦτο</span> <span class='ocrx_word' id='word_1_148' title='bbox 2377 972 2471 1026; x_wconf 79' lang='grc' dir='ltr'>οὖν</span> <span class='ocrx_word' id='word_1_149' title='bbox 2501 972 2619 1026; x_wconf 76' lang='grc' dir='ltr'>ἐστι</span> <span class='ocrx_word' id='word_1_150' title='bbox 2657 975 2758 1043; x_wconf 79' lang='grc' dir='ltr'>τῆς</span> <span class='ocrx_word' id='word_1_151' title='bbox 2801 973 3008 1028; x_wconf 79' lang='grc' dir='ltr'>ἄνωθεν</span> <span class='ocrx_word' id='word_1_152' title='bbox 3035 974 3332 1044; x_wconf 80' lang='grc' dir='ltr'><strong>ἠρτημένον</strong></span> <span class='ocrx_word' id='word_1_153' title='bbox 3359 972 3490 1036; x_wconf 86' lang='grc' dir='ltr'>θείας</span> <span class='ocrx_word' id='word_1_154' title='bbox 3513 990 3618 1044; x_wconf 82' lang='grc' dir='ltr'>συμ-</span> 
     </span>
    </p>
   </div>
   <div class='ocr_carea' id='block_1_22' title="bbox 2113 1063 3620 1138">
    <p class='ocr_par' dir='ltr' id='par_1_22' title="bbox 2113 1063 3620 1138">
     <span class='ocr_line' id='line_1_22' title="bbox 2113 1063 3620 1138; baseline 0.001 -22"><span class='ocrx_word' id='word_1_155' title='bbox 2113 1063 2312 1136; x_wconf 77' lang='grc' dir='ltr'>ϐουλῆς</span> <span class='ocrx_word' id='word_1_156' title='bbox 2339 1065 2436 1119; x_wconf 74' lang='grc' dir='ltr'><strong>καὶ</strong></span> <span class='ocrx_word' id='word_1_157' title='bbox 2461 1067 2846 1136; x_wconf 78' lang='grc' dir='ltr'><strong>φιλανθρώπου</strong></span> <span class='ocrx_word' id='word_1_158' title='bbox 2876 1067 3132 1138; x_wconf 73' lang='grc' dir='ltr'><strong>προνοίας</strong></span> <span class='ocrx_word' id='word_1_159' title='bbox 3149 1084 3165 1098; x_wconf 83' lang='lat'><strong><em>°</em></strong></span> <span class='ocrx_word' id='word_1_160' title='bbox 3200 1065 3259 1118; x_wconf 74' lang='grc' dir='ltr'>τὸ</span> <span class='ocrx_word' id='word_1_161' title='bbox 3286 1065 3343 1120; x_wconf 76' lang='grc' dir='ltr'>δὲ</span> <span class='ocrx_word' id='word_1_162' title='bbox 3379 1069 3620 1138; x_wconf 79' lang='grc' dir='ltr'>κεχρῆσθαι</span> 
     </span>
    </p>
   </div>
   <div class='ocr_carea' id='block_1_23' title="bbox 2109 1158 3622 1231">
    <p class='ocr_par' dir='ltr' id='par_1_23' title="bbox 2109 1158 3622 1231">
     <span class='ocr_line' id='line_1_23' title="bbox 2109 1158 3622 1231; baseline -0.001 -20"><span class='ocrx_word' id='word_1_163' title='bbox 2109 1162 2234 1224; x_wconf 88' lang='grc' dir='ltr'>ταῖς</span> <span class='ocrx_word' id='word_1_164' title='bbox 2265 1161 2414 1230; x_wconf 68' lang='grc' dir='ltr'>παρὰ</span> <span class='ocrx_word' id='word_1_165' title='bbox 2444 1160 2544 1231; x_wconf 78' lang='grc' dir='ltr'><strong>τὴν</strong></span> <span class='ocrx_word' id='word_1_166' title='bbox 2575 1159 2768 1231; x_wconf 79' lang='grc' dir='ltr'>χρείαν</span> <span class='ocrx_word' id='word_1_167' title='bbox 2801 1158 3179 1229; x_wconf 80' lang='grc' dir='ltr'>ἀδδηφαγίαις,</span> <span class='ocrx_word' id='word_1_168' title='bbox 3210 1161 3301 1212; x_wconf 76' lang='grc' dir='ltr'><strong>καὶ</strong></span> <span class='ocrx_word' id='word_1_169' title='bbox 3337 1158 3426 1226; x_wconf 82' lang='grc' dir='ltr'>τῆς</span> <span class='ocrx_word' id='word_1_170' title='bbox 3456 1158 3622 1226; x_wconf 81' lang='grc' dir='ltr'>φύσεως</span> 
     </span>
    </p>
   </div>
   <div class='ocr_carea' id='block_1_24' title="bbox 2111 1251 3622 1322">
    <p class='ocr_par' dir='ltr' id='par_1_24' title="bbox 2111 1251 3622 1322">
     <span class='ocr_line' id='line_1_24' title="bbox 2111 1251 3622 1322; baseline 0 -20"><span class='ocrx_word' id='word_1_171' title='bbox 2111 1251 2212 1319; x_wconf 78' lang='grc' dir='ltr'>τὴν</span> <span class='ocrx_word' id='word_1_172' title='bbox 2241 1251 2575 1321; x_wconf 81' lang='grc' dir='ltr'>αὐτάρκειαν</span> <span class='ocrx_word' id='word_1_173' title='bbox 2601 1252 2950 1322; x_wconf 75' lang='grc' dir='ltr'>ὑπερϐαίνειν</span> <span class='ocrx_word' id='word_1_174' title='bbox 2979 1253 3076 1306; x_wconf 78' lang='grc' dir='ltr'>καὶ</span> <span class='ocrx_word' id='word_1_175' title='bbox 3100 1252 3529 1322; x_wconf 85' lang='grc' dir='ltr'>κατεμφορείσθαι</span> <span class='ocrx_word' id='word_1_176' title='bbox 3545 1251 3622 1302; x_wconf 80' lang='grc' dir='ltr'><strong>τῶν</strong></span> 
     </span>
    </p>
   </div>
   <div class='ocr_carea' id='block_1_25' title="bbox 2115 1340 3624 1412">
    <p class='ocr_par' dir='ltr' id='par_1_25' title="bbox 2115 1340 3624 1412">
     <span class='ocr_line' id='line_1_25' title="bbox 2115 1340 3624 1412; baseline -0.001 -18"><span class='ocrx_word' id='word_1_177' title='bbox 2115 1342 2532 1412; x_wconf 82' lang='grc' dir='ltr'>καρυκευτικῶν</span> <span class='ocrx_word' id='word_1_178' title='bbox 2579 1342 2674 1396; x_wconf 75' lang='grc' dir='ltr'>καὶ</span> <span class='ocrx_word' id='word_1_179' title='bbox 2709 1342 3068 1397; x_wconf 80' lang='grc' dir='ltr'><strong>παντοδαπῶν</strong></span> <span class='ocrx_word' id='word_1_180' title='bbox 3116 1340 3410 1412; x_wconf 76' lang='grc' dir='ltr'><strong>βρωμάτων</strong></span> <span class='ocrx_word' id='word_1_181' title='bbox 3448 1344 3525 1393; x_wconf 86' lang='grc' dir='ltr'>καὶ</span> <span class='ocrx_word' id='word_1_182' title='bbox 3549 1359 3624 1393; x_wconf 82' lang='grc' dir='ltr'>πο-</span> 
     </span>
    </p>
   </div>
   <div class='ocr_carea' id='block_1_26' title="bbox 2118 1434 3624 1507">
    <p class='ocr_par' dir='ltr' id='par_1_26' title="bbox 2118 1434 3624 1507">
     <span class='ocr_line' id='line_1_26' title="bbox 2118 1434 3624 1507; baseline -0.001 -19"><span class='ocrx_word' id='word_1_183' title='bbox 2118 1436 2330 1503; x_wconf 82' lang='grc' dir='ltr'>μάτων,</span> <span class='ocrx_word' id='word_1_184' title='bbox 2359 1435 2416 1501; x_wconf 78' lang='grc' dir='ltr'><strong>ἐξ</strong></span> <span class='ocrx_word' id='word_1_185' title='bbox 2449 1436 2754 1506; x_wconf 74' lang='grc' dir='ltr'><strong>ἀκορέστου</strong></span> <span class='ocrx_word' id='word_1_186' title='bbox 2785 1437 2879 1489; x_wconf 78' lang='grc' dir='ltr'>καὶ</span> <span class='ocrx_word' id='word_1_187' title='bbox 2904 1435 3276 1507; x_wconf 84' lang='grc' dir='ltr'>λαιμαργικῆς</span> <span class='ocrx_word' id='word_1_188' title='bbox 3296 1434 3386 1488; x_wconf 76' lang='grc' dir='ltr'><strong>τοῦ</strong></span> <span class='ocrx_word' id='word_1_189' title='bbox 3413 1434 3624 1504; x_wconf 83' lang='grc' dir='ltr'>σαρκικοῦ</span> 
     </span>
    </p>
   </div>
   <div class='ocr_carea' id='block_1_27' title="bbox 2113 1523 3623 1599">
    <p class='ocr_par' dir='ltr' id='par_1_27' title="bbox 2113 1523 3623 1599">
     <span class='ocr_line' id='line_1_27' title="bbox 2113 1523 3623 1599; baseline -0.012 -4"><span class='ocrx_word' id='word_1_190' title='bbox 2113 1526 2466 1596; x_wconf 80' lang='grc' dir='ltr'>φρονήματος</span> <span class='ocrx_word' id='word_1_191' title='bbox 2511 1527 2703 1597; x_wconf 76' lang='grc' dir='ltr'>ἡδονῆς</span> <span class='ocrx_word' id='word_1_192' title='bbox 2725 1544 2739 1559; x_wconf 88' lang='grc'><strong>·</strong></span> <span class='ocrx_word' id='word_1_193' title='bbox 2786 1529 2816 1597; x_wconf 79' lang='grc' dir='ltr'>ἦ</span> <span class='ocrx_word' id='word_1_194' title='bbox 2846 1528 2909 1580; x_wconf 77' lang='grc' dir='ltr'>τὸ</span> <span class='ocrx_word' id='word_1_195' title='bbox 2957 1527 3218 1597; x_wconf 80' lang='grc' dir='ltr'>φειδωλὸν</span> <span class='ocrx_word' id='word_1_196' title='bbox 3257 1523 3410 1599; x_wconf 79' lang='grc' dir='ltr'>εἶναι,</span> <span class='ocrx_word' id='word_1_197' title='bbox 3442 1529 3522 1580; x_wconf 80' lang='grc' dir='ltr'>καὶ</span> <span class='ocrx_word' id='word_1_198' title='bbox 3548 1545 3623 1594; x_wconf 80' lang='grc' dir='ltr'>φυ-</span> 
     </span>
    </p>
   </div>
   <div class='ocr_carea' id='block_1_28' title="bbox 2113 1617 3626 1685">
    <p class='ocr_par' dir='ltr' id='par_1_28' title="bbox 2113 1617 3626 1685">
     <span class='ocr_line' id='line_1_28' title="bbox 2113 1617 3626 1685; baseline 0.003 -17"><span class='ocrx_word' id='word_1_199' title='bbox 2113 1617 2329 1670; x_wconf 84' lang='grc' dir='ltr'>λάττειν</span> <span class='ocrx_word' id='word_1_200' title='bbox 2363 1617 2454 1670; x_wconf 81' lang='grc' dir='ltr'><strong>τὸν</strong></span> <span class='ocrx_word' id='word_1_201' title='bbox 2494 1619 2740 1674; x_wconf 79' lang='grc' dir='ltr'><strong>ποικίλον</strong></span> <span class='ocrx_word' id='word_1_202' title='bbox 2771 1622 2867 1675; x_wconf 79' lang='grc' dir='ltr'>καὶ</span> <span class='ocrx_word' id='word_1_203' title='bbox 2897 1621 3243 1676; x_wconf 76' lang='grc' dir='ltr'>παντοδαπὸν</span> <span class='ocrx_word' id='word_1_204' title='bbox 3293 1619 3516 1685; x_wconf 72' lang='grc' dir='ltr'>πλοῦτον,</span> <span class='ocrx_word' id='word_1_205' title='bbox 3556 1621 3626 1672; x_wconf 81' lang='grc' dir='ltr'>καὶ</span> 
     </span>
    </p>
   </div>
   <div class='ocr_carea' id='block_1_29' title="bbox 2117 1709 3626 1784">
    <p class='ocr_par' dir='ltr' id='par_1_29' title="bbox 2117 1709 3626 1784">
     <span class='ocr_line' id='line_1_29' title="bbox 2117 1709 3626 1784; baseline -0.001 -22"><span class='ocrx_word' id='word_1_206' title='bbox 2117 1709 2192 1778; x_wconf 86' lang='grc' dir='ltr'>μὴ</span> <span class='ocrx_word' id='word_1_207' title='bbox 2222 1709 2512 1782; x_wconf 78' lang='grc' dir='ltr'>διαδιδόναι</span> <span class='ocrx_word' id='word_1_208' title='bbox 2543 1714 2656 1774; x_wconf 78' lang='grc' dir='ltr'>τοῖς</span> <span class='ocrx_word' id='word_1_209' title='bbox 2681 1713 2874 1784; x_wconf 80' lang='grc' dir='ltr'>χρείαν</span> <span class='ocrx_word' id='word_1_210' title='bbox 2899 1714 3084 1784; x_wconf 77' lang='grc' dir='ltr'>ἔχουσι</span> <span class='ocrx_word' id='word_1_211' title='bbox 3115 1714 3258 1768; x_wconf 82' lang='grc' dir='ltr'><strong>κατά</strong></span> <span class='ocrx_word' id='word_1_212' title='bbox 3274 1715 3368 1784; x_wconf 76' lang='grc' dir='ltr'>τὴν</span> <span class='ocrx_word' id='word_1_213' title='bbox 3393 1711 3626 1778; x_wconf 72' lang='grc' dir='ltr'>ἀναλογίαν</span> 
     </span>
    </p>
   </div>
   <div class='ocr_carea' id='block_1_30' title="bbox 420 1801 2020 1876">
    <p class='ocr_par' dir='ltr' id='par_1_30' title="bbox 420 1803 2011 1876">
     <span class='ocr_line' id='line_1_30' title="bbox 420 1803 2011 1876; baseline -0.01 -4"><span class='ocrx_word' id='word_1_214' title='bbox 420 1831 615 1872; x_wconf 85' lang='lat' dir='ltr'><strong>eorum</strong></span> <span class='ocrx_word' id='word_1_215' title='bbox 642 1814 930 1871; x_wconf 88' lang='lat' dir='ltr'><strong>commoda</strong></span> <span class='ocrx_word' id='word_1_216' title='bbox 966 1829 1075 1867; x_wconf 92' lang='lat' dir='ltr'><strong>non</strong></span> <span class='ocrx_word' id='word_1_217' title='bbox 1106 1809 1497 1872; x_wconf 88' lang='lat' dir='ltr'><strong>refundantur,</strong></span> <span class='ocrx_word' id='word_1_218' title='bbox 1529 1822 1669 1876; x_wconf 88' lang='lat' dir='ltr'><strong>quos</strong></span> <span class='ocrx_word' id='word_1_219' title='bbox 1713 1803 2011 1858; x_wconf 84' lang='lat' dir='ltr'><strong>necessitas</strong></span> 
     </span>
    </p>
   </div>
   <div class='ocr_carea' id='block_1_31' title="bbox 2124 1801 3626 1876">
    <p class='ocr_par' dir='ltr' id='par_1_31' title="bbox 2124 1801 3626 1876">
     <span class='ocr_line' id='line_1_31' title="bbox 2124 1801 3626 1876; baseline -0.008 -10"><span class='ocrx_word' id='word_1_220' title='bbox 2124 1805 2213 1872; x_wconf 76' lang='grc' dir='ltr'><strong>τῆς</strong></span> <span class='ocrx_word' id='word_1_221' title='bbox 2243 1801 2556 1873; x_wconf 77' lang='grc' dir='ltr'><strong>προσούσης</strong></span> <span class='ocrx_word' id='word_1_222' title='bbox 2581 1803 2661 1874; x_wconf 83' lang='grc' dir='ltr'>τῷ</span> <span class='ocrx_word' id='word_1_223' title='bbox 2694 1807 3019 1876; x_wconf 77' lang='grc' dir='ltr'>κεκτημένῳ</span> <span class='ocrx_word' id='word_1_224' title='bbox 3047 1807 3383 1876; x_wconf 80' lang='grc' dir='ltr'>περιουσίας,</span> <span class='ocrx_word' id='word_1_225' title='bbox 3410 1805 3496 1857; x_wconf 78' lang='grc' dir='ltr'><strong>οὑκ</strong></span> <span class='ocrx_word' id='word_1_226' title='bbox 3519 1803 3626 1855; x_wconf 80' lang='grc' dir='ltr'>ἐστιν</span> 
     </span>
    </p>
   </div>
   <div class='ocr_carea' id='block_1_32' title="bbox 424 1899 2004 1980">
    <p class='ocr_par' dir='ltr' id='par_1_32' title="bbox 424 1899 2004 1980">
     <span class='ocr_line' id='line_1_32' title="bbox 424 1899 2004 1980; baseline -0.011 -15"><span class='ocrx_word' id='word_1_227' title='bbox 424 1910 622 1980; x_wconf 81' lang='lat' dir='ltr'><strong>premit</strong></span> <span class='ocrx_word' id='word_1_228' title='bbox 649 1947 666 1976; x_wconf 91' lang='lat'><strong>,</strong></span> <span class='ocrx_word' id='word_1_229' title='bbox 695 1924 729 1974; x_wconf 41' lang='lat' dir='ltr'><strong>,a</strong></span> <span class='ocrx_word' id='word_1_230' title='bbox 762 1908 871 1962; x_wconf 90' lang='lat' dir='ltr'><strong>Deo</strong></span> <span class='ocrx_word' id='word_1_231' title='bbox 910 1921 1018 1960; x_wconf 89' lang='lat' dir='ltr'><strong>non</strong></span> <span class='ocrx_word' id='word_1_232' title='bbox 1059 1914 1188 1960; x_wconf 87' lang='lat' dir='ltr'><strong>est:</strong></span> <span class='ocrx_word' id='word_1_233' title='bbox 1235 1913 1531 1972; x_wconf 88' lang='lat' dir='ltr'><strong>utrumque</strong></span> <span class='ocrx_word' id='word_1_234' title='bbox 1581 1899 1727 1954; x_wconf 88' lang='lat' dir='ltr'><strong>enim</strong></span> <span class='ocrx_word' id='word_1_235' title='bbox 1777 1899 1848 1952; x_wconf 89' lang='lat' dir='ltr'><strong>ab</strong></span> <span class='ocrx_word' id='word_1_236' title='bbox 1897 1911 2004 1950; x_wconf 87' lang='lat' dir='ltr'><strong>una</strong></span> 
     </span>
    </p>
   </div>
   <div class='ocr_carea' id='block_1_33' title="bbox 426 1993 2004 2066">
    <p class='ocr_par' dir='ltr' id='par_1_33' title="bbox 426 1993 2004 2066">
     <span class='ocr_line' id='line_1_33' title="bbox 426 1993 2004 2066; baseline -0.01 -11"><span class='ocrx_word' id='word_1_237' title='bbox 426 2000 668 2056; x_wconf 86' lang='lat' dir='ltr'><strong>hominis</strong></span> <span class='ocrx_word' id='word_1_238' title='bbox 717 2000 1004 2054; x_wconf 84' lang='lat' dir='ltr'><strong>voluntate</strong></span> <span class='ocrx_word' id='word_1_239' title='bbox 1040 2005 1205 2066; x_wconf 88' lang='lat' dir='ltr'><strong>atque</strong></span> <span class='ocrx_word' id='word_1_240' title='bbox 1247 2009 1509 2066; x_wconf 82' lang='lat' dir='ltr'><strong>perverso</strong></span> <span class='ocrx_word' id='word_1_241' title='bbox 1549 1993 1782 2046; x_wconf 83' lang='lat' dir='ltr'><strong>consilio</strong></span> <span class='ocrx_word' id='word_1_242' title='bbox 1825 2000 2004 2042; x_wconf 90' lang='lat' dir='ltr'><strong>ortum</strong></span> 
     </span>
    </p>
   </div>
   <div class='ocr_carea' id='block_1_34' title="bbox 428 2081 2007 2163">
    <p class='ocr_par' dir='ltr' id='par_1_34' title="bbox 428 2081 2007 2163">
     <span class='ocr_line' id='line_1_34' title="bbox 428 2081 2007 2163; baseline -0.009 -16"><span class='ocrx_word' id='word_1_243' title='bbox 428 2094 630 2160; x_wconf 88' lang='lat' dir='ltr'><strong>habet;</strong></span> <span class='ocrx_word' id='word_1_244' title='bbox 661 2107 836 2163; x_wconf 89' lang='lat' dir='ltr'><strong>quare</strong></span> <span class='ocrx_word' id='word_1_245' title='bbox 871 2105 996 2145; x_wconf 93' lang='lat' dir='ltr'><strong>cum</strong></span> <span class='ocrx_word' id='word_1_246' title='bbox 1031 2089 1108 2154; x_wconf 89' lang='lat' dir='ltr'><strong>id,</strong></span> <span class='ocrx_word' id='word_1_247' title='bbox 1141 2088 1288 2158; x_wconf 89' lang='lat' dir='ltr'><strong>quod</strong></span> <span class='ocrx_word' id='word_1_248' title='bbox 1325 2087 1388 2140; x_wconf 88' lang='lat' dir='ltr'><strong>in-</strong></span> <span class='ocrx_word' id='word_1_249' title='bbox 1418 2085 1642 2139; x_wconf 75' lang='grc' dir='ltr'>Ιιυιηὶιιο</span> <span class='ocrx_word' id='word_1_250' title='bbox 1674 2081 2007 2152; x_wconf 67' lang='grc' dir='ltr'>ρι’τρρίυιιυω</span> 
     </span>
    </p>
   </div>
   <div class='ocr_carea' id='block_1_35' title="bbox 424 2170 2010 2252">
    <p class='ocr_par' dir='ltr' id='par_1_35' title="bbox 424 2170 2010 2252">
     <span class='ocr_line' id='line_1_35' title="bbox 424 2170 2010 2252; baseline -0.011 -12"><span class='ocrx_word' id='word_1_251' title='bbox 424 2194 548 2251; x_wconf 87' lang='lat' dir='ltr'><strong>est,</strong></span> <span class='ocrx_word' id='word_1_252' title='bbox 577 2199 734 2238; x_wconf 88' lang='lat' dir='ltr'><strong>mens</strong></span> <span class='ocrx_word' id='word_1_253' title='bbox 760 2192 929 2252; x_wconf 88' lang='lat' dir='ltr'><strong>atque</strong></span> <span class='ocrx_word' id='word_1_254' title='bbox 960 2181 1103 2235; x_wconf 87' lang='lat' dir='ltr'><strong>ratio</strong></span> <span class='ocrx_word' id='word_1_255' title='bbox 1124 2218 1140 2245; x_wconf 89' lang='lat'><strong>,</strong></span> <span class='ocrx_word' id='word_1_256' title='bbox 1179 2187 1440 2248; x_wconf 87' lang='lat' dir='ltr'><strong>tauquam</strong></span> <span class='ocrx_word' id='word_1_257' title='bbox 1470 2175 1522 2228; x_wconf 91' lang='lat' dir='ltr'><strong>in</strong></span> <span class='ocrx_word' id='word_1_258' title='bbox 1561 2175 1879 2228; x_wconf 81' lang='lat' dir='ltr'><strong>servitutem</strong></span> <span class='ocrx_word' id='word_1_259' title='bbox 1910 2170 2010 2224; x_wconf 84' lang='lat' dir='ltr'><strong>ad-</strong></span> 
     </span>
    </p>
   </div>
   <div class='ocr_carea' id='block_1_36' title="bbox 426 2265 2011 2340">
    <p class='ocr_par' dir='ltr' id='par_1_36' title="bbox 426 2265 2011 2340">
     <span class='ocr_line' id='line_1_36' title="bbox 426 2265 2011 2340; baseline -0.011 -10"><span class='ocrx_word' id='word_1_260' title='bbox 426 2274 630 2338; x_wconf 87' lang='lat' dir='ltr'><strong>ducta,</strong></span> <span class='ocrx_word' id='word_1_261' title='bbox 677 2273 880 2327; x_wconf 85' lang='lat' dir='ltr'><strong>misere</strong></span> <span class='ocrx_word' id='word_1_262' title='bbox 925 2271 998 2325; x_wconf 93' lang='lat' dir='ltr'><strong>ob</strong></span> <span class='ocrx_word' id='word_1_263' title='bbox 1046 2269 1332 2340; x_wconf 84' lang='lat' dir='ltr'><strong>crapulam</strong></span> <span class='ocrx_word' id='word_1_264' title='bbox 1383 2265 1660 2329; x_wconf 83' lang='lat' dir='ltr'><strong>hebescit,</strong></span> <span class='ocrx_word' id='word_1_265' title='bbox 1707 2279 1807 2318; x_wconf 76' lang='lat' dir='ltr'><strong>nec</strong></span> <span class='ocrx_word' id='word_1_266' title='bbox 1853 2275 2011 2316; x_wconf 83' lang='lat' dir='ltr'><strong>reno-</strong></span> 
     </span>
    </p>
   </div>
   <div class='ocr_carea' id='block_1_37' title="bbox 427 2355 2012 2432">
    <p class='ocr_par' dir='ltr' id='par_1_37' title="bbox 427 2355 2012 2432">
     <span class='ocr_line' id='line_1_37' title="bbox 427 2355 2012 2432; baseline -0.01 -11"><span class='ocrx_word' id='word_1_267' title='bbox 427 2368 547 2421; x_wconf 83' lang='lat' dir='ltr'><strong>vari</strong></span> <span class='ocrx_word' id='word_1_268' title='bbox 592 2365 860 2420; x_wconf 87' lang='lat' dir='ltr'><strong>divinitus</strong></span> <span class='ocrx_word' id='word_1_269' title='bbox 896 2373 950 2416; x_wconf 84' lang='lat' dir='ltr'><strong>et</strong></span> <span class='ocrx_word' id='word_1_270' title='bbox 991 2359 1400 2432; x_wconf 81' lang='lat' dir='ltr'><strong>cognitionibus</strong></span> <span class='ocrx_word' id='word_1_271' title='bbox 1439 2373 1504 2410; x_wconf 90' lang='lat' dir='ltr'><strong>ac</strong></span> <span class='ocrx_word' id='word_1_272' title='bbox 1553 2355 1876 2410; x_wconf 85' lang='lat' dir='ltr'><strong>ministeriis</strong></span> <span class='ocrx_word' id='word_1_273' title='bbox 1916 2367 2012 2422; x_wconf 84' lang='lat' dir='ltr'><strong>par</strong></span> 
     </span>
    </p>
   </div>
   <div class='ocr_carea' id='block_1_38' title="bbox 428 2444 2011 2526">
    <p class='ocr_par' dir='ltr' id='par_1_38' title="bbox 428 2444 2011 2526">
     <span class='ocr_line' id='line_1_38' title="bbox 428 2444 2011 2526; baseline -0.01 -14"><span class='ocrx_word' id='word_1_274' title='bbox 428 2472 554 2514; x_wconf 86' lang='lat' dir='ltr'><strong>esse</strong></span> <span class='ocrx_word' id='word_1_275' title='bbox 581 2467 762 2526; x_wconf 86' lang='lat' dir='ltr'><strong>potest</strong></span> <span class='ocrx_word' id='word_1_276' title='bbox 795 2471 810 2521; x_wconf 89' lang='lat'><strong>;</strong></span> <span class='ocrx_word' id='word_1_277' title='bbox 845 2465 960 2508; x_wconf 90' lang='lat' dir='ltr'><strong>tum</strong></span> <span class='ocrx_word' id='word_1_278' title='bbox 994 2453 1200 2506; x_wconf 73' lang='lat' dir='ltr'><strong>divitia:</strong></span> <span class='ocrx_word' id='word_1_279' title='bbox 1231 2451 1284 2504; x_wconf 87' lang='lat' dir='ltr'><strong>in</strong></span> <span class='ocrx_word' id='word_1_280' title='bbox 1318 2449 1589 2504; x_wconf 86' lang='lat' dir='ltr'><strong>malorum</strong></span> <span class='ocrx_word' id='word_1_281' title='bbox 1630 2455 1684 2500; x_wconf 88' lang='lat' dir='ltr'><strong>et</strong></span> <span class='ocrx_word' id='word_1_282' title='bbox 1716 2444 2011 2513; x_wconf 63' lang='lat' dir='ltr'><strong>flagitioso-</strong></span> 
     </span>
    </p>
   </div>
   <div class='ocr_carea' id='block_1_39' title="bbox 431 2534 2012 2610">
    <p class='ocr_par' dir='ltr' id='par_1_39' title="bbox 431 2534 2012 2610">
     <span class='ocr_line' id='line_1_39' title="bbox 431 2534 2012 2610; baseline -0.013 -4"><span class='ocrx_word' id='word_1_283' title='bbox 431 2565 552 2605; x_wconf 84' lang='lat' dir='ltr'><strong>rum</strong></span> <span class='ocrx_word' id='word_1_284' title='bbox 590 2547 874 2601; x_wconf 81' lang='lat' dir='ltr'><strong>hominum</strong></span> <span class='ocrx_word' id='word_1_285' title='bbox 913 2543 1201 2598; x_wconf 86' lang='lat' dir='ltr'><strong>commoda</strong></span> <span class='ocrx_word' id='word_1_286' title='bbox 1231 2540 1486 2610; x_wconf 69' lang='lat' dir='ltr'><strong>sepositae</strong></span> <span class='ocrx_word' id='word_1_287' title='bbox 1517 2549 1718 2592; x_wconf 84' lang='lat' dir='ltr'><strong>a-terna</strong></span> <span class='ocrx_word' id='word_1_288' title='bbox 1746 2534 2012 2603; x_wconf 75' lang='lat' dir='ltr'><strong>supplicia</strong></span> 
     </span>
    </p>
   </div>
   <div class='ocr_carea' id='block_1_40' title="bbox 431 2626 2012 2710">
    <p class='ocr_par' dir='ltr' id='par_1_40' title="bbox 431 2626 2012 2710">
     <span class='ocr_line' id='line_1_40' title="bbox 431 2626 2012 2710; baseline -0.01 -17"><span class='ocrx_word' id='word_1_289' title='bbox 431 2635 852 2710; x_wconf 78' lang='lat' dir='ltr'><strong>possessoribus</strong></span> <span class='ocrx_word' id='word_1_290' title='bbox 883 2645 1100 2704; x_wconf 89' lang='lat' dir='ltr'><strong>parant.</strong></span> <span class='ocrx_word' id='word_1_291' title='bbox 1131 2631 1199 2686; x_wconf 88' lang='lat' dir='ltr'><strong>Ut</strong></span> <span class='ocrx_word' id='word_1_292' title='bbox 1228 2634 1374 2686; x_wconf 89' lang='lat' dir='ltr'><strong>enim</strong></span> <span class='ocrx_word' id='word_1_293' title='bbox 1406 2630 1640 2683; x_wconf 85' lang='lat' dir='ltr'><strong>aliorum</strong></span> <span class='ocrx_word' id='word_1_294' title='bbox 1672 2626 1880 2680; x_wconf 87' lang='lat' dir='ltr'><strong>miserti</strong></span> <span class='ocrx_word' id='word_1_295' title='bbox 1905 2639 2012 2678; x_wconf 91' lang='lat' dir='ltr'><strong>non</strong></span> 
     </span>
    </p>
   </div>
   <div class='ocr_carea' id='block_1_41' title="bbox 431 2719 2016 2797">
    <p class='ocr_par' dir='ltr' id='par_1_41' title="bbox 431 2719 2016 2797">
     <span class='ocr_line' id='line_1_41' title="bbox 431 2719 2016 2797; baseline -0.009 -11"><span class='ocrx_word' id='word_1_296' title='bbox 431 2743 582 2796; x_wconf 86' lang='lat' dir='ltr'><strong>sunt,</strong></span> <span class='ocrx_word' id='word_1_297' title='bbox 609 2731 682 2782; x_wconf 85' lang='lat' dir='ltr'><strong>ita</strong></span> <span class='ocrx_word' id='word_1_298' title='bbox 705 2729 850 2782; x_wconf 87' lang='lat' dir='ltr'><strong>nulla</strong></span> <span class='ocrx_word' id='word_1_299' title='bbox 876 2727 1009 2797; x_wconf 85' lang='lat' dir='ltr'><strong>ipsis</strong></span> <span class='ocrx_word' id='word_1_300' title='bbox 1043 2725 1420 2780; x_wconf 81' lang='lat' dir='ltr'><strong>misericordia</strong></span> <span class='ocrx_word' id='word_1_301' title='bbox 1459 2723 1732 2776; x_wconf 86' lang='lat' dir='ltr'><strong>tribuetur</strong></span> <span class='ocrx_word' id='word_1_302' title='bbox 1760 2737 1772 2769; x_wconf 90' lang='lat'><strong>:</strong></span> <span class='ocrx_word' id='word_1_303' title='bbox 1811 2719 2016 2788; x_wconf 82' lang='lat' dir='ltr'><strong>quique</strong></span> 
     </span>
    </p>
   </div>
   <div class='ocr_carea' id='block_1_42' title="bbox 433 2807 2016 2886">
    <p class='ocr_par' dir='ltr' id='par_1_42' title="bbox 433 2807 2016 2886">
     <span class='ocr_line' id='line_1_42' title="bbox 433 2807 2016 2886; baseline -0.011 -8"><span class='ocrx_word' id='word_1_304' title='bbox 433 2823 572 2878; x_wconf 85' lang='lat' dir='ltr'><strong>nihil</strong></span> <span class='ocrx_word' id='word_1_305' title='bbox 602 2824 697 2876; x_wconf 85' lang='lat' dir='ltr'><strong>ulli</strong></span> <span class='ocrx_word' id='word_1_306' title='bbox 733 2811 1262 2883; x_wconf 74' lang='lat' dir='ltr'><strong>contmodaverunt,</strong></span> <span class='ocrx_word' id='word_1_307' title='bbox 1291 2816 1405 2886; x_wconf 90' lang='lat' dir='ltr'><strong>pari</strong></span> <span class='ocrx_word' id='word_1_308' title='bbox 1443 2815 1652 2868; x_wconf 87' lang='lat' dir='ltr'><strong>ratione</strong></span> <span class='ocrx_word' id='word_1_309' title='bbox 1685 2830 1714 2866; x_wconf 89' lang='lat' dir='ltr'><strong>a</strong></span> <span class='ocrx_word' id='word_1_310' title='bbox 1748 2811 1888 2873; x_wconf 90' lang='lat' dir='ltr'><strong>Deo,</strong></span> <span class='ocrx_word' id='word_1_311' title='bbox 1920 2807 2016 2878; x_wconf 87' lang='lat' dir='ltr'><strong>qui</strong></span> 
     </span>
    </p>
   </div>
   <div class='ocr_carea' id='block_1_43' title="bbox 433 2899 2016 2983">
    <p class='ocr_par' dir='ltr' id='par_1_43' title="bbox 433 2899 2016 2983">
     <span class='ocr_line' id='line_1_43' title="bbox 433 2899 2016 2983; baseline -0.009 -16"><span class='ocrx_word' id='word_1_312' title='bbox 433 2913 635 2968; x_wconf 81' lang='lat' dir='ltr'><strong>donata</strong></span> <span class='ocrx_word' id='word_1_313' title='bbox 673 2912 862 2983; x_wconf 67' lang='lat' dir='ltr'><strong>egenis</strong></span> <span class='ocrx_word' id='word_1_314' title='bbox 909 2913 1014 2968; x_wconf 84' lang='lat' dir='ltr'><strong>sibi</strong></span> <span class='ocrx_word' id='word_1_315' title='bbox 1055 2912 1182 2967; x_wconf 83' lang='lat' dir='ltr'><strong>data</strong></span> <span class='ocrx_word' id='word_1_316' title='bbox 1227 2917 1411 2978; x_wconf 84' lang='lat' dir='ltr'><strong>putat,</strong></span> <span class='ocrx_word' id='word_1_317' title='bbox 1467 2905 1672 2960; x_wconf 86' lang='lat' dir='ltr'><strong>nullam</strong></span> <span class='ocrx_word' id='word_1_318' title='bbox 1711 2899 2016 2958; x_wconf 84' lang='lat' dir='ltr'><strong>mercedem</strong></span> 
     </span>
    </p>
   </div>
   <div class='ocr_carea' id='block_1_44' title="bbox 433 3002 628 3060">
    <p class='ocr_par' dir='ltr' id='par_1_44' title="bbox 433 3002 628 3060">
     <span class='ocr_line' id='line_1_44' title="bbox 433 3002 628 3060; baseline -0.005 0"><span class='ocrx_word' id='word_1_319' title='bbox 433 3002 628 3060; x_wconf 77' lang='lat' dir='ltr'><strong>ferent.</strong></span> 
     </span>
    </p>
   </div>
   <div class='ocr_carea' id='block_1_45' title="bbox 510 3089 2020 3166">
    <p class='ocr_par' dir='ltr' id='par_1_45' title="bbox 510 3089 2020 3166">
     <span class='ocr_line' id='line_1_45' title="bbox 510 3089 2020 3166; baseline -0.004 -15"><span class='ocrx_word' id='word_1_320' title='bbox 510 3095 709 3152; x_wconf 83' lang='lat' dir='ltr'><strong>Sobrie</strong></span> <span class='ocrx_word' id='word_1_321' title='bbox 734 3109 868 3166; x_wconf 77' lang='lat' dir='ltr'><strong>ergo</strong></span> <span class='ocrx_word' id='word_1_322' title='bbox 883 3103 1151 3163; x_wconf 86' lang='lat' dir='ltr'><strong>certoque</strong></span> <span class='ocrx_word' id='word_1_323' title='bbox 1181 3103 1428 3164; x_wconf 85' lang='lat' dir='ltr'><strong>tempore</strong></span> <span class='ocrx_word' id='word_1_324' title='bbox 1463 3089 1796 3147; x_wconf 86' lang='lat' dir='ltr'><strong>manducare</strong></span> <span class='ocrx_word' id='word_1_325' title='bbox 1821 3089 1934 3164; x_wconf 60' lang='lat'><strong>65</strong></span> <span class='ocrx_word' id='word_1_326' title='bbox 1955 3105 2020 3146; x_wconf 84' lang='lat' dir='ltr'><strong>ac</strong></span> 
     </span>
    </p>
   </div>
   <div class='ocr_carea' id='block_1_46' title="bbox 436 3156 2097 3261">
    <p class='ocr_par' dir='ltr' id='par_1_46' title="bbox 436 3156 2097 3261">
     <span class='ocr_line' id='line_1_46' title="bbox 436 3156 2097 3261; baseline -0.005 -17"><span class='ocrx_word' id='word_1_327' title='bbox 436 3186 629 3244; x_wconf 85' lang='lat' dir='ltr'><strong>bibere</strong></span> <span class='ocrx_word' id='word_1_328' title='bbox 651 3227 666 3253; x_wconf 91' lang='lat'><strong>,</strong></span> <span class='ocrx_word' id='word_1_329' title='bbox 697 3156 862 3258; x_wconf 69' lang='lat' dir='ltr'><strong>atque</strong></span> <span class='ocrx_word' id='word_1_330' title='bbox 887 3201 950 3241; x_wconf 88' lang='lat' dir='ltr'><strong>ea</strong></span> <span class='ocrx_word' id='word_1_331' title='bbox 985 3156 1182 3258; x_wconf 74' lang='lat' dir='ltr'><strong>agere,</strong></span> <span class='ocrx_word' id='word_1_332' title='bbox 1224 3156 1353 3256; x_wconf 65' lang='lat' dir='ltr'><strong>quae</strong></span> <span class='ocrx_word' id='word_1_333' title='bbox 1395 3194 1592 3240; x_wconf 86' lang='lat' dir='ltr'><strong>natura</strong></span> <span class='ocrx_word' id='word_1_334' title='bbox 1639 3156 2020 3256; x_wconf 47' lang='lat' dir='ltr'><strong>tanquain‘n’e-</strong></span> 
     </span>
    </p>
   </div>
   <div class='ocr_carea' id='block_1_47' title="bbox 432 3276 2026 3347">
    <p class='ocr_par' dir='ltr' id='par_1_47' title="bbox 432 3276 2026 3347">
     <span class='ocr_line' id='line_1_47' title="bbox 432 3276 2026 3347; baseline -0.002 -15"><span class='ocrx_word' id='word_1_335' title='bbox 432 3277 679 3333; x_wconf 70' lang='lat' dir='ltr'><strong>cessaris</strong></span> <span class='ocrx_word' id='word_1_336' title='bbox 716 3277 944 3334; x_wconf 89' lang='lat' dir='ltr'><strong>omnino</strong></span> <span class='ocrx_word' id='word_1_337' title='bbox 977 3277 1209 3346; x_wconf 85' lang='lat' dir='ltr'><strong>requirit</strong></span> <span class='ocrx_word' id='word_1_338' title='bbox 1231 3316 1246 3338; x_wconf 86' lang='lat'><strong>,</strong></span> <span class='ocrx_word' id='word_1_339' title='bbox 1277 3285 1332 3331; x_wconf 89' lang='lat' dir='ltr'><strong>et</strong></span> <span class='ocrx_word' id='word_1_340' title='bbox 1359 3276 1638 3347; x_wconf 85' lang='lat' dir='ltr'><strong>quibussi</strong></span> <span class='ocrx_word' id='word_1_341' title='bbox 1665 3285 1884 3341; x_wconf 86' lang='lat' dir='ltr'><strong>careat,</strong></span> <span class='ocrx_word' id='word_1_342' title='bbox 1925 3289 2026 3330; x_wconf 88' lang='lat' dir='ltr'><strong>nec</strong></span> 
     </span>
    </p>
   </div>
   <div class='ocr_carea' id='block_1_48' title="bbox 439 3367 2028 3438">
    <p class='ocr_par' dir='ltr' id='par_1_48' title="bbox 439 3367 2028 3438">
     <span class='ocr_line' id='line_1_48' title="bbox 439 3367 2028 3438; baseline 0.001 -17"><span class='ocrx_word' id='word_1_343' title='bbox 439 3367 770 3424; x_wconf 86' lang='lat' dir='ltr'><strong>incolumem</strong></span> <span class='ocrx_word' id='word_1_344' title='bbox 802 3368 984 3424; x_wconf 81' lang='lat' dir='ltr'><strong>vivere</strong></span> <span class='ocrx_word' id='word_1_345' title='bbox 1022 3369 1184 3422; x_wconf 87' lang='lat' dir='ltr'><strong>vitam</strong></span> <span class='ocrx_word' id='word_1_346' title='bbox 1210 3407 1226 3431; x_wconf 87' lang='lat'><strong>,</strong></span> <span class='ocrx_word' id='word_1_347' title='bbox 1263 3384 1364 3422; x_wconf 89' lang='lat' dir='ltr'><strong>nec</strong></span> <span class='ocrx_word' id='word_1_348' title='bbox 1417 3367 1699 3424; x_wconf 83' lang='lat' dir='ltr'><strong>Conditori</strong></span> <span class='ocrx_word' id='word_1_349' title='bbox 1744 3377 1866 3432; x_wconf 92' lang='lat' dir='ltr'><strong>tuo,</strong></span> <span class='ocrx_word' id='word_1_350' title='bbox 1905 3381 2028 3438; x_wconf 64' lang='lat' dir='ltr'><strong>qua:</strong></span> 
     </span>
    </p>
   </div>
   <div class='ocr_carea' id='block_1_49' title="bbox 435 3457 2025 3529">
    <p class='ocr_par' dir='ltr' id='par_1_49' title="bbox 435 3457 2025 3529">
     <span class='ocr_line' id='line_1_49' title="bbox 435 3457 2025 3529; baseline -0.002 -14"><span class='ocrx_word' id='word_1_351' title='bbox 435 3459 643 3525; x_wconf 88' lang='lat' dir='ltr'><strong>debes,</strong></span> <span class='ocrx_word' id='word_1_352' title='bbox 698 3460 1006 3514; x_wconf 87' lang='lat' dir='ltr'><strong>ministeria</strong></span> <span class='ocrx_word' id='word_1_353' title='bbox 1053 3459 1272 3514; x_wconf 90' lang='lat' dir='ltr'><strong>diurnis</strong></span> <span class='ocrx_word' id='word_1_354' title='bbox 1318 3459 1720 3529; x_wconf 86' lang='lat' dir='ltr'><strong>nocturnisque</strong></span> <span class='ocrx_word' id='word_1_355' title='bbox 1772 3457 2025 3528; x_wconf 87' lang='lat' dir='ltr'><strong>precibus</strong></span> 
     </span>
    </p>
   </div>
   <div class='ocr_carea' id='block_1_50' title="bbox 437 3548 2026 3622">
    <p class='ocr_par' dir='ltr' id='par_1_50' title="bbox 437 3548 2026 3622">
     <span class='ocr_line' id='line_1_50' title="bbox 437 3548 2026 3622; baseline -0.003 -16"><span class='ocrx_word' id='word_1_356' title='bbox 437 3560 702 3622; x_wconf 69' lang='lat' dir='ltr'><strong>praestare</strong></span> <span class='ocrx_word' id='word_1_357' title='bbox 734 3551 914 3620; x_wconf 86' lang='lat' dir='ltr'><strong>possis</strong></span> <span class='ocrx_word' id='word_1_358' title='bbox 936 3591 952 3617; x_wconf 95' lang='lat'><strong>,</strong></span> <span class='ocrx_word' id='word_1_359' title='bbox 995 3551 1195 3605; x_wconf 65' lang='lat' dir='ltr'><strong>divina:</strong></span> <span class='ocrx_word' id='word_1_360' title='bbox 1231 3550 1422 3621; x_wconf 89' lang='lat' dir='ltr'><strong>utique</strong></span> <span class='ocrx_word' id='word_1_361' title='bbox 1449 3548 1689 3605; x_wconf 65' lang='lat' dir='ltr'><strong>dextera:</strong></span> <span class='ocrx_word' id='word_1_362' title='bbox 1717 3550 1833 3605; x_wconf 89' lang='lat' dir='ltr'><strong>sive</strong></span> <span class='ocrx_word' id='word_1_363' title='bbox 1862 3549 2026 3606; x_wconf 86' lang='lat' dir='ltr'><strong>boni-</strong></span> 
     </span>
    </p>
   </div>
   <div class='ocr_carea' id='block_1_51' title="bbox 447 3635 2027 3711">
    <p class='ocr_par' dir='ltr' id='par_1_51' title="bbox 447 3635 2027 3711">
     <span class='ocr_line' id='line_1_51' title="bbox 447 3635 2027 3711; baseline -0.001 -19"><span class='ocrx_word' id='word_1_364' title='bbox 447 3639 578 3692; x_wconf 81' lang='lat' dir='ltr'><strong>tatis</strong></span> <span class='ocrx_word' id='word_1_365' title='bbox 596 3649 650 3692; x_wconf 87' lang='lat' dir='ltr'><strong>et</strong></span> <span class='ocrx_word' id='word_1_366' title='bbox 675 3637 893 3692; x_wconf 87' lang='lat' dir='ltr'><strong>consilii</strong></span> <span class='ocrx_word' id='word_1_367' title='bbox 925 3635 1062 3708; x_wconf 81' lang='lat' dir='ltr'><strong>Opus</strong></span> <span class='ocrx_word' id='word_1_368' title='bbox 1087 3645 1196 3693; x_wconf 88' lang='lat' dir='ltr'><strong>est.</strong></span> <span class='ocrx_word' id='word_1_369' title='bbox 1219 3636 1289 3691; x_wconf 84' lang='lat' dir='ltr'><strong>At</strong></span> <span class='ocrx_word' id='word_1_370' title='bbox 1318 3638 1460 3692; x_wconf 88' lang='lat' dir='ltr'><strong>ultra</strong></span> <span class='ocrx_word' id='word_1_371' title='bbox 1493 3639 1714 3693; x_wconf 87' lang='lat' dir='ltr'><strong>modum</strong></span> <span class='ocrx_word' id='word_1_372' title='bbox 1747 3646 1800 3692; x_wconf 86' lang='lat' dir='ltr'><strong>et</strong></span> <span class='ocrx_word' id='word_1_373' title='bbox 1830 3645 2027 3711; x_wconf 74' lang='lat' dir='ltr'><strong>praeter</strong></span> 
     </span>
    </p>
   </div>
   <div class='ocr_carea' id='block_1_52' title="bbox 447 3716 2027 3802">
    <p class='ocr_par' dir='ltr' id='par_1_52' title="bbox 447 3716 2027 3802">
     <span class='ocr_line' id='line_1_52' title="bbox 447 3716 2027 3802; baseline 0 -18"><span class='ocrx_word' id='word_1_374' title='bbox 447 3716 658 3784; x_wconf 61' lang='lat' dir='ltr'><strong>natura:</strong></span> <span class='ocrx_word' id='word_1_375' title='bbox 694 3729 1076 3784; x_wconf 85' lang='lat' dir='ltr'><strong>necessitatem</strong></span> <span class='ocrx_word' id='word_1_376' title='bbox 1118 3729 1268 3786; x_wconf 85' lang='lat' dir='ltr'><strong>hisee</strong></span> <span class='ocrx_word' id='word_1_377' title='bbox 1315 3730 1634 3802; x_wconf 80' lang='lat' dir='ltr'><strong>indulgere,</strong></span> <span class='ocrx_word' id='word_1_378' title='bbox 1667 3729 1844 3785; x_wconf 88' lang='lat' dir='ltr'><strong>rabidi</strong></span> <span class='ocrx_word' id='word_1_379' title='bbox 1875 3729 2027 3784; x_wconf 87' lang='lat' dir='ltr'><strong>insa-</strong></span> 
     </span>
    </p>
   </div>
   <div class='ocr_carea' id='block_1_53' title="bbox 443 3818 2030 3890">
    <p class='ocr_par' dir='ltr' id='par_1_53' title="bbox 443 3818 2030 3890">
     <span class='ocr_line' id='line_1_53' title="bbox 443 3818 2030 3890; baseline -0.001 -16"><span class='ocrx_word' id='word_1_380' title='bbox 443 3820 616 3890; x_wconf 82' lang='lat' dir='ltr'><strong>nique</strong></span> <span class='ocrx_word' id='word_1_381' title='bbox 653 3819 861 3872; x_wconf 66' lang='lat' dir='ltr'><strong>ventris</strong></span> <span class='ocrx_word' id='word_1_382' title='bbox 905 3828 962 3874; x_wconf 89' lang='lat' dir='ltr'><strong>et</strong></span> <span class='ocrx_word' id='word_1_383' title='bbox 1004 3835 1278 3890; x_wconf 71' lang='lat' dir='ltr'><strong>perversa:</strong></span> <span class='ocrx_word' id='word_1_384' title='bbox 1314 3819 1614 3874; x_wconf 84' lang='lat' dir='ltr'><strong>voluntatis</strong></span> <span class='ocrx_word' id='word_1_385' title='bbox 1637 3858 1654 3877; x_wconf 90' lang='lat'><em>.</em></span> <span class='ocrx_word' id='word_1_386' title='bbox 1694 3835 1801 3873; x_wconf 88' lang='lat' dir='ltr'><strong>non</strong></span> <span class='ocrx_word' id='word_1_387' title='bbox 1833 3818 2030 3873; x_wconf 69' lang='lat' dir='ltr'><strong>divina:</strong></span> 
     </span>
    </p>
   </div>
   <div class='ocr_carea' id='block_1_54' title="bbox 441 3908 2030 3982">
    <p class='ocr_par' dir='ltr' id='par_1_54' title="bbox 441 3908 2030 3982">
     <span class='ocr_line' id='line_1_54' title="bbox 441 3908 2030 3982; baseline 0 -16"><span class='ocrx_word' id='word_1_388' title='bbox 441 3910 681 3966; x_wconf 68' lang='lat' dir='ltr'><strong>dexterae</strong></span> <span class='ocrx_word' id='word_1_389' title='bbox 711 3921 806 3965; x_wconf 90' lang='lat' dir='ltr'><strong>aut</strong></span> <span class='ocrx_word' id='word_1_390' title='bbox 835 3911 1004 3966; x_wconf 87' lang='lat' dir='ltr'><strong>divini</strong></span> <span class='ocrx_word' id='word_1_391' title='bbox 1042 3913 1260 3968; x_wconf 85' lang='lat' dir='ltr'><strong>c0nsilii</strong></span> <span class='ocrx_word' id='word_1_392' title='bbox 1294 3927 1434 3982; x_wconf 88' lang='lat' dir='ltr'><strong>opus</strong></span> <span class='ocrx_word' id='word_1_393' title='bbox 1464 3911 1687 3966; x_wconf 78' lang='lat' dir='ltr'><strong>dixeris.</strong></span> <span class='ocrx_word' id='word_1_394' title='bbox 1712 3908 1890 3980; x_wconf 83' lang='lat' dir='ltr'><strong>Atque</strong></span> <span class='ocrx_word' id='word_1_395' title='bbox 1927 3910 2030 3966; x_wconf 86' lang='lat' dir='ltr'><strong>hoc</strong></span> 
     </span>
    </p>
   </div>
   <div class='ocr_carea' id='block_1_55' title="bbox 445 4003 2030 4075">
    <p class='ocr_par' dir='ltr' id='par_1_55' title="bbox 445 4003 2030 4075">
     <span class='ocr_line' id='line_1_55' title="bbox 445 4003 2030 4075; baseline 0 -19"><span class='ocrx_word' id='word_1_396' title='bbox 445 4003 592 4057; x_wconf 80' lang='lat' dir='ltr'><strong>idem</strong></span> <span class='ocrx_word' id='word_1_397' title='bbox 617 4004 810 4057; x_wconf 86' lang='lat' dir='ltr'><strong>merito</strong></span> <span class='ocrx_word' id='word_1_398' title='bbox 832 4003 960 4074; x_wconf 89' lang='lat' dir='ltr'><strong>quis</strong></span> <span class='ocrx_word' id='word_1_399' title='bbox 980 4003 1048 4059; x_wconf 90' lang='lat' dir='ltr'><strong>de</strong></span> <span class='ocrx_word' id='word_1_400' title='bbox 1070 4003 1280 4059; x_wconf 88' lang='lat' dir='ltr'><strong>divitiis</strong></span> <span class='ocrx_word' id='word_1_401' title='bbox 1302 4005 1764 4075; x_wconf 84' lang='lat' dir='ltr'><strong>pronuntiaverit.</strong></span> <span class='ocrx_word' id='word_1_402' title='bbox 1793 4003 1860 4059; x_wconf 89' lang='lat' dir='ltr'><strong>Ut</strong></span> <span class='ocrx_word' id='word_1_403' title='bbox 1881 4003 2030 4058; x_wconf 88' lang='lat' dir='ltr'><strong>enim</strong></span> 
     </span>
    </p>
   </div>
   <div class='ocr_carea' id='block_1_56' title="bbox 441 4096 2032 4165">
    <p class='ocr_par' dir='ltr' id='par_1_56' title="bbox 441 4096 2032 4165">
     <span class='ocr_line' id='line_1_56' title="bbox 441 4096 2032 4165; baseline 0.001 -17"><span class='ocrx_word' id='word_1_404' title='bbox 441 4109 524 4149; x_wconf 54' lang='lat' dir='ltr'><strong>ea!</strong></span> <span class='ocrx_word' id='word_1_405' title='bbox 543 4133 558 4158; x_wconf 92' lang='lat'><strong>,</strong></span> <span class='ocrx_word' id='word_1_406' title='bbox 599 4111 738 4165; x_wconf 89' lang='lat' dir='ltr'><strong>quas</strong></span> <span class='ocrx_word' id='word_1_407' title='bbox 763 4096 870 4151; x_wconf 88' lang='lat' dir='ltr'><strong>sibi</strong></span> <span class='ocrx_word' id='word_1_408' title='bbox 899 4096 1154 4152; x_wconf 85' lang='lat' dir='ltr'><strong>homines</strong></span> <span class='ocrx_word' id='word_1_409' title='bbox 1185 4097 1361 4151; x_wconf 89' lang='lat' dir='ltr'><strong>multo</strong></span> <span class='ocrx_word' id='word_1_410' title='bbox 1388 4098 1577 4151; x_wconf 88' lang='lat' dir='ltr'><strong>labore</strong></span> <span class='ocrx_word' id='word_1_411' title='bbox 1605 4111 1671 4151; x_wconf 88' lang='lat' dir='ltr'><strong>ac</strong></span> <span class='ocrx_word' id='word_1_412' title='bbox 1700 4096 1903 4152; x_wconf 85' lang='lat' dir='ltr'><strong>sudore</strong></span> <span class='ocrx_word' id='word_1_413' title='bbox 1924 4136 1941 4162; x_wconf 91' lang='lat'><strong>,</strong></span> <span class='ocrx_word' id='word_1_414' title='bbox 1975 4104 2032 4151; x_wconf 87' lang='lat' dir='ltr'><strong>at</strong></span> 
     </span>
    </p>
   </div>
   <div class='ocr_carea' id='block_1_57' title="bbox 443 4186 2029 4258">
    <p class='ocr_par' dir='ltr' id='par_1_57' title="bbox 443 4186 2029 4258">
     <span class='ocr_line' id='line_1_57' title="bbox 443 4186 2029 4258; baseline 0.001 -18"><span class='ocrx_word' id='word_1_415' title='bbox 443 4194 668 4242; x_wconf 56' lang='lat' dir='ltr'><strong>tenaces</strong></span> <span class='ocrx_word' id='word_1_416' title='bbox 706 4188 957 4241; x_wconf 82' lang='lat' dir='ltr'><strong>veritatis</strong></span> <span class='ocrx_word' id='word_1_417' title='bbox 997 4196 1054 4242; x_wconf 88' lang='lat' dir='ltr'><strong>et</strong></span> <span class='ocrx_word' id='word_1_418' title='bbox 1093 4187 1326 4258; x_wconf 74' lang='lat' dir='ltr'><strong>iustitiae</strong></span> <span class='ocrx_word' id='word_1_419' title='bbox 1370 4186 1714 4258; x_wconf 82' lang='lat' dir='ltr'><strong>pepererint,</strong></span> <span class='ocrx_word' id='word_1_420' title='bbox 1755 4188 2029 4257; x_wconf 88' lang='lat' dir='ltr'><strong>siquidem</strong></span> 
     </span>
    </p>
   </div>
   <div class='ocr_carea' id='block_1_58' title="bbox 445 4277 2031 4350">
    <p class='ocr_par' dir='ltr' id='par_1_58' title="bbox 445 4277 2031 4350">
     <span class='ocr_line' id='line_1_58' title="bbox 445 4277 2031 4350; baseline 0.003 -20"><span class='ocrx_word' id='word_1_421' title='bbox 445 4292 547 4345; x_wconf 80' lang='lat' dir='ltr'><strong>spe</strong></span> <span class='ocrx_word' id='word_1_422' title='bbox 585 4277 874 4331; x_wconf 86' lang='lat' dir='ltr'><strong>Dominum</strong></span> <span class='ocrx_word' id='word_1_423' title='bbox 931 4277 1267 4348; x_wconf 87' lang='lat' dir='ltr'><strong>respiciant,</strong></span> <span class='ocrx_word' id='word_1_424' title='bbox 1305 4287 1360 4334; x_wconf 89' lang='lat' dir='ltr'><strong>et</strong></span> <span class='ocrx_word' id='word_1_425' title='bbox 1396 4279 1585 4348; x_wconf 72' lang='lat' dir='ltr'><strong>egenis</strong></span> <span class='ocrx_word' id='word_1_426' title='bbox 1627 4278 1748 4333; x_wconf 88' lang='lat' dir='ltr'><strong>illas</strong></span> <span class='ocrx_word' id='word_1_427' title='bbox 1787 4294 1888 4350; x_wconf 91' lang='lat' dir='ltr'><strong>pro</strong></span> <span class='ocrx_word' id='word_1_428' title='bbox 1931 4294 2031 4334; x_wconf 91' lang='lat' dir='ltr'><strong>sua</strong></span> 
     </span>
    </p>
   </div>
   <div class='ocr_carea' id='block_1_59' title="bbox 445 4367 2034 4439">
    <p class='ocr_par' dir='ltr' id='par_1_59' title="bbox 445 4367 2034 4439">
     <span class='ocr_line' id='line_1_59' title="bbox 445 4367 2034 4439; baseline 0.004 -19"><span class='ocrx_word' id='word_1_429' title='bbox 445 4372 685 4439; x_wconf 75' lang='lat' dir='ltr'><strong>quisque</strong></span> <span class='ocrx_word' id='word_1_430' title='bbox 727 4367 992 4426; x_wconf 83' lang='lat' dir='ltr'><strong>facultate</strong></span> <span class='ocrx_word' id='word_1_431' title='bbox 1043 4371 1411 4437; x_wconf 84' lang='lat' dir='ltr'><strong>distribuant,</strong></span> <span class='ocrx_word' id='word_1_432' title='bbox 1461 4371 1604 4426; x_wconf 88' lang='lat' dir='ltr'><strong>bona</strong></span> <span class='ocrx_word' id='word_1_433' title='bbox 1647 4385 1736 4426; x_wconf 86' lang='lat' dir='ltr'><strong>res</strong></span> <span class='ocrx_word' id='word_1_434' title='bbox 1777 4379 1935 4436; x_wconf 84' lang='lat' dir='ltr'><strong>sunt,</strong></span> <span class='ocrx_word' id='word_1_435' title='bbox 1976 4379 2034 4426; x_wconf 89' lang='lat' dir='ltr'><strong>et</strong></span> 
     </span>
    </p>
   </div>
   <div class='ocr_carea' id='block_1_60' title="bbox 449 4458 2028 4534">
    <p class='ocr_par' dir='ltr' id='par_1_60' title="bbox 449 4458 2028 4534">
     <span class='ocr_line' id='line_1_60' title="bbox 449 4458 2028 4534; baseline 0.002 -19"><span class='ocrx_word' id='word_1_436' title='bbox 449 4458 596 4515; x_wconf 78' lang='lat' dir='ltr'><strong>bona</strong></span> <span class='ocrx_word' id='word_1_437' title='bbox 627 4459 864 4516; x_wconf 78' lang='lat' dir='ltr'><strong>afferunt</strong></span> <span class='ocrx_word' id='word_1_438' title='bbox 898 4463 1213 4534; x_wconf 85' lang='lat' dir='ltr'><strong>incorrupta</strong></span> <span class='ocrx_word' id='word_1_439' title='bbox 1237 4471 1404 4534; x_wconf 86' lang='lat' dir='ltr'><strong>atque</strong></span> <span class='ocrx_word' id='word_1_440' title='bbox 1438 4471 1740 4534; x_wconf 89' lang='lat' dir='ltr'><strong>perpetua;</strong></span> <span class='ocrx_word' id='word_1_441' title='bbox 1787 4463 1862 4518; x_wconf 87' lang='lat' dir='ltr'><strong>ita</strong></span> <span class='ocrx_word' id='word_1_442' title='bbox 1892 4477 2028 4534; x_wconf 85' lang='lat' dir='ltr'><strong>opes</strong></span> 
     </span>
    </p>
   </div>
   <div class='ocr_carea' id='block_1_61' title="bbox 448 4551 2026 4626">
    <p class='ocr_par' dir='ltr' id='par_1_61' title="bbox 448 4551 2026 4626">
     <span class='ocr_line' id='line_1_61' title="bbox 448 4551 2026 4626; baseline 0.003 -22"><span class='ocrx_word' id='word_1_443' title='bbox 448 4551 580 4616; x_wconf 71' lang='lat' dir='ltr'><strong>illae,</strong></span> <span class='ocrx_word' id='word_1_444' title='bbox 609 4568 748 4622; x_wconf 85' lang='lat' dir='ltr'><strong>quas</strong></span> <span class='ocrx_word' id='word_1_445' title='bbox 776 4553 1061 4622; x_wconf 86' lang='lat' dir='ltr'><strong>homines,</strong></span> <span class='ocrx_word' id='word_1_446' title='bbox 1097 4569 1424 4626; x_wconf 87' lang='lat' dir='ltr'><strong>quacunque</strong></span> <span class='ocrx_word' id='word_1_447' title='bbox 1473 4555 1687 4610; x_wconf 90' lang='lat' dir='ltr'><strong>ratione</strong></span> <span class='ocrx_word' id='word_1_448' title='bbox 1713 4553 2026 4626; x_wconf 87' lang='lat' dir='ltr'><strong>potuerint,</strong></span> 
     </span>
    </p>
   </div>
   <div class='ocr_carea' id='block_1_62' title="bbox 449 4645 2031 4717">
    <p class='ocr_par' dir='ltr' id='par_1_62' title="bbox 449 4645 2031 4717">
     <span class='ocr_line' id='line_1_62' title="bbox 449 4645 2031 4717; baseline 0.003 -19"><span class='ocrx_word' id='word_1_449' title='bbox 449 4653 744 4714; x_wconf 70' lang='lat' dir='ltr'><strong>congestas</strong></span> <span class='ocrx_word' id='word_1_450' title='bbox 797 4645 851 4700; x_wconf 89' lang='lat' dir='ltr'><strong>in</strong></span> <span class='ocrx_word' id='word_1_451' title='bbox 905 4661 1006 4702; x_wconf 89' lang='lat' dir='ltr'><strong>sua</strong></span> <span class='ocrx_word' id='word_1_452' title='bbox 1053 4647 1341 4702; x_wconf 87' lang='lat' dir='ltr'><strong>commoda</strong></span> <span class='ocrx_word' id='word_1_453' title='bbox 1385 4646 1717 4711; x_wconf 90' lang='lat' dir='ltr'><strong>absumunt,</strong></span> <span class='ocrx_word' id='word_1_454' title='bbox 1761 4661 1938 4717; x_wconf 89' lang='lat' dir='ltr'><strong>neque</strong></span> <span class='ocrx_word' id='word_1_455' title='bbox 1975 4645 2031 4702; x_wconf 85' lang='lat' dir='ltr'><strong>in</strong></span> 
     </span>
    </p>
   </div>
   <div class='ocr_carea' id='block_1_63' title="bbox 449 4735 2032 4803">
    <p class='ocr_par' dir='ltr' id='par_1_63' title="bbox 449 4735 2032 4803">
     <span class='ocr_line' id='line_1_63' title="bbox 449 4735 2032 4803; baseline 0.003 -16"><span class='ocrx_word' id='word_1_456' title='bbox 449 4737 730 4803; x_wconf 78' lang='lat' dir='ltr'><strong>egentium</strong></span> <span class='ocrx_word' id='word_1_457' title='bbox 777 4751 841 4793; x_wconf 92' lang='lat' dir='ltr'><strong>ac</strong></span> <span class='ocrx_word' id='word_1_458' title='bbox 879 4737 1260 4793; x_wconf 89' lang='lat' dir='ltr'><strong>mendieorum</strong></span> <span class='ocrx_word' id='word_1_459' title='bbox 1304 4737 1616 4792; x_wconf 85' lang='lat' dir='ltr'><strong>subsidium</strong></span> <span class='ocrx_word' id='word_1_460' title='bbox 1651 4737 1930 4803; x_wconf 83' lang='lat' dir='ltr'><strong>derivaut,</strong></span> <span class='ocrx_word' id='word_1_461' title='bbox 1963 4735 2032 4792; x_wconf 85' lang='lat' dir='ltr'><strong>de</strong></span> 
     </span>
    </p>
   </div>
   <div class='ocr_carea' id='block_1_64' title="bbox 451 4825 2032 4895">
    <p class='ocr_par' dir='ltr' id='par_1_64' title="bbox 451 4825 2032 4895">
     <span class='ocr_line' id='line_1_64' title="bbox 451 4825 2032 4895; baseline 0.005 -19"><span class='ocrx_word' id='word_1_462' title='bbox 451 4825 656 4893; x_wconf 86' lang='lat' dir='ltr'><strong>quibus</strong></span> <span class='ocrx_word' id='word_1_463' title='bbox 709 4828 848 4882; x_wconf 74' lang='lat' dir='ltr'><strong>dixit</strong></span> <span class='ocrx_word' id='word_1_464' title='bbox 919 4827 1188 4886; x_wconf 88' lang='lat' dir='ltr'><strong>Dominus</strong></span> <span class='ocrx_word' id='word_1_465' title='bbox 1233 4847 1248 4884; x_wconf 90' lang='lat'><strong>:</strong></span> <span class='ocrx_word' id='word_1_466' title='bbox 1305 4847 1326 4880; x_wconf 77' lang='grc' dir='ltr'><strong>ι</strong></span> <span class='ocrx_word' id='word_1_467' title='bbox 1360 4827 1614 4895; x_wconf 87' lang='lat' dir='ltr'><strong>Quandiu</strong></span> <span class='ocrx_word' id='word_1_468' title='bbox 1668 4828 1882 4886; x_wconf 80' lang='lat' dir='ltr'><strong>fecistis</strong></span> <span class='ocrx_word' id='word_1_469' title='bbox 1935 4843 2032 4884; x_wconf 85' lang='lat' dir='ltr'><strong>unt</strong></span> 
     </span>
    </p>
   </div>
   <div class='ocr_carea' id='block_1_65' title="bbox 2113 1894 3626 1970">
    <p class='ocr_par' dir='ltr' id='par_1_65' title="bbox 2113 1894 3626 1970">
     <span class='ocr_line' id='line_1_65' title="bbox 2113 1894 3626 1970; baseline 0.013 -24"><span class='ocrx_word' id='word_1_470' title='bbox 2113 1897 2177 1946; x_wconf 77' lang='grc' dir='ltr'>ἐκ</span> <span class='ocrx_word' id='word_1_471' title='bbox 2205 1894 2298 1947; x_wconf 75' lang='grc' dir='ltr'>τοῦ</span> <span class='ocrx_word' id='word_1_472' title='bbox 2329 1895 2491 1950; x_wconf 83' lang='grc' dir='ltr'>Θεοῦ.</span> <span class='ocrx_word' id='word_1_473' title='bbox 2523 1897 2708 1968; x_wconf 86' lang='grc' dir='ltr'>Μόνης</span> <span class='ocrx_word' id='word_1_474' title='bbox 2759 1900 2870 1969; x_wconf 75' lang='grc' dir='ltr'>γὰρ</span> <span class='ocrx_word' id='word_1_475' title='bbox 2901 1899 3003 1969; x_wconf 81' lang='grc' dir='ltr'>τῆς</span> <span class='ocrx_word' id='word_1_476' title='bbox 3046 1897 3390 1970; x_wconf 75' lang='grc' dir='ltr'>ἀνθρωπίνης</span> <span class='ocrx_word' id='word_1_477' title='bbox 3423 1895 3626 1964; x_wconf 58' lang='lat' dir='ltr'><strong>«rostri-</strong></span> 
     </span>
    </p>
   </div>
   <div class='ocr_carea' id='block_1_66' title="bbox 2115 1984 3629 2064">
    <p class='ocr_par' dir='ltr' id='par_1_66' title="bbox 2115 1984 3629 2064">
     <span class='ocr_line' id='line_1_66' title="bbox 2115 1984 3629 2064; baseline 0 -25"><span class='ocrx_word' id='word_1_478' title='bbox 2115 2003 2254 2050; x_wconf 86' lang='grc' dir='ltr'>σεως</span> <span class='ocrx_word' id='word_1_479' title='bbox 2286 1988 2381 2040; x_wconf 76' lang='grc' dir='ltr'><strong>καὶ</strong></span> <span class='ocrx_word' id='word_1_480' title='bbox 2428 1990 2858 2061; x_wconf 79' lang='grc' dir='ltr'>πονηροϐουλίας</span> <span class='ocrx_word' id='word_1_481' title='bbox 2887 1991 3038 2044; x_wconf 75' lang='grc' dir='ltr'>ἐστὶν</span> <span class='ocrx_word' id='word_1_482' title='bbox 3070 1993 3349 2064; x_wconf 80' lang='grc' dir='ltr'>ἑκάτερον,</span> <span class='ocrx_word' id='word_1_483' title='bbox 3381 1991 3442 2046; x_wconf 79' lang='grc' dir='ltr'>δι’</span> <span class='ocrx_word' id='word_1_484' title='bbox 3466 1984 3523 2061; x_wconf 77' lang='grc' dir='ltr'>ἧς</span> <span class='ocrx_word' id='word_1_485' title='bbox 3561 1987 3629 2042; x_wconf 74' lang='grc' dir='ltr'>καὶ</span> 
     </span>
    </p>
   </div>
   <div class='ocr_carea' id='block_1_67' title="bbox 2113 2081 3630 2152">
    <p class='ocr_par' dir='ltr' id='par_1_67' title="bbox 2113 2081 3630 2152">
     <span class='ocr_line' id='line_1_67' title="bbox 2113 2081 3630 2152; baseline 0.002 -22"><span class='ocrx_word' id='word_1_486' title='bbox 2113 2081 2235 2142; x_wconf 82' lang='grc' dir='ltr'>ταῖς</span> <span class='ocrx_word' id='word_1_487' title='bbox 2291 2081 2628 2151; x_wconf 80' lang='grc' dir='ltr'>κραιπὰλαις</span> <span class='ocrx_word' id='word_1_488' title='bbox 2680 2083 3224 2152; x_wconf 78' lang='grc' dir='ltr'>καταδεδουλωμένος</span> <span class='ocrx_word' id='word_1_489' title='bbox 3273 2083 3302 2136; x_wconf 83' lang='grc' dir='ltr'><strong>ό</strong></span> <span class='ocrx_word' id='word_1_490' title='bbox 3349 2083 3630 2151; x_wconf 74' lang='grc' dir='ltr'>ταλαίπωρος</span> 
     </span>
    </p>
   </div>
   <div class='ocr_carea' id='block_1_68' title="bbox 2115 2169 3630 2246">
    <p class='ocr_par' dir='ltr' id='par_1_68' title="bbox 2115 2169 3630 2246">
     <span class='ocr_line' id='line_1_68' title="bbox 2115 2169 3630 2246; baseline 0.001 -23"><span class='ocrx_word' id='word_1_491' title='bbox 2115 2169 2405 2242; x_wconf 84' lang='grc' dir='ltr'>ἄνθρωπος</span> <span class='ocrx_word' id='word_1_492' title='bbox 2438 2173 2678 2243; x_wconf 80' lang='grc' dir='ltr'>ἀμαυροῖ</span> <span class='ocrx_word' id='word_1_493' title='bbox 2727 2174 2788 2226; x_wconf 76' lang='grc' dir='ltr'>τὸ</span> <span class='ocrx_word' id='word_1_494' title='bbox 2813 2175 2911 2244; x_wconf 80' lang='grc' dir='ltr'>τῆς</span> <span class='ocrx_word' id='word_1_495' title='bbox 2956 2175 3184 2246; x_wconf 79' lang='grc' dir='ltr'><strong>λογικῆς</strong></span> <span class='ocrx_word' id='word_1_496' title='bbox 3216 2175 3388 2246; x_wconf 80' lang='grc' dir='ltr'>ψυχῆς</span> <span class='ocrx_word' id='word_1_497' title='bbox 3425 2175 3630 2245; x_wconf 76' lang='grc' dir='ltr'>ἡγεμονι-</span> 
     </span>
    </p>
   </div>
   <div class='ocr_carea' id='block_1_69' title="bbox 2116 2263 3630 2336">
    <p class='ocr_par' dir='ltr' id='par_1_69' title="bbox 2116 2263 3630 2336">
     <span class='ocr_line' id='line_1_69' title="bbox 2116 2263 3630 2336; baseline 0 -20"><span class='ocrx_word' id='word_1_498' title='bbox 2116 2263 2213 2316; x_wconf 79' lang='grc' dir='ltr'><strong>κὸν</strong></span> <span class='ocrx_word' id='word_1_499' title='bbox 2249 2263 2342 2316; x_wconf 74' lang='grc' dir='ltr'><strong>καὶ</strong></span> <span class='ocrx_word' id='word_1_500' title='bbox 2393 2263 2530 2334; x_wconf 80' lang='grc' dir='ltr'>πρὸς</span> <span class='ocrx_word' id='word_1_501' title='bbox 2575 2265 2674 2329; x_wconf 71' lang='grc' dir='ltr'><strong>τὰς</strong></span> <span class='ocrx_word' id='word_1_502' title='bbox 2707 2267 2858 2329; x_wconf 80' lang='grc' dir='ltr'>θείας</span> <span class='ocrx_word' id='word_1_503' title='bbox 2890 2265 3120 2328; x_wconf 86' lang='grc' dir='ltr'>νεώσεις</span> <span class='ocrx_word' id='word_1_504' title='bbox 3171 2268 3266 2322; x_wconf 75' lang='grc' dir='ltr'>καὶ</span> <span class='ocrx_word' id='word_1_505' title='bbox 3317 2267 3526 2336; x_wconf 79' lang='grc' dir='ltr'>Θεωρίας</span> <span class='ocrx_word' id='word_1_506' title='bbox 3563 2265 3630 2318; x_wconf 75' lang='grc' dir='ltr'><strong>καὶ</strong></span> 
     </span>
    </p>
   </div>
   <div class='ocr_carea' id='block_1_70' title="bbox 2116 2353 3633 2430">
    <p class='ocr_par' dir='ltr' id='par_1_70' title="bbox 2116 2353 3633 2430">
     <span class='ocr_line' id='line_1_70' title="bbox 2116 2353 3633 2430; baseline 0.002 -24"><span class='ocrx_word' id='word_1_507' title='bbox 2116 2353 2465 2424; x_wconf 80' lang='grc' dir='ltr'>λειτουργίας</span> <span class='ocrx_word' id='word_1_508' title='bbox 2501 2355 2828 2428; x_wconf 85' lang='grc' dir='ltr'>καθίστησιν</span> <span class='ocrx_word' id='word_1_509' title='bbox 2870 2358 3256 2430; x_wconf 81' lang='grc' dir='ltr'>ἀνενέργητον.</span> <span class='ocrx_word' id='word_1_510' title='bbox 3302 2359 3403 2412; x_wconf 74' lang='grc' dir='ltr'><strong>Καὶ</strong></span> <span class='ocrx_word' id='word_1_511' title='bbox 3429 2353 3633 2425; x_wconf 73' lang='grc' dir='ltr'>ταμιευό-</span> 
     </span>
    </p>
   </div>
   <div class='ocr_carea' id='block_1_71' title="bbox 2121 2445 3632 2521">
    <p class='ocr_par' dir='ltr' id='par_1_71' title="bbox 2121 2445 3632 2521">
     <span class='ocr_line' id='line_1_71' title="bbox 2121 2445 3632 2521; baseline 0.008 -25"><span class='ocrx_word' id='word_1_512' title='bbox 2121 2461 2282 2515; x_wconf 83' lang='grc' dir='ltr'>μενος</span> <span class='ocrx_word' id='word_1_513' title='bbox 2327 2445 2384 2498; x_wconf 79' lang='grc' dir='ltr'>δὲ</span> <span class='ocrx_word' id='word_1_514' title='bbox 2429 2447 2567 2517; x_wconf 78' lang='grc' dir='ltr'>πρὸς</span> <span class='ocrx_word' id='word_1_515' title='bbox 2617 2449 2838 2516; x_wconf 82' lang='grc' dir='ltr'>ἑτέρους</span> <span class='ocrx_word' id='word_1_516' title='bbox 2889 2449 3204 2521; x_wconf 78' lang='grc' dir='ltr'>μοχθηροὺς</span> <span class='ocrx_word' id='word_1_517' title='bbox 3255 2451 3349 2502; x_wconf 82' lang='grc' dir='ltr'><strong>καὶ</strong></span> <span class='ocrx_word' id='word_1_518' title='bbox 3392 2447 3632 2518; x_wconf 73' lang='grc' dir='ltr'>φαύλονςό</span> 
     </span>
    </p>
   </div>
   <div class='ocr_carea' id='block_1_72' title="bbox 2119 2540 3632 2614">
    <p class='ocr_par' dir='ltr' id='par_1_72' title="bbox 2119 2540 3632 2614">
     <span class='ocr_line' id='line_1_72' title="bbox 2119 2540 3632 2614; baseline -0.002 -18"><span class='ocrx_word' id='word_1_519' title='bbox 2119 2543 2347 2606; x_wconf 78' lang='grc' dir='ltr'>πλοῦτος</span> <span class='ocrx_word' id='word_1_520' title='bbox 2379 2545 2690 2614; x_wconf 82' lang='grc' dir='ltr'>προμνᾶται</span> <span class='ocrx_word' id='word_1_521' title='bbox 2714 2547 2827 2610; x_wconf 83' lang='grc' dir='ltr'>τοῖς</span> <span class='ocrx_word' id='word_1_522' title='bbox 2854 2543 3072 2614; x_wconf 72' lang='grc' dir='ltr'>ἔχουσιν</span> <span class='ocrx_word' id='word_1_523' title='bbox 3116 2544 3282 2597; x_wconf 81' lang='grc' dir='ltr'>αὐτὸν</span> <span class='ocrx_word' id='word_1_524' title='bbox 3311 2540 3632 2610; x_wconf 74' lang='grc' dir='ltr'>ἀτελευτήτως</span> 
     </span>
    </p>
   </div>
   <div class='ocr_carea' id='block_1_73' title="bbox 2119 2630 3632 2704">
    <p class='ocr_par' dir='ltr' id='par_1_73' title="bbox 2119 2630 3632 2704">
     <span class='ocr_line' id='line_1_73' title="bbox 2119 2630 3632 2704; baseline -0.001 -20"><span class='ocrx_word' id='word_1_525' title='bbox 2119 2631 2367 2695; x_wconf 70' lang='grc' dir='ltr'>κολάσεις</span> <span class='ocrx_word' id='word_1_526' title='bbox 2387 2649 2402 2663; x_wconf 87' lang='grc'><strong>·</strong></span> <span class='ocrx_word' id='word_1_527' title='bbox 2437 2633 2512 2696; x_wconf 86' lang='grc' dir='ltr'><strong>ὡς</strong></span> <span class='ocrx_word' id='word_1_528' title='bbox 2563 2631 2672 2704; x_wconf 79' lang='grc' dir='ltr'>γ’ἁρ</span> <span class='ocrx_word' id='word_1_529' title='bbox 2701 2635 2803 2688; x_wconf 76' lang='grc' dir='ltr'><strong>οὐκ</strong></span> <span class='ocrx_word' id='word_1_530' title='bbox 2846 2633 3114 2704; x_wconf 75' lang='grc' dir='ltr'>ἠλέησαν,</span> <span class='ocrx_word' id='word_1_531' title='bbox 3155 2633 3265 2688; x_wconf 78' lang='grc' dir='ltr'>οὐδ’</span> <span class='ocrx_word' id='word_1_532' title='bbox 3297 2633 3441 2687; x_wconf 74' lang='grc' dir='ltr'>αὐτοὶ</span> <span class='ocrx_word' id='word_1_533' title='bbox 3468 2630 3632 2689; x_wconf 78' lang='grc' dir='ltr'>πάντως</span> 
     </span>
    </p>
   </div>
   <div class='ocr_carea' id='block_1_74' title="bbox 2122 2716 3632 2795">
    <p class='ocr_par' dir='ltr' id='par_1_74' title="bbox 2122 2716 3632 2795">
     <span class='ocr_line' id='line_1_74' title="bbox 2122 2716 3632 2795; baseline -0.005 -18"><span class='ocrx_word' id='word_1_534' title='bbox 2122 2723 2538 2795; x_wconf 77' lang='grc' dir='ltr'>ἐλεηθήσονται·</span> <span class='ocrx_word' id='word_1_535' title='bbox 2571 2725 2666 2778; x_wconf 80' lang='grc' dir='ltr'><strong>καὶ</strong></span> <span class='ocrx_word' id='word_1_536' title='bbox 2695 2727 2808 2788; x_wconf 85' lang='grc' dir='ltr'>τοῖς</span> <span class='ocrx_word' id='word_1_537' title='bbox 2840 2723 2915 2794; x_wconf 84' lang='grc' dir='ltr'>μὴ</span> <span class='ocrx_word' id='word_1_538' title='bbox 2942 2724 3260 2778; x_wconf 87' lang='grc' dir='ltr'>δανείσασιν</span> <span class='ocrx_word' id='word_1_539' title='bbox 3285 2723 3381 2776; x_wconf 77' lang='grc' dir='ltr'>οὐκ</span> <span class='ocrx_word' id='word_1_540' title='bbox 3417 2716 3632 2785; x_wconf 75' lang='grc' dir='ltr'>ἁντιδοθή-</span> 
     </span>
    </p>
   </div>
   <div class='ocr_carea' id='block_1_75' title="bbox 2125 2812 3632 2885">
    <p class='ocr_par' dir='ltr' id='par_1_75' title="bbox 2125 2812 3632 2885">
     <span class='ocr_line' id='line_1_75' title="bbox 2125 2812 3632 2885; baseline -0.005 -18"><span class='ocrx_word' id='word_1_541' title='bbox 2125 2831 2278 2868; x_wconf 90' lang='grc' dir='ltr'>σεται</span> <span class='ocrx_word' id='word_1_542' title='bbox 2307 2814 2460 2884; x_wconf 83' lang='grc' dir='ltr'>παρὰ</span> <span class='ocrx_word' id='word_1_543' title='bbox 2489 2813 2582 2868; x_wconf 84' lang='grc' dir='ltr'>τοῦ</span> <span class='ocrx_word' id='word_1_544' title='bbox 2613 2814 2871 2878; x_wconf 73' lang='grc' dir='ltr'>λαϐόντος</span> <span class='ocrx_word' id='word_1_545' title='bbox 2896 2813 3032 2868; x_wconf 77' lang='grc' dir='ltr'>Θεοῦ</span> <span class='ocrx_word' id='word_1_546' title='bbox 3063 2814 3157 2869; x_wconf 80' lang='grc' dir='ltr'>διὰ</span> <span class='ocrx_word' id='word_1_547' title='bbox 3188 2814 3288 2885; x_wconf 87' lang='grc' dir='ltr'>τῆς</span> <span class='ocrx_word' id='word_1_548' title='bbox 3318 2813 3418 2866; x_wconf 86' lang='grc' dir='ltr'><strong>τῶν</strong></span> <span class='ocrx_word' id='word_1_549' title='bbox 3447 2812 3632 2877; x_wconf 73' lang='grc' dir='ltr'>πενήτων</span> 
     </span>
    </p>
   </div>
   <div class='ocr_carea' id='block_1_76' title="bbox 2125 2903 2726 2977">
    <p class='ocr_par' dir='ltr' id='par_1_76' title="bbox 2125 2903 2726 2977">
     <span class='ocr_line' id='line_1_76' title="bbox 2125 2903 2726 2977; baseline 0.007 -21"><span class='ocrx_word' id='word_1_550' title='bbox 2125 2903 2342 2974; x_wconf 76' lang='grc' dir='ltr'>λήψεως</span> <span class='ocrx_word' id='word_1_551' title='bbox 2371 2908 2404 2977; x_wconf 78' lang='grc' dir='ltr'><strong>η</strong></span> <span class='ocrx_word' id='word_1_552' title='bbox 2437 2905 2726 2970; x_wconf 71' lang='grc' dir='ltr'>ἀντίδοσις.</span> 
     </span>
    </p>
   </div>
   <div class='ocr_carea' id='block_1_77' title="bbox 2199 3081 3630 3162">
    <p class='ocr_par' dir='ltr' id='par_1_77' title="bbox 2199 3081 3630 3162">
     <span class='ocr_line' id='line_1_77' title="bbox 2199 3081 3630 3162; baseline -0.006 -20"><span class='ocrx_word' id='word_1_553' title='bbox 2199 3089 2274 3143; x_wconf 78' lang='grc' dir='ltr'>Τὸ</span> <span class='ocrx_word' id='word_1_554' title='bbox 2299 3087 2480 3144; x_wconf 85' lang='grc' dir='ltr'>τοίνυν</span> <span class='ocrx_word' id='word_1_555' title='bbox 2530 3091 2826 3162; x_wconf 78' lang='grc' dir='ltr'>σωφρόνως</span> <span class='ocrx_word' id='word_1_556' title='bbox 2853 3091 2946 3146; x_wconf 76' lang='grc' dir='ltr'>καὶ</span> <span class='ocrx_word' id='word_1_557' title='bbox 2985 3091 3342 3162; x_wconf 80' lang='grc' dir='ltr'>τεταγμένως</span> <span class='ocrx_word' id='word_1_558' title='bbox 3383 3089 3539 3160; x_wconf 78' lang='grc' dir='ltr'>φαγεῖν</span> <span class='ocrx_word' id='word_1_559' title='bbox 3559 3081 3630 3136; x_wconf 76' lang='grc' dir='ltr'>καὶ</span> 
     </span>
    </p>
   </div>
   <div class='ocr_carea' id='block_1_78' title="bbox 2127 3178 3636 3255">
    <p class='ocr_par' dir='ltr' id='par_1_78' title="bbox 2127 3178 3636 3255">
     <span class='ocr_line' id='line_1_78' title="bbox 2127 3178 3636 3255; baseline 0.005 -23"><span class='ocrx_word' id='word_1_560' title='bbox 2127 3181 2296 3242; x_wconf 84' lang='grc' dir='ltr'>πιεῖν.</span> <span class='ocrx_word' id='word_1_561' title='bbox 2326 3182 2422 3235; x_wconf 76' lang='grc' dir='ltr'><strong>καὶ</strong></span> <span class='ocrx_word' id='word_1_562' title='bbox 2457 3180 2528 3236; x_wconf 82' lang='grc' dir='ltr'>τὰ</span> <span class='ocrx_word' id='word_1_563' title='bbox 2561 3183 2716 3253; x_wconf 89' lang='grc' dir='ltr'><strong>παρά</strong></span> <span class='ocrx_word' id='word_1_564' title='bbox 2743 3183 2841 3255; x_wconf 86' lang='grc' dir='ltr'><strong>τῆς</strong></span> <span class='ocrx_word' id='word_1_565' title='bbox 2872 3183 3092 3252; x_wconf 82' lang='grc' dir='ltr'>φύσεως</span> <span class='ocrx_word' id='word_1_566' title='bbox 3118 3183 3492 3254; x_wconf 75' lang='grc' dir='ltr'>ἀπαραιτήτως</span> <span class='ocrx_word' id='word_1_567' title='bbox 3515 3178 3636 3239; x_wconf 72' lang='grc' dir='ltr'><strong>ἄναγ’</strong></span> 
     </span>
    </p>
   </div>
   <div class='ocr_carea' id='block_1_79' title="bbox 2126 3269 3636 3346">
    <p class='ocr_par' dir='ltr' id='par_1_79' title="bbox 2126 3269 3636 3346">
     <span class='ocr_line' id='line_1_79' title="bbox 2126 3269 3636 3346; baseline -0.015 -7"><span class='ocrx_word' id='word_1_568' title='bbox 2126 3274 2260 3328; x_wconf 76' lang='grc' dir='ltr'>καῖα</span> <span class='ocrx_word' id='word_1_569' title='bbox 2305 3271 2630 3345; x_wconf 71' lang='grc' dir='ltr'>ζητούμενα,</span> <span class='ocrx_word' id='word_1_570' title='bbox 2664 3275 2799 3346; x_wconf 80' lang='grc' dir='ltr'>δρᾷν</span> <span class='ocrx_word' id='word_1_571' title='bbox 2820 3314 2836 3341; x_wconf 95' lang='lat'><strong>,</strong></span> <span class='ocrx_word' id='word_1_572' title='bbox 2885 3269 2960 3328; x_wconf 85' lang='grc' dir='ltr'>ὧν</span> <span class='ocrx_word' id='word_1_573' title='bbox 2989 3278 3124 3330; x_wconf 71' lang='grc' dir='ltr'>ἄνευ</span> <span class='ocrx_word' id='word_1_574' title='bbox 3170 3277 3269 3346; x_wconf 76' lang='grc' dir='ltr'><strong>οὐχ</strong></span> <span class='ocrx_word' id='word_1_575' title='bbox 3315 3269 3418 3328; x_wconf 79' lang='grc' dir='ltr'><strong>οἷόν</strong></span> <span class='ocrx_word' id='word_1_576' title='bbox 3445 3272 3495 3324; x_wconf 81' lang='grc' dir='ltr'><strong><em>τέ</em></strong></span> <span class='ocrx_word' id='word_1_577' title='bbox 3531 3273 3636 3322; x_wconf 72' lang='grc' dir='ltr'>ἐστιν</span> 
     </span>
    </p>
   </div>
   <div class='ocr_carea' id='block_1_80' title="bbox 2125 3353 3636 3438">
    <p class='ocr_par' dir='ltr' id='par_1_80' title="bbox 2125 3353 3636 3438">
     <span class='ocr_line' id='line_1_80' title="bbox 2125 3353 3636 3438; baseline -0.015 -3"><span class='ocrx_word' id='word_1_578' title='bbox 2125 3363 2458 3434; x_wconf 64' lang='grc' dir='ltr'><strong>ἐρρωμένως</strong></span> <span class='ocrx_word' id='word_1_579' title='bbox 2495 3363 2595 3435; x_wconf 73' lang='grc' dir='ltr'><strong>ζῇν</strong></span> <span class='ocrx_word' id='word_1_580' title='bbox 2643 3366 2784 3436; x_wconf 76' lang='grc' dir='ltr'>πρὸς</span> <span class='ocrx_word' id='word_1_581' title='bbox 2829 3365 2906 3436; x_wconf 82' lang='grc' dir='ltr'>τῷ</span> <span class='ocrx_word' id='word_1_582' title='bbox 2954 3366 3052 3420; x_wconf 82' lang='grc' dir='ltr'>καὶ</span> <span class='ocrx_word' id='word_1_583' title='bbox 3100 3365 3180 3438; x_wconf 82' lang='grc' dir='ltr'>τῷ</span> <span class='ocrx_word' id='word_1_584' title='bbox 3230 3359 3533 3437; x_wconf 80' lang='grc' dir='ltr'>Δημιουργῷ</span> <span class='ocrx_word' id='word_1_585' title='bbox 3571 3353 3636 3412; x_wconf 66' lang='grc' dir='ltr'><strong>τὰς</strong></span> 
     </span>
    </p>
   </div>
   <div class='ocr_carea' id='block_1_81' title="bbox 2126 3455 3638 3528">
    <p class='ocr_par' dir='ltr' id='par_1_81' title="bbox 2126 3455 3638 3528">
     <span class='ocr_line' id='line_1_81' title="bbox 2126 3455 3638 3528; baseline -0.013 -9"><span class='ocrx_word' id='word_1_586' title='bbox 2126 3457 2620 3526; x_wconf 80' lang='grc' dir='ltr'>κεχρεωστημὲνας</span> <span class='ocrx_word' id='word_1_587' title='bbox 2652 3457 2962 3512; x_wconf 83' lang='grc' dir='ltr'>ἀποδιδόναι</span> <span class='ocrx_word' id='word_1_588' title='bbox 2982 3457 3331 3528; x_wconf 83' lang='grc' dir='ltr'>λειτουργίας</span> <span class='ocrx_word' id='word_1_589' title='bbox 3354 3455 3442 3508; x_wconf 75' lang='grc' dir='ltr'>καὶ</span> <span class='ocrx_word' id='word_1_590' title='bbox 3465 3463 3638 3520; x_wconf 80' lang='grc' dir='ltr'>προσενο</span> 
     </span>
    </p>
   </div>
   <div class='ocr_carea' id='block_1_82' title="bbox 2124 3543 3640 3621">
    <p class='ocr_par' dir='ltr' id='par_1_82' title="bbox 2124 3543 3640 3621">
     <span class='ocr_line' id='line_1_82' title="bbox 2124 3543 3640 3621; baseline 0.003 -22"><span class='ocrx_word' id='word_1_591' title='bbox 2124 3547 2229 3618; x_wconf 76' lang='grc' dir='ltr'><strong>χάς</strong></span> <span class='ocrx_word' id='word_1_592' title='bbox 2251 3549 2518 3619; x_wconf 75' lang='grc' dir='ltr'>ἡμερινὰς</span> <span class='ocrx_word' id='word_1_593' title='bbox 2538 3551 2634 3603; x_wconf 77' lang='grc' dir='ltr'>καὶ</span> <span class='ocrx_word' id='word_1_594' title='bbox 2654 3551 2998 3620; x_wconf 71' lang='grc' dir='ltr'>νυκτερινὰς.</span> <span class='ocrx_word' id='word_1_595' title='bbox 3021 3552 3126 3621; x_wconf 83' lang='grc' dir='ltr'><strong>τῆς</strong></span> <span class='ocrx_word' id='word_1_596' title='bbox 3149 3551 3299 3616; x_wconf 86' lang='grc' dir='ltr'>θείας</span> <span class='ocrx_word' id='word_1_597' title='bbox 3318 3545 3501 3620; x_wconf 70' lang='grc' dir='ltr'>χειρὸς,</span> <span class='ocrx_word' id='word_1_598' title='bbox 3521 3543 3640 3613; x_wconf 70' lang='grc' dir='ltr'><strong>ἤγουν</strong></span> 
     </span>
    </p>
   </div>
   <div class='ocr_carea' id='block_1_83' title="bbox 2127 3631 3641 3712">
    <p class='ocr_par' dir='ltr' id='par_1_83' title="bbox 2127 3631 3641 3712">
     <span class='ocr_line' id='line_1_83' title="bbox 2127 3631 3641 3712; baseline -0.002 -21"><span class='ocrx_word' id='word_1_599' title='bbox 2127 3637 2466 3709; x_wconf 76' lang='grc' dir='ltr'>ἁγαθότητος</span> <span class='ocrx_word' id='word_1_600' title='bbox 2501 3641 2594 3694; x_wconf 84' lang='grc' dir='ltr'>καὶ</span> <span class='ocrx_word' id='word_1_601' title='bbox 2629 3639 2847 3712; x_wconf 81' lang='grc' dir='ltr'>βουλῆς,</span> <span class='ocrx_word' id='word_1_602' title='bbox 2883 3641 3047 3712; x_wconf 74' lang='grc' dir='ltr'>ἔργον</span> <span class='ocrx_word' id='word_1_603' title='bbox 3082 3642 3236 3696; x_wconf 84' lang='grc' dir='ltr'><strong>ὲστί·</strong></span> <span class='ocrx_word' id='word_1_604' title='bbox 3266 3641 3328 3694; x_wconf 83' lang='grc' dir='ltr'><strong>τδ</strong></span> <span class='ocrx_word' id='word_1_605' title='bbox 3351 3641 3408 3694; x_wconf 75' lang='grc' dir='ltr'>δὲ</span> <span class='ocrx_word' id='word_1_606' title='bbox 3448 3631 3641 3706; x_wconf 67' lang='grc' dir='ltr'>περιττδν</span> 
     </span>
    </p>
   </div>
   <div class='ocr_carea' id='block_1_84' title="bbox 2129 3718 3644 3806">
    <p class='ocr_par' dir='ltr' id='par_1_84' title="bbox 2129 3718 3644 3806">
     <span class='ocr_line' id='line_1_84' title="bbox 2129 3718 3644 3806; baseline 0.01 -24"><span class='ocrx_word' id='word_1_607' title='bbox 2129 3730 2222 3782; x_wconf 76' lang='grc' dir='ltr'>καὶ</span> <span class='ocrx_word' id='word_1_608' title='bbox 2253 3729 2350 3800; x_wconf 79' lang='grc' dir='ltr'><strong>τῆς</strong></span> <span class='ocrx_word' id='word_1_609' title='bbox 2389 3731 2694 3800; x_wconf 82' lang='grc' dir='ltr'>ἀναγκαίας</span> <span class='ocrx_word' id='word_1_610' title='bbox 2721 3732 2912 3804; x_wconf 85' lang='grc' dir='ltr'>χρείας</span> <span class='ocrx_word' id='word_1_611' title='bbox 2939 3734 3230 3806; x_wconf 76' lang='grc' dir='ltr'>πόρρωθεν</span> <span class='ocrx_word' id='word_1_612' title='bbox 3273 3732 3352 3794; x_wconf 78' lang='grc' dir='ltr'>ὃν.</span> <span class='ocrx_word' id='word_1_613' title='bbox 3378 3730 3466 3800; x_wconf 76' lang='grc' dir='ltr'><strong>τῆς</strong></span> <span class='ocrx_word' id='word_1_614' title='bbox 3488 3718 3644 3806; x_wconf 63' lang='grc' dir='ltr'>λυττὼἶ</span> 
     </span>
    </p>
   </div>
   <div class='ocr_carea' id='block_1_85' title="bbox 2131 3802 3648 3895">
    <p class='ocr_par' dir='ltr' id='par_1_85' title="bbox 2131 3802 3648 3895">
     <span class='ocr_line' id='line_1_85' title="bbox 2131 3802 3648 3895; baseline -0.042 -3"><span class='ocrx_word' id='word_1_615' title='bbox 2131 3837 2230 3891; x_wconf 86' lang='grc' dir='ltr'><strong>σης</strong></span> <span class='ocrx_word' id='word_1_616' title='bbox 2275 3823 2372 3874; x_wconf 74' lang='grc' dir='ltr'><strong>καὶ</strong></span> <span class='ocrx_word' id='word_1_617' title='bbox 2407 3802 2976 3893; x_wconf 60' lang='grc' dir='ltr'>μανιώδουςγαστρδς</span> <span class='ocrx_word' id='word_1_618' title='bbox 3013 3802 3124 3878; x_wconf 34' lang='lat' dir='ltr'><strong>id</strong></span> <span class='ocrx_word' id='word_1_619' title='bbox 3171 3822 3534 3895; x_wconf 49' lang='grc' dir='ltr'><strong>προαιρέσεως,</strong></span> <span class='ocrx_word' id='word_1_620' title='bbox 3563 3802 3648 3866; x_wconf 57' lang='grc' dir='ltr'><strong>άλλη</strong></span> 
     </span>
    </p>
   </div>
   <div class='ocr_carea' id='block_1_86' title="bbox 2127 3906 3644 3988">
    <p class='ocr_par' dir='ltr' id='par_1_86' title="bbox 2127 3906 3644 3988">
     <span class='ocr_line' id='line_1_86' title="bbox 2127 3906 3644 3988; baseline -0.01 -9"><span class='ocrx_word' id='word_1_621' title='bbox 2127 3913 2251 3982; x_wconf 68' lang='grc' dir='ltr'><strong>οὐχὶ</strong></span> <span class='ocrx_word' id='word_1_622' title='bbox 2286 3912 2386 3984; x_wconf 81' lang='grc' dir='ltr'><strong>τῆς</strong></span> <span class='ocrx_word' id='word_1_623' title='bbox 2433 3912 2583 3978; x_wconf 74' lang='grc' dir='ltr'>θείας</span> <span class='ocrx_word' id='word_1_624' title='bbox 2624 3913 2804 3985; x_wconf 77' lang='grc' dir='ltr'>χειρὸς</span> <span class='ocrx_word' id='word_1_625' title='bbox 2835 3913 2933 3968; x_wconf 81' lang='grc' dir='ltr'>καὶ</span> <span class='ocrx_word' id='word_1_626' title='bbox 2962 3913 3183 3988; x_wconf 80' lang='grc' dir='ltr'>βουλῆς.</span> <span class='ocrx_word' id='word_1_627' title='bbox 3215 3913 3290 3968; x_wconf 78' lang='grc' dir='ltr'><strong>Τὸ</strong></span> <span class='ocrx_word' id='word_1_628' title='bbox 3338 3911 3462 3966; x_wconf 74' lang='grc' dir='ltr'>αὐτὸ</span> <span class='ocrx_word' id='word_1_629' title='bbox 3499 3906 3548 3960; x_wconf 73' lang='grc' dir='ltr'>δέ</span> <span class='ocrx_word' id='word_1_630' title='bbox 3585 3917 3644 3964; x_wconf 79' lang='grc' dir='ltr'>τις</span> 
     </span>
    </p>
   </div>
   <div class='ocr_carea' id='block_1_87' title="bbox 2131 3995 3646 4079">
    <p class='ocr_par' dir='ltr' id='par_1_87' title="bbox 2131 3995 3646 4079">
     <span class='ocr_line' id='line_1_87' title="bbox 2131 3995 3646 4079; baseline -0.002 -21"><span class='ocrx_word' id='word_1_631' title='bbox 2131 4006 2226 4058; x_wconf 76' lang='grc' dir='ltr'>καὶ</span> <span class='ocrx_word' id='word_1_632' title='bbox 2273 4005 2400 4077; x_wconf 77' lang='grc' dir='ltr'>περὶ</span> <span class='ocrx_word' id='word_1_633' title='bbox 2430 4005 2524 4059; x_wconf 84' lang='grc' dir='ltr'>τοῦ</span> <span class='ocrx_word' id='word_1_634' title='bbox 2559 4005 2792 4062; x_wconf 85' lang='grc' dir='ltr'>πλούτου</span> <span class='ocrx_word' id='word_1_635' title='bbox 2841 4011 3037 4078; x_wconf 82' lang='grc' dir='ltr'>φήσειε</span> <span class='ocrx_word' id='word_1_636' title='bbox 3071 4007 3492 4079; x_wconf 73' lang='grc' dir='ltr'>.προσηκόντως’</span> <span class='ocrx_word' id='word_1_637' title='bbox 3530 3997 3590 4056; x_wconf 76' lang='grc' dir='ltr'>ὡς</span> <span class='ocrx_word' id='word_1_638' title='bbox 3625 3995 3646 4044; x_wconf 69' lang='grc' dir='ltr'><strong>ὁ</strong></span> 
     </span>
    </p>
   </div>
   <div class='ocr_carea' id='block_1_88' title="bbox 2133 4088 3646 4169">
    <p class='ocr_par' dir='ltr' id='par_1_88' title="bbox 2133 4088 3646 4169">
     <span class='ocr_line' id='line_1_88' title="bbox 2133 4088 3646 4169; baseline -0.016 -2"><span class='ocrx_word' id='word_1_639' title='bbox 2133 4097 2236 4167; x_wconf 70' lang='grc' dir='ltr'><strong>μὲν</strong></span> <span class='ocrx_word' id='word_1_640' title='bbox 2261 4099 2370 4152; x_wconf 79' lang='grc' dir='ltr'><strong>ἀπὸ</strong></span> <span class='ocrx_word' id='word_1_641' title='bbox 2403 4097 2604 4169; x_wconf 82' lang='grc' dir='ltr'>μόχθου</span> <span class='ocrx_word' id='word_1_642' title='bbox 2653 4101 2749 4154; x_wconf 75' lang='grc' dir='ltr'>καὶ</span> <span class='ocrx_word' id='word_1_643' title='bbox 2798 4101 2967 4154; x_wconf 83' lang='grc' dir='ltr'>κόπου</span> <span class='ocrx_word' id='word_1_644' title='bbox 3012 4101 3108 4154; x_wconf 76' lang='grc' dir='ltr'><strong>καὶ</strong></span> <span class='ocrx_word' id='word_1_645' title='bbox 3135 4100 3247 4154; x_wconf 73' lang='grc' dir='ltr'><strong>τῶν</strong></span> <span class='ocrx_word' id='word_1_646' title='bbox 3279 4098 3418 4152; x_wconf 82' lang='grc' dir='ltr'>ίδίων</span> <span class='ocrx_word' id='word_1_647' title='bbox 3457 4088 3646 4163; x_wconf 75' lang='grc' dir='ltr'>ἱδρώτων</span> 
     </span>
    </p>
   </div>
   <div class='ocr_carea' id='block_1_89' title="bbox 2130 4177 3646 4263">
    <p class='ocr_par' dir='ltr' id='par_1_89' title="bbox 2130 4177 3646 4263">
     <span class='ocr_line' id='line_1_89' title="bbox 2130 4177 3646 4263; baseline 0.001 -19"><span class='ocrx_word' id='word_1_648' title='bbox 2130 4189 2209 4262; x_wconf 83' lang='grc' dir='ltr'>τῷ</span> <span class='ocrx_word' id='word_1_649' title='bbox 2261 4190 2535 4263; x_wconf 82' lang='grc' dir='ltr'>ἀνθρώπῳ</span> <span class='ocrx_word' id='word_1_650' title='bbox 2587 4191 3076 4262; x_wconf 75' lang='grc' dir='ltr'>συναθροιζόμενος</span> <span class='ocrx_word' id='word_1_651' title='bbox 3131 4191 3359 4252; x_wconf 76' lang='grc' dir='ltr'>πλοῦτος</span> <span class='ocrx_word' id='word_1_652' title='bbox 3412 4185 3532 4258; x_wconf 76' lang='grc' dir='ltr'>μετὰ</span> <span class='ocrx_word' id='word_1_653' title='bbox 3571 4177 3646 4246; x_wconf 65' lang='grc' dir='ltr'><strong>τῆς</strong></span> 
     </span>
    </p>
   </div>
   <div class='ocr_carea' id='block_1_90' title="bbox 2133 4271 3645 4355">
    <p class='ocr_par' dir='ltr' id='par_1_90' title="bbox 2133 4271 3645 4355">
     <span class='ocr_line' id='line_1_90' title="bbox 2133 4271 3645 4355; baseline -0.013 -2"><span class='ocrx_word' id='word_1_654' title='bbox 2133 4281 2452 4354; x_wconf 79' lang='grc' dir='ltr'>πρεπούσης</span> <span class='ocrx_word' id='word_1_655' title='bbox 2483 4282 2742 4354; x_wconf 76' lang='grc' dir='ltr'>ἀληθείας</span> <span class='ocrx_word' id='word_1_656' title='bbox 2769 4285 2864 4337; x_wconf 81' lang='grc' dir='ltr'>καὶ</span> <span class='ocrx_word' id='word_1_657' title='bbox 2887 4283 3240 4355; x_wconf 84' lang='grc' dir='ltr'>δικαιοσύνης</span> <span class='ocrx_word' id='word_1_658' title='bbox 3265 4285 3374 4344; x_wconf 87' lang='grc' dir='ltr'>τοῖς</span> <span class='ocrx_word' id='word_1_659' title='bbox 3399 4282 3556 4350; x_wconf 76' lang='grc' dir='ltr'>ἔχουσι</span> <span class='ocrx_word' id='word_1_660' title='bbox 3573 4271 3645 4333; x_wconf 65' lang='grc' dir='ltr'><strong>τὰς</strong></span> 
     </span>
    </p>
   </div>
   <div class='ocr_carea' id='block_1_91' title="bbox 2133 4364 3646 4446">
    <p class='ocr_par' dir='ltr' id='par_1_91' title="bbox 2133 4364 3646 4446">
     <span class='ocr_line' id='line_1_91' title="bbox 2133 4364 3646 4446; baseline 0.003 -22"><span class='ocrx_word' id='word_1_661' title='bbox 2133 4372 2356 4436; x_wconf 75' lang='grc' dir='ltr'>ἐλπίδας</span> <span class='ocrx_word' id='word_1_662' title='bbox 2383 4374 2476 4426; x_wconf 71' lang='grc' dir='ltr'><strong>ἐπὶ</strong></span> <span class='ocrx_word' id='word_1_663' title='bbox 2501 4373 2594 4428; x_wconf 72' lang='grc' dir='ltr'><strong>τὸν</strong></span> <span class='ocrx_word' id='word_1_664' title='bbox 2619 4373 2846 4446; x_wconf 82' lang='grc' dir='ltr'>Κύριον,</span> <span class='ocrx_word' id='word_1_665' title='bbox 2881 4375 2978 4428; x_wconf 78' lang='grc' dir='ltr'>καὶ</span> <span class='ocrx_word' id='word_1_666' title='bbox 3003 4375 3322 4445; x_wconf 82' lang='grc' dir='ltr'>διανέμουσι</span> <span class='ocrx_word' id='word_1_667' title='bbox 3349 4373 3438 4426; x_wconf 84' lang='grc' dir='ltr'>καὶ</span> <span class='ocrx_word' id='word_1_668' title='bbox 3460 4369 3556 4428; x_wconf 77' lang='grc' dir='ltr'>τοῖς</span> <span class='ocrx_word' id='word_1_669' title='bbox 3583 4364 3646 4415; x_wconf 64' lang='grc' dir='ltr'><strong>ἔν’</strong></span> 
     </span>
    </p>
   </div>
   <div class='ocr_carea' id='block_1_92' title="bbox 2059 4456 3646 4555">
    <p class='ocr_par' dir='ltr' id='par_1_92' title="bbox 2059 4456 3646 4555">
     <span class='ocr_line' id='line_1_92' title="bbox 2059 4456 3646 4555; baseline 0.004 -40"><span class='ocrx_word' id='word_1_670' title='bbox 2059 4499 2104 4555; x_wconf 74' lang='lat' dir='ltr'><strong>D</strong></span> <span class='ocrx_word' id='word_1_671' title='bbox 2133 4463 2281 4555; x_wconf 84' lang='grc' dir='ltr'>δεέσι</span> <span class='ocrx_word' id='word_1_672' title='bbox 2309 4463 2449 4519; x_wconf 82' lang='grc' dir='ltr'><strong>κατά</strong></span> <span class='ocrx_word' id='word_1_673' title='bbox 2478 4465 2578 4536; x_wconf 77' lang='grc' dir='ltr'>τὴν</span> <span class='ocrx_word' id='word_1_674' title='bbox 2605 4467 2902 4536; x_wconf 82' lang='grc' dir='ltr'>ἀναλογίαν</span> <span class='ocrx_word' id='word_1_675' title='bbox 2943 4466 3045 4536; x_wconf 85' lang='grc' dir='ltr'>τῆς</span> <span class='ocrx_word' id='word_1_676' title='bbox 3075 4466 3214 4530; x_wconf 82' lang='grc' dir='ltr'>ιδίας</span> <span class='ocrx_word' id='word_1_677' title='bbox 3241 4465 3520 4534; x_wconf 60' lang='grc' dir='ltr'>δυνάμεως,</span> <span class='ocrx_word' id='word_1_678' title='bbox 3546 4456 3646 4522; x_wconf 72' lang='grc' dir='ltr'><strong>ἀτα⁶</strong></span> 
     </span>
    </p>
   </div>
   <div class='ocr_carea' id='block_1_93' title="bbox 2133 4551 3643 4628">
    <p class='ocr_par' dir='ltr' id='par_1_93' title="bbox 2133 4551 3643 4628">
     <span class='ocr_line' id='line_1_93' title="bbox 2133 4551 3643 4628; baseline -0.007 -20"><span class='ocrx_word' id='word_1_679' title='bbox 2133 4554 2225 4608; x_wconf 80' lang='grc' dir='ltr'>θόν</span> <span class='ocrx_word' id='word_1_680' title='bbox 2255 4556 2373 4608; x_wconf 73' lang='grc' dir='ltr'>ἔστι</span> <span class='ocrx_word' id='word_1_681' title='bbox 2398 4558 2492 4610; x_wconf 73' lang='grc' dir='ltr'><strong>καὶ</strong></span> <span class='ocrx_word' id='word_1_682' title='bbox 2521 4555 2780 4628; x_wconf 77' lang='grc' dir='ltr'>πρόξενος</span> <span class='ocrx_word' id='word_1_683' title='bbox 2809 4556 3032 4626; x_wconf 84' lang='grc' dir='ltr'>ἀγαθῶν</span> <span class='ocrx_word' id='word_1_684' title='bbox 3077 4558 3370 4628; x_wconf 80' lang='grc' dir='ltr'>ἀκηράτων</span> <span class='ocrx_word' id='word_1_685' title='bbox 3398 4554 3480 4609; x_wconf 79' lang='grc' dir='ltr'>καὶ</span> <span class='ocrx_word' id='word_1_686' title='bbox 3507 4551 3643 4603; x_wconf 69' lang='lat' dir='ltr'><strong>Stato-</strong></span> 
     </span>
    </p>
   </div>
   <div class='ocr_carea' id='block_1_94' title="bbox 2131 4641 3644 4719">
    <p class='ocr_par' dir='ltr' id='par_1_94' title="bbox 2131 4641 3644 4719">
     <span class='ocr_line' id='line_1_94' title="bbox 2131 4641 3644 4719; baseline 0.003 -21"><span class='ocrx_word' id='word_1_687' title='bbox 2131 4643 2387 4710; x_wconf 79' lang='grc' dir='ltr'>νιζόντων</span> <span class='ocrx_word' id='word_1_688' title='bbox 2409 4664 2423 4679; x_wconf 87' lang='grc'><strong>·</strong></span> <span class='ocrx_word' id='word_1_689' title='bbox 2455 4647 2517 4700; x_wconf 67' lang='grc' dir='ltr'>τὸ</span> <span class='ocrx_word' id='word_1_690' title='bbox 2553 4647 2610 4701; x_wconf 81' lang='grc' dir='ltr'>δὲ</span> <span class='ocrx_word' id='word_1_691' title='bbox 2643 4649 2894 4702; x_wconf 83' lang='grc' dir='ltr'>πλουτεῖν</span> <span class='ocrx_word' id='word_1_692' title='bbox 2926 4649 3048 4719; x_wconf 82' lang='grc' dir='ltr'>μὲν,</span> <span class='ocrx_word' id='word_1_693' title='bbox 3079 4651 3156 4713; x_wconf 82' lang='grc' dir='ltr'>ὡς</span> <span class='ocrx_word' id='word_1_694' title='bbox 3185 4651 3254 4705; x_wconf 75' lang='grc' dir='ltr'>ἄν</span> <span class='ocrx_word' id='word_1_695' title='bbox 3297 4664 3376 4710; x_wconf 85' lang='grc' dir='ltr'><strong>τις</strong></span> <span class='ocrx_word' id='word_1_696' title='bbox 3405 4646 3490 4698; x_wconf 83' lang='grc' dir='ltr'>καὶ</span> <span class='ocrx_word' id='word_1_697' title='bbox 3520 4641 3644 4703; x_wconf 73' lang='grc' dir='ltr'>δνντΓ</span> 
     </span>
    </p>
   </div>
   <div class='ocr_carea' id='block_1_95' title="bbox 2133 4729 3645 4810">
    <p class='ocr_par' dir='ltr' id='par_1_95' title="bbox 2133 4729 3645 4810">
     <span class='ocr_line' id='line_1_95' title="bbox 2133 4729 3645 4810; baseline -0.003 -18"><span class='ocrx_word' id='word_1_698' title='bbox 2133 4737 2251 4809; x_wconf 87' lang='grc' dir='ltr'>θείη</span> <span class='ocrx_word' id='word_1_699' title='bbox 2286 4738 2567 4801; x_wconf 86' lang='grc' dir='ltr'>πλουτεῖν,</span> <span class='ocrx_word' id='word_1_700' title='bbox 2619 4741 2700 4804; x_wconf 87' lang='grc' dir='ltr'><strong>είς</strong></span> <span class='ocrx_word' id='word_1_701' title='bbox 2747 4741 2938 4793; x_wconf 74' lang='grc' dir='ltr'>ἑαυτὸν</span> <span class='ocrx_word' id='word_1_702' title='bbox 2981 4741 3039 4794; x_wconf 85' lang='grc' dir='ltr'>δὲ</span> <span class='ocrx_word' id='word_1_703' title='bbox 3093 4741 3191 4794; x_wconf 72' lang='grc' dir='ltr'><strong>καὶ</strong></span> <span class='ocrx_word' id='word_1_704' title='bbox 3241 4739 3376 4810; x_wconf 75' lang='grc' dir='ltr'>πρὸς</span> <span class='ocrx_word' id='word_1_705' title='bbox 3421 4739 3504 4798; x_wconf 73' lang='grc' dir='ltr'>τὰς</span> <span class='ocrx_word' id='word_1_706' title='bbox 3544 4729 3645 4787; x_wconf 79' lang='grc' dir='ltr'>ἰδίας</span> 
     </span>
    </p>
   </div>
   <div class='ocr_carea' id='block_1_96' title="bbox 2133 4817 3644 4903">
    <p class='ocr_par' dir='ltr' id='par_1_96' title="bbox 2133 4817 3644 4903">
     <span class='ocr_line' id='line_1_96' title="bbox 2133 4817 3644 4903; baseline -0.023 0"><span class='ocrx_word' id='word_1_707' title='bbox 2133 4830 2324 4902; x_wconf 72' lang='grc' dir='ltr'>χρείας</span> <span class='ocrx_word' id='word_1_708' title='bbox 2349 4833 2418 4884; x_wconf 71' lang='grc' dir='ltr'>τὰ</span> <span class='ocrx_word' id='word_1_709' title='bbox 2461 4830 2556 4885; x_wconf 78' lang='grc' dir='ltr'><strong>τοῦ</strong></span> <span class='ocrx_word' id='word_1_710' title='bbox 2599 4831 2830 4885; x_wconf 79' lang='grc' dir='ltr'>πλούτου</span> <span class='ocrx_word' id='word_1_711' title='bbox 2861 4831 3351 4903; x_wconf 72' lang='grc' dir='ltr'>προσαναλίσκεινο</span> <span class='ocrx_word' id='word_1_712' title='bbox 3386 4829 3456 4900; x_wconf 83' lang='grc' dir='ltr'>μὴ</span> <span class='ocrx_word' id='word_1_713' title='bbox 3477 4817 3644 4890; x_wconf 70' lang='grc' dir='ltr'>λαμϐά-</span> 
     </span>
    </p>
   </div>
   <div class='ocr_carea' id='block_1_97' title="bbox 450 4915 2020 4994">
    <p class='ocr_par' dir='ltr' id='par_1_97' title="bbox 450 4915 2020 4991">
     <span class='ocr_line' id='line_1_97' title="bbox 450 4915 2020 4991; baseline 0.006 -23"><span class='ocrx_word' id='word_1_714' title='bbox 450 4929 525 4969; x_wconf 82' lang='lat' dir='ltr'><strong>ex</strong></span> <span class='ocrx_word' id='word_1_715' title='bbox 561 4915 646 4970; x_wconf 84' lang='lat' dir='ltr'><strong>his</strong></span> <span class='ocrx_word' id='word_1_716' title='bbox 697 4915 956 4974; x_wconf 80' lang='lat' dir='ltr'><strong>fratribus</strong></span> <span class='ocrx_word' id='word_1_717' title='bbox 1003 4924 1140 4976; x_wconf 86' lang='lat' dir='ltr'><strong>meis</strong></span> <span class='ocrx_word' id='word_1_718' title='bbox 1191 4919 1472 4988; x_wconf 83' lang='lat' dir='ltr'><strong>minimis,</strong></span> <span class='ocrx_word' id='word_1_719' title='bbox 1518 4921 1654 4976; x_wconf 88' lang='lat' dir='ltr'><strong>mihi</strong></span> <span class='ocrx_word' id='word_1_720' title='bbox 1697 4920 1904 4978; x_wconf 86' lang='lat' dir='ltr'><strong>fecistis</strong></span> <span class='ocrx_word' id='word_1_721' title='bbox 1949 4921 2020 4991; x_wconf 71' lang='lat'><strong>“,</strong></span> 
     </span>
    </p>
   </div>
   <div class='ocr_carea' id='block_1_98' title="bbox 2124 4915 3645 4994">
    <p class='ocr_par' dir='ltr' id='par_1_98' title="bbox 2135 4916 3645 4994">
     <span class='ocr_line' id='line_1_98' title="bbox 2135 4916 3645 4994; baseline -0.003 -19"><span class='ocrx_word' id='word_1_722' title='bbox 2135 4937 2248 4976; x_wconf 89' lang='grc' dir='ltr'>νειν</span> <span class='ocrx_word' id='word_1_723' title='bbox 2293 4921 2348 4974; x_wconf 80' lang='grc' dir='ltr'>δὲ</span> <span class='ocrx_word' id='word_1_724' title='bbox 2377 4923 2670 4986; x_wconf 72' lang='grc' dir='ltr'>κοινωνοὺς</span> <span class='ocrx_word' id='word_1_725' title='bbox 2703 4925 2806 4976; x_wconf 87' lang='grc' dir='ltr'><strong>κάν</strong></span> <span class='ocrx_word' id='word_1_726' title='bbox 2840 4921 3015 4994; x_wconf 80' lang='grc' dir='ltr'>τούτῳ</span> <span class='ocrx_word' id='word_1_727' title='bbox 3041 4924 3170 4986; x_wconf 72' lang='grc' dir='ltr'>τοὺς</span> <span class='ocrx_word' id='word_1_728' title='bbox 3195 4921 3393 4984; x_wconf 89' lang='grc' dir='ltr'>ὲνδεεῖς</span> <span class='ocrx_word' id='word_1_729' title='bbox 3421 4916 3504 4971; x_wconf 76' lang='grc' dir='ltr'>καὶ</span> <span class='ocrx_word' id='word_1_730' title='bbox 3535 4925 3645 4965; x_wconf 79' lang='grc' dir='ltr'>πτω-</span> 
     </span>
    </p>
   </div>
   <div class='ocr_carea' id='block_1_99' title="bbox 454 5013 2036 5085">
    <p class='ocr_par' dir='ltr' id='par_1_99' title="bbox 454 5013 2036 5085">
     <span class='ocr_line' id='line_1_99' title="bbox 454 5013 2036 5085; baseline 0.004 -23"><span class='ocrx_word' id='word_1_731' title='bbox 454 5013 602 5064; x_wconf 82' lang='lat' dir='ltr'><strong>mata</strong></span> <span class='ocrx_word' id='word_1_732' title='bbox 643 5023 730 5064; x_wconf 88' lang='lat' dir='ltr'><strong>res</strong></span> <span class='ocrx_word' id='word_1_733' title='bbox 767 5019 934 5079; x_wconf 88' lang='lat' dir='ltr'><strong>sunt,</strong></span> <span class='ocrx_word' id='word_1_734' title='bbox 964 5023 1019 5067; x_wconf 90' lang='lat' dir='ltr'><strong>et</strong></span> <span class='ocrx_word' id='word_1_735' title='bbox 1057 5013 1258 5067; x_wconf 90' lang='lat' dir='ltr'><strong>malam</strong></span> <span class='ocrx_word' id='word_1_736' title='bbox 1291 5013 1452 5084; x_wconf 85' lang='lat' dir='ltr'><strong>plane</strong></span> <span class='ocrx_word' id='word_1_737' title='bbox 1483 5015 1791 5071; x_wconf 87' lang='lat' dir='ltr'><strong>mercedem</strong></span> <span class='ocrx_word' id='word_1_738' title='bbox 1826 5015 2036 5085; x_wconf 84' lang='lat' dir='ltr'><strong>impor-</strong></span> 
     </span>
    </p>
   </div>
   <div class='ocr_carea' id='block_1_100' title="bbox 457 5109 596 5157">
    <p class='ocr_par' dir='ltr' id='par_1_100' title="bbox 457 5109 596 5157">
     <span class='ocr_line' id='line_1_100' title="bbox 457 5109 596 5157; baseline 0.007 -1"><span class='ocrx_word' id='word_1_739' title='bbox 457 5109 596 5157; x_wconf 90' lang='lat' dir='ltr'><strong>tant.</strong></span> 
     </span>
    </p>
   </div>
   <div class='ocr_carea' id='block_1_101' title="bbox 531 5369 2037 5446">
    <p class='ocr_par' dir='ltr' id='par_1_101' title="bbox 531 5369 2037 5446">
     <span class='ocr_line' id='line_1_101' title="bbox 531 5369 2037 5446; baseline 0.005 -22"><span class='ocrx_word' id='word_1_740' title='bbox 531 5369 589 5426; x_wconf 87' lang='lat' dir='ltr'><strong>Si</strong></span> <span class='ocrx_word' id='word_1_741' title='bbox 644 5371 770 5442; x_wconf 87' lang='lat' dir='ltr'><strong>quis</strong></span> <span class='ocrx_word' id='word_1_742' title='bbox 816 5386 947 5428; x_wconf 76' lang='lat' dir='ltr'><strong>vero</strong></span> <span class='ocrx_word' id='word_1_743' title='bbox 1001 5375 1235 5446; x_wconf 80' lang='lat' dir='ltr'><strong>mystico</strong></span> <span class='ocrx_word' id='word_1_744' title='bbox 1283 5376 1446 5433; x_wconf 89' lang='lat' dir='ltr'><strong>etiam</strong></span> <span class='ocrx_word' id='word_1_745' title='bbox 1504 5391 1672 5434; x_wconf 88' lang='lat' dir='ltr'><strong>sensu</strong></span> <span class='ocrx_word' id='word_1_746' title='bbox 1726 5377 1888 5432; x_wconf 88' lang='lat' dir='ltr'><strong>verba</strong></span> <span class='ocrx_word' id='word_1_747' title='bbox 1943 5377 2037 5432; x_wconf 88' lang='lat' dir='ltr'><strong>illa</strong></span> 
     </span>
    </p>
   </div>
   <div class='ocr_carea' id='block_1_102' title="bbox 2133 5003 3646 5084">
    <p class='ocr_par' dir='ltr' id='par_1_102' title="bbox 2133 5003 3646 5084">
     <span class='ocr_line' id='line_1_102' title="bbox 2133 5003 3646 5084; baseline -0.019 -1"><span class='ocrx_word' id='word_1_748' title='bbox 2133 5013 2394 5083; x_wconf 81' lang='grc' dir='ltr'>χεύοντας</span> <span class='ocrx_word' id='word_1_749' title='bbox 2447 5015 2574 5084; x_wconf 68' lang='grc' dir='ltr'>περὶ</span> <span class='ocrx_word' id='word_1_750' title='bbox 2623 5005 2699 5066; x_wconf 83' lang='grc' dir='ltr'>ὧν</span> <span class='ocrx_word' id='word_1_751' title='bbox 2752 5011 2905 5069; x_wconf 75' lang='grc' dir='ltr'>εἶπεν</span> <span class='ocrx_word' id='word_1_752' title='bbox 2964 5016 2994 5068; x_wconf 85' lang='grc' dir='ltr'><strong>ὁ</strong></span> <span class='ocrx_word' id='word_1_753' title='bbox 3045 5013 3252 5084; x_wconf 79' lang='grc' dir='ltr'>Κύριος</span> <span class='ocrx_word' id='word_1_754' title='bbox 3281 5025 3296 5043; x_wconf 75' lang='grc'><em>’</em></span> <span class='ocrx_word' id='word_1_755' title='bbox 3325 5031 3345 5065; x_wconf 73' lang='grc' dir='ltr'><strong>ι</strong></span> <span class='ocrx_word' id='word_1_756' title='bbox 3413 5006 3515 5075; x_wconf 81' lang='grc' dir='ltr'><strong>Ἐφ’</strong></span> <span class='ocrx_word' id='word_1_757' title='bbox 3554 5003 3646 5056; x_wconf 74' lang='grc' dir='ltr'>ὅσην</span> 
     </span>
    </p>
   </div>
   <div class='ocr_carea' id='block_1_103' title="bbox 2135 5087 3648 5176">
    <p class='ocr_par' dir='ltr' id='par_1_103' title="bbox 2135 5087 3648 5176">
     <span class='ocr_line' id='line_1_103' title="bbox 2135 5087 3648 5176; baseline 0.001 -20"><span class='ocrx_word' id='word_1_758' title='bbox 2135 5105 2430 5176; x_wconf 77' lang='grc' dir='ltr'>ἐποιήσατε</span> <span class='ocrx_word' id='word_1_759' title='bbox 2461 5106 2542 5158; x_wconf 78' lang='grc' dir='ltr'><strong>ἐνὶ</strong></span> <span class='ocrx_word' id='word_1_760' title='bbox 2573 5103 2779 5160; x_wconf 81' lang='grc' dir='ltr'>τούτων</span> <span class='ocrx_word' id='word_1_761' title='bbox 2821 5106 2930 5160; x_wconf 88' lang='grc' dir='ltr'><strong>τῶν</strong></span> <span class='ocrx_word' id='word_1_762' title='bbox 2974 5105 3220 5176; x_wconf 82' lang='grc' dir='ltr'>ἀδελφῶν</span> <span class='ocrx_word' id='word_1_763' title='bbox 3259 5120 3359 5174; x_wconf 89' lang='grc' dir='ltr'><strong>μου</strong></span> <span class='ocrx_word' id='word_1_764' title='bbox 3387 5098 3484 5154; x_wconf 82' lang='grc' dir='ltr'><strong>τῶν</strong></span> <span class='ocrx_word' id='word_1_765' title='bbox 3509 5087 3648 5158; x_wconf 70' lang='grc' dir='ltr'>ιλακίσ</span> 
     </span>
    </p>
   </div>
   <div class='ocr_carea' id='block_1_104' title="bbox 2138 5181 3648 5270">
    <p class='ocr_par' dir='ltr' id='par_1_104' title="bbox 2138 5181 3648 5270">
     <span class='ocr_line' id='line_1_104' title="bbox 2138 5181 3648 5270; baseline -0.003 -22"><span class='ocrx_word' id='word_1_766' title='bbox 2138 5213 2300 5262; x_wconf 87' lang='grc' dir='ltr'>στων,</span> <span class='ocrx_word' id='word_1_767' title='bbox 2331 5197 2454 5268; x_wconf 72' lang='grc' dir='ltr'><strong>ἐμοὶ</strong></span> <span class='ocrx_word' id='word_1_768' title='bbox 2496 5198 2819 5269; x_wconf 66' lang='grc' dir='ltr'>ἐποιήσατε·</span> <span class='ocrx_word' id='word_1_769' title='bbox 2856 5217 2875 5250; x_wconf 74' lang='grc' dir='ltr'><strong>ι</strong></span> <span class='ocrx_word' id='word_1_770' title='bbox 2906 5198 3145 5270; x_wconf 79' lang='grc' dir='ltr'>πονηρόν</span> <span class='ocrx_word' id='word_1_771' title='bbox 3188 5197 3304 5250; x_wconf 69' lang='grc' dir='ltr'>ἐστι</span> <span class='ocrx_word' id='word_1_772' title='bbox 3336 5193 3424 5248; x_wconf 81' lang='grc' dir='ltr'>καὶ</span> <span class='ocrx_word' id='word_1_773' title='bbox 3449 5181 3648 5254; x_wconf 43' lang='lat' dir='ltr'><strong>nam?!“</strong></span> 
     </span>
    </p>
   </div>
   <div class='ocr_carea' id='block_1_105' title="bbox 2138 5287 2862 5361">
    <p class='ocr_par' dir='ltr' id='par_1_105' title="bbox 2138 5287 2862 5361">
     <span class='ocr_line' id='line_1_105' title="bbox 2138 5287 2862 5361; baseline 0.001 -19"><span class='ocrx_word' id='word_1_774' title='bbox 2138 5287 2549 5342; x_wconf 81' lang='grc' dir='ltr'>ἀνταποδόσεων</span> <span class='ocrx_word' id='word_1_775' title='bbox 2579 5289 2862 5361; x_wconf 81' lang='grc' dir='ltr'>πρόξενον.</span> 
     </span>
    </p>
   </div>
   <div class='ocr_carea' id='block_1_106' title="bbox 2203 5363 3648 5454">
    <p class='ocr_par' dir='ltr' id='par_1_106' title="bbox 2203 5363 3648 5454">
     <span class='ocr_line' id='line_1_106' title="bbox 2203 5363 3648 5454; baseline -0.018 -5"><span class='ocrx_word' id='word_1_776' title='bbox 2203 5381 2266 5433; x_wconf 59' lang='lat' dir='ltr'><strong>Ei</strong></span> <span class='ocrx_word' id='word_1_777' title='bbox 2293 5380 2350 5433; x_wconf 83' lang='grc' dir='ltr'><strong>δέ</strong></span> <span class='ocrx_word' id='word_1_778' title='bbox 2375 5397 2459 5445; x_wconf 82' lang='grc' dir='ltr'>τις</span> <span class='ocrx_word' id='word_1_779' title='bbox 2490 5380 2779 5454; x_wconf 82' lang='grc' dir='ltr'>βουληθείη</span> <span class='ocrx_word' id='word_1_780' title='bbox 2833 5383 2928 5436; x_wconf 77' lang='grc' dir='ltr'>καὶ</span> <span class='ocrx_word' id='word_1_781' title='bbox 2976 5381 3376 5452; x_wconf 69' lang='grc' dir='ltr'>μυστικιῖιτερον</span> <span class='ocrx_word' id='word_1_782' title='bbox 3417 5363 3648 5430; x_wconf 70' lang='grc' dir='ltr'>ὑπολαϐεῖν</span> 
     </span>
    </p>
   </div>
   <div class='ocr_carea' id='block_1_107' title="bbox 457 5455 2020 5552">
    <p class='ocr_par' dir='ltr' id='par_1_107' title="bbox 457 5464 2020 5552">
     <span class='ocr_line' id='line_1_107' title="bbox 457 5464 2020 5552; baseline 0.006 -36"><span class='ocrx_word' id='word_1_783' title='bbox 457 5464 731 5520; x_wconf 68' lang='lat' dir='ltr'><strong>«olm-dere</strong></span> <span class='ocrx_word' id='word_1_784' title='bbox 759 5474 814 5518; x_wconf 90' lang='lat' dir='ltr'><strong>et</strong></span> <span class='ocrx_word' id='word_1_785' title='bbox 851 5467 1023 5523; x_wconf 72' lang='lat' dir='ltr'><strong>bibere</strong></span> <span class='ocrx_word' id='word_1_786' title='bbox 1047 5469 1177 5523; x_wconf 86' lang='lat' dir='ltr'><strong>velit</strong></span> <span class='ocrx_word' id='word_1_787' title='bbox 1209 5468 1579 5540; x_wconf 86' lang='lat' dir='ltr'><strong>interpretari,</strong></span> <span class='ocrx_word' id='word_1_788' title='bbox 1611 5477 1672 5526; x_wconf 88' lang='lat' dir='ltr'><strong>ut</strong></span> <span class='ocrx_word' id='word_1_789' title='bbox 1695 5469 1798 5552; x_wconf 86' lang='lat' dir='ltr'><strong>hoc</strong></span> <span class='ocrx_word' id='word_1_790' title='bbox 1822 5473 2020 5541; x_wconf 63' lang='lat' dir='ltr'><strong>proprie</strong></span> 
     </span>
    </p>
   </div>
   <div class='ocr_carea' id='block_1_108' title="bbox 2124 5455 3648 5552">
    <p class='ocr_par' dir='ltr' id='par_1_108' title="bbox 2137 5455 3648 5541">
     <span class='ocr_line' id='line_1_108' title="bbox 2137 5455 3648 5541; baseline -0.009 -15"><span class='ocrx_word' id='word_1_791' title='bbox 2137 5471 2200 5526; x_wconf 76' lang='grc' dir='ltr'>τὸ</span> <span class='ocrx_word' id='word_1_792' title='bbox 2231 5490 2249 5524; x_wconf 82' lang='grc' dir='ltr'><strong>ι</strong></span> <span class='ocrx_word' id='word_1_793' title='bbox 2288 5475 2482 5541; x_wconf 74' lang='grc' dir='ltr'>φαγεῖν</span> <span class='ocrx_word' id='word_1_794' title='bbox 2519 5490 2537 5523; x_wconf 74' lang='grc' dir='ltr'><strong>ι</strong></span> <span class='ocrx_word' id='word_1_795' title='bbox 2573 5473 2667 5526; x_wconf 75' lang='grc' dir='ltr'><strong>καὶ</strong></span> <span class='ocrx_word' id='word_1_796' title='bbox 2699 5491 2717 5523; x_wconf 78' lang='grc' dir='ltr'><strong>ι</strong></span> <span class='ocrx_word' id='word_1_797' title='bbox 2769 5475 2936 5536; x_wconf 80' lang='grc' dir='ltr'>πιεῖν,</span> <span class='ocrx_word' id='word_1_798' title='bbox 2977 5492 2997 5526; x_wconf 80' lang='lat' dir='ltr'><strong>s</strong></span> <span class='ocrx_word' id='word_1_799' title='bbox 3036 5473 3121 5526; x_wconf 84' lang='grc' dir='ltr'><strong>ἶνα</strong></span> <span class='ocrx_word' id='word_1_800' title='bbox 3163 5471 3319 5524; x_wconf 75' lang='grc' dir='ltr'>τοῦτο</span> <span class='ocrx_word' id='word_1_801' title='bbox 3363 5467 3448 5521; x_wconf 73' lang='grc' dir='ltr'><strong>καὶ</strong></span> <span class='ocrx_word' id='word_1_802' title='bbox 3490 5455 3648 5528; x_wconf 70' lang='grc' dir='ltr'>κυρίων</span> 
     </span>
    </p>
   </div>
   <div class='ocr_carea' id='block_1_109' title="bbox 455 5556 2038 5630">
    <p class='ocr_par' dir='ltr' id='par_1_109' title="bbox 455 5556 2038 5630">
     <span class='ocr_line' id='line_1_109' title="bbox 455 5556 2038 5630; baseline 0.005 -20"><span class='ocrx_word' id='word_1_803' title='bbox 455 5556 652 5613; x_wconf 59' lang='lat' dir='ltr'><strong>coitum</strong></span> <span class='ocrx_word' id='word_1_804' title='bbox 680 5558 748 5614; x_wconf 91' lang='lat' dir='ltr'><strong>ab</strong></span> <span class='ocrx_word' id='word_1_805' title='bbox 776 5557 1100 5618; x_wconf 81' lang='lat' dir='ltr'><strong>Ecclesiaste</strong></span> <span class='ocrx_word' id='word_1_806' title='bbox 1122 5561 1538 5620; x_wconf 81' lang='lat' dir='ltr'><strong>denominatum</strong></span> <span class='ocrx_word' id='word_1_807' title='bbox 1566 5563 1895 5630; x_wconf 87' lang='lat' dir='ltr'><strong>contendat;</strong></span> <span class='ocrx_word' id='word_1_808' title='bbox 1928 5577 2038 5620; x_wconf 90' lang='lat' dir='ltr'><strong>non</strong></span> 
     </span>
    </p>
   </div>
   <div class='ocr_carea' id='block_1_110' title="bbox 537 5735 1088 5806">
    <p class='ocr_par' dir='ltr' id='par_1_110' title="bbox 537 5735 1088 5806">
     <span class='ocr_line' id='line_1_110' title="bbox 537 5735 1088 5806; baseline 0.011 -15"><span class='ocrx_word' id='word_1_809' title='bbox 537 5736 584 5769; x_wconf 71' lang='lat'><strong>“</strong></span> <span class='ocrx_word' id='word_1_810' title='bbox 615 5735 803 5794; x_wconf 77' lang='lat' dir='ltr'><strong>Matth.</strong></span> <span class='ocrx_word' id='word_1_811' title='bbox 837 5755 964 5806; x_wconf 70' lang='lat' dir='ltr'><strong>xxv,</strong></span> <span class='ocrx_word' id='word_1_812' title='bbox 997 5741 1088 5797; x_wconf 76' lang='grc'><strong>40.</strong></span> 
     </span>
    </p>
   </div>
   <div class='ocr_carea' id='block_1_111' title="bbox 2147 5547 3652 5636">
    <p class='ocr_par' dir='ltr' id='par_1_111' title="bbox 2147 5547 3652 5636">
     <span class='ocr_line' id='line_1_111' title="bbox 2147 5547 3652 5636; baseline -0.007 -22"><span class='ocrx_word' id='word_1_813' title='bbox 2147 5581 2166 5614; x_wconf 79' lang='grc' dir='ltr'><strong>ι</strong></span> <span class='ocrx_word' id='word_1_814' title='bbox 2186 5563 2390 5632; x_wconf 74' lang='grc' dir='ltr'>ἀγαθὸν</span> <span class='ocrx_word' id='word_1_815' title='bbox 2412 5581 2430 5616; x_wconf 73' lang='grc' dir='ltr'><strong>ι</strong></span> <span class='ocrx_word' id='word_1_816' title='bbox 2453 5562 2818 5634; x_wconf 73' lang='grc' dir='ltr'>ὀνομάζεσθαι</span> <span class='ocrx_word' id='word_1_817' title='bbox 2840 5563 2919 5636; x_wconf 83' lang='grc' dir='ltr'>τῷ</span> <span class='ocrx_word' id='word_1_818' title='bbox 2941 5563 3334 5634; x_wconf 77' lang='grc' dir='ltr'>Ἑκκλησιαστῇ</span> <span class='ocrx_word' id='word_1_819' title='bbox 3357 5547 3652 5622; x_wconf 62' lang='grc' dir='ltr'>καταΠεῧηι</span> 
     </span>
    </p>
   </div>
   <div class='ocr_carea' id='block_1_112' title="bbox 3777 1807 3788 3100">
    <p class='ocr_par' dir='ltr' id='par_1_112' title="bbox 3781 2287 3783 3100">
     <span class='ocr_line' id='line_1_112' title="bbox 3781 2287 3783 2384; baseline 0 0"><span class='ocrx_word' id='word_1_820' title='bbox 3781 2287 3783 2384; x_wconf 69' lang='lat' dir='ltr'><strong>l</strong></span> 
     </span>
     <span class='ocr_line' id='line_1_113' title="bbox 3781 2949 3783 3100; baseline 0 0"><span class='ocrx_word' id='word_1_821' title='bbox 3781 2949 3783 3028; x_wconf 33' lang='grc' dir='ltr'><strong>ί</strong></span> 
     </span>
    </p>
   </div>
  </div>
