3848 6192
249 288 331 354 Sil
1106 346 1109 349 .
1284 296 1367 362 IN
1408 292 2259 367 ECCI.ESIASTEN'-—LI-B.
2300 308 2414 369 III.
2491 299 2529 343 -'

3376 314 3480 381 9&2

3422 362 3477 383 ΧΑ

244 399 540 471 ἀξιωθῶμεν
567 400 628 454 ἑν
650 402 800 473 αὐτῷ
819 402 1042 475 Χριστῷ
1063 403 1142 475 τῷ
1158 404 1349 476 Κυρίῳ
1375 409 1408 476 ἡ
1419 407 1554 476 μῶν,
1583 400 1628 474 ᾧ
1658 410 1689 476 ἡ
1715 407 1797 460 δό-

1907 426 2120 465 mamns
2149 430 2162 464 :
2195 426 2306 480 quo
2335 422 2390 465 ct
2419 411 2689 469 rmlorum
2731 426 2960 486 regnum
2991 434 3088 489 per
3114 420 3289 490 ipsum
3323 426 3483 479 Chri-

243 493 301 558 ξα
329 492 414 545 καὶ
460 492 520 545 τὸ
569 493 771 563 κράτος
815 496 914 551 σὺν
944 495 1022 566 τῷ
1056 498 1457 568 παντοκράτορι
1491 500 1669 570 ΙΙατρί⁵
1703 500 1798 556 καὶ

239 582 307 652 τῷ
332 584 581 653 παναγίῳ
609 586 704 638 καὶ
735 585 926 656 ἀγαθῷ
967 588 1063 639 καὶ
1091 585 1344 659 ζωοποιῷ
1380 589 1661 659 Πνεύματι
1705 590 1796 643 νῦν

239 676 319 729 καὶ
339 676 422 730 ἀεὶ⁵
452 678 546 729 καὶ
575 678 655 742 είς
683 679 813 743 τοὺς
845 678 1049 744 αίῶνας
1074 679 1187 734 τῶν
1212 679 1448 736 αίώνων.
1491 683 1687 752 Ἀμήν.

1905 511 2053 557 stum
2104 502 2399 557 Dominum
2433 511 2682 558 nostrum
2728 500 3123 576 adipiscamur.
3171 512 3270 567 Cui
3310 516 3481 585 gloria

1903 602 1958 647 et
2009 593 2300 661 imperium
2356 608 2482 647 cum
2541 594 2703 649 Patre
2756 597 3134 667 omnipotente
3187 612 3241 654 et
3292 616 3485 657 sancto

1906 678 2162 748 bonoque
2205 693 2272 734 ac
2303 680 2429 734 vitae
2470 691 2695 736 auctore
2747 682 2957 753 Spiritu
2992 702 3134 744 nunc
3173 699 3228 744 et
3270 706 3486 761 semper
3542 698 3547 703 '

1900 776 1954 818 et
1984 767 2040 819 in
2070 768 2273 821 sa'cula
2306 769 2654 824 seculorum.
2689 773 2883 827 Amen.
3000 814 3001 817 η

1448 1130 1815 1217 ΛΟΓΟΣ
1852 1131 2269 1265 ΤΡΙΤΟΣ.

1346 1485 1694 1571 LIBER
1793 1483 2356 1575 TERTIUS.

1802 1715 1871 1738 ..ὅ

297 1946 425 2014 τοῖς
473 1946 668 2002 πᾶσιν
709 1949 743 2001 ὁ
793 1946 1037 2016 χρόνος,
1076 1948 1173 2000 καί
1224 1946 1429 2014 καιρὸς
1487 1942 1568 2011 τῷ
1623 1945 1797 1999 παντί

1975 1940 2089 2013 68
2126 1936 2252 1995 CAP.
2297 1939 2396 2002 III.
2432 1926 2598 1995 Vens.
2648 1942 2699 1994 l.
2742 1934 2998 1997 Ornnibus
3034 1952 3241 2014 tempus
3289 1957 3387 2012 est,
3434 1959 3485 2002 et

226 2040 518 2110 πράγματι
542 2040 663 2095 ὑπὸ
689 2039 798 2093 τὸν
818 2040 1098 2109 οὐρανόν.
1505 2047 1537 2077 ⁸

293 2132 374 2185 Τά
397 2131 529 2201 περὶ
554 2130 655 2200 τῆς
683 2129 903 2199 φύσεως
928 2131 1038 2184 τῶν
1068 2131 1239 2185 ὄντων
1263 2132 1339 2195 ὡς
1359 2132 1470 2186 ἀπὸ
1504 2132 1704 2203 μέρους
1726 2127 1799 2185 δι-

225 2221 478 2288 εξελθὼν,
506 2217 619 2276 οἷον
653 2222 783 2291 περὶ
824 2222 927 2293 τῆς
970 2222 1260 2294 ἀνθρώπου
1296 2222 1680 2294 παρελεύσεως
1709 2224 1805 2277 καὶ

227 2314 501 2384 γνώσεως,
530 2314 660 2384 περὶ
681 2314 781 2383 τῆς
800 2313 1212 2385 διαιωνιξούσης
1232 2315 1505 2386 ὲδραστῆς
1522 2315 1649 2385 γῆς,
1673 2315 1803 2385 περὶ

128 2432 133 2435 -
226 2407 320 2476 τῆς
337 2405 572 2476 ἡλιακῆς
591 2406 762 2473 φορᾶς
779 2403 872 2457 καὶ
893 2405 1017 2477 κενή
1027 2421 1185 2469 σεως.
1214 2406 1344 2476 περὶ
1367 2407 1688 2477 χειμάρρων
1708 2406 1804 2458 καὶ

226 2493 485 2565 ποταμῶν
518 2494 613 2547 καὶ
645 2492 941 2563 θαλάσσης,
971 2494 1068 2548 καὶ
1094 2494 1409 2564 διαγγείλας
1452 2496 1550 2567 τὴν
1597 2495 1802 2549 ὑποτα-

223 2584 324 2655 γὴν
349 2583 445 2637 καὶ
475 2582 700 2654 θητείαν
733 2583 843 2636 τῶν
880 2584 1198 2652 κτισμάτων
1237 2584 1374 2655 πρὸς
1401 2582 1657 2654 τδνίδιον
1685 2585 1803 2638 κτί-

225 2692 355 2746 στην
374 2676 469 2729 καὶ
488 2674 719 2745 ποιητὴν
740 2675 1131 2746 ἀπαραιτήτως
1150 2676 1548 2748 ὲνεργουμένην
1570 2676 1803 2745 πάντοτε

222 2767 485 2822 καὶκατά
517 2767 702 2836 φύσιν,
728 2767 823 2821 καὶ
864 2768 1049 2839 μέντοι
1080 2767 1178 2822 καὶ
1207 2769 1349 2823 κατὰ
1379 2770 1617 2842 φυσικὴν
1648 2771 1804 2825 ἐναν-

202 2856 407 2913 .τίωσιν
424 2869 440 2885 ·
469 2850 593 2909 εἷτα
611 2854 940 2927 διαλαλήσας
965 2855 1094 2927 περὶ
1117 2854 1224 2910 τῶν
1249 2857 1804 2929 παρακολουθούντων

220 2947 313 3002 καὶ
361 2946 774 3017 συμϐαινόντων
814 2950 928 3011 τοῖς
966 2947 1274 3018 φιληδόνοις
1320 2948 1654 3020 ἀνθρώποις,
1706 2949 1803 3004 καὶ

216 3039 627 3112 περισπασμῶν
664 3037 956 3110 μοχθηρῶν
982 3038 1043 3106 ἐξ
1071 3039 1352 3106 ἀϐουλίας,
1382 3042 1479 3095 καὶ
1522 3041 1631 3095 τῶν
1665 3058 1803 3111 φαυ-

214 3131 460 3201 λοτήτων
482 3131 580 3185 καὶ
608 3130 1029 3201 κακοπραγιῶν,
1062 3132 1192 3202 περὶ
1214 3125 1291 3186 ὧν
1318 3133 1413 3186 κιοιὶ⁵
1436 3128 1585 3196 εἷπε,
1624 3150 1646 3186 ι
1677 3132 1803 3187 Μα-

210 3222 437 3293 ταιότης
478 3222 882 3292 ματαιοτήτων,
928 3221 998 3275 τά
1044 3222 1222 3294 πάντα
1274 3224 1574 3295 ματαιότης
1595 3240 1609 3254 ο
1642 3243 1661 3277 ι
1708 3224 1804 3278 καὶ

1908 2031 2285 2100 tempestivitas
2314 2031 2457 2084 omni
2485 2032 2558 2085 rei
2589 2030 2683 2084 sub
2713 2033 2843 2091 caelo
2867 2034 2964 2104 (4).
3028 2067 3033 2073 ~

1975 2123 2278 2190 Postquam
2323 2121 2393 2175 de
2452 2136 2635 2176 rerum
2687 2133 2882 2180 natura
2938 2127 3095 2196 quasi
3156 2144 3253 2199 per
3301 2143 3484 2200 partes

1903 2214 2191 2279 disseruit,
2237 2212 2499 2269 nimirum
2542 2212 2613 2270 de
2651 2214 2892 2272 hominis
2924 2219 3156 2274 transitu
3198 2231 3255 2276 et
3293 2225 3482 2293 mgni-

1906 2304 2075 2367 tione,
2110 2303 2179 2358 de
2216 2310 2499 2372 perpetua
2525 2314 2685 2360 terra:
2714 2306 3035 2373 stabilitate,
3058 2309 3127 2363 de
3154 2313 3318 2367 solari
3352 2330 3484 2384 gyru

1905 2404 2071 2465 atque
2122 2404 2297 2460 motu,
2347 2396 2419 2450 de
2460 2397 2802 2454 torrentibus
2846 2407 2904 2455 et
2950 2399 3136 2458 ﬂuviis
3180 2413 3238 2459 et
3290 2408 3428 2462 mari
3467 2423 3482 2461 :

1906 2495 2022 2542 tum
2061 2501 2244 2541 rerum
2275 2486 2629 2543 conditarum
2670 2488 2998 2561 obsequium
3043 2492 3177 2549 illud
3216 2503 3272 2550 et
3306 2495 3485 2553 iamne

1906 2577 2078 2634 latum
2112 2579 2441 2655 enuntiavit,
2483 2595 2646 2650 quem
2688 2582 2904 2636 auctori
2952 2598 3019 2639 ac
3058 2586 3333 2642 conditori
3380 2606 3484 2646 δυο

1904 2671 2355 2728 constantissime
2403 2679 2459 2726 et
2506 2674 2572 2727 ad
2640 2681 2859 2729 naturae
2902 2677 3122 2730 modum
3170 2687 3237 2738 .et
3288 2690 3485 2749 praetrr

1906 2761 2082 2832 ipsam
2109 2777 2335 2832 quoque
2361 2772 2618 2817 naturam
2649 2778 2868 2834 semper
2895 2766 3157 2824 exhibent
3185 2786 3198 2821 :
3236 2784 3301 2824 ac
3328 2781 3483 2840 post--

1905 2869 2071 2925 quam
2096 2854 2263 2909 verba
2293 2853 2362 2909 de
2395 2854 2463 2909 iis
2497 2853 2651 2918 fecit,
2695 2870 2819 2924 qua:
2860 2856 3202 2926 voluptarius
3232 2859 3484 2916 homines

1905 2946 2246 3003 comitantur
2294 2960 2359 3002 ac
2408 2954 2859 3016 consequuntur.
2912 2948 3093 3018 deque
3139 2951 3485 3021 improbisct

1906 3047 2114 3095 temere
2143 3038 2416 3108 susceptis
2448 3037 2904 3095 contentionibus
2934 3054 3002 3096 ac
3034 3040 3324 3112 ﬂagitiosis
3356 3061 3484 3114 pro-

1903 3131 2100 3201 visque
2122 3129 2306 3196 factis,
2342 3131 2412 3186 de
2426 3129 2627 3201 quibus
2660 3131 2826 3186 etiam
2857 3131 2994 3186 dixit
3024 3147 3040 3185 :
3074 3151 3094 3184 ι
3133 3131 3360 3189 Vanitas
3390 3148 3483 3188 vn-

1904 3221 2139 3277 nitatum
2170 3230 2229 3277 et
2258 3222 2444 3277 omnia
2476 3220 2724 3288 vanitas;
2762 3240 2783 3274 ι
2817 3237 2883 3277 ac
2907 3222 3105 3278 deinde
3131 3239 3229 3280 eos
3254 3225 3485 3279 damnu—

210 3314 528 3382 καταγνοὺς
558 3312 656 3366 καὶ
689 3312 1201 3384 καταμεμψάμενος
1240 3314 1349 3367 τῶν
1392 3316 1451 3368 ἐν
1489 3315 1797 3387 εὐφροσύνῃ

1907 3312 1983 3368 vit
2020 3322 2073 3367 et
2102 3311 2472 3382 reprehendit,
2516 3312 2614 3383 qui
2658 3312 2906 3367 animum
2951 3312 3021 3367 ad
3067 3315 3233 3368 vitam
3294 3317 3481 3371 laetitia

210 3407 306 3459 καὶ
331 3404 538 3473 γέλωτι
567 3397 667 3473 ζῇν
691 3402 791 3474 τὴν
826 3402 965 3457 ίδίαν
1002 3403 1272 3473 ἀφιέντων
1300 3405 1551 3478 καρδίαν,
1581 3406 1675 3460 καὶ
1700 3406 1799 3461 τοῦ

213 3494 706 3567 συναθροισθέντος
732 3494 920 3558 αὐτοῖς
941 3494 1174 3549 πλούτου
1201 3494 1273 3549 τά
1303 3496 1420 3566 εἴδη
1452 3494 1667 3561 καὶτὰς
1692 3496 1801 3550 ὀνο-

226 3587 421 3655 μασίας
452 3586 648 3652 είπὼν,
673 3587 767 3641 καὶ
790 3585 1148 3656 στηλιτεῦσας
1179 3588 1275 3641 καὶ
1308 3587 1684 3659 θριαμϐεύσας
1706 3589 1801 3642 καὶ

226 3677 389 3731 ταῦτα
446 3677 632 3731 πάντα
679 3679 1022 3749 ματαιότητα
1063 3678 1300 3742 καλέσας
1347 3680 1444 3733 καὶ
1475 3680 1801 3749 προαίρεσιν

227 3768 557 3837 πνεύματος,
597 3769 690 3822 καὶ
737 3768 827 3823 διὰ
867 3769 1027 3822 τοῦτο
1057 3768 1260 3839 μᾶλλον
1296 3767 1558 3839 ὑπερθεὶς
1585 3768 1684 3840 τὴν
1719 3784 1803 3842 σο-

228 3857 350 3923 φίαν
377 3862 474 3929 τῆς
497 3858 816 3931 ἀφροσύνης
838 3861 936 3915 ούκ
956 3861 1305 3931 ἀσυγκρίτως
1326 3855 1493 3915 οὖσαν
1514 3859 1801 3930 κρείττονα

232 3949 320 4003 καὶ
346 3951 594 4005 νικῶσαν
608 3951 840 4022 ἔχουσαν
867 3954 1047 4024 ψῆφον
1072 3954 1173 4025 ἐπὶ
1186 3955 1323 4023 πᾶσι
1347 3955 1460 4016 τοῖς
1486 3952 1801 4023 κρατίστοις

232 4037 421 4114 δηλαδὴ
477 4044 573 4097 καὶ
623 4043 942 4114 βελτίστοις,
982 4046 1115 4114 ὅσην
1152 4045 1266 4115 ἔχει
1304 4044 1365 4098 τδ
1410 4044 1527 4113 φῶς
1564 4043 1702 4114 πρὸς
1740 4041 1802 4096 τὸ

236 4130 453 4196 σκότος·
510 4133 809 4187 κάντεῦθεν
859 4133 957 4207 τὴν
1005 4134 1142 4188 ίδίαν
1190 4133 1417 4203 καρδίαν
1464 4132 1801 4204 ἐπιστρέψας

236 4222 365 4292 πρὸς
418 4223 488 4278 τά
536 4224 754 4296 βελτίω,
806 4225 903 4280 καὶ
964 4226 1159 4289 πείσας
1216 4223 1589 4292 ἀποτάξασθαι
1637 4224 1802 4277 παντὶ

236 4315 484 4390 μοχθηρῷ
518 4318 707 4389 μόχθῳ
737 4316 830 4375 καὶ
858 4322 924 4390 τῇ
958 4319 1109 4390 φιλίᾳ
1140 4318 1234 4372 τοῦ
1269 4321 1476 4389 κόσμου
1498 4335 1510 4349 ’
1546 4317 1641 4370 νῦν
1682 4314 1819 4370 δια-⁴

227 4400 485 4473 λαμϐάνει
531 4407 665 4480 περὶ
706 4409 800 4463 τοῦ
844 4410 1037 4482 χρόνου
1080 4409 1177 4464 τοῦ
1231 4408 1406 4463 ταῦτα
1442 4409 1619 4462 πάντα
1651 4406 1801 4477 περιὲ

227 4494 436 4565 ἱχοντος
478 4500 574 4554 καὶ
619 4501 960 4570 συνέχοντος,
996 4502 1091 4555 καί
1136 4520 1290 4571 φησι,
1333 4519 1352 4552 ι
1390 4501 1514 4564 Τοῖς
1559 4502 1726 4553 πᾶσιν
1771 4501 1800 4551 ὁ

222 4592 414 4661 χρόνος
451 4596 544 4648 καὶ
587 4593 784 4665 καιρὸς
824 4597 902 4667 τῷ
935 4598 1097 4651 παντὶ
1124 4598 1411 4668 πράγματι
1449 4596 1553 4649 ὑπὸ
1586 4594 1675 4648 τὸν
1709 4594 1799 4647 οὑ-

221 4683 403 4746 Ρανόν.
430 4704 448 4737 ι

304 4773 464 4830 Ἀλλά
489 4776 582 4853 τὸν
627 4779 727 4847 μὲν
759 4778 949 4849 χρόνον
986 4778 1063 4841 ὼς
1100 4779 1464 4846 γενικώτατον
1512 4785 1604 4835 καὶ
1640 4796 1794 4852 περι-

216 4865 584 4921 ικτικώτατον
616 4869 714 4921 καὶ
747 4868 859 4920 τῶν
901 4867 1147 4937 φυσικῶν
1184 4870 1529 4939 πραγμάτων
1558 4872 1652 4924 καὶ
1684 4871 1795 4924 τῶν

202 4957 363 5011 κατά
389 4959 659 5029 σύμϐασιν
686 4960 1110 5030 συμπιπτόντων
1132 4976 1146 4990 ·
1177 4960 1272 5013 καὶ
1322 4960 1506 5030 μέντοι
1543 4962 1638 5015 καὶ
1684 4962 1796 5016 τῶν

194 5050 448 5120 καιρῶν,
461 5024 551 5115 *οἷς
573 5051 669 5107 καὶ
692 5024 772 5115 ὡς
794 5051 958 5105 εἴδεσι
985 5050 1078 5105 τοῦ
1107 5051 1299 5124 χρόνου
1323 5024 1591 5123 ⁷δευτέραν
1618 5053 1791 5119 τάξιν,

196 5138 361 5193 κατά
386 5142 485 5213 τὴν
511 5140 665 5195 θέσιν
688 5140 796 5195 τῶν
818 5140 1099 5212 ὀνομάτων
1121 5141 1408 5213 ἀπένειμε,
1445 5140 1520 5211 τῷ
1553 5141 1697 5211 λόγῳ
1720 5140 1798 5193 δι-

199 5229 407 5286 έλαϐε.
436 5232 505 5285 EI
526 5249 579 5286 τι
605 5228 707 5303 μιν
737 5232 845 5304 γὰρ
874 5231 1084 5305 καιρὸς,
1112 5232 1272 5286 τοῦτο
1299 5232 1393 5285 καὶ
1435 5230 1624 5303 χρόνος
1649 5246 1660 5260 ·
1694 5230 1803 5284 ῶσ-

1902 3402 2132 3473 risuque
2184 3403 2485 3473 jucundam
2545 3403 2995 3471 transtulerunt;
3065 3405 3483 3477 designatisquu

1902 3496 2260 3561 divitiarum,
2316 3510 2457 3566 quas
2512 3494 2591 3550 illi
2657 3510 3026 3566 congessere,
3081 3500 3373 3568 generibus
3415 3516 3481 3553 ac

1902 3588 2243 3654 nominibus,
2279 3604 2437 3644 suam
2466 3586 2671 3658 cuique
2700 3589 2779 3644 rei
2809 3598 2994 3645 notam
3035 3589 3259 3655 inussit,
3292 3598 3478 3663 quasi-

1901 3694 2009 3748 que
2041 3678 2389 3748 triumphans
2433 3678 2734 3733 vanitatem
2774 3680 2960 3734 omnia
2987 3688 3044 3735 et
3070 3682 3299 3751 spiritus
3341 3700 3480 3753 ιιι-ες

1864 3798 1869 3801 -
1901 3769 2278 3837 sumptionem
2328 3767 2662 3836 appellavit:
2696 3767 2955 3838 idemque
2979 3769 3306 3838 sapientiam
3347 3787 3476 3840 pro-

1901 3869 2086 3928 pterea
2148 3857 2594 3929 magniﬁcentius
2647 3858 2879 3921 extulit,
2937 3873 3171 3928 eamque
3233 3861 3479 3916 stultitiae

1902 3948 2307 4021 quodammodo
2354 3956 2731 4016 comparatam
2785 3946 2947 4018 longe
2975 3949 3263 4014 excellere,
3314 3960 3480 4019 atque

1902 4041 1958 4094 in
2018 4039 2109 4105 iis,
2164 4052 2289 4108 quae
2340 4035 2767 4108 praeclarissima
2816 4046 2871 4092 et
2921 4036 3128 4106 optima
3184 4038 3476 4106 habentur,

1902 4131 2045 4186 lucis
2075 4132 2252 4185 instar
2278 4144 2390 4201 prae
2417 4127 2658 4184 tenebris
2689 4127 2876 4183 omnia
2909 4142 3172 4198 superare
3198 4131 3436 4187 ostendit
3465 4155 3477 4186 :

1874 4236 1968 4277 ‘ac
2016 4221 2256 4291 denique
2312 4221 2499 4275 animo
2554 4218 2623 4274 ad
2668 4216 2896 4273 meliora
2949 4232 3237 4285 converso,
3289 4235 3480 4276 omnes

1902 4314 2153 4369 hortatus
2192 4320 2295 4377 est,
2329 4320 2390 4366 ut
2424 4309 2599 4365 labori
2632 4300 2833 4380 cuique
2872 4300 3207 4381 prmpoStero
3235 4321 3291 4368 et
3317 4329 3479 4369 mun-

1902 4406 2059 4461 dana:
2114 4403 2373 4459 amicitia:
2424 4402 2771 4468 renuntient;
2819 4403 2887 4456 de
2920 4410 3163 4472 tempore
3201 4405 3312 4475 jam
3364 4421 3479 4461 ser-

1902 4512 2125 4567 mortem
2157 4497 2417 4559 instituit,
2458 4508 2569 4565 quo
2604 4492 2722 4547 haec
2763 4494 2950 4548 omnia
2981 4496 3264 4565 complexa
3302 4500 3480 4552 conti-

1902 4601 2128 4655 nentur,
2185 4599 2347 4657 atque
2399 4586 2477 4640 ait
2532 4602 2546 4639 :
2608 4602 2628 4636 ι
2668 4583 2936 4640 Omnibus
2981 4594 3199 4655 tempus
3253 4596 3371 4653 est,
3425 4600 3481 4642 et

1905 4681 2302 4751 tempestivitas
2332 4678 2481 4735 omni
2514 4678 2591 4732 rei
2625 4677 2727 4747 sub
2758 4678 2922 4733 coelo.
2963 4697 2982 4730 ι

1976 4773 2087 4843 69
2111 4774 2180 4827 At
2205 4780 2421 4840 tempus
2450 4771 2523 4825 ita
2556 4769 2722 4823 verbo
2758 4768 3009 4823 distinxit
3036 4770 3195 4839 quasi
3228 4751 3477 4842 idfquod

1902 4864 2205 4936 generatim
2253 4863 2471 4931 lateque
2520 4876 2610 4916 res
2654 4861 2848 4915 omnes
2885 4862 3316 4931 comprehendit,
3367 4873 3476 4919 tam

1904 4972 1999 5011 eas
2025 4970 2146 5027 quae
2191 4963 2383 5008 natura
2420 4952 2574 5020 (lunt,
2607 4968 2773 5022 quam
2816 4967 2912 5008 eas
2951 4969 3075 5024 quae
3104 4965 3302 5011 eventu
3348 4973 3480 5013 con-

1907 5049 2171 5117 tingunt:
2214 5053 2377 5115 atque
2414 5045 2553 5100 adeo
2602 5044 2751 5115 ipsas
2792 5044 2961 5100 etiam
3003 5047 3477 5116 tempestivitatcs.

1907 5138 2109 5208 quibus
2161 5143 2237 5203 et,
2284 5142 2544 5205 tanquam
2601 5132 2795 5189 formis
2847 5135 3020 5205 ipsius
3069 5138 3364 5208 temporis,
3417 5149 3480 5192 ut

1902 5246 1967 5286 ex
1998 5229 2285 5285 nominum
2323 5225 2688 5284 collocatione
2717 5239 2964 5299 apparet,
3001 5229 3248 5285 ordinem
3282 5245 3479 5284 secun-

200 5337 324 5391 περ
373 5324 432 5376 εῐ
469 5341 522 5377 τι
565 5323 666 5395 μὲν
693 5322 1001 5395 ἄνθρωπος,
1060 5324 1221 5379 τοῦτο
1266 5325 1360 5379 καὶ
1402 5323 1578 5389 ζῶον*
1622 5322 1723 5376 οὐκ
1755 5324 1797 5375 εί

1907 5322 2035 5375 dum
2068 5319 2338 5375 attribuit.
2371 5319 2507 5375 Nam
2532 5319 2677 5389 quod
2708 5319 3106 5388 tempestivius
3135 5320 3225 5381 sit,
3264 5309 3481 5387 tempus

196 5428 264 5464 τι
314 5412 376 5467 δὲ
432 5414 646 5485 χρόνος,
692 5413 854 5468 τοῦτο
897 5416 995 5469 καὶ
1037 5416 1261 5487 καιρός*
1300 5414 1489 5486 ῶσπερ
1518 5414 1629 5467 οὐδ’
1668 5414 1721 5467 εί
1750 5431 1804 5466 τι

1903 5415 2066 5467 etiam
2122 5423 2227 5477 est,
2280 5413 2743 5483 quemadmodum
2800 5412 2942 5481 quod
2995 5412 3177 5473 homo,
3231 5409 3370 5461 idem
3424 5420 3479 5462 et

200 5502 381 5571 ζῶον,
425 5508 584 5561 τοῦτο
624 5508 718 5561 καὶ
750 5507 1060 5579 ἄνθρωπος.
1091 5507 1297 5579 Χρόνος
1329 5508 1429 5579 μὲν
1459 5507 1567 5578 γὰρ
1596 5508 1713 5559 ἐστι
1746 5505 1797 5559 τὲ

1907 5502 2109 5557 animal
2145 5521 2157 5557 :
2202 5511 2256 5556 at
2287 5512 2397 5557 non
2424 5504 2571 5571 quod
2619 5503 2689 5558 sit
2734 5511 2818 5556 ten
2845 5506 2966 5570 pus,
3006 5500 3145 5553 idem
3179 5506 3233 5552 et
3269 5504 3480 5568 tempe.

285 5679 368 5743 (ι)
405 5679 615 5753 Olymp.
644 5682 752 5736 ύπδ
786 5683 879 5736 τὸν
905 5683 1076 5754 ἥλιον.

549 5776 817 5836 ΡΑτιιοιι.
866 5776 982 5834 (19..
1011 5774 1277 5834 XCVIII.

3075 5756 3201 5821 27,
