  <div class='ocr_page' id='page_1' title='image "/cluster/home/n/w/nwhite01/storage/ocr_20150623/98/hvd.32044073502148/429.png"; bbox 0 0 3982 6190; ppageno 0'>
   <div class='ocr_carea' id='block_1_1' title="bbox 427 248 530 315">
    <p class='ocr_par' dir='ltr' id='par_1_1' title="bbox 427 248 530 315">
     <span class='ocr_line' id='line_1_1' title="bbox 427 248 530 315; baseline -0.029 -1"><span class='ocrx_word' id='word_1_1' title='bbox 427 252 459 315; x_wconf 73' lang='grc' dir='ltr'>ε’</span> <span class='ocrx_word' id='word_1_2' title='bbox 470 248 530 312; x_wconf 68' lang='grc'><strong>4⁸1</strong></span> 
     </span>
    </p>
   </div>
   <div class='ocr_carea' id='block_1_2' title="bbox 1567 250 2586 317">
    <p class='ocr_par' dir='ltr' id='par_1_2' title="bbox 1567 250 2586 317">
     <span class='ocr_line' id='line_1_2' title="bbox 1567 250 2586 317; baseline 0.007 -7"><span class='ocrx_word' id='word_1_3' title='bbox 1567 251 1629 311; x_wconf 93' lang='lat' dir='ltr'><strong>S.</strong></span> <span class='ocrx_word' id='word_1_4' title='bbox 1659 250 2038 315; x_wconf 83' lang='lat' dir='ltr'><strong>GREGORII</strong></span> <span class='ocrx_word' id='word_1_5' title='bbox 2073 252 2586 317; x_wconf 79' lang='lat' dir='ltr'><strong>AGRIGENTINI</strong></span> 
     </span>
    </p>
   </div>
   <div class='ocr_carea' id='block_1_3' title="bbox 3578 253 3687 318">
    <p class='ocr_par' dir='ltr' id='par_1_3' title="bbox 3578 253 3687 318">
     <span class='ocr_line' id='line_1_3' title="bbox 3578 253 3687 318; baseline 0 0"><span class='ocrx_word' id='word_1_6' title='bbox 3578 253 3687 318; x_wconf 62' lang='lat'><strong>818</strong></span> 
     </span>
    </p>
   </div>
   <div class='ocr_carea' id='block_1_4' title="bbox 424 347 1999 439">
    <p class='ocr_par' dir='ltr' id='par_1_4' title="bbox 424 347 1999 433">
     <span class='ocr_line' id='line_1_4' title="bbox 424 347 1999 433; baseline 0.003 -18"><span class='ocrx_word' id='word_1_7' title='bbox 424 361 550 416; x_wconf 85' lang='lat' dir='ltr'><strong>tur!</strong></span> <span class='ocrx_word' id='word_1_8' title='bbox 592 357 822 428; x_wconf 78' lang='lat' dir='ltr'><strong>jamque</strong></span> <span class='ocrx_word' id='word_1_9' title='bbox 867 347 1164 427; x_wconf 87' lang='lat' dir='ltr'><strong>intelligas,</strong></span> <span class='ocrx_word' id='word_1_10' title='bbox 1218 355 1310 427; x_wconf 90' lang='lat' dir='ltr'><strong>qui</strong></span> <span class='ocrx_word' id='word_1_11' title='bbox 1357 357 1431 415; x_wconf 84' lang='lat' dir='ltr'><strong>ad</strong></span> <span class='ocrx_word' id='word_1_12' title='bbox 1481 358 1776 433; x_wconf 79' lang='lat' dir='ltr'><strong>imaginem</strong></span> <span class='ocrx_word' id='word_1_13' title='bbox 1823 364 1917 421; x_wconf 84' lang='lat' dir='ltr'><strong>Dei</strong></span> <span class='ocrx_word' id='word_1_14' title='bbox 1952 373 1999 421; x_wconf 91' lang='lat' dir='ltr'><strong>et</strong></span> 
     </span>
    </p>
   </div>
   <div class='ocr_carea' id='block_1_5' title="bbox 2105 347 3689 439">
    <p class='ocr_par' dir='ltr' id='par_1_5' title="bbox 2106 364 3689 439">
     <span class='ocr_line' id='line_1_5' title="bbox 2106 364 3689 439; baseline -0.001 -17"><span class='ocrx_word' id='word_1_15' title='bbox 2106 367 2240 422; x_wconf 84' lang='grc' dir='ltr'>Θεοῦ</span> <span class='ocrx_word' id='word_1_16' title='bbox 2269 369 2363 424; x_wconf 83' lang='grc' dir='ltr'>καὶ</span> <span class='ocrx_word' id='word_1_17' title='bbox 2398 368 2660 439; x_wconf 82' lang='grc' dir='ltr'>ὁμοίωσιν</span> <span class='ocrx_word' id='word_1_18' title='bbox 2694 364 2953 436; x_wconf 80' lang='grc' dir='ltr'>γεγονὼς,</span> <span class='ocrx_word' id='word_1_19' title='bbox 2989 365 3084 420; x_wconf 77' lang='grc' dir='ltr'>καὶ</span> <span class='ocrx_word' id='word_1_20' title='bbox 3116 365 3294 438; x_wconf 77' lang='grc' dir='ltr'>ψυχὴν</span> <span class='ocrx_word' id='word_1_21' title='bbox 3337 365 3520 438; x_wconf 72' lang='grc' dir='ltr'>λαχὼν</span> <span class='ocrx_word' id='word_1_22' title='bbox 3552 367 3689 420; x_wconf 84' lang='grc' dir='ltr'>αύτ-</span> 
     </span>
    </p>
   </div>
   <div class='ocr_carea' id='block_1_6' title="bbox 425 447 2005 528">
    <p class='ocr_par' dir='ltr' id='par_1_6' title="bbox 425 447 2005 528">
     <span class='ocr_line' id='line_1_6' title="bbox 425 447 2005 528; baseline 0.002 -19"><span class='ocrx_word' id='word_1_23' title='bbox 425 451 847 510; x_wconf 89' lang='lat' dir='ltr'><strong>similitudinem</strong></span> <span class='ocrx_word' id='word_1_24' title='bbox 897 447 1176 516; x_wconf 91' lang='lat' dir='ltr'><strong>conditus,</strong></span> <span class='ocrx_word' id='word_1_25' title='bbox 1230 449 1478 506; x_wconf 88' lang='lat' dir='ltr'><strong>animum</strong></span> <span class='ocrx_word' id='word_1_26' title='bbox 1532 455 1744 511; x_wconf 90' lang='lat' dir='ltr'><strong>arbitrii</strong></span> <span class='ocrx_word' id='word_1_27' title='bbox 1779 472 2005 528; x_wconf 88' lang='lat' dir='ltr'><strong>compo-</strong></span> 
     </span>
    </p>
   </div>
   <div class='ocr_carea' id='block_1_7' title="bbox 428 543 2003 618">
    <p class='ocr_par' dir='ltr' id='par_1_7' title="bbox 428 543 2003 618">
     <span class='ocr_line' id='line_1_7' title="bbox 428 543 2003 618; baseline 0.001 -16"><span class='ocrx_word' id='word_1_28' title='bbox 428 556 535 602; x_wconf 87' lang='lat' dir='ltr'><strong>tem</strong></span> <span class='ocrx_word' id='word_1_29' title='bbox 585 553 784 598; x_wconf 86' lang='lat' dir='ltr'><strong>nactus</strong></span> <span class='ocrx_word' id='word_1_30' title='bbox 819 557 920 608; x_wconf 90' lang='lat' dir='ltr'><strong>es,</strong></span> <span class='ocrx_word' id='word_1_31' title='bbox 961 549 1228 611; x_wconf 89' lang='lat' dir='ltr'><strong>quantum</strong></span> <span class='ocrx_word' id='word_1_32' title='bbox 1269 543 1485 598; x_wconf 82' lang='lat' dir='ltr'><strong>auctori</strong></span> <span class='ocrx_word' id='word_1_33' title='bbox 1529 553 1626 602; x_wconf 91' lang='lat' dir='ltr'><strong>tuo</strong></span> <span class='ocrx_word' id='word_1_34' title='bbox 1667 561 1769 618; x_wconf 92' lang='lat' dir='ltr'><strong>pro</strong></span> <span class='ocrx_word' id='word_1_35' title='bbox 1817 549 2003 604; x_wconf 90' lang='lat' dir='ltr'><strong>collati</strong></span> 
     </span>
    </p>
   </div>
   <div class='ocr_carea' id='block_1_8' title="bbox 425 627 1999 706">
    <p class='ocr_par' dir='ltr' id='par_1_8' title="bbox 425 627 1999 706">
     <span class='ocr_line' id='line_1_8' title="bbox 425 627 1999 706; baseline 0.002 -14"><span class='ocrx_word' id='word_1_36' title='bbox 425 635 652 692; x_wconf 81' lang='lat' dir='ltr'><strong>honoris</strong></span> <span class='ocrx_word' id='word_1_37' title='bbox 679 633 935 705; x_wconf 89' lang='lat' dir='ltr'><strong>portione</strong></span> <span class='ocrx_word' id='word_1_38' title='bbox 961 633 1161 689; x_wconf 85' lang='lat' dir='ltr'><strong>debeas</strong></span> <span class='ocrx_word' id='word_1_39' title='bbox 1187 634 1514 706; x_wconf 83' lang='lat' dir='ltr'><strong>obsequium</strong></span> <span class='ocrx_word' id='word_1_40' title='bbox 1545 651 1611 692; x_wconf 88' lang='lat' dir='ltr'><strong>ac</strong></span> <span class='ocrx_word' id='word_1_41' title='bbox 1639 627 1999 695; x_wconf 75' lang='lat' dir='ltr'><strong>famulatum!</strong></span> 
     </span>
    </p>
   </div>
   <div class='ocr_carea' id='block_1_9' title="bbox 423 725 2005 801">
    <p class='ocr_par' dir='ltr' id='par_1_9' title="bbox 423 725 2005 801">
     <span class='ocr_line' id='line_1_9' title="bbox 423 725 2005 801; baseline 0.003 -18"><span class='ocrx_word' id='word_1_42' title='bbox 423 727 558 783; x_wconf 82' lang='lat' dir='ltr'><strong>Nam</strong></span> <span class='ocrx_word' id='word_1_43' title='bbox 593 727 639 782; x_wconf 87' lang='lat' dir='ltr'><strong>si</strong></span> <span class='ocrx_word' id='word_1_44' title='bbox 668 726 855 782; x_wconf 86' lang='lat' dir='ltr'><strong>omnia</strong></span> <span class='ocrx_word' id='word_1_45' title='bbox 889 740 1049 781; x_wconf 90' lang='lat' dir='ltr'><strong>suam</strong></span> <span class='ocrx_word' id='word_1_46' title='bbox 1080 740 1110 780; x_wconf 91' lang='lat' dir='ltr'><strong>a</strong></span> <span class='ocrx_word' id='word_1_47' title='bbox 1141 725 1440 784; x_wconf 88' lang='lat' dir='ltr'><strong>Conditore</strong></span> <span class='ocrx_word' id='word_1_48' title='bbox 1472 728 1594 800; x_wconf 92' lang='lat' dir='ltr'><strong>ipso</strong></span> <span class='ocrx_word' id='word_1_49' title='bbox 1624 733 2005 801; x_wconf 89' lang='lat' dir='ltr'><strong>opportunita-</strong></span> 
     </span>
    </p>
   </div>
   <div class='ocr_carea' id='block_1_10' title="bbox 423 817 2002 896">
    <p class='ocr_par' dir='ltr' id='par_1_10' title="bbox 423 817 2002 896">
     <span class='ocr_line' id='line_1_10' title="bbox 423 817 2002 896; baseline 0.002 -19"><span class='ocrx_word' id='word_1_50' title='bbox 423 829 532 877; x_wconf 90' lang='lat' dir='ltr'><strong>tem</strong></span> <span class='ocrx_word' id='word_1_51' title='bbox 573 819 774 876; x_wconf 83' lang='lat' dir='ltr'><strong>sortita</strong></span> <span class='ocrx_word' id='word_1_52' title='bbox 817 829 970 884; x_wconf 83' lang='lat' dir='ltr'><strong>sunt,</strong></span> <span class='ocrx_word' id='word_1_53' title='bbox 1017 817 1210 888; x_wconf 89' lang='lat' dir='ltr'><strong>quidni</strong></span> <span class='ocrx_word' id='word_1_54' title='bbox 1248 819 1465 877; x_wconf 78' lang='lat' dir='ltr'><strong>tribuas</strong></span> <span class='ocrx_word' id='word_1_55' title='bbox 1497 829 1555 876; x_wconf 93' lang='lat' dir='ltr'><strong>tu</strong></span> <span class='ocrx_word' id='word_1_56' title='bbox 1595 837 1816 894; x_wconf 89' lang='lat' dir='ltr'><strong>quoque</strong></span> <span class='ocrx_word' id='word_1_57' title='bbox 1843 839 2002 896; x_wconf 83' lang='lat' dir='ltr'><strong>sepa-</strong></span> 
     </span>
    </p>
   </div>
   <div class='ocr_carea' id='block_1_11' title="bbox 421 910 2000 981">
    <p class='ocr_par' dir='ltr' id='par_1_11' title="bbox 421 910 2000 981">
     <span class='ocr_line' id='line_1_11' title="bbox 421 910 2000 981; baseline 0.002 -14"><span class='ocrx_word' id='word_1_58' title='bbox 421 911 877 980; x_wconf 72' lang='lat' dir='ltr'><strong>ratumaliquod</strong></span> <span class='ocrx_word' id='word_1_59' title='bbox 937 910 1200 981; x_wconf 89' lang='lat' dir='ltr'><strong>temporis</strong></span> <span class='ocrx_word' id='word_1_60' title='bbox 1245 911 1352 981; x_wconf 76' lang='lat'><strong>72</strong></span> <span class='ocrx_word' id='word_1_61' title='bbox 1383 911 1732 968; x_wconf 85' lang='lat' dir='ltr'><strong>intervallum</strong></span> <span class='ocrx_word' id='word_1_62' title='bbox 1789 917 2000 970; x_wconf 82' lang='lat' dir='ltr'><strong>auctori</strong></span> 
     </span>
    </p>
   </div>
   <div class='ocr_carea' id='block_1_12' title="bbox 423 1003 2000 1075">
    <p class='ocr_par' dir='ltr' id='par_1_12' title="bbox 423 1003 2000 1075">
     <span class='ocr_line' id='line_1_12' title="bbox 423 1003 2000 1075; baseline 0.001 -15"><span class='ocrx_word' id='word_1_63' title='bbox 423 1014 540 1068; x_wconf 90' lang='lat' dir='ltr'><strong>tuo,</strong></span> <span class='ocrx_word' id='word_1_64' title='bbox 578 1013 640 1058; x_wconf 92' lang='lat' dir='ltr'><strong>ut</strong></span> <span class='ocrx_word' id='word_1_65' title='bbox 693 1003 960 1058; x_wconf 87' lang='lat' dir='ltr'><strong>meditere</strong></span> <span class='ocrx_word' id='word_1_66' title='bbox 1011 1011 1066 1058; x_wconf 90' lang='lat' dir='ltr'><strong>et</strong></span> <span class='ocrx_word' id='word_1_67' title='bbox 1109 1017 1376 1073; x_wconf 76' lang='lat' dir='ltr'><strong>agnoscas</strong></span> <span class='ocrx_word' id='word_1_68' title='bbox 1415 1005 1592 1075; x_wconf 89' lang='lat' dir='ltr'><strong>ipsum</strong></span> <span class='ocrx_word' id='word_1_69' title='bbox 1639 1022 1760 1062; x_wconf 83' lang='lat' dir='ltr'><strong>esse</strong></span> <span class='ocrx_word' id='word_1_70' title='bbox 1808 1007 2000 1073; x_wconf 89' lang='lat' dir='ltr'><strong>Deum,</strong></span> 
     </span>
    </p>
   </div>
   <div class='ocr_carea' id='block_1_13' title="bbox 422 1093 2000 1168">
    <p class='ocr_par' dir='ltr' id='par_1_13' title="bbox 422 1093 2000 1168">
     <span class='ocr_line' id='line_1_13' title="bbox 422 1093 2000 1168; baseline 0.003 -18"><span class='ocrx_word' id='word_1_71' title='bbox 422 1105 589 1164; x_wconf 89' lang='lat' dir='ltr'><strong>atque</strong></span> <span class='ocrx_word' id='word_1_72' title='bbox 619 1093 760 1150; x_wconf 87' lang='lat' dir='ltr'><strong>adeo</strong></span> <span class='ocrx_word' id='word_1_73' title='bbox 809 1102 872 1147; x_wconf 90' lang='lat' dir='ltr'><strong>ut</strong></span> <span class='ocrx_word' id='word_1_74' title='bbox 923 1094 1206 1163; x_wconf 69' lang='lat' dir='ltr'><strong>prmceptis</strong></span> <span class='ocrx_word' id='word_1_75' title='bbox 1253 1095 1373 1164; x_wconf 87' lang='lat' dir='ltr'><strong>ejus</strong></span> <span class='ocrx_word' id='word_1_76' title='bbox 1404 1103 1594 1152; x_wconf 84' lang='lat' dir='ltr'><strong>sancte</strong></span> <span class='ocrx_word' id='word_1_77' title='bbox 1639 1097 2000 1168; x_wconf 85' lang='lat' dir='ltr'><strong>obtemperes,</strong></span> 
     </span>
    </p>
   </div>
   <div class='ocr_carea' id='block_1_14' title="bbox 421 1179 2002 1254">
    <p class='ocr_par' dir='ltr' id='par_1_14' title="bbox 421 1179 2002 1254">
     <span class='ocr_line' id='line_1_14' title="bbox 421 1179 2002 1254; baseline 0.004 -17"><span class='ocrx_word' id='word_1_78' title='bbox 421 1189 478 1237; x_wconf 88' lang='lat' dir='ltr'><strong>ct</strong></span> <span class='ocrx_word' id='word_1_79' title='bbox 518 1186 666 1236; x_wconf 75' lang='lat' dir='ltr'><strong>recte</strong></span> <span class='ocrx_word' id='word_1_80' title='bbox 699 1179 860 1235; x_wconf 82' lang='lat' dir='ltr'><strong>factis</strong></span> <span class='ocrx_word' id='word_1_81' title='bbox 907 1181 976 1234; x_wconf 91' lang='lat' dir='ltr'><strong>ad</strong></span> <span class='ocrx_word' id='word_1_82' title='bbox 1018 1179 1282 1238; x_wconf 87' lang='lat' dir='ltr'><strong>bonitatis</strong></span> <span class='ocrx_word' id='word_1_83' title='bbox 1319 1183 1440 1252; x_wconf 86' lang='lat' dir='ltr'><strong>ejus</strong></span> <span class='ocrx_word' id='word_1_84' title='bbox 1484 1184 1806 1254; x_wconf 84' lang='lat' dir='ltr'><strong>dignitatem</strong></span> <span class='ocrx_word' id='word_1_85' title='bbox 1843 1203 2002 1243; x_wconf 86' lang='lat' dir='ltr'><strong>acce-</strong></span> 
     </span>
    </p>
   </div>
   <div class='ocr_carea' id='block_1_15' title="bbox 421 1265 1999 1334">
    <p class='ocr_par' dir='ltr' id='par_1_15' title="bbox 421 1265 1999 1334">
     <span class='ocr_line' id='line_1_15' title="bbox 421 1265 1999 1334; baseline 0.004 -6"><span class='ocrx_word' id='word_1_86' title='bbox 421 1265 572 1328; x_wconf 70' lang='lat' dir='ltr'><strong>das?</strong></span> <span class='ocrx_word' id='word_1_87' title='bbox 611 1287 738 1327; x_wconf 90' lang='lat' dir='ltr'><strong>cum</strong></span> <span class='ocrx_word' id='word_1_88' title='bbox 785 1281 836 1326; x_wconf 89' lang='lat' dir='ltr'><strong>te</strong></span> <span class='ocrx_word' id='word_1_89' title='bbox 879 1279 1071 1326; x_wconf 90' lang='lat' dir='ltr'><strong>contra</strong></span> <span class='ocrx_word' id='word_1_90' title='bbox 1121 1287 1336 1327; x_wconf 88' lang='lat' dir='ltr'><strong>summa</strong></span> <span class='ocrx_word' id='word_1_91' title='bbox 1379 1277 1660 1332; x_wconf 87' lang='lat' dir='ltr'><strong>temeritas</strong></span> <span class='ocrx_word' id='word_1_92' title='bbox 1699 1279 1912 1334; x_wconf 56' lang='lat' dir='ltr'><strong>caeteris</strong></span> <span class='ocrx_word' id='word_1_93' title='bbox 1947 1279 1999 1334; x_wconf 91' lang='lat' dir='ltr'><strong>in</strong></span> 
     </span>
    </p>
   </div>
   <div class='ocr_carea' id='block_1_16' title="bbox 421 1363 2002 1432">
    <p class='ocr_par' dir='ltr' id='par_1_16' title="bbox 421 1363 2002 1432">
     <span class='ocr_line' id='line_1_16' title="bbox 421 1363 2002 1432; baseline 0.004 -14"><span class='ocrx_word' id='word_1_94' title='bbox 421 1365 590 1418; x_wconf 86' lang='lat' dir='ltr'><strong>rebus</strong></span> <span class='ocrx_word' id='word_1_95' title='bbox 623 1374 678 1418; x_wconf 91' lang='lat' dir='ltr'><strong>et</strong></span> <span class='ocrx_word' id='word_1_96' title='bbox 724 1379 755 1418; x_wconf 88' lang='lat' dir='ltr'><strong>a</strong></span> <span class='ocrx_word' id='word_1_97' title='bbox 789 1371 1003 1418; x_wconf 80' lang='lat' dir='ltr'><strong>naturae</strong></span> <span class='ocrx_word' id='word_1_98' title='bbox 1041 1363 1301 1432; x_wconf 90' lang='lat' dir='ltr'><strong>operibus</strong></span> <span class='ocrx_word' id='word_1_99' title='bbox 1333 1365 1684 1422; x_wconf 84' lang='lat' dir='ltr'><strong>aberrantem</strong></span> <span class='ocrx_word' id='word_1_100' title='bbox 1733 1377 1788 1422; x_wconf 90' lang='lat' dir='ltr'><strong>et</strong></span> <span class='ocrx_word' id='word_1_101' title='bbox 1828 1385 1858 1424; x_wconf 91' lang='lat' dir='ltr'><strong>a</strong></span> <span class='ocrx_word' id='word_1_102' title='bbox 1905 1384 2002 1426; x_wconf 88' lang='lat' dir='ltr'><strong>vo-</strong></span> 
     </span>
    </p>
   </div>
   <div class='ocr_carea' id='block_1_17' title="bbox 419 1455 2004 1532">
    <p class='ocr_par' dir='ltr' id='par_1_17' title="bbox 419 1455 2004 1532">
     <span class='ocr_line' id='line_1_17' title="bbox 419 1455 2004 1532; baseline 0.007 -21"><span class='ocrx_word' id='word_1_103' title='bbox 419 1455 678 1511; x_wconf 88' lang='lat' dir='ltr'><strong>luntariis</strong></span> <span class='ocrx_word' id='word_1_104' title='bbox 715 1455 1006 1510; x_wconf 86' lang='lat' dir='ltr'><strong>hominum</strong></span> <span class='ocrx_word' id='word_1_105' title='bbox 1050 1455 1250 1510; x_wconf 89' lang='lat' dir='ltr'><strong>studiis</strong></span> <span class='ocrx_word' id='word_1_106' title='bbox 1280 1465 1655 1514; x_wconf 86' lang='lat' dir='ltr'><strong>transversum</strong></span> <span class='ocrx_word' id='word_1_107' title='bbox 1698 1471 1845 1532; x_wconf 84' lang='lat' dir='ltr'><strong>agat.</strong></span> <span class='ocrx_word' id='word_1_108' title='bbox 1876 1462 2004 1521; x_wconf 61' lang='lat' dir='ltr'><strong>Hac</strong></span> 
     </span>
    </p>
   </div>
   <div class='ocr_carea' id='block_1_18' title="bbox 423 1544 2003 1619">
    <p class='ocr_par' dir='ltr' id='par_1_18' title="bbox 423 1544 2003 1619">
     <span class='ocr_line' id='line_1_18' title="bbox 423 1544 2003 1619; baseline 0.007 -20"><span class='ocrx_word' id='word_1_109' title='bbox 423 1545 706 1610; x_wconf 81' lang='lat' dir='ltr'><strong>nimirum,</strong></span> <span class='ocrx_word' id='word_1_110' title='bbox 755 1560 879 1614; x_wconf 75' lang='lat' dir='ltr'><strong>qua:</strong></span> <span class='ocrx_word' id='word_1_111' title='bbox 931 1544 1076 1601; x_wconf 90' lang='lat' dir='ltr'><strong>dicta</strong></span> <span class='ocrx_word' id='word_1_112' title='bbox 1121 1553 1271 1611; x_wconf 89' lang='lat' dir='ltr'><strong>sunt,</strong></span> <span class='ocrx_word' id='word_1_113' title='bbox 1313 1545 1423 1602; x_wconf 85' lang='lat' dir='ltr'><strong>nisi</strong></span> <span class='ocrx_word' id='word_1_114' title='bbox 1470 1551 1690 1619; x_wconf 87' lang='lat' dir='ltr'><strong>sapiens</strong></span> <span class='ocrx_word' id='word_1_115' title='bbox 1731 1549 2003 1610; x_wconf 86' lang='lat' dir='ltr'><strong>Ecclesia-</strong></span> 
     </span>
    </p>
   </div>
   <div class='ocr_carea' id='block_1_19' title="bbox 2106 443 3688 530">
    <p class='ocr_par' dir='ltr' id='par_1_19' title="bbox 2106 443 3688 530">
     <span class='ocr_line' id='line_1_19' title="bbox 2106 443 3688 530; baseline -0.001 -18"><span class='ocrx_word' id='word_1_116' title='bbox 2106 459 2370 524; x_wconf 79' lang='grc' dir='ltr'>εξούσιον,</span> <span class='ocrx_word' id='word_1_117' title='bbox 2399 443 2594 530; x_wconf 79' lang='grc' dir='ltr'>ἡλίκην</span> <span class='ocrx_word' id='word_1_118' title='bbox 2627 457 2864 528; x_wconf 74' lang='grc' dir='ltr'><strong>ὀφείλεις</strong></span> <span class='ocrx_word' id='word_1_119' title='bbox 2897 456 3044 528; x_wconf 74' lang='grc' dir='ltr'>ἔχειν</span> <span class='ocrx_word' id='word_1_120' title='bbox 3087 456 3228 510; x_wconf 80' lang='grc' dir='ltr'>κατᾶ</span> <span class='ocrx_word' id='word_1_121' title='bbox 3259 457 3358 526; x_wconf 79' lang='grc' dir='ltr'>τὴν</span> <span class='ocrx_word' id='word_1_122' title='bbox 3392 456 3688 525; x_wconf 74' lang='grc' dir='ltr'>ἀναλογίαν</span> 
     </span>
    </p>
   </div>
   <div class='ocr_carea' id='block_1_20' title="bbox 2103 545 3688 620">
    <p class='ocr_par' dir='ltr' id='par_1_20' title="bbox 2103 545 3688 620">
     <span class='ocr_line' id='line_1_20' title="bbox 2103 545 3688 620; baseline -0.003 -18"><span class='ocrx_word' id='word_1_123' title='bbox 2103 550 2204 620; x_wconf 81' lang='grc' dir='ltr'>τῆς</span> <span class='ocrx_word' id='word_1_124' title='bbox 2228 549 2522 620; x_wconf 80' lang='grc' dir='ltr'><strong>δεδομένης</strong></span> <span class='ocrx_word' id='word_1_125' title='bbox 2551 565 2632 601; x_wconf 85' lang='grc' dir='ltr'><strong>σοι</strong></span> <span class='ocrx_word' id='word_1_126' title='bbox 2659 548 2824 618; x_wconf 83' lang='grc' dir='ltr'>τιμῆς</span> <span class='ocrx_word' id='word_1_127' title='bbox 2861 547 2961 618; x_wconf 86' lang='grc' dir='ltr'>τὴν</span> <span class='ocrx_word' id='word_1_128' title='bbox 3001 547 3136 616; x_wconf 85' lang='grc' dir='ltr'>πρὸς</span> <span class='ocrx_word' id='word_1_129' title='bbox 3159 546 3251 600; x_wconf 74' lang='grc' dir='ltr'>τὸν</span> <span class='ocrx_word' id='word_1_130' title='bbox 3287 545 3414 600; x_wconf 72' lang='grc' dir='ltr'>ἴδιον</span> <span class='ocrx_word' id='word_1_131' title='bbox 3452 545 3688 617; x_wconf 74' lang='grc' dir='ltr'>ποιητὴν</span> 
     </span>
    </p>
   </div>
   <div class='ocr_carea' id='block_1_21' title="bbox 2105 634 3688 708">
    <p class='ocr_par' dir='ltr' id='par_1_21' title="bbox 2105 634 3688 708">
     <span class='ocr_line' id='line_1_21' title="bbox 2105 634 3688 708; baseline -0.003 -14"><span class='ocrx_word' id='word_1_132' title='bbox 2105 638 2386 708; x_wconf 77' lang='grc' dir='ltr'><strong>ὑποταγὴν</strong></span> <span class='ocrx_word' id='word_1_133' title='bbox 2426 637 2522 692; x_wconf 76' lang='grc' dir='ltr'>καὶ</span> <span class='ocrx_word' id='word_1_134' title='bbox 2565 635 2806 707; x_wconf 81' lang='grc' dir='ltr'>θητείαν.</span> <span class='ocrx_word' id='word_1_135' title='bbox 2850 636 2915 690; x_wconf 75' lang='lat' dir='ltr'><strong>Et</strong></span> <span class='ocrx_word' id='word_1_136' title='bbox 2947 636 3056 706; x_wconf 83' lang='grc' dir='ltr'>γὰρ</span> <span class='ocrx_word' id='word_1_137' title='bbox 3086 635 3266 688; x_wconf 81' lang='grc' dir='ltr'>πάντα</span> <span class='ocrx_word' id='word_1_138' title='bbox 3289 634 3380 688; x_wconf 80' lang='grc' dir='ltr'><strong>τὸν</strong></span> <span class='ocrx_word' id='word_1_139' title='bbox 3409 634 3540 689; x_wconf 77' lang='grc' dir='ltr'>ῐδιον</span> <span class='ocrx_word' id='word_1_140' title='bbox 3572 635 3688 704; x_wconf 75' lang='grc' dir='ltr'>ἔχει</span> 
     </span>
    </p>
   </div>
   <div class='ocr_carea' id='block_1_22' title="bbox 2105 725 3689 801">
    <p class='ocr_par' dir='ltr' id='par_1_22' title="bbox 2105 725 3689 801">
     <span class='ocr_line' id='line_1_22' title="bbox 2105 725 3689 801; baseline -0.004 -17"><span class='ocrx_word' id='word_1_141' title='bbox 2105 729 2322 801; x_wconf 75' lang='grc' dir='ltr'>καιρὸν,</span> <span class='ocrx_word' id='word_1_142' title='bbox 2352 728 2412 782; x_wconf 82' lang='grc' dir='ltr'>ὃν</span> <span class='ocrx_word' id='word_1_143' title='bbox 2442 730 2471 782; x_wconf 86' lang='grc' dir='ltr'><strong>ό</strong></span> <span class='ocrx_word' id='word_1_144' title='bbox 2495 726 2841 799; x_wconf 81' lang='grc' dir='ltr'>Δημιουργδς</span> <span class='ocrx_word' id='word_1_145' title='bbox 2863 726 3046 790; x_wconf 79' lang='grc' dir='ltr'>αὐτοῖς</span> <span class='ocrx_word' id='word_1_146' title='bbox 3071 725 3493 796; x_wconf 69' lang='grc' dir='ltr'><strong>ἀπεκλήρωσεν,</strong></span> <span class='ocrx_word' id='word_1_147' title='bbox 3518 727 3582 780; x_wconf 84' lang='grc' dir='ltr'>οὐ</span> <span class='ocrx_word' id='word_1_148' title='bbox 3607 725 3689 780; x_wconf 84' lang='grc' dir='ltr'>δί-</span> 
     </span>
    </p>
   </div>
   <div class='ocr_carea' id='block_1_23' title="bbox 2104 816 3690 888">
    <p class='ocr_par' dir='ltr' id='par_1_23' title="bbox 2104 816 3690 888">
     <span class='ocr_line' id='line_1_23' title="bbox 2104 816 3690 888; baseline -0.001 -16"><span class='ocrx_word' id='word_1_149' title='bbox 2104 819 2211 883; x_wconf 92' lang='grc' dir='ltr'><strong>δως</strong></span> <span class='ocrx_word' id='word_1_150' title='bbox 2258 821 2322 874; x_wconf 79' lang='grc' dir='ltr'>σὺ</span> <span class='ocrx_word' id='word_1_151' title='bbox 2368 817 2445 888; x_wconf 85' lang='grc' dir='ltr'>τῷ</span> <span class='ocrx_word' id='word_1_152' title='bbox 2494 819 2693 888; x_wconf 76' lang='grc' dir='ltr'>ποιητῇ</span> <span class='ocrx_word' id='word_1_153' title='bbox 2738 817 2834 870; x_wconf 91' lang='grc' dir='ltr'><strong>σού</strong></span> <span class='ocrx_word' id='word_1_154' title='bbox 2885 833 3007 870; x_wconf 91' lang='grc' dir='ltr'>τινα</span> <span class='ocrx_word' id='word_1_155' title='bbox 3056 816 3250 886; x_wconf 82' lang='grc' dir='ltr'>καιρὸν</span> <span class='ocrx_word' id='word_1_156' title='bbox 3302 817 3690 887; x_wconf 77' lang='grc' dir='ltr'>ἀφωρισμένον</span> 
     </span>
    </p>
   </div>
   <div class='ocr_carea' id='block_1_24' title="bbox 2105 905 3690 978">
    <p class='ocr_par' dir='ltr' id='par_1_24' title="bbox 2105 905 3690 978">
     <span class='ocr_line' id='line_1_24' title="bbox 2105 905 3690 978; baseline 0 -16"><span class='ocrx_word' id='word_1_157' title='bbox 2105 908 2244 978; x_wconf 78' lang='grc' dir='ltr'>πρὸς</span> <span class='ocrx_word' id='word_1_158' title='bbox 2291 907 2352 960; x_wconf 80' lang='grc' dir='ltr'>τὸ</span> <span class='ocrx_word' id='word_1_159' title='bbox 2400 907 2660 977; x_wconf 78' lang='grc' dir='ltr'><strong>σχολάσαι</strong></span> <span class='ocrx_word' id='word_1_160' title='bbox 2703 907 2798 960; x_wconf 72' lang='grc' dir='ltr'>καὶ</span> <span class='ocrx_word' id='word_1_161' title='bbox 2841 905 3066 976; x_wconf 87' lang='grc' dir='ltr'>γνῶναι,</span> <span class='ocrx_word' id='word_1_162' title='bbox 3115 907 3198 960; x_wconf 86' lang='grc' dir='ltr'>ὃτι</span> <span class='ocrx_word' id='word_1_163' title='bbox 3234 906 3351 960; x_wconf 79' lang='grc' dir='ltr'>ἔστι</span> <span class='ocrx_word' id='word_1_164' title='bbox 3395 907 3550 972; x_wconf 86' lang='grc' dir='ltr'>Θεδς,</span> <span class='ocrx_word' id='word_1_165' title='bbox 3591 909 3690 962; x_wconf 79' lang='grc' dir='ltr'>καὶ</span> 
     </span>
    </p>
   </div>
   <div class='ocr_carea' id='block_1_25' title="bbox 2104 999 3685 1068">
    <p class='ocr_par' dir='ltr' id='par_1_25' title="bbox 2104 999 3685 1068">
     <span class='ocr_line' id='line_1_25' title="bbox 2104 999 3685 1068; baseline -0.001 -10"><span class='ocrx_word' id='word_1_166' title='bbox 2104 1001 2248 1058; x_wconf 86' lang='grc' dir='ltr'><strong>κατά</strong></span> <span class='ocrx_word' id='word_1_167' title='bbox 2297 1000 2361 1054; x_wconf 83' lang='grc' dir='ltr'><strong>τδ</strong></span> <span class='ocrx_word' id='word_1_168' title='bbox 2403 999 2697 1056; x_wconf 86' lang='grc' dir='ltr'>ἀκόλουθον</span> <span class='ocrx_word' id='word_1_169' title='bbox 2745 1000 2843 1065; x_wconf 81' lang='grc' dir='ltr'>τὰς</span> <span class='ocrx_word' id='word_1_170' title='bbox 2895 1001 3114 1064; x_wconf 76' lang='grc' dir='ltr'>ἐντολὰς</span> <span class='ocrx_word' id='word_1_171' title='bbox 3161 999 3330 1054; x_wconf 81' lang='grc' dir='ltr'>αὐτοῦ</span> <span class='ocrx_word' id='word_1_172' title='bbox 3375 1001 3685 1068; x_wconf 79' lang='grc' dir='ltr'>φυλάττειν,</span> 
     </span>
    </p>
   </div>
   <div class='ocr_carea' id='block_1_26' title="bbox 2103 1090 3690 1163">
    <p class='ocr_par' dir='ltr' id='par_1_26' title="bbox 2103 1090 3690 1163">
     <span class='ocr_line' id='line_1_26' title="bbox 2103 1090 3690 1163; baseline -0.001 -15"><span class='ocrx_word' id='word_1_173' title='bbox 2103 1093 2400 1148; x_wconf 86' lang='grc' dir='ltr'>κάντεῦθεν</span> <span class='ocrx_word' id='word_1_174' title='bbox 2435 1091 2918 1163; x_wconf 86' lang='grc' dir='ltr'>προσοικειοῦσθαι</span> <span class='ocrx_word' id='word_1_175' title='bbox 2963 1094 3031 1163; x_wconf 81' lang='grc' dir='ltr'>τῇ</span> <span class='ocrx_word' id='word_1_176' title='bbox 3057 1090 3184 1163; x_wconf 79' lang='grc' dir='ltr'>δόξῃ</span> <span class='ocrx_word' id='word_1_177' title='bbox 3221 1091 3322 1160; x_wconf 81' lang='grc' dir='ltr'>τῆς</span> <span class='ocrx_word' id='word_1_178' title='bbox 3349 1091 3690 1162; x_wconf 82' lang='grc' dir='ltr'>ἀγαθότητος</span> 
     </span>
    </p>
   </div>
   <div class='ocr_carea' id='block_1_27' title="bbox 2103 1181 3689 1254">
    <p class='ocr_par' dir='ltr' id='par_1_27' title="bbox 2103 1181 3689 1254">
     <span class='ocr_line' id='line_1_27' title="bbox 2103 1181 3689 1254; baseline -0.004 -15"><span class='ocrx_word' id='word_1_179' title='bbox 2103 1182 2271 1239; x_wconf 87' lang='grc' dir='ltr'>αὐτοῦ</span> <span class='ocrx_word' id='word_1_180' title='bbox 2297 1183 2386 1238; x_wconf 74' lang='grc' dir='ltr'><strong>διὰ</strong></span> <span class='ocrx_word' id='word_1_181' title='bbox 2413 1184 2720 1254; x_wconf 76' lang='grc' dir='ltr'>σπουδαίων</span> <span class='ocrx_word' id='word_1_182' title='bbox 2746 1181 3034 1254; x_wconf 75' lang='grc' dir='ltr'>πράξεωνς</span> <span class='ocrx_word' id='word_1_183' title='bbox 3061 1183 3196 1237; x_wconf 72' lang='grc' dir='ltr'>ἀλλὰ</span> <span class='ocrx_word' id='word_1_184' title='bbox 3222 1183 3426 1254; x_wconf 86' lang='grc' dir='ltr'>χείρων</span> <span class='ocrx_word' id='word_1_185' title='bbox 3458 1183 3552 1236; x_wconf 72' lang='grc' dir='ltr'><strong>καὶ</strong></span> <span class='ocrx_word' id='word_1_186' title='bbox 3577 1183 3689 1236; x_wconf 86' lang='grc' dir='ltr'><strong>τῶν</strong></span> 
     </span>
    </p>
   </div>
   <div class='ocr_carea' id='block_1_28' title="bbox 2104 1252 3690 1347">
    <p class='ocr_par' dir='ltr' id='par_1_28' title="bbox 2104 1252 3690 1347">
     <span class='ocr_line' id='line_1_28' title="bbox 2104 1252 3690 1347; baseline 0.001 -19"><span class='ocrx_word' id='word_1_187' title='bbox 2104 1275 2350 1346; x_wconf 85' lang='grc' dir='ltr'>φυσικῶν</span> <span class='ocrx_word' id='word_1_188' title='bbox 2389 1252 2700 1347; x_wconf 66' lang='grc' dir='ltr'>ἐνεργειῶν’</span> <span class='ocrx_word' id='word_1_189' title='bbox 2723 1252 2818 1328; x_wconf 73' lang='grc' dir='ltr'>καὶ</span> <span class='ocrx_word' id='word_1_190' title='bbox 2859 1274 2969 1328; x_wconf 89' lang='grc' dir='ltr'><strong>τῶν</strong></span> <span class='ocrx_word' id='word_1_191' title='bbox 2998 1252 3295 1344; x_wconf 84' lang='grc' dir='ltr'>γνωμικῶν</span> <span class='ocrx_word' id='word_1_192' title='bbox 3318 1252 3690 1344; x_wconf 59' lang='grc' dir='ltr'>ἐπιτηδευμά-</span> 
     </span>
    </p>
   </div>
   <div class='ocr_carea' id='block_1_29' title="bbox 2101 1364 3687 1438">
    <p class='ocr_par' dir='ltr' id='par_1_29' title="bbox 2101 1364 3687 1438">
     <span class='ocr_line' id='line_1_29' title="bbox 2101 1364 3687 1438; baseline -0.001 -18"><span class='ocrx_word' id='word_1_193' title='bbox 2101 1383 2212 1422; x_wconf 90' lang='grc' dir='ltr'><strong>των</strong></span> <span class='ocrx_word' id='word_1_194' title='bbox 2242 1367 2300 1420; x_wconf 71' lang='grc' dir='ltr'>ὲν</span> <span class='ocrx_word' id='word_1_195' title='bbox 2329 1369 2443 1432; x_wconf 84' lang='grc' dir='ltr'>τοῖς</span> <span class='ocrx_word' id='word_1_196' title='bbox 2474 1366 2654 1432; x_wconf 78' lang='grc' dir='ltr'>ἄλλοις</span> <span class='ocrx_word' id='word_1_197' title='bbox 2683 1365 2914 1438; x_wconf 78' lang='grc' dir='ltr'>εὑρίσκῃ</span> <span class='ocrx_word' id='word_1_198' title='bbox 2959 1365 3050 1420; x_wconf 86' lang='grc' dir='ltr'><strong>διά</strong></span> <span class='ocrx_word' id='word_1_199' title='bbox 3075 1364 3275 1436; x_wconf 81' lang='grc' dir='ltr'>πολλὴν</span> <span class='ocrx_word' id='word_1_200' title='bbox 3307 1365 3590 1421; x_wconf 86' lang='grc' dir='ltr'>ἀϐουλίαν.</span> <span class='ocrx_word' id='word_1_201' title='bbox 3624 1364 3687 1418; x_wconf 91' lang='grc' dir='ltr'>Εἰ</span> 
     </span>
    </p>
   </div>
   <div class='ocr_carea' id='block_1_30' title="bbox 2107 1454 3687 1532">
    <p class='ocr_par' dir='ltr' id='par_1_30' title="bbox 2107 1454 3687 1532">
     <span class='ocr_line' id='line_1_30' title="bbox 2107 1454 3687 1532; baseline -0.005 -17"><span class='ocrx_word' id='word_1_202' title='bbox 2107 1459 2184 1530; x_wconf 79' lang='grc' dir='ltr'>μὴ</span> <span class='ocrx_word' id='word_1_203' title='bbox 2208 1460 2316 1532; x_wconf 87' lang='grc' dir='ltr'><strong>γάρ</strong></span> <span class='ocrx_word' id='word_1_204' title='bbox 2339 1457 2667 1522; x_wconf 84' lang='grc' dir='ltr'>ἀποϐλέπων</span> <span class='ocrx_word' id='word_1_205' title='bbox 2692 1457 2830 1529; x_wconf 84' lang='grc' dir='ltr'>πρὸς</span> <span class='ocrx_word' id='word_1_206' title='bbox 2853 1457 2944 1511; x_wconf 71' lang='grc' dir='ltr'>τὸν</span> <span class='ocrx_word' id='word_1_207' title='bbox 2965 1455 3206 1510; x_wconf 87' lang='grc' dir='ltr'>τοιοῦτον</span> <span class='ocrx_word' id='word_1_208' title='bbox 3233 1454 3436 1508; x_wconf 77' lang='grc' dir='ltr'>σκοπὸν</span> <span class='ocrx_word' id='word_1_209' title='bbox 3466 1457 3494 1509; x_wconf 84' lang='grc' dir='ltr'>ὁ</span> <span class='ocrx_word' id='word_1_210' title='bbox 3524 1456 3687 1524; x_wconf 78' lang='grc' dir='ltr'>σοφὸς</span> 
     </span>
    </p>
   </div>
   <div class='ocr_carea' id='block_1_31' title="bbox 2117 1545 3686 1624">
    <p class='ocr_par' dir='ltr' id='par_1_31' title="bbox 2117 1545 3686 1624">
     <span class='ocr_line' id='line_1_31' title="bbox 2117 1545 3686 1624; baseline -0.004 -17"><span class='ocrx_word' id='word_1_211' title='bbox 2117 1551 2550 1624; x_wconf 80' lang='grc' dir='ltr'>Ἐκκλησιαστὴς</span> <span class='ocrx_word' id='word_1_212' title='bbox 2588 1545 2710 1604; x_wconf 76' lang='grc' dir='ltr'>εἷπε</span> <span class='ocrx_word' id='word_1_213' title='bbox 2754 1548 2823 1604; x_wconf 86' lang='grc' dir='ltr'><strong>τά</strong></span> <span class='ocrx_word' id='word_1_214' title='bbox 2851 1547 3136 1619; x_wconf 85' lang='grc' dir='ltr'>εἰρημένα,</span> <span class='ocrx_word' id='word_1_215' title='bbox 3179 1547 3359 1617; x_wconf 81' lang='grc' dir='ltr'>μάτην</span> <span class='ocrx_word' id='word_1_216' title='bbox 3387 1546 3562 1599; x_wconf 79' lang='grc' dir='ltr'>ταῦτα</span> <span class='ocrx_word' id='word_1_217' title='bbox 3591 1547 3686 1602; x_wconf 81' lang='grc' dir='ltr'>καὶ</span> 
     </span>
    </p>
   </div>
   <div class='ocr_carea' id='block_1_32' title="bbox 423 1635 1999 1716">
    <p class='ocr_par' dir='ltr' id='par_1_32' title="bbox 423 1635 1999 1710">
     <span class='ocr_line' id='line_1_32' title="bbox 423 1635 1999 1710; baseline 0.006 -19"><span class='ocrx_word' id='word_1_218' title='bbox 423 1645 538 1691; x_wconf 80' lang='lat' dir='ltr'><strong>stes</strong></span> <span class='ocrx_word' id='word_1_219' title='bbox 577 1635 632 1690; x_wconf 91' lang='lat' dir='ltr'><strong>in</strong></span> <span class='ocrx_word' id='word_1_220' title='bbox 665 1635 777 1690; x_wconf 90' lang='lat' dir='ltr'><strong>illis</strong></span> <span class='ocrx_word' id='word_1_221' title='bbox 805 1635 986 1691; x_wconf 84' lang='lat' dir='ltr'><strong>verbis</strong></span> <span class='ocrx_word' id='word_1_222' title='bbox 1017 1646 1338 1706; x_wconf 84' lang='lat' dir='ltr'><strong>spectasset,</strong></span> <span class='ocrx_word' id='word_1_223' title='bbox 1369 1637 1574 1695; x_wconf 83' lang='lat' dir='ltr'><strong>frustra</strong></span> <span class='ocrx_word' id='word_1_224' title='bbox 1601 1641 1760 1710; x_wconf 89' lang='lat' dir='ltr'><strong>plane</strong></span> <span class='ocrx_word' id='word_1_225' title='bbox 1787 1659 1854 1700; x_wconf 91' lang='lat' dir='ltr'><strong>ac</strong></span> <span class='ocrx_word' id='word_1_226' title='bbox 1881 1645 1999 1702; x_wconf 91' lang='lat' dir='ltr'><strong>sine</strong></span> 
     </span>
    </p>
   </div>
   <div class='ocr_carea' id='block_1_33' title="bbox 2105 1635 3683 1716">
    <p class='ocr_par' dir='ltr' id='par_1_33' title="bbox 2105 1637 3683 1716">
     <span class='ocr_line' id='line_1_33' title="bbox 2105 1637 3683 1716; baseline -0.004 -17"><span class='ocrx_word' id='word_1_227' title='bbox 2105 1645 2378 1716; x_wconf 79' lang='grc' dir='ltr'>περιττῶς</span> <span class='ocrx_word' id='word_1_228' title='bbox 2405 1639 2581 1709; x_wconf 77' lang='grc' dir='ltr'>εἶπεν,</span> <span class='ocrx_word' id='word_1_229' title='bbox 2611 1643 2750 1712; x_wconf 79' lang='grc' dir='ltr'>ὅπερ</span> <span class='ocrx_word' id='word_1_230' title='bbox 2775 1641 3016 1703; x_wconf 74' lang='grc' dir='ltr'>ἅπαντες</span> <span class='ocrx_word' id='word_1_231' title='bbox 3047 1640 3219 1693; x_wconf 73' lang='grc' dir='ltr'>ἴσασι.</span> <span class='ocrx_word' id='word_1_232' title='bbox 3266 1638 3376 1691; x_wconf 69' lang='grc' dir='ltr'><strong>Καὶ</strong></span> <span class='ocrx_word' id='word_1_233' title='bbox 3402 1637 3498 1690; x_wconf 81' lang='grc' dir='ltr'>τὸν</span> <span class='ocrx_word' id='word_1_234' title='bbox 3523 1638 3683 1692; x_wconf 86' lang='grc' dir='ltr'>τόκον</span> 
     </span>
    </p>
   </div>
   <div class='ocr_carea' id='block_1_34' title="bbox 349 1723 1999 1807">
    <p class='ocr_par' dir='ltr' id='par_1_34' title="bbox 349 1723 1997 1798">
     <span class='ocr_line' id='line_1_34' title="bbox 349 1723 1997 1798; baseline 0.006 -17"><span class='ocrx_word' id='word_1_235' title='bbox 349 1723 359 1728; x_wconf 82' lang='grc'><strong><em>’</em></strong></span> <span class='ocrx_word' id='word_1_236' title='bbox 425 1741 594 1782; x_wconf 86' lang='lat' dir='ltr'><strong>causa</strong></span> <span class='ocrx_word' id='word_1_237' title='bbox 652 1741 716 1780; x_wconf 90' lang='lat' dir='ltr'><strong>ea</strong></span> <span class='ocrx_word' id='word_1_238' title='bbox 769 1725 1112 1797; x_wconf 89' lang='lat' dir='ltr'><strong>protulisset,</strong></span> <span class='ocrx_word' id='word_1_239' title='bbox 1163 1742 1288 1798; x_wconf 62' lang='lat' dir='ltr'><strong>quae</strong></span> <span class='ocrx_word' id='word_1_240' title='bbox 1333 1741 1527 1784; x_wconf 87' lang='lat' dir='ltr'><strong>omnes</strong></span> <span class='ocrx_word' id='word_1_241' title='bbox 1581 1741 1808 1788; x_wconf 87' lang='lat' dir='ltr'><strong>norunt.</strong></span> <span class='ocrx_word' id='word_1_242' title='bbox 1859 1733 1997 1790; x_wconf 84' lang='lat' dir='ltr'><strong>Cum</strong></span> 
     </span>
    </p>
   </div>
   <div class='ocr_carea' id='block_1_35' title="bbox 2105 1723 3781 1807">
    <p class='ocr_par' dir='ltr' id='par_1_35' title="bbox 2108 1729 3781 1807">
     <span class='ocr_line' id='line_1_35' title="bbox 2108 1729 3781 1807; baseline -0.006 -16"><span class='ocrx_word' id='word_1_243' title='bbox 2108 1737 2218 1806; x_wconf 79' lang='grc' dir='ltr'>γὰρ</span> <span class='ocrx_word' id='word_1_244' title='bbox 2277 1734 2371 1790; x_wconf 78' lang='grc' dir='ltr'>καὶ</span> <span class='ocrx_word' id='word_1_245' title='bbox 2429 1734 2660 1789; x_wconf 74' lang='grc' dir='ltr'>θάνατον</span> <span class='ocrx_word' id='word_1_246' title='bbox 2709 1732 2884 1796; x_wconf 68' lang='grc' dir='ltr'>οὐδεὶς</span> <span class='ocrx_word' id='word_1_247' title='bbox 2929 1731 3115 1800; x_wconf 81' lang='grc' dir='ltr'>ἀγνοεῖ</span> <span class='ocrx_word' id='word_1_248' title='bbox 3155 1729 3264 1782; x_wconf 92' lang='grc' dir='ltr'><strong>τῶν</strong></span> <span class='ocrx_word' id='word_1_249' title='bbox 3300 1729 3686 1800; x_wconf 81' lang='grc' dir='ltr'>μετασχόντων</span> <span class='ocrx_word' id='word_1_250' title='bbox 3759 1785 3781 1807; x_wconf 48' lang='grc' dir='ltr'><strong>ο</strong></span> 
     </span>
    </p>
   </div>
   <div class='ocr_carea' id='block_1_36' title="bbox 423 1817 2002 1888">
    <p class='ocr_par' dir='ltr' id='par_1_36' title="bbox 423 1817 2002 1888">
     <span class='ocr_line' id='line_1_36' title="bbox 423 1817 2002 1888; baseline 0.007 -16"><span class='ocrx_word' id='word_1_251' title='bbox 423 1833 554 1873; x_wconf 88' lang='lat' dir='ltr'><strong>vero</strong></span> <span class='ocrx_word' id='word_1_252' title='bbox 589 1826 647 1873; x_wconf 84' lang='lat' dir='ltr'><strong>et</strong></span> <span class='ocrx_word' id='word_1_253' title='bbox 691 1817 876 1888; x_wconf 91' lang='lat' dir='ltr'><strong>partui</strong></span> <span class='ocrx_word' id='word_1_254' title='bbox 917 1826 973 1873; x_wconf 90' lang='lat' dir='ltr'><strong>et</strong></span> <span class='ocrx_word' id='word_1_255' title='bbox 1005 1820 1170 1873; x_wconf 89' lang='lat' dir='ltr'><strong>morti</strong></span> <span class='ocrx_word' id='word_1_256' title='bbox 1211 1833 1370 1875; x_wconf 88' lang='lat' dir='ltr'><strong>suam</strong></span> <span class='ocrx_word' id='word_1_257' title='bbox 1411 1835 1534 1877; x_wconf 88' lang='lat' dir='ltr'><strong>esse</strong></span> <span class='ocrx_word' id='word_1_258' title='bbox 1560 1821 1754 1878; x_wconf 85' lang='lat' dir='ltr'><strong>horam</strong></span> <span class='ocrx_word' id='word_1_259' title='bbox 1796 1827 2002 1882; x_wconf 83' lang='lat' dir='ltr'><strong>consti-</strong></span> 
     </span>
    </p>
   </div>
   <div class='ocr_carea' id='block_1_37' title="bbox 421 1909 1996 1988">
    <p class='ocr_par' dir='ltr' id='par_1_37' title="bbox 421 1909 1996 1988">
     <span class='ocr_line' id='line_1_37' title="bbox 421 1909 1996 1988; baseline 0.005 -21"><span class='ocrx_word' id='word_1_260' title='bbox 421 1919 592 1967; x_wconf 80' lang='lat' dir='ltr'><strong>tutam</strong></span> <span class='ocrx_word' id='word_1_261' title='bbox 625 1925 790 1967; x_wconf 92' lang='lat' dir='ltr'><strong>nemo</strong></span> <span class='ocrx_word' id='word_1_262' title='bbox 834 1909 1140 1967; x_wconf 82' lang='lat' dir='ltr'><strong>viventium</strong></span> <span class='ocrx_word' id='word_1_263' title='bbox 1177 1911 1414 1983; x_wconf 81' lang='lat' dir='ltr'><strong>ignoret,</strong></span> <span class='ocrx_word' id='word_1_264' title='bbox 1458 1913 1528 1969; x_wconf 88' lang='lat' dir='ltr'><strong>ad</strong></span> <span class='ocrx_word' id='word_1_265' title='bbox 1557 1914 1996 1988; x_wconf 87' lang='lat' dir='ltr'><strong>objurgationem</strong></span> 
     </span>
    </p>
   </div>
   <div class='ocr_carea' id='block_1_38' title="bbox 418 2002 2000 2074">
    <p class='ocr_par' dir='ltr' id='par_1_38' title="bbox 418 2002 2000 2074">
     <span class='ocr_line' id='line_1_38' title="bbox 418 2002 2000 2074; baseline 0.008 -17"><span class='ocrx_word' id='word_1_266' title='bbox 418 2018 650 2071; x_wconf 88' lang='lat' dir='ltr'><strong>eorum,</strong></span> <span class='ocrx_word' id='word_1_267' title='bbox 701 2002 797 2073; x_wconf 86' lang='lat' dir='ltr'><strong>qui</strong></span> <span class='ocrx_word' id='word_1_268' title='bbox 851 2017 1072 2074; x_wconf 86' lang='lat' dir='ltr'><strong>semper</strong></span> <span class='ocrx_word' id='word_1_269' title='bbox 1123 2002 1181 2058; x_wconf 93' lang='lat' dir='ltr'><strong>in</strong></span> <span class='ocrx_word' id='word_1_270' title='bbox 1238 2003 1450 2074; x_wconf 85' lang='lat' dir='ltr'><strong>peccati</strong></span> <span class='ocrx_word' id='word_1_271' title='bbox 1497 2007 1758 2066; x_wconf 82' lang='lat' dir='ltr'><strong>sordibus</strong></span> <span class='ocrx_word' id='word_1_272' title='bbox 1801 2009 2000 2069; x_wconf 88' lang='lat' dir='ltr'><strong>misere</strong></span> 
     </span>
    </p>
   </div>
   <div class='ocr_carea' id='block_1_39' title="bbox 419 2094 1556 2170">
    <p class='ocr_par' dir='ltr' id='par_1_39' title="bbox 419 2094 1556 2170">
     <span class='ocr_line' id='line_1_39' title="bbox 419 2094 1556 2170; baseline 0.004 -23"><span class='ocrx_word' id='word_1_273' title='bbox 419 2103 732 2159; x_wconf 86' lang='lat' dir='ltr'><strong>versantur,</strong></span> <span class='ocrx_word' id='word_1_274' title='bbox 774 2094 1050 2165; x_wconf 86' lang='lat' dir='ltr'><strong>ejusmodi</strong></span> <span class='ocrx_word' id='word_1_275' title='bbox 1085 2095 1250 2170; x_wconf 71' lang='lat' dir='ltr'><strong>dictis</strong></span> <span class='ocrx_word' id='word_1_276' title='bbox 1276 2112 1413 2154; x_wconf 91' lang='lat' dir='ltr'><strong>usus</strong></span> <span class='ocrx_word' id='word_1_277' title='bbox 1449 2105 1556 2154; x_wconf 89' lang='lat' dir='ltr'><strong>est.</strong></span> 
     </span>
    </p>
   </div>
   <div class='ocr_carea' id='block_1_40' title="bbox 490 2185 1997 2256">
    <p class='ocr_par' dir='ltr' id='par_1_40' title="bbox 490 2185 1997 2256">
     <span class='ocr_line' id='line_1_40' title="bbox 490 2185 1997 2256; baseline 0.009 -17"><span class='ocrx_word' id='word_1_278' title='bbox 490 2185 816 2254; x_wconf 81' lang='lat' dir='ltr'><strong>Quanquam</strong></span> <span class='ocrx_word' id='word_1_279' title='bbox 860 2185 1164 2255; x_wconf 79' lang='lat' dir='ltr'><strong>elegantior</strong></span> <span class='ocrx_word' id='word_1_280' title='bbox 1210 2201 1403 2256; x_wconf 70' lang='lat' dir='ltr'><strong>eorum</strong></span> <span class='ocrx_word' id='word_1_281' title='bbox 1453 2189 1748 2247; x_wconf 86' lang='lat' dir='ltr'><strong>verborum</strong></span> <span class='ocrx_word' id='word_1_282' title='bbox 1799 2208 1997 2252; x_wconf 86' lang='lat' dir='ltr'><strong>sensus</strong></span> 
     </span>
    </p>
   </div>
   <div class='ocr_carea' id='block_1_41' title="bbox 419 2277 1996 2357">
    <p class='ocr_par' dir='ltr' id='par_1_41' title="bbox 419 2277 1996 2357">
     <span class='ocr_line' id='line_1_41' title="bbox 419 2277 1996 2357; baseline 0.007 -26"><span class='ocrx_word' id='word_1_283' title='bbox 419 2285 475 2332; x_wconf 90' lang='lat' dir='ltr'><strong>et</strong></span> <span class='ocrx_word' id='word_1_284' title='bbox 503 2277 734 2346; x_wconf 81' lang='lat' dir='ltr'><strong>mystice</strong></span> <span class='ocrx_word' id='word_1_285' title='bbox 761 2285 1016 2346; x_wconf 90' lang='lat' dir='ltr'><strong>sumptus</strong></span> <span class='ocrx_word' id='word_1_286' title='bbox 1038 2277 1162 2333; x_wconf 87' lang='lat' dir='ltr'><strong>talis</strong></span> <span class='ocrx_word' id='word_1_287' title='bbox 1189 2286 1307 2333; x_wconf 88' lang='lat' dir='ltr'><strong>est:</strong></span> <span class='ocrx_word' id='word_1_288' title='bbox 1341 2277 1761 2350; x_wconf 84' lang='lat' dir='ltr'><strong>Tempestivitas</strong></span> <span class='ocrx_word' id='word_1_289' title='bbox 1785 2294 1870 2340; x_wconf 87' lang='lat' dir='ltr'><strong>est</strong></span> <span class='ocrx_word' id='word_1_290' title='bbox 1896 2301 1996 2357; x_wconf 80' lang='lat' dir='ltr'><strong>sua</strong></span> 
     </span>
    </p>
   </div>
   <div class='ocr_carea' id='block_1_42' title="bbox 417 2367 1997 2438">
    <p class='ocr_par' dir='ltr' id='par_1_42' title="bbox 417 2367 1997 2438">
     <span class='ocr_line' id='line_1_42' title="bbox 417 2367 1997 2438; baseline 0.004 -15"><span class='ocrx_word' id='word_1_291' title='bbox 417 2367 604 2423; x_wconf 85' lang='lat' dir='ltr'><strong>timori</strong></span> <span class='ocrx_word' id='word_1_292' title='bbox 667 2367 784 2436; x_wconf 86' lang='lat' dir='ltr'><strong>Dei,</strong></span> <span class='ocrx_word' id='word_1_293' title='bbox 840 2375 1104 2438; x_wconf 88' lang='lat' dir='ltr'><strong>tanquam</strong></span> <span class='ocrx_word' id='word_1_294' title='bbox 1151 2367 1210 2422; x_wconf 85' lang='lat' dir='ltr'><strong>in</strong></span> <span class='ocrx_word' id='word_1_295' title='bbox 1271 2376 1450 2436; x_wconf 83' lang='lat' dir='ltr'><strong>utero,</strong></span> <span class='ocrx_word' id='word_1_296' title='bbox 1501 2369 1557 2424; x_wconf 90' lang='lat' dir='ltr'><strong>in</strong></span> <span class='ocrx_word' id='word_1_297' title='bbox 1591 2380 1773 2430; x_wconf 88' lang='lat' dir='ltr'><strong>mente</strong></span> <span class='ocrx_word' id='word_1_298' title='bbox 1809 2374 1997 2430; x_wconf 85' lang='lat' dir='ltr'><strong>conci-</strong></span> 
     </span>
    </p>
   </div>
   <div class='ocr_carea' id='block_1_43' title="bbox 399 2457 1997 2529">
    <p class='ocr_par' dir='ltr' id='par_1_43' title="bbox 399 2457 1997 2529">
     <span class='ocr_line' id='line_1_43' title="bbox 399 2457 1997 2529; baseline 0.004 -16"><span class='ocrx_word' id='word_1_299' title='bbox 399 2457 644 2529; x_wconf 46' lang='lat' dir='ltr'><strong>.piendo,</strong></span> <span class='ocrx_word' id='word_1_300' title='bbox 694 2457 1089 2529; x_wconf 87' lang='lat' dir='ltr'><strong>pariendisque</strong></span> <span class='ocrx_word' id='word_1_301' title='bbox 1130 2465 1282 2514; x_wconf 88' lang='lat' dir='ltr'><strong>recte</strong></span> <span class='ocrx_word' id='word_1_302' title='bbox 1319 2457 1484 2516; x_wconf 79' lang='lat' dir='ltr'><strong>factis</strong></span> <span class='ocrx_word' id='word_1_303' title='bbox 1526 2460 1768 2518; x_wconf 87' lang='lat' dir='ltr'><strong>divinam</strong></span> <span class='ocrx_word' id='word_1_304' title='bbox 1813 2465 1997 2520; x_wconf 85' lang='lat' dir='ltr'><strong>chari-</strong></span> 
     </span>
    </p>
   </div>
   <div class='ocr_carea' id='block_1_44' title="bbox 421 2548 1999 2626">
    <p class='ocr_par' dir='ltr' id='par_1_44' title="bbox 421 2548 1999 2626">
     <span class='ocr_line' id='line_1_44' title="bbox 421 2548 1999 2626; baseline 0.004 -20"><span class='ocrx_word' id='word_1_305' title='bbox 421 2557 588 2606; x_wconf 87' lang='lat' dir='ltr'><strong>tatem</strong></span> <span class='ocrx_word' id='word_1_306' title='bbox 611 2564 723 2619; x_wconf 85' lang='lat' dir='ltr'><strong>prae</strong></span> <span class='ocrx_word' id='word_1_307' title='bbox 737 2563 797 2606; x_wconf 88' lang='lat' dir='ltr'><strong>se</strong></span> <span class='ocrx_word' id='word_1_308' title='bbox 819 2548 1157 2606; x_wconf 78' lang='lat' dir='ltr'><strong>ferentibus:</strong></span> <span class='ocrx_word' id='word_1_309' title='bbox 1175 2549 1641 2620; x_wconf 84' lang='lat' dir='ltr'><strong>quemadmodum</strong></span> <span class='ocrx_word' id='word_1_310' title='bbox 1677 2552 1848 2611; x_wconf 88' lang='lat' dir='ltr'><strong>lsaias</strong></span> <span class='ocrx_word' id='word_1_311' title='bbox 1873 2569 1999 2626; x_wconf 89' lang='lat' dir='ltr'><strong>pro-</strong></span> 
     </span>
    </p>
   </div>
   <div class='ocr_carea' id='block_1_45' title="bbox 395 2636 1996 2716">
    <p class='ocr_par' dir='ltr' id='par_1_45' title="bbox 395 2636 1996 2716">
     <span class='ocr_line' id='line_1_45' title="bbox 395 2636 1996 2716; baseline 0.005 -23"><span class='ocrx_word' id='word_1_312' title='bbox 395 2638 582 2710; x_wconf 60' lang='lat' dir='ltr'><strong>pheta</strong></span> <span class='ocrx_word' id='word_1_313' title='bbox 611 2637 752 2694; x_wconf 74' lang='lat' dir='ltr'><strong>dixit</strong></span> <span class='ocrx_word' id='word_1_314' title='bbox 788 2655 804 2694; x_wconf 92' lang='lat'><strong>:</strong></span> <span class='ocrx_word' id='word_1_315' title='bbox 851 2655 873 2692; x_wconf 81' lang='grc' dir='ltr'><strong>ι</strong></span> <span class='ocrx_word' id='word_1_316' title='bbox 909 2636 1052 2704; x_wconf 85' lang='lat' dir='ltr'><strong>Quia</strong></span> <span class='ocrx_word' id='word_1_317' title='bbox 1095 2637 1152 2693; x_wconf 95' lang='lat' dir='ltr'><strong>in</strong></span> <span class='ocrx_word' id='word_1_318' title='bbox 1193 2645 1353 2695; x_wconf 89' lang='lat' dir='ltr'><strong>utero</strong></span> <span class='ocrx_word' id='word_1_319' title='bbox 1390 2641 1747 2712; x_wconf 89' lang='lat' dir='ltr'><strong>concepimus</strong></span> <span class='ocrx_word' id='word_1_320' title='bbox 1779 2640 1836 2700; x_wconf 78' lang='lat' dir='ltr'><strong>et</strong></span> <span class='ocrx_word' id='word_1_321' title='bbox 1866 2660 1996 2716; x_wconf 90' lang='lat' dir='ltr'><strong>par-</strong></span> 
     </span>
    </p>
   </div>
   <div class='ocr_carea' id='block_1_46' title="bbox 389 2728 1994 2806">
    <p class='ocr_par' dir='ltr' id='par_1_46' title="bbox 389 2728 1994 2806">
     <span class='ocr_line' id='line_1_46' title="bbox 389 2728 1994 2806; baseline 0.006 -21"><span class='ocrx_word' id='word_1_322' title='bbox 389 2795 394 2802; x_wconf 29' lang='lat'><strong><em>.</em></strong></span> <span class='ocrx_word' id='word_1_323' title='bbox 419 2729 720 2786; x_wconf 84' lang='lat' dir='ltr'><strong>turivimus</strong></span> <span class='ocrx_word' id='word_1_324' title='bbox 750 2737 916 2802; x_wconf 88' lang='lat' dir='ltr'><strong>atque</strong></span> <span class='ocrx_word' id='word_1_325' title='bbox 959 2728 1252 2800; x_wconf 90' lang='lat' dir='ltr'><strong>genuimus</strong></span> <span class='ocrx_word' id='word_1_326' title='bbox 1280 2730 1536 2802; x_wconf 88' lang='lat' dir='ltr'><strong>spiritum</strong></span> <span class='ocrx_word' id='word_1_327' title='bbox 1583 2733 1802 2802; x_wconf 88' lang='lat' dir='ltr'><strong>salutis,</strong></span> <span class='ocrx_word' id='word_1_328' title='bbox 1830 2751 1994 2806; x_wconf 89' lang='lat' dir='ltr'><strong>quem</strong></span> 
     </span>
    </p>
   </div>
   <div class='ocr_carea' id='block_1_47' title="bbox 401 2823 1994 2899">
    <p class='ocr_par' dir='ltr' id='par_1_47' title="bbox 401 2823 1994 2899">
     <span class='ocr_line' id='line_1_47' title="bbox 401 2823 1994 2899; baseline 0.001 -16"><span class='ocrx_word' id='word_1_329' title='bbox 401 2826 758 2899; x_wconf 82' lang='lat' dir='ltr'><strong>gestavimus</strong></span> <span class='ocrx_word' id='word_1_330' title='bbox 803 2839 972 2895; x_wconf 87' lang='lat' dir='ltr'><strong>super</strong></span> <span class='ocrx_word' id='word_1_331' title='bbox 1012 2831 1216 2880; x_wconf 83' lang='lat' dir='ltr'><strong>terram</strong></span> <span class='ocrx_word' id='word_1_332' title='bbox 1239 2823 1394 2899; x_wconf 79' lang='lat' dir='ltr'><strong>(tl);</strong></span> <span class='ocrx_word' id='word_1_333' title='bbox 1429 2843 1450 2880; x_wconf 73' lang='grc' dir='ltr'><strong>ι</strong></span> <span class='ocrx_word' id='word_1_334' title='bbox 1488 2841 1554 2883; x_wconf 88' lang='lat' dir='ltr'><strong>ac</strong></span> <span class='ocrx_word' id='word_1_335' title='bbox 1585 2827 1818 2884; x_wconf 86' lang='lat' dir='ltr'><strong>subinde</strong></span> <span class='ocrx_word' id='word_1_336' title='bbox 1870 2845 1994 2886; x_wconf 87' lang='lat' dir='ltr'><strong>cor-</strong></span> 
     </span>
    </p>
   </div>
   <div class='ocr_carea' id='block_1_48' title="bbox 387 2903 1995 2989">
    <p class='ocr_par' dir='ltr' id='par_1_48' title="bbox 387 2903 1995 2989">
     <span class='ocr_line' id='line_1_48' title="bbox 387 2903 1995 2989; baseline 0.002 -17"><span class='ocrx_word' id='word_1_337' title='bbox 387 2903 574 2989; x_wconf 83' lang='lat' dir='ltr'><strong>poris</strong></span> <span class='ocrx_word' id='word_1_338' title='bbox 627 2917 968 2989; x_wconf 86' lang='lat' dir='ltr'><strong>protervitati</strong></span> <span class='ocrx_word' id='word_1_339' title='bbox 1015 2923 1322 2989; x_wconf 86' lang='lat' dir='ltr'><strong>opportune</strong></span> <span class='ocrx_word' id='word_1_340' title='bbox 1369 2917 1768 2986; x_wconf 67' lang='lat' dir='ltr'><strong>interimenda,</strong></span> <span class='ocrx_word' id='word_1_341' title='bbox 1818 2935 1995 2976; x_wconf 82' lang='lat' dir='ltr'><strong>mem-</strong></span> 
     </span>
    </p>
   </div>
   <div class='ocr_carea' id='block_1_49' title="bbox 385 3009 1994 3082">
    <p class='ocr_par' dir='ltr' id='par_1_49' title="bbox 385 3009 1994 3082">
     <span class='ocr_line' id='line_1_49' title="bbox 385 3009 1994 3082; baseline 0.001 -15"><span class='ocrx_word' id='word_1_342' title='bbox 385 3009 782 3082; x_wconf 52' lang='lat' dir='ltr'><strong>Jrisqnehis,</strong></span> <span class='ocrx_word' id='word_1_343' title='bbox 822 3009 1026 3080; x_wconf 84' lang='lat' dir='ltr'><strong>quibus</strong></span> <span class='ocrx_word' id='word_1_344' title='bbox 1061 3009 1388 3080; x_wconf 88' lang='lat' dir='ltr'><strong>premimur,</strong></span> <span class='ocrx_word' id='word_1_345' title='bbox 1428 3010 1840 3080; x_wconf 88' lang='lat' dir='ltr'><strong>perdomandis.</strong></span> <span class='ocrx_word' id='word_1_346' title='bbox 1883 3013 1994 3068; x_wconf 89' lang='lat' dir='ltr'><strong>Sua</strong></span> 
     </span>
    </p>
   </div>
   <div class='ocr_carea' id='block_1_50' title="bbox 418 3086 1994 3173">
    <p class='ocr_par' dir='ltr' id='par_1_50' title="bbox 418 3086 1994 3173">
     <span class='ocr_line' id='line_1_50' title="bbox 418 3086 1994 3173; baseline 0.003 -17"><span class='ocrx_word' id='word_1_347' title='bbox 418 3104 552 3159; x_wconf 83' lang='lat' dir='ltr'><strong>item</strong></span> <span class='ocrx_word' id='word_1_348' title='bbox 571 3086 971 3172; x_wconf 51' lang='lat' dir='ltr'><strong>&#39;opportunitas</strong></span> <span class='ocrx_word' id='word_1_349' title='bbox 999 3109 1106 3168; x_wconf 89' lang='lat' dir='ltr'><strong>est,</strong></span> <span class='ocrx_word' id='word_1_350' title='bbox 1145 3109 1209 3156; x_wconf 90' lang='lat' dir='ltr'><strong>ut</strong></span> <span class='ocrx_word' id='word_1_351' title='bbox 1241 3101 1557 3173; x_wconf 82' lang='lat' dir='ltr'><strong>quicunque</strong></span> <span class='ocrx_word' id='word_1_352' title='bbox 1585 3103 1716 3158; x_wconf 89' lang='lat' dir='ltr'><strong>recti</strong></span> <span class='ocrx_word' id='word_1_353' title='bbox 1749 3103 1994 3160; x_wconf 83' lang='lat' dir='ltr'><strong>honesti-</strong></span> 
     </span>
    </p>
   </div>
   <div class='ocr_carea' id='block_1_51' title="bbox 417 3192 1996 3267">
    <p class='ocr_par' dir='ltr' id='par_1_51' title="bbox 417 3192 1996 3267">
     <span class='ocr_line' id='line_1_51' title="bbox 417 3192 1996 3267; baseline 0 -16"><span class='ocrx_word' id='word_1_354' title='bbox 417 3209 528 3267; x_wconf 85' lang='lat' dir='ltr'><strong>que</strong></span> <span class='ocrx_word' id='word_1_355' title='bbox 558 3193 743 3252; x_wconf 81' lang='lat' dir='ltr'><strong>studio</strong></span> <span class='ocrx_word' id='word_1_356' title='bbox 767 3201 1008 3260; x_wconf 90' lang='lat' dir='ltr'><strong>tenetur,</strong></span> <span class='ocrx_word' id='word_1_357' title='bbox 1038 3192 1198 3264; x_wconf 88' lang='lat' dir='ltr'><strong>quasi</strong></span> <span class='ocrx_word' id='word_1_358' title='bbox 1239 3193 1294 3248; x_wconf 92' lang='lat' dir='ltr'><strong>in</strong></span> <span class='ocrx_word' id='word_1_359' title='bbox 1325 3203 1501 3264; x_wconf 88' lang='lat' dir='ltr'><strong>prato,</strong></span> <span class='ocrx_word' id='word_1_360' title='bbox 1531 3204 1685 3254; x_wconf 80' lang='lat' dir='ltr'><strong>serat</strong></span> <span class='ocrx_word' id='word_1_361' title='bbox 1719 3195 1773 3250; x_wconf 92' lang='lat' dir='ltr'><strong>in</strong></span> <span class='ocrx_word' id='word_1_362' title='bbox 1809 3195 1996 3252; x_wconf 85' lang='lat' dir='ltr'><strong>animo</strong></span> 
     </span>
    </p>
   </div>
   <div class='ocr_carea' id='block_1_52' title="bbox 419 3283 1996 3360">
    <p class='ocr_par' dir='ltr' id='par_1_52' title="bbox 419 3283 1996 3360">
     <span class='ocr_line' id='line_1_52' title="bbox 419 3283 1996 3360; baseline 0.001 -17"><span class='ocrx_word' id='word_1_363' title='bbox 419 3301 522 3344; x_wconf 93' lang='lat' dir='ltr'><strong>suo</strong></span> <span class='ocrx_word' id='word_1_364' title='bbox 558 3286 870 3357; x_wconf 85' lang='lat' dir='ltr'><strong>plantarum</strong></span> <span class='ocrx_word' id='word_1_365' title='bbox 901 3283 1080 3339; x_wconf 86' lang='lat' dir='ltr'><strong>instar</strong></span> <span class='ocrx_word' id='word_1_366' title='bbox 1109 3283 1402 3360; x_wconf 71' lang='lat' dir='ltr'><strong>praeclaras</strong></span> <span class='ocrx_word' id='word_1_367' title='bbox 1430 3298 1680 3355; x_wconf 85' lang='lat' dir='ltr'><strong>quasque</strong></span> <span class='ocrx_word' id='word_1_368' title='bbox 1707 3294 1762 3342; x_wconf 89' lang='lat' dir='ltr'><strong>et</strong></span> <span class='ocrx_word' id='word_1_369' title='bbox 1789 3285 1996 3344; x_wconf 86' lang='lat' dir='ltr'><strong>virtute</strong></span> 
     </span>
    </p>
   </div>
   <div class='ocr_carea' id='block_1_53' title="bbox 419 3375 1996 3448">
    <p class='ocr_par' dir='ltr' id='par_1_53' title="bbox 419 3375 1996 3448">
     <span class='ocr_line' id='line_1_53' title="bbox 419 3375 1996 3448; baseline 0.003 -18"><span class='ocrx_word' id='word_1_370' title='bbox 419 3386 746 3448; x_wconf 60' lang='lat' dir='ltr'><strong>praestantes</strong></span> <span class='ocrx_word' id='word_1_371' title='bbox 793 3378 1100 3432; x_wconf 77' lang='lat' dir='ltr'><strong>actiones:</strong></span> <span class='ocrx_word' id='word_1_372' title='bbox 1129 3383 1184 3430; x_wconf 82' lang='lat' dir='ltr'><strong>et</strong></span> <span class='ocrx_word' id='word_1_373' title='bbox 1232 3389 1334 3430; x_wconf 87' lang='lat' dir='ltr'><strong>sua</strong></span> <span class='ocrx_word' id='word_1_374' title='bbox 1384 3375 1519 3431; x_wconf 87' lang='lat' dir='ltr'><strong>item</strong></span> <span class='ocrx_word' id='word_1_375' title='bbox 1571 3377 1996 3446; x_wconf 84' lang='lat' dir='ltr'><strong>tempestivitate</strong></span> 
     </span>
    </p>
   </div>
   <div class='ocr_carea' id='block_1_54' title="bbox 389 3465 1996 3538">
    <p class='ocr_par' dir='ltr' id='par_1_54' title="bbox 389 3465 1996 3538">
     <span class='ocr_line' id='line_1_54' title="bbox 389 3465 1996 3538; baseline 0.001 -16"><span class='ocrx_word' id='word_1_376' title='bbox 389 3501 394 3506; x_wconf 96' lang='lat'><strong><em>-</em></strong></span> <span class='ocrx_word' id='word_1_377' title='bbox 419 3476 850 3523; x_wconf 86' lang='lat' dir='ltr'><strong>eonscntaneam</strong></span> <span class='ocrx_word' id='word_1_378' title='bbox 879 3466 966 3521; x_wconf 86' lang='lat' dir='ltr'><strong>bis</strong></span> <span class='ocrx_word' id='word_1_379' title='bbox 992 3465 1233 3536; x_wconf 86' lang='lat' dir='ltr'><strong>quietem</strong></span> <span class='ocrx_word' id='word_1_380' title='bbox 1265 3465 1528 3537; x_wconf 75' lang='lat' dir='ltr'><strong>assignat,</strong></span> <span class='ocrx_word' id='word_1_381' title='bbox 1561 3480 1864 3538; x_wconf 86' lang='lat' dir='ltr'><strong>earumque</strong></span> <span class='ocrx_word' id='word_1_382' title='bbox 1887 3468 1996 3524; x_wconf 87' lang='lat' dir='ltr'><strong>vim</strong></span> 
     </span>
    </p>
   </div>
   <div class='ocr_carea' id='block_1_55' title="bbox 419 3557 1997 3630">
    <p class='ocr_par' dir='ltr' id='par_1_55' title="bbox 419 3557 1997 3630">
     <span class='ocr_line' id='line_1_55' title="bbox 419 3557 1997 3630; baseline -0.001 -12"><span class='ocrx_word' id='word_1_383' title='bbox 419 3571 476 3618; x_wconf 86' lang='lat' dir='ltr'><strong>ct</strong></span> <span class='ocrx_word' id='word_1_384' title='bbox 518 3571 780 3616; x_wconf 88' lang='lat' dir='ltr'><strong>conatum</strong></span> <span class='ocrx_word' id='word_1_385' title='bbox 825 3557 1220 3615; x_wconf 84' lang='lat' dir='ltr'><strong>convenienter</strong></span> <span class='ocrx_word' id='word_1_386' title='bbox 1266 3557 1580 3624; x_wconf 89' lang='lat' dir='ltr'><strong>imminuat,</strong></span> <span class='ocrx_word' id='word_1_387' title='bbox 1619 3559 1780 3630; x_wconf 90' lang='lat' dir='ltr'><strong>quasi</strong></span> <span class='ocrx_word' id='word_1_388' title='bbox 1825 3561 1997 3616; x_wconf 90' lang='lat' dir='ltr'><strong>otium</strong></span> 
     </span>
    </p>
   </div>
   <div class='ocr_carea' id='block_1_56' title="bbox 387 3651 2000 3722">
    <p class='ocr_par' dir='ltr' id='par_1_56' title="bbox 387 3651 2000 3722">
     <span class='ocr_line' id='line_1_56' title="bbox 387 3651 2000 3722; baseline -0.001 -12"><span class='ocrx_word' id='word_1_389' title='bbox 387 3663 633 3718; x_wconf 64' lang='lat' dir='ltr'><strong>.natura:</strong></span> <span class='ocrx_word' id='word_1_390' title='bbox 677 3651 992 3722; x_wconf 88' lang='lat' dir='ltr'><strong>impertitus</strong></span> <span class='ocrx_word' id='word_1_391' title='bbox 1019 3668 1034 3706; x_wconf 90' lang='lat'><strong>:</strong></span> <span class='ocrx_word' id='word_1_392' title='bbox 1065 3665 1191 3707; x_wconf 89' lang='lat' dir='ltr'><strong>cum</strong></span> <span class='ocrx_word' id='word_1_393' title='bbox 1239 3665 1400 3707; x_wconf 88' lang='lat' dir='ltr'><strong>secus</strong></span> <span class='ocrx_word' id='word_1_394' title='bbox 1447 3651 1492 3706; x_wconf 87' lang='lat' dir='ltr'><strong>si</strong></span> <span class='ocrx_word' id='word_1_395' title='bbox 1547 3653 1662 3717; x_wconf 87' lang='lat' dir='ltr'><strong>tiat,</strong></span> <span class='ocrx_word' id='word_1_396' title='bbox 1703 3652 1761 3707; x_wconf 91' lang='lat' dir='ltr'><strong>in</strong></span> <span class='ocrx_word' id='word_1_397' title='bbox 1801 3653 2000 3710; x_wconf 86' lang='lat' dir='ltr'><strong>volun-</strong></span> 
     </span>
    </p>
   </div>
   <div class='ocr_carea' id='block_1_57' title="bbox 421 3742 1996 3816">
    <p class='ocr_par' dir='ltr' id='par_1_57' title="bbox 421 3742 1996 3816">
     <span class='ocr_line' id='line_1_57' title="bbox 421 3742 1996 3816; baseline 0 -14"><span class='ocrx_word' id='word_1_398' title='bbox 421 3747 564 3802; x_wconf 87' lang='lat' dir='ltr'><strong>taria</strong></span> <span class='ocrx_word' id='word_1_399' title='bbox 617 3745 736 3815; x_wconf 88' lang='lat' dir='ltr'><strong>ipsa</strong></span> <span class='ocrx_word' id='word_1_400' title='bbox 795 3743 924 3798; x_wconf 91' lang='lat' dir='ltr'><strong>honi</strong></span> <span class='ocrx_word' id='word_1_401' title='bbox 985 3742 1324 3816; x_wconf 83' lang='lat' dir='ltr'><strong>appetitione</strong></span> <span class='ocrx_word' id='word_1_402' title='bbox 1375 3743 1634 3800; x_wconf 75' lang='lat' dir='ltr'><strong>humanae</strong></span> <span class='ocrx_word' id='word_1_403' title='bbox 1689 3745 1836 3802; x_wconf 85' lang='lat' dir='ltr'><strong>vires</strong></span> <span class='ocrx_word' id='word_1_404' title='bbox 1903 3746 1996 3802; x_wconf 93' lang='lat' dir='ltr'><strong>diu</strong></span> 
     </span>
    </p>
   </div>
   <div class='ocr_carea' id='block_1_58' title="bbox 421 3835 1998 3907">
    <p class='ocr_par' dir='ltr' id='par_1_58' title="bbox 421 3835 1998 3907">
     <span class='ocr_line' id='line_1_58' title="bbox 421 3835 1998 3907; baseline 0 -13"><span class='ocrx_word' id='word_1_405' title='bbox 421 3835 771 3894; x_wconf 80' lang='lat' dir='ltr'><strong>contentioni</strong></span> <span class='ocrx_word' id='word_1_406' title='bbox 807 3849 968 3906; x_wconf 87' lang='lat' dir='ltr'><strong>pares</strong></span> <span class='ocrx_word' id='word_1_407' title='bbox 997 3849 1122 3892; x_wconf 85' lang='lat' dir='ltr'><strong>esse</strong></span> <span class='ocrx_word' id='word_1_408' title='bbox 1161 3849 1270 3890; x_wconf 90' lang='lat' dir='ltr'><strong>non</strong></span> <span class='ocrx_word' id='word_1_409' title='bbox 1316 3835 1550 3905; x_wconf 89' lang='lat' dir='ltr'><strong>possint.</strong></span> <span class='ocrx_word' id='word_1_410' title='bbox 1595 3835 1676 3892; x_wconf 90' lang='lat' dir='ltr'><strong>lta</strong></span> <span class='ocrx_word' id='word_1_411' title='bbox 1704 3851 1808 3893; x_wconf 91' lang='lat' dir='ltr'><strong>nos</strong></span> <span class='ocrx_word' id='word_1_412' title='bbox 1846 3835 1998 3907; x_wconf 84' lang='lat' dir='ltr'><strong>ejus-</strong></span> 
     </span>
    </p>
   </div>
   <div class='ocr_carea' id='block_1_59' title="bbox 416 3926 1996 3993">
    <p class='ocr_par' dir='ltr' id='par_1_59' title="bbox 416 3926 1996 3993">
     <span class='ocr_line' id='line_1_59' title="bbox 416 3926 1996 3993; baseline -0.002 -8"><span class='ocrx_word' id='word_1_413' title='bbox 416 3927 569 3985; x_wconf 86' lang='lat' dir='ltr'><strong>modi</strong></span> <span class='ocrx_word' id='word_1_414' title='bbox 599 3926 762 3984; x_wconf 81' lang='lat' dir='ltr'><strong>eﬂ&#39;ata</strong></span> <span class='ocrx_word' id='word_1_415' title='bbox 781 3926 1186 3983; x_wconf 85' lang='lat' dir='ltr'><strong>consideranda</strong></span> <span class='ocrx_word' id='word_1_416' title='bbox 1207 3927 1551 3993; x_wconf 86' lang='lat' dir='ltr'><strong>censuimus,</strong></span> <span class='ocrx_word' id='word_1_417' title='bbox 1571 3936 1632 3982; x_wconf 90' lang='lat' dir='ltr'><strong>ut</strong></span> <span class='ocrx_word' id='word_1_418' title='bbox 1654 3935 1709 3981; x_wconf 91' lang='lat' dir='ltr'><strong>et</strong></span> <span class='ocrx_word' id='word_1_419' title='bbox 1727 3927 1996 3983; x_wconf 87' lang='lat' dir='ltr'><strong>naturalis</strong></span> 
     </span>
    </p>
   </div>
   <div class='ocr_carea' id='block_1_60' title="bbox 417 4015 1995 4089">
    <p class='ocr_par' dir='ltr' id='par_1_60' title="bbox 417 4015 1995 4089">
     <span class='ocr_line' id='line_1_60' title="bbox 417 4015 1995 4089; baseline -0.001 -15"><span class='ocrx_word' id='word_1_420' title='bbox 417 4019 554 4074; x_wconf 77' lang='lat' dir='ltr'><strong>ordo</strong></span> <span class='ocrx_word' id='word_1_421' title='bbox 582 4026 642 4074; x_wconf 89' lang='lat' dir='ltr'><strong>et</strong></span> <span class='ocrx_word' id='word_1_422' title='bbox 677 4017 908 4089; x_wconf 81' lang='lat' dir='ltr'><strong>mystica</strong></span> <span class='ocrx_word' id='word_1_423' title='bbox 961 4018 1106 4072; x_wconf 86' lang='lat' dir='ltr'><strong>ratio</strong></span> <span class='ocrx_word' id='word_1_424' title='bbox 1154 4015 1384 4072; x_wconf 80' lang='lat' dir='ltr'><strong>ferebat.</strong></span> <span class='ocrx_word' id='word_1_425' title='bbox 1434 4015 1618 4082; x_wconf 82' lang='lat' dir='ltr'><strong>Quam</strong></span> <span class='ocrx_word' id='word_1_426' title='bbox 1667 4015 1995 4086; x_wconf 78' lang='lat' dir='ltr'><strong>interpreta-</strong></span> 
     </span>
    </p>
   </div>
   <div class='ocr_carea' id='block_1_61' title="bbox 419 4098 1998 4182">
    <p class='ocr_par' dir='ltr' id='par_1_61' title="bbox 419 4098 1998 4182">
     <span class='ocr_line' id='line_1_61' title="bbox 419 4098 1998 4182; baseline -0.001 -16"><span class='ocrx_word' id='word_1_427' title='bbox 419 4111 626 4167; x_wconf 86' lang='lat' dir='ltr'><strong>tionem</strong></span> <span class='ocrx_word' id='word_1_428' title='bbox 660 4127 726 4167; x_wconf 89' lang='lat' dir='ltr'><strong>ea</strong></span> <span class='ocrx_word' id='word_1_429' title='bbox 757 4124 981 4182; x_wconf 88' lang='lat' dir='ltr'><strong>quoque</strong></span> <span class='ocrx_word' id='word_1_430' title='bbox 1017 4098 1304 4179; x_wconf 79' lang='lat' dir='ltr'><strong>adjuvant,</strong></span> <span class='ocrx_word' id='word_1_431' title='bbox 1353 4124 1475 4180; x_wconf 78' lang='lat' dir='ltr'><strong>quae</strong></span> <span class='ocrx_word' id='word_1_432' title='bbox 1512 4117 1862 4181; x_wconf 86' lang='lat' dir='ltr'><strong>sequuntur;</strong></span> <span class='ocrx_word' id='word_1_433' title='bbox 1901 4109 1998 4164; x_wconf 82' lang='lat' dir='ltr'><strong>ad-</strong></span> 
     </span>
    </p>
   </div>
   <div class='ocr_carea' id='block_1_62' title="bbox 417 4201 1036 4274">
    <p class='ocr_par' dir='ltr' id='par_1_62' title="bbox 417 4201 1036 4274">
     <span class='ocr_line' id='line_1_62' title="bbox 417 4201 1036 4274; baseline -0.006 -14"><span class='ocrx_word' id='word_1_434' title='bbox 417 4204 498 4261; x_wconf 85' lang='lat' dir='ltr'><strong>dit</strong></span> <span class='ocrx_word' id='word_1_435' title='bbox 526 4204 698 4272; x_wconf 82' lang='lat' dir='ltr'><strong>enim,</strong></span> <span class='ocrx_word' id='word_1_436' title='bbox 731 4211 894 4274; x_wconf 84' lang='lat' dir='ltr'><strong>atque</strong></span> <span class='ocrx_word' id='word_1_437' title='bbox 921 4201 1036 4258; x_wconf 84' lang='lat' dir='ltr'><strong>ait:</strong></span> 
     </span>
    </p>
   </div>
   <div class='ocr_carea' id='block_1_63' title="bbox 2106 1819 3686 1899">
    <p class='ocr_par' dir='ltr' id='par_1_63' title="bbox 2106 1819 3686 1899">
     <span class='ocr_line' id='line_1_63' title="bbox 2106 1819 3686 1899; baseline -0.005 -17"><span class='ocrx_word' id='word_1_438' title='bbox 2106 1826 2199 1882; x_wconf 92' lang='grc' dir='ltr'><strong>τοῦ</strong></span> <span class='ocrx_word' id='word_1_439' title='bbox 2227 1825 2367 1899; x_wconf 81' lang='grc' dir='ltr'>βίου,</span> <span class='ocrx_word' id='word_1_440' title='bbox 2397 1825 2588 1897; x_wconf 83' lang='grc' dir='ltr'>καιρὸν</span> <span class='ocrx_word' id='word_1_441' title='bbox 2611 1824 2740 1879; x_wconf 86' lang='grc' dir='ltr'>ἰδιον</span> <span class='ocrx_word' id='word_1_442' title='bbox 2775 1823 2921 1894; x_wconf 74' lang='grc' dir='ltr'>ἔχειν</span> <span class='ocrx_word' id='word_1_443' title='bbox 2939 1839 2954 1852; x_wconf 86' lang='grc'><strong>·</strong></span> <span class='ocrx_word' id='word_1_444' title='bbox 2977 1821 3116 1878; x_wconf 81' lang='grc' dir='ltr'>ἀλλὰ</span> <span class='ocrx_word' id='word_1_445' title='bbox 3144 1821 3284 1892; x_wconf 76' lang='grc' dir='ltr'>πρὸς</span> <span class='ocrx_word' id='word_1_446' title='bbox 3315 1819 3542 1891; x_wconf 77' lang='grc' dir='ltr'>ἔλεγχον</span> <span class='ocrx_word' id='word_1_447' title='bbox 3572 1821 3686 1874; x_wconf 83' lang='grc' dir='ltr'><strong>τῶν</strong></span> 
     </span>
    </p>
   </div>
   <div class='ocr_carea' id='block_1_64' title="bbox 2104 1907 3683 1989">
    <p class='ocr_par' dir='ltr' id='par_1_64' title="bbox 2104 1907 3683 1989">
     <span class='ocr_line' id='line_1_64' title="bbox 2104 1907 3683 1989; baseline -0.006 -17"><span class='ocrx_word' id='word_1_448' title='bbox 2104 1917 2194 1972; x_wconf 80' lang='grc' dir='ltr'>ἀεὶ</span> <span class='ocrx_word' id='word_1_449' title='bbox 2251 1919 2317 1989; x_wconf 77' lang='grc' dir='ltr'>τῇ</span> <span class='ocrx_word' id='word_1_450' title='bbox 2372 1916 2608 1988; x_wconf 78' lang='grc' dir='ltr'>δυσωδίᾳ</span> <span class='ocrx_word' id='word_1_451' title='bbox 2677 1915 2782 1985; x_wconf 86' lang='grc' dir='ltr'>τῆς</span> <span class='ocrx_word' id='word_1_452' title='bbox 2839 1907 3116 1985; x_wconf 80' lang='grc' dir='ltr'>ἁμαρτίας</span> <span class='ocrx_word' id='word_1_453' title='bbox 3174 1911 3683 1982; x_wconf 75' lang='grc' dir='ltr'>ἐγκαλινδουμένων</span> 
     </span>
    </p>
   </div>
   <div class='ocr_carea' id='block_1_65' title="bbox 2104 2005 3302 2080">
    <p class='ocr_par' dir='ltr' id='par_1_65' title="bbox 2104 2005 3302 2080">
     <span class='ocr_line' id='line_1_65' title="bbox 2104 2005 3302 2080; baseline -0.005 -15"><span class='ocrx_word' id='word_1_454' title='bbox 2104 2007 2326 2076; x_wconf 78' lang='grc' dir='ltr'>ἀθλίως,</span> <span class='ocrx_word' id='word_1_455' title='bbox 2361 2009 2634 2080; x_wconf 63' lang='grc' dir='ltr'>ἐχρήσατο</span> <span class='ocrx_word' id='word_1_456' title='bbox 2663 2009 2776 2070; x_wconf 86' lang='grc' dir='ltr'>τοῖς</span> <span class='ocrx_word' id='word_1_457' title='bbox 2802 2005 3065 2070; x_wconf 79' lang='grc' dir='ltr'>τοιούτοις</span> <span class='ocrx_word' id='word_1_458' title='bbox 3097 2006 3302 2075; x_wconf 78' lang='grc' dir='ltr'><strong>ῥητοῖς.</strong></span> 
     </span>
    </p>
   </div>
   <div class='ocr_carea' id='block_1_66' title="bbox 2187 2182 3682 2259">
    <p class='ocr_par' dir='ltr' id='par_1_66' title="bbox 2187 2182 3682 2259">
     <span class='ocr_line' id='line_1_66' title="bbox 2187 2182 3682 2259; baseline -0.004 -17"><span class='ocrx_word' id='word_1_459' title='bbox 2187 2187 2246 2242; x_wconf 82' lang='lat'><strong>&#39;0</strong></span> <span class='ocrx_word' id='word_1_460' title='bbox 2282 2187 2466 2259; x_wconf 78' lang='grc' dir='ltr'>μέντοι</span> <span class='ocrx_word' id='word_1_461' title='bbox 2495 2182 2920 2258; x_wconf 76' lang='grc' dir='ltr'>γλαφυρώτερος</span> <span class='ocrx_word' id='word_1_462' title='bbox 2965 2183 3090 2248; x_wconf 84' lang='grc' dir='ltr'>νοῦς</span> <span class='ocrx_word' id='word_1_463' title='bbox 3133 2183 3228 2238; x_wconf 73' lang='grc' dir='ltr'>καὶ</span> <span class='ocrx_word' id='word_1_464' title='bbox 3263 2183 3682 2254; x_wconf 85' lang='grc' dir='ltr'>λαμϐανόμενος</span> 
     </span>
    </p>
   </div>
   <div class='ocr_carea' id='block_1_67' title="bbox 2103 2272 3681 2347">
    <p class='ocr_par' dir='ltr' id='par_1_67' title="bbox 2103 2272 3681 2347">
     <span class='ocr_line' id='line_1_67' title="bbox 2103 2272 3681 2347; baseline -0.005 -14"><span class='ocrx_word' id='word_1_465' title='bbox 2103 2277 2463 2347; x_wconf 82' lang='grc' dir='ltr'>ἀναγωγικῶς</span> <span class='ocrx_word' id='word_1_466' title='bbox 2506 2275 2614 2330; x_wconf 90' lang='grc' dir='ltr'><strong>τῶν</strong></span> <span class='ocrx_word' id='word_1_467' title='bbox 2658 2273 2968 2346; x_wconf 78' lang='grc' dir='ltr'>εἰρημένων</span> <span class='ocrx_word' id='word_1_468' title='bbox 3001 2272 3243 2336; x_wconf 87' lang='grc' dir='ltr'>τοιοῦτός</span> <span class='ocrx_word' id='word_1_469' title='bbox 3271 2274 3389 2326; x_wconf 73' lang='grc' dir='ltr'>ἐστι</span> <span class='ocrx_word' id='word_1_470' title='bbox 3411 2289 3426 2304; x_wconf 77' lang='grc' dir='ltr'><strong><em>ο</em></strong></span> <span class='ocrx_word' id='word_1_471' title='bbox 3473 2273 3681 2342; x_wconf 77' lang='grc' dir='ltr'>Καιρός</span> 
     </span>
    </p>
   </div>
   <div class='ocr_carea' id='block_1_68' title="bbox 2101 2363 3679 2436">
    <p class='ocr_par' dir='ltr' id='par_1_68' title="bbox 2101 2363 3679 2436">
     <span class='ocr_line' id='line_1_68' title="bbox 2101 2363 3679 2436; baseline -0.003 -14"><span class='ocrx_word' id='word_1_472' title='bbox 2101 2369 2250 2423; x_wconf 67' lang='grc' dir='ltr'>ἐστιν</span> <span class='ocrx_word' id='word_1_473' title='bbox 2287 2368 2419 2431; x_wconf 71' lang='grc' dir='ltr'>ἴδιος</span> <span class='ocrx_word' id='word_1_474' title='bbox 2462 2365 2556 2421; x_wconf 86' lang='grc' dir='ltr'><strong>τοῦ</strong></span> <span class='ocrx_word' id='word_1_475' title='bbox 2609 2363 2893 2420; x_wconf 84' lang='grc' dir='ltr'>συλλαϐεῖν</span> <span class='ocrx_word' id='word_1_476' title='bbox 2942 2365 3002 2416; x_wconf 81' lang='grc' dir='ltr'>ὲν</span> <span class='ocrx_word' id='word_1_477' title='bbox 3051 2363 3270 2435; x_wconf 80' lang='grc' dir='ltr'>γαστρὶ,</span> <span class='ocrx_word' id='word_1_478' title='bbox 3319 2363 3564 2434; x_wconf 82' lang='grc' dir='ltr'>δηλονότι</span> <span class='ocrx_word' id='word_1_479' title='bbox 3610 2367 3679 2436; x_wconf 77' lang='grc' dir='ltr'><strong>τῇ</strong></span> 
     </span>
    </p>
   </div>
   <div class='ocr_carea' id='block_1_69' title="bbox 2100 2456 3684 2532">
    <p class='ocr_par' dir='ltr' id='par_1_69' title="bbox 2100 2456 3684 2532">
     <span class='ocr_line' id='line_1_69' title="bbox 2100 2456 3684 2532; baseline -0.003 -18"><span class='ocrx_word' id='word_1_480' title='bbox 2100 2462 2290 2532; x_wconf 78' lang='grc' dir='ltr'>νοητῇ,</span> <span class='ocrx_word' id='word_1_481' title='bbox 2318 2459 2480 2530; x_wconf 91' lang='grc' dir='ltr'>φόϐον</span> <span class='ocrx_word' id='word_1_482' title='bbox 2505 2457 2666 2522; x_wconf 84' lang='grc' dir='ltr'>Θεοῦ,</span> <span class='ocrx_word' id='word_1_483' title='bbox 2692 2457 2789 2512; x_wconf 68' lang='grc' dir='ltr'>καὶ</span> <span class='ocrx_word' id='word_1_484' title='bbox 2817 2459 2997 2512; x_wconf 83' lang='grc' dir='ltr'>τεκεῖν</span> <span class='ocrx_word' id='word_1_485' title='bbox 3023 2456 3252 2530; x_wconf 80' lang='grc' dir='ltr'>πράξεις</span> <span class='ocrx_word' id='word_1_486' title='bbox 3281 2458 3503 2526; x_wconf 76' lang='grc' dir='ltr'>ἀγάπης</span> <span class='ocrx_word' id='word_1_487' title='bbox 3529 2457 3684 2520; x_wconf 79' lang='grc' dir='ltr'>θείας</span> 
     </span>
    </p>
   </div>
   <div class='ocr_carea' id='block_1_70' title="bbox 2104 2548 3678 2623">
    <p class='ocr_par' dir='ltr' id='par_1_70' title="bbox 2104 2548 3678 2623">
     <span class='ocr_line' id='line_1_70' title="bbox 2104 2548 3678 2623; baseline -0.001 -17"><span class='ocrx_word' id='word_1_488' title='bbox 2104 2552 2468 2623; x_wconf 78' lang='grc' dir='ltr'>σημαντικὰς,</span> <span class='ocrx_word' id='word_1_489' title='bbox 2531 2548 2718 2614; x_wconf 83' lang='grc' dir='ltr'>καθώς</span> <span class='ocrx_word' id='word_1_490' title='bbox 2767 2566 2936 2622; x_wconf 89' lang='grc' dir='ltr'>φησιν</span> <span class='ocrx_word' id='word_1_491' title='bbox 2990 2551 3020 2603; x_wconf 84' lang='grc' dir='ltr'><strong>ό</strong></span> <span class='ocrx_word' id='word_1_492' title='bbox 3079 2549 3366 2621; x_wconf 79' lang='grc' dir='ltr'>προφήτης</span> <span class='ocrx_word' id='word_1_493' title='bbox 3410 2549 3678 2614; x_wconf 75' lang='grc' dir='ltr'>Ἦσαῒας’</span> 
     </span>
    </p>
   </div>
   <div class='ocr_carea' id='block_1_71' title="bbox 2107 2630 3683 2713">
    <p class='ocr_par' dir='ltr' id='par_1_71' title="bbox 2107 2630 3683 2713">
     <span class='ocr_line' id='line_1_71' title="bbox 2107 2630 3683 2713; baseline 0 -17"><span class='ocrx_word' id='word_1_494' title='bbox 2107 2660 2128 2696; x_wconf 79' lang='grc' dir='ltr'><strong>ι</strong></span> <span class='ocrx_word' id='word_1_495' title='bbox 2156 2642 2280 2696; x_wconf 87' lang='grc' dir='ltr'>Ὅτι</span> <span class='ocrx_word' id='word_1_496' title='bbox 2309 2630 2368 2696; x_wconf 62' lang='grc' dir='ltr'>ιθ</span> <span class='ocrx_word' id='word_1_497' title='bbox 2400 2640 2602 2713; x_wconf 82' lang='grc' dir='ltr'>γαστρὶ</span> <span class='ocrx_word' id='word_1_498' title='bbox 2625 2639 2897 2711; x_wconf 70' lang='grc' dir='ltr'>ἐλάϐομεν</span> <span class='ocrx_word' id='word_1_499' title='bbox 2931 2639 3023 2694; x_wconf 78' lang='grc' dir='ltr'>καὶ</span> <span class='ocrx_word' id='word_1_500' title='bbox 3049 2639 3392 2712; x_wconf 80' lang='grc' dir='ltr'>ὠδινήσαμεν</span> <span class='ocrx_word' id='word_1_501' title='bbox 3433 2640 3528 2694; x_wconf 78' lang='grc' dir='ltr'>καὶ</span> <span class='ocrx_word' id='word_1_502' title='bbox 3559 2639 3683 2696; x_wconf 68' lang='grc' dir='ltr'>ἐτός-</span> 
     </span>
    </p>
   </div>
   <div class='ocr_carea' id='block_1_72' title="bbox 2101 2731 3677 2805">
    <p class='ocr_par' dir='ltr' id='par_1_72' title="bbox 2101 2731 3677 2805">
     <span class='ocr_line' id='line_1_72' title="bbox 2101 2731 3677 2805; baseline -0.001 -17"><span class='ocrx_word' id='word_1_503' title='bbox 2101 2750 2272 2805; x_wconf 88' lang='grc' dir='ltr'>κομεν</span> <span class='ocrx_word' id='word_1_504' title='bbox 2327 2731 2547 2804; x_wconf 88' lang='grc' dir='ltr'>πνεῦμα</span> <span class='ocrx_word' id='word_1_505' title='bbox 2595 2732 2894 2804; x_wconf 86' lang='grc' dir='ltr'>σωτηρίας,</span> <span class='ocrx_word' id='word_1_506' title='bbox 2949 2731 2980 2785; x_wconf 85' lang='grc' dir='ltr'><strong>δ</strong></span> <span class='ocrx_word' id='word_1_507' title='bbox 3039 2733 3354 2803; x_wconf 76' lang='grc' dir='ltr'>ὲκυησαμεν</span> <span class='ocrx_word' id='word_1_508' title='bbox 3417 2733 3514 2786; x_wconf 76' lang='grc' dir='ltr'><strong>ἐπὶ</strong></span> <span class='ocrx_word' id='word_1_509' title='bbox 3576 2733 3677 2804; x_wconf 82' lang='grc' dir='ltr'>τῆς</span> 
     </span>
    </p>
   </div>
   <div class='ocr_carea' id='block_1_73' title="bbox 2101 2820 3680 2897">
    <p class='ocr_par' dir='ltr' id='par_1_73' title="bbox 2101 2820 3680 2897">
     <span class='ocr_line' id='line_1_73' title="bbox 2101 2820 3680 2897; baseline -0.011 -17"><span class='ocrx_word' id='word_1_510' title='bbox 2101 2825 2207 2897; x_wconf 83' lang='grc' dir='ltr'>γῆς</span> <span class='ocrx_word' id='word_1_511' title='bbox 2231 2840 2246 2856; x_wconf 77' lang='grc'><strong><em>⁸</em></strong></span> <span class='ocrx_word' id='word_1_512' title='bbox 2284 2842 2306 2876; x_wconf 73' lang='grc' dir='ltr'><strong>ι</strong></span> <span class='ocrx_word' id='word_1_513' title='bbox 2340 2821 2635 2878; x_wconf 75' lang='grc' dir='ltr'>κάντεῦθεν</span> <span class='ocrx_word' id='word_1_514' title='bbox 2659 2820 2970 2884; x_wconf 78' lang='grc' dir='ltr'>ἀκολούθως</span> <span class='ocrx_word' id='word_1_515' title='bbox 2993 2821 3052 2875; x_wconf 77' lang='grc' dir='ltr'>ὲν</span> <span class='ocrx_word' id='word_1_516' title='bbox 3083 2821 3200 2893; x_wconf 84' lang='grc' dir='ltr'>ἰδίῳ</span> <span class='ocrx_word' id='word_1_517' title='bbox 3227 2820 3405 2892; x_wconf 81' lang='grc' dir='ltr'>καιρῷ</span> <span class='ocrx_word' id='word_1_518' title='bbox 3434 2821 3680 2876; x_wconf 72' lang='grc' dir='ltr'>θανατῶ.</span> 
     </span>
    </p>
   </div>
   <div class='ocr_carea' id='block_1_74' title="bbox 2103 2911 3680 2986">
    <p class='ocr_par' dir='ltr' id='par_1_74' title="bbox 2103 2911 3680 2986">
     <span class='ocr_line' id='line_1_74' title="bbox 2103 2911 3680 2986; baseline -0.002 -16"><span class='ocrx_word' id='word_1_519' title='bbox 2103 2933 2194 2970; x_wconf 87' lang='grc' dir='ltr'><strong>σαι</strong></span> <span class='ocrx_word' id='word_1_520' title='bbox 2223 2915 2284 2970; x_wconf 86' lang='grc' dir='ltr'><strong>τδ</strong></span> <span class='ocrx_word' id='word_1_521' title='bbox 2319 2913 2577 2986; x_wconf 86' lang='grc' dir='ltr'>φρόνημα</span> <span class='ocrx_word' id='word_1_522' title='bbox 2610 2913 2712 2984; x_wconf 81' lang='grc' dir='ltr'><strong>τῆς</strong></span> <span class='ocrx_word' id='word_1_523' title='bbox 2745 2911 2968 2984; x_wconf 75' lang='grc' dir='ltr'>σαρκὸς,</span> <span class='ocrx_word' id='word_1_524' title='bbox 3000 2911 3097 2966; x_wconf 74' lang='grc' dir='ltr'>καὶ</span> <span class='ocrx_word' id='word_1_525' title='bbox 3127 2912 3405 2984; x_wconf 83' lang='grc' dir='ltr'>νεκρῶσαι</span> <span class='ocrx_word' id='word_1_526' title='bbox 3441 2913 3512 2967; x_wconf 85' lang='grc' dir='ltr'><strong>τά</strong></span> <span class='ocrx_word' id='word_1_527' title='bbox 3541 2915 3680 2984; x_wconf 72' lang='grc' dir='ltr'>μέλη</span> 
     </span>
    </p>
   </div>
   <div class='ocr_carea' id='block_1_75' title="bbox 2100 2996 3678 3076">
    <p class='ocr_par' dir='ltr' id='par_1_75' title="bbox 2100 2996 3678 3076">
     <span class='ocr_line' id='line_1_75' title="bbox 2100 2996 3678 3076; baseline -0.001 -15"><span class='ocrx_word' id='word_1_528' title='bbox 2100 3007 2173 3061; x_wconf 89' lang='grc' dir='ltr'><strong>τά</strong></span> <span class='ocrx_word' id='word_1_529' title='bbox 2200 3006 2293 3059; x_wconf 71' lang='grc' dir='ltr'><strong>ἐπὶ</strong></span> <span class='ocrx_word' id='word_1_530' title='bbox 2318 3005 2416 3076; x_wconf 83' lang='grc' dir='ltr'><strong>τῆς</strong></span> <span class='ocrx_word' id='word_1_531' title='bbox 2443 3005 2568 3074; x_wconf 83' lang='grc' dir='ltr'>γῆς.</span> <span class='ocrx_word' id='word_1_532' title='bbox 2597 3002 2806 3074; x_wconf 81' lang='grc' dir='ltr'>Καιρός</span> <span class='ocrx_word' id='word_1_533' title='bbox 2843 3004 2990 3056; x_wconf 79' lang='grc' dir='ltr'>ἐστιν</span> <span class='ocrx_word' id='word_1_534' title='bbox 3019 3002 3148 3067; x_wconf 75' lang='grc' dir='ltr'>ἴδιος</span> <span class='ocrx_word' id='word_1_535' title='bbox 3178 2996 3224 3072; x_wconf 79' lang='grc' dir='ltr'>ᾧ</span> <span class='ocrx_word' id='word_1_536' title='bbox 3249 3006 3356 3068; x_wconf 81' lang='grc' dir='ltr'><strong>πᾶς</strong></span> <span class='ocrx_word' id='word_1_537' title='bbox 3390 3005 3420 3057; x_wconf 86' lang='grc' dir='ltr'><strong>ό</strong></span> <span class='ocrx_word' id='word_1_538' title='bbox 3450 3004 3678 3064; x_wconf 70' lang='grc' dir='ltr'>φιλόκαο</span> 
     </span>
    </p>
   </div>
   <div class='ocr_carea' id='block_1_76' title="bbox 2102 3093 3672 3166">
    <p class='ocr_par' dir='ltr' id='par_1_76' title="bbox 2102 3093 3672 3166">
     <span class='ocr_line' id='line_1_76' title="bbox 2102 3093 3672 3166; baseline -0.001 -15"><span class='ocrx_word' id='word_1_539' title='bbox 2102 3097 2192 3151; x_wconf 89' lang='grc' dir='ltr'><strong>λον</strong></span> <span class='ocrx_word' id='word_1_540' title='bbox 2225 3095 2318 3150; x_wconf 72' lang='grc' dir='ltr'>καὶ</span> <span class='ocrx_word' id='word_1_541' title='bbox 2350 3093 2644 3148; x_wconf 82' lang='grc' dir='ltr'>σπουδαίαν</span> <span class='ocrx_word' id='word_1_542' title='bbox 2671 3093 2810 3164; x_wconf 77' lang='grc' dir='ltr'>ἔχων</span> <span class='ocrx_word' id='word_1_543' title='bbox 2835 3093 3154 3166; x_wconf 85' lang='grc' dir='ltr'>προαίρεσιν</span> <span class='ocrx_word' id='word_1_544' title='bbox 3191 3095 3416 3164; x_wconf 80' lang='grc' dir='ltr'>φυτεύει</span> <span class='ocrx_word' id='word_1_545' title='bbox 3453 3095 3536 3166; x_wconf 82' lang='grc' dir='ltr'><strong>τῷ</strong></span> <span class='ocrx_word' id='word_1_546' title='bbox 3566 3095 3672 3150; x_wconf 85' lang='grc' dir='ltr'>λει-</span> 
     </span>
    </p>
   </div>
   <div class='ocr_carea' id='block_1_77' title="bbox 2105 3182 3681 3258">
    <p class='ocr_par' dir='ltr' id='par_1_77' title="bbox 2105 3182 3681 3258">
     <span class='ocr_line' id='line_1_77' title="bbox 2105 3182 3681 3258; baseline -0.001 -18"><span class='ocrx_word' id='word_1_547' title='bbox 2105 3185 2244 3258; x_wconf 90' lang='grc' dir='ltr'>μῶνι</span> <span class='ocrx_word' id='word_1_548' title='bbox 2274 3185 2373 3256; x_wconf 83' lang='grc' dir='ltr'>τῆς</span> <span class='ocrx_word' id='word_1_549' title='bbox 2401 3183 2628 3255; x_wconf 84' lang='grc' dir='ltr'>καρδίας</span> <span class='ocrx_word' id='word_1_550' title='bbox 2657 3182 2726 3236; x_wconf 89' lang='grc' dir='ltr'><strong>τά</strong></span> <span class='ocrx_word' id='word_1_551' title='bbox 2747 3183 3064 3237; x_wconf 73' lang='grc' dir='ltr'>παντοδαπά</span> <span class='ocrx_word' id='word_1_552' title='bbox 3096 3182 3241 3250; x_wconf 87' lang='grc' dir='ltr'><strong>φυτά</strong></span> <span class='ocrx_word' id='word_1_553' title='bbox 3268 3183 3378 3238; x_wconf 91' lang='grc' dir='ltr'><strong>τῶν</strong></span> <span class='ocrx_word' id='word_1_554' title='bbox 3407 3185 3530 3238; x_wconf 86' lang='grc' dir='ltr'>κατ’</span> <span class='ocrx_word' id='word_1_555' title='bbox 3555 3184 3681 3256; x_wconf 83' lang='grc' dir='ltr'>ἀρε-</span> 
     </span>
    </p>
   </div>
   <div class='ocr_carea' id='block_1_78' title="bbox 2100 3269 3681 3350">
    <p class='ocr_par' dir='ltr' id='par_1_78' title="bbox 2100 3269 3681 3350">
     <span class='ocr_line' id='line_1_78' title="bbox 2100 3269 3681 3350; baseline 0.001 -19"><span class='ocrx_word' id='word_1_556' title='bbox 2100 3277 2200 3350; x_wconf 79' lang='grc' dir='ltr'>τὴν</span> <span class='ocrx_word' id='word_1_557' title='bbox 2229 3269 2812 3348; x_wconf 82' lang='grc' dir='ltr'>παραλαμϐανομένων</span> <span class='ocrx_word' id='word_1_558' title='bbox 2857 3275 3337 3346; x_wconf 59' lang='grc' dir='ltr'>κατορθωμάτων</span> <span class='ocrx_word' id='word_1_559' title='bbox 3371 3277 3470 3330; x_wconf 80' lang='grc' dir='ltr'>καὶ</span> <span class='ocrx_word' id='word_1_560' title='bbox 3519 3277 3681 3332; x_wconf 80' lang='grc' dir='ltr'>πάλιν</span> 
     </span>
    </p>
   </div>
   <div class='ocr_carea' id='block_1_79' title="bbox 2101 3365 3682 3441">
    <p class='ocr_par' dir='ltr' id='par_1_79' title="bbox 2101 3365 3682 3441">
     <span class='ocr_line' id='line_1_79' title="bbox 2101 3365 3682 3441; baseline 0 -18"><span class='ocrx_word' id='word_1_561' title='bbox 2101 3369 2161 3425; x_wconf 72' lang='grc' dir='ltr'>ἐν</span> <span class='ocrx_word' id='word_1_562' title='bbox 2201 3369 2316 3441; x_wconf 87' lang='grc' dir='ltr'>ἰδίῳ</span> <span class='ocrx_word' id='word_1_563' title='bbox 2355 3367 2536 3440; x_wconf 84' lang='grc' dir='ltr'>καιρῷ</span> <span class='ocrx_word' id='word_1_564' title='bbox 2578 3366 2796 3440; x_wconf 85' lang='grc' dir='ltr'>τίθησιν</span> <span class='ocrx_word' id='word_1_565' title='bbox 2843 3365 2931 3420; x_wconf 72' lang='grc' dir='ltr'><strong>ἐπ’</strong></span> <span class='ocrx_word' id='word_1_566' title='bbox 2962 3367 3147 3431; x_wconf 79' lang='grc' dir='ltr'>αὐτοῖς</span> <span class='ocrx_word' id='word_1_567' title='bbox 3200 3367 3299 3439; x_wconf 83' lang='grc' dir='ltr'>τὴν</span> <span class='ocrx_word' id='word_1_568' title='bbox 3345 3369 3682 3441; x_wconf 76' lang='grc' dir='ltr'>κατάλληλον</span> 
     </span>
    </p>
   </div>
   <div class='ocr_carea' id='block_1_80' title="bbox 2103 3457 3682 3531">
    <p class='ocr_par' dir='ltr' id='par_1_80' title="bbox 2103 3457 3682 3531">
     <span class='ocr_line' id='line_1_80' title="bbox 2103 3457 3682 3531; baseline 0 -17"><span class='ocrx_word' id='word_1_569' title='bbox 2103 3459 2338 3527; x_wconf 86' lang='grc' dir='ltr'>παῦλαν,</span> <span class='ocrx_word' id='word_1_570' title='bbox 2361 3460 2458 3515; x_wconf 77' lang='grc' dir='ltr'>καὶ</span> <span class='ocrx_word' id='word_1_571' title='bbox 2478 3458 2577 3531; x_wconf 78' lang='grc' dir='ltr'><strong>τὴν</strong></span> <span class='ocrx_word' id='word_1_572' title='bbox 2605 3457 2755 3527; x_wconf 88' lang='grc' dir='ltr'>σφῶν</span> <span class='ocrx_word' id='word_1_573' title='bbox 2787 3457 3026 3512; x_wconf 79' lang='grc' dir='ltr'>ὲκτίλλει</span> <span class='ocrx_word' id='word_1_574' title='bbox 3048 3457 3372 3530; x_wconf 82' lang='grc' dir='ltr'>προσφόρως</span> <span class='ocrx_word' id='word_1_575' title='bbox 3400 3459 3682 3530; x_wconf 76' lang='grc' dir='ltr'>ἐνέργειαν</span> 
     </span>
    </p>
   </div>
   <div class='ocr_carea' id='block_1_81' title="bbox 2103 3548 3682 3624">
    <p class='ocr_par' dir='ltr' id='par_1_81' title="bbox 2103 3548 3682 3624">
     <span class='ocr_line' id='line_1_81' title="bbox 2103 3548 3682 3624; baseline 0 -18"><span class='ocrx_word' id='word_1_576' title='bbox 2103 3552 2200 3606; x_wconf 78' lang='grc' dir='ltr'>καὶ</span> <span class='ocrx_word' id='word_1_577' title='bbox 2252 3551 2472 3624; x_wconf 78' lang='grc' dir='ltr'>πρᾶξιν,</span> <span class='ocrx_word' id='word_1_578' title='bbox 2504 3550 2581 3615; x_wconf 78' lang='grc' dir='ltr'><strong>ὡς</strong></span> <span class='ocrx_word' id='word_1_579' title='bbox 2617 3549 2926 3605; x_wconf 78' lang='grc' dir='ltr'>ἀνάπαυσιν</span> <span class='ocrx_word' id='word_1_580' title='bbox 2972 3551 3038 3621; x_wconf 78' lang='grc' dir='ltr'><strong>τῇ</strong></span> <span class='ocrx_word' id='word_1_581' title='bbox 3071 3548 3231 3618; x_wconf 85' lang='grc' dir='ltr'>φύσει</span> <span class='ocrx_word' id='word_1_582' title='bbox 3271 3549 3469 3616; x_wconf 76' lang='grc' dir='ltr'>διδοὺς,</span> <span class='ocrx_word' id='word_1_583' title='bbox 3505 3551 3596 3606; x_wconf 79' lang='grc' dir='ltr'><strong>διὰ</strong></span> <span class='ocrx_word' id='word_1_584' title='bbox 3624 3552 3682 3606; x_wconf 76' lang='grc' dir='ltr'>τὸ</span> 
     </span>
    </p>
   </div>
   <div class='ocr_carea' id='block_1_82' title="bbox 2109 3641 3683 3717">
    <p class='ocr_par' dir='ltr' id='par_1_82' title="bbox 2109 3641 3683 3717">
     <span class='ocr_line' id='line_1_82' title="bbox 2109 3641 3683 3717; baseline -0.001 -18"><span class='ocrx_word' id='word_1_585' title='bbox 2109 3645 2374 3717; x_wconf 82' lang='grc' dir='ltr'>μηδαμῶς</span> <span class='ocrx_word' id='word_1_586' title='bbox 2421 3643 2628 3715; x_wconf 87' lang='grc' dir='ltr'>ἰσχύειν</span> <span class='ocrx_word' id='word_1_587' title='bbox 2681 3641 3039 3700; x_wconf 86' lang='grc' dir='ltr'>συντετάσθαι</span> <span class='ocrx_word' id='word_1_588' title='bbox 3091 3643 3212 3706; x_wconf 83' lang='grc' dir='ltr'>ταῖς</span> <span class='ocrx_word' id='word_1_589' title='bbox 3267 3647 3683 3716; x_wconf 73' lang='grc' dir='ltr'>πρωιρετικαῖς</span> 
     </span>
    </p>
   </div>
   <div class='ocr_carea' id='block_1_83' title="bbox 2105 3732 3684 3806">
    <p class='ocr_par' dir='ltr' id='par_1_83' title="bbox 2105 3732 3684 3806">
     <span class='ocr_line' id='line_1_83' title="bbox 2105 3732 3684 3806; baseline -0.003 -16"><span class='ocrx_word' id='word_1_590' title='bbox 2105 3734 2242 3806; x_wconf 79' lang='grc' dir='ltr'>πρὸς</span> <span class='ocrx_word' id='word_1_591' title='bbox 2292 3734 2356 3788; x_wconf 82' lang='grc' dir='ltr'><strong>τδ</strong></span> <span class='ocrx_word' id='word_1_592' title='bbox 2406 3732 2611 3804; x_wconf 80' lang='grc' dir='ltr'>ἀγαθὸν</span> <span class='ocrx_word' id='word_1_593' title='bbox 2657 3733 2880 3802; x_wconf 78' lang='grc' dir='ltr'>ἐφέσεσι</span> <span class='ocrx_word' id='word_1_594' title='bbox 2940 3734 3033 3791; x_wconf 76' lang='grc' dir='ltr'>καὶ</span> <span class='ocrx_word' id='word_1_595' title='bbox 3095 3732 3438 3803; x_wconf 85' lang='grc' dir='ltr'>βουλήσεσιν.</span> <span class='ocrx_word' id='word_1_596' title='bbox 3495 3732 3684 3797; x_wconf 70' lang='grc' dir='ltr'>Οὕτως</span> 
     </span>
    </p>
   </div>
   <div class='ocr_carea' id='block_1_84' title="bbox 2103 3824 3680 3900">
    <p class='ocr_par' dir='ltr' id='par_1_84' title="bbox 2103 3824 3680 3900">
     <span class='ocr_line' id='line_1_84' title="bbox 2103 3824 3680 3900; baseline -0.004 -18"><span class='ocrx_word' id='word_1_597' title='bbox 2103 3829 2266 3900; x_wconf 75' lang='grc' dir='ltr'>ἡμεῖς</span> <span class='ocrx_word' id='word_1_598' title='bbox 2283 3827 2352 3882; x_wconf 91' lang='grc' dir='ltr'><strong>τά</strong></span> <span class='ocrx_word' id='word_1_599' title='bbox 2370 3827 2617 3898; x_wconf 86' lang='grc' dir='ltr'>παρόντα</span> <span class='ocrx_word' id='word_1_600' title='bbox 2641 3826 2780 3896; x_wconf 82' lang='grc' dir='ltr'><strong>ρητά</strong></span> <span class='ocrx_word' id='word_1_601' title='bbox 2801 3824 3039 3878; x_wconf 84' lang='grc' dir='ltr'>νοεῖσθαι</span> <span class='ocrx_word' id='word_1_602' title='bbox 3065 3824 3247 3888; x_wconf 84' lang='grc' dir='ltr'>καλῶς</span> <span class='ocrx_word' id='word_1_603' title='bbox 3275 3825 3680 3896; x_wconf 73' lang='grc' dir='ltr'>ὑπειλήφαμεν,</span> 
     </span>
    </p>
   </div>
   <div class='ocr_carea' id='block_1_85' title="bbox 2101 3903 3681 3994">
    <p class='ocr_par' dir='ltr' id='par_1_85' title="bbox 2101 3903 3681 3994">
     <span class='ocr_line' id='line_1_85' title="bbox 2101 3903 3681 3994; baseline -0.004 -17"><span class='ocrx_word' id='word_1_604' title='bbox 2101 3903 2344 3994; x_wconf 84' lang='grc' dir='ltr'>δηλονότι</span> <span class='ocrx_word' id='word_1_605' title='bbox 2394 3919 2490 3974; x_wconf 70' lang='grc' dir='ltr'><strong>καί¹</strong></span> <span class='ocrx_word' id='word_1_606' title='bbox 2535 3917 2677 3972; x_wconf 86' lang='grc' dir='ltr'><strong>κατά</strong></span> <span class='ocrx_word' id='word_1_607' title='bbox 2735 3917 2971 3986; x_wconf 85' lang='grc' dir='ltr'>φυσικὴν</span> <span class='ocrx_word' id='word_1_608' title='bbox 3027 3915 3350 3974; x_wconf 86' lang='grc' dir='ltr'>ἀκολουθίαν</span> <span class='ocrx_word' id='word_1_609' title='bbox 3399 3919 3494 3971; x_wconf 80' lang='grc' dir='ltr'>καὶ</span> <span class='ocrx_word' id='word_1_610' title='bbox 3543 3918 3681 3970; x_wconf 79' lang='grc' dir='ltr'><strong>κατά</strong></span> 
     </span>
    </p>
   </div>
   <div class='ocr_carea' id='block_1_86' title="bbox 2102 4006 3681 4080">
    <p class='ocr_par' dir='ltr' id='par_1_86' title="bbox 2102 4006 3681 4080">
     <span class='ocr_line' id='line_1_86' title="bbox 2102 4006 3681 4080; baseline -0.004 -13"><span class='ocrx_word' id='word_1_611' title='bbox 2102 4013 2196 4067; x_wconf 73' lang='grc' dir='ltr'>τὸν</span> <span class='ocrx_word' id='word_1_612' title='bbox 2249 4010 2546 4080; x_wconf 81' lang='grc' dir='ltr'>ἀναγωγῆς</span> <span class='ocrx_word' id='word_1_613' title='bbox 2593 4009 2774 4078; x_wconf 85' lang='grc' dir='ltr'>λόγον.</span> <span class='ocrx_word' id='word_1_614' title='bbox 2829 4007 3180 4080; x_wconf 85' lang='grc' dir='ltr'>Παρεμπεδοί</span> <span class='ocrx_word' id='word_1_615' title='bbox 3231 4007 3290 4060; x_wconf 86' lang='grc' dir='ltr'>δὲ</span> <span class='ocrx_word' id='word_1_616' title='bbox 3333 4006 3433 4079; x_wconf 74' lang='grc' dir='ltr'>τὴν</span> <span class='ocrx_word' id='word_1_617' title='bbox 3485 4008 3681 4078; x_wconf 70' lang='grc' dir='ltr'>ἡμετέ-</span> 
     </span>
    </p>
   </div>
   <div class='ocr_carea' id='block_1_87' title="bbox 2107 4100 3680 4176">
    <p class='ocr_par' dir='ltr' id='par_1_87' title="bbox 2107 4100 3680 4176">
     <span class='ocr_line' id='line_1_87' title="bbox 2107 4100 3680 4176; baseline -0.003 -18"><span class='ocrx_word' id='word_1_618' title='bbox 2107 4121 2205 4176; x_wconf 85' lang='grc' dir='ltr'><strong>ραν</strong></span> <span class='ocrx_word' id='word_1_619' title='bbox 2263 4103 2488 4174; x_wconf 73' lang='grc' dir='ltr'>ἐκδοχὴν</span> <span class='ocrx_word' id='word_1_620' title='bbox 2532 4101 2622 4159; x_wconf 84' lang='grc' dir='ltr'>διὰ</span> <span class='ocrx_word' id='word_1_621' title='bbox 2671 4100 2780 4155; x_wconf 86' lang='grc' dir='ltr'><strong>τῶν</strong></span> <span class='ocrx_word' id='word_1_622' title='bbox 2827 4100 3145 4176; x_wconf 73' lang='grc' dir='ltr'>ἑπομένων·</span> <span class='ocrx_word' id='word_1_623' title='bbox 3180 4100 3379 4168; x_wconf 75' lang='grc' dir='ltr'>ὲπάγει</span> <span class='ocrx_word' id='word_1_624' title='bbox 3431 4101 3542 4173; x_wconf 78' lang='grc' dir='ltr'>γὰρ</span> <span class='ocrx_word' id='word_1_625' title='bbox 3589 4101 3680 4156; x_wconf 87' lang='grc' dir='ltr'><strong>καί</strong></span> 
     </span>
    </p>
   </div>
   <div class='ocr_carea' id='block_1_88' title="bbox 2103 4213 2259 4273">
    <p class='ocr_par' dir='ltr' id='par_1_88' title="bbox 2103 4213 2259 4273">
     <span class='ocr_line' id='line_1_88' title="bbox 2103 4213 2259 4273; baseline 0.006 -1"><span class='ocrx_word' id='word_1_626' title='bbox 2103 4213 2259 4273; x_wconf 62' lang='lat' dir='ltr'><strong>«mw</strong></span> 
     </span>
    </p>
   </div>
   <div class='ocr_carea' id='block_1_89' title="bbox 2007 4405 2144 4479">
    <p class='ocr_par' dir='ltr' id='par_1_89' title="bbox 2007 4405 2144 4479">
     <span class='ocr_line' id='line_1_89' title="bbox 2007 4405 2144 4479; baseline 0 -17"><span class='ocrx_word' id='word_1_627' title='bbox 2007 4405 2144 4479; x_wconf 74' lang='lat' dir='ltr'><strong>snt.</strong></span> 
     </span>
    </p>
   </div>
   <div class='ocr_carea' id='block_1_90' title="bbox 492 4521 1999 4614">
    <p class='ocr_par' dir='ltr' id='par_1_90' title="bbox 492 4531 1988 4609">
     <span class='ocr_line' id='line_1_90' title="bbox 492 4531 1988 4609; baseline -0.003 -19"><span class='ocrx_word' id='word_1_628' title='bbox 492 4536 662 4592; x_wconf 74' lang='lat' dir='ltr'><strong>Vens.</strong></span> <span class='ocrx_word' id='word_1_629' title='bbox 703 4532 796 4589; x_wconf 80' lang='lat'><strong>30.</strong></span> <span class='ocrx_word' id='word_1_630' title='bbox 839 4531 1242 4603; x_wconf 75' lang='lat' dir='ltr'><strong>Tempestivitas</strong></span> <span class='ocrx_word' id='word_1_631' title='bbox 1289 4533 1584 4596; x_wconf 74' lang='lat' dir='ltr'><strong>occidenJi.</strong></span> <span class='ocrx_word' id='word_1_632' title='bbox 1627 4543 1678 4590; x_wconf 80' lang='lat' dir='ltr'><strong>et</strong></span> <span class='ocrx_word' id='word_1_633' title='bbox 1730 4542 1988 4609; x_wconf 64' lang='lat' dir='ltr'><strong>temperati.</strong></span> 
     </span>
    </p>
   </div>
   <div class='ocr_carea' id='block_1_91' title="bbox 2105 4521 3679 4614">
    <p class='ocr_par' dir='ltr' id='par_1_91' title="bbox 2169 4521 3679 4614">
     <span class='ocr_line' id='line_1_91' title="bbox 2169 4521 3679 4614; baseline -0.007 -13"><span class='ocrx_word' id='word_1_634' title='bbox 2169 4539 2400 4614; x_wconf 70' lang='lat' dir='ltr'><strong>Karpdc&#39;</strong></span> <span class='ocrx_word' id='word_1_635' title='bbox 2443 4543 2552 4598; x_wconf 85' lang='grc' dir='ltr'><strong>τοῦ</strong></span> <span class='ocrx_word' id='word_1_636' title='bbox 2609 4521 2980 4608; x_wconf 71' lang='grc' dir='ltr'>ἀποκτεῖναι,</span> <span class='ocrx_word' id='word_1_637' title='bbox 3035 4539 3136 4595; x_wconf 77' lang='grc' dir='ltr'><strong>καί</strong></span> <span class='ocrx_word' id='word_1_638' title='bbox 3195 4536 3403 4608; x_wconf 81' lang='grc' dir='ltr'>καιρὸς</span> <span class='ocrx_word' id='word_1_639' title='bbox 3442 4537 3549 4593; x_wconf 76' lang='grc' dir='ltr'><strong>τοῦ</strong></span> <span class='ocrx_word' id='word_1_640' title='bbox 3596 4539 3679 4592; x_wconf 78' lang='lat' dir='ltr'><strong>id-</strong></span> 
     </span>
    </p>
   </div>
   <div class='ocr_carea' id='block_1_92' title="bbox 415 4627 830 4708">
    <p class='ocr_par' dir='ltr' id='par_1_92' title="bbox 415 4627 830 4708">
     <span class='ocr_line' id='line_1_92' title="bbox 415 4627 830 4708; baseline 0.002 -26"><span class='ocrx_word' id='word_1_641' title='bbox 415 4628 550 4708; x_wconf 74' lang='lat' dir='ltr'><strong>vitus</strong></span> <span class='ocrx_word' id='word_1_642' title='bbox 577 4627 830 4683; x_wconf 79' lang='lat' dir='ltr'><strong>sanandi.</strong></span> 
     </span>
    </p>
   </div>
   <div class='ocr_carea' id='block_1_93' title="bbox 487 4719 1997 4792">
    <p class='ocr_par' dir='ltr' id='par_1_93' title="bbox 487 4719 1997 4792">
     <span class='ocr_line' id='line_1_93' title="bbox 487 4719 1997 4792; baseline 0.005 -18"><span class='ocrx_word' id='word_1_643' title='bbox 487 4719 627 4776; x_wconf 89' lang='lat' dir='ltr'><strong>Nam</strong></span> <span class='ocrx_word' id='word_1_644' title='bbox 666 4722 714 4778; x_wconf 88' lang='lat' dir='ltr'><strong>si</strong></span> <span class='ocrx_word' id='word_1_645' title='bbox 757 4721 929 4777; x_wconf 88' lang='lat' dir='ltr'><strong>alium</strong></span> <span class='ocrx_word' id='word_1_646' title='bbox 956 4721 1246 4778; x_wconf 85' lang='lat' dir='ltr'><strong>occidendi</strong></span> <span class='ocrx_word' id='word_1_647' title='bbox 1286 4722 1438 4778; x_wconf 89' lang='lat' dir='ltr'><strong>nulla</strong></span> <span class='ocrx_word' id='word_1_648' title='bbox 1472 4737 1714 4792; x_wconf 89' lang='lat' dir='ltr'><strong>unquam</strong></span> <span class='ocrx_word' id='word_1_649' title='bbox 1741 4733 1828 4781; x_wconf 87' lang='lat' dir='ltr'><strong>est</strong></span> <span class='ocrx_word' id='word_1_650' title='bbox 1857 4731 1997 4781; x_wconf 85' lang='lat' dir='ltr'><strong>tem-</strong></span> 
     </span>
    </p>
   </div>
   <div class='ocr_carea' id='block_1_94' title="bbox 419 4809 1992 4886">
    <p class='ocr_par' dir='ltr' id='par_1_94' title="bbox 419 4809 1992 4886">
     <span class='ocr_line' id='line_1_94' title="bbox 419 4809 1992 4886; baseline 0.003 -16"><span class='ocrx_word' id='word_1_651' title='bbox 419 4809 728 4885; x_wconf 80' lang='lat' dir='ltr'><strong>&#39;pestiritas,</strong></span> <span class='ocrx_word' id='word_1_652' title='bbox 763 4815 909 4886; x_wconf 90' lang='lat' dir='ltr'><strong>quod</strong></span> <span class='ocrx_word' id='word_1_653' title='bbox 945 4816 1218 4872; x_wconf 90' lang='lat' dir='ltr'><strong>actionem</strong></span> <span class='ocrx_word' id='word_1_654' title='bbox 1252 4815 1526 4886; x_wconf 89' lang='lat' dir='ltr'><strong>ejusmodi</strong></span> <span class='ocrx_word' id='word_1_655' title='bbox 1560 4817 1708 4875; x_wconf 86' lang='lat' dir='ltr'><strong>Deus</strong></span> <span class='ocrx_word' id='word_1_656' title='bbox 1736 4817 1992 4886; x_wconf 86' lang='lat' dir='ltr'><strong>vetuerit,</strong></span> 
     </span>
    </p>
   </div>
   <div class='ocr_carea' id='block_1_95' title="bbox 413 4905 2048 4982">
    <p class='ocr_par' dir='ltr' id='par_1_95' title="bbox 413 4905 2048 4982">
     <span class='ocr_line' id='line_1_95' title="bbox 413 4905 2048 4982; baseline 0.004 -21"><span class='ocrx_word' id='word_1_657' title='bbox 413 4921 480 4961; x_wconf 88' lang='lat' dir='ltr'><strong>ac</strong></span> <span class='ocrx_word' id='word_1_658' title='bbox 514 4905 776 4963; x_wconf 87' lang='lat' dir='ltr'><strong>detestari</strong></span> <span class='ocrx_word' id='word_1_659' title='bbox 808 4909 1044 4980; x_wconf 83' lang='lat' dir='ltr'><strong>quisque</strong></span> <span class='ocrx_word' id='word_1_660' title='bbox 1076 4917 1132 4964; x_wconf 88' lang='lat' dir='ltr'><strong>et</strong></span> <span class='ocrx_word' id='word_1_661' title='bbox 1161 4909 1344 4964; x_wconf 86' lang='lat' dir='ltr'><strong>odisse</strong></span> <span class='ocrx_word' id='word_1_662' title='bbox 1377 4909 1603 4978; x_wconf 87' lang='lat' dir='ltr'><strong>debeat;</strong></span> <span class='ocrx_word' id='word_1_663' title='bbox 1654 4911 1826 4982; x_wconf 89' lang='lat' dir='ltr'><strong>liquet</strong></span> <span class='ocrx_word' id='word_1_664' title='bbox 1850 4911 1989 4982; x_wconf 90' lang='lat' dir='ltr'><strong>jam,</strong></span> <span class='ocrx_word' id='word_1_665' title='bbox 2029 4944 2048 4960; x_wconf 80' lang='grc' dir='ltr'><strong><em>ο</em></strong></span> 
     </span>
    </p>
   </div>
   <div class='ocr_carea' id='block_1_96' title="bbox 2105 4638 3682 4796">
    <p class='ocr_par' dir='ltr' id='par_1_96' title="bbox 2105 4638 3682 4796">
     <span class='ocr_line' id='line_1_96' title="bbox 2105 4638 3682 4796; baseline -0.007 -15"><span class='ocrx_word' id='word_1_666' title='bbox 2105 4638 2376 4796; x_wconf 34' lang='lat' dir='ltr'><strong>“mox;</strong></span> <span class='ocrx_word' id='word_1_667' title='bbox 2398 4723 2574 4787; x_wconf 81' lang='grc' dir='ltr'>οὐδεὶς</span> <span class='ocrx_word' id='word_1_668' title='bbox 2606 4721 2798 4794; x_wconf 78' lang='grc' dir='ltr'>καιρὸς</span> <span class='ocrx_word' id='word_1_669' title='bbox 2835 4720 3080 4791; x_wconf 79' lang='grc' dir='ltr'>πέφυκεν</span> <span class='ocrx_word' id='word_1_670' title='bbox 3112 4677 3423 4791; x_wconf 74' lang='grc' dir='ltr'>ἐπιτήδειος</span> <span class='ocrx_word' id='word_1_671' title='bbox 3451 4717 3588 4790; x_wconf 78' lang='grc' dir='ltr'>πρὸς</span> <span class='ocrx_word' id='word_1_672' title='bbox 3622 4716 3682 4770; x_wconf 78' lang='grc' dir='ltr'>τὸ</span> 
     </span>
    </p>
   </div>
   <div class='ocr_carea' id='block_1_97' title="bbox 2101 4807 3682 4895">
    <p class='ocr_par' dir='ltr' id='par_1_97' title="bbox 2101 4807 3682 4895">
     <span class='ocr_line' id='line_1_97' title="bbox 2101 4807 3682 4895; baseline -0.007 -24"><span class='ocrx_word' id='word_1_673' title='bbox 2101 4814 2423 4871; x_wconf 83' lang='grc' dir='ltr'>ἀποκτεῖναί</span> <span class='ocrx_word' id='word_1_674' title='bbox 2447 4833 2589 4879; x_wconf 91' lang='grc' dir='ltr'>τινα,</span> <span class='ocrx_word' id='word_1_675' title='bbox 2617 4813 2718 4884; x_wconf 78' lang='grc' dir='ltr'>τῆς</span> <span class='ocrx_word' id='word_1_676' title='bbox 2745 4811 3003 4895; x_wconf 79' lang='grc' dir='ltr'>τοιαύτης</span> <span class='ocrx_word' id='word_1_677' title='bbox 3028 4810 3280 4882; x_wconf 80' lang='grc' dir='ltr'>πράξεως</span> <span class='ocrx_word' id='word_1_678' title='bbox 3304 4807 3682 4882; x_wconf 78' lang='grc' dir='ltr'>ἀπηγορευμὲ·</span> 
     </span>
    </p>
   </div>
   <div class='ocr_carea' id='block_1_98' title="bbox 2098 4899 3681 4980">
    <p class='ocr_par' dir='ltr' id='par_1_98' title="bbox 2098 4899 3681 4980">
     <span class='ocr_line' id='line_1_98' title="bbox 2098 4899 3681 4980; baseline -0.005 -19"><span class='ocrx_word' id='word_1_679' title='bbox 2098 4925 2196 4980; x_wconf 85' lang='grc' dir='ltr'><strong>νης</strong></span> <span class='ocrx_word' id='word_1_680' title='bbox 2225 4907 2431 4972; x_wconf 87' lang='grc' dir='ltr'>θεόθεν,</span> <span class='ocrx_word' id='word_1_681' title='bbox 2456 4905 2551 4960; x_wconf 71' lang='grc' dir='ltr'>καὶ</span> <span class='ocrx_word' id='word_1_682' title='bbox 2576 4907 2743 4960; x_wconf 86' lang='grc' dir='ltr'>πᾶσιν</span> <span class='ocrx_word' id='word_1_683' title='bbox 2767 4905 3112 4968; x_wconf 78' lang='grc' dir='ltr'>ἀπευκταῖας</span> <span class='ocrx_word' id='word_1_684' title='bbox 3135 4902 3231 4957; x_wconf 82' lang='grc' dir='ltr'>καὶ</span> <span class='ocrx_word' id='word_1_685' title='bbox 3266 4902 3565 4974; x_wconf 83' lang='grc' dir='ltr'>στυγητῆς,</span> <span class='ocrx_word' id='word_1_686' title='bbox 3597 4899 3681 4954; x_wconf 87' lang='grc' dir='ltr'>εῦ-</span> 
     </span>
    </p>
   </div>
   <div class='ocr_carea' id='block_1_99' title="bbox 417 4991 1999 5071">
    <p class='ocr_par' dir='ltr' id='par_1_99' title="bbox 417 4997 1996 5070">
     <span class='ocr_line' id='line_1_99' title="bbox 417 4997 1996 5070; baseline 0.005 -19"><span class='ocrx_word' id='word_1_687' title='bbox 417 4997 524 5068; x_wconf 78' lang='lat'><strong>73</strong></span> <span class='ocrx_word' id='word_1_688' title='bbox 556 4998 625 5052; x_wconf 86' lang='lat' dir='ltr'><strong>ab</strong></span> <span class='ocrx_word' id='word_1_689' title='bbox 659 4998 780 5069; x_wconf 89' lang='lat' dir='ltr'><strong>ipso</strong></span> <span class='ocrx_word' id='word_1_690' title='bbox 811 4999 1061 5070; x_wconf 85' lang='lat' dir='ltr'><strong>sapiente</strong></span> <span class='ocrx_word' id='word_1_691' title='bbox 1101 4997 1438 5055; x_wconf 82' lang='lat' dir='ltr'><strong>Ecclesiaste</strong></span> <span class='ocrx_word' id='word_1_692' title='bbox 1474 5014 1667 5055; x_wconf 87' lang='lat' dir='ltr'><strong>ansam</strong></span> <span class='ocrx_word' id='word_1_693' title='bbox 1711 5001 1803 5057; x_wconf 85' lang='lat' dir='ltr'><strong>hic</strong></span> <span class='ocrx_word' id='word_1_694' title='bbox 1834 5001 1996 5060; x_wconf 88' lang='lat' dir='ltr'><strong>nobis</strong></span> 
     </span>
    </p>
   </div>
   <div class='ocr_carea' id='block_1_100' title="bbox 2105 4991 3678 5071">
    <p class='ocr_par' dir='ltr' id='par_1_100' title="bbox 2105 4991 3678 5071">
     <span class='ocr_line' id='line_1_100' title="bbox 2105 4991 3678 5071; baseline -0.006 -19"><span class='ocrx_word' id='word_1_695' title='bbox 2105 4999 2274 5071; x_wconf 67' lang='grc' dir='ltr'>Βηλον,</span> <span class='ocrx_word' id='word_1_696' title='bbox 2303 4998 2378 5063; x_wconf 83' lang='grc' dir='ltr'><strong>ὡς</strong></span> <span class='ocrx_word' id='word_1_697' title='bbox 2410 4995 2774 5067; x_wconf 84' lang='grc' dir='ltr'>ἀναγωγικῶς</span> <span class='ocrx_word' id='word_1_698' title='bbox 2803 4996 3023 5050; x_wconf 85' lang='grc' dir='ltr'>δίδωσιν</span> <span class='ocrx_word' id='word_1_699' title='bbox 3043 4996 3189 5065; x_wconf 63' lang='grc' dir='ltr'>ἡμῖν</span> <span class='ocrx_word' id='word_1_700' title='bbox 3223 4994 3426 5048; x_wconf 78' lang='grc' dir='ltr'>ἐννοεῖν</span> <span class='ocrx_word' id='word_1_701' title='bbox 3455 4994 3486 5046; x_wconf 89' lang='grc' dir='ltr'><strong>ό</strong></span> <span class='ocrx_word' id='word_1_702' title='bbox 3519 4991 3678 5059; x_wconf 78' lang='grc' dir='ltr'>σοφὸς</span> 
     </span>
    </p>
   </div>
   <div class='ocr_carea' id='block_1_101' title="bbox 417 5091 1998 5163">
    <p class='ocr_par' dir='ltr' id='par_1_101' title="bbox 417 5091 1998 5163">
     <span class='ocr_line' id='line_1_101' title="bbox 417 5091 1998 5163; baseline 0.003 -17"><span class='ocrx_word' id='word_1_703' title='bbox 417 5091 649 5162; x_wconf 55' lang='lat' dir='ltr'><strong>praeberi</strong></span> <span class='ocrx_word' id='word_1_704' title='bbox 707 5091 1066 5163; x_wconf 86' lang='lat' dir='ltr'><strong>mysticarum</strong></span> <span class='ocrx_word' id='word_1_705' title='bbox 1127 5094 1696 5161; x_wconf 89' lang='lat' dir='ltr'><strong>commentationum,</strong></span> <span class='ocrx_word' id='word_1_706' title='bbox 1754 5110 1879 5150; x_wconf 92' lang='lat' dir='ltr'><strong>cum</strong></span> <span class='ocrx_word' id='word_1_707' title='bbox 1941 5103 1998 5152; x_wconf 89' lang='lat' dir='ltr'><strong>et</strong></span> 
     </span>
    </p>
   </div>
   <div class='ocr_carea' id='block_1_102' title="bbox 2104 5078 3677 5162">
    <p class='ocr_par' dir='ltr' id='par_1_102' title="bbox 2104 5078 3677 5162">
     <span class='ocr_line' id='line_1_102' title="bbox 2104 5078 3677 5162; baseline -0.006 -17"><span class='ocrx_word' id='word_1_708' title='bbox 2104 5090 2539 5162; x_wconf 74' lang='grc' dir='ltr'>Ἐκκλησιαστὴς</span> <span class='ocrx_word' id='word_1_709' title='bbox 2565 5089 2659 5144; x_wconf 91' lang='grc' dir='ltr'><strong>τοῦ</strong></span> <span class='ocrx_word' id='word_1_710' title='bbox 2694 5089 3015 5144; x_wconf 85' lang='grc' dir='ltr'>ἀποκτεῖναι</span> <span class='ocrx_word' id='word_1_711' title='bbox 3040 5086 3132 5140; x_wconf 85' lang='grc' dir='ltr'>τὸν</span> <span class='ocrx_word' id='word_1_712' title='bbox 3164 5085 3378 5158; x_wconf 76' lang='grc' dir='ltr'>καιρὸν,</span> <span class='ocrx_word' id='word_1_713' title='bbox 3409 5087 3468 5140; x_wconf 83' lang='grc' dir='ltr'>ὲν</span> <span class='ocrx_word' id='word_1_714' title='bbox 3499 5078 3544 5153; x_wconf 79' lang='grc' dir='ltr'><strong>ᾧ</strong></span> <span class='ocrx_word' id='word_1_715' title='bbox 3575 5085 3677 5146; x_wconf 79' lang='grc' dir='ltr'><strong>πᾶς</strong></span> 
     </span>
    </p>
   </div>
   <div class='ocr_carea' id='block_1_103' title="bbox 415 5179 1999 5265">
    <p class='ocr_par' dir='ltr' id='par_1_103' title="bbox 415 5182 1998 5265">
     <span class='ocr_line' id='line_1_103' title="bbox 415 5182 1998 5265; baseline 0.004 -28"><span class='ocrx_word' id='word_1_716' title='bbox 415 5182 708 5239; x_wconf 87' lang='lat' dir='ltr'><strong>occidendi</strong></span> <span class='ocrx_word' id='word_1_717' title='bbox 766 5183 1250 5254; x_wconf 84' lang='lat' dir='ltr'><strong>tempestivitatem</strong></span> <span class='ocrx_word' id='word_1_718' title='bbox 1321 5200 1447 5242; x_wconf 89' lang='lat' dir='ltr'><strong>esse</strong></span> <span class='ocrx_word' id='word_1_719' title='bbox 1521 5185 1654 5242; x_wconf 90' lang='lat' dir='ltr'><strong>dicit</strong></span> <span class='ocrx_word' id='word_1_720' title='bbox 1701 5205 1716 5242; x_wconf 94' lang='lat'><strong>:</strong></span> <span class='ocrx_word' id='word_1_721' title='bbox 1767 5202 1998 5265; x_wconf 79' lang='lat' dir='ltr'><strong>eamque</strong></span> 
     </span>
    </p>
   </div>
   <div class='ocr_carea' id='block_1_104' title="bbox 2105 5179 3674 5265">
    <p class='ocr_par' dir='ltr' id='par_1_104' title="bbox 2105 5179 3674 5254">
     <span class='ocr_line' id='line_1_104' title="bbox 2105 5179 3674 5254; baseline -0.006 -17"><span class='ocrx_word' id='word_1_722' title='bbox 2105 5181 2252 5254; x_wconf 73' lang='grc' dir='ltr'>5ζῇν</span> <span class='ocrx_word' id='word_1_723' title='bbox 2283 5181 2482 5236; x_wconf 77' lang='grc' dir='ltr'>ἐθέλων</span> <span class='ocrx_word' id='word_1_724' title='bbox 2520 5181 2930 5252; x_wconf 80' lang='grc' dir='ltr'>πνευματικῶς,</span> <span class='ocrx_word' id='word_1_725' title='bbox 2965 5179 3034 5234; x_wconf 80' lang='grc' dir='ltr'><strong>τὰ</strong></span> <span class='ocrx_word' id='word_1_726' title='bbox 3067 5179 3309 5252; x_wconf 87' lang='grc' dir='ltr'>σαρκικά</span> <span class='ocrx_word' id='word_1_727' title='bbox 3352 5179 3674 5248; x_wconf 78' lang='grc' dir='ltr'>φρονήματα</span> 
     </span>
    </p>
   </div>
   <div class='ocr_carea' id='block_1_105' title="bbox 413 5275 1994 5352">
    <p class='ocr_par' dir='ltr' id='par_1_105' title="bbox 413 5275 1994 5352">
     <span class='ocr_line' id='line_1_105' title="bbox 413 5275 1994 5352; baseline 0.003 -22"><span class='ocrx_word' id='word_1_728' title='bbox 413 5289 576 5340; x_wconf 87' lang='lat' dir='ltr'><strong>esse,</strong></span> <span class='ocrx_word' id='word_1_729' title='bbox 623 5275 679 5330; x_wconf 89' lang='lat' dir='ltr'><strong>in</strong></span> <span class='ocrx_word' id='word_1_730' title='bbox 715 5291 824 5348; x_wconf 88' lang='lat' dir='ltr'><strong>qua</strong></span> <span class='ocrx_word' id='word_1_731' title='bbox 864 5277 960 5347; x_wconf 89' lang='lat' dir='ltr'><strong>qui</strong></span> <span class='ocrx_word' id='word_1_732' title='bbox 1008 5277 1175 5333; x_wconf 92' lang='lat' dir='ltr'><strong>vitam</strong></span> <span class='ocrx_word' id='word_1_733' title='bbox 1225 5293 1389 5348; x_wconf 88' lang='lat' dir='ltr'><strong>agere</strong></span> <span class='ocrx_word' id='word_1_734' title='bbox 1435 5278 1775 5350; x_wconf 88' lang='lat' dir='ltr'><strong>spiritualem</strong></span> <span class='ocrx_word' id='word_1_735' title='bbox 1813 5280 1994 5352; x_wconf 91' lang='lat' dir='ltr'><strong>cupit,</strong></span> 
     </span>
    </p>
   </div>
   <div class='ocr_carea' id='block_1_106' title="bbox 417 5366 1991 5442">
    <p class='ocr_par' dir='ltr' id='par_1_106' title="bbox 417 5366 1991 5442">
     <span class='ocr_line' id='line_1_106' title="bbox 417 5366 1991 5442; baseline 0.001 -20"><span class='ocrx_word' id='word_1_736' title='bbox 417 5366 676 5424; x_wconf 84' lang='lat' dir='ltr'><strong>obscenis</strong></span> <span class='ocrx_word' id='word_1_737' title='bbox 727 5367 1126 5438; x_wconf 89' lang='lat' dir='ltr'><strong>cupiditatibus</strong></span> <span class='ocrx_word' id='word_1_738' title='bbox 1171 5369 1468 5440; x_wconf 86' lang='lat' dir='ltr'><strong>pravisque</strong></span> <span class='ocrx_word' id='word_1_739' title='bbox 1525 5370 1864 5442; x_wconf 88' lang='lat' dir='ltr'><strong>voluptatum</strong></span> <span class='ocrx_word' id='word_1_740' title='bbox 1909 5369 1991 5425; x_wconf 79' lang='lat' dir='ltr'><strong>af-</strong></span> 
     </span>
    </p>
   </div>
   <div class='ocr_carea' id='block_1_107' title="bbox 2091 5272 3674 5348">
    <p class='ocr_par' dir='ltr' id='par_1_107' title="bbox 2091 5272 3674 5348">
     <span class='ocr_line' id='line_1_107' title="bbox 2091 5272 3674 5348; baseline 0.006 -18"><span class='ocrx_word' id='word_1_741' title='bbox 2091 5277 2188 5330; x_wconf 78' lang='lat' dir='ltr'><strong>xal.</strong></span> <span class='ocrx_word' id='word_1_742' title='bbox 2232 5276 2330 5340; x_wconf 87' lang='grc' dir='ltr'><strong>τὰς</strong></span> <span class='ocrx_word' id='word_1_743' title='bbox 2364 5277 2684 5346; x_wconf 86' lang='grc' dir='ltr'>φιληδόνους</span> <span class='ocrx_word' id='word_1_744' title='bbox 2715 5277 2812 5348; x_wconf 84' lang='grc' dir='ltr'>τῆς</span> <span class='ocrx_word' id='word_1_745' title='bbox 2843 5273 3116 5346; x_wconf 73' lang='grc' dir='ltr'>ἁμαρτίας</span> <span class='ocrx_word' id='word_1_746' title='bbox 3152 5272 3484 5336; x_wconf 78' lang='grc' dir='ltr'>ἀποκτείνας</span> <span class='ocrx_word' id='word_1_747' title='bbox 3526 5272 3674 5340; x_wconf 52' lang='lat' dir='ltr'><strong>mw&#39;l&#39;</strong></span> 
     </span>
    </p>
   </div>
   <div class='ocr_carea' id='block_1_108' title="bbox 2099 5363 3673 5440">
    <p class='ocr_par' dir='ltr' id='par_1_108' title="bbox 2099 5363 3673 5440">
     <span class='ocr_line' id='line_1_108' title="bbox 2099 5363 3673 5440; baseline -0.006 -18"><span class='ocrx_word' id='word_1_748' title='bbox 2099 5385 2236 5436; x_wconf 86' lang='grc' dir='ltr'>σεις,</span> <span class='ocrx_word' id='word_1_749' title='bbox 2263 5367 2531 5440; x_wconf 74' lang='grc' dir='ltr'>λαμϐάνει</span> <span class='ocrx_word' id='word_1_750' title='bbox 2561 5368 2872 5439; x_wconf 86' lang='grc' dir='ltr'>πρόσφορον</span> <span class='ocrx_word' id='word_1_751' title='bbox 2919 5365 3112 5436; x_wconf 83' lang='grc' dir='ltr'>καιρδν</span> <span class='ocrx_word' id='word_1_752' title='bbox 3157 5363 3417 5420; x_wconf 81' lang='grc' dir='ltr'>ἰάσασθαι</span> <span class='ocrx_word' id='word_1_753' title='bbox 3458 5363 3528 5418; x_wconf 82' lang='grc' dir='ltr'>τὰ</span> <span class='ocrx_word' id='word_1_754' title='bbox 3553 5377 3673 5415; x_wconf 81' lang='grc' dir='ltr'>συν-</span> 
     </span>
    </p>
   </div>
   <div class='ocr_carea' id='block_1_109' title="bbox 489 5584 1999 5676">
    <p class='ocr_par' dir='ltr' id='par_1_109' title="bbox 489 5589 1999 5676">
     <span class='ocr_line' id='line_1_109' title="bbox 489 5589 1999 5676; baseline 0.001 -32"><span class='ocrx_word' id='word_1_755' title='bbox 489 5589 605 5676; x_wconf 64' lang='grc' dir='ltr'>(ιι)</span> <span class='ocrx_word' id='word_1_756' title='bbox 634 5589 786 5676; x_wconf 61' lang='lat' dir='ltr'><strong>lsaia;</strong></span> <span class='ocrx_word' id='word_1_757' title='bbox 811 5605 960 5653; x_wconf 72' lang='lat' dir='ltr'><strong>xxvi,</strong></span> <span class='ocrx_word' id='word_1_758' title='bbox 990 5591 1078 5676; x_wconf 65' lang='lat' dir='ltr'><strong>l8,</strong></span> <span class='ocrx_word' id='word_1_759' title='bbox 1101 5590 1195 5648; x_wconf 90' lang='lat' dir='ltr'><strong>sed</strong></span> <span class='ocrx_word' id='word_1_760' title='bbox 1225 5591 1369 5664; x_wconf 91' lang='lat' dir='ltr'><strong>apud</strong></span> <span class='ocrx_word' id='word_1_761' title='bbox 1396 5589 1537 5646; x_wconf 82' lang='lat' dir='ltr'><strong>LXX</strong></span> <span class='ocrx_word' id='word_1_762' title='bbox 1570 5591 1898 5662; x_wconf 90' lang='lat' dir='ltr'><strong>legimus....</strong></span> <span class='ocrx_word' id='word_1_763' title='bbox 1922 5591 1999 5646; x_wconf 78' lang='grc' dir='ltr'>Σω</span> 
     </span>
    </p>
   </div>
   <div class='ocr_carea' id='block_1_110' title="bbox 2105 5584 3672 5676">
    <p class='ocr_par' dir='ltr' id='par_1_110' title="bbox 2105 5584 3672 5663">
     <span class='ocr_line' id='line_1_110' title="bbox 2105 5584 3672 5663; baseline -0.003 -20"><span class='ocrx_word' id='word_1_764' title='bbox 2105 5589 2204 5656; x_wconf 66' lang='lat' dir='ltr'><strong>lia;</strong></span> <span class='ocrx_word' id='word_1_765' title='bbox 2237 5606 2352 5656; x_wconf 84' lang='grc' dir='ltr'>σου,</span> <span class='ocrx_word' id='word_1_766' title='bbox 2372 5589 2398 5642; x_wconf 84' lang='grc' dir='ltr'><strong>ὃ</strong></span> <span class='ocrx_word' id='word_1_767' title='bbox 2419 5590 2768 5663; x_wconf 79' lang='grc' dir='ltr'>ἐποιήσαμεν</span> <span class='ocrx_word' id='word_1_768' title='bbox 2796 5587 2890 5641; x_wconf 74' lang='grc' dir='ltr'><strong>ἐπὶ</strong></span> <span class='ocrx_word' id='word_1_769' title='bbox 2908 5584 3007 5660; x_wconf 77' lang='grc' dir='ltr'>τῆς</span> <span class='ocrx_word' id='word_1_770' title='bbox 3037 5589 3159 5660; x_wconf 81' lang='grc' dir='ltr'>γῆς.</span> <span class='ocrx_word' id='word_1_771' title='bbox 3187 5587 3378 5644; x_wconf 81' lang='lat' dir='ltr'><strong>Latina</strong></span> <span class='ocrx_word' id='word_1_772' title='bbox 3400 5600 3534 5643; x_wconf 88' lang='lat' dir='ltr'><strong>vero</strong></span> <span class='ocrx_word' id='word_1_773' title='bbox 3561 5599 3672 5642; x_wconf 71' lang='lat' dir='ltr'><strong>ma-</strong></span> 
     </span>
    </p>
   </div>
   <div class='ocr_carea' id='block_1_111' title="bbox 411 5661 1057 5734">
    <p class='ocr_par' dir='ltr' id='par_1_111' title="bbox 411 5661 1057 5734">
     <span class='ocr_line' id='line_1_111' title="bbox 411 5661 1057 5734; baseline 0.003 -20"><span class='ocrx_word' id='word_1_774' title='bbox 411 5661 496 5732; x_wconf 75' lang='lat' dir='ltr'><strong>gis</strong></span> <span class='ocrx_word' id='word_1_775' title='bbox 528 5662 692 5717; x_wconf 87' lang='lat' dir='ltr'><strong>etiam</strong></span> <span class='ocrx_word' id='word_1_776' title='bbox 722 5662 1057 5734; x_wconf 87' lang='lat' dir='ltr'><strong>discrepant.</strong></span> 
     </span>
    </p>
   </div>
  </div>
