3982 6190
297 288 494 360 ’ΐϐτ

1518 295 1581 355 S-
1623 292 1996 358 GREGORII
2028 291 2540 356 AGRIGENTINI

3536 289 3644 356 868

390 419 587 477 pareas
636 403 900 476 sapientis
940 403 1284 462 Ecclesiaste
1309 446 1326 473 ,
1377 405 1720 462 admonentis
1738 406 1972 485 __scilicet

2085 403 2294 460 ειαστοῦ
2328 404 2426 475 τήν
2454 399 2624 471 σοφὴν
2654 395 2993 469 παραίνεσιν,
3024 394 3266 481 δηλονότι
3316 396 3419 485 τὴν
3448 396 3649 465 λέγω.

391 496 867 568 tempestivitatem
890 509 1014 552 esse
1034 496 1277 564 amandi,
1301 510 1355 552 et
1372 484 1837 568 tempestivitatem
1848 498 1974 555 odio

2085 510 2190 557 ταν,
2282 491 2488 561 Καιρὺς
2514 489 2610 543 τοῦ
2641 487 2888 556 φιλῆσαι,
2920 485 3016 539 καὶ
3048 484 3239 555 καιρὸς
3256 484 3355 537 τοῦ
3388 486 3644 556 μισῆσαι.

393 587 650 642 habendi.
675 586 732 641 ln
771 600 880 640 uno
924 586 1069 641 enim
1095 587 1397 658 eodemque
1424 589 1661 651 homine,
1689 592 1780 660 qui
1808 589 1964 644 bonis

2085 586 2215 655 Πρὸς
2240 584 2349 654 γὰρ
2378 582 2469 636 τὸν
2495 580 2592 633 ἕνα
2620 579 2716 632 καὶ
2746 578 2838 632 τὸν
2865 576 3028 631 αὐτὸν
3078 574 3369 644 ἱστάμενον
3418 577 3478 627 ὲν
3535 576 3649 639 τοίς

391 677 683 739 aclhmreat,
711 685 766 730 et
805 676 1086 730 veritatem
1119 677 1498 748 justitiamque
1523 678 1707 743 colat,
1739 695 1803 732 ac
1837 694 1963 731 rur-

2074 676 2304 745 ἀγαθοῖς
2343 674 2440 726 καὶ
2463 670 2766 742 φρονοῦντα
2815 668 2886 721 τὰ
2932 668 3031 737 τῆς
3093 665 3355 737 ἀληθείας
3388 665 3486 719 καὶ
3543 664 3679 734 τῆς

392 782 515 822 sum
556 767 806 823 inversus
836 768 1232 838 traductusque
1255 769 1329 824 sit
1358 771 1424 823 ad
1446 769 1724 838 oppositas
1750 769 1964 838 opinio-

2085 762 2442 833 Βικαιοσύνης,
2479 762 2574 814 καὶ
2604 759 2766 814 πάλιν
2806 757 3170 811 ἀλλοιωθέντα
3200 756 3323 843 διαὶ
3372 755 3647 825 μεταϐλη-

396 876 491 915 nes
518 868 681 929 atque
713 860 1010 915 sententias
1034 900 1050 924 ,
1082 861 1301 930 propria
1339 869 1397 916 et
1444 862 1700 916 distincta
1748 862 1962 915 amandi

393 958 557 1018 atque
611 948 738 1005 odio
798 949 1028 1004 habendi
1080 952 1287 1007 eminet
1330 952 1747 1022 tempestivitas.
1803 951 1967 1007 Addit

395 1040 591 1095 deinde
622 1057 636 1093 :

2083 856 2244 909 θέντα
2272 855 2408 925 πρὸς
2453 852 2550 916 τάς
2580 849 2961 920 ἀντικειμένας
2993 847 3296 918 ὑπολήψεις
3343 847 3435 900 καὶ
3463 846 3646 909 δόξας,

2072 944 2215 1015 ἔχεις
2244 942 2451 998 καὶτοῦ
2483 941 2656 1010 φιλεῖν
2676 940 2779 1019 ἕαὶ
2808 938 2903 991 τοῦ
2958 939 3139 1007 μισεῖν
3186 935 3518 1007 διῃρημένον
3550 932 3650 984 καὶ

2074 1036 2382 1108 πρόσφορον
2416 1034 2505 1085 τὸν
2532 1031 2743 1102 καιρόν.
2774 1025 2911 1083 Εἷτά
2940 1043 3125 1099 φησιν*

1941 1147 2130 1219 §qu.

472 1272 868 1342 Tempestioitas
904 1269 1048 1333 belli,
1084 1271 1456 1341 tempestivitas
1486 1270 1633 1338 pacis
1672 1268 1806 1339 (29).

468 1365 586 1420 Hoc
608 1376 829 1433 quoque
858 1360 1179 1416 sententiam
1198 1360 1364 1415 habet
1395 1361 1662 1413 eamdem.
1691 1355 1968 1413 Obluctari

397 1459 543 1513 enim
582 1470 703 1519 nos,
742 1453 1055 1522 bellumque
1079 1467 1265 1521 gerere
1300 1467 1422 1506 cum
1454 1452 1782 1507 adversariis
1811 1461 1972 1521 atque

404 1547 654 1604 hostibus
684 1545 902 1616 pietatis
921 1559 1020 1614 par
1049 1542 1230 1599 fuerit.
1260 1545 1328 1597 At
1356 1545 1449 1597 ubi
1480 1544 1818 1614 resipiscere,
1840 1543 1973 1613 piis-

2146 1258 2365 1329 Καιρὸς
2397 1229 2686 1320 πολέμου,
2729 1256 2936 1323 καιρὸς
2971 1254 3238 1324 εἰρήνης.

2145 1349 2255 1402 Καὶ
2290 1348 2446 1402 τοῦτο
2475 1347 2573 1416 τῆς
2614 1345 2783 1414 αὐτῆς
2836 1344 3020 1415 ἔχεται
3075 1345 3352 1405 διανοίας·
3408 1345 3654 1411 ἀνταγω-

2046 1466 2049 1469 ·
2076 1438 2323 1506 νίζεσθαι
2350 1439 2457 1507 γὰρ
2491 1437 2735 1507 προσῆκε
2772 1435 2864 1490 καὶ
2891 1436 3150 1504 πολεμεῖν
3168 1438 3300 1497 "toi;
3328 1435 3654 1498 ἀντιπάλοις

2076 1534 2172 1589 καὶ
2202 1530 2481 1601 πολεμίοις
2524 1530 2623 1599 τῆς
2654 1528 2953 1590 εὐσεϐείας.
2982 1521 3111 1580 Ἐὰν
3140 1528 3198 1580 δὲ
3241 1530 3515 1599 συνήσωσι
3556 1528 3654 1582 καὶ

403 1651 512 1707 que
542 1612 888 1692 sermonibus
918 1612 1079 1689 aures
1138 1633 1380 1703 praebere
1431 1612 1714 1702 emperiut,
1755 1612 1972 1702 jamque

2085 1620 2491 1694 παραδέξωνται
2519 1619 2620 1689 τῆς
2649 1617 2937 1682 εὐσεϐείας
2973 1618 3065 1671 τδν
3089 1618 3270 1685 λόγον,
3301 1620 3397 1673 καὶ
3422 1612 3526 1688 τῆς
3574 1623 3654 1673 εἰ·

411 1726 999 1798 prol’essiouis'nostraz
1018 1725 1277 1794 praeclara
1306 1731 1433 1777 nota
1456 1722 1716 1792 insignes.
1744 1723 1797 1778 in
1842 1738 1971 1777 vera

402 1818 648 1875 doctrina
675 1825 727 1870 et
767 1813 859 1870 Dei
900 1814 1142 1884 supremi
1191 1814 1337 1867 cultu
1384 1813 1668 1869 nobiscum
1698 1814 1971 1881 sentiant;

405 1918 522 1965 tum
559 1907 747 1979 pacem
782 1918 927 1962 recte
964 1921 1087 1961 cum
1117 1904 1202 1959 his
1230 1914 1285 1959 et
1308 1904 1653 1960 concordiam
1688 1892 1958 1971 ineamus.

404 2000 545 2056 Ecce
571 2013 703 2054 vero
736 1998 823 2052 hic
847 1996 1010 2051 etiam
1045 1995 1441 2065 tempestivitas
1485 1994 1637 2065 pacis
1674 2004 1728 2050 et
1769 2004 1974 2063 tempe-

407 2090 626 2147 stivitas
647 2086 799 2149 belli,
822 2084 971 2156 pacis
997 2085 1210 2140 scilicet
1230 2099 1294 2140 ac
1317 2084 1445 2139 belli
1470 2099 1598 2155 erga
1630 2100 1792 2139 unam
1823 2082 1975 2140 eam-

406 2180 641 2248 demque
672 2191 984 2248 personam.
1018 2173 1204 2229 lunata
1246 2175 1445 2244 quippe
1480 2176 1764 2244 prudentia
1798 2186 1852 2230 et
1887 2176 1971 2229 di-

404 2269 661 2322 vinarum
702 2266 879 2335 legum
926 2262 1246 2333 praescripta
1289 2277 1354 2317 ac
1381 2263 1553 2316 multo
1603 2263 1774 2331 magis
1802 2263 1975 2332 gratia

404 2359 520 2421 illa,
551 2372 714 2425 quam
756 2354 1020 2425 singulari
1048 2354 1139 2409 Dei
1166 2352 1503 2423 benignitate
1547 2354 1583 2407 ii
1617 2354 1909 2423 accipiunt,
1945 2370 1976 2410 a

406 2451 611 2519 quibus
651 2466 671 2500 ι
710 2448 965 2502 voluntas
990 2445 1081 2500 Dei
1112 2445 1252 2500 bona
1285 2456 1339 2500 et
1361 2447 1498 2500 bene
1528 2446 1748 2516 plarens
1774 2456 1826 2501 et
1852 2462 1976 2516 per-

406 2541 551 2598 fecta
576 2540 624 2573 ⁸⁸
670 2558 690 2593 ι
726 2537 1068 2608 inquiritur,
1119 2544 1424 2605 opportune
1454 2550 1668 2606 semper
1706 2551 1806 2596 nos
1845 2537 1977 2591 edo-

402 2644 550 2695 cent,
574 2629 764 2701 quales
792 2628 1050 2684 exhibere
1082 2641 1182 2681 nos
1199 2626 1514 2691 debeamus,
1542 2636 1597 2682 et
1634 2643 1739 2696 qua
1771 2628 1979 2683 ratione

406 2721 641 2778 meliora
680 2733 709 2773 a
742 2716 1425 2790 pejoribus'secerneutes,
1458 2716 1717 2771 salutaria
1760 2717 1976 2788 Deoque

403 2819 630 2881 accepta
670 2819 997 2879 praeoptare,
1047 2807 1376 2875 contemptis
1408 2806 1496 2872 iis,
1551 2822 1673 2876 qua:
1709 2819 1973 2877 quantum

406 2917 437 2956 a
474 2900 584 2956 Deo
614 2908 888 2965 avertunt,
918 2906 1126 2953 tantum
1156 2896 1271 2967 86
1301 2896 1367 2951 ad
1406 2895 1696 2966 perniciem
1736 2898 1978 2967 compel-

402 2992 544 3047 lunt.
580 2989 742 3044 Addit
778 2987 1012 3044 subinde
1036 2985 1396 3042 Ecclesiastes
1432 3004 1446 3040 :

2076 1711 2351 1783 λικρινοῦς
2391 1709 2547 1782 ήμῶν
2579 1709 2816 1773 πίστεως
2851 1709 3333 1780 μεταμορφωθῶσι
3383 1713 3501 1774 τοῖς
3552 1727 3655 1780 χα-

2076 1807 2248 1878 ρακτῆ
2259 1822 2367 1875 ρσι,
2400 1803 2495 1859 καὶ
2524 1802 2966 1872 συμφωνήσωσιν
2994 1801 3128 1870 ήμῖν
3151 1801 3234 1864 είς
3280 1800 3379 1864 τὰς
3428 1800 3657 1873 ἀληθεῖς

2075 1896 2373 1967 ὑπολήψεις
2402 1894 2500 1957 τὰς
2530 1892 2668 1964 πρὸς
2715 1891 2808 1945 τὸν
2850 1891 2944 1944 ἐπὶ
2983 1890 3203 1943 πάντων
3262 1889 3396 1943 Θεόν
3419 1906 3436 1923 ’
3494 1881 3654 1960 τηνιζ

2074 1991 2251 2047 καῦτα
2275 1990 2370 2045 καὶ
2390 1989 2488 2059 τήν
2518 1989 2741 2060 εἰρήνην
2766 1985 3145 2056 ἀσπασὼμεθα
3174 1985 3270 2039 καὶ
3289 1986 3390 2057 τήν
3420 1987 3656 2057 ἀγάπην

2075 2082 2174 2154 τὴν
2228 2081 2365 2153 πρὸς
2421 2079 2641 2142 αὐτούς.
2682 2078 2816 2131 ’ἰδοὺ
2856 2076 3136 2131 κάνταῦθα
3182 2079 3377 2149 καιρὸς
3422 2079 3657 2148 εἰρήνης

2087 2174 2182 2228 καὶ
2207 2172 2398 2243 καιρὸς
2426 2170 2689 2239 πολέμου,
2732 2169 2973 2240 δηλονότι
3001 2169 3096 2222 καὶ
3149 2169 3248 2239 τῆς
3281 2170 3509 2242 εἰρήνης
3559 2171 3658 2224 καὶ

2076 2265 2168 2320 τοῦ
2209 2263 2447 2334 πολέμου
2477 2262 2613 2334 πρὸς
2637 2262 2699 2316 τὸ
2730 2261 2861 2315 αὑτὸ
2891 2260 2985 2315 καὶ
3010 2261 3068 2314 ἐν
3091 2260 3455 2331 ὑποκείμενον
3481 2263 3660 2333 πρόσ-

2076 2371 2250 2409 ωπον.
2315 2353 2383 2406 Ἦ
2407 2352 2516 2421 γὰρ
2548 2351 2789 2422 ἔμφυτος
2821 2350 3085 2422 φρόνησις
3112 2352 3210 2405 καὶ
3241 2351 3348 2405 τῶν
3374 2352 3539 2406 θείων
3568 2352 3661 2407 νό⁴

2081 2463 2196 2516 μων
2246 2445 2302 2498 αί
2326 2443 2621 2514 ὑποθῆκαι,
2640 2443 2744 2496 καὶ
2772 2441 2953 2513 πολλῷ
2976 2443 3033 2497 δὲ
3061 2442 3260 2512 μᾶλλον
3295 2445 3327 2513 ή
3368 2446 3522 2514 παρά
3553 2445 3661 2512 τῆς

2079 2536 2424 2606 θεοπρεποῦς
2484 2535 2817 2604 ἀγαθότητος
2870 2534 3129 2603 δεδομένη
3166 2534 3326 2606 χάρις
3375 2537 3494 2599 τοῖς
3546 2536 3661 2590 ἀπὸ

2078 2627 2306 2699 καρδίας
2335 2626 2624 2698 ἐκζητοῦσι
2656 2644 2675 2677 ι
2711 2625 2770 2680 τὺ
2800 2625 3014 2696 θέλημα
3047 2625 3139 2679 τοῦ
3170 2625 3306 2679 Θεοῦ
3352 2626 3414 2679 τὸ
3445 2627 3656 2695 ἀγαθὸν

2080 2720 2174 2771 καί⁵
2227 2719 2521 2790 εὐάρεστον
2574 2718 2669 2772 καὶ
2730 2718 2957 2781 τέλειον,
2994 2736 3012 2769 ι
3053 2718 3469 2772 ἐκδιδάσκουσιν
3506 2722 3657 2791 ἡμᾶς

2081 2809 2164 2877 ἐφ’
2192 2808 2407 2878 ἑκάστῳ
2437 2807 2614 2880 καιρῷ
2641 2807 2825 2872 ποίαις
2863 2808 3150 2878 ὀφείλομεν
3177 2808 3483 2879 κεχρῆσθαι
3512 2826 3658 2877 γνω-

2085 2904 2274 2969 μικαῑς
2305 2900 2575 2954 διαθέσεσι
2619 2903 2739 2963 ταῖς
2795 2900 3232 2965 διαστελλούσαις
3292 2901 3352 2954 τὸ
3408 2904 3659 2973 κρεῖττον

2005 2972 2051 3033 c
2082 2989 2190 3043 ἀπὸ
2219 2988 2313 3042 τοῦ
2354 2989 2616 3060 χείρονος,
2663 2991 2757 3043 καὶ
2808 2991 2869 3043 τὸ
2915 2992 3181 3045 σωστικὸν
3234 2994 3329 3045 καὶ
3390 2972 3654 3061 πρόξενον

402 3087 506 3157 τῆς
532 3085 672 3156 πρὸς
700 3082 833 3138 Θεδν
878 3081 1215 3153 οἰκειότητος
1242 3081 1354 3136 ἀπὸ
1382 3079 1477 3165 τοῦ
1525 3081 1894 3154 μακρύνοντος
1920 3083 1985 3139 ἐκ
2021 3083 2181 3148 Θεοῦ,
2229 3085 2322 3139 καὶ
2360 3085 2497 3155 πρδς
2559 3086 2836 3140 ἀπώλειαν
2902 3084 3289 3149 συνωθοῦντος.
3329 3081 3467 3141 Εἶτά
3494 3104 3661 3157 φησιν
3694 3128 3697 3131 η

400 3183 432 3236 ὀ
474 3178 903 3251 Ἐκκλησιαστής
924 3192 940 3209 °

1948 3264 1978 3335 ᾗ
2004 3267 2140 3327 XIV.

475 3362 643 3419 Vens.
689 3361 723 3416 9
766 3360 850 3416 10.
904 3357 1034 3425 Qua:
1088 3357 1418 3412 abundantia
1446 3369 1524 3414 est
1576 3359 1866 3430 facientis,
1933 3364 1989 3415 in

404 3457 593 3528 quibus
615 3456 722 3524 ipse
743 3453 948 3508 laborat
972 3453 999 3506 γ
1037 3450 1160 3505 Vidi
1176 3468 1380 3505 onmem
1416 3453 1808 3514 distentionem,
1826 3470 1984 3523 quam

402 3549 552 3603 dedit
601 3546 740 3601 Deus
787 3543 917 3614 filiis
966 3543 1257 3608 hominum,
1306 3551 1365 3596 ut
1413 3544 1786 3598 distendantur
1812 3546 1867 3599 in
1899 3562 1982 3600 ea.

411 3639 674 3696 Universa
700 3653 816 3708 qua,
834 3636 956 3707 fecit
980 3634 1116 3689 bona
1139 3634 1195 3688 in
1227 3635 1628 3702 tempestiuitate
1649 3637 1817 3704 ipsius
1844 3637 1980 3707 (30).

475 3726 595 3783 Erit
635 3725 890 3789 fortasse,
930 3723 1024 3794 qui
1055 3723 1171 3778 haec
1205 3731 1464 3791 reputans
1494 3724 1715 3785 haereat,
1739 3735 1792 3781 et
1830 3742 1861 3781 a
1891 3741 1982 3781 sa-

407 3819 593 3888 piente
630 3814 966 3871 Ecclesiaste
996 3813 1181 3869 iterari
1211 3813 1313 3870 hoc
1353 3813 1473 3868 loco
1508 3812 1677 3877 dicat,
1714 3832 1835 3886 qua:
1863 3802 1983 3887 jam

409 3907 695 3963 enuntiata
727 3904 878 3961 sunt.’
909 3903 1047 3959 Nam
1076 3903 1123 3959 si
1159 3903 1474 3973 huiusmodi
1505 3904 1683 3960 en‘atis
1715 3905 1978 3976 sup'erius

401 4014 624 4071 quoque
655 4012 791 4053 usus
830 4003 939 4061 est,
969 4008 1093 4050 cum
1124 3993 1201 4048 ait
1236 4011 1250 4047 :
1291 4012 1311 4045 ι
1348 3993 1491 4061 Quid
1537 3994 1697 4051 habet
1743 3997 1981 4066 amplius

404 4092 570 4145 homo
618 4088 686 4143 de
736 4087 999 4142 universo
1046 4085 1234 4141 labore
1284 4098 1408 4150 suo,
1460 4099 1572 4155 quo
1623 4086 1836 4142 laborat
1876 4088 1980 4143 sub

402 4178 519 4233 sole
544 4176 659 4233 "is
696 4185 750 4232 et
776 4190 994 4230 rursum
1030 4192 1044 4229 :
1079 4194 1098 4227 ι
1131 4175 1402 4241 Quoniam
1433 4175 1817 4231 distentionem
1860 4193 1980 4233 ma-

403 4269 511 4325 lam
541 4267 692 4322 dedit
722 4264 869 4320 Deus
901 4263 1029 4318 tiliis
1063 4263 1373 4330 hominum,
1416 4273 1479 4320 ut
1509 4265 1891 4321 distendantur
1925 4268 1982 4323 in

402 4359 530 4414 ea“
554 4375 570 4426 ;
598 4376 617 4408 ι
638 4356 787 4426 ’quid
822 4369 969 4410 nunc
998 4354 1223 4409 demum
1247 4354 1442 4410 eadem
1474 4357 1747 4426 usurpat?
1784 4359 1854 4413 At
1879 4374 1982 4415 nos

399 4449 596 4525 iudicii
626 4448 748 4518 ejus
777 4446 1097 4504 defensione
1128 4456 1406 4518 suscepta,
1441 4447 1688 4504 dicemus
1713 4450 1979 4519 apposite,

2170 3361 2267 3429 Τίς
2299 3363 2609 3432 περίσσεια
2646 3364 2751 3418 τοῦ
2782 3365 3100 3433 ποιοῦντος
3127 3367 3199 3421 ἐν
3225 3365 3314 3435 οῖς
3344 3371 3532 3438 αὐτὸς
3547 3389 3663 3442 μο-

2082 3452 2243 3523 χθεῖς
2295 3451 2478 3508 Εἶδον
2516 3454 2637 3508 σὺν
2692 3454 2799 3509 τὸν
2840 3458 3284 3527 περισπασμὸν,
3323 3460 3398 3515 ὃν
3437 3462 3665 3518 ἔδωκεν

2083 3547 2117 3598 ὁ
2146 3533 2290 3610 Oed};
2327 3543 2481 3610 υἱοῖς
2514 3544 2631 3597 τῶν
2659 3543 2986 3613 ἀνθρώπων
3017 3545 3125 3600 τοῦ
3157 3547 3564 3616 περισπᾶσθαι
3591 3550 3666 3604 ἐν

2080 3631 2261 3699 αὐτῷ.
2285 3633 2607 3703 Σύμπαντα
2628 3632 2668 3687 d
2684 3633 2932 3702 ἐποίησε
2956 3636 3115 3688 καλὰ
3143 3635 3214 3689 ἐν
3247 3637 3431 3706 καιρῷ
3445 3640 3662 3697 αὐτοῦ.

2172 3725 2326 3796 Τάχα
2349 3741 2431 3789 τις
2462 3725 2685 3797 ἀπορῶν
2715 3725 2908 3794 λόγους
2933 3728 3168 3799 οἰηθείη,
3199 3731 3293 3783 καὶ
3318 3733 3509 3803 φήσειε
3539 3749 3671 3787 ταυ-

2101 3815 2341 3886 τολογεῖν
2367 3818 2426 3871 ὲν
2457 3819 2572 3881 τοῖς
2603 3816 2787 3888 ῥητοῖς
2819 3817 3031 3883 τούτοις
3087 3819 3179 3874 τὸν
3214 3823 3379 3888 σοφὸν
3424 3823 3664 3887 Ἐκκλη-

2092 3911 2340 3978 σιαστήν.
2394 3909 2456 3961 Εἰ
2488 3908 2600 3978 γὰρ
2626 3911 2739 3972 τοῖς
2777 3910 3017 3978 παροῦσι
3051 3914 3235 3982 ῥητοῖς
3264 3914 3538 3985 ἐχρήσατο
3567 3918 3666 3970 καὶ

2088 3999 2372 4070 πρότερον,
2402 4001 2530 4053 ὅταν
2561 3999 2735 4069 ἔλεγε,
2774 4018 2792 4051 ι
2834 3999 2931 4064 Τίς
2956 4003 3243 4071 περίσσεια
3267 4003 3347 4074 τῷ
3382 4006 3664 4079 ἀνθρώπῳ

2090 4089 2149 4141 ἐν
2197 4090 2362 4143 παντὶ
2394 4090 2578 4161 μόχθῳ
2608 4089 2797 4155 αὑτοῦ,
2834 4084 2879 4157 ᾧ
2927 4092 3120 4163 μοχθεῖ
3180 4094 3286 4149 ὑπὸ
3331 4095 3620 4165 τδνῆλιον;
3646 4114 3665 4146 s

2084 4180 2181 4233 καὶ
2238 4180 2402 4235 πάλιν
2424 4220 2437 4243 .
2476 4200 2497 4233 ι
2538 4182 2662 4236 Ὅτι
2720 4185 3102 4255 περισπασμδν
3153 4188 3391 4257 πονηρὸν
3450 4187 3657 4241 ἔδωκεν

2085 4268 2116 4320 ὀ
2144 4268 2277 4332 Θεδς
2313 4271 2427 4333 τοῖς
2469 4272 2606 4336 uici;
2646 4270 2754 4325 τῶν
2791 4271 3092 4345 ἀνθρώπων
3142 4274 3235 4328 τοῦ
3280 4274 3661 4346 περισπᾶσθαι

2087 4362 2144 4412 ὲν
2192 4360 2374 4431 αὐτῷ·
2413 4381 2431 4414 ι
2466 4363 2520 4416 τί
2574 4364 2774 4433 δήποτε
2814 4366 2927 4445 ᾗνῦν
2977 4367 3249 4435 ἐχρήσατο
3283 4369 3397 4430 τοῖς
3432 4366 3664 4433 αὑτοῐςς

2087 4453 2226 4508 Ἀλλ’
2249 4456 2408 4524 ἡμεῖς
2430 4455 2532 4508 ὑπε
2540 4456 2841 4526 ραπολογού
2849 4475 2999 4527 μενοι
3014 4454 3114 4529 τῆς
3129 4459 3453 4530 ὑπολήψεως
3471 4460 3663 4526 αὑτοῦ,

399 4544 596 4603 iterata
642 4556 751 4597 non
791 4541 986 4607 videri,
1016 4556 1138 4616 quae
1180 4540 1389 4595 eisdem
1426 4540 1884 4610 appellationibus
1904 4556 1977 4623 rae

2087 4545 2329 4616 φαίημεν
2398 4545 2466 4600 ἂν
2525 4546 2685 4601 τοῦτο
2710 4549 3084 4619 χρεωστικῶς,
3116 4550 3192 4615 ὡς
3222 4552 3323 4605 οὐκ
3359 4550 3475 4605 ἐστι
3529 4570 3664 4607 ταυυ

401 4635 659 4691 formulis
687 4649 802 4690 rem
832 4633 990 4705 plane
1018 4634 1290 4687 diversam
1319 4630 1776 4687 considerandam
1823 4631 1981 4685 exhi-

400 4730 586 4787 beant.
617 4728 757 4785 Tum
806 4726 1161 4786 si’sentcntia
1209 4726 1398 4790 etiam,
1450 4741 1572 4796 qua:
1606 4725 1743 4796 ipsis
1772 4725 1824 4779 in
1855 4741 1981 4781 ver-
2024 4794 2031 4800 η

400 4824 490 4879 bis
544 4824 708 4886 inest,
774 4820 884 4874 vim
941 4816 1355 4889 quodammodo
1407 4824 1461 4870 et
1520 4814 1977 4886 significationem

401 4915 650 4971 eamdem
683 4893 883 4967 habere
931 4926 1152 4966 rursum
1200 4908 1492 4973 videatur;
1544 4922 1654 4962 non
1692 4907 1745 4961 id
1782 4907 1979 4963 absur-

400 5007 532 5063 dum
580 5020 722 5070 esse,
782 5002 1057 5074 siquidem
1108 5001 1216 5056 illis
1270 5011 1384 5055 tum
1436 5000 1631 5067 utaris,
1680 5015 1807 5056 cum
1862 5014 1973 5065 res,

399 5112 523 5169 quae
575 5103 882 5150 tractantur
927 5104 982 5148 et
1048 5105 1296 5161 persona:
1344 5091 1674 5161 requirunt;
1716 5088 1983 5161 quemad-

400 5189 621 5264 modum
681 5186 786 5240 hoc
835 5183 958 5239 loco
1015 5182 1222 5239 factum
1278 5190 1383 5238 est.
1436 5180 1568 5236 Nam
1630 5182 1675 5237 si
1722 5181 1977 5251 superius

395 5280 585 5347 etiam,
623 5292 749 5334 cum
804 5276 1005 5334 similia
1041 5275 1130 5331 his
1179 5272 1564 5345 perpendenda
1625 5281 1977 5344 proponeret,

396 5373 674 5432 dictiones
706 5369 999 5441 usurpavit
1025 5367 1245 5425 easdem
1277 5384 1292 5433 ;
1351 5366 1418 5420 iis
1450 5380 1596 5421 nunc
1644 5366 1777 5434 ipsis
1801 5364 1977 5435 potis-

464 5508 513 5541 ³³
545 5506 681 5561 Rom
734 5517 833 5569 tu,
860 5503 916 5559 ‘2.
991 5503 1038 5537 "
1063 5502 1241 5559 Eccle.
1275 5518 1336 5566 ιι,
1366 5502 1458 5556 22.
1496 5501 1540 5531 ⁶⁶
1559 5500 1689 5555 ibid.
1721 5499 1812 5554 26.

462 5599 578 5663 (29)
611 5600 759 5669 Apud
788 5598 949 5665 LXX,
973 5599 1066 5654 καὶ
1106 5597 1295 5669 καιρὸς
1326 5597 1567 5669 εἰρήνης..

2087 4635 2304 4703 τολογία
2327 4637 2389 4692 τὸ
2436 4638 2743 4711 κεχρῆσθαι
2766 4641 2892 4702 ταῖς
2941 4641 3139 4706 αὐταῖς
3196 4642 3517 4712 ὀνομασίαις
3566 4644 3666 4697 καὶ

2085 4725 2319 4791 λέξεσιν,
2352 4727 2483 4781 ὃταν
2528 4728 2853 4801 εὑρίσκηται
2911 4728 3171 4801 διάφορος
3201 4731 3256 4801 .ή
3322 4730 3504 4784 ἔννοια
3552 4731 3663 4784 τῶν

2088 4816 2291 4888 ῥητῶν.
2325 4817 2387 4870 Ei
2414 4817 2474 4870 δὲ
2510 4818 2604 4871 καὶ
2630 4821 2732 4889 τῆς
2761 4821 2932 4890 αὐτῆς
2986 4820 3200 4885 ἑννοίας
3244 4821 3662 4893 ἐνυπαρχούσης

2082 4910 2197 4972 τοῖς
2222 4910 2405 4981 ῥητοῖς
2428 4909 2571 4977 δόξει
2619 4928 2734 4973 πως
2761 4912 2794 4982 ή
2831 4912 2932 4982 τῆς
2964 4912 3320 4982 ταυτολογίας
3377 4912 3646 4984 ὀνομασία

2083 4996 2143 5051 τὸ
2175 4996 2341 5070 κῦρος
2370 4997 2534 5069 ἔχειν,
2587 4993 2701 5052 ex
2728 5001 2883 5054 οὐδὲν
2911 5001 3136 5067 ἄτοπον,
3168 5004 3216 5057 ει
3246 4989 3484 5075 γένηται
3502 5004 3663 5074 χρεία

2084 5088 2220 5158 πρὸς
2251 5088 2349 5158 τὴν
2376 5090 2484 5145 τῶν
2515 5091 2893 5162 ὑποκειμένων
2943 5094 3289 5165 πραγμάτοιν
3350 5095 3447 5148 καὶ
3494 5110 3660 5165 προσ-

2082 5180 2249 5234 ὠπων
2273 5181 2547 5247 ὑπόθεσιν,
2566 5184 2880 5263 χρήσασθαι
2906 5189 3017 5249 τοῖς
3047 5188 3250 5253 αὐτοῖς,
3266 5187 3401 5258 ὅπερ
3424 5188 3663 5241 κάνταῦο

2083 5273 2153 5328 θα
2187 5275 2560 5347 συμϐέϐηκεν.
2596 5278 2658 5331 Εἰ
2679 5277 2790 5347 γὰρ
2823 5280 2918 5332 καὶ
2948 5279 3212 5350 πρότερον
3238 5279 3327 5333 διά
3360 5280 3461 5343 τὶς
3488 5279 3661 5342 αὑτὰς

2081 5365 2293 5430 ἑννοίας
2319 5367 2413 5420 καὶ
2449 5370 2566 5432 ταῖς
2612 5369 2809 5433 αὑταῖς
2831 5372 3105 5442 ἐχρήσατο
3136 5369 3368 5436 λέξεσιν,
3394 5370 3535 5425 ἀλλέι
3555 5369 3656 5425 νῦν

463 5659 579 5736 C50)
610 5659 761 5740 Apud
788 5659 948 5735 LXX,
977 5669 1046 5722 τὰ
1073 5659 1362 5739 σύμπαντα
1381 5659 1947 5735 ἀᾶποίησε...01γιιιιι.
1988 5666 2083 5717 τοῦ
2117 5661 2393 5726 ποιοῦντος
2424 5664 2479 5716 ἰν
2506 5664 2688 5728 αὑτοῖς
2723 5659 2803 5727 οἷς
2833 5664 2993 5729 αὑτξς
3030 5667 3252 5736 μοχθεῖς
