3982 6190
398 220 507 289 869

1457 225 1540 286 IN
1570 224 2145 287 ECCLESIASTEN.
2186 252 2253 263 --
2280 228 2431 291 LIB.
2471 231 2589 292 III.

3571 244 3678 306 870

399 333 640 406 μάλιστα
664 331 874 388 τούτων
907 333 1108 408 ὶόεήθη
1142 335 1237 392 καὶ
1267 336 1456 409 χρείαν
1486 336 1612 410 ἔσχε
1642 338 1751 394 τῶν
1781 336 1955 393 ἑννοιιῖ

2058 335 2302 397 ιείηιυπι
2352 347 2405 395 et
2441 341 2731 399 sententiis
2768 352 2819 399 et
2875 344 3130 404 formulis
3160 362 3299 420 opus
3354 351 3476 409 fuit.
3519 354 3676 414 Post-

395 428 489 482 καὶ
514 426 628 481 τῶν
654 425 878 492 λέξεωνε
911 425 1052 500 Περὶ
1083 429 1194 500 γὰρ
1224 429 1317 482 τοῦ
1348 430 1543 501 χρόνου
1561 430 1854 503 διειληφὼς
1892 437 1987 490 καὶ

392 520 504 574 τῶν
532 517 677 574 κατά
712 517 979 596 συζυγίαν
1018 520 1231 593 καιρῶν
1285 523 1684 596 ἀντικειμένως
1738 527 1986 599 παραλη-

394 608 669 680 φθέντων,
706 610 803 664 καὶ
828 609 1171 683 θεασάμενος
1197 611 1300 684 τῆς
1353 614 1706 687 ἀνθρωπίνης
1768 617 1987 687 φύσεως

392 700 494 773 τὴν
525 701 842 767 ἀσθένειαν,
874 702 952 767 ὡς
979 704 1083 759 οὐκ
1139 702 1537 783 ἐξικνουμένης
1582 709 1675 764 τὸν
1732 711 1985 766 τοσοῦτον

393 792 564 849 κόπον
595 792 761 864 δῆθεν
795 793 1233 865 ἀναλαμϐάνειν,
1287 798 1383 851 καὶ
1433 803 1797 872 περισκοπεῖν
1850 802 1982 856 ἑκά-

395 901 526 939 στου
548 884 878 956 πράγματος
905 884 1001 941 τοῦ
1031 887 1203 943 καλοῦ
1231 890 1327 944 καὶ
1359 891 1728 965 συμφέροντος
1766 894 1984 948 ἀντιθέ-

391 994 499 1040 τως
527 975 951 1047 λαμϐανομένου
1000 980 1097 1034 καὶ
1119 979 1305 1051 ζητεῖν
1336 983 1427 1037 τὸν
1458 983 1671 1056 καιρὸν,
1695 984 1811 1039 ἀλλ’
1844 984 1982 1055 ἰλιγ-

391 1066 599 1138 γιὼοης
655 1067 796 1139 πρὸς
848 1068 947 1133 τάς
999 1073 1290 1140 γεγονυίας
1336 1074 1630 1147 διαιρέσεις
1684 1078 1834 1148 παρά
1882 1077 1979 1132 τοῦ

403 1159 987 1232 Ἑκκλησιαστούτῶν
1034 1163 1435 1235 ἀντικειμένων
1493 1167 1723 1237 καιρῶν,
1777 1170 1979 1240 χρῆναι

392 1249 575 1311 καλῶς
606 1251 760 1323 ᾠήθη
799 1252 1087 1324 συντόμως
1141 1255 1284 1324 ἄγαν
1316 1258 1410 1311 καὶ
1439 1257 1534 1312 νῦν
1566 1256 1725 1326 αὖθις
1761 1264 1977 1316 συστεῖ-

389 1338 479 1393 λαι
528 1338 591 1394 ea
642 1342 914 1414 φρύαγμα
955 1343 1058 1414 τῆς
1110 1346 1345 1416 οἰήσεως
1394 1349 1496 1420 τῆς
1542 1354 1978 1423 περισπωμένης

352 1483 367 1499 κ
392 1428 524 1501 περὶ
573 1427 674 1502 τὴν
727 1430 926 1501 κτῆσιν
965 1431 1077 1488 τῶν
1140 1428 1390 1505 ματαίων
1454 1439 1549 1492 καὶ
1602 1440 1977 1513 φθειρομένων

388 1516 572 1589 ψυχῆς
603 1519 742 1590 πρὸς
785 1518 1125 1593 ἀπράγμονα
1181 1524 1278 1579 καὶ
1317 1527 1602 1593 παντελῶς
1660 1530 1975 1600 ἀπερίσπασο

390 1622 517 1661 στον
547 1606 693 1680 ζωὴν
730 1609 828 1663 καὶ
863 1610 1215 1681 γαληνιῶσαν
1262 1616 1610 1693 ηκατάστασιν
1659 1619 1971 1691 συνωθῆσαι

385 1698 490 1770 τὴν
531 1697 891 1766 φιλόπλουτον
924 1700 1173 1774 γνώμην.
1291 1753 1294 1756 .

457 1790 559 1845 Διά
610 1791 771 1846 τοῦτό
813 1809 999 1864 φησιν,
1051 1810 1072 1846 ε
1106 1794 1204 1858 Τίς
1232 1795 1520 1866 περίσσεια
1556 1798 1654 1853 τοῦ
1688 1799 1971 1868 ποιοῦντος

387 1880 446 1934 ιν
474 1875 557 1945 οἷς
592 1881 755 1945 αὐτὸς
787 1882 1010 1953 μοχθεῖς
1051 1902 1070 1936 ι
1119 1886 1403 1957 μονονουχὶ
1452 1886 1563 1958 γάρ
1595 1905 1783 1959 φησιν,
1816 1890 1880 1945 Ei
1909 1888 1970 1945 δὶ

387 1970 517 2041 περὶ
548 1971 768 2026 πάντων
792 1971 902 2027 τῶν
932 1972 1074 2027 κατά
1106 1973 1201 2029 τὸν
1232 1974 1348 2046 βίον
1384 1977 1606 2059 ἀγαθῶν
1648 1981 1745 2035 καὶ
1790 1982 1969 2037 καλῶν

384 2062 481 2117 καὶ
526 2061 825 2117 λυσιτελῶν
869 2064 998 2118 ίδιον
1043 2066 1156 2135 ἐγὼ
1189 2067 1382 2138 καιρὸν
1427 2067 1564 2140 ἔφην
1592 2071 1865 2143 ὑπάρχειν
1889 2089 1904 2105 ο
1939 2075 1969 2128 ό

381 2152 440 2208 δὲ
490 2152 662 2217 πολὺς
714 2155 1024 2223 ἄνθρωπος,
1061 2157 1411 2223 κατακλάσας
1449 2160 1579 2231 περὶ
1626 2161 1728 2231 τὴν
1757 2162 1967 2219 τούτων

280 2244 283 2255 ’
386 2243 641 2315 μελέτην,
677 2244 739 2298 οὗ
774 2245 1026 2315 βούλεται
1053 2245 1261 2301 τιθέναι
1290 2248 1529 2320 σπουδὴν
1556 2251 1615 2304 έν
1645 2254 1758 2315 τοῖς
1790 2254 1968 2308 τοιού-

379 2349 529 2399 τοις,
569 2333 704 2387 ἀλλά
738 2334 900 2404 μόνον
933 2336 1142 2390 ἐκεῖνον
1175 2336 1320 2407 ἔχειν
1353 2338 1528 2392 έθέλει
1557 2339 1652 2393 τὸν
1688 2358 1965 2414 περισπα-

383 2424 524 2496 σμδν
546 2426 643 2480 καὶ
672 2425 769 2481 τὸν
800 2426 1023 2498 μόχθον,
1055 2426 1123 2481 δι’
1149 2423 1212 2485 οὗ
1249 2428 1594 2502 συναθροίσει
1622 2434 1718 2487 καὶ
1745 2432 1963 2502 συνάξει

381 2516 825 2573 πολλαπλασίονα
887 2519 985 2574 καὶ
1059 2521 1405 2576 παντοδαπὸν
1469 2523 1567 2579 τὸν
1607 2524 1964 2605 φθειρόμενον

380 2605 636 2675 πλοῦτον,
664 2609 761 2663 καὶ
789 2609 1061 2682 μηδεμίαν
1088 2611 1276 2683 ὄνησιν
1298 2612 1664 2685 προξενοῦντα
1691 2621 1805 2683 τοῖς
1830 2637 1964 2693 κτη-

383 2698 665 2770 σαμένοις,
699 2698 842 2772 πλὴν
868 2699 963 2754 τοῦ
998 2704 1194 2772 φαγεῖν
1228 2705 1323 2758 καὶ
1352 2708 1534 2789 πιεῖνδ
1567 2709 1776 2764 είπάτω
1802 2710 1963 2766 ποίαν

380 2789 706 2859 περισσείαν
748 2790 1082 2858 ἐπελπίζων,
1129 2794 1228 2849 καὶ
1276 2797 1415 2868 πρὸς
1452 2799 1607 2853 ποῖον
1636 2800 1963 2858 ἀποϐλέπων

378 2879 574 2951 κέρδος
623 2882 971 2954 ὀνησιφόρον,
1019 2877 1103 2949 οἷς
1153 2885 1318 2950 αὐτὸς
1369 2887 1567 2961 εὑρεθῇ
1607 2891 1823 2962 μοχθῶν
1866 2894 1963 2949 καὶ

376 2970 933 3043 ταλαιπωρούμενος,
986 2974 1350 3049 αἱρετώτερον
1405 2978 1579 3034 οίεται
1628 2981 1819 3036 τοῦτον
1865 2983 1958 3038 τὸν

2096 440 2261 497 quam
2294 430 2440 484 enim
2486 431 2553 486 de
2586 441 2830 504 tempore
2858 451 2922 491 ac
2961 437 3029 494 de
3073 443 3407 511 comparatis
3453 448 3676 517 opposi-

2094 531 2278 576 tarum
2320 536 2509 578 rerum
2550 528 3067 596 tempestivitatibus
3097 531 3377 601 disseruit,
3418 537 3674 596 humanae

2093 620 2305 669 natum
2347 614 2784 674 imbecillitatem
2835 624 3263 694 contemplatus,
3302 644 3423 697 qua:
3461 640 3671 688 tantum

2093 704 2200 758 sibi
2229 706 2472 764 laborem
2508 725 2790 768 assumere
2816 728 2922 768 non
2950 726 3162 787 pergat.
3198 730 3257 772 ut
3286 719 3339 773 in
3377 720 3466 775 illa
3496 738 3662 794 oppo-

2089 796 2288 853 sitione
2323 802 2591 872 cujusque
2619 805 2695 858 rei
2728 805 2884 860 bonae
2911 816 3073 878 atque
3104 810 3255 865 utilis
3276 818 3670 881 tempestivita-

2091 893 2196 942 tem
2227 889 2530 961 distinguat
2558 901 2726 963 atque
2759 898 3059 967 perquirat,
3089 901 3393 972 eademque
3430 906 3495 957 ad
3533 923 3669 961 con-

2091 982 2293 1039 trarias
2336 986 2520 1055 potius
2557 988 3051 1058 tempestivitates,
3115 1006 3255 1060 quas
3308 991 3666 1052 Ecclesiastes

2087 1069 2417 1142 designavit,
2455 1077 2615 1146 quasi
2660 1078 2927 1149 vertigine
2964 1080 3289 1148 delabatur;
3334 1097 3512 1151 opera:
3543 1102 3666 1153 pre-

2088 1159 2220 1214 tium
2273 1162 2451 1229 duxit,
2503 1165 2551 1221 si
2604 1167 2687 1222 vel
2734 1167 2912 1222 obiter
2956 1169 3047 1224 hic
3094 1170 3259 1225 etiam
3315 1171 3663 1229 inSolcntiam

2084 1266 2276 1308 eorum
2333 1271 2530 1314 rursus
2591 1261 3022 1329 comprimeret,
3099 1278 3336 1333 quorum
3396 1280 3531 1321 cura
3602 1268 3660 1323 in

2087 1339 2255 1396 rebus
2284 1344 2444 1400 vanis
2476 1354 2530 1399 et
2561 1347 2744 1402 animo
2790 1352 3125 1421 perniciosis
3158 1359 3270 1407 tota
3300 1364 3568 1419 versatur,
3607 1368 3662 1412 et

2084 1428 2255 1484 simul
2286 1432 2510 1488 eosdem
2547 1450 2577 1489 a
2616 1435 2932 1491 divitiarum
2967 1438 3261 1507 cupiditate
3308 1440 3373 1494 ad
3413 1440 3657 1509 quietam

2080 1520 2254 1576 vitam
2305 1537 2372 1579 ac
2406 1534 2584 1581 tutum
2615 1526 2727 1607 87
2759 1527 2921 1598 plane
2951 1529 3421 1602 tranquillumque
3452 1542 3655 1588 statum

2081 1612 2414 1670 traduceret.

2144 1785 2359 1842 Idcirco
2388 1787 2465 1844 ait
2496 1807 2510 1845 :
2538 1807 2558 1841 ι
2583 1789 2718 1856 Quae
2747 1792 3082 1850 abundantia
3100 1794 3423 1853 facientisin
3452 1801 3654 1870 quibus

2072 1873 2189 1945 ipse
2220 1877 2476 1935 laborat?
2519 1899 2539 1932 ι
2570 1882 2717 1936 velut
2765 1882 2812 1938 si
2848 1883 3058 1940 diceret
3087 1901 3103 1940 :
3140 1885 3343 1943 Rerum
3397 1891 3649 1959 equidem

2070 1965 2318 2021 omnium
2366 1983 2485 2037 quae
2517 1972 2575 2025 ln
2616 1972 2727 2026 vita
2768 1981 2898 2028 sunt
2943 1974 3089 2030 bona
3139 1986 3231 2031 aut
3281 1979 3509 2047 pulchra
3556 1990 3653 2035 aut

2069 2054 2243 2127 utilia,
2299 2058 2575 2128 propriam
2640 2076 2766 2118 esse
2821 2065 3304 2135 tempestivitatem
3362 2067 3646 2135 iudicavi;

2008 2172 2009 2175 η
2066 2159 2192 2201 cum
2242 2158 2422 2205 tamen
2472 2153 2719 2224 plerique
2762 2153 3050 2212 hominum
3081 2158 3134 2212 in
3168 2174 3358 2215 eorum
3391 2174 3524 2215 cura
3563 2161 3646 2214 la-

2066 2237 2285 2304 bantur,
2322 2256 2423 2298 nec
2460 2244 2798 2316 diligentiam
2850 2247 2922 2303 ob
2954 2263 3018 2304 ea
3058 2249 3225 2303 ullam
3264 2250 3527 2306 adhibere
3555 2268 3649 2308 ve-

2065 2329 2210 2398 lint;
2267 2341 2628 2404 atqueununt
2679 2337 2833 2392 illum
2868 2354 3079 2410 magna:
3126 2339 3512 2397 sollicitudinis
3565 2341 3646 2396 la-

2065 2421 2256 2478 borem
2321 2425 2513 2481 subire
2570 2439 2800 2495 ament,
2870 2446 2980 2501 quo
3037 2431 3241 2486 multas
3301 2432 3407 2487 sibi
3461 2433 3644 2489 omnis

2065 2517 2283 2585 generis
2313 2533 2447 2590 opes
2478 2522 2833 2591 caducasque
2861 2522 3079 2579 divitias
3103 2534 3447 2594 comparent,
3475 2526 3641 2591 unde,

2064 2618 2189 2659 cum
2224 2607 2404 2677 adepti
2436 2608 2664 2675 fuerint,
2695 2612 2899 2665 nullam
2931 2621 3130 2682 praeter
3156 2612 3338 2667 cibum
3370 2622 3425 2668 et
3449 2621 3640 2685 potum

2064 2694 2354 2752 utilitatem
2394 2697 2613 2755 auferre
2645 2702 2898 2770 possint;
2942 2701 3153 2768 dicant,
3190 2718 3299 2773 qua
3353 2704 3642 2761 abundan-

2063 2785 2151 2842 tia
2182 2803 2297 2858 spe,
2334 2804 2512 2860 quove
2545 2791 2648 2847 sibi
2680 2793 3012 2863 compendio
3053 2792 3125 2850 iis
3165 2809 3197 2849 e
3232 2793 3396 2850 rebus
3434 2811 3638 2874 propo-

2062 2876 2203 2945 sito,
2249 2896 2389 2950 quas
2420 2883 2565 2939 duro
2604 2885 2919 2954 miseroque
2949 2886 3137 2942 studio
3168 2889 3449 2958 prosecuti
3486 2899 3635 2954 sunt,

2061 2966 2305 3025 laborem
2355 2970 2523 3027 istum
2578 2983 2632 3028 et
2685 2975 2992 3031 molestiam
3028 2985 3085 3033 et
3116 2992 3307 3033 curam
3361 2980 3633 3051 potiorem

381 3061 579 3131 μόχθον
608 3035 704 3116 καὶ
733 3035 829 3118 τὸν
858 3035 1268 3138 περισπασμὺν’
1286 3068 1378 3122 καὶ
1407 3069 1501 3124 τὸν
1531 3071 1699 3126 κόπον
1727 3073 1826 3145 τῆς

2059 3067 2275 3128 putant,
2309 3077 2474 3132 quam
2528 3079 2649 3119 eam
2694 3065 3061 3136 diligentiam,
3119 3083 3243 3139 qua:
3276 3069 3330 3124 in
3361 3035 3636 3141 .opportu-

375 3151 441 3221 τῇ
473 3148 692 3221 εὑρέσει
734 3151 846 3206 τῶν
882 3155 1212 3225 προσφόρων
1257 3157 1467 3228 καιρῶν
1495 3159 1816 3231 ἐπιμελείας
1857 3164 1953 3219 καὶ

373 3238 658 3311 ζητήσεως
702 3244 799 3296 καὶ
828 3244 1047 3316 νήψεως
1075 3247 1368 3319 εὑτρεχοῢς
1401 3251 1498 3305 καὶ⁵
1536 3252 1953 3325 νηφαλιότητος,

373 3330 462 3400 ῖνα
487 3332 758 3403 μηδέποτε
785 3335 1137 3411 διαμαρτήσῃ
1163 3340 1262 3410 τῆς
1283 3340 1497 3412 ἀγαθῆς
1524 3344 1619 3397 καὶ
1642 3344 1951 3413 λυσιτελοῦς

375 3420 628 3490 πράξεως
646 3438 663 3488 ς

453 3512 593 3565 Ἀλλ’
647 3513 889 3587 εύδηλον,
935 3516 1013 3582 ὡς
1052 3519 1311 3592 οὐδεμίαν
1366 3526 1686 3597 περίσσειαν
1733 3530 1947 3597 ἐλπίζει

371 3598 757 3658 λυσιτελούσαν
787 3606 884 3660 καὶ
915 3610 1211 3683 σωστικὴν,
1237 3613 1360 3667 οὐδὲ
1388 3615 1580 3688 κέρδος
1599 3619 1943 3694 ὀνησιφόρον.

384 3690 472 3755 Ὠς
497 3693 605 3764 γὰρ
638 3695 847 3750 ἐπίπαν
876 3697 909 3768 ἢ
932 3697 1223 3771 φθονηθεὶς
1257 3701 1346 3757 διὰ
1365 3704 1457 3758 τὸν
1493 3690 1725 3764 πλοῦτον
1753 3690 1782 3762 ό
1807 3690 1943 3764 κατ-

364 3780 509 3852 έχων
553 3784 716 3841 αὐτὸν
749 3789 881 3859 παρ’
901 3788 1104 3860 ἐτέρων
1129 3792 1519 3869 ἐπεϐουλεύθη,
1551 3799 1644 3852 καὶ
1669 3800 1944 3866 διαϐολαῖς

362 3873 569 3945 ἐϐλήθη
614 3878 710 3931 καὶ
738 3881 1130 3950 συκοφαντίαις
1175 3884 1621 3955 χαλεπωτάταις·
1655 3894 1749 3946 καὶ
1802 3895 1941 3965 μετά

359 3964 458 4019 τοῦ
514 3966 749 4023 πλούτου
802 3971 899 4024 καὶ
955 3975 1054 4044 τῆς
1114 3973 1250 4040 ίδίας
1290 3978 1455 4049 ,ζωῆς
1507 3964 1813 4056 ἐζημιώθην
1841 3986 1940 4058 τὴν

360 4054 636 4127 ὓπαρξιν·
672 4059 705 4127 ἢ
740 4059 917 4115 πολλά
969 4065 1217 4135 μογήσας
1265 4069 1360 4123 καὶ
1412 4054 1807 4145 κακοπαθήσας
1844 4054 1938 4133 καὶ

357 4145 721 4220 τληπαθήσας
767 4151 857 4206 διά
887 4153 986 4224 τὴν
1036 4156 1132 4210 τοῦ
1180 4158 1411 4216 πλούτου
1461 4165 1804 4238 συνάθροισιν
1843 4171 1935 4226 τὸν

356 4238 622 4310 ἐξαπίνης
642 4242 1067 4316 ἀπροσδοκήτως
1091 4247 1391 4306 ἐπελθόντα
1411 4252 1640 4333 θάνατον
1669 4259 1815 4331 ἔσχε,
1839 4263 1933 4315 καὶ

2056 3149 2228 3206 nitate
2257 3166 2441 3208 rerum
2466 3153 2846 3226 investiganda
2876 3167 3134 3227 ponatur,
3163 3168 3257 3215 aut
3286 3177 3453 3232 quam
3482 3162 3629 3217 illaut

2053 3240 2405 3298 sobrietatem
2458 3259 2524 3299 ac
2564 3246 2822 3302 solertem
2860 3251 3303 3319 temperantiam,
3347 3268 3471 3322 quae
3508 3270 3631 3324 per-

2050 3338 2215 3400 petuo
2244 3347 2345 3389 nos
2375 3333 2518 3391 intra
2549 3336 2685 3392 recti
2716 3345 2771 3393 et
2801 3337 2953 3403 utilis
2981 3340 3118 3397 lines
3147 3343 3469 3398 contineat?

2116 3530 2284 3603 Atqui
2316 3534 2488 3606 liquet
2515 3538 2785 3610 profecto,
2819 3543 3026 3611 nullam
3068 3546 3155 3603 his
3183 3549 3370 3606 utilem
3406 3552 3620 3624 copiam

2047 3635 2112 3677 ac
2139 3625 2463 3696 salutarem,
2489 3631 2698 3686 nullum
2725 3648 2849 3689 esse
2874 3639 3222 3694 commodum
3249 3650 3345 3697 aut
3368 3658 3624 3714 compon-

2043 3713 2241 3782 dium,
2300 3718 2449 3787 quod
2508 3732 2750 3792 sperent.
2808 3724 2946 3780 Nam
3002 3730 3096 3798 qui
3153 3731 3358 3788 divitiis
3411 3713 3621 3804 potitus

2043 3804 2230 3873 fuerit,
2266 3807 2426 3864 livori
2468 3813 2695 3869 omnino
2723 3824 2778 3870 et
2808 3816 3031 3873 invidia:
3063 3821 3358 3885 obnoxius,
3392 3832 3444 3880 et
3483 3827 3621 3883 iusi-

2004 3916 2005 3919 η
2041 3897 2149 3953 diis
2174 3913 2493 3969 oppressus,
2546 3912 2600 3959 et
2630 3907 2926 3966 calumniis
2974 3919 3141 3980 atque
3187 3914 3455 3972 conviciis
3492 3934 3618 3988 gra-

2039 3986 2283 4046 vissimis
2340 3994 2619 4063 appetitus
2668 4006 2771 4061 est,
2826 4007 2884 4053 ut
2929 3992 3242 4060 divitiarum
3290 4007 3455 4062 etiam
3490 3986 3641 4066 cum

2038 4076 2157 4148 ipsa
2210 4079 2322 4136 vita
2380 4083 2749 4140 substantiam
2790 4089 3066 4145 amitteret
3120 4110 3133 4147 :
3190 4093 3374 4165 itaque
3425 4099 3614 4157 multis

2035 4183 2201 4239 opum
2242 4175 2711 4243 congerendarum
2742 4192 2916 4235 causa
2945 4180 3231 4241 laboribus
3258 4195 3313 4241 et
3349 4191 3617 4247 aerumnis

2033 4272 2177 4330 aegre
2232 4263 2563 4328 exantlatis,
2619 4275 2849 4322 mortem
2913 4268 3210 4341 improviso
3269 4276 3611 4343 ingruentem

355 4330 682 4402 κατέπεμπε
713 4332 813 4387 τὸν·
833 4333 1062 4389 πλοῦτον
1090 4340 1203 4403 τοῖς
1222 4340 1437 4412 ἐχθροῖς
1455 4330 1549 4398 καί
1566 4330 1841 4416 μισοῦσιν.
1864 4352 1927 4407 Ei

2058 4350 2251 4418 lensit,
2303 4363 2356 4407 et
2411 4353 2633 4412 divitias
2691 4357 2932 4415 inimicis
2998 4362 3443 4438 adversariisque
3493 4371 3611 4427 suis

353 4419 415 4472 δὲ
438 4419 606 4490 μηδὲν
622 4421 884 4492 περισσὸν
918 4423 1013 4477 καλ⁵
1036 4428 1302 4483 σωστικὸν
1334 4431 1627 4502 εὑρίσκεις,
1649 4436 1926 4509 ἄνθρωπε,

351 4507 442 4563 διὰ
463 4508 563 4563 τοῦ
593 4511 835 4565 τοιούτου
865 4518 1252 4587 περισπασμοῦ
1283 4523 1377 4575 καὶ
1400 4523 1694 4596 μόχθου,τί
1726 4507 1927 4603 δήποτε

351 4598 431 4670 μὴ
455 4599 757 4673 διαρρήξας
793 4604 890 4658 καὶ
920 4608 1243 4664 καταλιπὼν
1281 4613 1383 4677 τὰς
1439 4615 1632 4687 ἀρκεις
1665 4598 1924 4685 τάςνκατ-

260 4746 278 4761 ο
349 4688 581 4761 εχούσας
603 4709 664 4746 σε
689 4693 828 4765 πρὸς
854 4694 954 4768 τήν
985 4697 1082 4752 τοῦ
1120 4702 1330 4771 κόσμου
1363 4703 1548 4773 φιλίαν
1576 4710 1669 4763 καὶ
1703 4711 1801 4785 τὴν
1829 4714 1924 4770 τοῦ

349 4781 586 4838 πλούτου
602 4787 998 4857 προσπάθειαν,
1020 4792 1345 4860 μεταϐαλεῖς
1359 4797 1457 4851 καὶ
1476 4781 1804 4874 μεταθήσείς
1823 4806 1925 4878 τὴν

346 4870 577 4964 ἀπιμέλε
585 4891 670 4929 ιαν
685 4877 883 4933 καὶτὸν
900 4880 1101 4951 μόχθον
1121 4883 1179 4937 ἐν
1194 4887 1259 4955 τῇ
1274 4887 1406 4940 ἀνευ
1413 4888 1472 4960 ρέ
1479 4907 1564 4944 σει
1701 4870 1923 4964 ἀγαθῶν

346 4963 444 5017 καὶ
479 4963 773 5022 λυσιτελῶν
802 4986 861 5023 τε
893 4971 988 5025 καὶ
1032 4976 1317 5031 σωστικῶν
1353 4980 1448 5033 καὶ
1480 4981 1579 5049 τῆς
1619 4963 1799 5057 ψυχῆς
1825 4991 1922 5045 καὶ

343 5052 441 5147 τοῦ
474 5054 767 5147 σῶματοςς
803 5079 822 5113 ι
860 5062 1046 5118 Πάντα
1076 5064 1186 5137 γὰρ
1212 5069 1352 5125 καλά
1373 5072 1433 5125 έν
1454 5052 1644 5147 aa:qu
1663 5052 1862 5137 αύτῶν.
1893 5101 1913 5136 ι

343 5142 458 5197 Καὶ
498 5144 582 5199 δεῖ
617 5164 677 5200 σε
716 5149 808 5204 τὸν
844 5153 1035 5225 καιρὸν
1068 5156 1301 5211 ἑκάστου
1338 5142 1663 5233 πράγματος
1710 5167 1915 5242 ζητεῖν,

341 5235 437 5288 καὶ
510 5238 701 5308 μηδενὶ
767 5241 830 5296 τὸ
900 5247 1166 5317 παράπαν
1241 5250 1490 5324 ἀκαίρως
1576 5235 1913 5332 κεχρῆσθαι,

342 5326 479 5396 μηδι
532 5328 609 5400 τῷ
650 5335 849 5400 φαγεῖν
909 5336 1046 5408 μηδὲ
1073 5338 1153 5408 τῷ
1205 5343 1370 5408 πιεῖν,
1407 5347 1543 5417 μήτε
1577 5326 1913 5421 τῷηκλαίειν

1751 5547 1905 5626 ὗτοῦ)
2010 5562 2606 5626 ρριηρτ,εειιιειιιίαῐη.

1870 5623 1905 5688 ί,
2011 5618 2101 5672 λὸν
2133 5621 2364 5683 ἕκαστον
2393 5633 2452 5684 ὲν
2485 5618 2840 5708 καιρῷἽδίξ.

2034 4442 2364 4499 transmisit.
2415 4443 2573 4510 Quod
2620 4446 2667 4502 si
2718 4448 2876 4516 nihil,
2925 4465 2960 4506 o
2998 4455 3271 4522 mortalis,
3319 4459 3469 4528 quod
3521 4476 3610 4516 re-

2030 4531 2259 4598 dundet,
2295 4535 2434 4590 nihil
2469 4537 2616 4607 quod
2649 4538 2879 4596 salutem
2924 4541 3081 4610 ferat,
3130 4545 3183 4599 in
3223 4546 3411 4604 labore
3448 4565 3610 4606 cura-
3716 4624 3722 4630 _

2027 4639 2137 4696 que
2168 4624 2331 4693 inest,
2361 4644 2528 4699 quam
2558 4630 2769 4688 divitiis
2808 4636 3069 4704 parandis
3104 4637 3475 4711 impenderis;
3507 4658 3608 4700 cur

2028 4717 2326 4786 aliquando
2376 4721 2511 4775 retia
2548 4722 2675 4789 ista,
2713 4740 2834 4794 quae
2871 4736 2922 4782 te
2956 4731 3233 4787 mundana
3270 4726 3513 4792 amicitia
3550 4746 3608 4793 et

2025 4807 2345 4865 divitiarum
2398 4825 2587 4869 amore
2645 4828 2884 4887 captum-
2916 4820 3250 4891 impediunt.
3312 4842 3420 4882 non
3471 4844 3605 4885 con-

2024 4898 2233 4955 scindis
2261 4915 2328 4957 ac
2357 4901 2607 4959 deseris?
2633 4921 2751 4975 cur,
2787 4919 2996 4965 mutato
3026 4914 3232 4979 studio,
3263 4916 3601 4988 diligentiam

2020 4997 2189 5060 atque
2220 4991 2463 5057 laborem
2524 4995 2593 5051 ad
2643 4996 2913 5056 bonarum
2945 5012 3110 5075 atque
3143 5007 3358 5064 utilium
3391 5026 3597 5079 rerum,

2021 5096 2143 5153 quae
2197 5088 2417 5157 corpori
2468 5100 2524 5146 et
2580 5092 2778 5150 animas
2825 5099 3070 5167 prosint,
3124 5101 3599 5177 investigationem

2019 5188 2128 5229 non
2166 5178 2475 5237 transfers?
2518 5182 2847 5244 (‘Uuiversa
2876 5191 3022 5247 enim
3050 5193 3192 5251 bona
3225 5196 3279 5251 in
3317 5203 3597 5269 tempesti-

2016 5264 2185 5322 vitate
2231 5283 2326 5325 sua
2347 5272 2483 5344 (3i).
2526 5293 2547 5326 ι
2584 5274 2649 5332 Ει
2688 5288 2929 5349 oportet,
2960 5291 3023 5338 ut
3051 5285 3317 5360 cujusque
3347 5264 3595 5347 reivtem-

2006 5360 2379 5426 pestivitatem
2418 5365 2533 5436 ipse
2574 5368 2845 5441 inquiras,
2878 5385 2933 5431 et
2975 5378 3122 5433 nulla
3153 5380 3380 5436 omnino
3417 5385 3592 5442 utaris
3626 5424 3627 5427 η

2644 5569 2736 5638 qui
2769 5586 2831 5625 ea
2862 5574 3029 5629 verba
3062 5575 3141 5630 sic
3165 5573 3402 5632 reddidit
3427 5595 3440 5634 :
3466 5580 3586 5638 Ka-
