3848 6192
179 301 263 365 8‘37
1185 300 1267 364 IN
1311 299 1892 364 ECCLESIASTEN.
1921 327 1988 336 --
2029 300 2176 361 LIB.
2223 305 2336 364 lll.

3271 305 3378 372 893

179 415 310 484 papi,’
334 413 506 469 αὑτοῦ.
547 431 567 466 ι
606 413 884 484 Λαμϐάνει
919 413 1031 483 γὰρ
1073 417 1101 468 6
1129 414 1413 485 ἄνθρωπος
1445 415 1698 486 καὶπρὸς

1811 425 1918 464 tum
1953 427 2194 480 quoque,
2226 428 2352 466 cum
2377 412 2444 468 ad
2483 412 2604 468 vita:
2633 425 2828 468 metam
2859 416 3184 484 pervenerit,
3215 418 3380 474 veluti

178 506 226 558 τὸ
263 505 338 558 τοῦ
363 505 472 576 βίου
507 507 676 576 πέρας
708 504 878 560 ἐλθὼν
913 501 1024 559 οἷόν
1055 523 1178 561 τινα
1210 507 1403 576 μερίδα
1434 509 1527 560 καὶ
1569 509 1702 578 κλη-

177 605 392 668 ρονομίαν
430 614 528 660 ταις
567 599 705 661 ἰδίας
743 598 971 665 πράξεις
1003 597 1124 666 μεθ’
1168 599 1364 652 ἑαυτοῦ
1388 615 1401 627 ·
1445 599 1703 670 ταύτητοι

176 685 277 752 μετ’
299 685 616 755 εὐφροσύνης
665 687 992 755 μεθίσταται
1039 687 1138 757 τῆς
1180 688 1704 760 πολυαμαρτήμονος

174 776 250 828 καὶ
301 777 770 846 πολυπαῡεστάτης
825 780 919 831 καὶ
971 778 1334 832 πολυθλίπτου
1391 780 1558 850 ζωῆς,
1609 783 1704 834 καὶ

171 866 251 934 τὴν
289 868 545 938 μακαρίαν
577 869 824 939 εὑρίσκει
852 869 1005 939 λῆξιν
1037 868 1146 922 τῶν
1176 869 1236 934 ἐξ
1271 870 1468 933 αἰῶνος
1508 871 1698 938 ἁγίων.

170 961 301 1011 Πᾶσα
339 959 434 1029 γὰρ
485 961 518 1028 ἡ
573 959 774 1030 σπουδὴ
825 961 902 1028 τῷ
963 960 1360 1032 Ἐκκλησιαστῇ
1411 961 1703 1030 πρόκειται

167 1049 247 1102 νῦν
297 1051 585 1119 ἀποστῆσαι
637 1052 730 1104 τὸν
780 1051 1122 1121 ἀνθρώπινον
1175 1052 1302 1106 νοῦν
1349 1053 1450 1123 τῆς
1512 1053 1702 1121 ὑλικῆς

166 1142 498 1212 προσπαθείας
531 1143 750 1212 καὶτῆς
784 1142 878 1196 τοῦ
908 1144 1114 1212 κόσμου
1163 1143 1367 1212 φιλίας,
1397 1143 1490 1196 καὶ
1515 1143 1705 1217 πόρρω

164 1236 241 1286 καὶ
269 1236 468 1304 μακρὰν
513 1236 790 1306 ἀποφῆναι
831 1236 942 1288 τῶν
981 1236 1249 1306 ὲμπαθῶν
1295 1235 1572 1306 σαρκικῶν
1600 1217 1704 1288 διαὶ

163 1327 432 1396 βδελυκτῶν
482 1326 708 1398 ⁴ίλδονῶν.
775 1328 1074 1398 Μονονουχὶ
1128 1327 1236 1396 γάρ
1292 1343 1461 1396 φησι·
1514 1326 1702 1392 Σύνες,

160 1418 404 1488 ἄνθρωπε,
451 1418 504 1469 τί
552 1418 780 1485 ἀγαθὸν,
811 1419 904 1472 καὶ
948 1419 1178 1488 ποίησον
1231 1417 1383 1484 αὐτὸ,
1437 1419 1532 1472 καὶ
1571 1417 1702 1472 λάϐε

158 1509 240 1561 καὶ
285 1509 344 1560 σὺ
384 1507 538 1561 τοῦτο
572 1509 772 1579 μερίδα
801 1508 1082 1579 φρονίμως
1124 1510 1182 1575 ἐξ
1231 1506 1308 1563 ὧν
1344 1509 1701 1580 συνήθροισας

157 1598 314 1670 ἑαυτῷ
339 1599 696 1654 παντοδαπῶν
730 1600 886 1652 εἱδῶν
909 1599 1004 1652 τοῦ
1036 1599 1270 1652 πλούτου
1296 1599 1384 1652 διὰ
1414 1601 1520 1652 τῶν
1557 1601 1701 1653 ἰδίων

155 1689 319 1742 κόπων
344 1690 432 1742 καὶ
463 1691 700 1760 μόχθων,
735 1691 824 1743 ἵνα
857 1690 1197 1760 θησαυρίσας
1227 1693 1284 1742 ἐν
1314 1693 1563 1761 οὐρανοῖς
1593 1691 1701 1743 τῶν

1805 509 2013 569 partem
2049 503 2341 570 quamdam
2388 503 2503 557 sive
2538 504 2901 558 baereditatem
2942 505 3082 560 facta
3129 522 3226 560 sua
3260 526 3273 562 :
3304 509 3384 560 ida

1805 593 1952 645 circo
1975 609 2040 646 ex
2074 593 2178 648 hac
2201 595 2333 658 vita,
2369 609 2532 664 quam
2565 596 2752 650 multis
2777 597 3069 650 obnoxiam
3100 599 3382 653 erroribus

1803 693 1857 736 et
1891 685 2050 738 malis
2078 686 2341 755 curisque
2368 687 2744 756 compluribus
2777 688 3030 743 refertam
3059 693 3232 758 novit,
3255 707 3379 746 cum

1806 775 1992 828 laatitia
2049 779 2422 848 transmigrat,
2483 780 2802 849 beatamque
2851 782 3058 835 invenit
3114 784 3379 853 requiem,

1805 883 1910 936 qua
1953 869 2165 924 cmlites
2205 880 2464 940 perpetua
2502 871 2782 925 frutiutur.
2822 870 2992 926 Totus
3037 875 3184 927 enim
3223 875 3277 928 in
3317 893 3384 930 eo

1806 959 1897 1013 hic:
1929 971 2014 1014 est
2047 965 2269 1032 sapiens
2298 961 2679 1024 Ecclesiastes,
2718 974 2776 1016 ut
2817 963 3110 1017 humanam
3143 977 3380 1023 mentem

1805 1065 1835 1104 a
1885 1054 2220 1107 caducarum
2271 1069 2456 1108 rerum
2505 1054 2806 1122 cupiditate
2855 1067 2908 1109 et
2955 1057 3146 1110 mundi
3199 1072 3386 1111 amore

1805 1141 2062 1205 abducat,
2089 1153 2252 1213 atque
2284 1145 2352 1198 ab
2378 1145 2527 1198 omni
2563 1145 2926 1199 immoderato
2956 1145 3150 1200 alIectu
3189 1147 3384 1202 obsce-

1805 1233 2000 1301 nisque
2041 1235 2293 1303 corporis
2325 1237 2698 1304 voluptatibus
2727 1234 2924 1288 efficiat
2960 1251 3126 1304 quam
3161 1237 3384 1291 alienis—

1803 1325 2019 1380 simam.
2055 1326 2183 1381 Haec
2216 1330 2362 1381 enim
2399 1327 2807 1396 quodammodo
2847 1327 3043 1381 effatur
3072 1346 3086 1382 :
3119 1329 3382 1399 intellige,

1802 1433 1837 1472 ο
1867 1421 2132 1484 mortalis,
2175 1421 2306 1492 quid
2353 1423 2423 1477 sit
2471 1423 2698 1487 bonum,
2733 1433 2898 1492 atque
2934 1422 3089 1493 105
3123 1425 3172 1477 id
3225 1428 3380 1494 ιιι·εέ.

1804 1509 1857 1563 id
1895 1511 1992 1564 tibi
2027 1513 2243 1580 sapiens
2275 1515 2432 1582 quasi
2475 1523 2682 1584 partem
2729 1517 2932 1569 sumito
2959 1532 3024 1570 ex
3055 1518 3231 1571 iismet
3264 1532 3385 1570 om-

1805 1601 1890 1654 nis
1922 1603 2142 1671 generis
2191 1604 2419 1668 divitiis,
2472 1621 2613 1673 quas
2661 1608 2811 1662 cutis
2860 1617 2913 1661 et
2957 1608 3238 1662 laboribus
3276 1609 3384 1662 tuis

1800 1695 2028 1762 coegisti
2061 1713 2074 1748 :
2105 1711 2236 1762 quo,
2289 1703 2577 1764 postquam
2609 1698 2676 1750 de
2715 1709 2860 1752 recte
2905 1697 3067 1754 factis
3109 1699 3382 1768 ejusmodi

153 1779 386 1832 τοιούτων
429 1795 510 1832 σοι
539 1781 862 1850 ποιημάτων
898 1780 994 1833 καὶ
1021 1781 1196 1850 ἔργων
1221 1781 1320 1850 τὴν
1351 1781 1560 1850 ἀγαθὴν
1589 1798 1697 1850 με-

1811 1783 2002 1836 bonam
2044 1784 2097 1836 in
2149 1785 2322 1838 caelos
2359 1797 2564 1852 partem
2619 1787 2974 1853 przentiseris,
3027 1787 3273 1842 eamdem
3326 1786 3380 1840 in

153 1871 280 1940 ρίδαι
308 1871 472 1942 λάδος
516 1872 685 1940 αὐτὴν
734 1873 793 1924 ὲν
838 1873 1024 1942 ἡμέρᾳ
1074 1875 1176 1942 τῆς
1207 1874 1440 1943 κρίσεως
1472 1876 1564 1925 καὶ
1605 1874 1702 1942 τῆς

1811 1871 1988 1936 iudicii
2027 1883 2081 1924 et
2133 1873 2444 1941 promerita:
2491 1873 2954 1928 remunerationis
2991 1875 3079 1928 die
3125 1876 3380 1941 recipias.

149 1960 247 2012 τῶν
273 1959 614 2031 βεϐιωμένων
645 1961 1080 2026 ἀνταποδόσεως.
1118 1962 1275 2016 Οὕτω
1305 1963 1368 2034 δὴ
1397 1965 1491 2016 xal.
1521 1966 1550 2017 6
1592 1963 1704 2016 Κύο

153 2069 254 2122 ριος
301 2053 679 2123 παρεγγύησεν
724 2055 784 2107 ὲν
819 2054 1178 2122 Εὐαγγελίοις
1229 2054 1434 2108 εἰπών·
1483 2073 1504 2105 ‹
1546 2053 1706 2125 Ποιή-

151 2158 270 2196 σατε
295 2143 383 2198 οὖν
415 2145 572 2214 ὑμεῖς
617 2145 804 2212 φίλους
833 2147 897 2198 ἐκ
929 2145 1020 2198 τοῦ
1053 2147 1311 2213 Μαμωνᾶ
1341 2146 1440 2212 τῆς
1472 2145 1702 2208 ἀδικίας,

149 2232 232 2286 ἶνα
276 2234 524 2301 δέξωνται
577 2235 722 2305 ὑμᾶς
775 2237 855 2297 είς
903 2236 1004 2297 τὰς
1065 2236 1270 2302 σκηνὰς
1333 2235 1430 2305 τῆς
1483 2234 1700 2288 αἰωνίου

153 2321 305 2394 ζωῆς.
344 2344 362 2377 ι
396 2324 526 2378 Εἶτά
566 2339 731 2394 φησιν
777 2326 806 2378 6
845 2323 1274 2394 Ἐκκλησιαστής
1299 2338 1316 2354 ⁸

1802 1958 1877 2011 Ita
1921 1975 2051 2014 sane
2081 1969 2135 2014 et
2173 1960 2434 2015 Dominus
2469 1961 2520 2014 in
2567 1961 2876 2030 Evangeliis
2907 1962 3215 2025 admonuit,
3255 1977 3380 2017 cum

1802 2049 1879 2098 ait
1936 2064 1950 2100 :
2008 2066 2026 2098 ι
2061 2047 2249 2103 Facite
2289 2049 2456 2118 igitur
2507 2065 2604 2104 vos
2650 2051 2718 2104 de
2763 2050 3016 2104 Mamona
3072 2052 3381 2121 iniquitatis

1803 2143 2055 2208 amicos,
2129 2153 2188 2197 ut
2245 2145 2509 2214 recipiant
2572 2161 2670 2200 vos
2734 2147 2786 2201 in
2845 2147 3190 2202 tabernacula
3261 2147 3384 2202 vita:

1810 2241 2026 2286 aeterna:
2055 2232 2190 2302 (62).
2223 2253 2241 2286 ι
2279 2235 2445 2290 Addit
2487 2237 2683 2290 deinde
2717 2240 2934 2306 sapiens
2967 2236 3329 2292 Ecclesiastes
3363 2251 3376 2290 :

1645 2432 1872 2508 §xxv.

226 2528 336 2580 ὀτι
374 2531 460 2594 τίς
488 2529 616 2594 ἄξει
655 2529 841 2584 αὑτὸν
887 2529 994 2583 τοῦ
1040 2527 1211 2594 ἰδεῖν,
1271 2529 1342 2583 ἐν
1371 2521 1420 2596 ᾧ
1462 2531 1704 2599 γένηται

145 2621 272 2688 μετ’
299 2621 513 2685 αὐτόν;

227 2711 461 2765 Τουτέστι
482 2751 498 2778 ,
535 2712 633 2774 Τίς
664 2711 784 2779 ἄξει
809 2713 900 2766 τὸν
927 2711 1184 2766 πλούσιον
1216 2714 1352 2782 μετά
1385 2712 1482 2783 τὴν
1517 2712 1705 2764 τελευ-

149 2801 252 2872 τὴν
270 2805 352 2856 καὶ
379 2806 478 2873 τὴν
503 2803 828 2868 ἀποὸίωσιν,
869 2804 966 2857 ἐὰν
994 2805 1070 2874 μὴ
1102 2804 1310 2874 συνήσῃ
1339 2802 1448 2867 ζῶν
1478 2801 1560 2855 ἔτι
1591 2804 1707 2861 δια-

151 2896 323 2962 νεῖμαι
347 2895 531 2948 τοῦτον
569 2899 682 2960 τοῖς
716 2895 922 2948 ὲνδεέσι
959 2896 1056 2950 καὶ
1085 2894 1322 2964 πένησι,
1352 2892 1449 2946 τοῦ
1492 2893 1620 2946 ἰδεῖν
1648 2894 1706 2947 ἐν

1876 2525 2044 2580 Vsus.
2078 2527 2168 2580 ἓξ.
2203 2525 2338 2592 Quia
2361 2527 2475 2594 quis
2500 2527 2726 2579 adducet
2757 2543 2897 2590 eum,
2930 2537 2988 2580 ut
3024 2527 3190 2582 rideat
3227 2527 3278 2579 in
3309 2527 3383 2581 ει-

1805 2617 1919 2682 lud,
1959 2619 2100 2688 quod
2135 2619 2376 2685 futurum
2403 2628 2480 2670 est
2510 2626 2628 2686 post
2667 2619 2839 2684 ipsum
2879 2619 3030 2688 (63)?

1873 2707 2006 2772 Quis
2053 2707 2266 2761 scilicet
2323 2705 2543 2760 divitem
2591 2715 2715 2774 post
2781 2705 2942 2758 tinem
2992 2708 3381 2778 interitumque

1803 2801 1960 2868 ejus,
1998 2799 2102 2852 nisi
2136 2815 2260 2853 eum
2291 2800 2536 2878 viveret,
2579 2799 2765 2868 egenis
2803 2799 2918 2868 ipse
2944 2811 2997 2854 et
3045 2803 3379 2870 pauperibus

1803 2891 2020 2944 divitias
2055 2891 2462 2944 distribuendas
2484 2891 2759 2945 curaverit
2787 2907 2801 2955 ;
2835 2891 2981 2960 quis,
3009 2892 3254 2962 inquam,
3283 2895 3380 2948 ad-

149 2985 332 3054 ἐκείνῳ
349 2986 420 3056 τῷ
441 2986 719 3058 ἀνθρώπῳ
747 2987 828 3058 τῷ
861 2985 978 3058 μετ’
1001 2987 1165 3040 αὐτὸν
1194 2986 1558 3056 διαδεξομὲνῳ
1579 2987 1704 3049 τοὺς

1811 2983 1968 3036 ducet
2007 2992 2064 3035 ut
2093 2997 2160 3037 eo
2217 2983 2272 3037 in
2307 2983 2559 3046 homine,
2595 2982 2688 3052 qui
2729 2993 2851 3052 post
2883 2983 3060 3052 ipsum
3093 2985 3382 3042 haeredita-

149 3074 346 3126 ἐκείνου
403 3074 638 3146 μόχθους
703 3078 798 3130 καὶ
841 3077 1078 3142 κόπους,
1131 3077 1184 3130 τί
1229 3079 1559 3150 γενήσεται,
1611 3079 1705 3132 καὶ⁸

151 3166 304 3218 ποίαν
329 3167 432 3230 ἕξει
463 3167 800 3221 κατάστασιν
828 3169 1155 3233 διοικήσεως
1173 3165 1340 3242 ;”Δρα
1365 3172 1474 3240 γὰρ
1499 3173 1526 3224 6
1551 3171 1708 3226 πλοῦ-

148 3271 246 3317 τος
272 3260 404 3328 παρὰ
431 3259 527 3311 τοῦ
552 3260 697 3312 κατὰ
724 3261 979 3330 διαδοχὴν
1011 3261 1424 3334 παραλαϐόντος
1445 3265 1525 3326 είς
1548 3263 1705 3332 ἐλεη-

153 3345 374 3415 μοσύνας
411 3349 508 3400 καὶ
544 3347 810 3418 διανομὰς
855 3350 1089 3420 πτωχῶν
1129 3352 1225 3404 καὶ
1255 3351 1448 3421 χρείαν
1480 3351 1590 3406 τῶν
1620 3354 1707 3404 ἐνι-

152 3436 279 3500 δεῶς
311 3437 538 3509 ἐχόντων
585 3439 944 3512 εὑρεθήσεται
1002 3441 1490 3513 διοικούμενοςςιῆ
1530 3443 1708 3498 ταῦτα

165 3525 256 3595 μὲν
283 3529 525 3600 οὐδαμῶς
566 3527 720 3582 ἔσται
741 3571 755 3595 ,
791 3531 934 3600 μετὰ
960 3530 1212 3599 μεθύσων
1237 3531 1295 3584 δὲ
1342 3533 1439 3588 καὶ
1467 3549 1708 3602 κραιπα-

167 3614 346 3683 ὶηστῶν
380 3621 472 3673 καὶ
527 3621 741 3690 πορνῶν
765 3622 860 3674 καὶ
897 3619 1282 3691 πορνοὸοσκῶν
1315 3623 1706 3695 καταναλωθῆ-

165 3715 297 3759 aetat
342 3711 476 3780 πρὸς
523 3711 747 3764 πλείονα
789 3711 1118 3782 κατάκρισιν
1164 3711 1262 3765 τοῦ
1309 3713 1502 3784 πρώην
1542 3717 1707 3769 αὑτὸν

150 3793 350 3864 ιχοντος
392 3803 486 3854 καὶ
519 3803 597 3874 μὴ
645 3801 1138 3872 διασκορπίσαντος
1169 3802 1574 3873 φιλανθρώπως
1613 3806 1708 3858 καὶ

146 3883 399 3952 θεοσεϐῶς
447 3891 592 3944 κατὰ
642 3890 704 3943 τὸ
769 3893 1187 3962 γεγραμμένονο
1243 3909 1263 3943 ι
1310 3893 1705 3963 Ἐσκόρπισεν,

138 3976 308 4032 ἔδωκε
336 3984 447 4045 τοῖς
483 3983 751 4052 πένησινο
781 3987 815 4053 ὴ
856 3983 1175 4060 δικαιοσύνη
1226 3985 1392 4038 αὐτοῦ
1433 3986 1588 4054 μένει
1627 3989 1707 4051 εἰς

135 4068 240 4120 τὸν
273 4072 438 4126 αἰῶνα
483 4073 580 4127 τοῦ
633 4075 868 4139 αἰῶνος,
903 4094 921 4126 ι
967 4075 1084 4129 ἀλλ’
1126 4075 1366 4146 ἔμπαλιν
1403 4078 1584 4132 αἰτίαν
1613 4081 1708 4132 καὶ

133 4161 408 4229 πρόφασιν
436 4168 815 4238 παρασχόντος
837 4167 930 4220 καὶ
958 4169 1070 4230 τοῖς
1099 4172 1581 4242 μεταγενεστέρως
1612 4173 1707 4226 αὑι

129 4251 238 4304 τὸν
284 4255 540 4326 ἐσχηκόσι
587 4259 724 4330 πρὸς
769 4244 1156 4330 ἀνοσιουργίας
1205 4263 1300 4314 καὶ
1350 4279 1706 4334 πονηροπρα-

1808 3082 1915 3126 tem
1967 3073 2248 3128 laboribus
2286 3073 2406 3142 ejus
2467 3082 2520 3126 et
2558 3073 2855 3126 sudoribus
2896 3083 3109 3142 partam
3161 3074 3377 3142 adierit,

1809 3163 1936 3217 illud
1966 3164 2178 3226 videat,
2231 3164 2376 3232 quod
2411 3163 2534 3224 ﬁet,
2575 3174 2628 3217 et
2655 3178 2819 3232 quam
2850 3163 2896 3217 is
2928 3179 3108 3218 rerum
3146 3167 3381 3220 admini-

1805 3256 2128 3311 strationem
2176 3255 2462 3310 instituet?
2497 3256 2641 3310 Num
2675 3254 2821 3308 enim
2867 3256 2969 3310 iste
2997 3273 3134 3326 quas
3160 3257 3381 3314 divitias

1806 3351 2178 3405 successionis
2199 3351 2322 3418 jure
2350 3350 2579 3419 accepit,
2615 3364 2709 3403 eas
2738 3349 2790 3402 in
2822 3349 3076 3404 solatium
3102 3353 3379 3421 egentium

1805 3439 2182 3505 distribuisse,
2227 3453 2393 3510 atque
2457 3440 2511 3493 in
2562 3454 2722 3492 usum
2773 3442 3095 3494 miserorum
3149 3439 3384 3494 admini-

1806 3537 2013 3584 strasse
2047 3530 2392 3585 invenietur?
2418 3531 2500 3584 An
2531 3530 2662 3584 nibil
2689 3531 2885 3586 horum
2919 3533 3077 3601 plane
3113 3529 3381 3593 futurum,

1805 3634 2010 3690 easque
2043 3636 2167 3675 cum
2199 3622 2368 3676 ebriis
2411 3622 2592 3690 potius
2624 3632 2678 3676 et
2713 3623 3216 3686 comessatoribus,
3256 3636 3380 3676 cum

1806 3711 2004 3764 scortis
2056 3711 2456 3780 lcnonibusque
2494 3711 2584 3766 ille
2628 3713 2908 3774 absumet,
2961 3711 3028 3765 ad
3073 3712 3380 3782 graviorem

1805 3801 1927 3868 ejus
1949 3795 2462 3856 condemnationem
2487 3842 2502 3865 ,
2534 3801 2626 3870 qui
2661 3803 2814 3870 prius
2847 3802 3117 3868 possedit,
3144 3816 3245 3854 nec
3275 3801 3379 3853 hu-

1806 3892 2040 3946 maniter
2065 3908 2160 3948 eas
2209 3893 2404 3962 pieque
2425 3893 2706 3962 dispersit,
2738 3891 3200 3960 quemadmodum
3241 3892 3378 3945 seri-

1806 3987 1958 4049 ptum
1987 3989 2074 4034 est
2108 3997 2121 4032 :
2161 3999 2179 4032 ι
2213 3980 2486 4049 Dispersit
2511 4021 2523 4042 ,
2567 3981 2715 4034 dedit
2759 3978 3122 4048 pauperibus;
3163 3978 3374 4045 justiti:

1805 4072 1925 4139 ejus
1965 4080 2148 4126 manet
2175 4073 2229 4126 in
2263 4071 2524 4126 sazculum
2559 4069 3214 4138 sazculi‘°;isedcausam
3247 4085 3404 4138 con-3

1807 4173 1890 4217 tra
1915 4171 1970 4216 et
1998 4165 2343 4218 occasionem
2374 4163 2605 4233 posteris
2633 4178 2853 4232 quoque
2880 4160 3130 4232 przebuit,
3153 4161 3216 4214 ad
3241 4177 3384 4230 quos

1807 4257 1913 4312 illa:
1958 4270 2292 4326 pervenere,
2328 4265 2388 4309 ut
2425 4255 2646 4324 impiam
2691 4254 3094 4324 pessimamque
3133 4251 3259 4305 vitae
3299 4267 3382 4304 ra.

129 4343 281 4407 ξίας,
321 4350 866 4418 παρεκτρεπομένοις
908 4349 964 4403 δὲ
1011 4353 1108 4404 καὶ
1153 4353 1290 4422 πρὸς
1320 4354 1574 4424 ἁρπαγὰς
1608 4357 1703 4409 καὶ

1811 4359 2011 4409 tionem
2067 4352 2303 4418 inirent,
2343 4366 2443 4404 nec
2474 4349 2716 4418 rapiendi
2742 4388 2758 4414 ,
2791 4345 3257 4417 concupiscendi,
3297 4361 3385 4399 ca-

127 4433 448 4505 πλεονεξίας
475 4443 569 4494 καὶ
603 4443 974 4511 συκοφαντίας
1005 4443 1085 4495 ἔτι
1117 4445 1262 4498 κατὰ
1293 4447 1354 4498 τὸ
1387 4447 1610 4516 μᾶλλον,
1627 4447 1706 4511 ὡς

120 4525 236 4576 οὐκ
286 4530 654 4600 ὲςαρκοῦντος
701 4531 796 4584 τοῦ
866 4533 1316 4604 περιενεχθέντος
1371 4538 1453 4598 εἰς
1504 4536 1704 4599 αὐτοὺς

120 4616 366 4672 πλούτου
396 4623 728 4692 παραλόγως
757 4625 850 4676 καὶ
880 4625 1163 4695 δυστυχῶς
1195 4627 1330 4694 πρὸς
1364 4627 1703 4699 ἐξυπηρέτη-

119 4723 215 4757 σιν
254 4709 355 4778 τῆς
401 4711 689 4781 φιληδόνου
724 4712 893 4782 ζωῆς.
942 4712 1115 4768 Τοῦτο
1143 4714 1252 4786 γὰρ
1281 4717 1584 4770 αἰνίττεται
1621 4717 1708 4770 διὰ

113 4799 230 4852 τῶν
257 4803 554 4874 ἑπομένων
577 4821 592 4838 ·
627 4807 763 4876 φησὶ
790 4808 900 4879 γάρ
924 4823 939 4838 ⁸
1288 4795 1291 4798 ί

1807 4443 2110 4500 lumuiandi
2149 4442 2314 4496 ullum
2363 4439 2606 4496 facerent
2639 4440 2840 4494 tinent:
2871 4438 3028 4509 quasi
3075 4453 3231 4507 opes,
3259 4453 3380 4506 qua:

1811 4549 2015 4593 temere
2047 4535 2156 4590 illis
2196 4534 2597 4602 infeliciterque
2623 4531 3010 4590 obvenissent,
3044 4532 3107 4584 ad
3135 4532 3383 4596 volupta-

1813 4629 1908 4680 rize
1935 4627 2056 4680 vitae
2089 4623 2392 4680 ministeria
2419 4622 2578 4692 plane
2611 4636 2718 4674 non
2753 4620 3074 4674 sntlicerent.
3097 4618 3213 4673 Huc
3234 4619 3380 4672 enim

1814 4722 1882 4775 iis
1915 4721 2208 4790 signiﬁcat,
2243 4734 2363 4786 qua:
2391 4725 2729 4784 sequuntur;
2760 4715 2957 4782 quippe
2993 4714 3068 4766 ait
3097 4730 3113 4764 ;

1517 4924 1676 4994 ιοε
1710 4921 1738 4994 §
1775 4919 1964 4973 xxvu.

203 5007 597 5081 Ἐπέστρενψα
651 5012 800 5083 ἐγὼ,
847 5015 948 5068 καὶ
997 5012 1162 5070 εἶδον
1215 5017 1547 5086 συμπάσας
1604 5020 1710 5081 τὰς

105 5103 546 5167 συκοφαντίας
574 5101 681 5166 τὰς
710 5102 1028 5172 γινομένας·
1062 5105 1180 5159 ὑπὸ
1214 5106 1322 5158 τὸν
1353 5106 1532 5173 ἣλιον
1552 5123 1566 5136 ·
1608 5107 1707 5158 καί

103 5181 282 5240 εἶδον
315 5189 598 5260 δάκρυον
643 5190 761 5244 τῶν
804 5195 1417 5264 συκοφαντουμένων,
1455 5196 1550 5251 καὶ
1596 5199 1708 5250 οὐκ

103 5274 288 5331 ἐστιν
315 5280 533 5347 αὐτοῖς
564 5285 596 5335 ό
633 5283 1030 5350 παρακαλῶν*
1077 5287 1176 5338 καὶ
1207 5285 1324 5340 ἀπὸ
1355 5287 1552 5355 χειρὸς
1590 5304 1705 5340 συ-

178 5405 225 5438 ”
257 5408 424 5466 Psal.
459 5428 594 5478 cm,
635 5412 690 5467 9.

176 5544 301 5613 (62)
350 5547 495 5602 an.
526 5565 638 5613 xvi,
669 5546 722 5602 9.
761 5546 852 5601 Sic
885 5557 1064 5600 tamen
1108 5545 1161 5598 in
1189 5546 1393 5602 Graecis
1434 5549 1710 5614 exemplzh

99 5613 258 5667 ribus
297 5619 460 5686 icges
495 5635 508 5670 :
554 5619 821 5687 Ποιήσατε
869 5619 1082 5678 ἑαυτοῖς
1123 5616 1308 5687 φίλους
1345 5620 1408 5687 ἐκ
1449 5616 1543 5669 τοῦ
1588 5613 1707 5669 Μα-

95 5687 267 5746 μωνᾶ
301 5690 413 5756 τῆς
449 5685 684 5751 ἀδικίας,
714 5689 796 5740 ἵνα
819 5690 946 5740 ὅταν
977 5687 1260 5752 ἐκλίπητε,
1285 5685 1540 5750 δέξωνται
1567 5689 1711 5749 ὑμᾶς

1886 5013 2018 5066 Car.
2048 5011 2136 5066 IV.
2173 5028 2326 5065 VERS.
2373 5011 2484 5064 1-5.
2517 5009 2759 5064 Conveni
2796 5023 2888 5078 ego
2919 5023 3018 5072 me,
3052 5016 3100 5062 et
3128 5005 3234 5062 vidi
3267 5007 3384 5059 uni-

1813 5124 1986 5161 versas
2004 5107 2296 5160 calumnias
2313 5124 2429 5176 qua?
2452 5108 2587 5175 ﬁunt
2614 5106 2709 5158 sub
2729 5104 2872 5168 sole;
2893 5113 2940 5158 et
2965 5104 3070 5157 vidi
3093 5103 3383 5172 lacrymam

1810 5215 2023 5262 eorum,
2079 5203 2166 5268 qui
2215 5200 2536 5252 calumniam
2569 5193 2864 5260 sustinent,
2921 5210 2968 5250 et
3019 5212 3121 5249 non
3165 5204 3237 5248 est
3295 5193 3385 5259 qui

1811 5296 2110 5348 consoletur
2141 5312 2227 5349 eos
2257 5313 2274 5349 :
2305 5305 2352 5348 et
2382 5294 2446 5347 de
2487 5309 2648 5348 manu
2678 5293 3118 5347 calumniantium
3145 5305 3229 5343 eos
3268 5285 3380 5353 [er-

1819 5556 1896 5618 εὲς
1924 5554 2020 5616 τὰς
2049 5557 2297 5620 αἰωνίους
2322 5561 2544 5627 σκηνάς.

1889 5627 1997 5694 ((³5)
2039 5627 2251 5697 Olymp.
2278 5631 2334 5680 ἐν
2365 5624 2424 5694 ᾤ’
2445 5631 2508 5681 ἂν
2531 5631 2774 5696 γένηται.
