  <div class='ocr_page' id='page_1' title='image "/cluster/home/n/w/nwhite01/storage/ocr_20150623/98/hvd.32044073502148/464.png"; bbox 0 0 3982 6190; ppageno 0'>
   <div class='ocr_carea' id='block_1_1' title="bbox 399 286 505 358">
    <p class='ocr_par' dir='ltr' id='par_1_1' title="bbox 399 286 505 358">
     <span class='ocr_line' id='line_1_1' title="bbox 399 286 505 358; baseline 0 -1"><span class='ocrx_word' id='word_1_1' title='bbox 399 286 505 358; x_wconf 75' lang='grc'><strong>917</strong></span> 
     </span>
    </p>
   </div>
   <div class='ocr_carea' id='block_1_2' title="bbox 1463 304 2572 386">
    <p class='ocr_par' dir='ltr' id='par_1_2' title="bbox 1463 304 2572 386">
     <span class='ocr_line' id='line_1_2' title="bbox 1463 304 2572 386; baseline 0.008 -22"><span class='ocrx_word' id='word_1_2' title='bbox 1463 304 1546 366; x_wconf 89' lang='grc' dir='ltr'><strong>ΙΝ</strong></span> <span class='ocrx_word' id='word_1_3' title='bbox 1585 305 2164 386; x_wconf 64' lang='lat' dir='ltr'><strong>ECCLESIASTEN.</strong></span> <span class='ocrx_word' id='word_1_4' title='bbox 2205 337 2272 347; x_wconf 88' lang='lat'><strong>-—</strong></span> <span class='ocrx_word' id='word_1_5' title='bbox 2297 313 2448 373; x_wconf 87' lang='lat' dir='ltr'><strong>LIB.</strong></span> <span class='ocrx_word' id='word_1_6' title='bbox 2481 308 2572 372; x_wconf 84' lang='lat' dir='ltr'><strong>IV.</strong></span> 
     </span>
    </p>
   </div>
   <div class='ocr_carea' id='block_1_3' title="bbox 3537 253 3645 370">
    <p class='ocr_par' dir='ltr' id='par_1_3' title="bbox 3537 253 3645 370">
     <span class='ocr_line' id='line_1_3' title="bbox 3537 253 3645 370; baseline 0 -1"><span class='ocrx_word' id='word_1_7' title='bbox 3537 253 3645 370; x_wconf 65' lang='grc' dir='ltr'>οιέ</span> 
     </span>
    </p>
   </div>
   <div class='ocr_carea' id='block_1_4' title="bbox 401 401 1956 488">
    <p class='ocr_par' dir='ltr' id='par_1_4' title="bbox 401 401 1956 488">
     <span class='ocr_line' id='line_1_4' title="bbox 401 401 1956 488; baseline 0.01 -34"><span class='ocrx_word' id='word_1_8' title='bbox 401 401 588 488; x_wconf 76' lang='grc' dir='ltr'>ἑτέραν</span> <span class='ocrx_word' id='word_1_9' title='bbox 610 403 987 476; x_wconf 77' lang='grc' dir='ltr'>ἁπειρημὲνην</span> <span class='ocrx_word' id='word_1_10' title='bbox 1003 407 1420 481; x_wconf 78' lang='grc' dir='ltr'>κατολισθῆσαν,</span> <span class='ocrx_word' id='word_1_11' title='bbox 1440 412 1516 478; x_wconf 83' lang='grc' dir='ltr'>ὡς</span> <span class='ocrx_word' id='word_1_12' title='bbox 1541 417 1956 488; x_wconf 58' lang='grc' dir='ltr'>ὕπενηνεγμένοι</span> 
     </span>
    </p>
   </div>
   <div class='ocr_carea' id='block_1_5' title="bbox 2060 401 3653 488">
    <p class='ocr_par' dir='ltr' id='par_1_5' title="bbox 2077 416 3653 485">
     <span class='ocr_line' id='line_1_5' title="bbox 2077 416 3653 485; baseline -0.002 -10"><span class='ocrx_word' id='word_1_13' title='bbox 2077 419 2248 485; x_wconf 88' lang='lat' dir='ltr'><strong>dium,</strong></span> <span class='ocrx_word' id='word_1_14' title='bbox 2287 422 2370 476; x_wconf 86' lang='lat' dir='ltr'><strong>vel</strong></span> <span class='ocrx_word' id='word_1_15' title='bbox 2403 421 2486 475; x_wconf 77' lang='lat' dir='ltr'><strong>in</strong></span> <span class='ocrx_word' id='word_1_16' title='bbox 2551 419 2771 476; x_wconf 88' lang='lat' dir='ltr'><strong>vetitam</strong></span> <span class='ocrx_word' id='word_1_17' title='bbox 2823 416 2985 473; x_wconf 86' lang='lat' dir='ltr'><strong>aliam</strong></span> <span class='ocrx_word' id='word_1_18' title='bbox 3039 417 3328 472; x_wconf 88' lang='lat' dir='ltr'><strong>actionem.</strong></span> <span class='ocrx_word' id='word_1_19' title='bbox 3386 430 3653 472; x_wconf 76' lang='lat' dir='ltr'><strong>corruens</strong></span> 
     </span>
    </p>
   </div>
   <div class='ocr_carea' id='block_1_6' title="bbox 386 481 1972 580">
    <p class='ocr_par' dir='ltr' id='par_1_6' title="bbox 386 481 1972 580">
     <span class='ocr_line' id='line_1_6' title="bbox 386 481 1972 580; baseline 0.01 -34"><span class='ocrx_word' id='word_1_20' title='bbox 386 481 518 557; x_wconf 68' lang='grc' dir='ltr'>ταῖς</span> <span class='ocrx_word' id='word_1_21' title='bbox 556 494 757 564; x_wconf 78' lang='grc' dir='ltr'><strong>ῥοπαῖς</strong></span> <span class='ocrx_word' id='word_1_22' title='bbox 805 497 900 550; x_wconf 74' lang='grc' dir='ltr'>καὶ</span> <span class='ocrx_word' id='word_1_23' title='bbox 957 497 1244 570; x_wconf 85' lang='grc' dir='ltr'>βουλήσεσι</span> <span class='ocrx_word' id='word_1_24' title='bbox 1293 505 1393 574; x_wconf 79' lang='grc' dir='ltr'><strong>τῆς</strong></span> <span class='ocrx_word' id='word_1_25' title='bbox 1437 503 1634 576; x_wconf 82' lang='grc' dir='ltr'>ψυχῆς.</span> <span class='ocrx_word' id='word_1_26' title='bbox 1671 481 1886 580; x_wconf 58' lang='grc' dir='ltr'>Ῠαύτης</span> <span class='ocrx_word' id='word_1_27' title='bbox 1916 509 1972 562; x_wconf 76' lang='grc' dir='ltr'>δὲ</span> 
     </span>
    </p>
   </div>
   <div class='ocr_carea' id='block_1_7' title="bbox 388 586 1973 665">
    <p class='ocr_par' dir='ltr' id='par_1_7' title="bbox 388 586 1973 665">
     <span class='ocr_line' id='line_1_7' title="bbox 388 586 1973 665; baseline 0.011 -30"><span class='ocrx_word' id='word_1_28' title='bbox 388 586 872 655; x_wconf 79' lang='grc' dir='ltr'>προπεπτωκυίας,</span> <span class='ocrx_word' id='word_1_29' title='bbox 903 588 1112 642; x_wconf 73' lang='grc' dir='ltr'>καὶτοῦ</span> <span class='ocrx_word' id='word_1_30' title='bbox 1135 589 1386 662; x_wconf 85' lang='grc' dir='ltr'>σώματος</span> <span class='ocrx_word' id='word_1_31' title='bbox 1417 597 1858 665; x_wconf 74' lang='grc' dir='ltr'>συμπτωθέντος,</span> <span class='ocrx_word' id='word_1_32' title='bbox 1875 600 1973 652; x_wconf 84' lang='grc' dir='ltr'>οὐκ</span> 
     </span>
    </p>
   </div>
   <div class='ocr_carea' id='block_1_8' title="bbox 389 675 1964 761">
    <p class='ocr_par' dir='ltr' id='par_1_8' title="bbox 389 675 1964 761">
     <span class='ocr_line' id='line_1_8' title="bbox 389 675 1964 761; baseline 0.01 -32"><span class='ocrx_word' id='word_1_33' title='bbox 389 675 500 746; x_wconf 80' lang='grc' dir='ltr'>εχει</span> <span class='ocrx_word' id='word_1_34' title='bbox 529 677 716 748; x_wconf 83' lang='grc' dir='ltr'>χώραν</span> <span class='ocrx_word' id='word_1_35' title='bbox 745 679 836 732; x_wconf 74' lang='grc' dir='ltr'>τὸν</span> <span class='ocrx_word' id='word_1_36' title='bbox 864 679 961 734; x_wconf 74' lang='grc' dir='ltr'>ἕνα</span> <span class='ocrx_word' id='word_1_37' title='bbox 989 679 1168 750; x_wconf 87' lang='grc' dir='ltr'>λέγειν</span> <span class='ocrx_word' id='word_1_38' title='bbox 1201 687 1410 750; x_wconf 77' lang='grc' dir='ltr'><strong>πεσεῖν,</strong></span> <span class='ocrx_word' id='word_1_39' title='bbox 1441 687 1577 740; x_wconf 82' lang='grc' dir='ltr'><strong>ἀλλά</strong></span> <span class='ocrx_word' id='word_1_40' title='bbox 1614 691 1742 753; x_wconf 85' lang='grc' dir='ltr'>τοὺς</span> <span class='ocrx_word' id='word_1_41' title='bbox 1782 691 1964 761; x_wconf 76' lang='grc' dir='ltr'>ἀμερο-</span> 
     </span>
    </p>
   </div>
   <div class='ocr_carea' id='block_1_9' title="bbox 387 769 1972 845">
    <p class='ocr_par' dir='ltr' id='par_1_9' title="bbox 387 769 1972 845">
     <span class='ocr_line' id='line_1_9' title="bbox 387 769 1972 845; baseline 0.008 -23"><span class='ocrx_word' id='word_1_42' title='bbox 387 769 581 840; x_wconf 88' lang='grc' dir='ltr'>τέρους</span> <span class='ocrx_word' id='word_1_43' title='bbox 599 786 614 800; x_wconf 72' lang='grc' dir='ltr'><strong>ο</strong></span> <span class='ocrx_word' id='word_1_44' title='bbox 645 772 971 842; x_wconf 77' lang='grc' dir='ltr'><strong>ἀμφοτέρων</strong></span> <span class='ocrx_word' id='word_1_45' title='bbox 987 773 1044 826; x_wconf 75' lang='grc' dir='ltr'>δὲ</span> <span class='ocrx_word' id='word_1_46' title='bbox 1064 775 1453 842; x_wconf 84' lang='grc' dir='ltr'><strong>πεπτωκότων,</strong></span> <span class='ocrx_word' id='word_1_47' title='bbox 1478 777 1594 843; x_wconf 88' lang='grc' dir='ltr'><strong>πῶς</strong></span> <span class='ocrx_word' id='word_1_48' title='bbox 1610 783 1637 833; x_wconf 87' lang='grc' dir='ltr'>ὁ</span> <span class='ocrx_word' id='word_1_49' title='bbox 1667 780 1972 845; x_wconf 79' lang='grc' dir='ltr'><strong>πεπτωκὼς</strong></span> 
     </span>
    </p>
   </div>
   <div class='ocr_carea' id='block_1_10' title="bbox 385 859 1968 942">
    <p class='ocr_par' dir='ltr' id='par_1_10' title="bbox 385 859 1968 942">
     <span class='ocr_line' id='line_1_10' title="bbox 385 859 1968 942; baseline 0.008 -30"><span class='ocrx_word' id='word_1_50' title='bbox 385 859 478 912; x_wconf 79' lang='grc' dir='ltr'><strong>τδν</strong></span> <span class='ocrx_word' id='word_1_51' title='bbox 533 861 765 916; x_wconf 75' lang='grc' dir='ltr'><strong>πεσόντα</strong></span> <span class='ocrx_word' id='word_1_52' title='bbox 810 861 1142 936; x_wconf 80' lang='grc' dir='ltr'>διαναστήση</span> <span class='ocrx_word' id='word_1_53' title='bbox 1185 867 1324 920; x_wconf 80' lang='grc' dir='ltr'>κατὰ</span> <span class='ocrx_word' id='word_1_54' title='bbox 1364 867 1454 920; x_wconf 79' lang='grc' dir='ltr'>τὸν</span> <span class='ocrx_word' id='word_1_55' title='bbox 1505 868 1968 942; x_wconf 78' lang='grc' dir='ltr'>Ἐγκλησιαστήν;</span> 
     </span>
    </p>
   </div>
   <div class='ocr_carea' id='block_1_11' title="bbox 390 949 1969 1034">
    <p class='ocr_par' dir='ltr' id='par_1_11' title="bbox 390 949 1969 1034">
     <span class='ocr_line' id='line_1_11' title="bbox 390 949 1969 1034; baseline 0.009 -31"><span class='ocrx_word' id='word_1_56' title='bbox 390 949 584 1004; x_wconf 78' lang='grc' dir='ltr'><strong>Τοίνυν</strong></span> <span class='ocrx_word' id='word_1_57' title='bbox 622 952 883 1024; x_wconf 78' lang='grc' dir='ltr'>ἐκατέρου</span> <span class='ocrx_word' id='word_1_58' title='bbox 945 955 1200 1021; x_wconf 87' lang='grc' dir='ltr'>πεσόντος</span> <span class='ocrx_word' id='word_1_59' title='bbox 1238 951 1516 1030; x_wconf 81' lang='grc' dir='ltr'>οὐδέτερος</span> <span class='ocrx_word' id='word_1_60' title='bbox 1565 961 1827 1034; x_wconf 75' lang='grc' dir='ltr'>διεγεῖραι</span> <span class='ocrx_word' id='word_1_61' title='bbox 1876 963 1969 1018; x_wconf 66' lang='grc' dir='ltr'><strong>τὸν</strong></span> 
     </span>
    </p>
   </div>
   <div class='ocr_carea' id='block_1_12' title="bbox 387 1039 1969 1118">
    <p class='ocr_par' dir='ltr' id='par_1_12' title="bbox 387 1039 1969 1118">
     <span class='ocr_line' id='line_1_12' title="bbox 387 1039 1969 1118; baseline 0.009 -24"><span class='ocrx_word' id='word_1_62' title='bbox 387 1042 573 1114; x_wconf 77' lang='grc' dir='ltr'>ἓτερον</span> <span class='ocrx_word' id='word_1_63' title='bbox 605 1039 716 1106; x_wconf 70' lang='grc' dir='ltr'>οἶός</span> <span class='ocrx_word' id='word_1_64' title='bbox 740 1043 799 1097; x_wconf 89' lang='grc' dir='ltr'><strong>τέ</strong></span> <span class='ocrx_word' id='word_1_65' title='bbox 828 1045 943 1099; x_wconf 84' lang='grc' dir='ltr'>ὲστι</span> <span class='ocrx_word' id='word_1_66' title='bbox 975 1046 1112 1116; x_wconf 74' lang='grc' dir='ltr'>πρὸς</span> <span class='ocrx_word' id='word_1_67' title='bbox 1151 1049 1249 1118; x_wconf 76' lang='grc' dir='ltr'>τὴν</span> <span class='ocrx_word' id='word_1_68' title='bbox 1285 1049 1394 1103; x_wconf 89' lang='grc' dir='ltr'><strong>τῶν</strong></span> <span class='ocrx_word' id='word_1_69' title='bbox 1431 1050 1612 1106; x_wconf 87' lang='grc' dir='ltr'>καλῶν</span> <span class='ocrx_word' id='word_1_70' title='bbox 1639 1053 1848 1108; x_wconf 87' lang='grc' dir='ltr'>στάσιν.</span> <span class='ocrx_word' id='word_1_71' title='bbox 1895 1054 1969 1108; x_wconf 79' lang='grc' dir='ltr'><strong>Τὸ</strong></span> 
     </span>
    </p>
   </div>
   <div class='ocr_carea' id='block_1_13' title="bbox 390 1129 1967 1213">
    <p class='ocr_par' dir='ltr' id='par_1_13' title="bbox 390 1129 1967 1213">
     <span class='ocr_line' id='line_1_13' title="bbox 390 1129 1967 1213; baseline 0.01 -28"><span class='ocrx_word' id='word_1_72' title='bbox 390 1129 550 1204; x_wconf 80' lang='grc' dir='ltr'>σῶμα</span> <span class='ocrx_word' id='word_1_73' title='bbox 575 1134 682 1204; x_wconf 80' lang='grc' dir='ltr'><strong>γὰρ</strong></span> <span class='ocrx_word' id='word_1_74' title='bbox 709 1135 768 1187; x_wconf 74' lang='grc' dir='ltr'>οὐ</span> <span class='ocrx_word' id='word_1_75' title='bbox 806 1136 1076 1210; x_wconf 71' lang='grc' dir='ltr'>πέφυκενο</span> <span class='ocrx_word' id='word_1_76' title='bbox 1103 1141 1137 1209; x_wconf 84' lang='grc' dir='ltr'><strong>ἡ</strong></span> <span class='ocrx_word' id='word_1_77' title='bbox 1169 1140 1225 1193; x_wconf 84' lang='grc' dir='ltr'>δὲ</span> <span class='ocrx_word' id='word_1_78' title='bbox 1249 1139 1394 1212; x_wconf 78' lang='grc' dir='ltr'>ψυχὴ</span> <span class='ocrx_word' id='word_1_79' title='bbox 1432 1143 1532 1197; x_wconf 76' lang='grc' dir='ltr'>κᾶν</span> <span class='ocrx_word' id='word_1_80' title='bbox 1572 1145 1812 1213; x_wconf 69' lang='grc' dir='ltr'>πέφυκεν</span> <span class='ocrx_word' id='word_1_81' title='bbox 1832 1147 1967 1200; x_wconf 79' lang='grc' dir='ltr'><strong>ἀλλά</strong></span> 
     </span>
    </p>
   </div>
   <div class='ocr_carea' id='block_1_14' title="bbox 387 1225 1967 1309">
    <p class='ocr_par' dir='ltr' id='par_1_14' title="bbox 387 1225 1967 1309">
     <span class='ocr_line' id='line_1_14' title="bbox 387 1225 1967 1309; baseline 0.009 -32"><span class='ocrx_word' id='word_1_82' title='bbox 387 1225 810 1295; x_wconf 80' lang='grc' dir='ltr'>προηγουμένως</span> <span class='ocrx_word' id='word_1_83' title='bbox 826 1227 1026 1300; x_wconf 80' lang='grc' dir='ltr'>ἑαυτὴν</span> <span class='ocrx_word' id='word_1_84' title='bbox 1043 1228 1286 1302; x_wconf 78' lang='grc' dir='ltr'><strong>ἐξεγερεῖ</strong></span> <span class='ocrx_word' id='word_1_85' title='bbox 1301 1233 1398 1303; x_wconf 81' lang='grc' dir='ltr'>τῆς</span> <span class='ocrx_word' id='word_1_86' title='bbox 1413 1235 1798 1305; x_wconf 80' lang='grc' dir='ltr'>ἀμαρτητικῆς</span> <span class='ocrx_word' id='word_1_87' title='bbox 1825 1255 1933 1309; x_wconf 92' lang='grc' dir='ltr'><strong>συμ</strong></span> <span class='ocrx_word' id='word_1_88' title='bbox 1944 1267 1967 1279; x_wconf 92' lang='lat'><strong>-</strong></span> 
     </span>
    </p>
   </div>
   <div class='ocr_carea' id='block_1_15' title="bbox 391 1313 1984 1399">
    <p class='ocr_par' dir='ltr' id='par_1_15' title="bbox 391 1313 1984 1399">
     <span class='ocr_line' id='line_1_15' title="bbox 391 1313 1984 1399; baseline 0.009 -31"><span class='ocrx_word' id='word_1_89' title='bbox 391 1313 648 1378; x_wconf 79' lang='grc' dir='ltr'><strong>πτώσεως</strong></span> <span class='ocrx_word' id='word_1_90' title='bbox 667 1316 756 1368; x_wconf 72' lang='grc' dir='ltr'><strong>διὰ</strong></span> <span class='ocrx_word' id='word_1_91' title='bbox 791 1319 890 1388; x_wconf 82' lang='grc' dir='ltr'>τῆς</span> <span class='ocrx_word' id='word_1_92' title='bbox 925 1320 1238 1392; x_wconf 84' lang='grc' dir='ltr'>μετανοίας·</span> <span class='ocrx_word' id='word_1_93' title='bbox 1275 1322 1463 1378; x_wconf 76' lang='grc' dir='ltr'>ἔπειτα</span> <span class='ocrx_word' id='word_1_94' title='bbox 1494 1325 1550 1378; x_wconf 79' lang='grc' dir='ltr'>δὲ</span> <span class='ocrx_word' id='word_1_95' title='bbox 1595 1327 1688 1380; x_wconf 73' lang='grc' dir='ltr'>καὶ</span> <span class='ocrx_word' id='word_1_96' title='bbox 1715 1327 1776 1380; x_wconf 80' lang='grc' dir='ltr'>τὸ</span> <span class='ocrx_word' id='word_1_97' title='bbox 1806 1329 1984 1399; x_wconf 85' lang='grc' dir='ltr'>σῶμα.</span> 
     </span>
    </p>
   </div>
   <div class='ocr_carea' id='block_1_16' title="bbox 389 1406 1970 1492">
    <p class='ocr_par' dir='ltr' id='par_1_16' title="bbox 389 1406 1970 1492">
     <span class='ocr_line' id='line_1_16' title="bbox 389 1406 1970 1492; baseline 0.01 -34"><span class='ocrx_word' id='word_1_98' title='bbox 389 1406 846 1484; x_wconf 78' lang='grc' dir='ltr'>συνεγερθήσεται</span> <span class='ocrx_word' id='word_1_99' title='bbox 894 1411 1112 1476; x_wconf 77' lang='grc' dir='ltr'>πάντως</span> <span class='ocrx_word' id='word_1_100' title='bbox 1155 1413 1292 1486; x_wconf 83' lang='grc' dir='ltr'>αὐτῇ</span> <span class='ocrx_word' id='word_1_101' title='bbox 1332 1415 1428 1478; x_wconf 87' lang='grc' dir='ltr'>τὰς</span> <span class='ocrx_word' id='word_1_102' title='bbox 1464 1417 1617 1486; x_wconf 79' lang='grc' dir='ltr'>ἡνίας</span> <span class='ocrx_word' id='word_1_103' title='bbox 1643 1418 1840 1492; x_wconf 75' lang='grc' dir='ltr'>ἐχούσῃ</span> <span class='ocrx_word' id='word_1_104' title='bbox 1872 1423 1970 1474; x_wconf 67' lang='grc' dir='ltr'><strong>καὶ</strong></span> 
     </span>
    </p>
   </div>
   <div class='ocr_carea' id='block_1_17' title="bbox 387 1495 1867 1579">
    <p class='ocr_par' dir='ltr' id='par_1_17' title="bbox 387 1495 1867 1579">
     <span class='ocr_line' id='line_1_17' title="bbox 387 1495 1867 1579; baseline 0.01 -31"><span class='ocrx_word' id='word_1_105' title='bbox 387 1495 445 1548; x_wconf 72' lang='grc' dir='ltr'><strong>τὸ</strong></span> <span class='ocrx_word' id='word_1_106' title='bbox 463 1496 662 1566; x_wconf 84' lang='grc' dir='ltr'>κράτος</span> <span class='ocrx_word' id='word_1_107' title='bbox 685 1498 784 1568; x_wconf 86' lang='grc' dir='ltr'>τῆς</span> <span class='ocrx_word' id='word_1_108' title='bbox 811 1499 908 1552; x_wconf 77' lang='grc' dir='ltr'>ἐπὶ</span> <span class='ocrx_word' id='word_1_109' title='bbox 929 1495 1000 1554; x_wconf 78' lang='grc' dir='ltr'><strong>τδ</strong></span> <span class='ocrx_word' id='word_1_110' title='bbox 1023 1504 1269 1571; x_wconf 81' lang='grc' dir='ltr'>κρεῖττον</span> <span class='ocrx_word' id='word_1_111' title='bbox 1297 1505 1330 1576; x_wconf 78' lang='grc' dir='ltr'><strong>ἢ</strong></span> <span class='ocrx_word' id='word_1_112' title='bbox 1365 1505 1424 1558; x_wconf 84' lang='grc' dir='ltr'>τὸ</span> <span class='ocrx_word' id='word_1_113' title='bbox 1453 1508 1635 1578; x_wconf 77' lang='grc' dir='ltr'>χεῖρον</span> <span class='ocrx_word' id='word_1_114' title='bbox 1673 1508 1867 1579; x_wconf 76' lang='grc' dir='ltr'>ῥοπῆς.</span> 
     </span>
    </p>
   </div>
   <div class='ocr_carea' id='block_1_18' title="bbox 451 1675 1962 1761">
    <p class='ocr_par' dir='ltr' id='par_1_18' title="bbox 451 1675 1962 1761">
     <span class='ocr_line' id='line_1_18' title="bbox 451 1675 1962 1761; baseline 0.012 -33"><span class='ocrx_word' id='word_1_115' title='bbox 451 1675 516 1728; x_wconf 73' lang='lat' dir='ltr'><strong>Et</strong></span> <span class='ocrx_word' id='word_1_116' title='bbox 567 1675 624 1730; x_wconf 85' lang='grc' dir='ltr'><strong>δέ</strong></span> <span class='ocrx_word' id='word_1_117' title='bbox 675 1695 758 1742; x_wconf 87' lang='grc' dir='ltr'><strong>τις</strong></span> <span class='ocrx_word' id='word_1_118' title='bbox 803 1677 1092 1754; x_wconf 77' lang='grc' dir='ltr'>βουληθείη</span> <span class='ocrx_word' id='word_1_119' title='bbox 1137 1683 1236 1752; x_wconf 84' lang='grc' dir='ltr'>τῆς</span> <span class='ocrx_word' id='word_1_120' title='bbox 1289 1684 1583 1758; x_wconf 79' lang='grc' dir='ltr'><strong>ἀναγωγῆς</strong></span> <span class='ocrx_word' id='word_1_121' title='bbox 1630 1690 1745 1754; x_wconf 84' lang='grc' dir='ltr'>τοῖς</span> <span class='ocrx_word' id='word_1_122' title='bbox 1783 1689 1962 1761; x_wconf 84' lang='grc' dir='ltr'>λόγοις</span> 
     </span>
    </p>
   </div>
   <div class='ocr_carea' id='block_1_19' title="bbox 2079 507 3649 582">
    <p class='ocr_par' dir='ltr' id='par_1_19' title="bbox 2079 507 3649 582">
     <span class='ocr_line' id='line_1_19' title="bbox 2079 507 3649 582; baseline -0.001 -18"><span class='ocrx_word' id='word_1_123' title='bbox 2079 519 2338 582; x_wconf 82' lang='lat' dir='ltr'><strong>tanquam</strong></span> <span class='ocrx_word' id='word_1_124' title='bbox 2372 511 2569 566; x_wconf 61' lang='lat' dir='ltr'><strong>animae</strong></span> <span class='ocrx_word' id='word_1_125' title='bbox 2599 511 2965 582; x_wconf 85' lang='lat' dir='ltr'><strong>propensione</strong></span> <span class='ocrx_word' id='word_1_126' title='bbox 2993 523 3057 564; x_wconf 90' lang='lat' dir='ltr'><strong>ac</strong></span> <span class='ocrx_word' id='word_1_127' title='bbox 3079 509 3358 564; x_wconf 82' lang='lat' dir='ltr'><strong>voluntate</strong></span> <span class='ocrx_word' id='word_1_128' title='bbox 3385 507 3649 562; x_wconf 88' lang='lat' dir='ltr'><strong>delatum.</strong></span> 
     </span>
    </p>
   </div>
   <div class='ocr_carea' id='block_1_20' title="bbox 2071 597 3648 676">
    <p class='ocr_par' dir='ltr' id='par_1_20' title="bbox 2071 597 3648 676">
     <span class='ocr_line' id='line_1_20' title="bbox 2071 597 3648 676; baseline -0.003 -22"><span class='ocrx_word' id='word_1_129' title='bbox 2071 601 2272 656; x_wconf 80' lang='lat' dir='ltr'><strong>Anima</strong></span> <span class='ocrx_word' id='word_1_130' title='bbox 2317 616 2448 656; x_wconf 89' lang='lat' dir='ltr'><strong>vero</strong></span> <span class='ocrx_word' id='word_1_131' title='bbox 2493 600 2782 676; x_wconf 4' lang='lat' dir='ltr'><strong>praelapsaj,</strong></span> <span class='ocrx_word' id='word_1_132' title='bbox 2833 597 3182 668; x_wconf 86' lang='lat' dir='ltr'><strong>collapsoque</strong></span> <span class='ocrx_word' id='word_1_133' title='bbox 3237 612 3348 652; x_wconf 88' lang='lat' dir='ltr'><strong>una</strong></span> <span class='ocrx_word' id='word_1_134' title='bbox 3397 611 3648 667; x_wconf 86' lang='lat' dir='ltr'><strong>corpore,</strong></span> 
     </span>
    </p>
   </div>
   <div class='ocr_carea' id='block_1_21' title="bbox 2071 690 3652 765">
    <p class='ocr_par' dir='ltr' id='par_1_21' title="bbox 2071 690 3652 765">
     <span class='ocr_line' id='line_1_21' title="bbox 2071 690 3652 765; baseline -0.004 -15"><span class='ocrx_word' id='word_1_135' title='bbox 2071 693 2176 750; x_wconf 90' lang='lat' dir='ltr'><strong>dici</strong></span> <span class='ocrx_word' id='word_1_136' title='bbox 2235 695 2459 765; x_wconf 89' lang='lat' dir='ltr'><strong>nequit,</strong></span> <span class='ocrx_word' id='word_1_137' title='bbox 2522 710 2689 750; x_wconf 90' lang='lat' dir='ltr'><strong>unum</strong></span> <span class='ocrx_word' id='word_1_138' title='bbox 2747 690 3132 748; x_wconf 80' lang='lat' dir='ltr'><strong>tantummodo</strong></span> <span class='ocrx_word' id='word_1_139' title='bbox 3197 691 3500 756; x_wconf 88' lang='lat' dir='ltr'><strong>cecidisse,</strong></span> <span class='ocrx_word' id='word_1_140' title='bbox 3558 690 3652 744; x_wconf 87' lang='lat' dir='ltr'><strong>sed</strong></span> 
     </span>
    </p>
   </div>
   <div class='ocr_carea' id='block_1_22' title="bbox 2071 784 3649 857">
    <p class='ocr_par' dir='ltr' id='par_1_22' title="bbox 2071 784 3649 857">
     <span class='ocr_line' id='line_1_22' title="bbox 2071 784 3649 857; baseline -0.003 -17"><span class='ocrx_word' id='word_1_141' title='bbox 2071 795 2368 857; x_wconf 91' lang='lat' dir='ltr'><strong>utrumque</strong></span> <span class='ocrx_word' id='word_1_142' title='bbox 2412 787 2702 842; x_wconf 87' lang='lat' dir='ltr'><strong>dicendum</strong></span> <span class='ocrx_word' id='word_1_143' title='bbox 2754 795 2838 840; x_wconf 90' lang='lat' dir='ltr'><strong>est</strong></span> <span class='ocrx_word' id='word_1_144' title='bbox 2879 803 2892 838; x_wconf 92' lang='lat'>:</span> <span class='ocrx_word' id='word_1_145' title='bbox 2937 791 3177 853; x_wconf 82' lang='lat' dir='ltr'><strong>utroque</strong></span> <span class='ocrx_word' id='word_1_146' title='bbox 3227 791 3411 838; x_wconf 87' lang='lat' dir='ltr'><strong>autem</strong></span> <span class='ocrx_word' id='word_1_147' title='bbox 3476 784 3649 852; x_wconf 87' lang='lat' dir='ltr'><strong>lapso,</strong></span> 
     </span>
    </p>
   </div>
   <div class='ocr_carea' id='block_1_23' title="bbox 2070 873 3650 948">
    <p class='ocr_par' dir='ltr' id='par_1_23' title="bbox 2070 873 3650 948">
     <span class='ocr_line' id='line_1_23' title="bbox 2070 873 3650 948; baseline -0.005 -16"><span class='ocrx_word' id='word_1_148' title='bbox 2070 877 2348 948; x_wconf 90' lang='lat' dir='ltr'><strong>quomodo</strong></span> <span class='ocrx_word' id='word_1_149' title='bbox 2373 875 2466 948; x_wconf 91' lang='lat' dir='ltr'><strong>qui</strong></span> <span class='ocrx_word' id='word_1_150' title='bbox 2507 877 2726 941; x_wconf 91' lang='lat' dir='ltr'><strong>cecidit,</strong></span> <span class='ocrx_word' id='word_1_151' title='bbox 2775 883 2834 930; x_wconf 92' lang='lat' dir='ltr'><strong>ut</strong></span> <span class='ocrx_word' id='word_1_152' title='bbox 2863 873 3222 928; x_wconf 77' lang='lat' dir='ltr'><strong>Ecclesiastes</strong></span> <span class='ocrx_word' id='word_1_153' title='bbox 3250 875 3350 938; x_wconf 88' lang='lat' dir='ltr'><strong>ait,</strong></span> <span class='ocrx_word' id='word_1_154' title='bbox 3375 874 3650 943; x_wconf 80' lang='lat' dir='ltr'><strong>jaceutem</strong></span> 
     </span>
    </p>
   </div>
   <div class='ocr_carea' id='block_1_24' title="bbox 2071 957 3652 1040">
    <p class='ocr_par' dir='ltr' id='par_1_24' title="bbox 2071 957 3652 1040">
     <span class='ocr_line' id='line_1_24' title="bbox 2071 957 3652 1040; baseline -0.005 -15"><span class='ocrx_word' id='word_1_155' title='bbox 2071 969 2285 1040; x_wconf 77' lang='lat' dir='ltr'><strong>erigat?</strong></span> <span class='ocrx_word' id='word_1_156' title='bbox 2315 967 2458 1035; x_wconf 84' lang='lat' dir='ltr'><strong>Quin</strong></span> <span class='ocrx_word' id='word_1_157' title='bbox 2491 969 2654 1023; x_wconf 91' lang='lat' dir='ltr'><strong>etiam</strong></span> <span class='ocrx_word' id='word_1_158' title='bbox 2687 967 2955 1021; x_wconf 86' lang='lat' dir='ltr'><strong>alterutro</strong></span> <span class='ocrx_word' id='word_1_159' title='bbox 2993 957 3208 1020; x_wconf 85' lang='lat' dir='ltr'><strong>tantum</strong></span> <span class='ocrx_word' id='word_1_160' title='bbox 3249 963 3423 1034; x_wconf 86' lang='lat' dir='ltr'><strong>lapso,</strong></span> <span class='ocrx_word' id='word_1_161' title='bbox 3457 973 3652 1020; x_wconf 81' lang='lat' dir='ltr'><strong>neuter</strong></span> 
     </span>
    </p>
   </div>
   <div class='ocr_carea' id='block_1_25' title="bbox 2069 1055 3727 1134">
    <p class='ocr_par' dir='ltr' id='par_1_25' title="bbox 2069 1055 3727 1134">
     <span class='ocr_line' id='line_1_25' title="bbox 2069 1055 3727 1134; baseline -0.002 -19"><span class='ocrx_word' id='word_1_162' title='bbox 2069 1062 2136 1116; x_wconf 89' lang='lat' dir='ltr'><strong>a&#39;d</strong></span> <span class='ocrx_word' id='word_1_163' title='bbox 2170 1061 2526 1116; x_wconf 90' lang='lat' dir='ltr'><strong>honestarum</strong></span> <span class='ocrx_word' id='word_1_164' title='bbox 2557 1075 2740 1115; x_wconf 89' lang='lat' dir='ltr'><strong>rerum</strong></span> <span class='ocrx_word' id='word_1_165' title='bbox 2769 1067 3257 1114; x_wconf 85' lang='lat' dir='ltr'><strong>statumrevocare</strong></span> <span class='ocrx_word' id='word_1_166' title='bbox 3291 1055 3522 1112; x_wconf 87' lang='lat' dir='ltr'><strong>alterum</strong></span> <span class='ocrx_word' id='word_1_167' title='bbox 3554 1072 3652 1127; x_wconf 77' lang='lat' dir='ltr'><strong>po-</strong></span> <span class='ocrx_word' id='word_1_168' title='bbox 3721 1129 3727 1134; x_wconf 21' lang='grc' dir='ltr'><strong>Ι</strong></span> 
     </span>
    </p>
   </div>
   <div class='ocr_carea' id='block_1_26' title="bbox 2059 1149 3652 1223">
    <p class='ocr_par' dir='ltr' id='par_1_26' title="bbox 2059 1149 3652 1223">
     <span class='ocr_line' id='line_1_26' title="bbox 2059 1149 3652 1223; baseline -0.003 -17"><span class='ocrx_word' id='word_1_169' title='bbox 2059 1159 2194 1208; x_wconf 86' lang='lat' dir='ltr'><strong>&#39;test.</strong></span> <span class='ocrx_word' id='word_1_170' title='bbox 2223 1151 2439 1223; x_wconf 87' lang='lat' dir='ltr'><strong>Corpus</strong></span> <span class='ocrx_word' id='word_1_171' title='bbox 2473 1152 2620 1208; x_wconf 88' lang='lat' dir='ltr'><strong>enim</strong></span> <span class='ocrx_word' id='word_1_172' title='bbox 2647 1151 2892 1222; x_wconf 90' lang='lat' dir='ltr'><strong>ineptum</strong></span> <span class='ocrx_word' id='word_1_173' title='bbox 2927 1157 3122 1204; x_wconf 89' lang='lat' dir='ltr'><strong>natura</strong></span> <span class='ocrx_word' id='word_1_174' title='bbox 3155 1156 3280 1205; x_wconf 88' lang='lat' dir='ltr'><strong>est:</strong></span> <span class='ocrx_word' id='word_1_175' title='bbox 3313 1149 3496 1203; x_wconf 89' lang='lat' dir='ltr'><strong>anima</strong></span> <span class='ocrx_word' id='word_1_176' title='bbox 3521 1163 3652 1204; x_wconf 81' lang='lat' dir='ltr'><strong>vero</strong></span> 
     </span>
    </p>
   </div>
   <div class='ocr_carea' id='block_1_27' title="bbox 2068 1232 3648 1321">
    <p class='ocr_par' dir='ltr' id='par_1_27' title="bbox 2068 1232 3648 1321">
     <span class='ocr_line' id='line_1_27' title="bbox 2068 1232 3648 1321; baseline -0.003 -23"><span class='ocrx_word' id='word_1_177' title='bbox 2068 1232 2386 1315; x_wconf 78' lang='lat' dir='ltr'><strong>quanquam</strong></span> <span class='ocrx_word' id='word_1_178' title='bbox 2433 1244 2630 1299; x_wconf 88' lang='lat' dir='ltr'><strong>idonea</strong></span> <span class='ocrx_word' id='word_1_179' title='bbox 2663 1251 2769 1306; x_wconf 89' lang='lat' dir='ltr'><strong>est,</strong></span> <span class='ocrx_word' id='word_1_180' title='bbox 2815 1242 3166 1311; x_wconf 90' lang='lat' dir='ltr'><strong>semetipsam</strong></span> <span class='ocrx_word' id='word_1_181' title='bbox 3221 1247 3400 1321; x_wconf 71' lang='lat' dir='ltr'><strong>tamen</strong></span> <span class='ocrx_word' id='word_1_182' title='bbox 3434 1239 3588 1310; x_wconf 85' lang='lat' dir='ltr'><strong>prius</strong></span> <span class='ocrx_word' id='word_1_183' title='bbox 3616 1254 3648 1294; x_wconf 75' lang='grc' dir='ltr'>ι</span> 
     </span>
    </p>
   </div>
   <div class='ocr_carea' id='block_1_28' title="bbox 2067 1330 3649 1408">
    <p class='ocr_par' dir='ltr' id='par_1_28' title="bbox 2067 1330 3649 1408">
     <span class='ocr_line' id='line_1_28' title="bbox 2067 1330 3649 1408; baseline -0.005 -16"><span class='ocrx_word' id='word_1_184' title='bbox 2067 1337 2278 1408; x_wconf 87' lang='lat' dir='ltr'><strong>peccati</strong></span> <span class='ocrx_word' id='word_1_185' title='bbox 2312 1337 2465 1406; x_wconf 87' lang='lat' dir='ltr'><strong>lapsu</strong></span> <span class='ocrx_word' id='word_1_186' title='bbox 2498 1334 2838 1404; x_wconf 78' lang='lat' dir='ltr'><strong>pcenitentia-</strong></span> <span class='ocrx_word' id='word_1_187' title='bbox 2853 1333 3135 1389; x_wconf 79' lang='lat' dir='ltr'><strong>excitabit.</strong></span> <span class='ocrx_word' id='word_1_188' title='bbox 3162 1330 3303 1386; x_wconf 92' lang='lat' dir='ltr'><strong>Tum</strong></span> <span class='ocrx_word' id='word_1_189' title='bbox 3331 1331 3570 1401; x_wconf 90' lang='lat' dir='ltr'><strong>denique</strong></span> <span class='ocrx_word' id='word_1_190' title='bbox 3596 1340 3649 1386; x_wconf 90' lang='lat' dir='ltr'><strong>et</strong></span> 
     </span>
    </p>
   </div>
   <div class='ocr_carea' id='block_1_29' title="bbox 2067 1423 3644 1498">
    <p class='ocr_par' dir='ltr' id='par_1_29' title="bbox 2067 1423 3644 1498">
     <span class='ocr_line' id='line_1_29' title="bbox 2067 1423 3644 1498; baseline -0.003 -17"><span class='ocrx_word' id='word_1_191' title='bbox 2067 1443 2268 1498; x_wconf 91' lang='lat' dir='ltr'><strong>corpus</strong></span> <span class='ocrx_word' id='word_1_192' title='bbox 2303 1427 2542 1498; x_wconf 72' lang='lat' dir='ltr'><strong>erigetur</strong></span> <span class='ocrx_word' id='word_1_193' title='bbox 2570 1427 2796 1482; x_wconf 83' lang='lat' dir='ltr'><strong>omnino</strong></span> <span class='ocrx_word' id='word_1_194' title='bbox 2827 1440 2952 1480; x_wconf 88' lang='lat' dir='ltr'><strong>cum</strong></span> <span class='ocrx_word' id='word_1_195' title='bbox 2980 1425 3098 1496; x_wconf 90' lang='lat' dir='ltr'><strong>ipsa</strong></span> <span class='ocrx_word' id='word_1_196' title='bbox 3127 1423 3373 1478; x_wconf 84' lang='lat' dir='ltr'><strong>habenas</strong></span> <span class='ocrx_word' id='word_1_197' title='bbox 3401 1432 3644 1492; x_wconf 77' lang='lat' dir='ltr'><strong>regente,</strong></span> 
     </span>
    </p>
   </div>
   <div class='ocr_carea' id='block_1_30' title="bbox 2066 1514 3648 1589">
    <p class='ocr_par' dir='ltr' id='par_1_30' title="bbox 2066 1514 3648 1589">
     <span class='ocr_line' id='line_1_30' title="bbox 2066 1514 3648 1589; baseline -0.006 -15"><span class='ocrx_word' id='word_1_198' title='bbox 2066 1535 2131 1576; x_wconf 89' lang='lat' dir='ltr'><strong>ac</strong></span> <span class='ocrx_word' id='word_1_199' title='bbox 2178 1517 2597 1589; x_wconf 84' lang='lat' dir='ltr'><strong>propensionem</strong></span> <span class='ocrx_word' id='word_1_200' title='bbox 2645 1515 2718 1572; x_wconf 85' lang='lat' dir='ltr'><strong>ad</strong></span> <span class='ocrx_word' id='word_1_201' title='bbox 2771 1518 2972 1572; x_wconf 88' lang='lat' dir='ltr'><strong>bonum</strong></span> <span class='ocrx_word' id='word_1_202' title='bbox 3021 1524 3076 1570; x_wconf 85' lang='lat' dir='ltr'><strong>et</strong></span> <span class='ocrx_word' id='word_1_203' title='bbox 3124 1514 3330 1569; x_wconf 89' lang='lat' dir='ltr'><strong>malum</strong></span> <span class='ocrx_word' id='word_1_204' title='bbox 3387 1521 3648 1584; x_wconf 88' lang='lat' dir='ltr'><strong>tanquam</strong></span> 
     </span>
    </p>
   </div>
   <div class='ocr_carea' id='block_1_31' title="bbox 2065 1609 2659 1666">
    <p class='ocr_par' dir='ltr' id='par_1_31' title="bbox 2065 1609 2659 1666">
     <span class='ocr_line' id='line_1_31' title="bbox 2065 1609 2659 1666; baseline 0.003 -2"><span class='ocrx_word' id='word_1_205' title='bbox 2065 1609 2284 1664; x_wconf 90' lang='lat' dir='ltr'><strong>domina</strong></span> <span class='ocrx_word' id='word_1_206' title='bbox 2321 1609 2659 1666; x_wconf 91' lang='lat' dir='ltr'><strong>moderante.</strong></span> 
     </span>
    </p>
   </div>
   <div class='ocr_carea' id='block_1_32' title="bbox 2139 1683 3648 1772">
    <p class='ocr_par' dir='ltr' id='par_1_32' title="bbox 2139 1683 3648 1772">
     <span class='ocr_line' id='line_1_32' title="bbox 2139 1683 3648 1772; baseline 0.001 -18"><span class='ocrx_word' id='word_1_207' title='bbox 2139 1683 2300 1772; x_wconf 74' lang='lat'><strong>119</strong></span> <span class='ocrx_word' id='word_1_208' title='bbox 2322 1699 2378 1754; x_wconf 92' lang='lat' dir='ltr'><strong>Si</strong></span> <span class='ocrx_word' id='word_1_209' title='bbox 2414 1701 2538 1772; x_wconf 84' lang='lat' dir='ltr'><strong>quis</strong></span> <span class='ocrx_word' id='word_1_210' title='bbox 2571 1713 2751 1755; x_wconf 87' lang='lat' dir='ltr'><strong>autem</strong></span> <span class='ocrx_word' id='word_1_211' title='bbox 2777 1702 3081 1758; x_wconf 89' lang='lat' dir='ltr'><strong>orationem</strong></span> <span class='ocrx_word' id='word_1_212' title='bbox 3115 1701 3384 1765; x_wconf 84' lang='lat' dir='ltr'><strong>attollere,</strong></span> <span class='ocrx_word' id='word_1_213' title='bbox 3419 1709 3473 1756; x_wconf 89' lang='lat' dir='ltr'><strong>et</strong></span> <span class='ocrx_word' id='word_1_214' title='bbox 3502 1701 3648 1758; x_wconf 87' lang='lat' dir='ltr'><strong>dicta</strong></span> 
     </span>
    </p>
   </div>
   <div class='ocr_carea' id='block_1_33' title="bbox 381 1755 1956 1870">
    <p class='ocr_par' dir='ltr' id='par_1_33' title="bbox 381 1755 1956 1870">
     <span class='ocr_line' id='line_1_33' title="bbox 381 1755 1956 1870; baseline 0.012 -54"><span class='ocrx_word' id='word_1_215' title='bbox 381 1762 887 1870; x_wconf 58' lang='grc' dir='ltr'>ἀλληγορικώτερον</span> <span class='ocrx_word' id='word_1_216' title='bbox 939 1767 1280 1840; x_wconf 79' lang='grc' dir='ltr'>ἑρμηνεῦσαι</span> <span class='ocrx_word' id='word_1_217' title='bbox 1328 1774 1390 1827; x_wconf 80' lang='grc' dir='ltr'>τὸ</span> <span class='ocrx_word' id='word_1_218' title='bbox 1440 1755 1754 1848; x_wconf 84' lang='grc' dir='ltr'>είρημένον,</span> <span class='ocrx_word' id='word_1_219' title='bbox 1801 1755 1956 1835; x_wconf 76' lang='grc' dir='ltr'>τοῦτο</span> 
     </span>
    </p>
   </div>
   <div class='ocr_carea' id='block_1_34' title="bbox 2060 1755 3646 1870">
    <p class='ocr_par' dir='ltr' id='par_1_34' title="bbox 2069 1755 3646 1870">
     <span class='ocr_line' id='line_1_34' title="bbox 2069 1755 3646 1870; baseline -0.003 -24"><span class='ocrx_word' id='word_1_220' title='bbox 2069 1755 2492 1870; x_wconf 50' lang='grc' dir='ltr'>ῑιιῶἦιξξιοηέο,</span> <span class='ocrx_word' id='word_1_221' title='bbox 2518 1789 2832 1859; x_wconf 82' lang='lat' dir='ltr'><strong>allegoriam</strong></span> <span class='ocrx_word' id='word_1_222' title='bbox 2869 1791 3020 1858; x_wconf 91' lang='lat' dir='ltr'><strong>sequi</strong></span> <span class='ocrx_word' id='word_1_223' title='bbox 3059 1790 3502 1855; x_wconf 84' lang='lat' dir='ltr'><strong>maluerit,_illud</strong></span> <span class='ocrx_word' id='word_1_224' title='bbox 3547 1805 3646 1859; x_wconf 88' lang='lat' dir='ltr'><strong>po-</strong></span> 
     </span>
    </p>
   </div>
   <div class='ocr_carea' id='block_1_35' title="bbox 385 1853 1958 1943">
    <p class='ocr_par' dir='ltr' id='par_1_35' title="bbox 385 1853 1958 1943">
     <span class='ocr_line' id='line_1_35' title="bbox 385 1853 1958 1943; baseline 0.013 -36"><span class='ocrx_word' id='word_1_225' title='bbox 385 1853 583 1922; x_wconf 78' lang='grc' dir='ltr'>μᾶλλον</span> <span class='ocrx_word' id='word_1_226' title='bbox 601 1855 1003 1929; x_wconf 72' lang='grc' dir='ltr'><strong>προαχθήσεται</strong></span> <span class='ocrx_word' id='word_1_227' title='bbox 1033 1862 1128 1914; x_wconf 69' lang='grc' dir='ltr'>καὶ</span> <span class='ocrx_word' id='word_1_228' title='bbox 1145 1865 1338 1934; x_wconf 82' lang='grc' dir='ltr'>νοῆσαι</span> <span class='ocrx_word' id='word_1_229' title='bbox 1372 1867 1465 1920; x_wconf 75' lang='grc' dir='ltr'>καὶ</span> <span class='ocrx_word' id='word_1_230' title='bbox 1495 1869 1701 1922; x_wconf 75' lang='grc' dir='ltr'>εἰπεῖν·</span> <span class='ocrx_word' id='word_1_231' title='bbox 1729 1870 1806 1934; x_wconf 86' lang='grc' dir='ltr'><strong>ὡς</strong></span> <span class='ocrx_word' id='word_1_232' title='bbox 1837 1889 1958 1943; x_wconf 86' lang='grc' dir='ltr'>τρι-</span> 
     </span>
    </p>
   </div>
   <div class='ocr_carea' id='block_1_36' title="bbox 383 1945 1960 2030">
    <p class='ocr_par' dir='ltr' id='par_1_36' title="bbox 383 1945 1960 2030">
     <span class='ocr_line' id='line_1_36' title="bbox 383 1945 1960 2030; baseline 0.013 -34"><span class='ocrx_word' id='word_1_233' title='bbox 383 1945 584 2015; x_wconf 84' lang='grc' dir='ltr'>μεροῦς</span> <span class='ocrx_word' id='word_1_234' title='bbox 615 1947 714 2018; x_wconf 84' lang='grc' dir='ltr'><strong>τῆς</strong></span> <span class='ocrx_word' id='word_1_235' title='bbox 733 1949 914 2020; x_wconf 78' lang='grc' dir='ltr'>ψυχῆς</span> <span class='ocrx_word' id='word_1_236' title='bbox 950 1951 1439 2024; x_wconf 78' lang='grc' dir='ltr'>ὑπαρχούσης,ἆτε</span> <span class='ocrx_word' id='word_1_237' title='bbox 1475 1957 1539 2030; x_wconf 84' lang='grc' dir='ltr'>δὴ</span> <span class='ocrx_word' id='word_1_238' title='bbox 1569 1959 1628 2012; x_wconf 76' lang='grc' dir='ltr'>τὸ</span> <span class='ocrx_word' id='word_1_239' title='bbox 1656 1960 1960 2028; x_wconf 77' lang='grc' dir='ltr'>λογιστικὸν</span> 
     </span>
    </p>
   </div>
   <div class='ocr_carea' id='block_1_37' title="bbox 385 2035 1958 2124">
    <p class='ocr_par' dir='ltr' id='par_1_37' title="bbox 385 2035 1958 2124">
     <span class='ocr_line' id='line_1_37' title="bbox 385 2035 1958 2124; baseline 0.011 -34"><span class='ocrx_word' id='word_1_240' title='bbox 385 2036 474 2090; x_wconf 79' lang='grc' dir='ltr'>καὶ</span> <span class='ocrx_word' id='word_1_241' title='bbox 501 2035 564 2090; x_wconf 74' lang='grc' dir='ltr'><strong>τὸ</strong></span> <span class='ocrx_word' id='word_1_242' title='bbox 599 2038 998 2110; x_wconf 76' lang='grc' dir='ltr'>ἐπιθυμητικόν</span> <span class='ocrx_word' id='word_1_243' title='bbox 1021 2060 1079 2096; x_wconf 90' lang='grc' dir='ltr'><strong>τε</strong></span> <span class='ocrx_word' id='word_1_244' title='bbox 1107 2045 1202 2098; x_wconf 78' lang='grc' dir='ltr'>καὶ</span> <span class='ocrx_word' id='word_1_245' title='bbox 1233 2045 1466 2116; x_wconf 87' lang='grc' dir='ltr'>θυμικὸν</span> <span class='ocrx_word' id='word_1_246' title='bbox 1494 2050 1680 2118; x_wconf 85' lang='grc' dir='ltr'>σαφῶς</span> <span class='ocrx_word' id='word_1_247' title='bbox 1706 2051 1958 2124; x_wconf 73' lang='grc' dir='ltr'>ἐχούσης,</span> 
     </span>
    </p>
   </div>
   <div class='ocr_carea' id='block_1_38' title="bbox 381 2125 1960 2209">
    <p class='ocr_par' dir='ltr' id='par_1_38' title="bbox 381 2125 1960 2209">
     <span class='ocr_line' id='line_1_38' title="bbox 381 2125 1960 2209; baseline 0.013 -31"><span class='ocrx_word' id='word_1_248' title='bbox 381 2125 572 2192; x_wconf 79' lang='grc' dir='ltr'>ἁγαθοὶ</span> <span class='ocrx_word' id='word_1_249' title='bbox 625 2128 1157 2202; x_wconf 73' lang='grc' dir='ltr'>παραληφθήσονται</span> <span class='ocrx_word' id='word_1_250' title='bbox 1191 2135 1337 2190; x_wconf 86' lang='grc' dir='ltr'><strong>κατά</strong></span> <span class='ocrx_word' id='word_1_251' title='bbox 1381 2137 1442 2192; x_wconf 82' lang='grc' dir='ltr'>τὸ</span> <span class='ocrx_word' id='word_1_252' title='bbox 1478 2139 1682 2209; x_wconf 83' lang='grc' dir='ltr'>μᾶλλον</span> <span class='ocrx_word' id='word_1_253' title='bbox 1713 2142 1809 2196; x_wconf 87' lang='grc' dir='ltr'><strong>τοῦ</strong></span> <span class='ocrx_word' id='word_1_254' title='bbox 1842 2145 1960 2209; x_wconf 79' lang='grc' dir='ltr'>ἐνὸς</span> 
     </span>
    </p>
   </div>
   <div class='ocr_carea' id='block_1_39' title="bbox 381 2213 1960 2300">
    <p class='ocr_par' dir='ltr' id='par_1_39' title="bbox 381 2213 1960 2300">
     <span class='ocr_line' id='line_1_39' title="bbox 381 2213 1960 2300; baseline 0.015 -35"><span class='ocrx_word' id='word_1_255' title='bbox 381 2213 582 2268; x_wconf 77' lang='grc' dir='ltr'>τοῦτων</span> <span class='ocrx_word' id='word_1_256' title='bbox 602 2256 618 2280; x_wconf 92' lang='grc'><strong>,</strong></span> <span class='ocrx_word' id='word_1_257' title='bbox 657 2219 704 2271; x_wconf 78' lang='grc' dir='ltr'><strong>οί</strong></span> <span class='ocrx_word' id='word_1_258' title='bbox 733 2218 826 2271; x_wconf 85' lang='grc' dir='ltr'>δύο</span> <span class='ocrx_word' id='word_1_259' title='bbox 854 2220 988 2290; x_wconf 76' lang='grc' dir='ltr'>πρὸς</span> <span class='ocrx_word' id='word_1_260' title='bbox 1021 2223 1080 2275; x_wconf 81' lang='grc' dir='ltr'>τὸ</span> <span class='ocrx_word' id='word_1_261' title='bbox 1107 2223 1308 2292; x_wconf 75' lang='grc' dir='ltr'>ἀγαθον</span> <span class='ocrx_word' id='word_1_262' title='bbox 1343 2227 1830 2300; x_wconf 73' lang='grc' dir='ltr'>συμφωνήσαντες,</span> <span class='ocrx_word' id='word_1_263' title='bbox 1865 2237 1960 2288; x_wconf 88' lang='grc' dir='ltr'><strong>καί</strong></span> 
     </span>
    </p>
   </div>
   <div class='ocr_carea' id='block_1_40' title="bbox 382 2303 1958 2398">
    <p class='ocr_par' dir='ltr' id='par_1_40' title="bbox 382 2303 1958 2398">
     <span class='ocr_line' id='line_1_40' title="bbox 382 2303 1958 2398; baseline 0.016 -42"><span class='ocrx_word' id='word_1_264' title='bbox 382 2303 460 2375; x_wconf 81' lang='grc' dir='ltr'>τῷ</span> <span class='ocrx_word' id='word_1_265' title='bbox 485 2306 782 2381; x_wconf 76' lang='grc' dir='ltr'>λογιστικῷ</span> <span class='ocrx_word' id='word_1_266' title='bbox 816 2311 971 2382; x_wconf 81' lang='grc' dir='ltr'>μέρει</span> <span class='ocrx_word' id='word_1_267' title='bbox 1002 2313 1094 2366; x_wconf 90' lang='grc' dir='ltr'><strong>τοῦ</strong></span> <span class='ocrx_word' id='word_1_268' title='bbox 1121 2316 1523 2388; x_wconf 77' lang='grc' dir='ltr'>ἐπιθυμητικοῦ</span> <span class='ocrx_word' id='word_1_269' title='bbox 1553 2325 1958 2398; x_wconf 86' lang='grc' dir='ltr'>κατακολουθή-</span> 
     </span>
    </p>
   </div>
   <div class='ocr_carea' id='block_1_41' title="bbox 384 2400 1954 2485">
    <p class='ocr_par' dir='ltr' id='par_1_41' title="bbox 384 2400 1954 2485">
     <span class='ocr_line' id='line_1_41' title="bbox 384 2400 1954 2485; baseline 0.017 -39"><span class='ocrx_word' id='word_1_270' title='bbox 384 2411 569 2460; x_wconf 83' lang='grc' dir='ltr'>σαντος</span> <span class='ocrx_word' id='word_1_271' title='bbox 596 2400 690 2453; x_wconf 69' lang='grc' dir='ltr'><strong>ἐπὶ</strong></span> <span class='ocrx_word' id='word_1_272' title='bbox 718 2404 836 2465; x_wconf 78' lang='grc' dir='ltr'>ταῖς</span> <span class='ocrx_word' id='word_1_273' title='bbox 873 2401 982 2456; x_wconf 87' lang='grc' dir='ltr'><strong>τῶν</strong></span> <span class='ocrx_word' id='word_1_274' title='bbox 1009 2403 1295 2474; x_wconf 83' lang='grc' dir='ltr'>βελτιόνων</span> <span class='ocrx_word' id='word_1_275' title='bbox 1324 2410 1578 2479; x_wconf 79' lang='grc' dir='ltr'>ἐκλογαῖς</span> <span class='ocrx_word' id='word_1_276' title='bbox 1609 2416 1704 2468; x_wconf 72' lang='grc' dir='ltr'><strong>καὶ</strong></span> <span class='ocrx_word' id='word_1_277' title='bbox 1726 2418 1954 2485; x_wconf 73' lang='grc' dir='ltr'>ῥοπαῖςο</span> 
     </span>
    </p>
   </div>
   <div class='ocr_carea' id='block_1_42' title="bbox 383 2485 1956 2580">
    <p class='ocr_par' dir='ltr' id='par_1_42' title="bbox 383 2485 1956 2580">
     <span class='ocr_line' id='line_1_42' title="bbox 383 2485 1956 2580; baseline 0.017 -41"><span class='ocrx_word' id='word_1_278' title='bbox 383 2485 514 2580; x_wconf 79' lang='grc' dir='ltr'><strong>ἀλλά</strong></span> <span class='ocrx_word' id='word_1_279' title='bbox 552 2490 655 2580; x_wconf 69' lang='grc' dir='ltr'>καὶ</span> <span class='ocrx_word' id='word_1_280' title='bbox 705 2491 937 2566; x_wconf 83' lang='grc' dir='ltr'>θατέρου</span> <span class='ocrx_word' id='word_1_281' title='bbox 975 2495 1201 2563; x_wconf 85' lang='grc' dir='ltr'>τούτων,</span> <span class='ocrx_word' id='word_1_282' title='bbox 1244 2499 1364 2568; x_wconf 76' lang='grc' dir='ltr'>ἦτοι</span> <span class='ocrx_word' id='word_1_283' title='bbox 1407 2503 1502 2556; x_wconf 91' lang='grc' dir='ltr'><strong>τοῦ</strong></span> <span class='ocrx_word' id='word_1_284' title='bbox 1557 2506 1956 2580; x_wconf 76' lang='grc' dir='ltr'>ἐπιθυμητικοῦ</span> 
     </span>
    </p>
   </div>
   <div class='ocr_carea' id='block_1_43' title="bbox 383 2577 1955 2670">
    <p class='ocr_par' dir='ltr' id='par_1_43' title="bbox 383 2577 1955 2670">
     <span class='ocr_line' id='line_1_43' title="bbox 383 2577 1955 2670; baseline 0.017 -41"><span class='ocrx_word' id='word_1_285' title='bbox 383 2577 517 2670; x_wconf 68' lang='grc' dir='ltr'>προς</span> <span class='ocrx_word' id='word_1_286' title='bbox 539 2578 575 2633; x_wconf 74' lang='grc' dir='ltr'><strong>ἃ</strong></span> <span class='ocrx_word' id='word_1_287' title='bbox 611 2581 689 2653; x_wconf 83' lang='grc' dir='ltr'>μὴ</span> <span class='ocrx_word' id='word_1_288' title='bbox 717 2581 876 2653; x_wconf 81' lang='grc' dir='ltr'>θέμις</span> <span class='ocrx_word' id='word_1_289' title='bbox 907 2589 1410 2658; x_wconf 86' lang='grc' dir='ltr'>παρεκτραπέντος,</span> <span class='ocrx_word' id='word_1_290' title='bbox 1430 2594 1630 2667; x_wconf 77' lang='grc' dir='ltr'>ῥᾳδίως</span> <span class='ocrx_word' id='word_1_291' title='bbox 1660 2577 1795 2652; x_wconf 59' lang='lat' dir='ltr'><strong>adeo</strong></span> <span class='ocrx_word' id='word_1_292' title='bbox 1820 2602 1955 2670; x_wconf 82' lang='grc' dir='ltr'>πρὸς</span> 
     </span>
    </p>
   </div>
   <div class='ocr_carea' id='block_1_44' title="bbox 383 2669 1958 2762">
    <p class='ocr_par' dir='ltr' id='par_1_44' title="bbox 383 2669 1958 2762">
     <span class='ocr_line' id='line_1_44' title="bbox 383 2669 1958 2762; baseline 0.016 -41"><span class='ocrx_word' id='word_1_293' title='bbox 383 2669 447 2722; x_wconf 77' lang='grc' dir='ltr'><strong>τὸ</strong></span> <span class='ocrx_word' id='word_1_294' title='bbox 474 2669 676 2738; x_wconf 82' lang='grc' dir='ltr'>βέλτιον</span> <span class='ocrx_word' id='word_1_295' title='bbox 713 2673 1011 2741; x_wconf 74' lang='grc' dir='ltr'>ἐπανάξειο</span> <span class='ocrx_word' id='word_1_296' title='bbox 1045 2676 1140 2730; x_wconf 88' lang='grc' dir='ltr'><strong>τοῦ</strong></span> <span class='ocrx_word' id='word_1_297' title='bbox 1179 2679 1491 2750; x_wconf 86' lang='grc' dir='ltr'>λογιστικοῦ</span> <span class='ocrx_word' id='word_1_298' title='bbox 1533 2685 1668 2756; x_wconf 85' lang='grc' dir='ltr'>πρὸς</span> <span class='ocrx_word' id='word_1_299' title='bbox 1715 2669 1958 2762; x_wconf 62' lang='grc' dir='ltr'>ἐνθυμήτ</span> 
     </span>
    </p>
   </div>
   <div class='ocr_carea' id='block_1_45' title="bbox 387 2759 1956 2852">
    <p class='ocr_par' dir='ltr' id='par_1_45' title="bbox 387 2759 1956 2852">
     <span class='ocr_line' id='line_1_45' title="bbox 387 2759 1956 2852; baseline 0.017 -41"><span class='ocrx_word' id='word_1_300' title='bbox 387 2774 499 2852; x_wconf 62' lang='lat' dir='ltr'><strong>est;</strong></span> <span class='ocrx_word' id='word_1_301' title='bbox 517 2759 897 2832; x_wconf 85' lang='grc' dir='ltr'>ὗπενεχθέντος</span> <span class='ocrx_word' id='word_1_302' title='bbox 921 2767 1178 2834; x_wconf 82' lang='grc' dir='ltr'>ἀτόπους,</span> <span class='ocrx_word' id='word_1_303' title='bbox 1193 2771 1286 2824; x_wconf 76' lang='grc' dir='ltr'>καὶ</span> <span class='ocrx_word' id='word_1_304' title='bbox 1311 2777 1686 2845; x_wconf 83' lang='grc' dir='ltr'>παραρυέντος</span> <span class='ocrx_word' id='word_1_305' title='bbox 1705 2779 1806 2850; x_wconf 79' lang='grc' dir='ltr'>τῆς</span> <span class='ocrx_word' id='word_1_306' title='bbox 1826 2759 1956 2852; x_wconf 84' lang='grc' dir='ltr'>ἀλη-</span> 
     </span>
    </p>
   </div>
   <div class='ocr_carea' id='block_1_46' title="bbox 385 2848 1954 2942">
    <p class='ocr_par' dir='ltr' id='par_1_46' title="bbox 385 2848 1954 2942">
     <span class='ocr_line' id='line_1_46' title="bbox 385 2848 1954 2942; baseline 0.017 -40"><span class='ocrx_word' id='word_1_307' title='bbox 385 2848 512 2914; x_wconf 82' lang='grc' dir='ltr'>θοῦς</span> <span class='ocrx_word' id='word_1_308' title='bbox 547 2854 902 2925; x_wconf 73' lang='grc' dir='ltr'>καταλήψεως</span> <span class='ocrx_word' id='word_1_309' title='bbox 932 2857 1040 2942; x_wconf 87' lang='grc' dir='ltr'><strong>τῶν</strong></span> <span class='ocrx_word' id='word_1_310' title='bbox 1067 2863 1431 2942; x_wconf 86' lang='grc' dir='ltr'>πραγμάτων,</span> <span class='ocrx_word' id='word_1_311' title='bbox 1463 2867 1524 2920; x_wconf 86' lang='grc' dir='ltr'><strong>τδ</strong></span> <span class='ocrx_word' id='word_1_312' title='bbox 1553 2848 1954 2942; x_wconf 59' lang='grc' dir='ltr'>ἐπιθυμητικόν</span> 
     </span>
    </p>
   </div>
   <div class='ocr_carea' id='block_1_47' title="bbox 387 2943 1952 3030">
    <p class='ocr_par' dir='ltr' id='par_1_47' title="bbox 387 2943 1952 3030">
     <span class='ocr_line' id='line_1_47' title="bbox 387 2943 1952 3030; baseline 0.016 -35"><span class='ocrx_word' id='word_1_313' title='bbox 387 2943 552 3012; x_wconf 78' lang='grc' dir='ltr'>μέρος</span> <span class='ocrx_word' id='word_1_314' title='bbox 584 2945 677 3016; x_wconf 70' lang='grc' dir='ltr'>τῆς</span> <span class='ocrx_word' id='word_1_315' title='bbox 717 2948 853 3016; x_wconf 78' lang='grc' dir='ltr'>πρὸς</span> <span class='ocrx_word' id='word_1_316' title='bbox 881 2949 971 3005; x_wconf 72' lang='grc' dir='ltr'><strong>τὸν</strong></span> <span class='ocrx_word' id='word_1_317' title='bbox 1001 2952 1095 3004; x_wconf 78' lang='grc' dir='ltr'><strong>ἐπὶ</strong></span> <span class='ocrx_word' id='word_1_318' title='bbox 1129 2953 1348 3008; x_wconf 87' lang='grc' dir='ltr'>πάντων</span> <span class='ocrx_word' id='word_1_319' title='bbox 1375 2956 1505 3012; x_wconf 80' lang='grc' dir='ltr'>Θεὸν</span> <span class='ocrx_word' id='word_1_320' title='bbox 1555 2961 1794 3030; x_wconf 66' lang='grc' dir='ltr'>ἐφέσεως</span> <span class='ocrx_word' id='word_1_321' title='bbox 1824 2967 1952 3020; x_wconf 84' lang='grc' dir='ltr'>άντ-</span> 
     </span>
    </p>
   </div>
   <div class='ocr_carea' id='block_1_48' title="bbox 383 3036 1952 3117">
    <p class='ocr_par' dir='ltr' id='par_1_48' title="bbox 383 3036 1952 3117">
     <span class='ocr_line' id='line_1_48' title="bbox 383 3036 1952 3117; baseline 0.015 -30"><span class='ocrx_word' id='word_1_322' title='bbox 383 3036 660 3106; x_wconf 81' lang='grc' dir='ltr'>ιχόμενον,</span> <span class='ocrx_word' id='word_1_323' title='bbox 683 3038 775 3092; x_wconf 71' lang='grc' dir='ltr'>καὶ</span> <span class='ocrx_word' id='word_1_324' title='bbox 818 3039 918 3110; x_wconf 79' lang='grc' dir='ltr'>τῆς</span> <span class='ocrx_word' id='word_1_325' title='bbox 949 3041 1184 3117; x_wconf 83' lang='grc' dir='ltr'>ἀληθοῦς</span> <span class='ocrx_word' id='word_1_326' title='bbox 1209 3043 1572 3117; x_wconf 83' lang='grc' dir='ltr'>διαγνώσεως,</span> <span class='ocrx_word' id='word_1_327' title='bbox 1591 3052 1952 3110; x_wconf 81' lang='grc' dir='ltr'>άνασκευάσει</span> 
     </span>
    </p>
   </div>
   <div class='ocr_carea' id='block_1_49' title="bbox 381 3126 1960 3222">
    <p class='ocr_par' dir='ltr' id='par_1_49' title="bbox 381 3126 1960 3222">
     <span class='ocr_line' id='line_1_49' title="bbox 381 3126 1960 3222; baseline 0.016 -44"><span class='ocrx_word' id='word_1_328' title='bbox 381 3126 476 3180; x_wconf 83' lang='grc' dir='ltr'><strong>τοῦ</strong></span> <span class='ocrx_word' id='word_1_329' title='bbox 509 3127 812 3195; x_wconf 85' lang='grc' dir='ltr'>λογιστικοῦ</span> <span class='ocrx_word' id='word_1_330' title='bbox 841 3133 941 3204; x_wconf 85' lang='grc' dir='ltr'>τὴν</span> <span class='ocrx_word' id='word_1_331' title='bbox 970 3135 1334 3206; x_wconf 82' lang='grc' dir='ltr'>παρέγκλισιν</span> <span class='ocrx_word' id='word_1_332' title='bbox 1393 3143 1486 3195; x_wconf 81' lang='grc' dir='ltr'>καὶ</span> <span class='ocrx_word' id='word_1_333' title='bbox 1539 3152 1960 3222; x_wconf 69' lang='grc' dir='ltr'>παρεκτροπήν.</span> 
     </span>
    </p>
   </div>
   <div class='ocr_carea' id='block_1_50' title="bbox 384 3217 1957 3312">
    <p class='ocr_par' dir='ltr' id='par_1_50' title="bbox 384 3217 1957 3312">
     <span class='ocr_line' id='line_1_50' title="bbox 384 3217 1957 3312; baseline 0.015 -41"><span class='ocrx_word' id='word_1_334' title='bbox 384 3217 495 3272; x_wconf 74' lang='grc' dir='ltr'><strong>Καὶ</strong></span> <span class='ocrx_word' id='word_1_335' title='bbox 522 3218 750 3284; x_wconf 81' lang='grc' dir='ltr'>σώζεται</span> <span class='ocrx_word' id='word_1_336' title='bbox 793 3222 854 3275; x_wconf 78' lang='grc' dir='ltr'>τὸ</span> <span class='ocrx_word' id='word_1_337' title='bbox 905 3225 1090 3294; x_wconf 71' lang='grc' dir='ltr'>ῥητὸν,</span> <span class='ocrx_word' id='word_1_338' title='bbox 1121 3227 1195 3302; x_wconf 80' lang='grc' dir='ltr'>ὡς</span> <span class='ocrx_word' id='word_1_339' title='bbox 1227 3229 1488 3302; x_wconf 76' lang='grc' dir='ltr'>ἑκατέρου</span> <span class='ocrx_word' id='word_1_340' title='bbox 1532 3234 1665 3303; x_wconf 78' lang='grc' dir='ltr'>παρ’</span> <span class='ocrx_word' id='word_1_341' title='bbox 1691 3217 1957 3312; x_wconf 82' lang='grc' dir='ltr'>ἐκατέρου</span> 
     </span>
    </p>
   </div>
   <div class='ocr_carea' id='block_1_51' title="bbox 381 3309 1955 3403">
    <p class='ocr_par' dir='ltr' id='par_1_51' title="bbox 381 3309 1955 3403">
     <span class='ocr_line' id='line_1_51' title="bbox 381 3309 1955 3403; baseline 0.016 -40"><span class='ocrx_word' id='word_1_342' title='bbox 381 3309 942 3379; x_wconf 76' lang='grc' dir='ltr'>διεγερθέντος.’οὖαὶ</span> <span class='ocrx_word' id='word_1_343' title='bbox 974 3317 1030 3370; x_wconf 80' lang='grc' dir='ltr'>δὲ</span> <span class='ocrx_word' id='word_1_344' title='bbox 1069 3318 1285 3392; x_wconf 82' lang='grc' dir='ltr'>θατέρῳ</span> <span class='ocrx_word' id='word_1_345' title='bbox 1319 3325 1526 3382; x_wconf 83' lang='grc' dir='ltr'>τούτων</span> <span class='ocrx_word' id='word_1_346' title='bbox 1559 3329 1680 3398; x_wconf 75' lang='grc' dir='ltr'>ἤτοι</span> <span class='ocrx_word' id='word_1_347' title='bbox 1715 3331 1794 3403; x_wconf 83' lang='grc' dir='ltr'>τῷ</span> <span class='ocrx_word' id='word_1_348' title='bbox 1833 3309 1955 3388; x_wconf 77' lang='grc' dir='ltr'>ἐπι·</span> 
     </span>
    </p>
   </div>
   <div class='ocr_carea' id='block_1_52' title="bbox 385 3400 1956 3500">
    <p class='ocr_par' dir='ltr' id='par_1_52' title="bbox 385 3400 1956 3500">
     <span class='ocr_line' id='line_1_52' title="bbox 385 3400 1956 3500; baseline 0.019 -45"><span class='ocrx_word' id='word_1_349' title='bbox 385 3400 690 3500; x_wconf 64' lang='grc' dir='ltr'>θυμητικῶ,</span> <span class='ocrx_word' id='word_1_350' title='bbox 721 3407 844 3462; x_wconf 80' lang='grc' dir='ltr'>ὅταν</span> <span class='ocrx_word' id='word_1_351' title='bbox 876 3413 976 3465; x_wconf 81' lang='grc' dir='ltr'><strong>οὐκ</strong></span> <span class='ocrx_word' id='word_1_352' title='bbox 1006 3412 1103 3484; x_wconf 77' lang='grc' dir='ltr'><strong>ἔχῃ</strong></span> <span class='ocrx_word' id='word_1_353' title='bbox 1135 3414 1232 3486; x_wconf 79' lang='grc' dir='ltr'>τὴν</span> <span class='ocrx_word' id='word_1_354' title='bbox 1263 3417 1494 3475; x_wconf 76' lang='grc' dir='ltr'>ἀπὸτοῦ</span> <span class='ocrx_word' id='word_1_355' title='bbox 1523 3400 1830 3493; x_wconf 78' lang='grc' dir='ltr'>λογιστικοῦ</span> <span class='ocrx_word' id='word_1_356' title='bbox 1861 3429 1956 3500; x_wconf 86' lang='grc' dir='ltr'>μέ·</span> 
     </span>
    </p>
   </div>
   <div class='ocr_carea' id='block_1_53' title="bbox 392 3495 1954 3586">
    <p class='ocr_par' dir='ltr' id='par_1_53' title="bbox 392 3495 1954 3586">
     <span class='ocr_line' id='line_1_53' title="bbox 392 3495 1954 3586; baseline 0.017 -37"><span class='ocrx_word' id='word_1_357' title='bbox 392 3512 521 3586; x_wconf 73' lang='grc' dir='ltr'>ρους</span> <span class='ocrx_word' id='word_1_358' title='bbox 552 3495 794 3568; x_wconf 72' lang='grc' dir='ltr'>βοήθειαν</span> <span class='ocrx_word' id='word_1_359' title='bbox 819 3501 914 3555; x_wconf 71' lang='grc' dir='ltr'>καὶ</span> <span class='ocrx_word' id='word_1_360' title='bbox 951 3505 1087 3574; x_wconf 85' lang='grc' dir='ltr'>πρὸς</span> <span class='ocrx_word' id='word_1_361' title='bbox 1119 3506 1187 3560; x_wconf 80' lang='grc' dir='ltr'><strong>τά</strong></span> <span class='ocrx_word' id='word_1_362' title='bbox 1217 3510 1453 3580; x_wconf 87' lang='grc' dir='ltr'>κρείττω</span> <span class='ocrx_word' id='word_1_363' title='bbox 1485 3512 1778 3586; x_wconf 86' lang='grc' dir='ltr'>διέγερσιν.</span> <span class='ocrx_word' id='word_1_364' title='bbox 1809 3495 1954 3573; x_wconf 70' lang='grc' dir='ltr'><strong>κατὲ</strong></span> 
     </span>
    </p>
   </div>
   <div class='ocr_carea' id='block_1_54' title="bbox 387 3581 1956 3680">
    <p class='ocr_par' dir='ltr' id='par_1_54' title="bbox 387 3581 1956 3680">
     <span class='ocr_line' id='line_1_54' title="bbox 387 3581 1956 3680; baseline 0.018 -44"><span class='ocrx_word' id='word_1_365' title='bbox 387 3581 670 3680; x_wconf 80' lang='grc' dir='ltr'>ολισθαίνει</span> <span class='ocrx_word' id='word_1_366' title='bbox 719 3592 820 3664; x_wconf 81' lang='grc' dir='ltr'>γὰρ</span> <span class='ocrx_word' id='word_1_367' title='bbox 873 3593 1013 3663; x_wconf 74' lang='grc' dir='ltr'>πρὸς</span> <span class='ocrx_word' id='word_1_368' title='bbox 1051 3596 1358 3666; x_wconf 84' lang='grc' dir='ltr'>βλαπτικὰς</span> <span class='ocrx_word' id='word_1_369' title='bbox 1392 3581 1687 3677; x_wconf 74' lang='grc' dir='ltr'>ἐπιθυμίας</span> <span class='ocrx_word' id='word_1_370' title='bbox 1725 3611 1818 3662; x_wconf 77' lang='grc' dir='ltr'>καὶ</span> <span class='ocrx_word' id='word_1_371' title='bbox 1850 3609 1956 3680; x_wconf 81' lang='grc' dir='ltr'>ψυ-</span> 
     </span>
    </p>
   </div>
   <div class='ocr_carea' id='block_1_55' title="bbox 380 3678 1952 3772">
    <p class='ocr_par' dir='ltr' id='par_1_55' title="bbox 380 3678 1952 3772">
     <span class='ocr_line' id='line_1_55' title="bbox 380 3678 1952 3772; baseline 0.02 -44"><span class='ocrx_word' id='word_1_372' title='bbox 380 3678 676 3772; x_wconf 84' lang='grc' dir='ltr'>χοφθόρους</span> <span class='ocrx_word' id='word_1_373' title='bbox 721 3685 934 3755; x_wconf 73' lang='grc' dir='ltr'>μυρίας.</span> <span class='ocrx_word' id='word_1_374' title='bbox 971 3687 1143 3746; x_wconf 90' lang='grc' dir='ltr'>Τοῦτο</span> <span class='ocrx_word' id='word_1_375' title='bbox 1173 3691 1230 3748; x_wconf 82' lang='grc' dir='ltr'>δὲ</span> <span class='ocrx_word' id='word_1_376' title='bbox 1264 3695 1562 3766; x_wconf 87' lang='grc' dir='ltr'>πάσχουσιν</span> <span class='ocrx_word' id='word_1_377' title='bbox 1599 3701 1650 3752; x_wconf 82' lang='grc' dir='ltr'>οἱ</span> <span class='ocrx_word' id='word_1_378' title='bbox 1699 3678 1952 3772; x_wconf 79' lang='grc' dir='ltr'>λωϐησά-</span> 
     </span>
    </p>
   </div>
   <div class='ocr_carea' id='block_1_56' title="bbox 382 3771 1952 3863">
    <p class='ocr_par' dir='ltr' id='par_1_56' title="bbox 382 3771 1952 3863">
     <span class='ocr_line' id='line_1_56' title="bbox 382 3771 1952 3863; baseline 0.017 -41"><span class='ocrx_word' id='word_1_379' title='bbox 382 3771 534 3863; x_wconf 81' lang='grc' dir='ltr'>μένοι</span> <span class='ocrx_word' id='word_1_380' title='bbox 566 3774 659 3826; x_wconf 78' lang='grc' dir='ltr'>καὶ</span> <span class='ocrx_word' id='word_1_381' title='bbox 696 3773 1106 3848; x_wconf 81' lang='grc' dir='ltr'>διαφθείραντες</span> <span class='ocrx_word' id='word_1_382' title='bbox 1147 3784 1488 3860; x_wconf 81' lang='grc' dir='ltr'>αὐθαιρέτως</span> <span class='ocrx_word' id='word_1_383' title='bbox 1519 3789 1614 3862; x_wconf 80' lang='grc' dir='ltr'>τὴν</span> <span class='ocrx_word' id='word_1_384' title='bbox 1648 3771 1843 3863; x_wconf 80' lang='grc' dir='ltr'>κρίσιν</span> <span class='ocrx_word' id='word_1_385' title='bbox 1859 3793 1952 3863; x_wconf 87' lang='grc' dir='ltr'><strong>τοῦ</strong></span> 
     </span>
    </p>
   </div>
   <div class='ocr_carea' id='block_1_57' title="bbox 377 3857 1954 3954">
    <p class='ocr_par' dir='ltr' id='par_1_57' title="bbox 377 3857 1954 3954">
     <span class='ocr_line' id='line_1_57' title="bbox 377 3857 1954 3954; baseline 0.018 -43"><span class='ocrx_word' id='word_1_386' title='bbox 377 3857 686 3928; x_wconf 81' lang='grc' dir='ltr'>λογιστικοῦ</span> <span class='ocrx_word' id='word_1_387' title='bbox 715 3865 935 3938; x_wconf 60' lang='grc' dir='ltr'>μέρους,</span> <span class='ocrx_word' id='word_1_388' title='bbox 961 3873 1057 3926; x_wconf 75' lang='grc' dir='ltr'>καὶ</span> <span class='ocrx_word' id='word_1_389' title='bbox 1086 3873 1282 3948; x_wconf 81' lang='grc' dir='ltr'>νεκρὸν</span> <span class='ocrx_word' id='word_1_390' title='bbox 1308 3857 1402 3931; x_wconf 74' lang='grc' dir='ltr'><strong>καὶ</strong></span> <span class='ocrx_word' id='word_1_391' title='bbox 1431 3857 1714 3946; x_wconf 74' lang='grc' dir='ltr'>παντελῶς</span> <span class='ocrx_word' id='word_1_392' title='bbox 1735 3862 1954 3954; x_wconf 67' lang='grc' dir='ltr'>ἀνενέρ-</span> 
     </span>
    </p>
   </div>
   <div class='ocr_carea' id='block_1_58' title="bbox 375 3953 1953 4048">
    <p class='ocr_par' dir='ltr' id='par_1_58' title="bbox 375 3953 1953 4048">
     <span class='ocr_line' id='line_1_58' title="bbox 375 3953 1953 4048; baseline 0.018 -46"><span class='ocrx_word' id='word_1_393' title='bbox 375 3965 543 4048; x_wconf 59' lang='grc' dir='ltr'>γητον</span> <span class='ocrx_word' id='word_1_394' title='bbox 585 3953 983 4048; x_wconf 76' lang='grc' dir='ltr'>ἀποφήναντες.</span> <span class='ocrx_word' id='word_1_395' title='bbox 1031 3965 1192 4021; x_wconf 78' lang='grc' dir='ltr'>Ἀλλὰ</span> <span class='ocrx_word' id='word_1_396' title='bbox 1230 3967 1326 4022; x_wconf 72' lang='grc' dir='ltr'><strong>καὶ</strong></span> <span class='ocrx_word' id='word_1_397' title='bbox 1356 3969 1418 4022; x_wconf 65' lang='grc' dir='ltr'><strong>τι</strong></span> <span class='ocrx_word' id='word_1_398' title='bbox 1462 3970 1698 4041; x_wconf 78' lang='grc' dir='ltr'>ἔμπαλιν</span> <span class='ocrx_word' id='word_1_399' title='bbox 1726 3975 1849 4030; x_wconf 77' lang='grc' dir='ltr'>οὐαὶ</span> <span class='ocrx_word' id='word_1_400' title='bbox 1875 3953 1953 4048; x_wconf 81' lang='grc' dir='ltr'><strong>τῷ</strong></span> 
     </span>
    </p>
   </div>
   <div class='ocr_carea' id='block_1_59' title="bbox 374 4040 1953 4136">
    <p class='ocr_par' dir='ltr' id='par_1_59' title="bbox 374 4040 1953 4136">
     <span class='ocr_line' id='line_1_59' title="bbox 374 4040 1953 4136; baseline 0.018 -43"><span class='ocrx_word' id='word_1_401' title='bbox 374 4040 675 4118; x_wconf 82' lang='grc' dir='ltr'>λογιστικῷ</span> <span class='ocrx_word' id='word_1_402' title='bbox 717 4051 866 4123; x_wconf 80' lang='grc' dir='ltr'>μέρει</span> <span class='ocrx_word' id='word_1_403' title='bbox 895 4056 992 4125; x_wconf 80' lang='grc' dir='ltr'>τῆς</span> <span class='ocrx_word' id='word_1_404' title='bbox 1019 4055 1220 4128; x_wconf 74' lang='grc' dir='ltr'>ψυχῆς,</span> <span class='ocrx_word' id='word_1_405' title='bbox 1249 4059 1378 4114; x_wconf 80' lang='grc' dir='ltr'>ὅταν</span> <span class='ocrx_word' id='word_1_406' title='bbox 1407 4040 1508 4115; x_wconf 79' lang='grc' dir='ltr'><strong>οὐκ</strong></span> <span class='ocrx_word' id='word_1_407' title='bbox 1547 4063 1646 4136; x_wconf 78' lang='grc' dir='ltr'><strong>ἔχῃ</strong></span> <span class='ocrx_word' id='word_1_408' title='bbox 1670 4066 1730 4118; x_wconf 73' lang='grc' dir='ltr'>τὸ</span> <span class='ocrx_word' id='word_1_409' title='bbox 1761 4040 1953 4122; x_wconf 51' lang='grc' dir='ltr'>ἐπιθυλ</span> 
     </span>
    </p>
   </div>
   <div class='ocr_carea' id='block_1_60' title="bbox 379 4138 1950 4227">
    <p class='ocr_par' dir='ltr' id='par_1_60' title="bbox 379 4138 1950 4227">
     <span class='ocr_line' id='line_1_60' title="bbox 379 4138 1950 4227; baseline 0.017 -39"><span class='ocrx_word' id='word_1_410' title='bbox 379 4138 614 4220; x_wconf 78' lang='grc' dir='ltr'>μητικδν</span> <span class='ocrx_word' id='word_1_411' title='bbox 642 4140 970 4214; x_wconf 82' lang='grc' dir='ltr'>τεταγμένον</span> <span class='ocrx_word' id='word_1_412' title='bbox 1003 4149 1138 4218; x_wconf 79' lang='grc' dir='ltr'>πρὸς</span> <span class='ocrx_word' id='word_1_413' title='bbox 1164 4151 1263 4222; x_wconf 77' lang='grc' dir='ltr'>τὴν</span> <span class='ocrx_word' id='word_1_414' title='bbox 1285 4150 1436 4208; x_wconf 81' lang='grc' dir='ltr'>θείαν</span> <span class='ocrx_word' id='word_1_415' title='bbox 1492 4155 1802 4227; x_wconf 74' lang='grc' dir='ltr'>ἀγάπησιν·</span> <span class='ocrx_word' id='word_1_416' title='bbox 1855 4159 1950 4214; x_wconf 76' lang='grc' dir='ltr'>ἅτε</span> 
     </span>
    </p>
   </div>
   <div class='ocr_carea' id='block_1_61' title="bbox 375 4227 1956 4320">
    <p class='ocr_par' dir='ltr' id='par_1_61' title="bbox 375 4227 1956 4320">
     <span class='ocr_line' id='line_1_61' title="bbox 375 4227 1956 4320; baseline 0.016 -40"><span class='ocrx_word' id='word_1_417' title='bbox 375 4227 440 4298; x_wconf 79' lang='grc' dir='ltr'>δὴ</span> <span class='ocrx_word' id='word_1_418' title='bbox 467 4233 918 4304; x_wconf 78' lang='grc' dir='ltr'>,πυρπολούμενον</span> <span class='ocrx_word' id='word_1_419' title='bbox 951 4240 1014 4309; x_wconf 83' lang='grc' dir='ltr'>τῇ</span> <span class='ocrx_word' id='word_1_420' title='bbox 1053 4241 1290 4312; x_wconf 83' lang='grc' dir='ltr'>συντόνῳ</span> <span class='ocrx_word' id='word_1_421' title='bbox 1331 4243 1518 4311; x_wconf 75' lang='grc' dir='ltr'>ἐφέσει</span> <span class='ocrx_word' id='word_1_422' title='bbox 1562 4247 1660 4318; x_wconf 81' lang='grc' dir='ltr'>τῆς</span> <span class='ocrx_word' id='word_1_423' title='bbox 1720 4249 1855 4320; x_wconf 76' lang='grc' dir='ltr'>πρὸς</span> <span class='ocrx_word' id='word_1_424' title='bbox 1883 4252 1956 4307; x_wconf 72' lang='grc' dir='ltr'><strong>τά</strong></span> 
     </span>
    </p>
   </div>
   <div class='ocr_carea' id='block_1_62' title="bbox 375 4320 1948 4412">
    <p class='ocr_par' dir='ltr' id='par_1_62' title="bbox 375 4320 1948 4412">
     <span class='ocr_line' id='line_1_62' title="bbox 375 4320 1948 4412; baseline 0.015 -40"><span class='ocrx_word' id='word_1_425' title='bbox 375 4320 545 4394; x_wconf 84' lang='grc' dir='ltr'>νοητὰ</span> <span class='ocrx_word' id='word_1_426' title='bbox 576 4324 671 4377; x_wconf 70' lang='grc' dir='ltr'>καὶ</span> <span class='ocrx_word' id='word_1_427' title='bbox 700 4326 818 4380; x_wconf 77' lang='grc' dir='ltr'>θεῖα</span> <span class='ocrx_word' id='word_1_428' title='bbox 847 4325 1122 4400; x_wconf 59' lang='grc' dir='ltr'>βελτίστης</span> <span class='ocrx_word' id='word_1_429' title='bbox 1156 4333 1558 4400; x_wconf 82' lang='grc' dir='ltr'>προσνεύσεως.</span> <span class='ocrx_word' id='word_1_430' title='bbox 1589 4339 1813 4393; x_wconf 83' lang='grc' dir='ltr'>ῐιεσόντι</span> <span class='ocrx_word' id='word_1_431' title='bbox 1839 4342 1948 4412; x_wconf 83' lang='grc' dir='ltr'><strong>γάρ</strong></span> 
     </span>
    </p>
   </div>
   <div class='ocr_carea' id='block_1_63' title="bbox 2069 1871 3646 1953">
    <p class='ocr_par' dir='ltr' id='par_1_63' title="bbox 2069 1871 3646 1953">
     <span class='ocr_line' id='line_1_63' title="bbox 2069 1871 3646 1953; baseline -0.004 -15"><span class='ocrx_word' id='word_1_432' title='bbox 2069 1883 2180 1938; x_wconf 88' lang='lat' dir='ltr'><strong>tius</strong></span> <span class='ocrx_word' id='word_1_433' title='bbox 2203 1881 2448 1953; x_wconf 78' lang='lat' dir='ltr'><strong>cogitare</strong></span> <span class='ocrx_word' id='word_1_434' title='bbox 2477 1889 2642 1952; x_wconf 88' lang='lat' dir='ltr'><strong>atque</strong></span> <span class='ocrx_word' id='word_1_435' title='bbox 2674 1871 3122 1938; x_wconf 20' lang='lat' dir='ltr'><strong>dicerernecessc</strong></span> <span class='ocrx_word' id='word_1_436' title='bbox 3153 1882 3254 1946; x_wconf 87' lang='lat' dir='ltr'><strong>sit;</strong></span> <span class='ocrx_word' id='word_1_437' title='bbox 3285 1897 3408 1934; x_wconf 92' lang='lat' dir='ltr'><strong>cum</strong></span> <span class='ocrx_word' id='word_1_438' title='bbox 3449 1881 3646 1948; x_wconf 80' lang='lat' dir='ltr'><strong>tripar-</strong></span> 
     </span>
    </p>
   </div>
   <div class='ocr_carea' id='block_1_64' title="bbox 2067 1967 3646 2046">
    <p class='ocr_par' dir='ltr' id='par_1_64' title="bbox 2067 1967 3646 2046">
     <span class='ocr_line' id='line_1_64' title="bbox 2067 1967 3646 2046; baseline -0.002 -24"><span class='ocrx_word' id='word_1_439' title='bbox 2067 1970 2168 2046; x_wconf 79' lang='lat' dir='ltr'><strong>tito</strong></span> <span class='ocrx_word' id='word_1_440' title='bbox 2193 1969 2376 2022; x_wconf 91' lang='lat' dir='ltr'><strong>anima</strong></span> <span class='ocrx_word' id='word_1_441' title='bbox 2405 1967 2822 2032; x_wconf 69' lang='lat' dir='ltr'><strong>consideretur,</strong></span> <span class='ocrx_word' id='word_1_442' title='bbox 2871 1970 3071 2039; x_wconf 82' lang='lat' dir='ltr'><strong>quippe</strong></span> <span class='ocrx_word' id='word_1_443' title='bbox 3105 1985 3227 2038; x_wconf 69' lang='lat' dir='ltr'><strong>qua:</strong></span> <span class='ocrx_word' id='word_1_444' title='bbox 3271 1969 3562 2022; x_wconf 82' lang='lat' dir='ltr'><strong>manifesto</strong></span> <span class='ocrx_word' id='word_1_445' title='bbox 3591 1979 3646 2023; x_wconf 84' lang='lat' dir='ltr'><strong>et</strong></span> 
     </span>
    </p>
   </div>
   <div class='ocr_carea' id='block_1_65' title="bbox 2067 2061 3643 2134">
    <p class='ocr_par' dir='ltr' id='par_1_65' title="bbox 2067 2061 3643 2134">
     <span class='ocr_line' id='line_1_65' title="bbox 2067 2061 3643 2134; baseline -0.001 -18"><span class='ocrx_word' id='word_1_446' title='bbox 2067 2062 2360 2127; x_wconf 81' lang='lat' dir='ltr'><strong>rationem,</strong></span> <span class='ocrx_word' id='word_1_447' title='bbox 2377 2070 2430 2115; x_wconf 90' lang='lat' dir='ltr'><strong>et</strong></span> <span class='ocrx_word' id='word_1_448' title='bbox 2446 2062 2838 2134; x_wconf 86' lang='lat' dir='ltr'><strong>appetitum,et</strong></span> <span class='ocrx_word' id='word_1_449' title='bbox 2863 2061 3212 2116; x_wconf 88' lang='lat' dir='ltr'><strong>irascentiam</strong></span> <span class='ocrx_word' id='word_1_450' title='bbox 3241 2061 3643 2130; x_wconf 74' lang='lat' dir='ltr'><strong>complectitur,</strong></span> 
     </span>
    </p>
   </div>
   <div class='ocr_carea' id='block_1_66' title="bbox 2065 2150 3645 2221">
    <p class='ocr_par' dir='ltr' id='par_1_66' title="bbox 2065 2150 3645 2221">
     <span class='ocr_line' id='line_1_66' title="bbox 2065 2150 3645 2221; baseline -0.001 -14"><span class='ocrx_word' id='word_1_451' title='bbox 2065 2153 2241 2208; x_wconf 88' lang='lat' dir='ltr'><strong>multo</strong></span> <span class='ocrx_word' id='word_1_452' title='bbox 2263 2151 2559 2208; x_wconf 76' lang='lat' dir='ltr'><strong>validiores</strong></span> <span class='ocrx_word' id='word_1_453' title='bbox 2580 2150 2912 2221; x_wconf 80' lang='lat' dir='ltr'><strong>deprehendi</strong></span> <span class='ocrx_word' id='word_1_454' title='bbox 2939 2150 3102 2206; x_wconf 87' lang='lat' dir='ltr'><strong>binas</strong></span> <span class='ocrx_word' id='word_1_455' title='bbox 3123 2151 3242 2220; x_wconf 84' lang='lat' dir='ltr'><strong>ejus</strong></span> <span class='ocrx_word' id='word_1_456' title='bbox 3273 2151 3431 2216; x_wconf 86' lang='lat' dir='ltr'><strong>quasi</strong></span> <span class='ocrx_word' id='word_1_457' title='bbox 3465 2161 3645 2220; x_wconf 69' lang='lat' dir='ltr'><strong>partes</strong></span> 
     </span>
    </p>
   </div>
   <div class='ocr_carea' id='block_1_67' title="bbox 2066 2242 3644 2312">
    <p class='ocr_par' dir='ltr' id='par_1_67' title="bbox 2066 2242 3644 2312">
     <span class='ocr_line' id='line_1_67' title="bbox 2066 2242 3644 2312; baseline -0.001 -15"><span class='ocrx_word' id='word_1_458' title='bbox 2066 2242 2120 2297; x_wconf 91' lang='lat' dir='ltr'><strong>in</strong></span> <span class='ocrx_word' id='word_1_459' title='bbox 2167 2243 2313 2298; x_wconf 83' lang='lat' dir='ltr'><strong>bono</strong></span> <span class='ocrx_word' id='word_1_460' title='bbox 2357 2243 2788 2307; x_wconf 78' lang='lat' dir='ltr'><strong>consentientes,</strong></span> <span class='ocrx_word' id='word_1_461' title='bbox 2833 2257 3000 2312; x_wconf 90' lang='lat' dir='ltr'><strong>quam</strong></span> <span class='ocrx_word' id='word_1_462' title='bbox 3050 2257 3214 2297; x_wconf 83' lang='lat' dir='ltr'><strong>unam</strong></span> <span class='ocrx_word' id='word_1_463' title='bbox 3251 2251 3482 2308; x_wconf 87' lang='lat' dir='ltr'><strong>tantum,</strong></span> <span class='ocrx_word' id='word_1_464' title='bbox 3517 2259 3644 2296; x_wconf 82' lang='lat' dir='ltr'><strong>curn</strong></span> 
     </span>
    </p>
   </div>
   <div class='ocr_carea' id='block_1_68' title="bbox 2067 2325 3650 2404">
    <p class='ocr_par' dir='ltr' id='par_1_68' title="bbox 2067 2325 3650 2404">
     <span class='ocr_line' id='line_1_68' title="bbox 2067 2325 3650 2404; baseline 0.001 -16"><span class='ocrx_word' id='word_1_465' title='bbox 2067 2325 2262 2404; x_wconf 83' lang='lat' dir='ltr'><strong>nempe</strong></span> <span class='ocrx_word' id='word_1_466' title='bbox 2316 2335 2587 2389; x_wconf 89' lang='lat' dir='ltr'><strong>rationem</strong></span> <span class='ocrx_word' id='word_1_467' title='bbox 2646 2335 2703 2388; x_wconf 90' lang='lat' dir='ltr'><strong>in</strong></span> <span class='ocrx_word' id='word_1_468' title='bbox 2762 2335 3030 2390; x_wconf 88' lang='lat' dir='ltr'><strong>bonarum</strong></span> <span class='ocrx_word' id='word_1_469' title='bbox 3081 2350 3263 2390; x_wconf 90' lang='lat' dir='ltr'><strong>rerum</strong></span> <span class='ocrx_word' id='word_1_470' title='bbox 3323 2335 3534 2390; x_wconf 87' lang='lat' dir='ltr'><strong>delectu</strong></span> <span class='ocrx_word' id='word_1_471' title='bbox 3592 2345 3650 2390; x_wconf 89' lang='lat' dir='ltr'><strong>et</strong></span> 
     </span>
    </p>
   </div>
   <div class='ocr_carea' id='block_1_69' title="bbox 2065 2427 3644 2498">
    <p class='ocr_par' dir='ltr' id='par_1_69' title="bbox 2065 2427 3644 2498">
     <span class='ocr_line' id='line_1_69' title="bbox 2065 2427 3644 2498; baseline -0.001 -16"><span class='ocrx_word' id='word_1_472' title='bbox 2065 2427 2476 2482; x_wconf 88' lang='lat' dir='ltr'><strong>consectatione</strong></span> <span class='ocrx_word' id='word_1_473' title='bbox 2533 2427 2810 2496; x_wconf 87' lang='lat' dir='ltr'><strong>appetitus</strong></span> <span class='ocrx_word' id='word_1_474' title='bbox 2869 2427 3228 2498; x_wconf 86' lang='lat' dir='ltr'><strong>subsequitur</strong></span> <span class='ocrx_word' id='word_1_475' title='bbox 3280 2427 3418 2498; x_wconf 69' lang='grc'>(84).</span> <span class='ocrx_word' id='word_1_476' title='bbox 3468 2427 3644 2494; x_wconf 84' lang='lat' dir='ltr'><strong>Quiu-</strong></span> 
     </span>
    </p>
   </div>
   <div class='ocr_carea' id='block_1_70' title="bbox 2062 2516 3646 2582">
    <p class='ocr_par' dir='ltr' id='par_1_70' title="bbox 2062 2516 3646 2582">
     <span class='ocr_line' id='line_1_70' title="bbox 2062 2516 3646 2582; baseline 0.001 -12"><span class='ocrx_word' id='word_1_477' title='bbox 2062 2516 2226 2570; x_wconf 87' lang='lat' dir='ltr'><strong>etiam</strong></span> <span class='ocrx_word' id='word_1_478' title='bbox 2261 2517 2486 2571; x_wconf 88' lang='lat' dir='ltr'><strong>alteram</strong></span> <span class='ocrx_word' id='word_1_479' title='bbox 2525 2517 2778 2582; x_wconf 91' lang='lat' dir='ltr'><strong>istarum,</strong></span> <span class='ocrx_word' id='word_1_480' title='bbox 2833 2517 2880 2571; x_wconf 90' lang='lat' dir='ltr'><strong>si</strong></span> <span class='ocrx_word' id='word_1_481' title='bbox 2931 2533 2992 2573; x_wconf 91' lang='lat' dir='ltr'><strong>se</strong></span> <span class='ocrx_word' id='word_1_482' title='bbox 3025 2517 3092 2572; x_wconf 90' lang='lat' dir='ltr'><strong>ad</strong></span> <span class='ocrx_word' id='word_1_483' title='bbox 3129 2517 3317 2572; x_wconf 90' lang='lat' dir='ltr'><strong>illicita</strong></span> <span class='ocrx_word' id='word_1_484' title='bbox 3355 2526 3646 2572; x_wconf 84' lang='lat' dir='ltr'><strong>converte-</strong></span> 
     </span>
    </p>
   </div>
   <div class='ocr_carea' id='block_1_71' title="bbox 2063 2605 3642 2676">
    <p class='ocr_par' dir='ltr' id='par_1_71' title="bbox 2063 2605 3642 2676">
     <span class='ocr_line' id='line_1_71' title="bbox 2063 2605 3642 2676; baseline 0.001 -16"><span class='ocrx_word' id='word_1_485' title='bbox 2063 2605 2156 2672; x_wconf 85' lang='lat' dir='ltr'><strong>rit,</strong></span> <span class='ocrx_word' id='word_1_486' title='bbox 2189 2605 2489 2676; x_wconf 90' lang='lat' dir='ltr'><strong>appetitum</strong></span> <span class='ocrx_word' id='word_1_487' title='bbox 2539 2606 2769 2670; x_wconf 87' lang='lat' dir='ltr'><strong>scilicet,</strong></span> <span class='ocrx_word' id='word_1_488' title='bbox 2803 2605 2962 2664; x_wconf 82' lang='lat' dir='ltr'><strong>facile</strong></span> <span class='ocrx_word' id='word_1_489' title='bbox 3005 2609 3148 2663; x_wconf 89' lang='lat' dir='ltr'><strong>ratio</strong></span> <span class='ocrx_word' id='word_1_490' title='bbox 3187 2607 3254 2662; x_wconf 90' lang='lat' dir='ltr'><strong>ad</strong></span> <span class='ocrx_word' id='word_1_491' title='bbox 3284 2608 3510 2663; x_wconf 80' lang='lat' dir='ltr'><strong>meliora</strong></span> <span class='ocrx_word' id='word_1_492' title='bbox 3559 2624 3642 2662; x_wconf 91' lang='lat' dir='ltr'><strong>re-</strong></span> 
     </span>
    </p>
   </div>
   <div class='ocr_carea' id='block_1_72' title="bbox 2062 2698 3642 2770">
    <p class='ocr_par' dir='ltr' id='par_1_72' title="bbox 2062 2698 3642 2770">
     <span class='ocr_line' id='line_1_72' title="bbox 2062 2698 3642 2770; baseline 0.001 -17"><span class='ocrx_word' id='word_1_493' title='bbox 2062 2698 2256 2762; x_wconf 83' lang='lat' dir='ltr'><strong>ducet;</strong></span> <span class='ocrx_word' id='word_1_494' title='bbox 2285 2708 2341 2752; x_wconf 89' lang='lat' dir='ltr'><strong>et</strong></span> <span class='ocrx_word' id='word_1_495' title='bbox 2389 2698 2434 2752; x_wconf 92' lang='lat' dir='ltr'><strong>si</strong></span> <span class='ocrx_word' id='word_1_496' title='bbox 2477 2699 2618 2752; x_wconf 85' lang='lat' dir='ltr'><strong>ratio</strong></span> <span class='ocrx_word' id='word_1_497' title='bbox 2649 2699 2714 2754; x_wconf 88' lang='lat' dir='ltr'><strong>ad</strong></span> <span class='ocrx_word' id='word_1_498' title='bbox 2751 2699 3020 2756; x_wconf 88' lang='lat' dir='ltr'><strong>absurdas</strong></span> <span class='ocrx_word' id='word_1_499' title='bbox 3064 2699 3433 2770; x_wconf 67' lang='lat' dir='ltr'><strong>cogitationes</strong></span> <span class='ocrx_word' id='word_1_500' title='bbox 3465 2700 3642 2756; x_wconf 85' lang='lat' dir='ltr'><strong>delata</strong></span> 
     </span>
    </p>
   </div>
   <div class='ocr_carea' id='block_1_73' title="bbox 2063 2789 3640 2861">
    <p class='ocr_par' dir='ltr' id='par_1_73' title="bbox 2063 2789 3640 2861">
     <span class='ocr_line' id='line_1_73' title="bbox 2063 2789 3640 2861; baseline -0.001 -17"><span class='ocrx_word' id='word_1_501' title='bbox 2063 2789 2247 2852; x_wconf 83' lang='lat' dir='ltr'><strong>fuerit,</strong></span> <span class='ocrx_word' id='word_1_502' title='bbox 2272 2799 2325 2846; x_wconf 92' lang='lat' dir='ltr'><strong>et</strong></span> <span class='ocrx_word' id='word_1_503' title='bbox 2371 2807 2400 2846; x_wconf 91' lang='lat' dir='ltr'><strong>a</strong></span> <span class='ocrx_word' id='word_1_504' title='bbox 2435 2807 2560 2846; x_wconf 86' lang='lat' dir='ltr'><strong>vera</strong></span> <span class='ocrx_word' id='word_1_505' title='bbox 2600 2807 2782 2846; x_wconf 90' lang='lat' dir='ltr'><strong>rerum</strong></span> <span class='ocrx_word' id='word_1_506' title='bbox 2819 2791 3307 2861; x_wconf 83' lang='lat' dir='ltr'><strong>comprehensione</strong></span> <span class='ocrx_word' id='word_1_507' title='bbox 3337 2790 3640 2852; x_wconf 77' lang='lat' dir='ltr'><strong>deﬂexerit,</strong></span> 
     </span>
    </p>
   </div>
   <div class='ocr_carea' id='block_1_74' title="bbox 2064 2881 3642 2954">
    <p class='ocr_par' dir='ltr' id='par_1_74' title="bbox 2064 2881 3642 2954">
     <span class='ocr_line' id='line_1_74' title="bbox 2064 2881 3642 2954; baseline -0.001 -20"><span class='ocrx_word' id='word_1_508' title='bbox 2064 2881 2358 2952; x_wconf 87' lang='lat' dir='ltr'><strong>appetitus,</strong></span> <span class='ocrx_word' id='word_1_509' title='bbox 2404 2883 2498 2954; x_wconf 91' lang='lat' dir='ltr'><strong>qui</strong></span> <span class='ocrx_word' id='word_1_510' title='bbox 2553 2884 2606 2938; x_wconf 92' lang='lat' dir='ltr'><strong>in</strong></span> <span class='ocrx_word' id='word_1_511' title='bbox 2651 2882 2821 2938; x_wconf 88' lang='lat' dir='ltr'><strong>Deum</strong></span> <span class='ocrx_word' id='word_1_512' title='bbox 2870 2884 3110 2941; x_wconf 78' lang='lat' dir='ltr'><strong>universi</strong></span> <span class='ocrx_word' id='word_1_513' title='bbox 3159 2884 3434 2940; x_wconf 87' lang='lat' dir='ltr'><strong>desiderio</strong></span> <span class='ocrx_word' id='word_1_514' title='bbox 3469 2883 3642 2938; x_wconf 76' lang='lat' dir='ltr'><strong>fertur</strong></span> 
     </span>
    </p>
   </div>
   <div class='ocr_carea' id='block_1_75' title="bbox 2061 2973 3644 3043">
    <p class='ocr_par' dir='ltr' id='par_1_75' title="bbox 2061 2973 3644 3043">
     <span class='ocr_line' id='line_1_75' title="bbox 2061 2973 3644 3043; baseline -0.001 -17"><span class='ocrx_word' id='word_1_515' title='bbox 2061 2987 2365 3042; x_wconf 84' lang='lat' dir='ltr'><strong>verumque</strong></span> <span class='ocrx_word' id='word_1_516' title='bbox 2420 2982 2567 3029; x_wconf 91' lang='lat' dir='ltr'><strong>amat</strong></span> <span class='ocrx_word' id='word_1_517' title='bbox 2593 2973 2884 3043; x_wconf 89' lang='lat' dir='ltr'><strong>judicium,</strong></span> <span class='ocrx_word' id='word_1_518' title='bbox 2934 2975 3166 3030; x_wconf 83' lang='lat' dir='ltr'><strong>rationis</strong></span> <span class='ocrx_word' id='word_1_519' title='bbox 3215 2975 3644 3030; x_wconf 81' lang='lat' dir='ltr'><strong>declinationem</strong></span> 
     </span>
    </p>
   </div>
   <div class='ocr_carea' id='block_1_76' title="bbox 2061 3064 3638 3135">
    <p class='ocr_par' dir='ltr' id='par_1_76' title="bbox 2061 3064 3638 3135">
     <span class='ocr_line' id='line_1_76' title="bbox 2061 3064 3638 3135; baseline 0.002 -18"><span class='ocrx_word' id='word_1_520' title='bbox 2061 3076 2418 3134; x_wconf 89' lang='lat' dir='ltr'><strong>erroremque</strong></span> <span class='ocrx_word' id='word_1_521' title='bbox 2461 3064 2794 3119; x_wconf 78' lang='lat' dir='ltr'><strong>emendabit.</strong></span> <span class='ocrx_word' id='word_1_522' title='bbox 2842 3068 3022 3135; x_wconf 87' lang='lat' dir='ltr'><strong>Atque</strong></span> <span class='ocrx_word' id='word_1_523' title='bbox 3079 3065 3217 3122; x_wconf 88' lang='lat' dir='ltr'><strong>adeo</strong></span> <span class='ocrx_word' id='word_1_524' title='bbox 3252 3070 3362 3122; x_wconf 86' lang='lat' dir='ltr'><strong>stat</strong></span> <span class='ocrx_word' id='word_1_525' title='bbox 3401 3066 3638 3129; x_wconf 90' lang='lat' dir='ltr'><strong>dictum,</strong></span> 
     </span>
    </p>
   </div>
   <div class='ocr_carea' id='block_1_77' title="bbox 2061 3155 3639 3238">
    <p class='ocr_par' dir='ltr' id='par_1_77' title="bbox 2061 3155 3639 3238">
     <span class='ocr_line' id='line_1_77' title="bbox 2061 3155 3639 3238; baseline 0.003 -30"><span class='ocrx_word' id='word_1_526' title='bbox 2061 3169 2254 3224; x_wconf 89' lang='lat' dir='ltr'><strong>nempe</strong></span> <span class='ocrx_word' id='word_1_527' title='bbox 2294 3155 2526 3210; x_wconf 89' lang='lat' dir='ltr'><strong>alterum</strong></span> <span class='ocrx_word' id='word_1_528' title='bbox 2558 3155 2626 3210; x_wconf 90' lang='lat' dir='ltr'><strong>ab</strong></span> <span class='ocrx_word' id='word_1_529' title='bbox 2653 3155 2826 3212; x_wconf 88' lang='lat' dir='ltr'><strong>altero</strong></span> <span class='ocrx_word' id='word_1_530' title='bbox 2851 3157 3047 3211; x_wconf 85' lang='lat' dir='ltr'><strong>attolli.</strong></span> <span class='ocrx_word' id='word_1_531' title='bbox 3087 3155 3181 3212; x_wconf 71' lang='lat' dir='ltr'><strong>Va:</strong></span> <span class='ocrx_word' id='word_1_532' title='bbox 3220 3167 3403 3214; x_wconf 88' lang='lat' dir='ltr'><strong>autem</strong></span> <span class='ocrx_word' id='word_1_533' title='bbox 3431 3159 3639 3238; x_wconf 85' lang='lat' dir='ltr'><strong>alteru-</strong></span> 
     </span>
    </p>
   </div>
   <div class='ocr_carea' id='block_1_78' title="bbox 2060 3247 3638 3320">
    <p class='ocr_par' dir='ltr' id='par_1_78' title="bbox 2060 3247 3638 3320">
     <span class='ocr_line' id='line_1_78' title="bbox 2060 3247 3638 3320; baseline 0.004 -20"><span class='ocrx_word' id='word_1_534' title='bbox 2060 3247 2128 3300; x_wconf 88' lang='lat' dir='ltr'><strong>tri</strong></span> <span class='ocrx_word' id='word_1_535' title='bbox 2161 3261 2374 3314; x_wconf 87' lang='lat' dir='ltr'><strong>earum,</strong></span> <span class='ocrx_word' id='word_1_536' title='bbox 2400 3248 2528 3306; x_wconf 76' lang='lat' dir='ltr'><strong>sive.</strong></span> <span class='ocrx_word' id='word_1_537' title='bbox 2560 3248 2850 3319; x_wconf 88' lang='lat' dir='ltr'><strong>appetitui,</strong></span> <span class='ocrx_word' id='word_1_538' title='bbox 2884 3249 3322 3320; x_wconf 86' lang='lat' dir='ltr'><strong>quotiescunque</strong></span> <span class='ocrx_word' id='word_1_539' title='bbox 3357 3251 3434 3305; x_wconf 87' lang='lat' dir='ltr'><strong>illi</strong></span> <span class='ocrx_word' id='word_1_540' title='bbox 3470 3252 3638 3306; x_wconf 78' lang='lat' dir='ltr'><strong>ratio-</strong></span> 
     </span>
    </p>
   </div>
   <div class='ocr_carea' id='block_1_79' title="bbox 2058 3328 3636 3419">
    <p class='ocr_par' dir='ltr' id='par_1_79' title="bbox 2058 3328 3636 3419">
     <span class='ocr_line' id='line_1_79' title="bbox 2058 3328 3636 3419; baseline 0.006 -29"><span class='ocrx_word' id='word_1_541' title='bbox 2058 3337 2146 3394; x_wconf 85' lang='lat' dir='ltr'><strong>nis</strong></span> <span class='ocrx_word' id='word_1_542' title='bbox 2171 3337 2440 3392; x_wconf 79' lang='lat' dir='ltr'><strong>auxilium</strong></span> <span class='ocrx_word' id='word_1_543' title='bbox 2481 3349 2536 3394; x_wconf 90' lang='lat' dir='ltr'><strong>et</strong></span> <span class='ocrx_word' id='word_1_544' title='bbox 2570 3328 2981 3419; x_wconf 81' lang='lat' dir='ltr'><strong>incitamentum</strong></span> <span class='ocrx_word' id='word_1_545' title='bbox 3029 3343 3095 3396; x_wconf 90' lang='lat' dir='ltr'><strong>ad</strong></span> <span class='ocrx_word' id='word_1_546' title='bbox 3133 3343 3350 3412; x_wconf 90' lang='lat' dir='ltr'><strong>potiora</strong></span> <span class='ocrx_word' id='word_1_547' title='bbox 3382 3343 3636 3400; x_wconf 79' lang='lat' dir='ltr'><strong>defuerit.</strong></span> 
     </span>
    </p>
   </div>
   <div class='ocr_carea' id='block_1_80' title="bbox 2061 3429 3638 3504">
    <p class='ocr_par' dir='ltr' id='par_1_80' title="bbox 2061 3429 3638 3504">
     <span class='ocr_line' id='line_1_80' title="bbox 2061 3429 3638 3504; baseline 0.005 -22"><span class='ocrx_word' id='word_1_548' title='bbox 2061 3429 2139 3483; x_wconf 85' lang='lat' dir='ltr'><strong>Ad</strong></span> <span class='ocrx_word' id='word_1_549' title='bbox 2169 3431 2336 3486; x_wconf 77' lang='lat' dir='ltr'><strong>noxia</strong></span> <span class='ocrx_word' id='word_1_550' title='bbox 2362 3430 2508 3486; x_wconf 88' lang='lat' dir='ltr'><strong>enim</strong></span> <span class='ocrx_word' id='word_1_551' title='bbox 2541 3433 2809 3488; x_wconf 88' lang='lat' dir='ltr'><strong>desideria</strong></span> <span class='ocrx_word' id='word_1_552' title='bbox 2845 3442 2900 3488; x_wconf 90' lang='lat' dir='ltr'><strong>et</strong></span> <span class='ocrx_word' id='word_1_553' title='bbox 2939 3435 3216 3504; x_wconf 90' lang='lat' dir='ltr'><strong>quaslibet</strong></span> <span class='ocrx_word' id='word_1_554' title='bbox 3244 3435 3414 3490; x_wconf 91' lang='lat' dir='ltr'><strong>animi</strong></span> <span class='ocrx_word' id='word_1_555' title='bbox 3446 3451 3638 3492; x_wconf 83' lang='lat' dir='ltr'><strong>eorru-</strong></span> 
     </span>
    </p>
   </div>
   <div class='ocr_carea' id='block_1_81' title="bbox 2057 3521 3636 3597">
    <p class='ocr_par' dir='ltr' id='par_1_81' title="bbox 2057 3521 3636 3597">
     <span class='ocr_line' id='line_1_81' title="bbox 2057 3521 3636 3597; baseline 0.003 -21"><span class='ocrx_word' id='word_1_556' title='bbox 2057 3521 2234 3592; x_wconf 85' lang='lat' dir='ltr'><strong>ptclas</strong></span> <span class='ocrx_word' id='word_1_557' title='bbox 2288 3523 2576 3578; x_wconf 86' lang='lat' dir='ltr'><strong>delabitur.</strong></span> <span class='ocrx_word' id='word_1_558' title='bbox 2627 3524 2806 3594; x_wconf 77' lang='lat' dir='ltr'><strong>Atque</strong></span> <span class='ocrx_word' id='word_1_559' title='bbox 2856 3525 2970 3582; x_wconf 74' lang='lat' dir='ltr'><strong>haec</strong></span> <span class='ocrx_word' id='word_1_560' title='bbox 3021 3527 3090 3582; x_wconf 91' lang='lat' dir='ltr'><strong>iis</strong></span> <span class='ocrx_word' id='word_1_561' title='bbox 3139 3527 3488 3597; x_wconf 78' lang='lat' dir='ltr'><strong>contingunt,</strong></span> <span class='ocrx_word' id='word_1_562' title='bbox 3541 3529 3636 3597; x_wconf 87' lang='lat' dir='ltr'><strong>qui</strong></span> 
     </span>
    </p>
   </div>
   <div class='ocr_carea' id='block_1_82' title="bbox 2057 3613 3642 3688">
    <p class='ocr_par' dir='ltr' id='par_1_82' title="bbox 2057 3613 3642 3688">
     <span class='ocr_line' id='line_1_82' title="bbox 2057 3613 3642 3688; baseline 0.003 -20"><span class='ocrx_word' id='word_1_563' title='bbox 2057 3621 2251 3682; x_wconf 88' lang='lat' dir='ltr'><strong>sponte</strong></span> <span class='ocrx_word' id='word_1_564' title='bbox 2273 3629 2374 3668; x_wconf 88' lang='lat' dir='ltr'><strong>sua</strong></span> <span class='ocrx_word' id='word_1_565' title='bbox 2399 3613 2629 3670; x_wconf 78' lang='lat' dir='ltr'><strong>rationis</strong></span> <span class='ocrx_word' id='word_1_566' title='bbox 2651 3615 2917 3685; x_wconf 87' lang='lat' dir='ltr'><strong>judicium</strong></span> <span class='ocrx_word' id='word_1_567' title='bbox 2963 3619 3294 3674; x_wconf 90' lang='lat' dir='ltr'><strong>contumelia</strong></span> <span class='ocrx_word' id='word_1_568' title='bbox 3334 3619 3483 3674; x_wconf 88' lang='lat' dir='ltr'><strong>illata</strong></span> <span class='ocrx_word' id='word_1_569' title='bbox 3517 3635 3642 3688; x_wconf 86' lang='lat' dir='ltr'><strong>per-</strong></span> 
     </span>
    </p>
   </div>
   <div class='ocr_carea' id='block_1_83' title="bbox 2055 3705 3639 3778">
    <p class='ocr_par' dir='ltr' id='par_1_83' title="bbox 2055 3705 3639 3778">
     <span class='ocr_line' id='line_1_83' title="bbox 2055 3705 3639 3778; baseline 0.004 -22"><span class='ocrx_word' id='word_1_570' title='bbox 2055 3711 2358 3768; x_wconf 83' lang='lat' dir='ltr'><strong>verterunt,</strong></span> <span class='ocrx_word' id='word_1_571' title='bbox 2398 3705 2683 3774; x_wconf 86' lang='lat' dir='ltr'><strong>ipsamque</strong></span> <span class='ocrx_word' id='word_1_572' title='bbox 2710 3707 2860 3760; x_wconf 88' lang='lat' dir='ltr'><strong>velut</strong></span> <span class='ocrx_word' id='word_1_573' title='bbox 2893 3717 3165 3762; x_wconf 88' lang='lat' dir='ltr'><strong>mortuam</strong></span> <span class='ocrx_word' id='word_1_574' title='bbox 3211 3718 3375 3778; x_wconf 86' lang='lat' dir='ltr'><strong>atque</strong></span> <span class='ocrx_word' id='word_1_575' title='bbox 3413 3709 3639 3762; x_wconf 90' lang='lat' dir='ltr'><strong>omnino</strong></span> 
     </span>
    </p>
   </div>
   <div class='ocr_carea' id='block_1_84' title="bbox 2056 3789 3637 3864">
    <p class='ocr_par' dir='ltr' id='par_1_84' title="bbox 2056 3789 3637 3864">
     <span class='ocr_line' id='line_1_84' title="bbox 2056 3789 3637 3864; baseline 0.003 -18"><span class='ocrx_word' id='word_1_576' title='bbox 2056 3791 2285 3846; x_wconf 83' lang='lat' dir='ltr'><strong>inertem</strong></span> <span class='ocrx_word' id='word_1_577' title='bbox 2317 3789 2626 3847; x_wconf 85' lang='lat' dir='ltr'><strong>reddidere.</strong></span> <span class='ocrx_word' id='word_1_578' title='bbox 2665 3792 2736 3851; x_wconf 86' lang='lat' dir='ltr'><strong>At</strong></span> <span class='ocrx_word' id='word_1_579' title='bbox 2770 3809 2800 3848; x_wconf 93' lang='lat' dir='ltr'><strong>e</strong></span> <span class='ocrx_word' id='word_1_580' title='bbox 2843 3796 3125 3850; x_wconf 89' lang='lat' dir='ltr'><strong>contrario</strong></span> <span class='ocrx_word' id='word_1_581' title='bbox 3167 3811 3248 3850; x_wconf 72' lang='lat' dir='ltr'><strong>vae</strong></span> <span class='ocrx_word' id='word_1_582' title='bbox 3277 3797 3379 3864; x_wconf 91' lang='lat' dir='ltr'><strong>ipsi</strong></span> <span class='ocrx_word' id='word_1_583' title='bbox 3416 3795 3637 3862; x_wconf 86' lang='lat' dir='ltr'><strong>rationi,</strong></span> 
     </span>
    </p>
   </div>
   <div class='ocr_carea' id='block_1_85' title="bbox 2054 3884 3640 3955">
    <p class='ocr_par' dir='ltr' id='par_1_85' title="bbox 2054 3884 3640 3955">
     <span class='ocr_line' id='line_1_85' title="bbox 2054 3884 3640 3955; baseline 0.004 -21"><span class='ocrx_word' id='word_1_584' title='bbox 2054 3885 2491 3953; x_wconf 86' lang='lat' dir='ltr'><strong>quotiescunque</strong></span> <span class='ocrx_word' id='word_1_585' title='bbox 2518 3884 2820 3955; x_wconf 86' lang='lat' dir='ltr'><strong>appetitum</strong></span> <span class='ocrx_word' id='word_1_586' title='bbox 2851 3887 2956 3942; x_wconf 85' lang='lat' dir='ltr'><strong>sibi</strong></span> <span class='ocrx_word' id='word_1_587' title='bbox 2981 3887 3264 3942; x_wconf 86' lang='lat' dir='ltr'><strong>addictum</strong></span> <span class='ocrx_word' id='word_1_588' title='bbox 3289 3903 3396 3942; x_wconf 92' lang='lat' dir='ltr'><strong>non</strong></span> <span class='ocrx_word' id='word_1_589' title='bbox 3431 3889 3640 3944; x_wconf 84' lang='lat' dir='ltr'><strong>habue-</strong></span> 
     </span>
    </p>
   </div>
   <div class='ocr_carea' id='block_1_86' title="bbox 2053 3974 3634 4049">
    <p class='ocr_par' dir='ltr' id='par_1_86' title="bbox 2053 3974 3634 4049">
     <span class='ocr_line' id='line_1_86' title="bbox 2053 3974 3634 4049; baseline 0.004 -19"><span class='ocrx_word' id='word_1_590' title='bbox 2053 3975 2148 4041; x_wconf 85' lang='lat' dir='ltr'><strong>rit,</strong></span> <span class='ocrx_word' id='word_1_591' title='bbox 2177 3974 2338 4044; x_wconf 84' lang='lat' dir='ltr'><strong>cujus</strong></span> <span class='ocrx_word' id='word_1_592' title='bbox 2369 3990 2472 4046; x_wconf 88' lang='lat' dir='ltr'><strong>ope</strong></span> <span class='ocrx_word' id='word_1_593' title='bbox 2497 3977 2564 4030; x_wconf 90' lang='lat' dir='ltr'><strong>ad</strong></span> <span class='ocrx_word' id='word_1_594' title='bbox 2595 3977 3194 4034; x_wconf 36' lang='lat' dir='ltr'><strong>divinam&#39;chacitatem</strong></span> <span class='ocrx_word' id='word_1_595' title='bbox 3222 3979 3430 4049; x_wconf 88' lang='lat' dir='ltr'><strong>aspiret</strong></span> <span class='ocrx_word' id='word_1_596' title='bbox 3459 3998 3472 4034; x_wconf 91' lang='lat'>:</span> <span class='ocrx_word' id='word_1_597' title='bbox 3508 3997 3634 4036; x_wconf 89' lang='lat' dir='ltr'><strong>cum</strong></span> 
     </span>
    </p>
   </div>
   <div class='ocr_carea' id='block_1_87' title="bbox 2054 4069 3634 4140">
    <p class='ocr_par' dir='ltr' id='par_1_87' title="bbox 2054 4069 3634 4140">
     <span class='ocr_line' id='line_1_87' title="bbox 2054 4069 3634 4140; baseline 0.003 -16"><span class='ocrx_word' id='word_1_598' title='bbox 2054 4070 2104 4126; x_wconf 89' lang='lat' dir='ltr'><strong>is</strong></span> <span class='ocrx_word' id='word_1_599' title='bbox 2133 4071 2484 4140; x_wconf 87' lang='lat' dir='ltr'><strong>potissimum</strong></span> <span class='ocrx_word' id='word_1_600' title='bbox 2517 4073 2826 4127; x_wconf 82' lang='lat' dir='ltr'><strong>vehementi</strong></span> <span class='ocrx_word' id='word_1_601' title='bbox 2855 4074 3046 4128; x_wconf 84' lang='lat' dir='ltr'><strong>ardeat</strong></span> <span class='ocrx_word' id='word_1_602' title='bbox 3071 4069 3368 4139; x_wconf 84' lang='lat' dir='ltr'><strong>desiderio,</strong></span> <span class='ocrx_word' id='word_1_603' title='bbox 3396 4083 3450 4130; x_wconf 76' lang='lat' dir='ltr'><strong>et</strong></span> <span class='ocrx_word' id='word_1_604' title='bbox 3478 4077 3545 4130; x_wconf 88' lang='lat' dir='ltr'><strong>ad</strong></span> <span class='ocrx_word' id='word_1_605' title='bbox 3571 4091 3634 4130; x_wconf 85' lang='lat' dir='ltr'><strong>ea</strong></span> 
     </span>
    </p>
   </div>
   <div class='ocr_carea' id='block_1_88' title="bbox 2052 4163 3640 4238">
    <p class='ocr_par' dir='ltr' id='par_1_88' title="bbox 2052 4163 3640 4238">
     <span class='ocr_line' id='line_1_88' title="bbox 2052 4163 3640 4238; baseline 0.004 -21"><span class='ocrx_word' id='word_1_606' title='bbox 2052 4163 2408 4218; x_wconf 87' lang='lat' dir='ltr'><strong>inclinatione</strong></span> <span class='ocrx_word' id='word_1_607' title='bbox 2452 4165 2655 4237; x_wconf 85' lang='lat' dir='ltr'><strong>optima</strong></span> <span class='ocrx_word' id='word_1_608' title='bbox 2704 4167 2908 4230; x_wconf 87' lang='lat' dir='ltr'><strong>tendat,</strong></span> <span class='ocrx_word' id='word_1_609' title='bbox 2943 4183 3065 4237; x_wconf 70' lang='lat' dir='ltr'><strong>quae</strong></span> <span class='ocrx_word' id='word_1_610' title='bbox 3104 4177 3286 4223; x_wconf 88' lang='lat' dir='ltr'><strong>mente</strong></span> <span class='ocrx_word' id='word_1_611' title='bbox 3329 4169 3640 4238; x_wconf 88' lang='lat' dir='ltr'><strong>percipiun-</strong></span> 
     </span>
    </p>
   </div>
   <div class='ocr_carea' id='block_1_89' title="bbox 2054 4255 3638 4329">
    <p class='ocr_par' dir='ltr' id='par_1_89' title="bbox 2054 4255 3638 4329">
     <span class='ocr_line' id='line_1_89' title="bbox 2054 4255 3638 4329; baseline 0.005 -22"><span class='ocrx_word' id='word_1_612' title='bbox 2054 4263 2164 4319; x_wconf 89' lang='lat' dir='ltr'><strong>tur,</strong></span> <span class='ocrx_word' id='word_1_613' title='bbox 2191 4262 2245 4308; x_wconf 91' lang='lat' dir='ltr'><strong>et</strong></span> <span class='ocrx_word' id='word_1_614' title='bbox 2278 4255 2460 4309; x_wconf 84' lang='lat' dir='ltr'><strong>divina</strong></span> <span class='ocrx_word' id='word_1_615' title='bbox 2501 4266 2650 4312; x_wconf 87' lang='lat' dir='ltr'><strong>sunt.</strong></span> <span class='ocrx_word' id='word_1_616' title='bbox 2686 4257 2903 4311; x_wconf 67' lang='grc' dir='ltr'>[ιιιιίοηὶ</span> <span class='ocrx_word' id='word_1_617' title='bbox 2933 4259 3204 4329; x_wconf 80' lang='lat' dir='ltr'><strong>siquidem</strong></span> <span class='ocrx_word' id='word_1_618' title='bbox 3253 4259 3308 4313; x_wconf 90' lang='lat' dir='ltr'><strong>in</strong></span> <span class='ocrx_word' id='word_1_619' title='bbox 3347 4260 3638 4321; x_wconf 86' lang='lat' dir='ltr'><strong>irrationa-</strong></span> 
     </span>
    </p>
   </div>
   <div class='ocr_carea' id='block_1_90' title="bbox 2050 4339 3636 4422">
    <p class='ocr_par' dir='ltr' id='par_1_90' title="bbox 2050 4339 3636 4422">
     <span class='ocr_line' id='line_1_90' title="bbox 2050 4339 3636 4422; baseline 0.005 -22"><span class='ocrx_word' id='word_1_620' title='bbox 2050 4345 2194 4402; x_wconf 86' lang='lat' dir='ltr'><strong>biles</strong></span> <span class='ocrx_word' id='word_1_621' title='bbox 2223 4347 2554 4418; x_wconf 83' lang='lat' dir='ltr'><strong>cupiditates</strong></span> <span class='ocrx_word' id='word_1_622' title='bbox 2597 4349 3077 4419; x_wconf 66' lang='lat' dir='ltr'><strong>delapsae&#39;nullam</strong></span> <span class='ocrx_word' id='word_1_623' title='bbox 3113 4339 3385 4422; x_wconf 83' lang='lat' dir='ltr'><strong>appetitus</strong></span> <span class='ocrx_word' id='word_1_624' title='bbox 3430 4355 3636 4408; x_wconf 83' lang='lat' dir='ltr'><strong>utilita-</strong></span> 
     </span>
    </p>
   </div>
   <div class='ocr_carea' id='block_1_91' title="bbox 375 4415 1956 4514">
    <p class='ocr_par' dir='ltr' id='par_1_91' title="bbox 375 4415 1956 4514">
     <span class='ocr_line' id='line_1_91' title="bbox 375 4415 1956 4514; baseline 0.013 -49"><span class='ocrx_word' id='word_1_625' title='bbox 375 4415 456 4476; x_wconf 76' lang='grc' dir='ltr'><strong>είς</strong></span> <span class='ocrx_word' id='word_1_626' title='bbox 477 4415 1188 4514; x_wconf 42' lang='grc' dir='ltr'>,παραλόγουςένθυμήσεις</span> <span class='ocrx_word' id='word_1_627' title='bbox 1224 4423 1301 4494; x_wconf 82' lang='grc' dir='ltr'>τῷ</span> <span class='ocrx_word' id='word_1_628' title='bbox 1337 4423 1630 4498; x_wconf 85' lang='grc' dir='ltr'>λογιστικῷ</span> <span class='ocrx_word' id='word_1_629' title='bbox 1669 4429 1849 4502; x_wconf 83' lang='grc' dir='ltr'>μέρει,</span> <span class='ocrx_word' id='word_1_630' title='bbox 1889 4433 1956 4485; x_wconf 65' lang='grc' dir='ltr'><strong>το</strong></span> 
     </span>
    </p>
   </div>
   <div class='ocr_carea' id='block_1_92' title="bbox 2060 4415 3636 4514">
    <p class='ocr_par' dir='ltr' id='par_1_92' title="bbox 2060 4415 3636 4514">
     <span class='ocr_line' id='line_1_92' title="bbox 2060 4415 3636 4514; baseline 0.003 -23"><span class='ocrx_word' id='word_1_631' title='bbox 2060 4445 2163 4491; x_wconf 88' lang='lat' dir='ltr'><strong>tem</strong></span> <span class='ocrx_word' id='word_1_632' title='bbox 2195 4415 2584 4508; x_wconf 82' lang='lat' dir='ltr'><strong>suppeditabit,</strong></span> <span class='ocrx_word' id='word_1_633' title='bbox 2620 4415 2910 4510; x_wconf 76' lang='lat' dir='ltr'><strong>postquam</strong></span> <span class='ocrx_word' id='word_1_634' title='bbox 2945 4443 3052 4495; x_wconf 88' lang='lat' dir='ltr'><strong>vim</strong></span> <span class='ocrx_word' id='word_1_635' title='bbox 3083 4415 3240 4497; x_wconf 76' lang='lat' dir='ltr'><strong>suam</strong></span> <span class='ocrx_word' id='word_1_636' title='bbox 3269 4443 3636 4514; x_wconf 76' lang='lat' dir='ltr'><strong>virtutemqrt:</strong></span> 
     </span>
    </p>
   </div>
   <div class='ocr_carea' id='block_1_93' title="bbox 377 4502 1952 4585">
    <p class='ocr_par' dir='ltr' id='par_1_93' title="bbox 377 4502 1952 4585">
     <span class='ocr_line' id='line_1_93' title="bbox 377 4502 1952 4585; baseline 0.013 -30"><span class='ocrx_word' id='word_1_637' title='bbox 377 4502 778 4576; x_wconf 72' lang='grc' dir='ltr'>ἐπιθυμητικὸν</span> <span class='ocrx_word' id='word_1_638' title='bbox 812 4508 1060 4578; x_wconf 83' lang='grc' dir='ltr'>οὐδεμίαν</span> <span class='ocrx_word' id='word_1_639' title='bbox 1090 4511 1358 4580; x_wconf 72' lang='grc' dir='ltr'>ὠφέλειαν</span> <span class='ocrx_word' id='word_1_640' title='bbox 1403 4517 1806 4585; x_wconf 82' lang='grc' dir='ltr'>πρυτανεύσει·</span> <span class='ocrx_word' id='word_1_641' title='bbox 1855 4521 1952 4575; x_wconf 79' lang='grc' dir='ltr'><strong>άτε</strong></span> 
     </span>
    </p>
   </div>
   <div class='ocr_carea' id='block_1_94' title="bbox 374 4593 1958 4672">
    <p class='ocr_par' dir='ltr' id='par_1_94' title="bbox 374 4593 1958 4672">
     <span class='ocr_line' id='line_1_94' title="bbox 374 4593 1958 4672; baseline 0.013 -27"><span class='ocrx_word' id='word_1_642' title='bbox 374 4593 556 4665; x_wconf 73' lang='grc' dir='ltr'>δὴτὴν</span> <span class='ocrx_word' id='word_1_643' title='bbox 597 4596 732 4650; x_wconf 87' lang='grc' dir='ltr'>ἰδίαν</span> <span class='ocrx_word' id='word_1_644' title='bbox 769 4598 1038 4652; x_wconf 77' lang='grc' dir='ltr'>ἀπολέσειν</span> <span class='ocrx_word' id='word_1_645' title='bbox 1068 4602 1373 4672; x_wconf 80' lang='grc' dir='ltr'>ἐνέργειαν.</span> <span class='ocrx_word' id='word_1_646' title='bbox 1407 4605 1480 4659; x_wconf 69' lang='lat' dir='ltr'><strong>To</strong></span> <span class='ocrx_word' id='word_1_647' title='bbox 1511 4608 1646 4660; x_wconf 84' lang='grc' dir='ltr'>αὐτὸ</span> <span class='ocrx_word' id='word_1_648' title='bbox 1691 4609 1746 4665; x_wconf 78' lang='grc' dir='ltr'>δὲ</span> <span class='ocrx_word' id='word_1_649' title='bbox 1798 4611 1958 4671; x_wconf 79' lang='grc' dir='ltr'>τοῦτο</span> 
     </span>
    </p>
   </div>
   <div class='ocr_carea' id='block_1_95' title="bbox 375 4683 1950 4774">
    <p class='ocr_par' dir='ltr' id='par_1_95' title="bbox 375 4683 1950 4774">
     <span class='ocr_line' id='line_1_95' title="bbox 375 4683 1950 4774; baseline 0.015 -38"><span class='ocrx_word' id='word_1_650' title='bbox 375 4683 638 4757; x_wconf 80' lang='grc' dir='ltr'>θεώρημα</span> <span class='ocrx_word' id='word_1_651' title='bbox 668 4687 1008 4760; x_wconf 73' lang='grc' dir='ltr'>ληφθήσεται</span> <span class='ocrx_word' id='word_1_652' title='bbox 1035 4695 1168 4748; x_wconf 75' lang='grc' dir='ltr'>κάπὶ</span> <span class='ocrx_word' id='word_1_653' title='bbox 1201 4697 1300 4766; x_wconf 76' lang='grc' dir='ltr'>τῆς</span> <span class='ocrx_word' id='word_1_654' title='bbox 1331 4697 1438 4750; x_wconf 86' lang='grc' dir='ltr'><strong>τῶν</strong></span> <span class='ocrx_word' id='word_1_655' title='bbox 1485 4700 1812 4774; x_wconf 73' lang='grc' dir='ltr'>ἀμφοτέρων</span> <span class='ocrx_word' id='word_1_656' title='bbox 1849 4723 1950 4758; x_wconf 85' lang='grc' dir='ltr'>κα-</span> 
     </span>
    </p>
   </div>
   <div class='ocr_carea' id='block_1_96' title="bbox 374 4773 1950 4862">
    <p class='ocr_par' dir='ltr' id='par_1_96' title="bbox 374 4773 1950 4862">
     <span class='ocr_line' id='line_1_96' title="bbox 374 4773 1950 4862; baseline 0.015 -34"><span class='ocrx_word' id='word_1_657' title='bbox 374 4773 696 4849; x_wconf 60' lang='grc' dir='ltr'>θευιῆσεως,</span> <span class='ocrx_word' id='word_1_658' title='bbox 731 4783 825 4836; x_wconf 78' lang='grc' dir='ltr'>καὶ</span> <span class='ocrx_word' id='word_1_659' title='bbox 877 4785 976 4854; x_wconf 79' lang='grc' dir='ltr'>τῆς</span> <span class='ocrx_word' id='word_1_660' title='bbox 1001 4786 1086 4839; x_wconf 83' lang='grc' dir='ltr'><strong>τοῦ</strong></span> <span class='ocrx_word' id='word_1_661' title='bbox 1118 4774 1266 4852; x_wconf 76' lang='grc' dir='ltr'>ἑνός’</span> <span class='ocrx_word' id='word_1_662' title='bbox 1299 4791 1326 4841; x_wconf 88' lang='grc' dir='ltr'><strong>ό</strong></span> <span class='ocrx_word' id='word_1_663' title='bbox 1355 4789 1411 4843; x_wconf 85' lang='grc' dir='ltr'><strong>δέ</strong></span> <span class='ocrx_word' id='word_1_664' title='bbox 1441 4808 1576 4862; x_wconf 81' lang='grc' dir='ltr'>φησι</span> <span class='ocrx_word' id='word_1_665' title='bbox 1605 4811 1619 4826; x_wconf 89' lang='grc'><strong>·</strong></span> <span class='ocrx_word' id='word_1_666' title='bbox 1653 4813 1671 4844; x_wconf 79' lang='grc' dir='ltr'><strong>ι</strong></span> <span class='ocrx_word' id='word_1_667' title='bbox 1706 4773 1822 4858; x_wconf 74' lang='grc' dir='ltr'>Καὶ</span> <span class='ocrx_word' id='word_1_668' title='bbox 1855 4799 1950 4852; x_wconf 75' lang='grc' dir='ltr'>ἐάν</span> 
     </span>
    </p>
   </div>
   <div class='ocr_carea' id='block_1_97' title="bbox 373 4869 1950 4952">
    <p class='ocr_par' dir='ltr' id='par_1_97' title="bbox 373 4869 1950 4952">
     <span class='ocr_line' id='line_1_97' title="bbox 373 4869 1950 4952; baseline 0.013 -27"><span class='ocrx_word' id='word_1_669' title='bbox 373 4869 786 4948; x_wconf 72' lang='grc' dir='ltr'>ὲπικραταιωθῇ</span> <span class='ocrx_word' id='word_1_670' title='bbox 817 4877 846 4929; x_wconf 88' lang='grc' dir='ltr'><strong>ό</strong></span> <span class='ocrx_word' id='word_1_671' title='bbox 879 4873 982 4944; x_wconf 80' lang='grc' dir='ltr'>εἷς,</span> <span class='ocrx_word' id='word_1_672' title='bbox 1006 4881 1052 4932; x_wconf 83' lang='grc' dir='ltr'>οἱ</span> <span class='ocrx_word' id='word_1_673' title='bbox 1081 4879 1173 4932; x_wconf 79' lang='grc' dir='ltr'>δύο</span> <span class='ocrx_word' id='word_1_674' title='bbox 1204 4882 1494 4952; x_wconf 83' lang='grc' dir='ltr'>στήσονται</span> <span class='ocrx_word' id='word_1_675' title='bbox 1533 4886 1818 4942; x_wconf 81' lang='grc' dir='ltr'>κατέναντι</span> <span class='ocrx_word' id='word_1_676' title='bbox 1851 4891 1950 4944; x_wconf 84' lang='grc' dir='ltr'><strong>αὐ-</strong></span> 
     </span>
    </p>
   </div>
   <div class='ocr_carea' id='block_1_98' title="bbox 370 4963 1948 5052">
    <p class='ocr_par' dir='ltr' id='par_1_98' title="bbox 370 4963 1948 5052">
     <span class='ocr_line' id='line_1_98' title="bbox 370 4963 1948 5052; baseline 0.013 -36"><span class='ocrx_word' id='word_1_677' title='bbox 370 4963 488 5030; x_wconf 84' lang='grc' dir='ltr'>τοῦ,</span> <span class='ocrx_word' id='word_1_678' title='bbox 530 4983 548 5015; x_wconf 77' lang='grc' dir='ltr'><strong>ι</strong></span> <span class='ocrx_word' id='word_1_679' title='bbox 591 4967 772 5022; x_wconf 82' lang='grc' dir='ltr'>καὶτὸ</span> <span class='ocrx_word' id='word_1_680' title='bbox 801 4969 1027 5040; x_wconf 79' lang='grc' dir='ltr'>θυμικὸν</span> <span class='ocrx_word' id='word_1_681' title='bbox 1061 4974 1396 5043; x_wconf 81' lang='grc' dir='ltr'>παρεισάγει</span> <span class='ocrx_word' id='word_1_682' title='bbox 1433 4977 1532 5040; x_wconf 83' lang='grc' dir='ltr'><strong>τῆς</strong></span> <span class='ocrx_word' id='word_1_683' title='bbox 1553 4976 1734 5049; x_wconf 77' lang='grc' dir='ltr'>ψυχῆς</span> <span class='ocrx_word' id='word_1_684' title='bbox 1764 4981 1948 5052; x_wconf 86' lang='grc' dir='ltr'>μέρος,</span> 
     </span>
    </p>
   </div>
   <div class='ocr_carea' id='block_1_99' title="bbox 372 5056 1946 5143">
    <p class='ocr_par' dir='ltr' id='par_1_99' title="bbox 372 5056 1946 5143">
     <span class='ocr_line' id='line_1_99' title="bbox 372 5056 1946 5143; baseline 0.013 -37"><span class='ocrx_word' id='word_1_685' title='bbox 372 5056 456 5118; x_wconf 82' lang='grc' dir='ltr'><strong>εἰς</strong></span> <span class='ocrx_word' id='word_1_686' title='bbox 501 5056 753 5126; x_wconf 74' lang='grc' dir='ltr'>βοήθειαν</span> <span class='ocrx_word' id='word_1_687' title='bbox 779 5061 1166 5132; x_wconf 85' lang='grc' dir='ltr'>εὑρισκόμενον</span> <span class='ocrx_word' id='word_1_688' title='bbox 1192 5065 1286 5118; x_wconf 88' lang='grc' dir='ltr'><strong>τοῦ</strong></span> <span class='ocrx_word' id='word_1_689' title='bbox 1315 5065 1626 5134; x_wconf 87' lang='grc' dir='ltr'>λογιστικοῦ</span> <span class='ocrx_word' id='word_1_690' title='bbox 1666 5071 1946 5143; x_wconf 85' lang='grc' dir='ltr'>πολλάκις,</span> 
     </span>
    </p>
   </div>
   <div class='ocr_carea' id='block_1_100' title="bbox 373 5143 1946 5232">
    <p class='ocr_par' dir='ltr' id='par_1_100' title="bbox 373 5143 1946 5232">
     <span class='ocr_line' id='line_1_100' title="bbox 373 5143 1946 5232; baseline 0.015 -35"><span class='ocrx_word' id='word_1_691' title='bbox 373 5143 407 5214; x_wconf 76' lang='grc' dir='ltr'><strong>ἢ</strong></span> <span class='ocrx_word' id='word_1_692' title='bbox 435 5145 528 5200; x_wconf 86' lang='grc' dir='ltr'><strong>τοῦ</strong></span> <span class='ocrx_word' id='word_1_693' title='bbox 559 5145 974 5232; x_wconf 31' lang='grc' dir='ltr'>ἐπιθυμητικοῦ.</span> <span class='ocrx_word' id='word_1_694' title='bbox 999 5154 1128 5225; x_wconf 74' lang='grc' dir='ltr'>πρὸς</span> <span class='ocrx_word' id='word_1_695' title='bbox 1161 5155 1260 5226; x_wconf 82' lang='grc' dir='ltr'>τὴν</span> <span class='ocrx_word' id='word_1_696' title='bbox 1284 5157 1378 5211; x_wconf 84' lang='grc' dir='ltr'><strong>τοῦ</strong></span> <span class='ocrx_word' id='word_1_697' title='bbox 1417 5159 1665 5215; x_wconf 77' lang='grc' dir='ltr'>διαϐόλου</span> <span class='ocrx_word' id='word_1_698' title='bbox 1711 5165 1805 5218; x_wconf 75' lang='grc' dir='ltr'><strong>καὶ</strong></span> <span class='ocrx_word' id='word_1_699' title='bbox 1837 5165 1946 5222; x_wconf 88' lang='grc' dir='ltr'><strong>τῶν</strong></span> 
     </span>
    </p>
   </div>
   <div class='ocr_carea' id='block_1_101' title="bbox 371 5235 1947 5326">
    <p class='ocr_par' dir='ltr' id='par_1_101' title="bbox 371 5235 1947 5326">
     <span class='ocr_line' id='line_1_101' title="bbox 371 5235 1947 5326; baseline 0.014 -36"><span class='ocrx_word' id='word_1_700' title='bbox 371 5235 548 5307; x_wconf 78' lang='grc' dir='ltr'>ἔργων</span> <span class='ocrx_word' id='word_1_701' title='bbox 577 5241 741 5295; x_wconf 82' lang='grc' dir='ltr'>αὐτοῦ</span> <span class='ocrx_word' id='word_1_702' title='bbox 773 5246 1093 5316; x_wconf 63' lang='grc' dir='ltr'>κινουμένην</span> <span class='ocrx_word' id='word_1_703' title='bbox 1125 5249 1316 5318; x_wconf 81' lang='grc' dir='ltr'>ὀργὴν,</span> <span class='ocrx_word' id='word_1_704' title='bbox 1360 5249 1391 5320; x_wconf 81' lang='grc' dir='ltr'>ἢ</span> <span class='ocrx_word' id='word_1_705' title='bbox 1428 5253 1576 5322; x_wconf 73' lang='grc' dir='ltr'>παρὰ</span> <span class='ocrx_word' id='word_1_706' title='bbox 1607 5255 1702 5308; x_wconf 89' lang='grc' dir='ltr'><strong>τοῦ</strong></span> <span class='ocrx_word' id='word_1_707' title='bbox 1737 5256 1947 5326; x_wconf 75' lang='grc' dir='ltr'>λογιζο-</span> 
     </span>
    </p>
   </div>
   <div class='ocr_carea' id='block_1_102' title="bbox 376 5327 1944 5416">
    <p class='ocr_par' dir='ltr' id='par_1_102' title="bbox 376 5327 1944 5416">
     <span class='ocr_line' id='line_1_102' title="bbox 376 5327 1944 5416; baseline 0.017 -38"><span class='ocrx_word' id='word_1_708' title='bbox 376 5327 538 5395; x_wconf 74' lang='grc' dir='ltr'>μένου</span> <span class='ocrx_word' id='word_1_709' title='bbox 583 5332 644 5386; x_wconf 81' lang='grc' dir='ltr'>τὸ</span> <span class='ocrx_word' id='word_1_710' title='bbox 683 5337 952 5404; x_wconf 89' lang='grc' dir='ltr'>κρεῖττον,</span> <span class='ocrx_word' id='word_1_711' title='bbox 982 5339 1015 5408; x_wconf 82' lang='grc' dir='ltr'><strong>ἢ</strong></span> <span class='ocrx_word' id='word_1_712' title='bbox 1047 5339 1200 5410; x_wconf 71' lang='grc' dir='ltr'>παρὰ</span> <span class='ocrx_word' id='word_1_713' title='bbox 1247 5341 1342 5394; x_wconf 84' lang='grc' dir='ltr'><strong>τοῦ</strong></span> <span class='ocrx_word' id='word_1_714' title='bbox 1395 5343 1794 5416; x_wconf 79' lang='grc' dir='ltr'>ἐπιθυμοῦντος</span> <span class='ocrx_word' id='word_1_715' title='bbox 1834 5348 1944 5404; x_wconf 81' lang='grc' dir='ltr'><strong>τῶν</strong></span> 
     </span>
    </p>
   </div>
   <div class='ocr_carea' id='block_1_103' title="bbox 370 5419 1940 5512">
    <p class='ocr_par' dir='ltr' id='par_1_103' title="bbox 370 5419 1940 5512">
     <span class='ocr_line' id='line_1_103' title="bbox 370 5419 1940 5512; baseline 0.015 -41"><span class='ocrx_word' id='word_1_716' title='bbox 370 5419 691 5490; x_wconf 77' lang='grc' dir='ltr'>ἀμεινόνων.</span> <span class='ocrx_word' id='word_1_717' title='bbox 725 5426 848 5480; x_wconf 88' lang='grc' dir='ltr'>Τῶν</span> <span class='ocrx_word' id='word_1_718' title='bbox 879 5427 934 5481; x_wconf 79' lang='grc' dir='ltr'>δὲ</span> <span class='ocrx_word' id='word_1_719' title='bbox 981 5429 1143 5504; x_wconf 83' lang='grc' dir='ltr'>τριῶν</span> <span class='ocrx_word' id='word_1_720' title='bbox 1202 5435 1408 5487; x_wconf 84' lang='grc' dir='ltr'>τούτων</span> <span class='ocrx_word' id='word_1_721' title='bbox 1459 5436 1558 5512; x_wconf 78' lang='grc' dir='ltr'>τὴν</span> <span class='ocrx_word' id='word_1_722' title='bbox 1619 5441 1940 5510; x_wconf 78' lang='grc' dir='ltr'>συμφωνίαν</span> 
     </span>
    </p>
   </div>
   <div class='ocr_carea' id='block_1_104' title="bbox 442 5565 1946 5664">
    <p class='ocr_par' dir='ltr' id='par_1_104' title="bbox 442 5565 1946 5664">
     <span class='ocr_line' id='line_1_104' title="bbox 442 5565 1946 5664; baseline 0.013 -30"><span class='ocrx_word' id='word_1_723' title='bbox 442 5580 554 5664; x_wconf 67' lang='grc'><strong>(84)</strong></span> <span class='ocrx_word' id='word_1_724' title='bbox 596 5581 694 5664; x_wconf 76' lang='lat' dir='ltr'><strong>Hic</strong></span> <span class='ocrx_word' id='word_1_725' title='bbox 742 5602 873 5664; x_wconf 73' lang='lat' dir='ltr'><strong>vero</strong></span> <span class='ocrx_word' id='word_1_726' title='bbox 917 5565 1284 5662; x_wconf 77' lang='lat' dir='ltr'><strong>Olympiodori</strong></span> <span class='ocrx_word' id='word_1_727' title='bbox 1333 5597 1713 5653; x_wconf 82' lang='lat' dir='ltr'><strong>auctoritatem</strong></span> <span class='ocrx_word' id='word_1_728' title='bbox 1750 5609 1816 5662; x_wconf 79' lang='lat' dir='ltr'><strong>et</strong></span> <span class='ocrx_word' id='word_1_729' title='bbox 1851 5601 1946 5655; x_wconf 81' lang='lat' dir='ltr'><strong>dn-</strong></span> 
     </span>
    </p>
   </div>
   <div class='ocr_carea' id='block_1_105' title="bbox 2053 4522 3637 4604">
    <p class='ocr_par' dir='ltr' id='par_1_105' title="bbox 2053 4522 3637 4604">
     <span class='ocr_line' id='line_1_105' title="bbox 2053 4522 3637 4604; baseline 0.004 -21"><span class='ocrx_word' id='word_1_730' title='bbox 2053 4529 2364 4599; x_wconf 87' lang='lat' dir='ltr'><strong>perdiderit.</strong></span> <span class='ocrx_word' id='word_1_731' title='bbox 2398 4530 2688 4586; x_wconf 89' lang='lat' dir='ltr'><strong>Enimvero</strong></span> <span class='ocrx_word' id='word_1_732' title='bbox 2725 4549 2828 4588; x_wconf 92' lang='lat' dir='ltr'><strong>con</strong></span> <span class='ocrx_word' id='word_1_733' title='bbox 2843 4522 3107 4589; x_wconf 76' lang='lat' dir='ltr'><strong>side-ratio</strong></span> <span class='ocrx_word' id='word_1_734' title='bbox 3134 4535 3449 4604; x_wconf 82' lang='lat' dir='ltr'><strong>hujusnmdi</strong></span> <span class='ocrx_word' id='word_1_735' title='bbox 3483 4535 3534 4590; x_wconf 86' lang='lat' dir='ltr'><strong>in</strong></span> <span class='ocrx_word' id='word_1_736' title='bbox 3568 4537 3637 4591; x_wconf 83' lang='lat' dir='ltr'><strong>iis</strong></span> 
     </span>
    </p>
   </div>
   <div class='ocr_carea' id='block_1_106' title="bbox 2051 4605 3632 4694">
    <p class='ocr_par' dir='ltr' id='par_1_106' title="bbox 2051 4605 3632 4694">
     <span class='ocr_line' id='line_1_106' title="bbox 2051 4605 3632 4694; baseline 0.006 -21"><span class='ocrx_word' id='word_1_737' title='bbox 2051 4635 2271 4692; x_wconf 87' lang='lat' dir='ltr'><strong>quoque</strong></span> <span class='ocrx_word' id='word_1_738' title='bbox 2293 4605 2474 4676; x_wconf 84' lang='lat' dir='ltr'><strong>locum</strong></span> <span class='ocrx_word' id='word_1_739' title='bbox 2503 4622 2722 4686; x_wconf 88' lang='lat' dir='ltr'><strong>habeat,</strong></span> <span class='ocrx_word' id='word_1_740' title='bbox 2748 4639 2870 4694; x_wconf 73' lang='lat' dir='ltr'><strong>qua:</strong></span> <span class='ocrx_word' id='word_1_741' title='bbox 2897 4625 2964 4678; x_wconf 90' lang='lat' dir='ltr'><strong>de</strong></span> <span class='ocrx_word' id='word_1_742' title='bbox 2987 4625 3322 4681; x_wconf 88' lang='lat' dir='ltr'><strong>dormitione</strong></span> <span class='ocrx_word' id='word_1_743' title='bbox 3345 4627 3632 4683; x_wconf 86' lang='lat' dir='ltr'><strong>amborum</strong></span> 
     </span>
    </p>
   </div>
   <div class='ocr_carea' id='block_1_107' title="bbox 2049 4713 3632 4782">
    <p class='ocr_par' dir='ltr' id='par_1_107' title="bbox 2049 4713 3632 4782">
     <span class='ocr_line' id='line_1_107' title="bbox 2049 4713 3632 4782; baseline 0.004 -16"><span class='ocrx_word' id='word_1_744' title='bbox 2049 4721 2103 4766; x_wconf 89' lang='lat' dir='ltr'><strong>et</strong></span> <span class='ocrx_word' id='word_1_745' title='bbox 2157 4713 2321 4766; x_wconf 88' lang='lat' dir='ltr'><strong>unius</strong></span> <span class='ocrx_word' id='word_1_746' title='bbox 2365 4713 2576 4782; x_wconf 88' lang='lat' dir='ltr'><strong>prolata</strong></span> <span class='ocrx_word' id='word_1_747' title='bbox 2612 4725 2762 4768; x_wconf 90' lang='lat' dir='ltr'><strong>sunt.</strong></span> <span class='ocrx_word' id='word_1_748' title='bbox 2798 4715 2952 4780; x_wconf 82' lang='lat' dir='ltr'><strong>Quod</strong></span> <span class='ocrx_word' id='word_1_749' title='bbox 2999 4726 3180 4770; x_wconf 91' lang='lat' dir='ltr'><strong>autem</strong></span> <span class='ocrx_word' id='word_1_750' title='bbox 3219 4717 3365 4772; x_wconf 89' lang='lat' dir='ltr'><strong>dicat</strong></span> <span class='ocrx_word' id='word_1_751' title='bbox 3401 4739 3412 4772; x_wconf 85' lang='lat'><strong>:</strong></span> <span class='ocrx_word' id='word_1_752' title='bbox 3444 4737 3462 4769; x_wconf 81' lang='grc' dir='ltr'><strong>ι</strong></span> <span class='ocrx_word' id='word_1_753' title='bbox 3493 4717 3558 4772; x_wconf 84' lang='grc' dir='ltr'>Ει</span> <span class='ocrx_word' id='word_1_754' title='bbox 3587 4721 3632 4774; x_wconf 87' lang='lat' dir='ltr'><strong>si</strong></span> 
     </span>
    </p>
   </div>
   <div class='ocr_carea' id='block_1_108' title="bbox 2049 4803 3634 4876">
    <p class='ocr_par' dir='ltr' id='par_1_108' title="bbox 2049 4803 3634 4876">
     <span class='ocr_line' id='line_1_108' title="bbox 2049 4803 3634 4876; baseline 0.006 -20"><span class='ocrx_word' id='word_1_755' title='bbox 2049 4803 2341 4856; x_wconf 80' lang='lat' dir='ltr'><strong>invaluerit</strong></span> <span class='ocrx_word' id='word_1_756' title='bbox 2388 4819 2550 4868; x_wconf 88' lang='lat' dir='ltr'><strong>unus,</strong></span> <span class='ocrx_word' id='word_1_757' title='bbox 2584 4805 2694 4859; x_wconf 90' lang='lat' dir='ltr'><strong>duo</strong></span> <span class='ocrx_word' id='word_1_758' title='bbox 2738 4807 2961 4862; x_wconf 88' lang='lat' dir='ltr'><strong>stabunt</strong></span> <span class='ocrx_word' id='word_1_759' title='bbox 2992 4809 3252 4864; x_wconf 81' lang='lat' dir='ltr'><strong>adversus</strong></span> <span class='ocrx_word' id='word_1_760' title='bbox 3278 4825 3402 4865; x_wconf 88' lang='lat' dir='ltr'><strong>cum</strong></span> <span class='ocrx_word' id='word_1_761' title='bbox 3423 4852 3438 4876; x_wconf 91' lang='lat'><strong>,</strong></span> <span class='ocrx_word' id='word_1_762' title='bbox 3471 4832 3490 4864; x_wconf 83' lang='grc'><strong>›</strong></span> <span class='ocrx_word' id='word_1_763' title='bbox 3530 4814 3634 4866; x_wconf 78' lang='lat' dir='ltr'><strong>ira-</strong></span> 
     </span>
    </p>
   </div>
   <div class='ocr_carea' id='block_1_109' title="bbox 2053 4891 3634 4970">
    <p class='ocr_par' dir='ltr' id='par_1_109' title="bbox 2053 4891 3634 4970">
     <span class='ocr_line' id='line_1_109' title="bbox 2053 4891 3634 4970; baseline 0.006 -24"><span class='ocrx_word' id='word_1_764' title='bbox 2053 4891 2318 4946; x_wconf 70' lang='lat' dir='ltr'><strong>scentiam</strong></span> <span class='ocrx_word' id='word_1_765' title='bbox 2348 4908 2567 4962; x_wconf 86' lang='lat' dir='ltr'><strong>quoque</strong></span> <span class='ocrx_word' id='word_1_766' title='bbox 2611 4903 2870 4963; x_wconf 84' lang='lat' dir='ltr'><strong>tanquam</strong></span> <span class='ocrx_word' id='word_1_767' title='bbox 2901 4897 3100 4952; x_wconf 76' lang='lat' dir='ltr'><strong>anima:</strong></span> <span class='ocrx_word' id='word_1_768' title='bbox 3135 4911 3348 4968; x_wconf 90' lang='lat' dir='ltr'><strong>partem</strong></span> <span class='ocrx_word' id='word_1_769' title='bbox 3391 4899 3634 4970; x_wconf 83' lang='lat' dir='ltr'><strong>introdu-</strong></span> 
     </span>
    </p>
   </div>
   <div class='ocr_carea' id='block_1_110' title="bbox 2051 4985 3632 5058">
    <p class='ocr_par' dir='ltr' id='par_1_110' title="bbox 2051 4985 3632 5058">
     <span class='ocr_line' id='line_1_110' title="bbox 2051 4985 3632 5058; baseline 0.004 -19"><span class='ocrx_word' id='word_1_770' title='bbox 2051 4985 2143 5050; x_wconf 89' lang='lat' dir='ltr'><strong>cit,</strong></span> <span class='ocrx_word' id='word_1_771' title='bbox 2175 4999 2298 5052; x_wconf 73' lang='lat' dir='ltr'><strong>qua:</strong></span> <span class='ocrx_word' id='word_1_772' title='bbox 2325 4997 2467 5053; x_wconf 63' lang='lat' dir='ltr'><strong>saepe</strong></span> <span class='ocrx_word' id='word_1_773' title='bbox 2495 4985 2696 5040; x_wconf 89' lang='lat' dir='ltr'><strong>rationi</strong></span> <span class='ocrx_word' id='word_1_774' title='bbox 2723 4986 2807 5041; x_wconf 87' lang='lat' dir='ltr'><strong>vel</strong></span> <span class='ocrx_word' id='word_1_775' title='bbox 2839 4989 3107 5058; x_wconf 89' lang='lat' dir='ltr'><strong>appetitui</strong></span> <span class='ocrx_word' id='word_1_776' title='bbox 3148 4991 3354 5046; x_wconf 81' lang='lat' dir='ltr'><strong>auxilio</strong></span> <span class='ocrx_word' id='word_1_777' title='bbox 3377 4992 3528 5046; x_wconf 85' lang='lat' dir='ltr'><strong>venit</strong></span> <span class='ocrx_word' id='word_1_778' title='bbox 3563 4991 3632 5045; x_wconf 85' lang='lat' dir='ltr'><strong>ad</strong></span> 
     </span>
    </p>
   </div>
   <div class='ocr_carea' id='block_1_111' title="bbox 2047 5071 3628 5150">
    <p class='ocr_par' dir='ltr' id='par_1_111' title="bbox 2047 5071 3628 5150">
     <span class='ocr_line' id='line_1_111' title="bbox 2047 5071 3628 5150; baseline 0.004 -22"><span class='ocrx_word' id='word_1_779' title='bbox 2047 5074 2185 5129; x_wconf 89' lang='lat' dir='ltr'><strong>iram</strong></span> <span class='ocrx_word' id='word_1_780' title='bbox 2215 5074 2482 5131; x_wconf 86' lang='lat' dir='ltr'><strong>adversus</strong></span> <span class='ocrx_word' id='word_1_781' title='bbox 2511 5074 2791 5150; x_wconf 86' lang='lat' dir='ltr'><strong>diabolum</strong></span> <span class='ocrx_word' id='word_1_782' title='bbox 2833 5078 3064 5149; x_wconf 88' lang='lat' dir='ltr'><strong>ejusque</strong></span> <span class='ocrx_word' id='word_1_783' title='bbox 3113 5089 3290 5150; x_wconf 71' lang='lat' dir='ltr'><strong>empta</strong></span> <span class='ocrx_word' id='word_1_784' title='bbox 3327 5071 3628 5140; x_wconf 85' lang='lat' dir='ltr'><strong>incitatam,</strong></span> 
     </span>
    </p>
   </div>
   <div class='ocr_carea' id='block_1_112' title="bbox 2045 5168 3626 5242">
    <p class='ocr_par' dir='ltr' id='par_1_112' title="bbox 2045 5168 3626 5242">
     <span class='ocr_line' id='line_1_112' title="bbox 2045 5168 3626 5242; baseline -0.001 -18"><span class='ocrx_word' id='word_1_785' title='bbox 2045 5169 2162 5224; x_wconf 88' lang='lat' dir='ltr'><strong>sive</strong></span> <span class='ocrx_word' id='word_1_786' title='bbox 2198 5168 2345 5238; x_wconf 84' lang='lat' dir='ltr'><strong>quis,</strong></span> <span class='ocrx_word' id='word_1_787' title='bbox 2402 5168 2534 5237; x_wconf 86' lang='lat' dir='ltr'><strong>quid</strong></span> <span class='ocrx_word' id='word_1_788' title='bbox 2571 5172 2922 5238; x_wconf 80' lang='lat' dir='ltr'><strong>praestantius</strong></span> <span class='ocrx_word' id='word_1_789' title='bbox 2967 5173 3038 5226; x_wconf 88' lang='lat' dir='ltr'><strong>sit</strong></span> <span class='ocrx_word' id='word_1_790' title='bbox 3109 5177 3334 5242; x_wconf 79' lang='lat' dir='ltr'><strong>cogitet,</strong></span> <span class='ocrx_word' id='word_1_791' title='bbox 3387 5172 3502 5228; x_wconf 87' lang='lat' dir='ltr'><strong>sive</strong></span> <span class='ocrx_word' id='word_1_792' title='bbox 3541 5186 3626 5233; x_wconf 84' lang='lat' dir='ltr'><strong>ea,</strong></span> 
     </span>
    </p>
   </div>
   <div class='ocr_carea' id='block_1_113' title="bbox 2043 5261 3626 5331">
    <p class='ocr_par' dir='ltr' id='par_1_113' title="bbox 2043 5261 3626 5331">
     <span class='ocr_line' id='line_1_113' title="bbox 2043 5261 3626 5331; baseline 0.001 -18"><span class='ocrx_word' id='word_1_793' title='bbox 2043 5276 2165 5331; x_wconf 72' lang='lat' dir='ltr'><strong>quae</strong></span> <span class='ocrx_word' id='word_1_794' title='bbox 2188 5261 2396 5330; x_wconf 84' lang='lat' dir='ltr'><strong>putiora</strong></span> <span class='ocrx_word' id='word_1_795' title='bbox 2422 5269 2576 5324; x_wconf 86' lang='lat' dir='ltr'><strong>sunt,</strong></span> <span class='ocrx_word' id='word_1_796' title='bbox 2607 5264 2984 5330; x_wconf 88' lang='lat' dir='ltr'><strong>concupiscat.</strong></span> <span class='ocrx_word' id='word_1_797' title='bbox 3016 5263 3220 5320; x_wconf 79' lang='lat' dir='ltr'><strong>Harum</strong></span> <span class='ocrx_word' id='word_1_798' title='bbox 3247 5276 3430 5320; x_wconf 88' lang='lat' dir='ltr'><strong>autem</strong></span> <span class='ocrx_word' id='word_1_799' title='bbox 3463 5263 3626 5316; x_wconf 87' lang='lat' dir='ltr'><strong>trium</strong></span> 
     </span>
    </p>
   </div>
   <div class='ocr_carea' id='block_1_114' title="bbox 2045 5341 3624 5425">
    <p class='ocr_par' dir='ltr' id='par_1_114' title="bbox 2045 5341 3624 5425">
     <span class='ocr_line' id='line_1_114' title="bbox 2045 5341 3624 5425; baseline -0.001 -20"><span class='ocrx_word' id='word_1_800' title='bbox 2045 5353 2206 5420; x_wconf 81' lang='lat' dir='ltr'><strong>veluti</strong></span> <span class='ocrx_word' id='word_1_801' title='bbox 2255 5351 2454 5406; x_wconf 66' lang='lat' dir='ltr'><strong>anima:</strong></span> <span class='ocrx_word' id='word_1_802' title='bbox 2481 5351 2718 5420; x_wconf 87' lang='lat' dir='ltr'><strong>partium</strong></span> <span class='ocrx_word' id='word_1_803' title='bbox 2759 5355 2921 5425; x_wconf 77' lang='lat'><strong>120</strong></span> <span class='ocrx_word' id='word_1_804' title='bbox 2944 5341 3240 5409; x_wconf 70' lang='lat' dir='ltr'><strong>concordia</strong></span> <span class='ocrx_word' id='word_1_805' title='bbox 3279 5360 3330 5406; x_wconf 77' lang='lat' dir='ltr'><strong>et</strong></span> <span class='ocrx_word' id='word_1_806' title='bbox 3382 5351 3624 5405; x_wconf 80' lang='lat' dir='ltr'><strong>funiculo</strong></span> 
     </span>
    </p>
   </div>
   <div class='ocr_carea' id='block_1_115' title="bbox 2048 5443 3628 5530">
    <p class='ocr_par' dir='ltr' id='par_1_115' title="bbox 2048 5443 3628 5530">
     <span class='ocr_line' id='line_1_115' title="bbox 2048 5443 3628 5530; baseline 0.001 -32"><span class='ocrx_word' id='word_1_807' title='bbox 2048 5443 2248 5514; x_wconf 82' lang='lat' dir='ltr'><strong>triplici</strong></span> <span class='ocrx_word' id='word_1_808' title='bbox 2291 5443 2632 5530; x_wconf 70' lang='lat' dir='ltr'><strong>designatur,</strong></span> <span class='ocrx_word' id='word_1_809' title='bbox 2683 5447 2776 5516; x_wconf 91' lang='lat' dir='ltr'><strong>qui</strong></span> <span class='ocrx_word' id='word_1_810' title='bbox 2813 5445 3028 5502; x_wconf 83' lang='lat' dir='ltr'><strong>diﬂicile</strong></span> <span class='ocrx_word' id='word_1_811' title='bbox 3075 5445 3392 5515; x_wconf 87' lang='lat' dir='ltr'><strong>rumpitur:</strong></span> <span class='ocrx_word' id='word_1_812' title='bbox 3427 5445 3628 5514; x_wconf 82' lang='lat' dir='ltr'><strong>quippe</strong></span> 
     </span>
    </p>
   </div>
   <div class='ocr_carea' id='block_1_116' title="bbox 2041 5600 3622 5674">
    <p class='ocr_par' dir='ltr' id='par_1_116' title="bbox 2041 5600 3622 5674">
     <span class='ocr_line' id='line_1_116' title="bbox 2041 5600 3622 5674; baseline 0.001 -19"><span class='ocrx_word' id='word_1_813' title='bbox 2041 5600 2176 5674; x_wconf 83' lang='lat' dir='ltr'><strong>tium</strong></span> <span class='ocrx_word' id='word_1_814' title='bbox 2206 5603 2504 5658; x_wconf 84' lang='lat' dir='ltr'><strong>concordia</strong></span> <span class='ocrx_word' id='word_1_815' title='bbox 2555 5605 2666 5674; x_wconf 89' lang='lat' dir='ltr'><strong>ipse</strong></span> <span class='ocrx_word' id='word_1_816' title='bbox 2703 5602 3019 5674; x_wconf 64' lang='lat' dir='ltr'><strong>etianrliijri</strong></span> <span class='ocrx_word' id='word_1_817' title='bbox 3066 5601 3164 5674; x_wconf 89' lang='lat' dir='ltr'><strong>ait,</strong></span> <span class='ocrx_word' id='word_1_818' title='bbox 3207 5611 3266 5656; x_wconf 88' lang='lat' dir='ltr'><strong>ut</strong></span> <span class='ocrx_word' id='word_1_819' title='bbox 3308 5603 3462 5674; x_wconf 70' lang='lat' dir='ltr'><strong>tertia</strong></span> <span class='ocrx_word' id='word_1_820' title='bbox 3491 5619 3622 5674; x_wconf 59' lang='lat' dir='ltr'><strong>suc»</strong></span> 
     </span>
    </p>
   </div>
   <div class='ocr_carea' id='block_1_117' title="bbox 371 5655 3642 5747">
    <p class='ocr_par' dir='ltr' id='par_1_117' title="bbox 371 5655 3642 5747">
     <span class='ocr_line' id='line_1_117' title="bbox 371 5655 3642 5747; baseline -0.001 -17"><span class='ocrx_word' id='word_1_821' title='bbox 371 5655 939 5747; x_wconf 57' lang='lat' dir='ltr'><strong>fﬁrjfjgljgcljtpculum</strong></span> <span class='ocrx_word' id='word_1_822' title='bbox 968 5655 1324 5747; x_wconf 63' lang='grc' dir='ltr'>ιῐηιιὶιοκοιιιτ,</span> <span class='ocrx_word' id='word_1_823' title='bbox 1361 5667 1450 5747; x_wconf 71' lang='lat' dir='ltr'><strong>qui</strong></span> <span class='ocrx_word' id='word_1_824' title='bbox 1480 5667 1602 5721; x_wconf 90' lang='lat' dir='ltr'><strong>aliis</strong></span> <span class='ocrx_word' id='word_1_825' title='bbox 1623 5658 1807 5747; x_wconf 71' lang='lat' dir='ltr'><strong>verbis</strong></span> <span class='ocrx_word' id='word_1_826' title='bbox 1829 5688 1944 5726; x_wconf 88' lang='lat' dir='ltr'><strong>rem</strong></span> <span class='ocrx_word' id='word_1_827' title='bbox 2036 5655 2663 5747; x_wconf 29' lang='lat' dir='ltr'><strong>curuliatévacmpenes&#39;</strong></span> <span class='ocrx_word' id='word_1_828' title='bbox 2695 5655 2933 5744; x_wconf 60' lang='grc' dir='ltr'><strong>ιζιὲἰὸὶὶέέ</strong></span> <span class='ocrx_word' id='word_1_829' title='bbox 2955 5672 3044 5728; x_wconf 87' lang='lat' dir='ltr'><strong>illa</strong></span> <span class='ocrx_word' id='word_1_830' title='bbox 3073 5655 3312 5728; x_wconf 71' lang='lat' dir='ltr'><strong>victoria</strong></span> <span class='ocrx_word' id='word_1_831' title='bbox 3353 5673 3422 5728; x_wconf 85' lang='lat' dir='ltr'><strong>sit</strong></span> <span class='ocrx_word' id='word_1_832' title='bbox 3442 5655 3642 5747; x_wconf 41' lang='lat' dir='ltr'><strong>(Ibid...</strong></span> 
     </span>
    </p>
   </div>
   <div class='ocr_carea' id='block_1_118' title="bbox 372 5721 1943 5812">
    <p class='ocr_par' dir='ltr' id='par_1_118' title="bbox 372 5721 1943 5812">
     <span class='ocr_line' id='line_1_118' title="bbox 372 5721 1943 5812; baseline 0.014 -37"><span class='ocrx_word' id='word_1_833' title='bbox 372 5721 620 5780; x_wconf 77' lang='lat' dir='ltr'><strong>eamdem</strong></span> <span class='ocrx_word' id='word_1_834' title='bbox 664 5721 1028 5804; x_wconf 74' lang='lat' dir='ltr'><strong>persequitur,</strong></span> <span class='ocrx_word' id='word_1_835' title='bbox 1057 5721 1230 5805; x_wconf 46' lang='lat' dir='ltr'><strong>Iatqtte</strong></span> <span class='ocrx_word' id='word_1_836' title='bbox 1273 5721 1576 5792; x_wconf 61' lang='lat' dir='ltr'><strong>editurum</strong></span> <span class='ocrx_word' id='word_1_837' title='bbox 1628 5721 1800 5810; x_wconf 68' lang='lat' dir='ltr'><strong>quasi</strong></span> 
     </span>
    </p>
   </div>
   <div class='ocr_carea' id='block_1_119' title="bbox 2037 5743 2344 5814">
    <p class='ocr_par' dir='ltr' id='par_1_119' title="bbox 2037 5743 2344 5814">
     <span class='ocr_line' id='line_1_119' title="bbox 2037 5743 2344 5814; baseline 0.007 -18"><span class='ocrx_word' id='word_1_838' title='bbox 2037 5757 2087 5811; x_wconf 86' lang='lat' dir='ltr'><strong>p.</strong></span> <span class='ocrx_word' id='word_1_839' title='bbox 2122 5743 2225 5798; x_wconf 73' lang='lat'><strong>650</strong></span> <span class='ocrx_word' id='word_1_840' title='bbox 2259 5745 2344 5814; x_wconf 72' lang='grc' dir='ltr'><strong>ε).</strong></span> 
     </span>
    </p>
   </div>
  </div>
