3860 6196
195 223 296 284 $53

1265 226 1344 285 IV
1393 227 1974 294 ECCLESIASTEN.
2018 261 2085 270 --
2133 236 2279 296 LIB.
2322 239 2389 298 V.

3333 239 3436 307 954

197 340 332 391 πᾶσι
363 337 478 400 τοῖς
511 334 876 406 κεκτημένοις
905 334 1055 406 ἔχειν
1087 335 1184 404 τῆς
1204 337 1460 406 ἀνδρείας
1497 338 1599 408 τὴν
1640 339 1774 393 καύν

1891 345 2038 402 nodo
2063 355 2227 418 atque
2258 349 2535 406 fructuum
2578 352 2792 422 copiam
2840 352 3018 409 oculis
3044 353 3160 409 suis
3189 367 3437 410 contem-

197 445 380 498 χησιν,
409 429 470 480 ἐν
503 427 584 497 τῷ
615 429 776 496 μόνον
801 427 1021 496 δέρκειν
1073 430 1184 490 τοῖς
1239 427 1538 499 ὀφθαλμοῖς
1591 431 1773 484 αὐτῶν

197 519 259 571 τὺ
289 517 497 586 πλῆθος
529 517 627 570 τοῦ
658 516 925 587 ἀργυρίου
961 517 1058 570 καὶ
1084 515 1177 569 τοῦ
1211 519 1559 588 γεννήματος
1579 535 1593 550 ·
1615 521 1775 574 τοῦτο

198 606 307 678 γὰρ
332 607 603 676 ἐδήλωσεν
628 604 801 657 εἰπών
822 621 836 634 ·
865 621 885 655 ι
914 605 1024 658 Καὶ
1053 605 1140 667 τίς
1163 604 1388 676 ἀνδρεία
1415 607 1553 676 παρ’
1579 606 1772 674 αὐτῆς,

196 699 282 752 ὅτι
311 697 430 750 ἀλλ’
461 695 579 766 ἦτὸ
609 697 744 766 όρᾷν
772 693 1076 764 ὀφθαλμοῖς
1109 694 1316 761 αὐτοῦς
1355 713 1374 747 ι

269 781 472 852 Τὴν-δὲ
513 781 770 850 τοιαύτην
833 780 1062 852 ἐκδοχὴν
1119 783 1466 852 παρεμπεδοϊ
1519 781 1662 837 κατὰ
1715 782 1776 836 τὸ

202 869 408 939 μᾶλλον
433 870 461 921 ό
489 869 790 939 Σύμμαχος
835 867 1030 934 είπὼν,
1061 887 1080 920 ι
1113 869 1178 921 Τί
1221 867 1332 939 γὰρ
1379 868 1775 940 ἀνδραγάθημα

198 958 279 1028 τῷ
308 958 488 1028 ἔχοντι
515 958 704 1024 αὐτὸν,
727 960 778 1012 εί
805 957 880 1029 μὴ
909 959 1072 1028 μόνον
1103 957 1312 1030 θεωρία
1357 957 1658 1028 ὀφθαλμῶν
1681 961 1776 1013 αὑ·

198 1049 348 1114 τῶνς
376 1048 478 1120 τὴν
507 1051 574 1103 ἐκ
599 1048 696 1102 τοῦ
722 1049 792 1103 τὰ
833 1048 1060 1102 τοιαῦτα
1117 1047 1338 1119 βλέπειν
1381 1049 1578 1120 τέρψιν
1631 1049 1776 1120 ἔχειν

198 1138 452 1209 οἰόμενος
477 1139 560 1202 είς
586 1139 858 1209 καύχησιν
886 1137 984 1191 καὶ
1011 1138 1365 1210 παράκλησιν
1389 1141 1492 1210 τῆς
1511 1140 1775 1210 ἀνηλεοῦς

196 1229 381 1302 ψυχῆς
419 1229 588 1284 αὐτοῦ
613 1229 707 1284 καὶ
735 1227 1000 1298 φειδωλοῦ
1038 1228 1266 1301 καρδίας
1285 1245 1300 1260 ο
1337 1231 1458 1284 ἐκεῖ
1485 1229 1579 1283 καὶ
1611 1230 1776 1299 μδνος

198 1322 599 1394 εὑρισκόμενος
624 1319 768 1392 ἔχων
798 1321 897 1391 τὴν
923 1319 1205 1392 ἀσχολίαν.
1249 1321 1384 1375 ὅπου
1413 1319 1777 1391 τῶν-χρημάο

196 1431 324 1469 των·
345 1415 444 1468 καὶ
472 1413 581 1468 τῶν
608 1414 971 1484 γεννημάτων
1000 1412 1151 1466 ἐστὶν
1181 1413 1212 1466 ό
1241 1413 1516 1484 θησαυρὸς
1547 1413 1778 1468 ἀποκεί-

202 1521 391 1575 μενος,
422 1504 498 1569 ὡς
526 1504 663 1576 μηδὲ
701 1503 988 1559 καθεύδειν
1019 1503 1192 1575 χωρὶς
1227 1503 1555 1574 ἀδολεσχίας.
1569 1504 1660 1558 τὸν
1688 1505 1778 1559 λο-

198 1597 408 1667 γισμὸν
424 1598 519 1650 καὶ
543 1595 828 1667 μοχθηρᾶς
851 1596 1126 1666 μερίμνης
1143 1611 1158 1624 ο
1184 1595 1367 1659 καθὼς
1390 1599 1446 1650 ἐν
1467 1599 1578 1658 τοῖς
1601 1597 1775 1665 Εὐαγ-

1874 436 2108 504 plcntur.
2147 441 2200 494 Id
2225 443 2372 496 enim
2396 443 2638 500 ostendit
2657 445 2987 512 subiiciens:
3026 463 3046 498 ι
3079 443 3143 500 Ει
3172 461 3294 516 qua:
3323 445 3436 500 ior-

1876 523 2050 669 titud:
2081 529 2152 594 ei,
2177 531 2270 600 qui
2304 531 2374 586 ab
2402 533 2506 586 ea?
2537 549 2667 589 num
2721 533 2828 590 alia
2859 550 3023 605 quam
3062 537 3244 592 videre
3262 537 3436 592 oculis

1876 629 1990 669 suis
2070 637 2090 669 ι

1873 629 1990 669 Silis
2015 629 2037 669 ἶ
2070 637 2090 670 ι

1945 791 2128 849 Talem
2177 812 2306 852 vero
2353 799 2858 870 interpretationem
2910 801 3085 872 magis
3119 799 3440 869 comprobat

1877 881 2264 955 Symmachus,
2290 889 2383 959 qui
2414 891 2516 944 ait:
2561 909 2580 940 ι
2626 889 2844 960 Ecquod
2883 889 3029 945 enim
3059 890 3278 944 virtutis
3310 904 3436 958 spe-

1873 975 2050 1030 cimen
2083 977 2136 1032 in
2166 993 2252 1041 eo.
2276 981 2369 1049 qui
2400 981 2500 1036 ista
2528 981 2790 1051 possidet,
2827 990 3188 1050 praeterquam
3215 990 3274 1034 ut
3309 995 3440 1035 ocu-

1874 1065 1943 1120 lis
1979 1067 2095 1122 suis
2131 1070 2373 1138 spectet?
2408 1090 2426 1122 ι
2465 1072 2600 1126 Cum
2655 1073 2701 1128 is
2765 1073 2892 1127 talia
2947 1072 3244 1141 spectando
3299 1073 3440 1125 hanc

1875 1151 1979 1206 sibi
2011 1163 2254 1222 paratam
2321 1157 2648 1226 voluptatem
2689 1169 2857 1226 putet,
2889 1167 2948 1213 ut
2999 1159 3218 1229 gloriari
3251 1175 3436 1215 secum

1875 1246 1930 1292 et
1979 1239 2242 1296 immitem
2277 1245 2520 1298 animqu
2551 1262 2713 1300 suum
2765 1262 3102 1316 avaruznque
3157 1247 3437 1318 ingenium

1875 1343 2126 1386 recreare
2153 1333 2367 1402 possit:
2399 1335 2655 1404 idemque
2705 1337 3122 1406 occupationem
3168 1352 3436 1407 nusquam

1876 1419 2077 1502 habere
2106 1421 2377 1488 videatur,
2399 1423 2500 1478 nisi
2527 1425 2618 1480 ubi
2647 1426 2916 1494 sepositus
2939 1436 3021 1480 est
3043 1441 3205 1495 opum
3243 1433 3297 1480 et
3319 1441 3442 1494 pro-

1879 1522 2134 1568 ventuum
2185 1513 2476 1571 thesaurus
2533 1524 2591 1570 ut
2640 1532 2708 1570 ne
2769 1531 2864 1586 per
2921 1532 3173 1572 somnum
3221 1518 3440 1586 quidem

1879 1604 2159 1673 quiescere
2224 1620 2378 1660 mens
2400 1607 2574 1674 possit
2607 1607 2726 1661 sine
2775 1607 3146 1664 sollicitudine
3191 1602 3443 1678 malaque

198 1689 408 1758 γελίοις
433 1685 795 1757 κατήγγειλεν
825 1688 854 1740 ό
885 1685 1093 1758 Κύριος
1125 1687 1306 1756 φήσας
1334 1703 1347 1717 ·
1379 1705 1399 1739 ι
1441 1687 1616 1740 Ὅπου
1667 1687 1778 1760 γὰρ

1891 1708 2006 1746 :ura
2031 1711 2046 1759 ;
2077 1695 2532 1764 quemadmodum
2560 1697 2612 1750 in
2640 1698 2948 1768 Evangeliis
2979 1697 3243 1755 Dominus
3265 1715 3443 1754 enun-

202 1775 484 1847 θησαυρὸς
509 1776 686 1843 ὑμῶν.
723 1777 844 1828 ἐκεῖ
890 1773 1046 1828 ἔσται
1093 1775 1189 1828 καὶ
1217 1777 1251 1845 ή
1303 1775 1502 1846 καρδία
1545 1776 1717 1845 ὑμῶν.
1761 1795 1780 1828 ι

203 1865 308 1920 Διά
337 1865 500 1918 τοῦτό
531 1882 700 1936 φησιν
747 1866 777 1918 ὁ
813 1863 1252 1933 Ἑκκλησιαστής
1281 1883 1294 1894 ·
1327 1883 1346 1916 ι
1388 1865 1499 1917 Καί
1531 1881 1592 1932 γε
1622 1865 1784 1920 τοῦτο

208 1957 556 2026 ματαιότης’
597 1973 618 2008 ι
650 1955 752 2024 τὴν
793 1953 1051 2025 ἀνόνητον
1095 1953 1338 2008 διάθεσιν
1379 1955 1475 2008 καὶ
1508 1955 1784 2024 μηδεμίαν

203 2047 548 2103 λυσιτέλειαν
600 2045 830 2118 ἔχουσαν
876 2047 1251 2118 παρεμφήνας
1289 2045 1380 2101 διὰ
1419 2047 1520 2116 τῆς
1553 2047 1782 2115 ματαιό-

203 2149 390 2212 τητος.
426 2137 564 2194 Εἶτά
593 2157 760 2212 φησιν
779 2156 795 2172 ⁶

1876 1782 2052 1848 tiavit,
2085 1801 2208 1840 cum
2233 1784 2406 1840 dixit:
2443 1806 2460 1838 ι
2503 1786 2606 1842 Ubi
2639 1788 2786 1845 enim
2813 1789 3103 1845 thesaurus
3132 1799 3331 1855 vester,
3367 1789 3441 1844 ibi
3471 1816 3476 1825 ι

1875 1883 1929 1928 et
1951 1889 2046 1928 cor
2074 1885 2309 1930 vestrum
2329 1877 2433 1930 erit
2454 1877 2522 1930 ¹⁷.
2551 1895 2570 1929 ι
2590 1877 2884 1948 Propterea
2910 1879 2987 1934 ait
3045 1878 3436 1934 Ecclesiastes:

1882 1984 1901 2016 ι
1939 1965 2044 2020 Sed
2072 1976 2126 2020 et
2163 1967 2266 2022 hoc
2292 1973 2540 2034 vanitas;
2579 1987 2600 2020 ι
2651 1969 2866 2024 inanem
2904 1969 3172 2039 ejusmodi
3207 1985 3442 2040 propen-

1876 2053 2082 2108 sionem
2113 2065 2169 2110 et
2203 2057 2382 2111 omnis
2413 2059 2659 2114 utilitatis
2696 2050 2852 2130 15.3
2887 2069 3161 2129 expertem
3211 2061 3447 2131 appella-

1872 2144 2021 2198 tione
2056 2147 2654 2237 vanitatis'designans.
2691 2151 2856 2205 Addit
2884 2150 3081 2205 deinde
3115 2169 3129 2206 :

1773 2253 1801 2326 §
1841 2255 1904 2340 ιιΓ

281 2369 528 2436 Γλυκὺς
546 2369 740 2435 ὕπνος
783 2368 892 2422 τοῦ
943 2365 1196 2431 δούλου,
1229 2369 1282 2421 ει
1331 2369 1564 2438 ὀλίγον,
1597 2371 1695 2425 καί
1731 2375 1787 2426 εί

206 2461 374 2517 πολὺ
415 2461 663 2529 φάγεται
687 2477 702 2492 ο
731 2457 831 2512 καί
858 2455 940 2522 τῷ
975 2457 1388 2526 ἐμπλησθέντι
1433 2460 1542 2515 τοῦ
1595 2465 1787 2516 πλου-

207 2549 394 2618 τῆσαι
420 2592 434 2614 ,
479 2553 592 2604 οὐκ
634 2549 806 2604 ἔστιν
871 2550 906 2602 ὁ
950 2547 1146 2615 ἀερίων
1189 2547 1378 2603 αὐτὸν
1425 2549 1534 2604 τοῦ
1585 2550 1788 2604 ὑπνῶ-

215 2655 351 2696 (nu.

297 2733 606 2802 Ἐξελέγχει
640 2733 735 2786 καὶ
763 2731 860 2786 νῦν
894 2728 1072 2797 αὖθις,
1106 2733 1198 2787 διὰ
1225 2733 1326 2802 τῆς
1369 2731 1668 2803 όνομασὲας
1688 2731 1784 2786 τοῦ

207 2824 407 2878 δούλου
431 2825 527 2876 καὶ
557 2826 658 2894 τῆς
685 2823 1047 2894 συγκρίσεως,
1070 2823 1178 2877 τῶν
1209 2821 1554 2891 ἀγαπώντων
1589 2823 1650 2875 τὸ
1681 2824 1783 2892 ἀρ-

213 2914 409 2986 γύριον
429 2913 527 2968 καὶ
566 2914 629 2968 τὸ
667 2914 916 2984 γέννημα
972 2913 1092 2967 κατ’
1122 2913 1422 2983 ἐπιθυμίαν
1464 2912 1786 2981 ἀκόρεστον,

214 3008 316 3063 καὶ
340 3007 431 3062 διὰ
460 3005 620 3060 τοῦτο
651 3005 919 3078 μηδαμῶς
948 3004 1380 3076 ἐμφορουμένων
1403 3018 1418 3033 ·
1445 3002 1522 3065 ὼς
1547 3001 1641 3055 τοῦ
1668 3001 1788 3054 δού-

211 3101 334 3164 λου,
363 3096 466 3152 κᾶν
493 3093 666 3166 βραχύ
696 3112 751 3148 τι
776 3093 920 3166 λάϐῃ
953 3094 1186 3166 τροφῆς,
1231 3093 1334 3146 κᾶν
1363 3094 1444 3155 είς
1472 3091 1790 3164 πλησμονὴν

212 3187 363 3241 κατά
395 3203 520 3240 τινα
575 3185 872 3256 σύμϐασιν,
901 3185 1060 3256 ἡδέος
1105 3185 1260 3246 ὄντος
1315 3183 1409 3236 τοῦ
1445 3183 1617 3236 ὕπνου
1642 3199 1656 3214 ·
1693 3183 1789 3238 ἆτε

213 3277 280 3351 δὴ
313 3278 502 3349 πάσης
555 3273 874 3345 ἀδολεσχίας
923 3273 1344 3344 ἀπηλλαγμένου
1386 3273 1482 3326 καὶ
1527 3277 1790 3345 περιττῆς

217 3369 524 3440 φροντίδος.
551 3367 627 3421 Οὐ
657 3368 766 3438 γὰρ
803 3367 884 3430 είς
927 3365 1054 3428 τοὺς
1083 3363 1551 3434 ἐναποκειμένους
1589 3366 1647 3419 ἐν
1677 3363 1790 3428 τοῖς

215 3457 495 3530 ταμιείοις
521 3455 619 3510 τοῦ
646 3455 909 3527 ἀργυρίου
961 3457 1057 3508 καὶ
1084 3452 1180 3508 τοῦ
1212 3453 1438 3524 χρυσίου
1484 3453 1790 3523 θησαυροὺς

217 3551 314 3606 καὶ
351 3548 464 3602 τῶν
518 3547 696 3604 ἄλλων
741 3547 850 3600 τῶν
899 3545 1196 3599 πολυειδῶν
1217 3549 1466 3615 κτήσεων
1487 3547 1588 3614 τὴν
1625 3547 1791 3596 ποσό-

215 3659 360 3714 τητα
388 3639 485 3694 καὶ
511 3639 722 3710 πληθὺν
749 3637 1066 3699 ἀποϐλέπει,
1092 3637 1178 3690 ἴνα
1201 3635 1644 3705 συμπιεξομένην
1669 3637 1790 3688 ἐπι-

219 3732 526 3803 φερόμενος
553 3730 656 3800 τὴν
705 3729 932 3800 καρδίαν
969 3728 1092 3790 ταῖς
1137 3728 1416 3788 τοιαύταις
1463 3726 1791 3794 ἐνθυμήσεςι

219 3825 316 3878 καὶ
347 3822 663 3893 μερίμναις,
691 3818 984 3888 ἐναγιῦνιός
1015 3821 1154 3881 ἐστι.
1185 3818 1283 3872 καὶ
1323 3816 1419 3870 τοῦ
1449 3815 1617 3871 ὕπνου
1645 3833 1785 3867 παν-

159 3960 166 3966 .
217 3913 390 3976 τελῶς
422 3911 826 3982 ἀπαράδεκτος,
869 3909 948 3978 τῷ
983 3907 1224 3978 πλουσίῳ
1261 3905 1694 3977 παραπλησίως,
1733 3903 1793 3956 ὃν

220 4001 621 4074 χαρακτηρίζει
649 3999 744 4078 xei.
760 3997 927 4053 Δασὶδ
955 3999 983 4052 ὁ
1012 3999 1303 4068 προφήτης
1337 3993 1505 4050 εἰπών
1537 4011 1550 4026 ο
1580 4013 1598 4045 ι
1641 3993 1796 4046 Ἡδο-

219 4093 484 4164 λέσχησα,
518 4090 610 4144 καὶ
638 4087 1018 4158 ὠλιγοψύχησε
1051 4087 1112 4139 τὸ
1143 4084 1362 4155 πνεῦμά
1407 4101 1530 4154 μου,
1555 4093 1794 4152 προκατ-

219 4183 478 4237 ε’λάὁοντο
535 4179 778 4249 φύλακας
813 4179 863 4232 οι
900 4177 1170 4248 ὀφθαλμοί
1224 4193 1349 4246 μου.
1383 4194 1402 4228 ι
1436 4176 1545 4228 Καὶ
1582 4174 1745 4228 πάλιν
1777 4192 1790 4204 ·

1954 2375 2120 2434 Vens.
2155 2379 2242 2434 i2.
2272 2379 2453 2436 Dulcis
2475 2396 2689 2437 somnus
2715 2384 2869 2450 servi,
2894 2384 3000 2438 sive
3020 2383 3312 2454 paululum,
3341 2385 3448 2440 sive

1882 2468 2109 2522 multum
2153 2473 2477 2527 comederit:
2507 2483 2556 2528 et
2592 2477 2660 2540 ei,
2711 2476 2800 2546 qui
2850 2485 3124 2530 saturatas
3189 2486 3266 2530 est
3315 2476 3449 2532 dite-

1879 2558 2091 2624 scendo,
2121 2576 2224 2616 non
2255 2573 2330 2616 est
2363 2566 2454 2634 qui
2479 2565 2617 2620 sinat
2653 2566 2825 2635 ipsum
2850 2569 3082 2620 domnre
3112 2567 3248 2638 (‘25).

1955 2742 2110 2798 Nunc
2136 2759 2352 2815 quoque
2377 2748 2516 2800 servi
2549 2748 2769 2802 nomine
2786 2757 2838 2802 et
2862 2748 3270 2814 comparatione
3295 2763 3448 2814 usus,

1888 2835 2232 2904 reprehendit
2294 2851 2514 2891 rursum
2562 2839 2656 2907 qui
2687 2840 2982 2908 cupiditate
3012 2838 3322 2910 inexplebili
3357 2854 3452 2908 pc-

1815 2959 1858 3017 C
1889 2927 2106 2981 cuniam
2173 2935 2226 2980 et
2291 2925 2504 2982 fructus
2567 2939 2774 2991 amant,
2812 2937 2974 2999 atque
3003 2931 3140 2983 adeo
3168 2944 3446 2998 nunquam

1889 3016 2196 3072 satiantur:
2237 3032 2359 3072 eum
2412 3033 2636 3082 servus,
2671 3020 2785 3074 site
2837 3019 3030 3089 raptim
3085 3019 3190 3075 cibi
3251 3019 3451 3090 aliquid

1888 3107 2202 3177 sumpserit,
2238 3106 2351 3162 sive
2393 3111 2718 3180 quandoque
2757 3108 2824 3164 ad
2879 3111 3204 3176 satietatem,
3245 3110 3455 3180 placide

1888 3201 2114 3254 omnino
2141 3200 2400 3264 dormiat,
2429 3203 2627 3271 quippe.
2657 3200 2749 3269 qui
2786 3201 3156 3256 sollicitudine
3201 3203 3350 3257 omni
3391 3219 3457 3258 ac

1889 3289 2162 3356 superﬂua
2198 3305 2326 3344 cura
2364 3291 2435 3344 sit
2462 3291 2614 3345 liber.
2663 3289 2853 3356 Neque
2897 3291 3060 3350 enim.
3081 3292 3351 3360 repositos
3399 3293 3454 3345 in

1889 3377 2244 3432 conclavibus
2283 3377 2494 3448 argenti
2549 3390 2712 3448 atque
2738 3377 2862 3432 auri
2898 3378 3184 3434 thesauros
3215 3388 3269 3432 et
3297 3389 3460 3434 caete-

1889 3481 2074 3520 rorum
2109 3467 2243 3521 varii
2303 3468 2518 3538 generis
2547 3467 2816 3522 bonorum
2858 3468 2962 3522 vim
2999 3483 3254 3538 magnam
3285 3478 3339 3523 et
3362 3484 3458 3524 co-

1891 3557 2034 3627 piam
2068 3567 2268 3623 tuetur,
2294 3560 2452 3629 cujus
2482 3557 2556 3612 rei
2590 3573 2753 3612 causa
2785 3559 3028 3612 animum
3074 3568 3226 3630 gerat
3254 3559 3462 3628 cogita-

1891 3649 2133 3704 tionibus
2183 3650 2491 3718 hujusmodi
2523 3659 2690 3720 atrpie
2737 3649 2891 3705 curis
2919 3664 3242 3720 Oppressum
3261 3692 3276 3716 ,
3306 3661 3360 3706 et
3388 3651 3459 3705 ob

1891 3739 2294 3792 contentionem
2350 3754 2602 3792 somnum
2655 3753 2855 3808 capere
2902 3739 3108 3792 nullum
3147 3739 3341 3808 possit,
3377 3740 3460 3792 di-

1893 3827 1986 3881 viti
2025 3828 2098 3881 illi
2121 3827 2339 3891 similis,
2377 3843 2538 3896 quem
2585 3835 2639 3882 et
2677 3828 2842 3882 David
2878 3828 3139 3897 propheta
3180 3828 3458 3892 describit,

1895 3919 1985 3974 ubi
2015 3919 2126 3974 ait:
2155 3938 2174 3970 ι
2205 3919 2544 3973 Exercitatus
2568 3934 2714 3982 sum,
2733 3927 2788 3972 et
2803 3919 3000 3973 defecit
3022 3919 3248 3988 spiritus
3272 3933 3457 3974 mens:

1879 4010 2326 4080 “anticipavernn't
2385 4009 2595 4079 vigilias
2655 4008 2800 4062 oculi
2854 4008 2942 4063 nei
2969 4009 3036 4062 “.
3075 4027 3094 4060 ι
3127 4010 3185 4062 Ει
3215 4009 3456 4062 iterum:
3539 4066 3551 4074 κ

1900 4121 1919 4154 ‹
1957 4101 2124 4155 Nocte
2154 4116 2277 4156 cum
2303 4099 2464 4156 corde
2491 4114 2612 4154 meo
2624 4097 2961 4162 ‘exercebar,
2985 4109 3041 4153 et
3060 4097 3330 4166 fodiebant
3349 4099 3460 4168 spi-

1899 4193 2062 4248 ritum
2090 4208 2271 4248 meum
2297 4194 2338 4225 ¹⁹
2356 4192 2561 4257 ςυειιτῖε
2587 4191 2990 4260 circumseptus
3018 4206 3200 4246 rerum
3217 4191 3466 4259 omnige-

227 4293 246 4326 ι
286 4271 506 4336 Νυκτὸς
541 4273 680 4356 μετά
731 4267 834 4341 τῆς
861 4268 1088 4340 καρδίας
1150 4285 1252 4339 μου
1304 4266 1670 4337 ὴδολέσχουν,
1703 4265 1786 4319 xui

1901 4301 2119 4350 narum,
2159 4299 2299 4354 quas
2351 4299 2548 4354 magna
2577 4283 2843 4337 varietate
2867 4283 3140 4352 sepositas
3175 4281 3460 4336 habebam.

221 4364 482 4419 ἐσκαλλον
517 4362 580 4416 τὸ
603 4362 822 4433 πνεῦμά
853 4377 980 4432 μου,
1026 4379 1046 4412 ι
1080 4361 1201 4424 ταῖς
1251 4359 1380 4430 περὶ
1431 4358 1537 4411 τῶν
1565 4359 1792 4412 ἀποκει·

224 4455 405 4528 μένων
432 4444 788 4510 παντοδαπῶν
810 4451 905 4504 καὶ
939 4449 1202 4504 ποικίλων
1227 4449 1382 4502 εἱδῶν
1421 4447 1672 4518 φροντίσι
1701 4464 1800 4502 πε-

224 4546 694 4620 ριστοιχούμενος.
727 4542 902 4597 Τοῦτο
933 4541 1043 4613 γὰρ
1085 4541 1328 4610 ἐσήμαινε
1384 4539 1478 4594 καὶ
1513 4537 1608 4592 νῦν
1644 4539 1672 4591 ὁ
1705 4555 1795 4592 σο-

225 4641 326 4709 φὸς
363 4632 801 4707 Ἐκκλησιαστὴς
840 4633 1044 4686 εἰπών·
1082 4650 1101 4684 ι
1140 4631 1250 4685 Καὶ
1297 4631 1376 4701 τῷ
1424 4629 1798 4701 ἐμπλησθέντι

225 4731 320 4784 τοῦ
341 4729 648 4799 πλουτῆσαι
669 4724 770 4780 οὐκ
789 4723 904 4779 ἐστι
929 4725 957 4778 ό
976 4722 1152 4792 ἀφίων
1169 4721 1332 4776 αὐτὸν
1354 4720 1450 4774 τοῦ
1475 4719 1742 4774 ὑπνῶσαι.
1773 4739 1792 4773 ι

1897 4379 2014 4432 Hoc
2032 4380 2178 4432 enim
2211 4375 2533 4444 signiﬁcavit
2563 4390 2706 4430 nulic
2735 4375 2900 4429 etiam
2938 4375 3154 4443 sapiens
3191 4372 3465 4428 Ecclesia-

1895 4481 2008 4526 stes
2053 4469 2160 4524 illis
2191 4468 2403 4523 verbis:
2433 4485 2452 4518 ι
2494 4467 2560 4521 Ει
2590 4467 2664 4530 ei,
2718 4465 2812 4536 qui
2859 4472 3138 4520 saturatus
3189 4472 3275 4520 est
3318 4465 3463 4517 dite-

1897 4561 2124 4625 scendo,
2175 4575 2282 4614 non
2313 4568 2398 4614 est
2426 4566 2517 4628 qut
2551 4559 2697 4615 sinat
2727 4559 2904 4627 ipsum
2937 4556 3193 4611 dormire.
3225 4573 3245 4606 ι
3283 4554 3466 4608 Animi

1901 4665 2135 4722 namque
2161 4649 2597 4710 exercitationes,
2633 4658 2688 4703 et
2730 4647 3143 4702 meditationum
3193 4660 3338 4700 cura:
3368 4646 3468 4700 mi-

1901 4743 2044 4796 nime
2110 4739 2432 4810 patiuntur,
2499 4747 2558 4792 ut
2609 4752 2844 4802 somno,
2905 4745 3168 4806 quantum
3221 4742 3470 4803 oporteat

237 4820 302 4872 Ἡ
331 4819 444 4888 γὰρ
469 4817 571 4885 τῆς
596 4814 830 4886 καρδίας
845 4811 1134 4881 ἀδολεσχία
1160 4811 1258 4864 καὶ
1289 4808 1399 4862 τῶν
1429 4807 1786 4879 διαλογισμῶι

1897 4841 1952 4886 et
2003 4807 2166 4896 velit,
2228 4829 2525 4900 indulgeat.
2595 4825 2776 4894 Quare
2857 4827 3154 4882 deteriores
3211 4825 3268 4880 hi
3319 4836 3470 4892 sunt,

228 4912 285 4966 αἱ
311 4906 596 4981 φροντίδες
621 4906 680 4959 οὐ
739 4901 1116 4975 συγχωροῦσιν
1145 4901 1312 4954 αὑτὸν
1344 4899 1632 4954 καθεύδειν
1663 4899 1806 4970 μετά

227 5003 325 5072 τῆς
354 4995 677 5076 πρεπούσης
712 4993 1046 5064 ἐλευθερίας.
1078 4993 1242 5045 Ὥστε
1287 4991 1492 5060 μᾶλλον
1535 4989 1644 5044 τῶν
1692 4989 1807 5042 δού-

229 5090 336 5144 λων
358 5091 410 5142 oi
434 5086 668 5141 τοιοῦτοι
709 5085 1033 5156 θητεύοντες
1062 5082 1322 5154 εὕρηνται
1364 5083 1458 5133 καὶ
1483 5079 1698 5152 χείρους
1724 5078 1808 5132 δν-

230 5197 322 5244 τες
346 5179 594 5234 ἐκείνων.

302 5333 554 5390 "Matth.
585 5333 770 5397 vt,2l.
805 5330 847 5363 "
887 5328 1027 5386 Psal.
1066 5345 1253 5390 LxxVI,
1289 5327 1338 5380 5.
1377 5332 1382 5338 '
1421 5327 1462 5358 ¹⁹
1493 5326 1626 5380 ibid.
1668 5325 1720 5380 7.

326 5445 416 5512 25)
446 5441 662 5514 Qlymp.
696 5442 726 5494 ό
755 5441 951 5514 ἀφιεὶςΔ
987 5438 1364 5514 τοῦ-ὑπνῶσ-αι
1397 5437 1582 5514 αὐτόν.

324 5508 414 5582 36)
459 5508 640 5567 Utitur
671 5508 858 5566 eodem
911 5509 1430 5582 Ecclesiastaedicto
1478 5508 1798 5576 Cbrysosto-

241 5577 506 5649 mus,'scd
525 5583 591 5635 ad
621 5582 968 5635 sobrietatem
997 5577 1503 5649 commendandam,
1533 5587 1694 5649 atque
1733 5583 1794 5628 ut

243 5645 434 5717 divites
469 5651 640 5706 sertis
689 5651 1002 5704 mis:riurcs
1035 5647 1302 5712 ostendat,
1330 5646 1529 5717 quibus
1555 5645 1780 5708 scnlicet.

1901 4937 2063 4993 quam
2094 4921 2237 4976 servi
2273 4919 2415 4992 ipsi,
2438 4929 2494 4978 et
2543 4919 2860 4978 servitutem
2907 4918 3156 4975 serviunt
3215 4915 3472 4974 miserio-

1903 5028 2020 5068 rem
2051 5011 2162 5084 (26)
2174 5052 2186 5060 .

1899 5434 2025 5504 quia
2057 5431 2292 5504 modum
2310 5431 2366 5484 in
2417 5427 2726 5504 rebusnon
2764 5430 3003 5483 servant,
3039 5420 3157 5504 ipsa
3204 5416 3472 5504 ⁸ὴξιξιιιιὲιιιιι

2043 5485 2329 5558 οοιηίιιιοὰει
2355 5499 2486 5554 nulli
2527 5497 2924 5568 oblectamento
2950 5485 3098 5568 sunt.
3129 5485 3304 5568 dta‘ei
3334 5485 3464 5552 γὰρ,

1900 5557 2167 5642 εἰπέ-μοι,
2198 5571 2293 5642 καὶ
2325 5567 2761 5642 ὁ-Σολομῲνιτὸν
2801 5557 3102 5642 ὕπνονὶτοῦι
3135 5557 3470 5642 δούλουλφηο

1892 5623 2296 5713 ’ἡδύν
2321 5657 2334 5706 ;
2366 5635 2474 5710 ἆρα
2499 5623 2584 5690 διὰ
2611 5636 2709 5705 τὴν
2738 5629 3024 5702 στρωμνὴν
3052 5625 3150 5697 τὴν
3180 5623 3395 5690 ἁπαλήν
3419 5639 3436 5684 ς
