  <div class='ocr_page' id='page_1' title='image "/cluster/home/n/w/nwhite01/storage/ocr_20150623/98/hvd.32044073502148/484.png"; bbox 0 0 3860 6196; ppageno 0'>
   <div class='ocr_carea' id='block_1_1' title="bbox 225 238 332 305">
    <p class='ocr_par' dir='ltr' id='par_1_1' title="bbox 225 238 332 305">
     <span class='ocr_line' id='line_1_1' title="bbox 225 238 332 305; baseline 0.028 -3"><span class='ocrx_word' id='word_1_1' title='bbox 225 238 332 305; x_wconf 75' lang='lat'><strong>957</strong></span> 
     </span>
    </p>
   </div>
   <div class='ocr_carea' id='block_1_2' title="bbox 1294 249 2382 313">
    <p class='ocr_par' dir='ltr' id='par_1_2' title="bbox 1294 249 2382 313">
     <span class='ocr_line' id='line_1_2' title="bbox 1294 249 2382 313; baseline 0.005 -6"><span class='ocrx_word' id='word_1_2' title='bbox 1294 249 1374 308; x_wconf 87' lang='lat' dir='ltr'><strong>IN</strong></span> <span class='ocrx_word' id='word_1_3' title='bbox 1408 249 1990 311; x_wconf 80' lang='lat' dir='ltr'><strong>ECCLESIASTEN.</strong></span> <span class='ocrx_word' id='word_1_4' title='bbox 2030 277 2100 287; x_wconf 92' lang='lat'>-</span> <span class='ocrx_word' id='word_1_5' title='bbox 2134 254 2282 313; x_wconf 90' lang='lat' dir='ltr'><strong>LlB.</strong></span> <span class='ocrx_word' id='word_1_6' title='bbox 2315 255 2382 312; x_wconf 88' lang='lat' dir='ltr'><strong>V.</strong></span> 
     </span>
    </p>
   </div>
   <div class='ocr_carea' id='block_1_3' title="bbox 3369 247 3475 312">
    <p class='ocr_par' dir='ltr' id='par_1_3' title="bbox 3369 247 3475 312">
     <span class='ocr_line' id='line_1_3' title="bbox 3369 247 3475 312; baseline 0 0"><span class='ocrx_word' id='word_1_7' title='bbox 3369 247 3475 312; x_wconf 75' lang='lat'><strong>958</strong></span> 
     </span>
    </p>
   </div>
   <div class='ocr_carea' id='block_1_4' title="bbox 228 325 1828 428">
    <p class='ocr_par' dir='ltr' id='par_1_4' title="bbox 228 346 1828 426">
     <span class='ocr_line' id='line_1_4' title="bbox 228 346 1828 426; baseline 0.004 -22"><span class='ocrx_word' id='word_1_8' title='bbox 228 365 385 413; x_wconf 79' lang='grc' dir='ltr'>νετο,</span> <span class='ocrx_word' id='word_1_9' title='bbox 421 346 608 414; x_wconf 76' lang='grc' dir='ltr'>οὕτως</span> <span class='ocrx_word' id='word_1_10' title='bbox 638 348 734 401; x_wconf 75' lang='grc' dir='ltr'>καὶ</span> <span class='ocrx_word' id='word_1_11' title='bbox 763 350 1218 416; x_wconf 74' lang='grc' dir='ltr'>παρελεύσεται.</span> <span class='ocrx_word' id='word_1_12' title='bbox 1250 357 1356 409; x_wconf 74' lang='grc' dir='ltr'><strong>Καὶ</strong></span> <span class='ocrx_word' id='word_1_13' title='bbox 1397 359 1486 423; x_wconf 79' lang='grc' dir='ltr'><strong>τίς</strong></span> <span class='ocrx_word' id='word_1_14' title='bbox 1531 357 1570 425; x_wconf 75' lang='grc' dir='ltr'>ἡ</span> <span class='ocrx_word' id='word_1_15' title='bbox 1604 371 1828 426; x_wconf 81' lang='grc' dir='ltr'>περισ-·</span> 
     </span>
    </p>
   </div>
   <div class='ocr_carea' id='block_1_5' title="bbox 1933 325 3479 428">
    <p class='ocr_par' dir='ltr' id='par_1_5' title="bbox 1933 356 3479 428">
     <span class='ocr_line' id='line_1_5' title="bbox 1933 356 3479 428; baseline 0.001 -18"><span class='ocrx_word' id='word_1_16' title='bbox 1933 374 1996 412; x_wconf 72' lang='lat' dir='ltr'><strong>res</strong></span> <span class='ocrx_word' id='word_1_17' title='bbox 2019 359 2127 416; x_wconf 77' lang='lat' dir='ltr'><strong>dies</strong></span> <span class='ocrx_word' id='word_1_18' title='bbox 2151 359 2265 428; x_wconf 76' lang='lat' dir='ltr'><strong>ejus</strong></span> <span class='ocrx_word' id='word_1_19' title='bbox 2290 361 2343 413; x_wconf 86' lang='lat' dir='ltr'><strong>in</strong></span> <span class='ocrx_word' id='word_1_20' title='bbox 2369 360 2592 414; x_wconf 73' lang='lat' dir='ltr'><strong>tenebris</strong></span> <span class='ocrx_word' id='word_1_21' title='bbox 2614 369 2662 414; x_wconf 84' lang='lat' dir='ltr'><strong>et</strong></span> <span class='ocrx_word' id='word_1_22' title='bbox 2695 360 2747 414; x_wconf 85' lang='lat' dir='ltr'><strong>in</strong></span> <span class='ocrx_word' id='word_1_23' title='bbox 2769 359 2914 414; x_wconf 82' lang='lat' dir='ltr'><strong>luctu</strong></span> <span class='ocrx_word' id='word_1_24' title='bbox 2934 369 2980 412; x_wconf 87' lang='lat' dir='ltr'><strong>et</strong></span> <span class='ocrx_word' id='word_1_25' title='bbox 3005 356 3282 412; x_wconf 81' lang='lat' dir='ltr'><strong>irarundia</strong></span> <span class='ocrx_word' id='word_1_26' title='bbox 3311 359 3479 411; x_wconf 76' lang='lat' dir='ltr'><strong>multa</strong></span> 
     </span>
    </p>
   </div>
   <div class='ocr_carea' id='block_1_6' title="bbox 227 435 1828 526">
    <p class='ocr_par' dir='ltr' id='par_1_6' title="bbox 227 435 1808 520">
     <span class='ocr_line' id='line_1_6' title="bbox 227 435 1808 520; baseline 0.005 -26"><span class='ocrx_word' id='word_1_27' title='bbox 227 442 365 501; x_wconf 77' lang='grc' dir='ltr'>σεια</span> <span class='ocrx_word' id='word_1_28' title='bbox 391 440 601 504; x_wconf 81' lang='grc' dir='ltr'>αὐτοῦ,</span> <span class='ocrx_word' id='word_1_29' title='bbox 628 435 669 512; x_wconf 76' lang='grc' dir='ltr'><em>ᾗ</em></span> <span class='ocrx_word' id='word_1_30' title='bbox 701 443 919 511; x_wconf 82' lang='grc' dir='ltr'>μοχθεῖ</span> <span class='ocrx_word' id='word_1_31' title='bbox 955 447 1042 510; x_wconf 79' lang='grc' dir='ltr'>εὶς</span> <span class='ocrx_word' id='word_1_32' title='bbox 1083 445 1342 517; x_wconf 57' lang='lat' dir='ltr'><strong>(fragor;</strong></span> <span class='ocrx_word' id='word_1_33' title='bbox 1376 451 1478 503; x_wconf 79' lang='grc' dir='ltr'><strong>καί</strong></span> <span class='ocrx_word' id='word_1_34' title='bbox 1515 440 1581 520; x_wconf 58' lang='grc' dir='ltr'><strong>*χέε</strong></span> <span class='ocrx_word' id='word_1_35' title='bbox 1616 449 1808 504; x_wconf 82' lang='grc' dir='ltr'>πᾶσαι</span> 
     </span>
    </p>
   </div>
   <div class='ocr_carea' id='block_1_7' title="bbox 1933 435 2713 526">
    <p class='ocr_par' dir='ltr' id='par_1_7' title="bbox 1933 453 2713 526">
     <span class='ocr_line' id='line_1_7' title="bbox 1933 453 2713 526; baseline 0.005 -20"><span class='ocrx_word' id='word_1_36' title='bbox 1933 463 1956 506; x_wconf 56' lang='lat' dir='ltr'><strong>‘t</strong></span> <span class='ocrx_word' id='word_1_37' title='bbox 1987 453 2240 524; x_wconf 81' lang='lat' dir='ltr'><strong><em>languore</em></strong></span> <span class='ocrx_word' id='word_1_38' title='bbox 2263 466 2312 510; x_wconf 83' lang='lat' dir='ltr'><strong>et</strong></span> <span class='ocrx_word' id='word_1_39' title='bbox 2339 455 2548 510; x_wconf 81' lang='lat' dir='ltr'><strong>insania</strong></span> <span class='ocrx_word' id='word_1_40' title='bbox 2579 453 2713 526; x_wconf 70' lang='lat'><strong>(27).</strong></span> 
     </span>
    </p>
   </div>
   <div class='ocr_carea' id='block_1_8' title="bbox 227 534 1810 609">
    <p class='ocr_par' dir='ltr' id='par_1_8' title="bbox 227 534 1810 609">
     <span class='ocr_line' id='line_1_8' title="bbox 227 534 1810 609; baseline 0.005 -22"><span class='ocrx_word' id='word_1_41' title='bbox 227 539 288 591; x_wconf 75' lang='grc' dir='ltr'><strong>αι</strong></span> <span class='ocrx_word' id='word_1_42' title='bbox 329 534 544 607; x_wconf 77' lang='grc' dir='ltr'><strong>ἡμέραι</strong></span> <span class='ocrx_word' id='word_1_43' title='bbox 577 535 765 589; x_wconf 84' lang='grc' dir='ltr'>αὐτοῦ</span> <span class='ocrx_word' id='word_1_44' title='bbox 793 535 862 588; x_wconf 80' lang='grc' dir='ltr'><strong>ὲν</strong></span> <span class='ocrx_word' id='word_1_45' title='bbox 901 537 1108 594; x_wconf 78' lang='grc' dir='ltr'><strong>σκότει</strong></span> <span class='ocrx_word' id='word_1_46' title='bbox 1137 539 1234 592; x_wconf 79' lang='grc' dir='ltr'>καὶ</span> <span class='ocrx_word' id='word_1_47' title='bbox 1272 540 1343 594; x_wconf 75' lang='grc' dir='ltr'>ἐν</span> <span class='ocrx_word' id='word_1_48' title='bbox 1379 541 1582 596; x_wconf 80' lang='grc' dir='ltr'>πένθει</span> <span class='ocrx_word' id='word_1_49' title='bbox 1615 541 1711 595; x_wconf 73' lang='grc' dir='ltr'><strong>καί</strong></span> <span class='ocrx_word' id='word_1_50' title='bbox 1740 539 1810 609; x_wconf 67' lang='grc' dir='ltr'>ἐν</span> 
     </span>
    </p>
   </div>
   <div class='ocr_carea' id='block_1_9' title="bbox 229 623 1480 699">
    <p class='ocr_par' dir='ltr' id='par_1_9' title="bbox 229 623 1480 699">
     <span class='ocr_line' id='line_1_9' title="bbox 229 623 1480 699; baseline 0.007 -22"><span class='ocrx_word' id='word_1_51' title='bbox 229 623 396 696; x_wconf 81' lang='grc' dir='ltr'>θυμῷ</span> <span class='ocrx_word' id='word_1_52' title='bbox 427 623 638 690; x_wconf 67' lang='grc' dir='ltr'>πολλῷ</span> <span class='ocrx_word' id='word_1_53' title='bbox 670 625 769 681; x_wconf 74' lang='grc' dir='ltr'><strong>καί</strong></span> <span class='ocrx_word' id='word_1_54' title='bbox 813 626 1111 694; x_wconf 79' lang='grc' dir='ltr'>ἀρῤωστίᾳ</span> <span class='ocrx_word' id='word_1_55' title='bbox 1145 629 1244 682; x_wconf 79' lang='grc' dir='ltr'>καὶ</span> <span class='ocrx_word' id='word_1_56' title='bbox 1295 633 1480 699; x_wconf 71' lang='grc' dir='ltr'>χόλῳ.</span> 
     </span>
    </p>
   </div>
   <div class='ocr_carea' id='block_1_10' title="bbox 299 715 1807 791">
    <p class='ocr_par' dir='ltr' id='par_1_10' title="bbox 299 715 1807 791">
     <span class='ocr_line' id='line_1_10' title="bbox 299 715 1807 791; baseline 0.002 -22"><span class='ocrx_word' id='word_1_57' title='bbox 299 717 414 787; x_wconf 80' lang='grc' dir='ltr'><strong>Τὴν</strong></span> <span class='ocrx_word' id='word_1_58' title='bbox 461 715 812 786; x_wconf 80' lang='grc' dir='ltr'><strong>ἀνθρωπίνην</strong></span> <span class='ocrx_word' id='word_1_59' title='bbox 854 721 1283 791; x_wconf 73' lang='grc' dir='ltr'><strong>παραφροσύνην</strong></span> <span class='ocrx_word' id='word_1_60' title='bbox 1331 722 1424 777; x_wconf 79' lang='grc' dir='ltr'>καὶ</span> <span class='ocrx_word' id='word_1_61' title='bbox 1465 721 1807 787; x_wconf 83' lang='grc' dir='ltr'>δυσϐουλίαν,</span> 
     </span>
    </p>
   </div>
   <div class='ocr_carea' id='block_1_11' title="bbox 230 800 1812 880">
    <p class='ocr_par' dir='ltr' id='par_1_11' title="bbox 230 800 1812 880">
     <span class='ocr_line' id='line_1_11' title="bbox 230 800 1812 880; baseline 0.004 -22"><span class='ocrx_word' id='word_1_62' title='bbox 230 803 298 858; x_wconf 79' lang='grc' dir='ltr'>δι’</span> <span class='ocrx_word' id='word_1_63' title='bbox 333 800 402 876; x_wconf 82' lang='grc' dir='ltr'><strong>ἧς</strong></span> <span class='ocrx_word' id='word_1_64' title='bbox 431 805 483 858; x_wconf 80' lang='grc' dir='ltr'>οἱ</span> <span class='ocrx_word' id='word_1_65' title='bbox 514 805 740 875; x_wconf 63' lang='grc' dir='ltr'>πλείους</span> <span class='ocrx_word' id='word_1_66' title='bbox 771 808 905 880; x_wconf 85' lang='grc' dir='ltr'>πρὸς</span> <span class='ocrx_word' id='word_1_67' title='bbox 933 806 970 863; x_wconf 73' lang='grc' dir='ltr'><strong>ἃ</strong></span> <span class='ocrx_word' id='word_1_68' title='bbox 999 806 1075 878; x_wconf 83' lang='grc' dir='ltr'>μὴ</span> <span class='ocrx_word' id='word_1_69' title='bbox 1111 807 1272 879; x_wconf 80' lang='grc' dir='ltr'><strong>θέμις</strong></span> <span class='ocrx_word' id='word_1_70' title='bbox 1305 813 1684 880; x_wconf 83' lang='grc' dir='ltr'>ἐκτρέπονται,</span> <span class='ocrx_word' id='word_1_71' title='bbox 1715 811 1812 864; x_wconf 80' lang='grc' dir='ltr'>καὶ</span> 
     </span>
    </p>
   </div>
   <div class='ocr_carea' id='block_1_12' title="bbox 236 890 1813 969">
    <p class='ocr_par' dir='ltr' id='par_1_12' title="bbox 236 890 1813 969">
     <span class='ocr_line' id='line_1_12' title="bbox 236 890 1813 969; baseline 0.005 -21"><span class='ocrx_word' id='word_1_72' title='bbox 236 897 473 967; x_wconf 79' lang='grc' dir='ltr'><strong>μόχθους</strong></span> <span class='ocrx_word' id='word_1_73' title='bbox 525 896 833 968; x_wconf 80' lang='grc' dir='ltr'>μοχθηροὺς</span> <span class='ocrx_word' id='word_1_74' title='bbox 880 899 1250 969; x_wconf 79' lang='grc' dir='ltr'>ἀναδέχονται,</span> <span class='ocrx_word' id='word_1_75' title='bbox 1305 903 1402 954; x_wconf 75' lang='grc' dir='ltr'>καὶ</span> <span class='ocrx_word' id='word_1_76' title='bbox 1435 890 1638 964; x_wconf 84' lang='grc' dir='ltr'>κόπους</span> <span class='ocrx_word' id='word_1_77' title='bbox 1683 903 1813 958; x_wconf 74' lang='grc' dir='ltr'>ἁνα-</span> 
     </span>
    </p>
   </div>
   <div class='ocr_carea' id='block_1_13' title="bbox 229 988 1812 1063">
    <p class='ocr_par' dir='ltr' id='par_1_13' title="bbox 229 988 1812 1063">
     <span class='ocr_line' id='line_1_13' title="bbox 229 988 1812 1063; baseline 0.004 -23"><span class='ocrx_word' id='word_1_78' title='bbox 229 988 402 1040; x_wconf 86' lang='grc' dir='ltr'>τλῶσι</span> <span class='ocrx_word' id='word_1_79' title='bbox 437 988 720 1052; x_wconf 82' lang='grc' dir='ltr'><strong>παντελῶς</strong></span> <span class='ocrx_word' id='word_1_80' title='bbox 749 991 1063 1059; x_wconf 78' lang='grc' dir='ltr'><strong>ἀνονήτους,</strong></span> <span class='ocrx_word' id='word_1_81' title='bbox 1093 991 1188 1051; x_wconf 81' lang='grc' dir='ltr'>καὶ</span> <span class='ocrx_word' id='word_1_82' title='bbox 1231 993 1599 1063; x_wconf 81' lang='grc' dir='ltr'>τληπαθοῦσιν</span> <span class='ocrx_word' id='word_1_83' title='bbox 1633 995 1812 1059; x_wconf 86' lang='grc' dir='ltr'>ἀσυμ-</span> 
     </span>
    </p>
   </div>
   <div class='ocr_carea' id='block_1_14' title="bbox 234 1077 1812 1150">
    <p class='ocr_par' dir='ltr' id='par_1_14' title="bbox 234 1077 1812 1150">
     <span class='ocr_line' id='line_1_14' title="bbox 234 1077 1812 1150; baseline 0.003 -20"><span class='ocrx_word' id='word_1_84' title='bbox 234 1077 420 1148; x_wconf 75' lang='grc' dir='ltr'>φόρως</span> <span class='ocrx_word' id='word_1_85' title='bbox 468 1078 562 1132; x_wconf 79' lang='grc' dir='ltr'>καὶ</span> <span class='ocrx_word' id='word_1_86' title='bbox 603 1079 875 1150; x_wconf 74' lang='grc' dir='ltr'><strong>περιττῶς</strong></span> <span class='ocrx_word' id='word_1_87' title='bbox 923 1079 1060 1150; x_wconf 77' lang='grc' dir='ltr'>πρὸς</span> <span class='ocrx_word' id='word_1_88' title='bbox 1113 1081 1368 1150; x_wconf 78' lang='grc' dir='ltr'>οὐδεμίαν</span> <span class='ocrx_word' id='word_1_89' title='bbox 1412 1082 1812 1144; x_wconf 84' lang='grc' dir='ltr'>ἀποϐλέποντες</span> 
     </span>
    </p>
   </div>
   <div class='ocr_carea' id='block_1_15' title="bbox 232 1169 1814 1244">
    <p class='ocr_par' dir='ltr' id='par_1_15' title="bbox 232 1169 1814 1244">
     <span class='ocr_line' id='line_1_15' title="bbox 232 1169 1814 1244; baseline 0.004 -23"><span class='ocrx_word' id='word_1_90' title='bbox 232 1169 596 1235; x_wconf 76' lang='grc' dir='ltr'><strong>λυσιτέλειαν,</strong></span> <span class='ocrx_word' id='word_1_91' title='bbox 631 1171 948 1241; x_wconf 68' lang='grc' dir='ltr'>ἀρρωστίαν</span> <span class='ocrx_word' id='word_1_92' title='bbox 995 1172 1116 1242; x_wconf 67' lang='grc' dir='ltr'>ἦτοι</span> <span class='ocrx_word' id='word_1_93' title='bbox 1149 1173 1303 1226; x_wconf 83' lang='grc' dir='ltr'>νόσον</span> <span class='ocrx_word' id='word_1_94' title='bbox 1330 1173 1510 1242; x_wconf 75' lang='grc' dir='ltr'>ψυχῆς</span> <span class='ocrx_word' id='word_1_95' title='bbox 1544 1173 1814 1244; x_wconf 82' lang='grc' dir='ltr'>προσαγό-</span> 
     </span>
    </p>
   </div>
   <div class='ocr_carea' id='block_1_16' title="bbox 235 1258 1815 1332">
    <p class='ocr_par' dir='ltr' id='par_1_16' title="bbox 235 1258 1815 1332">
     <span class='ocr_line' id='line_1_16' title="bbox 235 1258 1815 1332; baseline 0.003 -22"><span class='ocrx_word' id='word_1_96' title='bbox 235 1275 454 1331; x_wconf 82' lang='grc' dir='ltr'>ρευσεν.</span> <span class='ocrx_word' id='word_1_97' title='bbox 494 1258 708 1328; x_wconf 76' lang='grc' dir='ltr'>Ὥσπερ</span> <span class='ocrx_word' id='word_1_98' title='bbox 754 1260 866 1328; x_wconf 77' lang='grc' dir='ltr'>γὰρ</span> <span class='ocrx_word' id='word_1_99' title='bbox 907 1259 968 1312; x_wconf 84' lang='grc' dir='ltr'>τὸ</span> <span class='ocrx_word' id='word_1_100' title='bbox 1016 1260 1178 1330; x_wconf 78' lang='grc' dir='ltr'>σῶμα</span> <span class='ocrx_word' id='word_1_101' title='bbox 1225 1261 1284 1314; x_wconf 70' lang='grc' dir='ltr'>τὸ</span> <span class='ocrx_word' id='word_1_102' title='bbox 1317 1261 1660 1332; x_wconf 79' lang='grc' dir='ltr'>ἀνθρώπινον</span> <span class='ocrx_word' id='word_1_103' title='bbox 1707 1263 1815 1316; x_wconf 84' lang='grc' dir='ltr'>ἀπό</span> 
     </span>
    </p>
   </div>
   <div class='ocr_carea' id='block_1_17' title="bbox 231 1349 1816 1424">
    <p class='ocr_par' dir='ltr' id='par_1_17' title="bbox 231 1349 1816 1424">
     <span class='ocr_line' id='line_1_17' title="bbox 231 1349 1816 1424; baseline 0.003 -23"><span class='ocrx_word' id='word_1_104' title='bbox 231 1367 380 1414; x_wconf 67' lang='grc' dir='ltr'><strong>⁴τινος</strong></span> <span class='ocrx_word' id='word_1_105' title='bbox 401 1349 711 1422; x_wconf 81' lang='grc' dir='ltr'>ὑπερϐολῆς</span> <span class='ocrx_word' id='word_1_106' title='bbox 740 1350 774 1422; x_wconf 74' lang='grc' dir='ltr'>ἢ</span> <span class='ocrx_word' id='word_1_107' title='bbox 808 1349 1097 1420; x_wconf 83' lang='grc' dir='ltr'>ἐλλείψεως</span> <span class='ocrx_word' id='word_1_108' title='bbox 1129 1352 1236 1408; x_wconf 86' lang='grc' dir='ltr'><strong>τῶν</strong></span> <span class='ocrx_word' id='word_1_109' title='bbox 1264 1354 1638 1410; x_wconf 84' lang='grc' dir='ltr'>συνιστώντων</span> <span class='ocrx_word' id='word_1_110' title='bbox 1665 1353 1816 1424; x_wconf 67' lang='grc' dir='ltr'>αὐτῷ</span> 
     </span>
    </p>
   </div>
   <div class='ocr_carea' id='block_1_18' title="bbox 235 1441 1816 1514">
    <p class='ocr_par' dir='ltr' id='par_1_18' title="bbox 235 1441 1816 1514">
     <span class='ocr_line' id='line_1_18' title="bbox 235 1441 1816 1514; baseline 0.003 -20"><span class='ocrx_word' id='word_1_111' title='bbox 235 1441 430 1512; x_wconf 81' lang='grc' dir='ltr'>χυμῶν</span> <span class='ocrx_word' id='word_1_112' title='bbox 461 1441 717 1510; x_wconf 78' lang='grc' dir='ltr'>χαλεποῖς</span> <span class='ocrx_word' id='word_1_113' title='bbox 749 1441 1074 1512; x_wconf 79' lang='grc' dir='ltr'><strong>περιπίπτει</strong></span> <span class='ocrx_word' id='word_1_114' title='bbox 1099 1444 1398 1514; x_wconf 78' lang='grc' dir='ltr'><strong>νοσήμασι,</strong></span> <span class='ocrx_word' id='word_1_115' title='bbox 1420 1446 1516 1498; x_wconf 72' lang='grc' dir='ltr'>καὶ</span> <span class='ocrx_word' id='word_1_116' title='bbox 1543 1446 1631 1498; x_wconf 72' lang='grc' dir='ltr'><strong>διὰ</strong></span> <span class='ocrx_word' id='word_1_117' title='bbox 1657 1446 1816 1498; x_wconf 87' lang='grc' dir='ltr'>τοῦτο</span> 
     </span>
    </p>
   </div>
   <div class='ocr_carea' id='block_1_19' title="bbox 236 1535 1816 1606">
    <p class='ocr_par' dir='ltr' id='par_1_19' title="bbox 236 1535 1816 1606">
     <span class='ocr_line' id='line_1_19' title="bbox 236 1535 1816 1606; baseline 0.003 -20"><span class='ocrx_word' id='word_1_118' title='bbox 236 1535 505 1604; x_wconf 84' lang='grc' dir='ltr'>κέχρηται</span> <span class='ocrx_word' id='word_1_119' title='bbox 548 1535 848 1605; x_wconf 88' lang='grc' dir='ltr'>τηνικαῦτα</span> <span class='ocrx_word' id='word_1_120' title='bbox 878 1537 970 1588; x_wconf 72' lang='grc' dir='ltr'>καὶ</span> <span class='ocrx_word' id='word_1_121' title='bbox 999 1539 1228 1606; x_wconf 71' lang='grc' dir='ltr'>τροφαῖς</span> <span class='ocrx_word' id='word_1_122' title='bbox 1261 1537 1654 1606; x_wconf 73' lang='grc' dir='ltr'>ἀκαταλλήλως</span> <span class='ocrx_word' id='word_1_123' title='bbox 1675 1555 1688 1568; x_wconf 89' lang='grc'><strong>·</strong></span> <span class='ocrx_word' id='word_1_124' title='bbox 1721 1537 1816 1592; x_wconf 73' lang='grc' dir='ltr'>ἅτε</span> 
     </span>
    </p>
   </div>
   <div class='ocr_carea' id='block_1_20' title="bbox 234 1625 1816 1700">
    <p class='ocr_par' dir='ltr' id='par_1_20' title="bbox 234 1625 1816 1700">
     <span class='ocr_line' id='line_1_20' title="bbox 234 1625 1816 1700; baseline 0.001 -19"><span class='ocrx_word' id='word_1_125' title='bbox 234 1626 301 1694; x_wconf 74' lang='grc' dir='ltr'>δὴ</span> <span class='ocrx_word' id='word_1_126' title='bbox 358 1625 460 1689; x_wconf 72' lang='grc' dir='ltr'>τὰς</span> <span class='ocrx_word' id='word_1_127' title='bbox 510 1626 762 1696; x_wconf 78' lang='grc' dir='ltr'>συνήθεις</span> <span class='ocrx_word' id='word_1_128' title='bbox 815 1625 909 1678; x_wconf 76' lang='grc' dir='ltr'>καὶ</span> <span class='ocrx_word' id='word_1_129' title='bbox 961 1626 1262 1692; x_wconf 82' lang='grc' dir='ltr'>λυσιτελεῖς</span> <span class='ocrx_word' id='word_1_130' title='bbox 1314 1629 1523 1700; x_wconf 81' lang='grc' dir='ltr'>τροφὰς</span> <span class='ocrx_word' id='word_1_131' title='bbox 1572 1631 1662 1684; x_wconf 73' lang='grc' dir='ltr'>διὰ</span> <span class='ocrx_word' id='word_1_132' title='bbox 1717 1631 1816 1700; x_wconf 80' lang='grc' dir='ltr'>τὴν</span> 
     </span>
    </p>
   </div>
   <div class='ocr_carea' id='block_1_21' title="bbox 239 1715 1814 1792">
    <p class='ocr_par' dir='ltr' id='par_1_21' title="bbox 239 1715 1814 1792">
     <span class='ocr_line' id='line_1_21' title="bbox 239 1715 1814 1792; baseline 0.003 -22"><span class='ocrx_word' id='word_1_133' title='bbox 239 1715 548 1786; x_wconf 79' lang='grc' dir='ltr'>μεταϐολὴν</span> <span class='ocrx_word' id='word_1_134' title='bbox 579 1716 680 1786; x_wconf 76' lang='grc' dir='ltr'>τῆς</span> <span class='ocrx_word' id='word_1_135' title='bbox 731 1719 971 1787; x_wconf 75' lang='grc' dir='ltr'>φυσικῆς</span> <span class='ocrx_word' id='word_1_136' title='bbox 1005 1717 1171 1782; x_wconf 73' lang='grc' dir='ltr'>ἕξεως</span> <span class='ocrx_word' id='word_1_137' title='bbox 1201 1720 1402 1788; x_wconf 74' lang='grc' dir='ltr'>ἥκιστα</span> <span class='ocrx_word' id='word_1_138' title='bbox 1432 1723 1814 1792; x_wconf 80' lang='grc' dir='ltr'>προσιέμενον,</span> 
     </span>
    </p>
   </div>
   <div class='ocr_carea' id='block_1_22' title="bbox 235 1805 1816 1880">
    <p class='ocr_par' dir='ltr' id='par_1_22' title="bbox 235 1805 1816 1880">
     <span class='ocr_line' id='line_1_22' title="bbox 235 1805 1816 1880; baseline 0 -18"><span class='ocrx_word' id='word_1_139' title='bbox 235 1806 538 1862; x_wconf 77' lang='grc' dir='ltr'>κάντεῦθεν</span> <span class='ocrx_word' id='word_1_140' title='bbox 581 1805 880 1875; x_wconf 81' lang='grc' dir='ltr'>προσαύξει</span> <span class='ocrx_word' id='word_1_141' title='bbox 939 1805 1143 1876; x_wconf 83' lang='grc' dir='ltr'>μᾶλλον</span> <span class='ocrx_word' id='word_1_142' title='bbox 1197 1809 1290 1860; x_wconf 73' lang='grc' dir='ltr'>καὶ</span> <span class='ocrx_word' id='word_1_143' title='bbox 1336 1809 1663 1880; x_wconf 82' lang='grc' dir='ltr'>προστίθησι</span> <span class='ocrx_word' id='word_1_144' title='bbox 1717 1811 1816 1873; x_wconf 84' lang='grc' dir='ltr'>τὰς</span> 
     </span>
    </p>
   </div>
   <div class='ocr_carea' id='block_1_23' title="bbox 235 1895 1818 1970">
    <p class='ocr_par' dir='ltr' id='par_1_23' title="bbox 235 1895 1818 1970">
     <span class='ocr_line' id='line_1_23' title="bbox 235 1895 1818 1970; baseline 0.003 -21"><span class='ocrx_word' id='word_1_145' title='bbox 235 1895 420 1961; x_wconf 79' lang='grc' dir='ltr'>ᾳίτίας</span> <span class='ocrx_word' id='word_1_146' title='bbox 451 1895 562 1958; x_wconf 70' lang='grc' dir='ltr'><strong>τῶν</strong></span> <span class='ocrx_word' id='word_1_147' title='bbox 589 1896 918 1966; x_wconf 78' lang='grc' dir='ltr'>νοσημάτων</span> <span class='ocrx_word' id='word_1_148' title='bbox 937 1911 953 1925; x_wconf 80' lang='grc'><strong>⁸</strong></span> <span class='ocrx_word' id='word_1_149' title='bbox 1003 1895 1146 1950; x_wconf 78' lang='grc' dir='ltr'>οὕτω</span> <span class='ocrx_word' id='word_1_150' title='bbox 1175 1898 1271 1968; x_wconf 76' lang='grc' dir='ltr'>καὶ</span> <span class='ocrx_word' id='word_1_151' title='bbox 1304 1897 1454 1969; x_wconf 80' lang='grc' dir='ltr'>ψυχὴ</span> <span class='ocrx_word' id='word_1_152' title='bbox 1502 1917 1818 1970; x_wconf 81' lang='grc' dir='ltr'>παρεκτρα-</span> 
     </span>
    </p>
   </div>
   <div class='ocr_carea' id='block_1_24' title="bbox 233 1986 1816 2060">
    <p class='ocr_par' dir='ltr' id='par_1_24' title="bbox 233 1986 1816 2060">
     <span class='ocr_line' id='line_1_24' title="bbox 233 1986 1816 2060; baseline 0.001 -20"><span class='ocrx_word' id='word_1_153' title='bbox 233 1988 405 2048; x_wconf 61' lang='lat' dir='ltr'><strong>nica</strong></span> <span class='ocrx_word' id='word_1_154' title='bbox 436 1986 531 2044; x_wconf 78' lang='grc' dir='ltr'>καὶ</span> <span class='ocrx_word' id='word_1_155' title='bbox 565 1988 952 2057; x_wconf 77' lang='grc' dir='ltr'>παραρῤυεῖσα</span> <span class='ocrx_word' id='word_1_156' title='bbox 993 1988 1104 2042; x_wconf 89' lang='grc' dir='ltr'><strong>τῶν</strong></span> <span class='ocrx_word' id='word_1_157' title='bbox 1134 1989 1548 2058; x_wconf 85' lang='grc' dir='ltr'>καθεστηκυιῶν</span> <span class='ocrx_word' id='word_1_158' title='bbox 1577 1991 1816 2060; x_wconf 80' lang='grc' dir='ltr'>φρενῶν,</span> 
     </span>
    </p>
   </div>
   <div class='ocr_carea' id='block_1_25' title="bbox 231 2075 1818 2148">
    <p class='ocr_par' dir='ltr' id='par_1_25' title="bbox 231 2075 1818 2148">
     <span class='ocr_line' id='line_1_25' title="bbox 231 2075 1818 2148; baseline 0.003 -20"><span class='ocrx_word' id='word_1_159' title='bbox 231 2075 486 2138; x_wconf 72' lang='grc' dir='ltr'>ἀϐούλως</span> <span class='ocrx_word' id='word_1_160' title='bbox 523 2075 754 2146; x_wconf 82' lang='grc' dir='ltr'>πράττει</span> <span class='ocrx_word' id='word_1_161' title='bbox 784 2076 944 2130; x_wconf 87' lang='grc' dir='ltr'>τοῦτο</span> <span class='ocrx_word' id='word_1_162' title='bbox 974 2077 1194 2130; x_wconf 83' lang='grc' dir='ltr'>κάκεῖνο</span> <span class='ocrx_word' id='word_1_163' title='bbox 1227 2078 1364 2148; x_wconf 86' lang='grc' dir='ltr'>πρὸς</span> <span class='ocrx_word' id='word_1_164' title='bbox 1396 2079 1549 2134; x_wconf 77' lang='grc' dir='ltr'>οὐδὲν</span> <span class='ocrx_word' id='word_1_165' title='bbox 1579 2079 1818 2132; x_wconf 83' lang='grc' dir='ltr'>ἀποϐλέ-</span> 
     </span>
    </p>
   </div>
   <div class='ocr_carea' id='block_1_26' title="bbox 203 2165 1818 2240">
    <p class='ocr_par' dir='ltr' id='par_1_26' title="bbox 203 2165 1818 2240">
     <span class='ocr_line' id='line_1_26' title="bbox 203 2165 1818 2240; baseline 0.002 -22"><span class='ocrx_word' id='word_1_166' title='bbox 203 2171 417 2228; x_wconf 80' lang='grc' dir='ltr'>’πουσα</span> <span class='ocrx_word' id='word_1_167' title='bbox 444 2165 596 2227; x_wconf 83' lang='grc' dir='ltr'>τέλος</span> <span class='ocrx_word' id='word_1_168' title='bbox 627 2165 972 2237; x_wconf 80' lang='grc' dir='ltr'>ὀνησιφόρον.</span> <span class='ocrx_word' id='word_1_169' title='bbox 1022 2167 1086 2219; x_wconf 82' lang='lat' dir='ltr'><strong>Ei</strong></span> <span class='ocrx_word' id='word_1_170' title='bbox 1111 2166 1245 2237; x_wconf 83' lang='grc' dir='ltr'>γὰρ,</span> <span class='ocrx_word' id='word_1_171' title='bbox 1281 2169 1470 2236; x_wconf 73' lang='grc' dir='ltr'>φησὶν,</span> <span class='ocrx_word' id='word_1_172' title='bbox 1500 2168 1818 2240; x_wconf 78' lang='grc' dir='ltr'>ἀποθησαυ-</span> 
     </span>
    </p>
   </div>
   <div class='ocr_carea' id='block_1_27' title="bbox 234 2255 1816 2330">
    <p class='ocr_par' dir='ltr' id='par_1_27' title="bbox 234 2255 1816 2330">
     <span class='ocr_line' id='line_1_27' title="bbox 234 2255 1816 2330; baseline 0.002 -20"><span class='ocrx_word' id='word_1_173' title='bbox 234 2257 454 2330; x_wconf 77' lang='grc' dir='ltr'>ρίζεται</span> <span class='ocrx_word' id='word_1_174' title='bbox 490 2257 589 2326; x_wconf 83' lang='grc' dir='ltr'>μὲν</span> <span class='ocrx_word' id='word_1_175' title='bbox 627 2257 656 2308; x_wconf 80' lang='grc' dir='ltr'><strong><em>ὁ</em></strong></span> <span class='ocrx_word' id='word_1_176' title='bbox 689 2255 920 2320; x_wconf 86' lang='grc' dir='ltr'>πλοῦτος</span> <span class='ocrx_word' id='word_1_177' title='bbox 951 2257 1057 2310; x_wconf 77' lang='grc' dir='ltr'><strong>ὑπὸ</strong></span> <span class='ocrx_word' id='word_1_178' title='bbox 1089 2257 1186 2310; x_wconf 90' lang='grc' dir='ltr'><strong>τοῦ</strong></span> <span class='ocrx_word' id='word_1_179' title='bbox 1230 2259 1684 2330; x_wconf 79' lang='grc' dir='ltr'>συναθροίσαντος</span> <span class='ocrx_word' id='word_1_180' title='bbox 1717 2259 1816 2313; x_wconf 71' lang='lat' dir='ltr'><strong>m3-</strong></span> 
     </span>
    </p>
   </div>
   <div class='ocr_carea' id='block_1_28' title="bbox 231 2348 1820 2422">
    <p class='ocr_par' dir='ltr' id='par_1_28' title="bbox 231 2348 1820 2422">
     <span class='ocr_line' id='line_1_28' title="bbox 231 2348 1820 2422; baseline 0.001 -20"><span class='ocrx_word' id='word_1_181' title='bbox 231 2349 328 2408; x_wconf 80' lang='grc' dir='ltr'><strong>τὸν</strong></span> <span class='ocrx_word' id='word_1_182' title='bbox 350 2389 366 2411; x_wconf 85' lang='grc'><strong>,</strong></span> <span class='ocrx_word' id='word_1_183' title='bbox 421 2349 510 2402; x_wconf 74' lang='grc' dir='ltr'><strong>διὰ</strong></span> <span class='ocrx_word' id='word_1_184' title='bbox 564 2348 776 2420; x_wconf 81' lang='grc' dir='ltr'>μυρίων</span> <span class='ocrx_word' id='word_1_185' title='bbox 831 2349 1046 2419; x_wconf 82' lang='grc' dir='ltr'>μόχθων</span> <span class='ocrx_word' id='word_1_186' title='bbox 1094 2351 1188 2402; x_wconf 78' lang='grc' dir='ltr'>καὶ</span> <span class='ocrx_word' id='word_1_187' title='bbox 1235 2350 1422 2404; x_wconf 84' lang='grc' dir='ltr'>κόπων</span> <span class='ocrx_word' id='word_1_188' title='bbox 1468 2353 1560 2404; x_wconf 79' lang='grc' dir='ltr'>καὶ</span> <span class='ocrx_word' id='word_1_189' title='bbox 1614 2351 1820 2422; x_wconf 85' lang='grc' dir='ltr'>πολλῆς</span> 
     </span>
    </p>
   </div>
   <div class='ocr_carea' id='block_1_29' title="bbox 233 2439 1821 2518">
    <p class='ocr_par' dir='ltr' id='par_1_29' title="bbox 233 2439 1821 2518">
     <span class='ocr_line' id='line_1_29' title="bbox 233 2439 1821 2518; baseline 0.001 -25"><span class='ocrx_word' id='word_1_190' title='bbox 233 2439 558 2518; x_wconf 73' lang='grc' dir='ltr'>φειδωλίας,</span> <span class='ocrx_word' id='word_1_191' title='bbox 591 2439 908 2512; x_wconf 81' lang='grc' dir='ltr'>εὑρίσκεται</span> <span class='ocrx_word' id='word_1_192' title='bbox 941 2439 998 2493; x_wconf 81' lang='grc' dir='ltr'>δὲ</span> <span class='ocrx_word' id='word_1_193' title='bbox 1025 2440 1423 2512; x_wconf 81' lang='grc' dir='ltr'>ταμιευόμενος</span> <span class='ocrx_word' id='word_1_194' title='bbox 1452 2442 1716 2506; x_wconf 80' lang='grc' dir='ltr'>πολλάκις</span> <span class='ocrx_word' id='word_1_195' title='bbox 1740 2443 1821 2506; x_wconf 78' lang='grc' dir='ltr'><strong>εἰς</strong></span> 
     </span>
    </p>
   </div>
   <div class='ocr_carea' id='block_1_30' title="bbox 231 2527 1821 2601">
    <p class='ocr_par' dir='ltr' id='par_1_30' title="bbox 231 2527 1821 2601">
     <span class='ocr_line' id='line_1_30' title="bbox 231 2527 1821 2601; baseline 0.001 -18"><span class='ocrx_word' id='word_1_196' title='bbox 231 2529 488 2593; x_wconf 76' lang='grc' dir='ltr'>κάκωσιν</span> <span class='ocrx_word' id='word_1_197' title='bbox 514 2527 610 2580; x_wconf 83' lang='grc' dir='ltr'><strong>τοῦ</strong></span> <span class='ocrx_word' id='word_1_198' title='bbox 637 2528 1008 2596; x_wconf 81' lang='grc' dir='ltr'>φυλάσσοντος</span> <span class='ocrx_word' id='word_1_199' title='bbox 1039 2529 1274 2598; x_wconf 79' lang='grc' dir='ltr'>(κακίαν</span> <span class='ocrx_word' id='word_1_200' title='bbox 1299 2531 1410 2600; x_wconf 77' lang='grc' dir='ltr'><strong>γὰρ</strong></span> <span class='ocrx_word' id='word_1_201' title='bbox 1447 2531 1546 2601; x_wconf 80' lang='grc' dir='ltr'>τὴν</span> <span class='ocrx_word' id='word_1_202' title='bbox 1575 2532 1821 2586; x_wconf 77' lang='grc' dir='ltr'>κάκωσιν</span> 
     </span>
    </p>
   </div>
   <div class='ocr_carea' id='block_1_31' title="bbox 231 2615 1823 2692">
    <p class='ocr_par' dir='ltr' id='par_1_31' title="bbox 231 2615 1823 2692">
     <span class='ocr_line' id='line_1_31' title="bbox 231 2615 1823 2692; baseline 0.004 -22"><span class='ocrx_word' id='word_1_203' title='bbox 231 2619 528 2692; x_wconf 74' lang='grc' dir='ltr'>προδήλως</span> <span class='ocrx_word' id='word_1_204' title='bbox 558 2617 864 2689; x_wconf 75' lang='grc' dir='ltr'>ὠνόμασεν)</span> <span class='ocrx_word' id='word_1_205' title='bbox 885 2635 900 2648; x_wconf 86' lang='grc'><strong>·</strong></span> <span class='ocrx_word' id='word_1_206' title='bbox 931 2615 1051 2672; x_wconf 78' lang='grc' dir='ltr'>εἶτα</span> <span class='ocrx_word' id='word_1_207' title='bbox 1083 2619 1393 2692; x_wconf 81' lang='grc' dir='ltr'>πειρασμοῦ</span> <span class='ocrx_word' id='word_1_208' title='bbox 1416 2622 1823 2692; x_wconf 80' lang='grc' dir='ltr'>τινοςσυμϐἀν-</span> 
     </span>
    </p>
   </div>
   <div class='ocr_carea' id='block_1_32' title="bbox 231 2709 1822 2784">
    <p class='ocr_par' dir='ltr' id='par_1_32' title="bbox 231 2709 1822 2784">
     <span class='ocr_line' id='line_1_32' title="bbox 231 2709 1822 2784; baseline 0 -19"><span class='ocrx_word' id='word_1_209' title='bbox 231 2729 356 2776; x_wconf 65' lang='grc' dir='ltr'><strong>⁴τος,</strong></span> <span class='ocrx_word' id='word_1_210' title='bbox 385 2709 640 2772; x_wconf 82' lang='grc' dir='ltr'>ἀπώλετο</span> <span class='ocrx_word' id='word_1_211' title='bbox 667 2709 958 2781; x_wconf 80' lang='grc' dir='ltr'>δεξάμενος</span> <span class='ocrx_word' id='word_1_212' title='bbox 987 2711 1087 2782; x_wconf 81' lang='grc' dir='ltr'><strong>τὴν</strong></span> <span class='ocrx_word' id='word_1_213' title='bbox 1119 2713 1202 2774; x_wconf 85' lang='grc' dir='ltr'><strong>εἰς</strong></span> <span class='ocrx_word' id='word_1_214' title='bbox 1224 2711 1419 2776; x_wconf 75' lang='grc' dir='ltr'>ἄλλους</span> <span class='ocrx_word' id='word_1_215' title='bbox 1451 2714 1822 2784; x_wconf 84' lang='grc' dir='ltr'>μετάπτωσιν,</span> 
     </span>
    </p>
   </div>
   <div class='ocr_carea' id='block_1_33' title="bbox 236 2801 1826 2874">
    <p class='ocr_par' dir='ltr' id='par_1_33' title="bbox 236 2801 1826 2874">
     <span class='ocr_line' id='line_1_33' title="bbox 236 2801 1826 2874; baseline -0.001 -17"><span class='ocrx_word' id='word_1_216' title='bbox 236 2805 340 2861; x_wconf 73' lang='grc' dir='ltr'>καὶ</span> <span class='ocrx_word' id='word_1_217' title='bbox 385 2801 595 2872; x_wconf 82' lang='grc' dir='ltr'>γυμνὸν</span> <span class='ocrx_word' id='word_1_218' title='bbox 626 2801 720 2854; x_wconf 83' lang='grc' dir='ltr'>τὸν</span> <span class='ocrx_word' id='word_1_219' title='bbox 759 2801 1100 2873; x_wconf 84' lang='grc' dir='ltr'>κεκτημένον</span> <span class='ocrx_word' id='word_1_220' title='bbox 1147 2803 1466 2858; x_wconf 86' lang='grc' dir='ltr'>καταλιπὼν</span> <span class='ocrx_word' id='word_1_221' title='bbox 1511 2805 1606 2858; x_wconf 78' lang='grc' dir='ltr'>καὶ</span> <span class='ocrx_word' id='word_1_222' title='bbox 1645 2804 1826 2874; x_wconf 81' lang='grc' dir='ltr'>πάσης</span> 
     </span>
    </p>
   </div>
   <div class='ocr_carea' id='block_1_34' title="bbox 236 2889 1827 2964">
    <p class='ocr_par' dir='ltr' id='par_1_34' title="bbox 236 2889 1827 2964">
     <span class='ocr_line' id='line_1_34' title="bbox 236 2889 1827 2964; baseline -0.006 -17"><span class='ocrx_word' id='word_1_223' title='bbox 236 2891 696 2963; x_wconf 58' lang='grc' dir='ltr'>ἀπεστερημένον</span> <span class='ocrx_word' id='word_1_224' title='bbox 723 2889 1099 2960; x_wconf 82' lang='grc' dir='ltr'>παραμυθίας.</span> <span class='ocrx_word' id='word_1_225' title='bbox 1133 2893 1203 2954; x_wconf 78' lang='grc' dir='ltr'><strong>Ἦ</strong></span> <span class='ocrx_word' id='word_1_226' title='bbox 1231 2891 1341 2962; x_wconf 80' lang='grc' dir='ltr'><strong>γὰρ</strong></span> <span class='ocrx_word' id='word_1_227' title='bbox 1371 2893 1587 2946; x_wconf 87' lang='grc' dir='ltr'>ἐκείνου</span> <span class='ocrx_word' id='word_1_228' title='bbox 1605 2890 1827 2964; x_wconf 79' lang='grc' dir='ltr'>’φθορη.</span> 
     </span>
    </p>
   </div>
   <div class='ocr_carea' id='block_1_35' title="bbox 1982 711 3478 790">
    <p class='ocr_par' dir='ltr' id='par_1_35' title="bbox 1982 711 3478 790">
     <span class='ocr_line' id='line_1_35' title="bbox 1982 711 3478 790; baseline -0.007 -18"><span class='ocrx_word' id='word_1_229' title='bbox 1982 719 2292 779; x_wconf 78' lang='lat' dir='ltr'><strong>Humanam</strong></span> <span class='ocrx_word' id='word_1_230' title='bbox 2323 719 2696 790; x_wconf 90' lang='lat' dir='ltr'><strong>insipientiam</strong></span> <span class='ocrx_word' id='word_1_231' title='bbox 2721 729 3148 788; x_wconf 88' lang='lat' dir='ltr'><strong>pcrversumque</strong></span> <span class='ocrx_word' id='word_1_232' title='bbox 3168 711 3478 773; x_wconf 84' lang='lat' dir='ltr'><strong>consilium,</strong></span> 
     </span>
    </p>
   </div>
   <div class='ocr_carea' id='block_1_36' title="bbox 1911 806 3478 883">
    <p class='ocr_par' dir='ltr' id='par_1_36' title="bbox 1911 806 3478 883">
     <span class='ocr_line' id='line_1_36' title="bbox 1911 806 3478 883; baseline -0.012 -14"><span class='ocrx_word' id='word_1_233' title='bbox 1911 829 2144 883; x_wconf 89' lang='lat' dir='ltr'><strong>quorum</strong></span> <span class='ocrx_word' id='word_1_234' title='bbox 2195 827 2362 867; x_wconf 89' lang='lat' dir='ltr'><strong>causa</strong></span> <span class='ocrx_word' id='word_1_235' title='bbox 2413 811 2657 880; x_wconf 83' lang='lat' dir='ltr'><strong>plerique</strong></span> <span class='ocrx_word' id='word_1_236' title='bbox 2708 809 2775 865; x_wconf 89' lang='lat' dir='ltr'><strong>ad</strong></span> <span class='ocrx_word' id='word_1_237' title='bbox 2825 806 3012 862; x_wconf 89' lang='lat' dir='ltr'><strong>illicita</strong></span> <span class='ocrx_word' id='word_1_238' title='bbox 3064 809 3478 862; x_wconf 86' lang='lat' dir='ltr'><strong>convertuntur,</strong></span> 
     </span>
    </p>
   </div>
   <div class='ocr_carea' id='block_1_37' title="bbox 1911 891 3480 970">
    <p class='ocr_par' dir='ltr' id='par_1_37' title="bbox 1911 891 3480 970">
     <span class='ocr_line' id='line_1_37' title="bbox 1911 891 3480 970; baseline -0.011 -14"><span class='ocrx_word' id='word_1_239' title='bbox 1911 901 2230 970; x_wconf 80' lang='lat' dir='ltr'><strong>laboresque</strong></span> <span class='ocrx_word' id='word_1_240' title='bbox 2262 901 2528 969; x_wconf 81' lang='lat' dir='ltr'><strong>pessimos</strong></span> <span class='ocrx_word' id='word_1_241' title='bbox 2572 897 2901 966; x_wconf 89' lang='lat' dir='ltr'><strong>suscipiunt,</strong></span> <span class='ocrx_word' id='word_1_242' title='bbox 2951 907 3004 948; x_wconf 85' lang='lat' dir='ltr'><strong>et</strong></span> <span class='ocrx_word' id='word_1_243' title='bbox 3047 891 3328 947; x_wconf 79' lang='lat' dir='ltr'><strong>molestias</strong></span> <span class='ocrx_word' id='word_1_244' title='bbox 3360 904 3480 942; x_wconf 89' lang='lat' dir='ltr'><strong>om-</strong></span> 
     </span>
    </p>
   </div>
   <div class='ocr_carea' id='block_1_38' title="bbox 1913 983 3485 1058">
    <p class='ocr_par' dir='ltr' id='par_1_38' title="bbox 1913 983 3485 1058">
     <span class='ocr_line' id='line_1_38' title="bbox 1913 983 3485 1058; baseline -0.011 -12"><span class='ocrx_word' id='word_1_245' title='bbox 1913 993 2046 1047; x_wconf 87' lang='lat' dir='ltr'><strong>nino</strong></span> <span class='ocrx_word' id='word_1_246' title='bbox 2077 992 2300 1047; x_wconf 80' lang='lat' dir='ltr'><strong>inutiles</strong></span> <span class='ocrx_word' id='word_1_247' title='bbox 2333 993 2588 1052; x_wconf 87' lang='lat' dir='ltr'><strong>tolerant,</strong></span> <span class='ocrx_word' id='word_1_248' title='bbox 2625 1002 2859 1058; x_wconf 90' lang='lat' dir='ltr'><strong>cumque</strong></span> <span class='ocrx_word' id='word_1_249' title='bbox 2879 987 3100 1040; x_wconf 71' lang='lat' dir='ltr'><strong>&#39;nullum</strong></span> <span class='ocrx_word' id='word_1_250' title='bbox 3143 983 3300 1052; x_wconf 80' lang='lat' dir='ltr'><strong>plane</strong></span> <span class='ocrx_word' id='word_1_251' title='bbox 3331 995 3485 1033; x_wconf 87' lang='lat' dir='ltr'><strong>com—</strong></span> 
     </span>
    </p>
   </div>
   <div class='ocr_carea' id='block_1_39' title="bbox 1913 1071 3485 1152">
    <p class='ocr_par' dir='ltr' id='par_1_39' title="bbox 1913 1071 3485 1152">
     <span class='ocr_line' id='line_1_39' title="bbox 1913 1071 3485 1152; baseline -0.011 -14"><span class='ocrx_word' id='word_1_252' title='bbox 1913 1083 2137 1138; x_wconf 89' lang='lat' dir='ltr'><strong>modum</strong></span> <span class='ocrx_word' id='word_1_253' title='bbox 2185 1091 2452 1152; x_wconf 86' lang='lat' dir='ltr'><strong>spectent,</strong></span> <span class='ocrx_word' id='word_1_254' title='bbox 2497 1081 2730 1134; x_wconf 84' lang='lat' dir='ltr'><strong>inaniter</strong></span> <span class='ocrx_word' id='word_1_255' title='bbox 2764 1093 2828 1133; x_wconf 90' lang='lat' dir='ltr'><strong>ac</strong></span> <span class='ocrx_word' id='word_1_256' title='bbox 2856 1088 3192 1146; x_wconf 80' lang='lat' dir='ltr'><strong>supervacue</strong></span> <span class='ocrx_word' id='word_1_257' title='bbox 3223 1071 3485 1126; x_wconf 79' lang='lat' dir='ltr'><strong>amictan—</strong></span> 
     </span>
    </p>
   </div>
   <div class='ocr_carea' id='block_1_40' title="bbox 1914 1161 3484 1245">
    <p class='ocr_par' dir='ltr' id='par_1_40' title="bbox 1914 1161 3484 1245">
     <span class='ocr_line' id='line_1_40' title="bbox 1914 1161 3484 1245; baseline -0.011 -15"><span class='ocrx_word' id='word_1_258' title='bbox 1914 1185 2024 1240; x_wconf 92' lang='lat' dir='ltr'><strong>tur,</strong></span> <span class='ocrx_word' id='word_1_259' title='bbox 2088 1177 2404 1245; x_wconf 87' lang='lat' dir='ltr'><strong>languorem</strong></span> <span class='ocrx_word' id='word_1_260' title='bbox 2459 1175 2573 1228; x_wconf 88' lang='lat' dir='ltr'><strong>sive</strong></span> <span class='ocrx_word' id='word_1_261' title='bbox 2647 1171 2814 1226; x_wconf 89' lang='lat' dir='ltr'><strong>animi</strong></span> <span class='ocrx_word' id='word_1_262' title='bbox 2872 1168 3120 1222; x_wconf 85' lang='lat' dir='ltr'><strong>morbum</strong></span> <span class='ocrx_word' id='word_1_263' title='bbox 3176 1161 3484 1232; x_wconf 81' lang='lat' dir='ltr'><strong>appellavit.</strong></span> 
     </span>
    </p>
   </div>
   <div class='ocr_carea' id='block_1_41' title="bbox 1913 1255 3486 1332">
    <p class='ocr_par' dir='ltr' id='par_1_41' title="bbox 1913 1255 3486 1332">
     <span class='ocr_line' id='line_1_41' title="bbox 1913 1255 3486 1332; baseline -0.013 -10"><span class='ocrx_word' id='word_1_264' title='bbox 1913 1265 2384 1332; x_wconf 83' lang='lat' dir='ltr'><strong>Quemadmodum</strong></span> <span class='ocrx_word' id='word_1_265' title='bbox 2431 1266 2578 1317; x_wconf 89' lang='lat' dir='ltr'><strong>enim</strong></span> <span class='ocrx_word' id='word_1_266' title='bbox 2619 1278 2819 1332; x_wconf 86' lang='lat' dir='ltr'><strong>corpus</strong></span> <span class='ocrx_word' id='word_1_267' title='bbox 2869 1261 3172 1313; x_wconf 88' lang='lat' dir='ltr'><strong>humanum</strong></span> <span class='ocrx_word' id='word_1_268' title='bbox 3205 1270 3268 1307; x_wconf 80' lang='lat' dir='ltr'><strong>ex</strong></span> <span class='ocrx_word' id='word_1_269' title='bbox 3295 1255 3486 1304; x_wconf 84' lang='lat' dir='ltr'><strong>humo-</strong></span> 
     </span>
    </p>
   </div>
   <div class='ocr_carea' id='block_1_42' title="bbox 1916 1339 3486 1422">
    <p class='ocr_par' dir='ltr' id='par_1_42' title="bbox 1916 1339 3486 1422">
     <span class='ocr_line' id='line_1_42' title="bbox 1916 1339 3486 1422; baseline -0.013 -14"><span class='ocrx_word' id='word_1_270' title='bbox 1916 1369 2060 1415; x_wconf 86' lang='lat' dir='ltr'><strong>rum,</strong></span> <span class='ocrx_word' id='word_1_271' title='bbox 2090 1354 2182 1422; x_wconf 85' lang='lat' dir='ltr'><strong>qui</strong></span> <span class='ocrx_word' id='word_1_272' title='bbox 2213 1353 2265 1406; x_wconf 93' lang='lat' dir='ltr'><strong>in</strong></span> <span class='ocrx_word' id='word_1_273' title='bbox 2297 1365 2363 1405; x_wconf 93' lang='lat' dir='ltr'><strong>co</strong></span> <span class='ocrx_word' id='word_1_274' title='bbox 2394 1351 2600 1414; x_wconf 86' lang='lat' dir='ltr'><strong>insunt,</strong></span> <span class='ocrx_word' id='word_1_275' title='bbox 2635 1363 2865 1403; x_wconf 88' lang='lat' dir='ltr'><strong>excessu</strong></span> <span class='ocrx_word' id='word_1_276' title='bbox 2897 1346 3134 1416; x_wconf 87' lang='lat' dir='ltr'><strong>quodam</strong></span> <span class='ocrx_word' id='word_1_277' title='bbox 3163 1341 3246 1396; x_wconf 87' lang='lat' dir='ltr'><strong>vel</strong></span> <span class='ocrx_word' id='word_1_278' title='bbox 3273 1339 3486 1393; x_wconf 75' lang='lat' dir='ltr'><strong>defectu</strong></span> 
     </span>
    </p>
   </div>
   <div class='ocr_carea' id='block_1_43' title="bbox 1917 1429 3488 1504">
    <p class='ocr_par' dir='ltr' id='par_1_43' title="bbox 1917 1429 3488 1504">
     <span class='ocr_line' id='line_1_43' title="bbox 1917 1429 3488 1504; baseline -0.015 -5"><span class='ocrx_word' id='word_1_279' title='bbox 1917 1447 1970 1500; x_wconf 91' lang='lat' dir='ltr'><strong>in</strong></span> <span class='ocrx_word' id='word_1_280' title='bbox 2011 1442 2260 1497; x_wconf 86' lang='lat' dir='ltr'><strong>diiliciles</strong></span> <span class='ocrx_word' id='word_1_281' title='bbox 2303 1441 2490 1495; x_wconf 86' lang='lat' dir='ltr'><strong>incidit</strong></span> <span class='ocrx_word' id='word_1_282' title='bbox 2523 1439 2768 1498; x_wconf 87' lang='lat' dir='ltr'><strong>morbos,</strong></span> <span class='ocrx_word' id='word_1_283' title='bbox 2801 1447 2962 1504; x_wconf 87' lang='lat' dir='ltr'><strong>atque</strong></span> <span class='ocrx_word' id='word_1_284' title='bbox 2990 1433 3060 1486; x_wconf 90' lang='lat' dir='ltr'><strong>ob</strong></span> <span class='ocrx_word' id='word_1_285' title='bbox 3101 1445 3196 1486; x_wconf 87' lang='lat' dir='ltr'><strong>eos</strong></span> <span class='ocrx_word' id='word_1_286' title='bbox 3232 1429 3488 1485; x_wconf 79' lang='lat' dir='ltr'><strong>alimenta</strong></span> 
     </span>
    </p>
   </div>
   <div class='ocr_carea' id='block_1_44' title="bbox 1916 1525 3493 1606">
    <p class='ocr_par' dir='ltr' id='par_1_44' title="bbox 1916 1525 3493 1606">
     <span class='ocr_line' id='line_1_44' title="bbox 1916 1525 3493 1606; baseline -0.014 -15"><span class='ocrx_word' id='word_1_287' title='bbox 1916 1535 2128 1606; x_wconf 88' lang='lat' dir='ltr'><strong>appetit</strong></span> <span class='ocrx_word' id='word_1_288' title='bbox 2177 1531 2404 1586; x_wconf 85' lang='lat' dir='ltr'><strong>minime</strong></span> <span class='ocrx_word' id='word_1_289' title='bbox 2443 1531 2673 1595; x_wconf 88' lang='lat' dir='ltr'><strong>idonea;</strong></span> <span class='ocrx_word' id='word_1_290' title='bbox 2707 1527 2852 1598; x_wconf 92' lang='lat' dir='ltr'><strong>quod</strong></span> <span class='ocrx_word' id='word_1_291' title='bbox 2885 1538 3078 1593; x_wconf 81' lang='lat' dir='ltr'><strong>nempe</strong></span> <span class='ocrx_word' id='word_1_292' title='bbox 3117 1527 3407 1577; x_wconf 80' lang='lat' dir='ltr'><strong>consuetos</strong></span> <span class='ocrx_word' id='word_1_293' title='bbox 3438 1525 3493 1570; x_wconf 90' lang='lat' dir='ltr'><strong>et</strong></span> 
     </span>
    </p>
   </div>
   <div class='ocr_carea' id='block_1_45' title="bbox 1917 1608 3490 1682">
    <p class='ocr_par' dir='ltr' id='par_1_45' title="bbox 1917 1608 3490 1682">
     <span class='ocr_line' id='line_1_45' title="bbox 1917 1608 3490 1682; baseline -0.014 -1"><span class='ocrx_word' id='word_1_294' title='bbox 1917 1627 2079 1682; x_wconf 87' lang='lat' dir='ltr'><strong>utiles</strong></span> <span class='ocrx_word' id='word_1_295' title='bbox 2100 1623 2258 1679; x_wconf 86' lang='lat' dir='ltr'><strong>cibos</strong></span> <span class='ocrx_word' id='word_1_296' title='bbox 2280 1620 2487 1676; x_wconf 68' lang='lat' dir='ltr'><strong>aﬂ‘ectae</strong></span> <span class='ocrx_word' id='word_1_297' title='bbox 2514 1617 2842 1674; x_wconf 87' lang='lat' dir='ltr'><strong>valetudinis</strong></span> <span class='ocrx_word' id='word_1_298' title='bbox 2864 1614 3238 1670; x_wconf 83' lang='lat' dir='ltr'><strong>imbecillitate</strong></span> <span class='ocrx_word' id='word_1_299' title='bbox 3267 1608 3490 1664; x_wconf 83' lang='lat' dir='ltr'><strong>minimc</strong></span> 
     </span>
    </p>
   </div>
   <div class='ocr_carea' id='block_1_46' title="bbox 1917 1699 3493 1782">
    <p class='ocr_par' dir='ltr' id='par_1_46' title="bbox 1917 1699 3493 1782">
     <span class='ocr_line' id='line_1_46' title="bbox 1917 1699 3493 1782; baseline -0.014 -8"><span class='ocrx_word' id='word_1_300' title='bbox 1917 1717 2176 1781; x_wconf 81' lang='lat' dir='ltr'><strong>admittit,</strong></span> <span class='ocrx_word' id='word_1_301' title='bbox 2225 1724 2391 1782; x_wconf 89' lang='lat' dir='ltr'><strong>atque</strong></span> <span class='ocrx_word' id='word_1_302' title='bbox 2437 1711 2575 1766; x_wconf 91' lang='lat' dir='ltr'><strong>adeo</strong></span> <span class='ocrx_word' id='word_1_303' title='bbox 2605 1719 2767 1780; x_wconf 81' lang='lat' dir='ltr'><strong>auget</strong></span> <span class='ocrx_word' id='word_1_304' title='bbox 2815 1708 2989 1774; x_wconf 71' lang='lat' dir='ltr'><strong>magis</strong></span> <span class='ocrx_word' id='word_1_305' title='bbox 3023 1722 3088 1760; x_wconf 87' lang='lat' dir='ltr'><strong>ac</strong></span> <span class='ocrx_word' id='word_1_306' title='bbox 3139 1717 3310 1758; x_wconf 86' lang='lat' dir='ltr'><strong>novas</strong></span> <span class='ocrx_word' id='word_1_307' title='bbox 3343 1699 3493 1756; x_wconf 85' lang='lat' dir='ltr'><strong>addit</strong></span> 
     </span>
    </p>
   </div>
   <div class='ocr_carea' id='block_1_47' title="bbox 1919 1785 3490 1864">
    <p class='ocr_par' dir='ltr' id='par_1_47' title="bbox 1919 1785 3490 1864">
     <span class='ocr_line' id='line_1_47' title="bbox 1919 1785 3490 1864; baseline -0.01 0"><span class='ocrx_word' id='word_1_308' title='bbox 1919 1808 2234 1864; x_wconf 87' lang='lat' dir='ltr'><strong>morborum</strong></span> <span class='ocrx_word' id='word_1_309' title='bbox 2288 1818 2486 1860; x_wconf 87' lang='lat' dir='ltr'><strong>causas</strong></span> <span class='ocrx_word' id='word_1_310' title='bbox 2534 1820 2549 1857; x_wconf 89' lang='lat'><strong>:</strong></span> <span class='ocrx_word' id='word_1_311' title='bbox 2608 1803 2690 1856; x_wconf 89' lang='lat' dir='ltr'><strong>sic</strong></span> <span class='ocrx_word' id='word_1_312' title='bbox 2742 1811 2798 1855; x_wconf 85' lang='lat' dir='ltr'><strong>et</strong></span> <span class='ocrx_word' id='word_1_313' title='bbox 2847 1785 3075 1853; x_wconf 70' lang='lat' dir='ltr'><strong>animus</strong></span> <span class='ocrx_word' id='word_1_314' title='bbox 3119 1806 3490 1850; x_wconf 85' lang='lat' dir='ltr'><strong>transversum</strong></span> 
     </span>
    </p>
   </div>
   <div class='ocr_carea' id='block_1_48' title="bbox 1918 1885 3490 1962">
    <p class='ocr_par' dir='ltr' id='par_1_48' title="bbox 1918 1885 3490 1962">
     <span class='ocr_line' id='line_1_48' title="bbox 1918 1885 3490 1962; baseline -0.011 -7"><span class='ocrx_word' id='word_1_315' title='bbox 1918 1912 2096 1962; x_wconf 86' lang='lat' dir='ltr'><strong>actus,</strong></span> <span class='ocrx_word' id='word_1_316' title='bbox 2154 1897 2244 1951; x_wconf 92' lang='lat' dir='ltr'><strong>ubi</strong></span> <span class='ocrx_word' id='word_1_317' title='bbox 2303 1885 2557 1950; x_wconf 82' lang='lat' dir='ltr'><strong>stabilem</strong></span> <span class='ocrx_word' id='word_1_318' title='bbox 2615 1891 2828 1948; x_wconf 87' lang='lat' dir='ltr'><strong>consilii</strong></span> <span class='ocrx_word' id='word_1_319' title='bbox 2879 1889 3190 1944; x_wconf 84' lang='lat' dir='ltr'><strong>ﬁrmitatem</strong></span> <span class='ocrx_word' id='word_1_320' title='bbox 3225 1885 3490 1947; x_wconf 86' lang='lat' dir='ltr'><strong>amiserit,</strong></span> 
     </span>
    </p>
   </div>
   <div class='ocr_carea' id='block_1_49' title="bbox 1919 1975 3492 2054">
    <p class='ocr_par' dir='ltr' id='par_1_49' title="bbox 1919 1975 3492 2054">
     <span class='ocr_line' id='line_1_49' title="bbox 1919 1975 3492 2054; baseline -0.011 -8"><span class='ocrx_word' id='word_1_321' title='bbox 1919 1987 2122 2047; x_wconf 60' lang='lat' dir='ltr'><strong>temere</strong></span> <span class='ocrx_word' id='word_1_322' title='bbox 2161 1990 2262 2043; x_wconf 89' lang='lat' dir='ltr'><strong>hoc</strong></span> <span class='ocrx_word' id='word_1_323' title='bbox 2297 1995 2351 2041; x_wconf 84' lang='lat' dir='ltr'><strong>et</strong></span> <span class='ocrx_word' id='word_1_324' title='bbox 2402 1985 2534 2040; x_wconf 82' lang='lat' dir='ltr'><strong>illud</strong></span> <span class='ocrx_word' id='word_1_325' title='bbox 2583 1983 2914 2054; x_wconf 78' lang='lat' dir='ltr'><strong>aggreditur,</strong></span> <span class='ocrx_word' id='word_1_326' title='bbox 2977 1993 3152 2048; x_wconf 83' lang='lat' dir='ltr'><strong>neque</strong></span> <span class='ocrx_word' id='word_1_327' title='bbox 3204 1975 3492 2030; x_wconf 87' lang='lat' dir='ltr'><strong>utilitatem</strong></span> 
     </span>
    </p>
   </div>
   <div class='ocr_carea' id='block_1_50' title="bbox 1920 2068 3496 2150">
    <p class='ocr_par' dir='ltr' id='par_1_50' title="bbox 1920 2068 3496 2150">
     <span class='ocr_line' id='line_1_50' title="bbox 1920 2068 3496 2150; baseline -0.011 -12"><span class='ocrx_word' id='word_1_328' title='bbox 1920 2084 2084 2138; x_wconf 89' lang='lat' dir='ltr'><strong>ullam</strong></span> <span class='ocrx_word' id='word_1_329' title='bbox 2117 2075 2454 2150; x_wconf 74' lang='lat' dir='ltr'><strong>propo’sitam</strong></span> <span class='ocrx_word' id='word_1_330' title='bbox 2493 2075 2675 2130; x_wconf 84' lang='lat' dir='ltr'><strong>habet.</strong></span> <span class='ocrx_word' id='word_1_331' title='bbox 2705 2073 2838 2127; x_wconf 86' lang='lat' dir='ltr'><strong>Nam</strong></span> <span class='ocrx_word' id='word_1_332' title='bbox 2873 2073 2921 2127; x_wconf 89' lang='lat' dir='ltr'><strong>si</strong></span> <span class='ocrx_word' id='word_1_333' title='bbox 2953 2085 3106 2141; x_wconf 82' lang='lat' dir='ltr'><strong>opes,</strong></span> <span class='ocrx_word' id='word_1_334' title='bbox 3149 2068 3346 2136; x_wconf 83' lang='lat' dir='ltr'><strong>inquit,</strong></span> <span class='ocrx_word' id='word_1_335' title='bbox 3378 2081 3496 2120; x_wconf 83' lang='lat' dir='ltr'><strong>ma-</strong></span> 
     </span>
    </p>
   </div>
   <div class='ocr_carea' id='block_1_51' title="bbox 1919 2157 3498 2244">
    <p class='ocr_par' dir='ltr' id='par_1_51' title="bbox 1919 2157 3498 2244">
     <span class='ocr_line' id='line_1_51' title="bbox 1919 2157 3498 2244; baseline -0.01 -16"><span class='ocrx_word' id='word_1_336' title='bbox 1919 2175 2041 2244; x_wconf 85' lang='lat' dir='ltr'><strong>gnis</strong></span> <span class='ocrx_word' id='word_1_337' title='bbox 2077 2172 2199 2242; x_wconf 79' lang='lat' dir='ltr'><strong>ejus</strong></span> <span class='ocrx_word' id='word_1_338' title='bbox 2235 2169 2514 2224; x_wconf 87' lang='lat' dir='ltr'><strong>laboribus</strong></span> <span class='ocrx_word' id='word_1_339' title='bbox 2561 2167 2654 2236; x_wconf 89' lang='lat' dir='ltr'><strong>qui</strong></span> <span class='ocrx_word' id='word_1_340' title='bbox 2703 2164 2968 2233; x_wconf 81' lang='lat' dir='ltr'><strong>congerit,</strong></span> <span class='ocrx_word' id='word_1_341' title='bbox 3001 2170 3056 2215; x_wconf 92' lang='lat' dir='ltr'><strong>et</strong></span> <span class='ocrx_word' id='word_1_342' title='bbox 3084 2160 3282 2216; x_wconf 83' lang='lat' dir='ltr'><strong>sudore</strong></span> <span class='ocrx_word' id='word_1_343' title='bbox 3324 2157 3498 2212; x_wconf 90' lang='lat' dir='ltr'><strong>multo</strong></span> 
     </span>
    </p>
   </div>
   <div class='ocr_carea' id='block_1_52' title="bbox 1919 2251 3542 2334">
    <p class='ocr_par' dir='ltr' id='par_1_52' title="bbox 1919 2251 3542 2334">
     <span class='ocr_line' id='line_1_52' title="bbox 1919 2251 3542 2334; baseline -0.012 -14"><span class='ocrx_word' id='word_1_344' title='bbox 1919 2281 1984 2320; x_wconf 90' lang='lat' dir='ltr'><strong>ac</strong></span> <span class='ocrx_word' id='word_1_345' title='bbox 2013 2261 2352 2334; x_wconf 86' lang='lat' dir='ltr'><strong>parcimonia</strong></span> <span class='ocrx_word' id='word_1_346' title='bbox 2385 2265 2773 2329; x_wconf 84' lang='lat' dir='ltr'><strong>comparantur</strong></span> <span class='ocrx_word' id='word_1_347' title='bbox 2803 2274 2816 2310; x_wconf 88' lang='lat'><strong>:</strong></span> <span class='ocrx_word' id='word_1_348' title='bbox 2865 2269 3007 2323; x_wconf 82' lang='lat' dir='ltr'><strong>saepe</strong></span> <span class='ocrx_word' id='word_1_349' title='bbox 3039 2253 3198 2307; x_wconf 86' lang='lat' dir='ltr'><strong>etiam</strong></span> <span class='ocrx_word' id='word_1_350' title='bbox 3227 2251 3280 2304; x_wconf 90' lang='lat' dir='ltr'><strong>in</strong></span> <span class='ocrx_word' id='word_1_351' title='bbox 3314 2257 3498 2307; x_wconf 84' lang='lat' dir='ltr'><strong>custo-</strong></span> <span class='ocrx_word' id='word_1_352' title='bbox 3533 2312 3542 2320; x_wconf 37' lang='grc' dir='ltr'><strong>ο</strong></span> 
     </span>
    </p>
   </div>
   <div class='ocr_carea' id='block_1_53' title="bbox 1919 2340 3494 2424">
    <p class='ocr_par' dir='ltr' id='par_1_53' title="bbox 1919 2340 3494 2424">
     <span class='ocr_line' id='line_1_53' title="bbox 1919 2340 3494 2424; baseline -0.013 -13"><span class='ocrx_word' id='word_1_353' title='bbox 1919 2357 2004 2412; x_wconf 89' lang='lat' dir='ltr'><strong>dis</strong></span> <span class='ocrx_word' id='word_1_354' title='bbox 2037 2353 2330 2424; x_wconf 85' lang='lat' dir='ltr'><strong>perniciem</strong></span> <span class='ocrx_word' id='word_1_355' title='bbox 2387 2349 2640 2420; x_wconf 75' lang='lat' dir='ltr'><strong>scpositze</strong></span> <span class='ocrx_word' id='word_1_356' title='bbox 2675 2347 3055 2416; x_wconf 86' lang='lat' dir='ltr'><strong>reperiuntur;</strong></span> <span class='ocrx_word' id='word_1_357' title='bbox 3114 2343 3310 2396; x_wconf 83' lang='lat' dir='ltr'><strong>malum</strong></span> <span class='ocrx_word' id='word_1_358' title='bbox 3353 2340 3494 2394; x_wconf 88' lang='lat' dir='ltr'><strong>enim</strong></span> 
     </span>
    </p>
   </div>
   <div class='ocr_carea' id='block_1_54' title="bbox 1921 2434 3582 2514">
    <p class='ocr_par' dir='ltr' id='par_1_54' title="bbox 1921 2434 3582 2514">
     <span class='ocr_line' id='line_1_54' title="bbox 1921 2434 3582 2514; baseline -0.011 -11"><span class='ocrx_word' id='word_1_359' title='bbox 1921 2445 2210 2503; x_wconf 79' lang='lat' dir='ltr'><strong>manifesto</strong></span> <span class='ocrx_word' id='word_1_360' title='bbox 2252 2461 2352 2514; x_wconf 89' lang='lat' dir='ltr'><strong>pro</strong></span> <span class='ocrx_word' id='word_1_361' title='bbox 2401 2441 2631 2512; x_wconf 81' lang='lat' dir='ltr'><strong>pernicie</strong></span> <span class='ocrx_word' id='word_1_362' title='bbox 2665 2439 2989 2507; x_wconf 86' lang='lat' dir='ltr'><strong>usurpavit:</strong></span> <span class='ocrx_word' id='word_1_363' title='bbox 3023 2445 3139 2491; x_wconf 89' lang='lat' dir='ltr'><strong>tum</strong></span> <span class='ocrx_word' id='word_1_364' title='bbox 3201 2434 3500 2490; x_wconf 87' lang='lat' dir='ltr'><strong>tentatione</strong></span> <span class='ocrx_word' id='word_1_365' title='bbox 3575 2479 3582 2485; x_wconf 88' lang='lat'><strong>.</strong></span> 
     </span>
    </p>
   </div>
   <div class='ocr_carea' id='block_1_55' title="bbox 1921 2521 3499 2606">
    <p class='ocr_par' dir='ltr' id='par_1_55' title="bbox 1921 2521 3499 2606">
     <span class='ocr_line' id='line_1_55' title="bbox 1921 2521 3499 2606; baseline -0.011 -14"><span class='ocrx_word' id='word_1_366' title='bbox 1921 2539 2104 2606; x_wconf 85' lang='lat' dir='ltr'><strong>aliqua</strong></span> <span class='ocrx_word' id='word_1_367' title='bbox 2149 2535 2357 2598; x_wconf 86' lang='lat' dir='ltr'><strong>oblata,</strong></span> <span class='ocrx_word' id='word_1_368' title='bbox 2413 2539 2632 2601; x_wconf 90' lang='lat' dir='ltr'><strong>repente</strong></span> <span class='ocrx_word' id='word_1_369' title='bbox 2675 2529 3012 2597; x_wconf 86' lang='lat' dir='ltr'><strong>dispereunt,</strong></span> <span class='ocrx_word' id='word_1_370' title='bbox 3054 2525 3399 2581; x_wconf 75' lang='lat' dir='ltr'><strong>transmissae</strong></span> <span class='ocrx_word' id='word_1_371' title='bbox 3430 2521 3499 2576; x_wconf 87' lang='lat' dir='ltr'><strong>ad</strong></span> 
     </span>
    </p>
   </div>
   <div class='ocr_carea' id='block_1_56' title="bbox 1923 2615 3502 2695">
    <p class='ocr_par' dir='ltr' id='par_1_56' title="bbox 1923 2615 3502 2695">
     <span class='ocr_line' id='line_1_56' title="bbox 1923 2615 3502 2695; baseline -0.01 -12"><span class='ocrx_word' id='word_1_372' title='bbox 1923 2629 2081 2691; x_wconf 82' lang='lat' dir='ltr'><strong>alios,</strong></span> <span class='ocrx_word' id='word_1_373' title='bbox 2113 2639 2348 2695; x_wconf 88' lang='lat' dir='ltr'><strong>eumque</strong></span> <span class='ocrx_word' id='word_1_374' title='bbox 2399 2620 2458 2676; x_wconf 90' lang='lat' dir='ltr'><strong>in</strong></span> <span class='ocrx_word' id='word_1_375' title='bbox 2489 2621 2649 2688; x_wconf 82' lang='lat' dir='ltr'><strong>cujus</strong></span> <span class='ocrx_word' id='word_1_376' title='bbox 2690 2618 2966 2687; x_wconf 88' lang='lat' dir='ltr'><strong>mancipio</strong></span> <span class='ocrx_word' id='word_1_377' title='bbox 3002 2625 3179 2682; x_wconf 89' lang='lat' dir='ltr'><strong>erant,</strong></span> <span class='ocrx_word' id='word_1_378' title='bbox 3210 2615 3418 2669; x_wconf 90' lang='lat' dir='ltr'><strong>nudum</strong></span> <span class='ocrx_word' id='word_1_379' title='bbox 3446 2623 3502 2668; x_wconf 90' lang='lat' dir='ltr'><strong>et</strong></span> 
     </span>
    </p>
   </div>
   <div class='ocr_carea' id='block_1_57' title="bbox 1923 2703 3501 2780">
    <p class='ocr_par' dir='ltr' id='par_1_57' title="bbox 1923 2703 3501 2780">
     <span class='ocr_line' id='line_1_57' title="bbox 1923 2703 3501 2780; baseline -0.013 -3"><span class='ocrx_word' id='word_1_380' title='bbox 1923 2717 2307 2776; x_wconf 73' lang='lat' dir='ltr'><strong>omnisolatio</strong></span> <span class='ocrx_word' id='word_1_381' title='bbox 2353 2715 2605 2768; x_wconf 88' lang='lat' dir='ltr'><strong>orbatum</strong></span> <span class='ocrx_word' id='word_1_382' title='bbox 2662 2711 2998 2780; x_wconf 86' lang='lat' dir='ltr'><strong>relinquunt.</strong></span> <span class='ocrx_word' id='word_1_383' title='bbox 3046 2707 3157 2760; x_wconf 78' lang='lat' dir='ltr'><strong>Aut</strong></span> <span class='ocrx_word' id='word_1_384' title='bbox 3201 2705 3369 2768; x_wconf 89' lang='lat' dir='ltr'><strong>enim,</strong></span> <span class='ocrx_word' id='word_1_385' title='bbox 3409 2703 3501 2758; x_wconf 91' lang='lat' dir='ltr'><strong>illo</strong></span> 
     </span>
    </p>
   </div>
   <div class='ocr_carea' id='block_1_58' title="bbox 1925 2801 3502 2880">
    <p class='ocr_par' dir='ltr' id='par_1_58' title="bbox 1925 2801 3502 2880">
     <span class='ocr_line' id='line_1_58' title="bbox 1925 2801 3502 2880; baseline -0.011 -12"><span class='ocrx_word' id='word_1_386' title='bbox 1925 2813 1996 2868; x_wconf 93' lang='lat' dir='ltr'><strong>ob</strong></span> <span class='ocrx_word' id='word_1_387' title='bbox 2024 2813 2172 2880; x_wconf 89' lang='lat' dir='ltr'><strong>ipsas</strong></span> <span class='ocrx_word' id='word_1_388' title='bbox 2196 2808 2416 2865; x_wconf 84' lang='lat' dir='ltr'><strong>divitias</strong></span> <span class='ocrx_word' id='word_1_389' title='bbox 2444 2806 2818 2862; x_wconf 86' lang='lat' dir='ltr'><strong>circumvento</strong></span> <span class='ocrx_word' id='word_1_390' title='bbox 2839 2812 2896 2858; x_wconf 89' lang='lat' dir='ltr'><strong>et</strong></span> <span class='ocrx_word' id='word_1_391' title='bbox 2923 2801 3214 2856; x_wconf 90' lang='lat' dir='ltr'><strong>calumniis</strong></span> <span class='ocrx_word' id='word_1_392' title='bbox 3237 2811 3502 2870; x_wconf 76' lang='lat' dir='ltr'><strong>oppresso</strong></span> 
     </span>
    </p>
   </div>
   <div class='ocr_carea' id='block_1_59' title="bbox 1927 2891 3503 2974">
    <p class='ocr_par' dir='ltr' id='par_1_59' title="bbox 1927 2891 3503 2974">
     <span class='ocr_line' id='line_1_59' title="bbox 1927 2891 3503 2974; baseline -0.012 -16"><span class='ocrx_word' id='word_1_393' title='bbox 1927 2902 2226 2974; x_wconf 81' lang='lat' dir='ltr'><strong>capitisque</strong></span> <span class='ocrx_word' id='word_1_394' title='bbox 2266 2896 2547 2959; x_wconf 83' lang='lat' dir='ltr'><strong>damnato,</strong></span> <span class='ocrx_word' id='word_1_395' title='bbox 2591 2903 2858 2965; x_wconf 83' lang='lat' dir='ltr'><strong>quantum</strong></span> <span class='ocrx_word' id='word_1_396' title='bbox 2909 2891 3144 2946; x_wconf 82' lang='lat' dir='ltr'><strong>habebat</strong></span> <span class='ocrx_word' id='word_1_397' title='bbox 3177 2905 3340 2960; x_wconf 88' lang='lat' dir='ltr'><strong>opum</strong></span> <span class='ocrx_word' id='word_1_398' title='bbox 3372 2902 3503 2958; x_wconf 82' lang='lat' dir='ltr'><strong>pro-</strong></span> 
     </span>
    </p>
   </div>
   <div class='ocr_carea' id='block_1_60' title="bbox 238 2977 1828 3088">
    <p class='ocr_par' dir='ltr' id='par_1_60' title="bbox 238 2977 1826 3055">
     <span class='ocr_line' id='line_1_60' title="bbox 238 2977 1826 3055; baseline -0.001 -17"><span class='ocrx_word' id='word_1_399' title='bbox 238 2985 433 3046; x_wconf 82' lang='grc' dir='ltr'>θέντος</span> <span class='ocrx_word' id='word_1_400' title='bbox 478 2984 578 3052; x_wconf 79' lang='grc' dir='ltr'><strong>καὶ</strong></span> <span class='ocrx_word' id='word_1_401' title='bbox 627 2985 1132 3055; x_wconf 63' lang='grc' dir='ltr'>σμκοφαντηθέντος</span> <span class='ocrx_word' id='word_1_402' title='bbox 1177 2985 1265 3038; x_wconf 78' lang='grc' dir='ltr'>διὰ</span> <span class='ocrx_word' id='word_1_403' title='bbox 1316 2977 1410 3039; x_wconf 67' lang='grc' dir='ltr'>τιν</span> <span class='ocrx_word' id='word_1_404' title='bbox 1443 2985 1696 3050; x_wconf 84' lang='grc' dir='ltr'>πλοῦτον,</span> <span class='ocrx_word' id='word_1_405' title='bbox 1731 2985 1826 3039; x_wconf 84' lang='grc' dir='ltr'>καὶ</span> 
     </span>
    </p>
   </div>
   <div class='ocr_carea' id='block_1_61' title="bbox 1933 2977 3500 3088">
    <p class='ocr_par' dir='ltr' id='par_1_61' title="bbox 1933 2980 3500 3060">
     <span class='ocr_line' id='line_1_61' title="bbox 1933 2980 3500 3060; baseline -0.012 -9"><span class='ocrx_word' id='word_1_406' title='bbox 1933 2995 2206 3058; x_wconf 77' lang='lat' dir='ltr'><strong>scribitur,</strong></span> <span class='ocrx_word' id='word_1_407' title='bbox 2237 2999 2292 3046; x_wconf 90' lang='lat' dir='ltr'><strong>et</strong></span> <span class='ocrx_word' id='word_1_408' title='bbox 2330 2991 2509 3060; x_wconf 85' lang='lat' dir='ltr'><strong>regios</strong></span> <span class='ocrx_word' id='word_1_409' title='bbox 2543 2989 2597 3043; x_wconf 91' lang='lat' dir='ltr'><strong>in</strong></span> <span class='ocrx_word' id='word_1_410' title='bbox 2643 2987 2807 3042; x_wconf 81' lang='lat' dir='ltr'><strong>ﬁscos</strong></span> <span class='ocrx_word' id='word_1_411' title='bbox 2853 2983 3088 3039; x_wconf 77' lang='lat' dir='ltr'><strong>infertur</strong></span> <span class='ocrx_word' id='word_1_412' title='bbox 3121 3000 3136 3038; x_wconf 91' lang='lat'><strong>:</strong></span> <span class='ocrx_word' id='word_1_413' title='bbox 3190 2989 3287 3036; x_wconf 90' lang='lat' dir='ltr'><strong>aut</strong></span> <span class='ocrx_word' id='word_1_414' title='bbox 3311 2980 3500 3035; x_wconf 86' lang='lat' dir='ltr'><strong>eodem</strong></span> 
     </span>
    </p>
   </div>
   <div class='ocr_carea' id='block_1_62' title="bbox 238 3071 1828 3154">
    <p class='ocr_par' dir='ltr' id='par_1_62' title="bbox 238 3074 1827 3148">
     <span class='ocr_line' id='line_1_62' title="bbox 238 3074 1827 3148; baseline 0 -18"><span class='ocrx_word' id='word_1_415' title='bbox 238 3077 347 3145; x_wconf 80' lang='grc' dir='ltr'>τὴν</span> <span class='ocrx_word' id='word_1_416' title='bbox 376 3075 615 3145; x_wconf 83' lang='grc' dir='ltr'>ἐσχάτην</span> <span class='ocrx_word' id='word_1_417' title='bbox 635 3074 910 3145; x_wconf 86' lang='grc' dir='ltr'>τιμωρίαν</span> <span class='ocrx_word' id='word_1_418' title='bbox 939 3074 1390 3146; x_wconf 79' lang='grc' dir='ltr'>κατακριθέντος,</span> <span class='ocrx_word' id='word_1_419' title='bbox 1421 3075 1696 3148; x_wconf 80' lang='grc' dir='ltr'>ἐδημεύθη</span> <span class='ocrx_word' id='word_1_420' title='bbox 1731 3077 1827 3130; x_wconf 69' lang='grc' dir='ltr'><strong>καὶ</strong></span> 
     </span>
    </p>
   </div>
   <div class='ocr_carea' id='block_1_63' title="bbox 1933 3071 3504 3154">
    <p class='ocr_par' dir='ltr' id='par_1_63' title="bbox 1933 3071 3504 3154">
     <span class='ocr_line' id='line_1_63' title="bbox 1933 3071 3504 3154; baseline -0.011 -15"><span class='ocrx_word' id='word_1_421' title='bbox 1933 3085 1983 3139; x_wconf 94' lang='lat' dir='ltr'><strong>in</strong></span> <span class='ocrx_word' id='word_1_422' title='bbox 2035 3085 2333 3154; x_wconf 86' lang='lat' dir='ltr'><strong>piratarum</strong></span> <span class='ocrx_word' id='word_1_423' title='bbox 2379 3077 2609 3135; x_wconf 91' lang='lat' dir='ltr'><strong>insidias</strong></span> <span class='ocrx_word' id='word_1_424' title='bbox 2659 3085 2714 3134; x_wconf 89' lang='lat' dir='ltr'><strong>et</strong></span> <span class='ocrx_word' id='word_1_425' title='bbox 2766 3075 3084 3147; x_wconf 76' lang='lat' dir='ltr'><strong>praedonum</strong></span> <span class='ocrx_word' id='word_1_426' title='bbox 3136 3071 3504 3127; x_wconf 86' lang='lat' dir='ltr'><strong>incursionem</strong></span> 
     </span>
    </p>
   </div>
   <div class='ocr_carea' id='block_1_64' title="bbox 239 3162 1828 3237">
    <p class='ocr_par' dir='ltr' id='par_1_64' title="bbox 239 3162 1828 3237">
     <span class='ocr_line' id='line_1_64' title="bbox 239 3162 1828 3237; baseline -0.001 -18"><span class='ocrx_word' id='word_1_427' title='bbox 239 3169 361 3228; x_wconf 79' lang='grc' dir='ltr'>τοῖς</span> <span class='ocrx_word' id='word_1_428' title='bbox 413 3164 716 3234; x_wconf 82' lang='grc' dir='ltr'>βασιλικοῖς</span> <span class='ocrx_word' id='word_1_429' title='bbox 749 3162 1013 3236; x_wconf 80' lang='grc' dir='ltr'>ἐνεϐλήθη</span> <span class='ocrx_word' id='word_1_430' title='bbox 1051 3165 1325 3236; x_wconf 80' lang='grc' dir='ltr'>ταμιείοις</span> <span class='ocrx_word' id='word_1_431' title='bbox 1355 3167 1384 3219; x_wconf 83' lang='grc' dir='ltr'><strong>ὁ</strong></span> <span class='ocrx_word' id='word_1_432' title='bbox 1412 3164 1632 3231; x_wconf 83' lang='grc' dir='ltr'>προσὼν</span> <span class='ocrx_word' id='word_1_433' title='bbox 1675 3164 1828 3237; x_wconf 81' lang='grc' dir='ltr'><strong>αὐτῷ</strong></span> 
     </span>
    </p>
   </div>
   <div class='ocr_carea' id='block_1_65' title="bbox 245 3255 1830 3328">
    <p class='ocr_par' dir='ltr' id='par_1_65' title="bbox 245 3255 1830 3328">
     <span class='ocr_line' id='line_1_65' title="bbox 245 3255 1830 3328; baseline 0.001 -17"><span class='ocrx_word' id='word_1_434' title='bbox 245 3256 483 3320; x_wconf 86' lang='grc' dir='ltr'>πλοῦτος</span> <span class='ocrx_word' id='word_1_435' title='bbox 503 3271 518 3286; x_wconf 80' lang='grc'><em>’</em></span> <span class='ocrx_word' id='word_1_436' title='bbox 548 3255 582 3328; x_wconf 79' lang='grc' dir='ltr'>ἢ</span> <span class='ocrx_word' id='word_1_437' title='bbox 614 3255 888 3327; x_wconf 83' lang='grc' dir='ltr'>πειρατῶν</span> <span class='ocrx_word' id='word_1_438' title='bbox 915 3257 1010 3310; x_wconf 76' lang='grc' dir='ltr'>καὶ</span> <span class='ocrx_word' id='word_1_439' title='bbox 1032 3255 1247 3327; x_wconf 82' lang='grc' dir='ltr'>λῃστῶν</span> <span class='ocrx_word' id='word_1_440' title='bbox 1279 3257 1488 3326; x_wconf 80' lang='grc' dir='ltr'>ἐφόδοις</span> <span class='ocrx_word' id='word_1_441' title='bbox 1514 3258 1610 3312; x_wconf 81' lang='grc' dir='ltr'><strong>καὶ</strong></span> <span class='ocrx_word' id='word_1_442' title='bbox 1637 3257 1830 3328; x_wconf 78' lang='grc' dir='ltr'>λεηλα-</span> 
     </span>
    </p>
   </div>
   <div class='ocr_carea' id='block_1_66' title="bbox 248 3347 1829 3419">
    <p class='ocr_par' dir='ltr' id='par_1_66' title="bbox 248 3347 1829 3419">
     <span class='ocr_line' id='line_1_66' title="bbox 248 3347 1829 3419; baseline -0.001 -17"><span class='ocrx_word' id='word_1_443' title='bbox 248 3349 398 3410; x_wconf 82' lang='grc' dir='ltr'>σίαις</span> <span class='ocrx_word' id='word_1_444' title='bbox 425 3348 853 3417; x_wconf 86' lang='grc' dir='ltr'>κατηντηκότος,</span> <span class='ocrx_word' id='word_1_445' title='bbox 885 3347 979 3399; x_wconf 73' lang='grc' dir='ltr'>καὶ</span> <span class='ocrx_word' id='word_1_446' title='bbox 1009 3347 1294 3414; x_wconf 80' lang='grc' dir='ltr'>γεγονότος</span> <span class='ocrx_word' id='word_1_447' title='bbox 1339 3347 1372 3419; x_wconf 77' lang='grc' dir='ltr'>ἢ</span> <span class='ocrx_word' id='word_1_448' title='bbox 1415 3347 1579 3418; x_wconf 73' lang='grc' dir='ltr'>ἔργου</span> <span class='ocrx_word' id='word_1_449' title='bbox 1622 3350 1829 3419; x_wconf 79' lang='grc' dir='ltr'>αἰχμῆς</span> 
     </span>
    </p>
   </div>
   <div class='ocr_carea' id='block_1_67' title="bbox 245 3437 1830 3510">
    <p class='ocr_par' dir='ltr' id='par_1_67' title="bbox 245 3437 1830 3510">
     <span class='ocr_line' id='line_1_67' title="bbox 245 3437 1830 3510; baseline 0.001 -18"><span class='ocrx_word' id='word_1_450' title='bbox 245 3440 282 3510; x_wconf 75' lang='grc' dir='ltr'><strong>ἢ</strong></span> <span class='ocrx_word' id='word_1_451' title='bbox 313 3438 558 3492; x_wconf 79' lang='grc' dir='ltr'>θανάτου</span> <span class='ocrx_word' id='word_1_452' title='bbox 593 3437 964 3508; x_wconf 80' lang='grc' dir='ltr'>φευκτοτέρας</span> <span class='ocrx_word' id='word_1_453' title='bbox 995 3438 1301 3508; x_wconf 74' lang='grc' dir='ltr'>ἀπαγωγῆς</span> <span class='ocrx_word' id='word_1_454' title='bbox 1333 3439 1427 3492; x_wconf 75' lang='grc' dir='ltr'>καὶ</span> <span class='ocrx_word' id='word_1_455' title='bbox 1463 3437 1726 3503; x_wconf 86' lang='grc' dir='ltr'>δουλείας,</span> <span class='ocrx_word' id='word_1_456' title='bbox 1753 3439 1830 3510; x_wconf 83' lang='grc' dir='ltr'>τῷ</span> 
     </span>
    </p>
   </div>
   <div class='ocr_carea' id='block_1_68' title="bbox 251 3528 1830 3602">
    <p class='ocr_par' dir='ltr' id='par_1_68' title="bbox 251 3528 1830 3602">
     <span class='ocr_line' id='line_1_68' title="bbox 251 3528 1830 3602; baseline -0.001 -20"><span class='ocrx_word' id='word_1_457' title='bbox 251 3529 529 3597; x_wconf 76' lang='grc' dir='ltr'>συμϐάντι</span> <span class='ocrx_word' id='word_1_458' title='bbox 564 3528 856 3599; x_wconf 82' lang='grc' dir='ltr'>πειρασμῷ</span> <span class='ocrx_word' id='word_1_459' title='bbox 893 3529 987 3582; x_wconf 75' lang='grc' dir='ltr'>καὶ</span> <span class='ocrx_word' id='word_1_460' title='bbox 1015 3531 1078 3600; x_wconf 80' lang='grc' dir='ltr'>τῇ</span> <span class='ocrx_word' id='word_1_461' title='bbox 1109 3528 1340 3602; x_wconf 80' lang='grc' dir='ltr'>τοιαύτῃ</span> <span class='ocrx_word' id='word_1_462' title='bbox 1367 3531 1624 3601; x_wconf 79' lang='grc' dir='ltr'>συμφορᾷ</span> <span class='ocrx_word' id='word_1_463' title='bbox 1653 3531 1745 3583; x_wconf 70' lang='grc' dir='ltr'>καὶ</span> <span class='ocrx_word' id='word_1_464' title='bbox 1768 3529 1830 3582; x_wconf 78' lang='grc' dir='ltr'>τὸ</span> 
     </span>
    </p>
   </div>
   <div class='ocr_carea' id='block_1_69' title="bbox 251 3617 1830 3692">
    <p class='ocr_par' dir='ltr' id='par_1_69' title="bbox 251 3617 1830 3692">
     <span class='ocr_line' id='line_1_69' title="bbox 251 3617 1830 3692; baseline 0.001 -21"><span class='ocrx_word' id='word_1_465' title='bbox 251 3618 350 3672; x_wconf 83' lang='grc' dir='ltr'><strong>τοῦ</strong></span> <span class='ocrx_word' id='word_1_466' title='bbox 381 3617 617 3672; x_wconf 85' lang='grc' dir='ltr'>πλούτου</span> <span class='ocrx_word' id='word_1_467' title='bbox 650 3618 901 3672; x_wconf 85' lang='grc' dir='ltr'>πλεῖστον</span> <span class='ocrx_word' id='word_1_468' title='bbox 950 3619 1258 3686; x_wconf 85' lang='grc' dir='ltr'>συναπῆλθε</span> <span class='ocrx_word' id='word_1_469' title='bbox 1303 3620 1399 3674; x_wconf 74' lang='grc' dir='ltr'><strong>καὶ</strong></span> <span class='ocrx_word' id='word_1_470' title='bbox 1448 3619 1830 3692; x_wconf 84' lang='grc' dir='ltr'>συμμετῆλθεν</span> 
     </span>
    </p>
   </div>
   <div class='ocr_carea' id='block_1_70' title="bbox 167 3709 1832 3793">
    <p class='ocr_par' dir='ltr' id='par_1_70' title="bbox 167 3709 1832 3793">
     <span class='ocr_line' id='line_1_70' title="bbox 167 3709 1832 3793; baseline -0.001 -29"><span class='ocrx_word' id='word_1_471' title='bbox 167 3786 178 3793; x_wconf 42' lang='grc'><strong>.</strong></span> <span class='ocrx_word' id='word_1_472' title='bbox 253 3713 335 3773; x_wconf 73' lang='grc' dir='ltr'>εἰς</span> <span class='ocrx_word' id='word_1_473' title='bbox 362 3709 465 3770; x_wconf 73' lang='grc' dir='ltr'>τὰς</span> <span class='ocrx_word' id='word_1_474' title='bbox 495 3709 720 3764; x_wconf 79' lang='grc' dir='ltr'>ἐκείνων</span> <span class='ocrx_word' id='word_1_475' title='bbox 755 3713 963 3780; x_wconf 81' lang='grc' dir='ltr'>χεῖρας.</span> <span class='ocrx_word' id='word_1_476' title='bbox 991 3709 1146 3783; x_wconf 81' lang='grc' dir='ltr'>Τάχα</span> <span class='ocrx_word' id='word_1_477' title='bbox 1168 3711 1225 3764; x_wconf 88' lang='grc' dir='ltr'>δὲ</span> <span class='ocrx_word' id='word_1_478' title='bbox 1251 3711 1346 3764; x_wconf 71' lang='grc' dir='ltr'>καὶ</span> <span class='ocrx_word' id='word_1_479' title='bbox 1367 3710 1512 3765; x_wconf 77' lang='grc' dir='ltr'>κατὰ</span> <span class='ocrx_word' id='word_1_480' title='bbox 1543 3728 1664 3772; x_wconf 83' lang='grc' dir='ltr'>τινα</span> <span class='ocrx_word' id='word_1_481' title='bbox 1695 3711 1832 3781; x_wconf 78' lang='grc' dir='ltr'>σύμ-</span> 
     </span>
    </p>
   </div>
   <div class='ocr_carea' id='block_1_71' title="bbox 255 3798 1834 3872">
    <p class='ocr_par' dir='ltr' id='par_1_71' title="bbox 255 3798 1834 3872">
     <span class='ocr_line' id='line_1_71' title="bbox 255 3798 1834 3872; baseline 0.002 -20"><span class='ocrx_word' id='word_1_482' title='bbox 255 3800 418 3852; x_wconf 86' lang='grc' dir='ltr'>ϐασιν</span> <span class='ocrx_word' id='word_1_483' title='bbox 447 3800 730 3866; x_wconf 75' lang='grc' dir='ltr'>γεγονότος</span> <span class='ocrx_word' id='word_1_484' title='bbox 757 3799 1090 3869; x_wconf 68' lang='grc' dir='ltr'>ἐμπρησμοῦ</span> <span class='ocrx_word' id='word_1_485' title='bbox 1116 3841 1132 3864; x_wconf 90' lang='grc'><strong>,</strong></span> <span class='ocrx_word' id='word_1_486' title='bbox 1173 3801 1298 3854; x_wconf 84' lang='grc' dir='ltr'>κατ’</span> <span class='ocrx_word' id='word_1_487' title='bbox 1343 3801 1494 3856; x_wconf 81' lang='grc' dir='ltr'>οὐδὲν</span> <span class='ocrx_word' id='word_1_488' title='bbox 1522 3798 1686 3872; x_wconf 70' lang='grc' dir='ltr'><strong>⁴ἦττον</strong></span> <span class='ocrx_word' id='word_1_489' title='bbox 1729 3804 1834 3855; x_wconf 86' lang='grc' dir='ltr'><strong>ἁπ-</strong></span> 
     </span>
    </p>
   </div>
   <div class='ocr_carea' id='block_1_72' title="bbox 255 3889 1836 3966">
    <p class='ocr_par' dir='ltr' id='par_1_72' title="bbox 255 3889 1836 3966">
     <span class='ocr_line' id='line_1_72' title="bbox 255 3889 1836 3966; baseline 0.001 -24"><span class='ocrx_word' id='word_1_490' title='bbox 255 3891 428 3943; x_wconf 80' lang='grc' dir='ltr'>ὡλετο</span> <span class='ocrx_word' id='word_1_491' title='bbox 460 3889 823 3966; x_wconf 77' lang='grc' dir='ltr'>συμφλεχθεὶς</span> <span class='ocrx_word' id='word_1_492' title='bbox 847 3891 880 3962; x_wconf 80' lang='grc' dir='ltr'>ἢ</span> <span class='ocrx_word' id='word_1_493' title='bbox 909 3889 1182 3960; x_wconf 78' lang='grc' dir='ltr'>συληθεὶς,</span> <span class='ocrx_word' id='word_1_494' title='bbox 1217 3893 1314 3945; x_wconf 72' lang='grc' dir='ltr'>καὶ</span> <span class='ocrx_word' id='word_1_495' title='bbox 1344 3893 1373 3945; x_wconf 86' lang='grc' dir='ltr'><strong>ό</strong></span> <span class='ocrx_word' id='word_1_496' title='bbox 1399 3891 1628 3956; x_wconf 86' lang='grc' dir='ltr'>πλοῦτος</span> <span class='ocrx_word' id='word_1_497' title='bbox 1661 3909 1836 3960; x_wconf 79' lang='grc' dir='ltr'>πεφυ-</span> 
     </span>
    </p>
   </div>
   <div class='ocr_carea' id='block_1_73' title="bbox 256 3979 1834 4051">
    <p class='ocr_par' dir='ltr' id='par_1_73' title="bbox 256 3979 1834 4051">
     <span class='ocr_line' id='line_1_73' title="bbox 256 3979 1834 4051; baseline -0.001 -15"><span class='ocrx_word' id='word_1_498' title='bbox 256 3981 533 4050; x_wconf 73' lang='grc' dir='ltr'>λαγμένος</span> <span class='ocrx_word' id='word_1_499' title='bbox 579 3981 660 4043; x_wconf 86' lang='grc' dir='ltr'><strong>εἰς</strong></span> <span class='ocrx_word' id='word_1_500' title='bbox 693 3980 935 4034; x_wconf 73' lang='grc' dir='ltr'>κάκωσιν</span> <span class='ocrx_word' id='word_1_501' title='bbox 974 3981 1068 4034; x_wconf 79' lang='grc' dir='ltr'>καὶ</span> <span class='ocrx_word' id='word_1_502' title='bbox 1119 3979 1302 4050; x_wconf 76' lang='grc' dir='ltr'>θλίψιν</span> <span class='ocrx_word' id='word_1_503' title='bbox 1343 3980 1438 4034; x_wconf 87' lang='grc' dir='ltr'><strong>τοῦ</strong></span> <span class='ocrx_word' id='word_1_504' title='bbox 1489 3981 1834 4051; x_wconf 86' lang='grc' dir='ltr'>κτησαμένου</span> 
     </span>
    </p>
   </div>
   <div class='ocr_carea' id='block_1_74' title="bbox 258 4067 1838 4144">
    <p class='ocr_par' dir='ltr' id='par_1_74' title="bbox 258 4067 1838 4144">
     <span class='ocr_line' id='line_1_74' title="bbox 258 4067 1838 4144; baseline -0.001 -16"><span class='ocrx_word' id='word_1_505' title='bbox 258 4074 356 4128; x_wconf 73' lang='grc' dir='ltr'>καὶ</span> <span class='ocrx_word' id='word_1_506' title='bbox 377 4073 597 4142; x_wconf 78' lang='grc' dir='ltr'>ἔχοντος</span> <span class='ocrx_word' id='word_1_507' title='bbox 625 4071 766 4130; x_wconf 75' lang='grc' dir='ltr'>κατὰ</span> <span class='ocrx_word' id='word_1_508' title='bbox 795 4071 895 4142; x_wconf 86' lang='grc' dir='ltr'>τὴν</span> <span class='ocrx_word' id='word_1_509' title='bbox 927 4073 1266 4144; x_wconf 69' lang='grc' dir='ltr'>ἀρρωστίαν,</span> <span class='ocrx_word' id='word_1_510' title='bbox 1292 4074 1360 4144; x_wconf 79' lang='grc' dir='ltr'>ἢν</span> <span class='ocrx_word' id='word_1_511' title='bbox 1386 4067 1542 4128; x_wconf 79' lang='grc' dir='ltr'>εἶπεν</span> <span class='ocrx_word' id='word_1_512' title='bbox 1573 4073 1698 4126; x_wconf 81' lang='grc' dir='ltr'>ίδεϊν</span> <span class='ocrx_word' id='word_1_513' title='bbox 1730 4073 1838 4139; x_wconf 73' lang='grc' dir='ltr'><strong>ὑπὸ</strong></span> 
     </span>
    </p>
   </div>
   <div class='ocr_carea' id='block_1_75' title="bbox 257 4163 1268 4236">
    <p class='ocr_par' dir='ltr' id='par_1_75' title="bbox 257 4163 1268 4236">
     <span class='ocr_line' id='line_1_75' title="bbox 257 4163 1268 4236; baseline 0.001 -17"><span class='ocrx_word' id='word_1_514' title='bbox 257 4166 351 4219; x_wconf 76' lang='grc' dir='ltr'><strong>τὸν</strong></span> <span class='ocrx_word' id='word_1_515' title='bbox 375 4165 528 4235; x_wconf 81' lang='grc' dir='ltr'>ἥλιον</span> <span class='ocrx_word' id='word_1_516' title='bbox 557 4165 585 4216; x_wconf 89' lang='grc' dir='ltr'><strong>ὀ</strong></span> <span class='ocrx_word' id='word_1_517' title='bbox 614 4163 774 4232; x_wconf 78' lang='grc' dir='ltr'>σοφὸς</span> <span class='ocrx_word' id='word_1_518' title='bbox 809 4163 1268 4236; x_wconf 83' lang='grc' dir='ltr'>Ἑκκλησιαστής.</span> 
     </span>
    </p>
   </div>
   <div class='ocr_carea' id='block_1_76' title="bbox 335 4255 1840 4329">
    <p class='ocr_par' dir='ltr' id='par_1_76' title="bbox 335 4255 1840 4329">
     <span class='ocr_line' id='line_1_76' title="bbox 335 4255 1840 4329; baseline -0.002 -18"><span class='ocrx_word' id='word_1_519' title='bbox 335 4259 399 4311; x_wconf 85' lang='grc' dir='ltr'><strong>Εἰ</strong></span> <span class='ocrx_word' id='word_1_520' title='bbox 422 4257 482 4310; x_wconf 84' lang='grc' dir='ltr'><strong>δέ</strong></span> <span class='ocrx_word' id='word_1_521' title='bbox 506 4256 602 4309; x_wconf 77' lang='grc' dir='ltr'>καὶ</span> <span class='ocrx_word' id='word_1_522' title='bbox 628 4256 796 4329; x_wconf 84' lang='grc' dir='ltr'>μηδὲν</span> <span class='ocrx_word' id='word_1_523' title='bbox 825 4255 1067 4326; x_wconf 86' lang='grc' dir='ltr'>συμϐαίη</span> <span class='ocrx_word' id='word_1_524' title='bbox 1093 4255 1356 4320; x_wconf 85' lang='grc' dir='ltr'>τοιοῦτον,</span> <span class='ocrx_word' id='word_1_525' title='bbox 1377 4256 1493 4310; x_wconf 85' lang='grc' dir='ltr'>ἀλλ’</span> <span class='ocrx_word' id='word_1_526' title='bbox 1512 4255 1662 4311; x_wconf 76' lang='grc' dir='ltr'>ἔστιν</span> <span class='ocrx_word' id='word_1_527' title='bbox 1690 4255 1840 4326; x_wconf 82' lang='grc' dir='ltr'><strong>αὐτῷ</strong></span> 
     </span>
    </p>
   </div>
   <div class='ocr_carea' id='block_1_77' title="bbox 1927 3161 3506 3246">
    <p class='ocr_par' dir='ltr' id='par_1_77' title="bbox 1927 3161 3506 3246">
     <span class='ocr_line' id='line_1_77' title="bbox 1927 3161 3506 3246; baseline -0.011 -15"><span class='ocrx_word' id='word_1_528' title='bbox 1927 3175 2203 3246; x_wconf 83' lang='lat' dir='ltr'><strong>prolapso.</strong></span> <span class='ocrx_word' id='word_1_529' title='bbox 2230 3187 2296 3228; x_wconf 91' lang='lat' dir='ltr'><strong>ac</strong></span> <span class='ocrx_word' id='word_1_530' title='bbox 2327 3171 2383 3225; x_wconf 92' lang='lat' dir='ltr'><strong>in</strong></span> <span class='ocrx_word' id='word_1_531' title='bbox 2417 3185 2598 3240; x_wconf 84' lang='lat' dir='ltr'><strong>pugna</strong></span> <span class='ocrx_word' id='word_1_532' title='bbox 2627 3169 2834 3236; x_wconf 88' lang='lat' dir='ltr'><strong>occiso,</strong></span> <span class='ocrx_word' id='word_1_533' title='bbox 2857 3168 2965 3233; x_wconf 85' lang='lat' dir='ltr'><strong>vel,</strong></span> <span class='ocrx_word' id='word_1_534' title='bbox 3015 3163 3176 3236; x_wconf 58' lang='lat'><strong>15.6</strong></span> <span class='ocrx_word' id='word_1_535' title='bbox 3213 3161 3360 3233; x_wconf 89' lang='lat' dir='ltr'><strong>quod</strong></span> <span class='ocrx_word' id='word_1_536' title='bbox 3394 3161 3506 3230; x_wconf 71' lang='lat'><strong>(28)</strong></span> 
     </span>
    </p>
   </div>
   <div class='ocr_carea' id='block_1_78' title="bbox 1930 3254 3506 3330">
    <p class='ocr_par' dir='ltr' id='par_1_78' title="bbox 1930 3254 3506 3330">
     <span class='ocr_line' id='line_1_78' title="bbox 1930 3254 3506 3330; baseline -0.011 -7"><span class='ocrx_word' id='word_1_537' title='bbox 1930 3276 2108 3323; x_wconf 86' lang='lat' dir='ltr'><strong>morte</strong></span> <span class='ocrx_word' id='word_1_538' title='bbox 2158 3265 2400 3321; x_wconf 86' lang='lat' dir='ltr'><strong>deterius</strong></span> <span class='ocrx_word' id='word_1_539' title='bbox 2457 3272 2576 3330; x_wconf 88' lang='lat' dir='ltr'><strong>est,</strong></span> <span class='ocrx_word' id='word_1_540' title='bbox 2628 3263 2685 3317; x_wconf 87' lang='lat' dir='ltr'><strong>in</strong></span> <span class='ocrx_word' id='word_1_541' title='bbox 2739 3260 3058 3318; x_wconf 86' lang='lat' dir='ltr'><strong>servitutem</strong></span> <span class='ocrx_word' id='word_1_542' title='bbox 3117 3257 3386 3318; x_wconf 89' lang='lat' dir='ltr'><strong>abducto,</strong></span> <span class='ocrx_word' id='word_1_543' title='bbox 3451 3254 3506 3307; x_wconf 89' lang='lat' dir='ltr'><strong>iu</strong></span> 
     </span>
    </p>
   </div>
   <div class='ocr_carea' id='block_1_79' title="bbox 1929 3347 3508 3429">
    <p class='ocr_par' dir='ltr' id='par_1_79' title="bbox 1929 3347 3508 3429">
     <span class='ocr_line' id='line_1_79' title="bbox 1929 3347 3508 3429; baseline -0.01 -14"><span class='ocrx_word' id='word_1_544' title='bbox 1929 3360 2049 3429; x_wconf 89' lang='lat' dir='ltr'><strong>ipso</strong></span> <span class='ocrx_word' id='word_1_545' title='bbox 2106 3358 2352 3429; x_wconf 88' lang='lat' dir='ltr'><strong>periculo</strong></span> <span class='ocrx_word' id='word_1_546' title='bbox 2402 3366 2457 3411; x_wconf 91' lang='lat' dir='ltr'><strong>et</strong></span> <span class='ocrx_word' id='word_1_547' title='bbox 2513 3355 2826 3412; x_wconf 81' lang='lat' dir='ltr'><strong>calamitate</strong></span> <span class='ocrx_word' id='word_1_548' title='bbox 2871 3366 2996 3422; x_wconf 86' lang='lat' dir='ltr'><strong>pars</strong></span> <span class='ocrx_word' id='word_1_549' title='bbox 3047 3364 3212 3420; x_wconf 88' lang='lat' dir='ltr'><strong>opum</strong></span> <span class='ocrx_word' id='word_1_550' title='bbox 3269 3347 3508 3402; x_wconf 82' lang='lat' dir='ltr'><strong>maxima</strong></span> 
     </span>
    </p>
   </div>
   <div class='ocr_carea' id='block_1_80' title="bbox 1931 3433 3511 3518">
    <p class='ocr_par' dir='ltr' id='par_1_80' title="bbox 1931 3433 3511 3518">
     <span class='ocr_line' id='line_1_80' title="bbox 1931 3433 3511 3518; baseline -0.008 -15"><span class='ocrx_word' id='word_1_551' title='bbox 1931 3447 2283 3518; x_wconf 86' lang='lat' dir='ltr'><strong>disperditur,</strong></span> <span class='ocrx_word' id='word_1_552' title='bbox 2318 3455 2372 3501; x_wconf 91' lang='lat' dir='ltr'><strong>et</strong></span> <span class='ocrx_word' id='word_1_553' title='bbox 2419 3445 2474 3500; x_wconf 90' lang='lat' dir='ltr'><strong>in</strong></span> <span class='ocrx_word' id='word_1_554' title='bbox 2524 3445 2743 3500; x_wconf 89' lang='lat' dir='ltr'><strong>illorum</strong></span> <span class='ocrx_word' id='word_1_555' title='bbox 2801 3433 3052 3514; x_wconf 79' lang='lat' dir='ltr'><strong>pervenit</strong></span> <span class='ocrx_word' id='word_1_556' title='bbox 3104 3454 3322 3494; x_wconf 89' lang='lat' dir='ltr'><strong>manus.</strong></span> <span class='ocrx_word' id='word_1_557' title='bbox 3372 3435 3511 3492; x_wconf 89' lang='lat' dir='ltr'><strong>For-</strong></span> 
     </span>
    </p>
   </div>
   <div class='ocr_carea' id='block_1_81' title="bbox 1935 3527 3512 3606">
    <p class='ocr_par' dir='ltr' id='par_1_81' title="bbox 1935 3527 3512 3606">
     <span class='ocr_line' id='line_1_81' title="bbox 1935 3527 3512 3606; baseline -0.008 -11"><span class='ocrx_word' id='word_1_558' title='bbox 1935 3549 2082 3595; x_wconf 88' lang='lat' dir='ltr'><strong>tasse</strong></span> <span class='ocrx_word' id='word_1_559' title='bbox 2131 3538 2297 3592; x_wconf 87' lang='lat' dir='ltr'><strong>etiam</strong></span> <span class='ocrx_word' id='word_1_560' title='bbox 2349 3552 2482 3592; x_wconf 84' lang='lat' dir='ltr'><strong>casu</strong></span> <span class='ocrx_word' id='word_1_561' title='bbox 2538 3537 2723 3606; x_wconf 92' lang='lat' dir='ltr'><strong>aliquo</strong></span> <span class='ocrx_word' id='word_1_562' title='bbox 2773 3539 2966 3590; x_wconf 80' lang='lat' dir='ltr'><strong>exorto</strong></span> <span class='ocrx_word' id='word_1_563' title='bbox 3023 3530 3298 3595; x_wconf 85' lang='lat' dir='ltr'><strong>incendio,</strong></span> <span class='ocrx_word' id='word_1_564' title='bbox 3339 3527 3512 3584; x_wconf 84' lang='lat' dir='ltr'><strong>nihilo</strong></span> 
     </span>
    </p>
   </div>
   <div class='ocr_carea' id='block_1_82' title="bbox 1936 3618 3511 3698">
    <p class='ocr_par' dir='ltr' id='par_1_82' title="bbox 1936 3618 3511 3698">
     <span class='ocr_line' id='line_1_82' title="bbox 1936 3618 3511 3698; baseline -0.01 -13"><span class='ocrx_word' id='word_1_565' title='bbox 1936 3629 2112 3686; x_wconf 90' lang='lat' dir='ltr'><strong>secius</strong></span> <span class='ocrx_word' id='word_1_566' title='bbox 2145 3637 2372 3698; x_wconf 89' lang='lat' dir='ltr'><strong>pereunt</strong></span> <span class='ocrx_word' id='word_1_567' title='bbox 2405 3627 2488 3681; x_wconf 88' lang='lat' dir='ltr'><strong>vel</strong></span> <span class='ocrx_word' id='word_1_568' title='bbox 2520 3628 2641 3696; x_wconf 90' lang='lat' dir='ltr'><strong>igne</strong></span> <span class='ocrx_word' id='word_1_569' title='bbox 2679 3625 2981 3698; x_wconf 73' lang='lat' dir='ltr'><strong>absumpta:</strong></span> <span class='ocrx_word' id='word_1_570' title='bbox 3006 3623 3089 3677; x_wconf 86' lang='lat' dir='ltr'><strong>vel</strong></span> <span class='ocrx_word' id='word_1_571' title='bbox 3115 3620 3339 3689; x_wconf 75' lang='lat' dir='ltr'><strong>direpta:</strong></span> <span class='ocrx_word' id='word_1_572' title='bbox 3371 3618 3511 3673; x_wconf 90' lang='lat' dir='ltr'><strong>divi-</strong></span> 
     </span>
    </p>
   </div>
   <div class='ocr_carea' id='block_1_83' title="bbox 1936 3696 3514 3788">
    <p class='ocr_par' dir='ltr' id='par_1_83' title="bbox 1936 3696 3514 3788">
     <span class='ocr_line' id='line_1_83' title="bbox 1936 3696 3514 3788; baseline -0.009 -14"><span class='ocrx_word' id='word_1_573' title='bbox 1936 3721 2043 3785; x_wconf 65' lang='lat' dir='ltr'><strong>tiae,</strong></span> <span class='ocrx_word' id='word_1_574' title='bbox 2097 3696 2438 3788; x_wconf 68' lang='lat' dir='ltr'><strong>quaecunque</strong></span> <span class='ocrx_word' id='word_1_575' title='bbox 2485 3727 2712 3770; x_wconf 66' lang='lat' dir='ltr'><strong>servatae</strong></span> <span class='ocrx_word' id='word_1_576' title='bbox 2763 3696 2978 3767; x_wconf 72' lang='lat' dir='ltr'><strong>fuerant</strong></span> <span class='ocrx_word' id='word_1_577' title='bbox 3035 3711 3090 3764; x_wconf 91' lang='lat' dir='ltr'><strong>in</strong></span> <span class='ocrx_word' id='word_1_578' title='bbox 3129 3709 3423 3778; x_wconf 87' lang='lat' dir='ltr'><strong>perniciem</strong></span> <span class='ocrx_word' id='word_1_579' title='bbox 3459 3714 3514 3760; x_wconf 81' lang='lat' dir='ltr'><strong>et</strong></span> 
     </span>
    </p>
   </div>
   <div class='ocr_carea' id='block_1_84' title="bbox 1935 3797 3510 3874">
    <p class='ocr_par' dir='ltr' id='par_1_84' title="bbox 1935 3797 3510 3874">
     <span class='ocr_line' id='line_1_84' title="bbox 1935 3797 3510 3874; baseline -0.01 -10"><span class='ocrx_word' id='word_1_580' title='bbox 1935 3809 2239 3864; x_wconf 86' lang='lat' dir='ltr'><strong>cruciatum</strong></span> <span class='ocrx_word' id='word_1_581' title='bbox 2276 3805 2420 3874; x_wconf 85' lang='lat' dir='ltr'><strong>ejus,</strong></span> <span class='ocrx_word' id='word_1_582' title='bbox 2469 3804 2564 3874; x_wconf 90' lang='lat' dir='ltr'><strong>qui</strong></span> <span class='ocrx_word' id='word_1_583' title='bbox 2613 3802 2878 3872; x_wconf 85' lang='lat' dir='ltr'><strong>possedit,</strong></span> <span class='ocrx_word' id='word_1_584' title='bbox 2925 3807 2980 3855; x_wconf 86' lang='lat' dir='ltr'><strong>et</strong></span> <span class='ocrx_word' id='word_1_585' title='bbox 3008 3815 3074 3854; x_wconf 88' lang='lat' dir='ltr'><strong>eo</strong></span> <span class='ocrx_word' id='word_1_586' title='bbox 3125 3799 3386 3869; x_wconf 77' lang='lat' dir='ltr'><strong>languore</strong></span> <span class='ocrx_word' id='word_1_587' title='bbox 3417 3797 3510 3850; x_wconf 83' lang='lat' dir='ltr'><strong>ha-</strong></span> 
     </span>
    </p>
   </div>
   <div class='ocr_carea' id='block_1_85' title="bbox 1937 3887 3514 3968">
    <p class='ocr_par' dir='ltr' id='par_1_85' title="bbox 1937 3887 3514 3968">
     <span class='ocr_line' id='line_1_85' title="bbox 1937 3887 3514 3968; baseline -0.007 -14"><span class='ocrx_word' id='word_1_588' title='bbox 1937 3899 2078 3962; x_wconf 88' lang='lat' dir='ltr'><strong>buit,</strong></span> <span class='ocrx_word' id='word_1_589' title='bbox 2114 3913 2277 3968; x_wconf 89' lang='lat' dir='ltr'><strong>quem</strong></span> <span class='ocrx_word' id='word_1_590' title='bbox 2313 3895 2536 3966; x_wconf 88' lang='lat' dir='ltr'><strong>sapiens</strong></span> <span class='ocrx_word' id='word_1_591' title='bbox 2565 3893 2922 3950; x_wconf 84' lang='lat' dir='ltr'><strong>Ecclesiastes</strong></span> <span class='ocrx_word' id='word_1_592' title='bbox 2957 3889 3062 3946; x_wconf 86' lang='lat' dir='ltr'><strong>sub</strong></span> <span class='ocrx_word' id='word_1_593' title='bbox 3091 3889 3206 3944; x_wconf 89' lang='lat' dir='ltr'><strong>sole</strong></span> <span class='ocrx_word' id='word_1_594' title='bbox 3229 3903 3289 3944; x_wconf 89' lang='lat' dir='ltr'><strong>se</strong></span> <span class='ocrx_word' id='word_1_595' title='bbox 3313 3887 3514 3943; x_wconf 84' lang='lat' dir='ltr'><strong>vidisse</strong></span> 
     </span>
    </p>
   </div>
   <div class='ocr_carea' id='block_1_86' title="bbox 1939 3987 2244 4054">
    <p class='ocr_par' dir='ltr' id='par_1_86' title="bbox 1939 3987 2244 4054">
     <span class='ocr_line' id='line_1_86' title="bbox 1939 3987 2244 4054; baseline -0.016 -9"><span class='ocrx_word' id='word_1_596' title='bbox 1939 3987 2244 4054; x_wconf 75' lang='lat' dir='ltr'><strong>aﬂirmavit.</strong></span> 
     </span>
    </p>
   </div>
   <div class='ocr_carea' id='block_1_87' title="bbox 2015 4241 3516 4318">
    <p class='ocr_par' dir='ltr' id='par_1_87' title="bbox 2015 4241 3516 4318">
     <span class='ocr_line' id='line_1_87' title="bbox 2015 4241 3516 4318; baseline -0.007 -13"><span class='ocrx_word' id='word_1_597' title='bbox 2015 4249 2168 4318; x_wconf 89' lang='lat' dir='ltr'><strong>Quod</strong></span> <span class='ocrx_word' id='word_1_598' title='bbox 2203 4249 2249 4303; x_wconf 91' lang='lat' dir='ltr'><strong>si</strong></span> <span class='ocrx_word' id='word_1_599' title='bbox 2289 4246 2421 4302; x_wconf 88' lang='lat' dir='ltr'><strong>nihil</strong></span> <span class='ocrx_word' id='word_1_600' title='bbox 2462 4245 2567 4301; x_wconf 83' lang='lat' dir='ltr'><strong>tale</strong></span> <span class='ocrx_word' id='word_1_601' title='bbox 2595 4244 2906 4315; x_wconf 78' lang='lat' dir='ltr'><strong>contigerit,</strong></span> <span class='ocrx_word' id='word_1_602' title='bbox 2946 4251 3004 4300; x_wconf 78' lang='lat' dir='ltr'><strong>et</strong></span> <span class='ocrx_word' id='word_1_603' title='bbox 3035 4251 3263 4299; x_wconf 64' lang='lat' dir='ltr'><strong>servatae</strong></span> <span class='ocrx_word' id='word_1_604' title='bbox 3293 4241 3516 4298; x_wconf 88' lang='lat' dir='ltr'><strong>domino</strong></span> 
     </span>
    </p>
   </div>
   <div class='ocr_carea' id='block_1_88' title="bbox 264 4333 1828 4428">
    <p class='ocr_par' dir='ltr' id='par_1_88' title="bbox 264 4347 1828 4418">
     <span class='ocr_line' id='line_1_88' title="bbox 264 4347 1828 4418; baseline -0.002 -15"><span class='ocrx_word' id='word_1_605' title='bbox 264 4347 686 4418; x_wconf 79' lang='grc' dir='ltr'>πεφυλαγμένος</span> <span class='ocrx_word' id='word_1_606' title='bbox 735 4348 766 4400; x_wconf 87' lang='grc' dir='ltr'><strong>ὀ</strong></span> <span class='ocrx_word' id='word_1_607' title='bbox 795 4347 1026 4411; x_wconf 84' lang='grc' dir='ltr'>πλοῦτος</span> <span class='ocrx_word' id='word_1_608' title='bbox 1067 4349 1180 4410; x_wconf 84' lang='grc' dir='ltr'>τοῖς</span> <span class='ocrx_word' id='word_1_609' title='bbox 1213 4347 1305 4400; x_wconf 84' lang='grc' dir='ltr'><strong>ὑπ’</strong></span> <span class='ocrx_word' id='word_1_610' title='bbox 1354 4347 1521 4402; x_wconf 75' lang='grc' dir='ltr'>αὑτοῦ</span> <span class='ocrx_word' id='word_1_611' title='bbox 1563 4349 1828 4417; x_wconf 81' lang='grc' dir='ltr'>γεννηθεῖ·</span> 
     </span>
    </p>
   </div>
   <div class='ocr_carea' id='block_1_89' title="bbox 1933 4333 3517 4428">
    <p class='ocr_par' dir='ltr' id='par_1_89' title="bbox 1947 4333 3517 4408">
     <span class='ocr_line' id='line_1_89' title="bbox 1947 4333 3517 4408; baseline -0.006 -12"><span class='ocrx_word' id='word_1_612' title='bbox 1947 4349 2204 4396; x_wconf 89' lang='lat' dir='ltr'><strong>maneant</strong></span> <span class='ocrx_word' id='word_1_613' title='bbox 2237 4353 2390 4408; x_wconf 87' lang='lat' dir='ltr'><strong>opes,</strong></span> <span class='ocrx_word' id='word_1_614' title='bbox 2426 4351 2564 4406; x_wconf 87' lang='lat' dir='ltr'><strong>quas</strong></span> <span class='ocrx_word' id='word_1_615' title='bbox 2610 4335 2794 4390; x_wconf 87' lang='lat' dir='ltr'><strong>liberis</strong></span> <span class='ocrx_word' id='word_1_616' title='bbox 2831 4336 3171 4405; x_wconf 87' lang='lat' dir='ltr'><strong>posterisque</strong></span> <span class='ocrx_word' id='word_1_617' title='bbox 3217 4335 3426 4400; x_wconf 88' lang='lat' dir='ltr'><strong>tradat;</strong></span> <span class='ocrx_word' id='word_1_618' title='bbox 3460 4333 3517 4388; x_wconf 86' lang='lat' dir='ltr'><strong>bi</strong></span> 
     </span>
    </p>
   </div>
   <div class='ocr_carea' id='block_1_90' title="bbox 265 4439 1838 4510">
    <p class='ocr_par' dir='ltr' id='par_1_90' title="bbox 265 4439 1838 4510">
     <span class='ocr_line' id='line_1_90' title="bbox 265 4439 1838 4510; baseline -0.003 -15"><span class='ocrx_word' id='word_1_619' title='bbox 265 4459 372 4508; x_wconf 89' lang='grc' dir='ltr'>σιν,</span> <span class='ocrx_word' id='word_1_620' title='bbox 417 4441 648 4503; x_wconf 70' lang='grc' dir='ltr'>ἕκαστος</span> <span class='ocrx_word' id='word_1_621' title='bbox 680 4439 737 4494; x_wconf 82' lang='grc' dir='ltr'>δὲ</span> <span class='ocrx_word' id='word_1_622' title='bbox 788 4439 898 4495; x_wconf 89' lang='grc' dir='ltr'><strong>τῶν</strong></span> <span class='ocrx_word' id='word_1_623' title='bbox 941 4439 1314 4509; x_wconf 68' lang='grc' dir='ltr'>γεννηθέντων</span> <span class='ocrx_word' id='word_1_624' title='bbox 1355 4439 1563 4510; x_wconf 76' lang='grc' dir='ltr'>γυμνὸς</span> <span class='ocrx_word' id='word_1_625' title='bbox 1607 4439 1838 4495; x_wconf 77' lang='grc' dir='ltr'>εῐσεισιν</span> 
     </span>
    </p>
   </div>
   <div class='ocr_carea' id='block_1_91' title="bbox 331 4597 1843 4672">
    <p class='ocr_par' dir='ltr' id='par_1_91' title="bbox 331 4597 1843 4672">
     <span class='ocr_line' id='line_1_91' title="bbox 331 4597 1843 4672; baseline -0.001 -21"><span class='ocrx_word' id='word_1_626' title='bbox 331 4598 455 4672; x_wconf 62' lang='lat'><strong>(2])</strong></span> <span class='ocrx_word' id='word_1_627' title='bbox 494 4599 650 4672; x_wconf 55' lang='lat' dir='ltr'><strong>Anni</strong></span> <span class='ocrx_word' id='word_1_628' title='bbox 699 4597 839 4672; x_wconf 67' lang='lat' dir='ltr'><strong>LXX</strong></span> <span class='ocrx_word' id='word_1_629' title='bbox 889 4599 1118 4669; x_wconf 85' lang='lat' dir='ltr'><strong>legimus</strong></span> <span class='ocrx_word' id='word_1_630' title='bbox 1162 4639 1235 4672; x_wconf 84' lang='lat'><strong>._._</strong></span> <span class='ocrx_word' id='word_1_631' title='bbox 1281 4637 1294 4651; x_wconf 93' lang='lat'><strong>.</strong></span> <span class='ocrx_word' id='word_1_632' title='bbox 1351 4598 1843 4672; x_wconf 47' lang='grc' dir='ltr'>καὶ-ἀπολεῖταιό</span> 
     </span>
    </p>
   </div>
   <div class='ocr_carea' id='block_1_92' title="bbox 269 4667 1842 4740">
    <p class='ocr_par' dir='ltr' id='par_1_92' title="bbox 269 4667 1842 4740">
     <span class='ocr_line' id='line_1_92' title="bbox 269 4667 1842 4740; baseline -0.001 -20"><span class='ocrx_word' id='word_1_633' title='bbox 269 4667 500 4740; x_wconf 76' lang='grc' dir='ltr'>πλοῦτος</span> <span class='ocrx_word' id='word_1_634' title='bbox 531 4667 736 4740; x_wconf 61' lang='grc' dir='ltr'>ἐκεῖνος</span> <span class='ocrx_word' id='word_1_635' title='bbox 764 4670 822 4720; x_wconf 87' lang='grc' dir='ltr'><strong>ἐν</strong></span> <span class='ocrx_word' id='word_1_636' title='bbox 858 4667 1228 4740; x_wconf 82' lang='grc' dir='ltr'>περισπασμῷ</span> <span class='ocrx_word' id='word_1_637' title='bbox 1258 4667 1616 4740; x_wconf 36' lang='grc' dir='ltr'><strong>πονηρῷ.....-.</strong></span> <span class='ocrx_word' id='word_1_638' title='bbox 1662 4667 1842 4740; x_wconf 84' lang='grc' dir='ltr'>καθὼς</span> 
     </span>
    </p>
   </div>
   <div class='ocr_carea' id='block_1_93' title="bbox 268 4736 1840 4817">
    <p class='ocr_par' dir='ltr' id='par_1_93' title="bbox 268 4736 1840 4817">
     <span class='ocr_line' id='line_1_93' title="bbox 268 4736 1840 4817; baseline -0.003 -25"><span class='ocrx_word' id='word_1_639' title='bbox 268 4737 494 4817; x_wconf 71' lang='grc' dir='ltr'>ἐξῆλθεν</span> <span class='ocrx_word' id='word_1_640' title='bbox 545 4737 653 4817; x_wconf 66' lang='grc' dir='ltr'><strong>ἀπὸ</strong></span> <span class='ocrx_word' id='word_1_641' title='bbox 693 4736 945 4817; x_wconf 63' lang='grc' dir='ltr'><strong>γαστρρς⁷</strong></span> <span class='ocrx_word' id='word_1_642' title='bbox 981 4737 1187 4817; x_wconf 65' lang='grc' dir='ltr'>μητρὸς</span> <span class='ocrx_word' id='word_1_643' title='bbox 1233 4736 1671 4817; x_wconf 43' lang='grc' dir='ltr'>αὑτοῦ-γυμνὸς,</span> <span class='ocrx_word' id='word_1_644' title='bbox 1702 4738 1840 4817; x_wconf 40' lang='grc' dir='ltr'>’ἐςτι-</span> 
     </span>
    </p>
   </div>
   <div class='ocr_carea' id='block_1_94' title="bbox 271 4806 1844 4879">
    <p class='ocr_par' dir='ltr' id='par_1_94' title="bbox 271 4806 1844 4879">
     <span class='ocr_line' id='line_1_94' title="bbox 271 4806 1844 4879; baseline -0.002 -18"><span class='ocrx_word' id='word_1_645' title='bbox 271 4806 495 4879; x_wconf 71' lang='grc' dir='ltr'>στρέψει</span> <span class='ocrx_word' id='word_1_646' title='bbox 534 4806 630 4879; x_wconf 84' lang='grc' dir='ltr'><strong>τοῦ</strong></span> <span class='ocrx_word' id='word_1_647' title='bbox 661 4806 1017 4879; x_wconf 77' lang='grc' dir='ltr'>πορευθῆναι,</span> <span class='ocrx_word' id='word_1_648' title='bbox 1046 4806 1293 4879; x_wconf 40' lang='grc' dir='ltr'>ὡςςῆκει,</span> <span class='ocrx_word' id='word_1_649' title='bbox 1341 4808 1436 4879; x_wconf 52' lang='grc' dir='ltr'><strong>καί</strong></span> <span class='ocrx_word' id='word_1_650' title='bbox 1468 4806 1620 4879; x_wconf 66' lang='grc' dir='ltr'>οὐδὲν</span> <span class='ocrx_word' id='word_1_651' title='bbox 1663 4807 1727 4879; x_wconf 67' lang='grc' dir='ltr'><strong>οῦ</strong></span> <span class='ocrx_word' id='word_1_652' title='bbox 1753 4807 1844 4874; x_wconf 77' lang='grc' dir='ltr'><strong>λή-</strong></span> 
     </span>
    </p>
   </div>
   <div class='ocr_carea' id='block_1_95' title="bbox 268 4874 1844 4948">
    <p class='ocr_par' dir='ltr' id='par_1_95' title="bbox 268 4874 1844 4948">
     <span class='ocr_line' id='line_1_95' title="bbox 268 4874 1844 4948; baseline -0.001 -18"><span class='ocrx_word' id='word_1_653' title='bbox 268 4874 432 4948; x_wconf 63' lang='grc' dir='ltr'>ψεταὶ</span> <span class='ocrx_word' id='word_1_654' title='bbox 464 4879 522 4928; x_wconf 86' lang='grc' dir='ltr'><strong>ἐν</strong></span> <span class='ocrx_word' id='word_1_655' title='bbox 566 4874 763 4948; x_wconf 25' lang='grc' dir='ltr'>μόχθῴᾼ</span> <span class='ocrx_word' id='word_1_656' title='bbox 784 4874 1086 4948; x_wconf 70' lang='grc' dir='ltr'>αοτδο...,..</span> <span class='ocrx_word' id='word_1_657' title='bbox 1122 4874 1336 4948; x_wconf 77' lang='lat' dir='ltr'><strong>Olymp.</strong></span> <span class='ocrx_word' id='word_1_658' title='bbox 1374 4874 1604 4948; x_wconf 57' lang='grc' dir='ltr'>πλοῦτον</span> <span class='ocrx_word' id='word_1_659' title='bbox 1639 4875 1844 4944; x_wconf 82' lang='grc' dir='ltr'>φυλασ-</span> 
     </span>
    </p>
   </div>
   <div class='ocr_carea' id='block_1_96' title="bbox 273 4943 1630 5018">
    <p class='ocr_par' dir='ltr' id='par_1_96' title="bbox 273 4943 1630 5018">
     <span class='ocr_line' id='line_1_96' title="bbox 273 4943 1630 5018; baseline -0.002 -17"><span class='ocrx_word' id='word_1_660' title='bbox 273 4943 606 5018; x_wconf 46' lang='grc' dir='ltr'>σόμενον-τῷ</span> <span class='ocrx_word' id='word_1_661' title='bbox 635 4943 766 5018; x_wconf 76' lang='grc' dir='ltr'>παρ’</span> <span class='ocrx_word' id='word_1_662' title='bbox 802 4945 950 5018; x_wconf 79' lang='grc' dir='ltr'>αὐτῷ</span> <span class='ocrx_word' id='word_1_663' title='bbox 987 4943 1302 5018; x_wconf 82' lang='grc' dir='ltr'>ειςκακίαν</span> <span class='ocrx_word' id='word_1_664' title='bbox 1327 4945 1630 5018; x_wconf 75' lang='grc' dir='ltr'>αὐτοῦ.</span> 
     </span>
    </p>
   </div>
   <div class='ocr_carea' id='block_1_97' title="bbox 343 5013 1843 5087">
    <p class='ocr_par' dir='ltr' id='par_1_97' title="bbox 343 5013 1843 5087">
     <span class='ocr_line' id='line_1_97' title="bbox 343 5013 1843 5087; baseline 0.001 -19"><span class='ocrx_word' id='word_1_665' title='bbox 343 5013 457 5087; x_wconf 72' lang='lat'><strong>(28)</strong></span> <span class='ocrx_word' id='word_1_666' title='bbox 497 5013 624 5078; x_wconf 78' lang='lat' dir='ltr'><strong>Cur,</strong></span> <span class='ocrx_word' id='word_1_667' title='bbox 679 5013 932 5087; x_wconf 50' lang='lat' dir='ltr'><strong>inquies,</strong></span> <span class='ocrx_word' id='word_1_668' title='bbox 951 5017 1262 5087; x_wconf 88' lang='lat' dir='ltr'><strong>servitutem</strong></span> <span class='ocrx_word' id='word_1_669' title='bbox 1304 5026 1478 5087; x_wconf 86' lang='lat' dir='ltr'><strong>morte</strong></span> <span class='ocrx_word' id='word_1_670' title='bbox 1523 5014 1843 5069; x_wconf 89' lang='lat' dir='ltr'><strong>deteriorem</strong></span> 
     </span>
    </p>
   </div>
   <div class='ocr_carea' id='block_1_98' title="bbox 273 5085 1844 5154">
    <p class='ocr_par' dir='ltr' id='par_1_98' title="bbox 273 5085 1844 5154">
     <span class='ocr_line' id='line_1_98' title="bbox 273 5085 1844 5154; baseline -0.002 -13"><span class='ocrx_word' id='word_1_671' title='bbox 273 5085 441 5142; x_wconf 80' lang='lat' dir='ltr'><strong>dicit?</strong></span> <span class='ocrx_word' id='word_1_672' title='bbox 467 5100 592 5140; x_wconf 88' lang='lat' dir='ltr'><strong>cum</strong></span> <span class='ocrx_word' id='word_1_673' title='bbox 615 5099 714 5140; x_wconf 84' lang='lat' dir='ltr'><strong>nec</strong></span> <span class='ocrx_word' id='word_1_674' title='bbox 734 5086 1068 5154; x_wconf 84' lang='lat' dir='ltr'><strong>vitacareat,</strong></span> <span class='ocrx_word' id='word_1_675' title='bbox 1096 5085 1150 5154; x_wconf 81' lang='lat' dir='ltr'><strong>et</strong></span> <span class='ocrx_word' id='word_1_676' title='bbox 1174 5085 1440 5140; x_wconf 89' lang='lat' dir='ltr'><strong>libertatis</strong></span> <span class='ocrx_word' id='word_1_677' title='bbox 1461 5099 1674 5154; x_wconf 85' lang='lat' dir='ltr'><strong>quoque</strong></span> <span class='ocrx_word' id='word_1_678' title='bbox 1686 5100 1844 5154; x_wconf 70' lang='lat' dir='ltr'><strong>spem</strong></span> 
     </span>
    </p>
   </div>
   <div class='ocr_carea' id='block_1_99' title="bbox 275 5153 1846 5224">
    <p class='ocr_par' dir='ltr' id='par_1_99' title="bbox 275 5153 1846 5224">
     <span class='ocr_line' id='line_1_99' title="bbox 275 5153 1846 5224; baseline -0.002 -14"><span class='ocrx_word' id='word_1_679' title='bbox 275 5171 436 5210; x_wconf 79' lang='lat' dir='ltr'><strong>servo</strong></span> <span class='ocrx_word' id='word_1_680' title='bbox 482 5155 720 5224; x_wconf 77' lang='lat' dir='ltr'><strong>aliquam</strong></span> <span class='ocrx_word' id='word_1_681' title='bbox 762 5153 1055 5224; x_wconf 85' lang='lat' dir='ltr'><strong>relinquat.</strong></span> <span class='ocrx_word' id='word_1_682' title='bbox 1095 5153 1235 5209; x_wconf 82' lang='lat' dir='ltr'><strong>Nota</strong></span> <span class='ocrx_word' id='word_1_683' title='bbox 1283 5153 1502 5224; x_wconf 86' lang='lat' dir='ltr'><strong>quidem</strong></span> <span class='ocrx_word' id='word_1_684' title='bbox 1544 5154 1632 5208; x_wconf 88' lang='lat' dir='ltr'><strong>illa</strong></span> <span class='ocrx_word' id='word_1_685' title='bbox 1683 5153 1846 5207; x_wconf 86' lang='lat' dir='ltr'><strong>Tullii</strong></span> 
     </span>
    </p>
   </div>
   <div class='ocr_carea' id='block_1_100' title="bbox 273 5222 1848 5306">
    <p class='ocr_par' dir='ltr' id='par_1_100' title="bbox 273 5222 1848 5306">
     <span class='ocr_line' id='line_1_100' title="bbox 273 5222 1848 5306; baseline 0 -28"><span class='ocrx_word' id='word_1_686' title='bbox 273 5222 590 5306; x_wconf 66' lang='lat' dir='ltr'><strong>cohortatio</strong></span> <span class='ocrx_word' id='word_1_687' title='bbox 605 5222 999 5306; x_wconf 25' lang='lat' dir='ltr'><strong>(Philippum,</strong></span> <span class='ocrx_word' id='word_1_688' title='bbox 1038 5224 1125 5292; x_wconf 70' lang='grc'><strong>14)</strong></span> <span class='ocrx_word' id='word_1_689' title='bbox 1155 5242 1172 5306; x_wconf 76' lang='lat'><strong>_:</strong></span> <span class='ocrx_word' id='word_1_690' title='bbox 1211 5242 1231 5276; x_wconf 76' lang='grc' dir='ltr'><strong>ι</strong></span> <span class='ocrx_word' id='word_1_691' title='bbox 1267 5222 1424 5290; x_wconf 76' lang='lat' dir='ltr'><strong>Quod</strong></span> <span class='ocrx_word' id='word_1_692' title='bbox 1463 5224 1506 5304; x_wconf 79' lang='lat' dir='ltr'><strong>si</strong></span> <span class='ocrx_word' id='word_1_693' title='bbox 1530 5224 1665 5306; x_wconf 71' lang='lat' dir='ltr'><strong>jam,</strong></span> <span class='ocrx_word' id='word_1_694' title='bbox 1701 5225 1848 5293; x_wconf 89' lang='lat' dir='ltr'><strong>quod</strong></span> 
     </span>
    </p>
   </div>
   <div class='ocr_carea' id='block_1_101' title="bbox 276 5293 1847 5364">
    <p class='ocr_par' dir='ltr' id='par_1_101' title="bbox 276 5293 1847 5364">
     <span class='ocr_line' id='line_1_101' title="bbox 276 5293 1847 5364; baseline 0 -16"><span class='ocrx_word' id='word_1_695' title='bbox 276 5295 350 5348; x_wconf 88' lang='lat' dir='ltr'><strong>dii</strong></span> <span class='ocrx_word' id='word_1_696' title='bbox 386 5310 549 5348; x_wconf 90' lang='lat' dir='ltr'><strong>omen</strong></span> <span class='ocrx_word' id='word_1_697' title='bbox 573 5293 840 5364; x_wconf 79' lang='lat' dir='ltr'><strong>avertant,</strong></span> <span class='ocrx_word' id='word_1_698' title='bbox 873 5293 1041 5350; x_wconf 74' lang='lat' dir='ltr'><strong>fatum</strong></span> <span class='ocrx_word' id='word_1_699' title='bbox 1079 5303 1386 5364; x_wconf 70' lang='lat' dir='ltr'><strong>extremum</strong></span> <span class='ocrx_word' id='word_1_700' title='bbox 1413 5293 1724 5364; x_wconf 55' lang='lat' dir='ltr'><strong>reipublicae</strong></span> <span class='ocrx_word' id='word_1_701' title='bbox 1753 5309 1847 5348; x_wconf 86' lang='lat' dir='ltr'><strong>ve-</strong></span> 
     </span>
    </p>
   </div>
   <div class='ocr_carea' id='block_1_102' title="bbox 277 5362 1850 5489">
    <p class='ocr_par' dir='ltr' id='par_1_102' title="bbox 277 5362 1850 5489">
     <span class='ocr_line' id='line_1_102' title="bbox 278 5362 1850 5432; baseline -0.001 -13"><span class='ocrx_word' id='word_1_702' title='bbox 278 5365 400 5419; x_wconf 88' lang='lat' dir='ltr'><strong>nit:</strong></span> <span class='ocrx_word' id='word_1_703' title='bbox 434 5364 585 5432; x_wconf 89' lang='lat' dir='ltr'><strong>quod</strong></span> <span class='ocrx_word' id='word_1_704' title='bbox 630 5363 956 5432; x_wconf 87' lang='lat' dir='ltr'><strong>gladiatores</strong></span> <span class='ocrx_word' id='word_1_705' title='bbox 996 5364 1206 5418; x_wconf 89' lang='lat' dir='ltr'><strong>nobiles</strong></span> <span class='ocrx_word' id='word_1_706' title='bbox 1252 5362 1576 5430; x_wconf 46' lang='lat' dir='ltr'><strong>faciunt,‘ut</strong></span> <span class='ocrx_word' id='word_1_707' title='bbox 1623 5363 1850 5418; x_wconf 90' lang='lat' dir='ltr'><strong>honeste</strong></span> 
     </span>
     <span class='ocr_line' id='line_1_103' title="bbox 277 5431 1846 5489; baseline -0.001 -3"><span class='ocrx_word' id='word_1_708' title='bbox 277 5434 626 5489; x_wconf 86' lang='lat' dir='ltr'><strong>decumbant.</strong></span> <span class='ocrx_word' id='word_1_709' title='bbox 658 5431 924 5488; x_wconf 80' lang='lat' dir='ltr'><strong>faciamus</strong></span> <span class='ocrx_word' id='word_1_710' title='bbox 952 5449 1073 5489; x_wconf 83' lang='lat' dir='ltr'><strong>nos.</strong></span> <span class='ocrx_word' id='word_1_711' title='bbox 1105 5434 1378 5489; x_wconf 78' lang='lat' dir='ltr'><strong>principes</strong></span> <span class='ocrx_word' id='word_1_712' title='bbox 1397 5433 1548 5489; x_wconf 83' lang='lat' dir='ltr'><strong>orbis</strong></span> <span class='ocrx_word' id='word_1_713' title='bbox 1581 5443 1846 5488; x_wconf 89' lang='lat' dir='ltr'><strong>terrarum</strong></span> 
     </span>
    </p>
   </div>
   <div class='ocr_carea' id='block_1_103' title="bbox 279 5448 1846 5586">
    <p class='ocr_par' dir='ltr' id='par_1_103' title="bbox 279 5448 1846 5586">
     <span class='ocr_line' id='line_1_104' title="bbox 279 5448 1846 5504; baseline -0.001 -18"><span class='ocrx_word' id='word_1_714' title='bbox 279 5448 626 5497; x_wconf 81' lang='lat' dir='ltr'><strong>occumbant,</strong></span> <span class='ocrx_word' id='word_1_715' title='bbox 658 5448 924 5488; x_wconf 80' lang='lat' dir='ltr'><strong>iaciamus</strong></span> <span class='ocrx_word' id='word_1_716' title='bbox 952 5449 1073 5496; x_wconf 82' lang='lat' dir='ltr'><strong>nos,</strong></span> <span class='ocrx_word' id='word_1_717' title='bbox 1105 5448 1378 5504; x_wconf 81' lang='lat' dir='ltr'><strong>principes</strong></span> <span class='ocrx_word' id='word_1_718' title='bbox 1397 5448 1548 5489; x_wconf 71' lang='lat' dir='ltr'><strong>ornus</strong></span> <span class='ocrx_word' id='word_1_719' title='bbox 1581 5448 1846 5488; x_wconf 89' lang='lat' dir='ltr'><strong>terrarum</strong></span> 
     </span>
     <span class='ocr_line' id='line_1_105' title="bbox 279 5503 1846 5586; baseline -0.001 -30"><span class='ocrx_word' id='word_1_720' title='bbox 279 5505 666 5582; x_wconf 46' lang='lat' dir='ltr'><strong>gentiumque,</strong></span> <span class='ocrx_word' id='word_1_721' title='bbox 719 5513 781 5556; x_wconf 89' lang='lat' dir='ltr'><strong>ut</strong></span> <span class='ocrx_word' id='word_1_722' title='bbox 820 5519 964 5586; x_wconf 45' lang='lat' dir='ltr'><strong>.cum</strong></span> <span class='ocrx_word' id='word_1_723' title='bbox 1019 5503 1282 5584; x_wconf 84' lang='lat' dir='ltr'><strong>dignitate</strong></span> <span class='ocrx_word' id='word_1_724' title='bbox 1319 5504 1517 5586; x_wconf 58' lang='lat' dir='ltr'><strong>potius</strong></span> <span class='ocrx_word' id='word_1_725' title='bbox 1569 5503 1846 5586; x_wconf 74' lang='lat' dir='ltr'><strong>cedamus,</strong></span> 
     </span>
    </p>
   </div>
   <div class='ocr_carea' id='block_1_104' title="bbox 279 5572 1850 5642">
    <p class='ocr_par' dir='ltr' id='par_1_104' title="bbox 279 5572 1850 5642">
     <span class='ocr_line' id='line_1_106' title="bbox 279 5572 1850 5642; baseline 0.001 -16"><span class='ocrx_word' id='word_1_726' title='bbox 279 5586 442 5642; x_wconf 76' lang='lat' dir='ltr'><strong>quam</strong></span> <span class='ocrx_word' id='word_1_727' title='bbox 475 5588 600 5642; x_wconf 85' lang='lat' dir='ltr'><strong>cum</strong></span> <span class='ocrx_word' id='word_1_728' title='bbox 633 5572 926 5642; x_wconf 85' lang='lat' dir='ltr'><strong>ignominia</strong></span> <span class='ocrx_word' id='word_1_729' title='bbox 961 5572 1286 5628; x_wconf 87' lang='lat' dir='ltr'><strong>serviamus.</strong></span> <span class='ocrx_word' id='word_1_730' title='bbox 1319 5572 1464 5628; x_wconf 85' lang='lat' dir='ltr'><strong>Nihil</strong></span> <span class='ocrx_word' id='word_1_731' title='bbox 1505 5581 1587 5627; x_wconf 90' lang='lat' dir='ltr'><strong>est</strong></span> <span class='ocrx_word' id='word_1_732' title='bbox 1617 5573 1850 5628; x_wconf 88' lang='lat' dir='ltr'><strong>detesta-</strong></span> 
     </span>
    </p>
   </div>
   <div class='ocr_carea' id='block_1_105' title="bbox 285 5633 1850 5720">
    <p class='ocr_par' dir='ltr' id='par_1_105' title="bbox 285 5633 1850 5720">
     <span class='ocr_line' id='line_1_107' title="bbox 285 5633 1850 5720; baseline 0.001 -24"><span class='ocrx_word' id='word_1_733' title='bbox 285 5633 447 5718; x_wconf 62' lang='lat' dir='ltr'><strong>bilius</strong></span> <span class='ocrx_word' id='word_1_734' title='bbox 492 5633 778 5710; x_wconf 63' lang='lat' dir='ltr'><strong>dedecore,</strong></span> <span class='ocrx_word' id='word_1_735' title='bbox 812 5643 942 5706; x_wconf 77' lang='lat' dir='ltr'><strong>nihil</strong></span> <span class='ocrx_word' id='word_1_736' title='bbox 991 5643 1189 5720; x_wconf 59' lang='lat' dir='ltr'><strong>itedius</strong></span> <span class='ocrx_word' id='word_1_737' title='bbox 1224 5644 1482 5704; x_wconf 82' lang='lat' dir='ltr'><strong>servitute</strong></span> <span class='ocrx_word' id='word_1_738' title='bbox 1521 5660 1534 5697; x_wconf 87' lang='lat'><strong>:</strong></span> <span class='ocrx_word' id='word_1_739' title='bbox 1577 5642 1644 5698; x_wconf 88' lang='lat' dir='ltr'><strong>ad</strong></span> <span class='ocrx_word' id='word_1_740' title='bbox 1685 5643 1850 5706; x_wconf 82' lang='lat' dir='ltr'><strong>decus</strong></span> 
     </span>
    </p>
   </div>
   <div class='ocr_carea' id='block_1_106' title="bbox 1947 4425 3519 4500">
    <p class='ocr_par' dir='ltr' id='par_1_106' title="bbox 1947 4425 3519 4500">
     <span class='ocr_line' id='line_1_108' title="bbox 1947 4425 3519 4500; baseline -0.006 -10"><span class='ocrx_word' id='word_1_741' title='bbox 1947 4445 2130 4498; x_wconf 85' lang='lat' dir='ltr'><strong>tamen</strong></span> <span class='ocrx_word' id='word_1_742' title='bbox 2157 4430 2354 4500; x_wconf 86' lang='lat' dir='ltr'><strong>singuli</strong></span> <span class='ocrx_word' id='word_1_743' title='bbox 2379 4440 2436 4483; x_wconf 91' lang='lat' dir='ltr'><strong>et</strong></span> <span class='ocrx_word' id='word_1_744' title='bbox 2458 4427 2587 4482; x_wconf 91' lang='lat' dir='ltr'><strong>nudi</strong></span> <span class='ocrx_word' id='word_1_745' title='bbox 2620 4427 2674 4481; x_wconf 91' lang='lat' dir='ltr'><strong>in</strong></span> <span class='ocrx_word' id='word_1_746' title='bbox 2715 4427 2881 4480; x_wconf 86' lang='lat' dir='ltr'><strong>vitam</strong></span> <span class='ocrx_word' id='word_1_747' title='bbox 2911 4426 3157 4491; x_wconf 89' lang='lat' dir='ltr'><strong>veniunt,</strong></span> <span class='ocrx_word' id='word_1_748' title='bbox 3187 4435 3238 4481; x_wconf 88' lang='lat' dir='ltr'><strong>et</strong></span> <span class='ocrx_word' id='word_1_749' title='bbox 3265 4425 3395 4480; x_wconf 88' lang='lat' dir='ltr'><strong>nudi</strong></span> <span class='ocrx_word' id='word_1_750' title='bbox 3422 4425 3519 4480; x_wconf 90' lang='lat' dir='ltr'><strong>ab-</strong></span> 
     </span>
    </p>
   </div>
   <div class='ocr_carea' id='block_1_107' title="bbox 1945 4583 3520 4654">
    <p class='ocr_par' dir='ltr' id='par_1_107' title="bbox 1945 4583 3520 4654">
     <span class='ocr_line' id='line_1_109' title="bbox 1945 4583 3520 4654; baseline -0.007 -7"><span class='ocrx_word' id='word_1_751' title='bbox 1945 4601 1999 4654; x_wconf 84' lang='lat' dir='ltr'><strong>et</strong></span> <span class='ocrx_word' id='word_1_752' title='bbox 2027 4589 2332 4648; x_wconf 82' lang='lat' dir='ltr'><strong>libertatem</strong></span> <span class='ocrx_word' id='word_1_753' title='bbox 2369 4584 2476 4638; x_wconf 90' lang='lat' dir='ltr'><strong>nati</strong></span> <span class='ocrx_word' id='word_1_754' title='bbox 2521 4597 2712 4636; x_wconf 88' lang='lat' dir='ltr'><strong>sumus</strong></span> <span class='ocrx_word' id='word_1_755' title='bbox 2746 4602 2758 4636; x_wconf 88' lang='lat'><strong>:</strong></span> <span class='ocrx_word' id='word_1_756' title='bbox 2793 4593 2888 4654; x_wconf 88' lang='lat' dir='ltr'><strong>aut</strong></span> <span class='ocrx_word' id='word_1_757' title='bbox 2933 4583 3047 4654; x_wconf 75' lang='lat' dir='ltr'><strong>inec</strong></span> <span class='ocrx_word' id='word_1_758' title='bbox 3091 4592 3520 4654; x_wconf 70' lang='lat' dir='ltr'><strong>teneamus.&#39;aut</strong></span> 
     </span>
    </p>
   </div>
   <div class='ocr_carea' id='block_1_108' title="bbox 1947 4651 3519 4724">
    <p class='ocr_par' dir='ltr' id='par_1_108' title="bbox 1947 4651 3519 4724">
     <span class='ocr_line' id='line_1_110' title="bbox 1947 4651 3519 4724; baseline -0.004 -11"><span class='ocrx_word' id='word_1_759' title='bbox 1947 4651 2070 4716; x_wconf 83' lang='lat' dir='ltr'><strong>cum</strong></span> <span class='ocrx_word' id='word_1_760' title='bbox 2119 4657 2382 4724; x_wconf 82' lang='lat' dir='ltr'><strong>dignitate</strong></span> <span class='ocrx_word' id='word_1_761' title='bbox 2427 4654 2745 4724; x_wconf 80' lang='lat' dir='ltr'><strong>moriamur.</strong></span> <span class='ocrx_word' id='word_1_762' title='bbox 2791 4671 2810 4702; x_wconf 73' lang='grc' dir='ltr'><strong>ι</strong></span> <span class='ocrx_word' id='word_1_763' title='bbox 2853 4651 2958 4706; x_wconf 86' lang='lat' dir='ltr'><strong>Sed</strong></span> <span class='ocrx_word' id='word_1_764' title='bbox 2998 4653 3107 4724; x_wconf 78' lang='lat' dir='ltr'><strong>ista</strong></span> <span class='ocrx_word' id='word_1_765' title='bbox 3157 4668 3220 4724; x_wconf 59' lang='lat' dir='ltr'><strong>es</strong></span> <span class='ocrx_word' id='word_1_766' title='bbox 3275 4651 3519 4706; x_wconf 77' lang='lat' dir='ltr'><strong>Roniana</strong></span> 
     </span>
    </p>
   </div>
   <div class='ocr_carea' id='block_1_109' title="bbox 1945 4720 3523 4796">
    <p class='ocr_par' dir='ltr' id='par_1_109' title="bbox 1945 4720 3523 4796">
     <span class='ocr_line' id='line_1_111' title="bbox 1945 4720 3523 4796; baseline -0.007 -11"><span class='ocrx_word' id='word_1_767' title='bbox 1945 4720 2253 4796; x_wconf 78' lang='lat' dir='ltr'><strong>disciplina,</strong></span> <span class='ocrx_word' id='word_1_768' title='bbox 2301 4732 2355 4796; x_wconf 81' lang='lat' dir='ltr'><strong>e_t</strong></span> <span class='ocrx_word' id='word_1_769' title='bbox 2404 4723 2644 4796; x_wconf 83' lang='lat' dir='ltr'><strong>oratorio</strong></span> <span class='ocrx_word' id='word_1_770' title='bbox 2691 4738 2842 4796; x_wconf 82' lang='lat' dir='ltr'><strong>more</strong></span> <span class='ocrx_word' id='word_1_771' title='bbox 2894 4722 3146 4796; x_wconf 80' lang='lat' dir='ltr'><strong>prolata._</strong></span> <span class='ocrx_word' id='word_1_772' title='bbox 3176 4720 3290 4796; x_wconf 81' lang='lat' dir='ltr'><strong>lioc</strong></span> <span class='ocrx_word' id='word_1_773' title='bbox 3343 4723 3523 4788; x_wconf 86' lang='lat' dir='ltr'><strong>potius</strong></span> 
     </span>
    </p>
   </div>
   <div class='ocr_carea' id='block_1_110' title="bbox 1947 4792 3523 4869">
    <p class='ocr_par' dir='ltr' id='par_1_110' title="bbox 1947 4792 3523 4869">
     <span class='ocr_line' id='line_1_112' title="bbox 1947 4792 3523 4869; baseline -0.008 -15"><span class='ocrx_word' id='word_1_774' title='bbox 1947 4792 2269 4869; x_wconf 72' lang='lat' dir='ltr'><strong>designabat</strong></span> <span class='ocrx_word' id='word_1_775' title='bbox 2314 4793 2628 4863; x_wconf 75' lang='lat' dir='ltr'><strong>Gregorius,</strong></span> <span class='ocrx_word' id='word_1_776' title='bbox 2680 4793 2998 4846; x_wconf 88' lang='lat' dir='ltr'><strong>servitutem</strong></span> <span class='ocrx_word' id='word_1_777' title='bbox 3047 4793 3176 4869; x_wconf 88' lang='lat' dir='ltr'><strong>cita_</strong></span> <span class='ocrx_word' id='word_1_778' title='bbox 3205 4792 3294 4844; x_wconf 88' lang='lat' dir='ltr'><strong>illa</strong></span> <span class='ocrx_word' id='word_1_779' title='bbox 3348 4803 3523 4869; x_wconf 76' lang='lat' dir='ltr'><strong>morte</strong></span> 
     </span>
    </p>
   </div>
   <div class='ocr_carea' id='block_1_111' title="bbox 1947 4862 3522 4932">
    <p class='ocr_par' dir='ltr' id='par_1_111' title="bbox 1947 4862 3522 4932">
     <span class='ocr_line' id='line_1_113' title="bbox 1947 4862 3522 4932; baseline -0.006 -6"><span class='ocrx_word' id='word_1_780' title='bbox 1947 4862 2268 4926; x_wconf 68' lang='lat' dir='ltr'><strong>deteriorem</strong></span> <span class='ocrx_word' id='word_1_781' title='bbox 2301 4862 2442 4928; x_wconf 78' lang='lat' dir='ltr'><strong>esse,</strong></span> <span class='ocrx_word' id='word_1_782' title='bbox 2485 4877 2592 4932; x_wconf 89' lang='lat' dir='ltr'><strong>qua</strong></span> <span class='ocrx_word' id='word_1_783' title='bbox 2623 4871 2927 4932; x_wconf 88' lang='lat' dir='ltr'><strong>pugnantes</strong></span> <span class='ocrx_word' id='word_1_784' title='bbox 2965 4862 3340 4916; x_wconf 88' lang='lat' dir='ltr'><strong>occumbunt:</strong></span> <span class='ocrx_word' id='word_1_785' title='bbox 3377 4863 3522 4930; x_wconf 85' lang='lat' dir='ltr'><strong>quod</strong></span> 
     </span>
    </p>
   </div>
   <div class='ocr_carea' id='block_1_112' title="bbox 1951 4931 3581 4999">
    <p class='ocr_par' dir='ltr' id='par_1_112' title="bbox 1951 4931 3581 4999">
     <span class='ocr_line' id='line_1_114' title="bbox 1951 4931 3581 4999; baseline -0.006 -5"><span class='ocrx_word' id='word_1_786' title='bbox 1951 4942 2004 4994; x_wconf 91' lang='lat' dir='ltr'><strong>in</strong></span> <span class='ocrx_word' id='word_1_787' title='bbox 2058 4936 2374 4999; x_wconf 85' lang='lat' dir='ltr'><strong>servitutem</strong></span> <span class='ocrx_word' id='word_1_788' title='bbox 2411 4931 2658 4989; x_wconf 88' lang='lat' dir='ltr'><strong>adductis</strong></span> <span class='ocrx_word' id='word_1_789' title='bbox 2703 4931 2772 4988; x_wconf 85' lang='lat' dir='ltr'><strong>ad</strong></span> <span class='ocrx_word' id='word_1_790' title='bbox 2833 4932 3180 4998; x_wconf 80' lang='lat' dir='ltr'><strong>dominorum</strong></span> <span class='ocrx_word' id='word_1_791' title='bbox 3234 4931 3523 4986; x_wconf 85' lang='lat' dir='ltr'><strong>arbitrium</strong></span> <span class='ocrx_word' id='word_1_792' title='bbox 3575 4957 3581 4962; x_wconf 67' lang='grc' dir='ltr'><strong>ο</strong></span> 
     </span>
    </p>
   </div>
   <div class='ocr_carea' id='block_1_113' title="bbox 1948 5001 3524 5072">
    <p class='ocr_par' dir='ltr' id='par_1_113' title="bbox 1948 5001 3524 5072">
     <span class='ocr_line' id='line_1_115' title="bbox 1948 5001 3524 5072; baseline -0.006 -6"><span class='ocrx_word' id='word_1_793' title='bbox 1948 5009 2237 5066; x_wconf 87' lang='lat' dir='ltr'><strong>vivendum</strong></span> <span class='ocrx_word' id='word_1_794' title='bbox 2289 5003 2694 5060; x_wconf 87' lang='lat' dir='ltr'><strong>moriendumve</strong></span> <span class='ocrx_word' id='word_1_795' title='bbox 2730 5011 2894 5068; x_wconf 84' lang='lat' dir='ltr'><strong>esset,</strong></span> <span class='ocrx_word' id='word_1_796' title='bbox 2937 5002 3032 5072; x_wconf 89' lang='lat' dir='ltr'><strong>qui</strong></span> <span class='ocrx_word' id='word_1_797' title='bbox 3085 5001 3188 5058; x_wconf 89' lang='lat' dir='ltr'><strong>sibi</strong></span> <span class='ocrx_word' id='word_1_798' title='bbox 3236 5001 3289 5057; x_wconf 90' lang='lat' dir='ltr'><strong>in</strong></span> <span class='ocrx_word' id='word_1_799' title='bbox 3337 5018 3524 5056; x_wconf 84' lang='lat' dir='ltr'><strong>servos</strong></span> 
     </span>
    </p>
   </div>
   <div class='ocr_carea' id='block_1_114' title="bbox 1951 5072 3526 5134">
    <p class='ocr_par' dir='ltr' id='par_1_114' title="bbox 1951 5072 3526 5134">
     <span class='ocr_line' id='line_1_116' title="bbox 1951 5072 3526 5134; baseline -0.007 0"><span class='ocrx_word' id='word_1_800' title='bbox 1951 5079 2083 5134; x_wconf 90' lang='lat' dir='ltr'><strong>nihil</strong></span> <span class='ocrx_word' id='word_1_801' title='bbox 2116 5092 2221 5132; x_wconf 90' lang='lat' dir='ltr'><strong>non</strong></span> <span class='ocrx_word' id='word_1_802' title='bbox 2260 5075 2423 5128; x_wconf 88' lang='lat' dir='ltr'><strong>licere</strong></span> <span class='ocrx_word' id='word_1_803' title='bbox 2450 5076 2730 5128; x_wconf 83' lang='lat' dir='ltr'><strong>ducerent.</strong></span> <span class='ocrx_word' id='word_1_804' title='bbox 2766 5072 2892 5131; x_wconf 71' lang='lat' dir='ltr'><strong>llaec</strong></span> <span class='ocrx_word' id='word_1_805' title='bbox 2923 5073 3068 5127; x_wconf 89' lang='lat' dir='ltr'><strong>enim</strong></span> <span class='ocrx_word' id='word_1_806' title='bbox 3103 5083 3215 5127; x_wconf 88' lang='lat' dir='ltr'><strong>tum</strong></span> <span class='ocrx_word' id='word_1_807' title='bbox 3249 5081 3365 5125; x_wconf 88' lang='lat' dir='ltr'><strong>erat</strong></span> <span class='ocrx_word' id='word_1_808' title='bbox 3394 5088 3526 5124; x_wconf 89' lang='lat' dir='ltr'><strong>cou-</strong></span> 
     </span>
    </p>
   </div>
   <div class='ocr_carea' id='block_1_115' title="bbox 1949 5141 3519 5213">
    <p class='ocr_par' dir='ltr' id='par_1_115' title="bbox 1949 5141 3519 5213">
     <span class='ocr_line' id='line_1_117' title="bbox 1949 5141 3519 5213; baseline -0.008 -10"><span class='ocrx_word' id='word_1_809' title='bbox 1949 5149 2083 5204; x_wconf 81' lang='lat' dir='ltr'><strong>ditio</strong></span> <span class='ocrx_word' id='word_1_810' title='bbox 2117 5161 2397 5202; x_wconf 88' lang='lat' dir='ltr'><strong>servorum</strong></span> <span class='ocrx_word' id='word_1_811' title='bbox 2430 5162 2442 5198; x_wconf 95' lang='lat'>:</span> <span class='ocrx_word' id='word_1_812' title='bbox 2482 5163 2500 5199; x_wconf 82' lang='grc' dir='ltr'><strong>ι</strong></span> <span class='ocrx_word' id='word_1_813' title='bbox 2541 5141 2698 5213; x_wconf 83' lang='lat' dir='ltr'><strong>Apud</strong></span> <span class='ocrx_word' id='word_1_814' title='bbox 2739 5157 2930 5198; x_wconf 89' lang='lat' dir='ltr'><strong>omnes</strong></span> <span class='ocrx_word' id='word_1_815' title='bbox 2975 5158 3225 5213; x_wconf 77' lang='lat' dir='ltr'><strong>peraeque</strong></span> <span class='ocrx_word' id='word_1_816' title='bbox 3253 5151 3519 5213; x_wconf 46' lang='lat' dir='ltr'><strong>gentes.)</strong></span> 
     </span>
    </p>
   </div>
   <div class='ocr_carea' id='block_1_116' title="bbox 1949 5209 3522 5286">
    <p class='ocr_par' dir='ltr' id='par_1_116' title="bbox 1949 5209 3522 5286">
     <span class='ocr_line' id='line_1_118' title="bbox 1949 5209 3522 5286; baseline -0.009 -12"><span class='ocrx_word' id='word_1_817' title='bbox 1949 5219 2026 5274; x_wconf 86' lang='lat' dir='ltr'><strong>ait</strong></span> <span class='ocrx_word' id='word_1_818' title='bbox 2053 5219 2216 5272; x_wconf 80' lang='lat' dir='ltr'><strong>Caius</strong></span> <span class='ocrx_word' id='word_1_819' title='bbox 2247 5214 2333 5286; x_wconf 86' lang='lat' dir='ltr'><strong>(L.</strong></span> <span class='ocrx_word' id='word_1_820' title='bbox 2369 5231 2388 5272; x_wconf 86' lang='grc' dir='ltr'><strong>ι</strong></span> <span class='ocrx_word' id='word_1_821' title='bbox 2421 5215 2497 5286; x_wconf 86' lang='lat' dir='ltr'><strong>l),</strong></span> <span class='ocrx_word' id='word_1_822' title='bbox 2517 5209 2822 5286; x_wconf 29' lang='lat' dir='ltr'><strong>De&#39;ltt&#39;s‘qui</strong></span> <span class='ocrx_word' id='word_1_823' title='bbox 2848 5215 2934 5286; x_wconf 66' lang='lat' dir='ltr'><strong>sui</strong></span> <span class='ocrx_word' id='word_1_824' title='bbox 2954 5209 3039 5286; x_wconf 62' lang='lat' dir='ltr'><strong>uel</strong></span> <span class='ocrx_word' id='word_1_825' title='bbox 3063 5209 3150 5268; x_wconf 49' lang='lat' dir='ltr'><strong>al;</strong></span> <span class='ocrx_word' id='word_1_826' title='bbox 3167 5209 3330 5286; x_wconf 58' lang='lat' dir='ltr'><strong>jurl)_,</strong></span> <span class='ocrx_word' id='word_1_827' title='bbox 3360 5227 3375 5258; x_wconf 84' lang='lat' dir='ltr'><strong>I</strong></span> <span class='ocrx_word' id='word_1_828' title='bbox 3403 5209 3522 5261; x_wconf 87' lang='lat' dir='ltr'><strong>aui-</strong></span> 
     </span>
    </p>
   </div>
   <div class='ocr_carea' id='block_1_117' title="bbox 1949 5279 3525 5354">
    <p class='ocr_par' dir='ltr' id='par_1_117' title="bbox 1949 5279 3525 5354">
     <span class='ocr_line' id='line_1_119' title="bbox 1949 5279 3525 5354; baseline -0.009 -10"><span class='ocrx_word' id='word_1_829' title='bbox 1949 5279 2290 5344; x_wconf 79' lang='lat' dir='ltr'><strong>madvertere</strong></span> <span class='ocrx_word' id='word_1_830' title='bbox 2336 5285 2652 5354; x_wconf 77' lang='lat' dir='ltr'><strong>possumus,</strong></span> <span class='ocrx_word' id='word_1_831' title='bbox 2677 5279 2918 5354; x_wconf 76' lang='lat' dir='ltr'><strong>dominis</strong></span> <span class='ocrx_word' id='word_1_832' title='bbox 2951 5284 3002 5336; x_wconf 91' lang='lat' dir='ltr'><strong>in</strong></span> <span class='ocrx_word' id='word_1_833' title='bbox 3033 5279 3221 5354; x_wconf 82' lang='lat' dir='ltr'><strong>serves</strong></span> <span class='ocrx_word' id='word_1_834' title='bbox 3267 5279 3388 5354; x_wconf 76' lang='lat' dir='ltr'><strong>vitae</strong></span> <span class='ocrx_word' id='word_1_835' title='bbox 3431 5294 3525 5331; x_wconf 87' lang='lat' dir='ltr'><strong>nc-</strong></span> 
     </span>
    </p>
   </div>
   <div class='ocr_carea' id='block_1_118' title="bbox 1950 5349 3521 5426">
    <p class='ocr_par' dir='ltr' id='par_1_118' title="bbox 1950 5349 3521 5426">
     <span class='ocr_line' id='line_1_120' title="bbox 1950 5349 3521 5426; baseline -0.01 -12"><span class='ocrx_word' id='word_1_836' title='bbox 1950 5361 2137 5426; x_wconf 87' lang='lat' dir='ltr'><strong>cisque</strong></span> <span class='ocrx_word' id='word_1_837' title='bbox 2169 5349 2488 5426; x_wconf 35' lang='lat' dir='ltr'><strong>potest—atem</strong></span> <span class='ocrx_word' id='word_1_838' title='bbox 2517 5353 2706 5426; x_wconf 71' lang='lat' dir='ltr'><strong>fuisse.</strong></span> <span class='ocrx_word' id='word_1_839' title='bbox 2746 5370 2764 5404; x_wconf 78' lang='grc' dir='ltr'><strong>ι</strong></span> <span class='ocrx_word' id='word_1_840' title='bbox 2806 5352 2984 5426; x_wconf 76' lang='lat' dir='ltr'><strong>Quare</strong></span> <span class='ocrx_word' id='word_1_841' title='bbox 3003 5352 3094 5419; x_wconf 91' lang='lat' dir='ltr'><strong>qui</strong></span> <span class='ocrx_word' id='word_1_842' title='bbox 3119 5351 3174 5426; x_wconf 77' lang='lat' dir='ltr'><strong>in</strong></span> <span class='ocrx_word' id='word_1_843' title='bbox 3200 5349 3521 5426; x_wconf 81' lang='lat' dir='ltr'><strong>praedonum</strong></span> 
     </span>
    </p>
   </div>
   <div class='ocr_carea' id='block_1_119' title="bbox 1950 5419 3520 5487">
    <p class='ocr_par' dir='ltr' id='par_1_119' title="bbox 1950 5419 3520 5487">
     <span class='ocr_line' id='line_1_121' title="bbox 1950 5419 3520 5487; baseline -0.01 -5"><span class='ocrx_word' id='word_1_844' title='bbox 1950 5419 2227 5484; x_wconf 79' lang='lat' dir='ltr'><strong>venissent</strong></span> <span class='ocrx_word' id='word_1_845' title='bbox 2273 5439 2489 5487; x_wconf 89' lang='lat' dir='ltr'><strong>manus,</strong></span> <span class='ocrx_word' id='word_1_846' title='bbox 2521 5421 2680 5478; x_wconf 89' lang='lat' dir='ltr'><strong>bouis</strong></span> <span class='ocrx_word' id='word_1_847' title='bbox 2723 5422 2980 5475; x_wconf 90' lang='lat' dir='ltr'><strong>omnibus</strong></span> <span class='ocrx_word' id='word_1_848' title='bbox 3025 5419 3265 5481; x_wconf 89' lang='lat' dir='ltr'><strong>amissis,</strong></span> <span class='ocrx_word' id='word_1_849' title='bbox 3299 5431 3520 5470; x_wconf 82' lang='lat' dir='ltr'><strong>usuram</strong></span> 
     </span>
    </p>
   </div>
   <div class='ocr_carea' id='block_1_120' title="bbox 1950 5487 3525 5570">
    <p class='ocr_par' dir='ltr' id='par_1_120' title="bbox 1950 5487 3525 5570">
     <span class='ocr_line' id='line_1_122' title="bbox 1950 5487 3525 5570; baseline -0.01 -16"><span class='ocrx_word' id='word_1_850' title='bbox 1950 5513 2168 5570; x_wconf 88' lang='lat' dir='ltr'><strong>quoque</strong></span> <span class='ocrx_word' id='word_1_851' title='bbox 2199 5495 2338 5570; x_wconf 79' lang='lat' dir='ltr'><strong>lucis</strong></span> <span class='ocrx_word' id='word_1_852' title='bbox 2361 5495 2524 5570; x_wconf 78' lang='lat' dir='ltr'><strong>nulla</strong></span> <span class='ocrx_word' id='word_1_853' title='bbox 2553 5492 2859 5570; x_wconf 66' lang='lat' dir='ltr'><strong>praestituta</strong></span> <span class='ocrx_word' id='word_1_854' title='bbox 2881 5489 2970 5544; x_wconf 90' lang='lat' dir='ltr'><strong>die</strong></span> <span class='ocrx_word' id='word_1_855' title='bbox 2992 5488 3173 5570; x_wconf 79' lang='lat' dir='ltr'><strong>datam</strong></span> <span class='ocrx_word' id='word_1_856' title='bbox 3201 5487 3278 5570; x_wconf 59' lang='lat' dir='ltr'><strong>in“</strong></span> <span class='ocrx_word' id='word_1_857' title='bbox 3297 5487 3442 5540; x_wconf 90' lang='lat' dir='ltr'><strong>luctu</strong></span> <span class='ocrx_word' id='word_1_858' title='bbox 3471 5494 3525 5570; x_wconf 72' lang='lat' dir='ltr'><strong>et</strong></span> 
     </span>
    </p>
   </div>
   <div class='ocr_carea' id='block_1_121' title="bbox 1953 5556 3524 5634">
    <p class='ocr_par' dir='ltr' id='par_1_121' title="bbox 1953 5556 3524 5634">
     <span class='ocr_line' id='line_1_123' title="bbox 1953 5556 3524 5634; baseline -0.011 -10"><span class='ocrx_word' id='word_1_859' title='bbox 1953 5556 2183 5624; x_wconf 56' lang='lat' dir='ltr'><strong>maerore</strong></span> <span class='ocrx_word' id='word_1_860' title='bbox 2205 5565 2490 5634; x_wconf 84' lang='lat' dir='ltr'><strong>capiebant</strong></span> <span class='ocrx_word' id='word_1_861' title='bbox 2515 5581 2527 5617; x_wconf 89' lang='lat'><strong>:</strong></span> <span class='ocrx_word' id='word_1_862' title='bbox 2551 5556 2694 5632; x_wconf 75' lang='lat' dir='ltr'><strong>quod</strong></span> <span class='ocrx_word' id='word_1_863' title='bbox 2727 5561 2854 5615; x_wconf 71' lang='lat' dir='ltr'><strong>vitaz</strong></span> <span class='ocrx_word' id='word_1_864' title='bbox 2885 5573 3055 5629; x_wconf 87' lang='lat' dir='ltr'><strong>genus</strong></span> <span class='ocrx_word' id='word_1_865' title='bbox 3087 5557 3196 5611; x_wconf 88' lang='lat' dir='ltr'><strong>cita</strong></span> <span class='ocrx_word' id='word_1_866' title='bbox 3225 5556 3314 5611; x_wconf 86' lang='lat' dir='ltr'><strong>illa</strong></span> <span class='ocrx_word' id='word_1_867' title='bbox 3349 5564 3524 5610; x_wconf 86' lang='lat' dir='ltr'><strong>tnorlc</strong></span> 
     </span>
    </p>
   </div>
   <div class='ocr_carea' id='block_1_122' title="bbox 1947 5634 2650 5714">
    <p class='ocr_par' dir='ltr' id='par_1_122' title="bbox 1947 5634 2650 5714">
     <span class='ocr_line' id='line_1_124' title="bbox 1947 5634 2650 5714; baseline -0.014 -21"><span class='ocrx_word' id='word_1_868' title='bbox 1947 5640 2070 5714; x_wconf 77' lang='lat' dir='ltr'><strong>jure</strong></span> <span class='ocrx_word' id='word_1_869' title='bbox 2105 5639 2320 5707; x_wconf 79' lang='lat' dir='ltr'><strong>gravius</strong></span> <span class='ocrx_word' id='word_1_870' title='bbox 2351 5634 2650 5690; x_wconf 86' lang='lat' dir='ltr'><strong>videbatur.</strong></span> 
     </span>
    </p>
   </div>
  </div>
