3860 6196
248 350 346 418 969

1307 371 1389 432 IN
1432 370 2020 438 ECCLESIASTEN.
2077 400 2146 412 -
2183 374 2431 443 LIB-'V.

3374 387 3500 453 '970

248 475 379 543 φῶς.
413 474 584 529 Τοῦτο
613 474 721 549 γὰρ
754 476 1030 549 ἐσήμανεν
1055 480 1247 548 εἰπὼν,
1289 503 1308 536 ι
1343 486 1452 540 Καὶ
1480 486 1647 560 πολλή
1673 489 1807 543 ὲστιη

1924 490 2155 546 multum
2183 501 2266 547 est
2291 508 2455 563 super
2495 492 2796 560 hominem,
2832 513 2855 548 ι
2896 511 3020 569 ηοω
3056 498 3358 568 declarant,
3390 522 3499 562 non

214 568 338 631 ⁶ἐπὶ
365 566 456 621 τὸν
502 566 814 640 ἄνθρωπον,
853 589 874 624 ι
906 570 1081 643 δηλῶν
1110 574 1186 638 ὡς
1222 575 1346 647 οὐχὶ
1371 578 1575 643 πάντες
1606 580 1819 652 ἄνθρω-

246 675 334 712 ποι
361 659 459 729 τὴν
506 660 769 732 τοιαύτην
799 661 986 733 έχουσι
1016 667 1262 737 πονηράν
1295 668 1472 724 νόσον.
1517 671 1643 725 Elei.
1681 671 1813 744 γὰρ,

243 750 349 802 εἰσὶ
390 751 483 804 καί
528 769 677 816 τινες
722 754 772 806 oi
818 756 919 825 τῆς
960 748 1339 826 προσπαθείας
1384 761 1495 815 τῶν
1533 762 1816 833 παρόντων

244 841 469 906 ἑαυτοὺς
495 844 893 917 ὑπεράραντες,
916 848 1119 902 καὶτὸν
1135 851 1276 923 ἀκτή
1286 868 1425 922 μονα
1458 854 1816 926 προελόμενοι

243 934 376 1005 βίον,
407 936 502 990 ἅτε
535 936 602 1008 δὴ
630 940 722 994 καὶ
766 939 827 992 τὸ
859 938 1167 1012 πολίτευμα
1196 943 1411 1014 ἔχοντες
1443 947 1504 999 ἐν
1539 947 1812 1017 οὐρανοῖς,

243 1028 334 1082 καὶ
368 1028 445 1099 μὴ
493 1029 656 1098 μόνον
701 1032 765 1085 ἐκ
793 1033 891 1087 τοῦ
942 1036 1382 1107 περισσεύματος
1422 1039 1536 1093 τῶν
1564 1041 1815 1096 ὁπωσοῦν

241 1120 422 1185 αὐτοῖς
446 1121 747 1191 δεδομένων
772 1124 803 1196 ύ
812 1125 876 1178 πὸ
917 1127 1017 1196 τῆς
1038 1127 1195 1192 θείας
1220 1132 1501 1200 προνοίας,
1542 1133 1682 1189 ἀλλὰ
1703 1136 1815 1190 κάκ

238 1207 328 1265 τοῦ
356 1210 740 1281 ὑστερήματος
765 1215 1054 1279 κοινωνοὺς
1077 1214 1447 1287 λαμϐάνοντες
1462 1220 1592 1282 τοὺς
1616 1219 1815 1284 ἐνδεεῖς

240 1303 330 1354 καὶ
357 1301 629 1372 πτωχούς.
673 1302 777 1354 Τὸν
808 1302 974 1357 πολὺν
999 1304 1094 1361 οὖν
1125 1308 1413 1379 ἄνθρωπον
1439 1309 1813 1382 αἰνιττόμενος

240 1391 428 1463 ἔφησε,
468 1411 486 1444 ι
535 1394 649 1446 Καὶ
677 1393 846 1465 πολλή
879 1396 1028 1449 ἐστιν
1071 1399 1165 1451 ἐπὶ
1206 1398 1298 1453 τὸν
1324 1400 1634 1471 ἄνθρωπον.
1670 1420 1689 1454 ι
1724 1402 1816 1456 El-

232 1476 353 1536 Δπὼν
376 1482 459 1544 δὲ,
507 1500 529 1534 t
576 1481 761 1553 Ἀνὴρ,
896 1483 1057 1540 δώσει
1087 1487 1239 1558 αὐτῷ
1274 1488 1407 1553 Θεὸς
1452 1489 1685 1545 πλοῦτον
1720 1491 1813 1545 καὶ

238 1572 549 1643 ὑπάρχοντα
595 1574 691 1628 καὶ
737 1574 916 1642 δόξαν,
954 1596 974 1629 ι
1027 1577 1327 1645 δείκνυσιν,
1371 1581 1449 1645 ὡς
1490 1588 1669 1637 πάντα
1712 1583 1812 1654 τῆς

200 1648 204 1652 ’
237 1665 386 1732 Θείας
429 1665 759 1741 ἐξήρτηνται
806 1670 1085 1741 προνοίας,
1116 1673 1211 1726 καὶ
1244 1674 1424 1729 πάντα
1456 1675 1642 1731 θεόθεν
1675 1648 1814 1749 πρυ-

232 1760 551 1815 τανεύονται
587 1764 705 1825 τοῖς
732 1761 1067 1833 ἀνθρώποις,
1105 1763 1212 1817 κᾶν
1234 1764 1465 1819 πλοῦτον
1493 1768 1677 1840 εἴπῃς,
1705 1768 1810 1822 κᾶν

1925 596 2120 638 omnes
2148 582 2398 640 homines
2428 585 2522 641 tali
2543 587 2735 642 morbo
2756 588 2983 647 allectos
3007 605 3148 648 esse.
3174 592 3313 649 Sunt
3333 598 3497 661 enim,

1920 681 2053 727 sunt
2079 682 2134 728 et
2162 674 2407 742 quidam,
2435 677 2528 746 qui
2554 677 2827 747 superatis
2849 683 3197 748 praesentium
3229 684 3499 743 honorum

1923 763 2221 832 illecebris,
2258 775 2313 820 et
2363 782 2600 837 paupere
2621 770 2731 823 vita
2785 781 3106 843 praeoptata,
3147 784 3406 846 tanquam
3442 780 3500 834 in

1922 852 2079 909 caelis
2107 870 2283 912 avum
2312 865 2551 925 agentes,
2584 872 2691 912 non
2721 860 2896 916 solum
2933 862 2988 916 in
3006 879 3227 928 eorum.
3247 882 3369 937 quae
3390 870 3496 926 sibi

1918 957 1954 997 a
2001 944 2188 1000 divina
2228 949 2573 1016 providentia
2628 953 3128 1026 quomodocunque
3180 958 3335 1030 153
3369 963 3495 1018 data

1922 1044 2072 1100 sunt,
2115 1037 2213 1093 sed
2248 1038 2300 1092 in
2354 1041 2795 1097 communionem
2849 1043 3095 1100 demensi
3137 1062 3359 1118 quoque
3407 1054 3495 1107 sui

1920 1140 2122 1195 egenos
2157 1138 2214 1183 et
2249 1130 2529 1186 mendicos
2548 1132 2841 1202 accipiunt.
2870 1133 3170 1208 Plerosque
3200 1139 3366 1211 igitur
3392 1143 3496 1199 ho-

1921 1218 2133 1272 minum
2168 1219 2461 1290 designans
2519 1221 2700 1278 dixit:
2738 1242 2759 1276 ι
2805 1226 2874 1279 Et
2920 1227 3154 1284 multum
3197 1241 3284 1286 est
3332 1248 3499 1305 super

1921 1309 2249 1367 hominem.»
2268 1312 2365 1366 Illa
2395 1329 2526 1369 vero
2550 1315 2882 1385 subjiciens:
2914 1335 2932 1369 ι
2960 1317 3074 1384 Vir,
3098 1322 3186 1377 cui
3216 1324 3366 1380 dabit
3394 1327 3496 1396 ipsi

1919 1399 2062 1456 Deus
2090 1402 2308 1459 divitias
2337 1413 2393 1460 et
2419 1405 2781 1462 substantiam
2810 1417 2869 1463 et
2891 1410 3151 1480 gloriam,
3182 1431 3201 1466 ι
3235 1419 3493 1483 ostendit,

1918 1492 2102 1546 omnia
2141 1508 2172 1547 a
2208 1494 2392 1551 divina
2443 1495 2793 1553 Providentia
2837 1500 3095 1570 appendi,
3144 1514 3199 1557 et
3233 1504 3496 1561 divinitus

1918 1582 2134 1653 singula
2164 1583 2482 1640 hominibus
2510 1587 2897 1652 administrari,
2942 1591 3060 1648 sive
3099 1592 3320 1651 divitias
3342 1597 3492 1653 dixe-

1917 1673 2017 1739 ris,
2049 1674 2165 1731 sive
2201 1691 2458 1746 agrorum
2484 1680 2887 1749 possessiones,
2925 1683 3040 1737 sive
3067 1686 3243 1742 vineta
3295 1705 3493 1760 magno

1916 1778 2167 1829 numero,
2204 1766 2319 1820 sive
2356 1766 2720 1835 dominatum,
2757 1769 2870 1824 sive
2918 1772 3171 1842 gloriam,
3214 1778 3489 1842 universa,

235 1853 426 1920 κτῆσιν
457 1851 734 1922 ἀρουρῶν,
780 1853 883 1906 κᾶν
918 1850 1258 1924 ἀμπελώνων
1309 1856 1541 1929 μυρίων,
1572 1860 1679 1912 κᾶν
1718 1858 1807 1911 δυ-

1913 1851 2162 1922 inquam,
2195 1854 2558 1925 omnipotenti
2608 1857 2700 1911 Dei
2737 1857 2946 1926 judicio
2976 1872 3034 1916 et
3074 1864 3355 1922 voluntate
3393 1884 3492 1938 ap—

233 1957 391 1993 ναστε
402 1941 485 1995 ίαν
522 1942 613 1995 καὶ
639 1942 818 2009 δόξαν,
851 1942 1029 1997 πάντα
1056 1945 1153 2015 τῆς
1184 1948 1625 2020 ἀπειροδυνάμου
1650 1951 1810 2020 ὲξήρ-

230 2048 422 2102 τηνται
452 2032 604 2095 Θείας
649 2033 885 2104 κρίσεως
932 2038 1031 2091 καὶ
1063 2036 1282 2110 βουλῆς,
1326 2040 1421 2094 καὶ
1462 2040 1585 2095 καθ’
1614 2040 1709 2106 οὓς
1741 2042 1807 2095 ἂν

231 2118 337 2177 οἶδε
387 2124 626 2195 τρόπους
663 2126 948 2196 χριμάτων
979 2128 1405 2200 ἀκαταλήπτους
1444 2131 1580 2201 ἡμῖν
1625 2130 1805 2198 ὄντας,

230 2210 308 2279 οἷς
338 2216 443 2287 μὲν
475 2216 711 2282 δίδωσιν,
748 2210 829 2280 οἷς
862 2219 917 2272 δὲ
947 2219 1222 2291 οὐδαμῶς.

297 2349 435 2408 Εἶτα
463 2355 776 2426 λαμϐάνων,
797 2359 985 2430 φησὶν,
1020 2361 1084 2414 ἐκ
1113 2359 1248 2416 Θεοῦ
1277 2362 1378 2433 τὴν
1400 2358 1683 2435 δαψίλειαν
1696 2367 1807 2421 τῶν

226 2446 539 2516 εἰρημένων
563 2448 662 2518 καὶ
689 2449 1055 2506 πολυτέλειαν
1082 2453 1397 2525 ἄνθρωπος,
1434 2457 1532 2510 καὶ
1553 2458 1653 2529 τὴν
1704 2460 1806 2530 μὲν

229 2536 429 2591 ἑαυτοῦ
457 2538 637 2610 ψυχὴν
667 2540 966 2610 ἐμπιπλῶν
1001 2543 1111 2597 τῶν
1145 2545 1291 2599 ίδίων
1318 2546 1628 2619 ἐπιθυμιῶν
1660 2551 1808 2604 ἁπα-

229 2632 361 2693 σῶν,
388 2634 453 2685 ού
482 2634 756 2705 διανέμων
785 2637 852 2690 δὲ
885 2637 981 2692 καὶ
1014 2639 1196 2703 διδοὺς
1228 2643 1343 2705 τοῖς
1392 2642 1670 2714 δεομένοις
1713 2645 1807 2697 καὶ

228 2726 483 2794 πένησιν,
511 2727 827 2797 εὑρίσκεται
855 2728 1043 2800 σαφῶς
1072 2733 1101 2785 ὁ
1141 2734 1387 2796 τοιοῦτος
1444 2734 1520 2797 ὡς
1546 2734 1808 2806 οὐδαμῶς

230 2816 563 2880 ἐξουσιάσας
592 2816 701 2869 τῶν
732 2818 1035 2889 δεδομένων
1093 2821 1243 2891 αύτῷ
1269 2821 1455 2876 θεόθεν
1495 2844 1514 2875 ‹
1556 2825 1693 2895 πρὸς
1743 2824 1807 2878 τὸ

222 2902 429 2975 φᾶγεῑν
480 2909 539 2975 ἐξ
573 2909 775 2965 αὐτῶν.
817 2930 838 2964 ι
872 2912 952 2965 Δι’
985 2913 1053 2982 ἥν
1087 2914 1270 2967 αἰτίαν
1294 2931 1309 2978 ;
1336 2909 1494 2981 "Ott,
1527 2919 1716 2987 φησὶν,
1748 2920 1805 2973 αἱ

229 2996 331 3067 μὲν
362 2998 656 3069 ἐπιθυμίαι
690 3001 993 3072 παρῆλθον,
1015 3005 1111 3057 καὶ
1141 3004 1252 3057 τῶν
1279 3007 1558 3076 σαρκικῶν
1602 3008 1805 3079 ἡδονῶν

222 3088 504 3161 ἠφανίσθη
534 3090 596 3165 τὸ
624 3091 852 3161 πλῆθος,
896 3095 1060 3158 αὐτὸς
1085 3095 1142 3149 δὲ
1169 3096 1316 3167 λιμῷ
1347 3099 1653 3170 τακήσεται
1700 3117 1807 3172 ,χα-

1907 1944 2108 2015 pendi,
2159 1960 2397 2016 eumque
2448 1949 2751 2004 secundum
2806 1952 3024 2007 consilii
3079 1956 3168 2010 sui
3221 1959 3487 2024 rationes,

1911 2050 2049 2106 quas
2082 2035 2200 2106 ipse
2240 2038 2413 2100 novit,
2443 2052 2545 2093 nos
2591 2039 2930 2110 ignoramus,
2975 2044 3097 2102 aliis
3134 2048 3356 2117 quidem
3389 2055 3492 2108 tri-

1908 2127 2099 2194 buere,
2125 2128 2250 2183 aliis
2277 2144 2385 2184 non
2417 2130 2676 2189 tribuere.

1979 2340 2099 2407 Jam
2157 2359 2288 2407 vero
2330 2367 2454 2408 cum
2508 2353 2710 2420 homo,
2754 2351 2962 2427 inquit,
3014 2357 3316 2429 bonorum,
3364 2376 3478 2435 qua

1908 2443 2314 2507 recensuimus,
2346 2445 2559 2515 copiam
2593 2455 2646 2501 et
2678 2448 2998 2504 varietatem
3030 2453 3266 2522 accipiat
3294 2468 3325 2508 a
3353 2453 3484 2517 Deo.

1909 2536 1958 2591 si
1993 2537 2181 2591 animo
2223 2552 2346 2601 suo,
2389 2552 2512 2607 qua:
2556 2541 2779 2608 appetit,
2819 2542 3002 2596 omnia
3050 2544 3133 2599 sic
3184 2545 3484 2617 indulgeat,

1904 2627 2047 2681 nihil
2086 2636 2146 2681 ut
2186 2628 2374 2698 egenis
2400 2638 2457 2683 et
2486 2632 2818 2699 pauperibus
2844 2632 3138 2689 distribuat
3176 2647 3344 2706 atque
3378 2638 3484 2691 im-

1901 2722 2209 2790 partiattIr;
2246 2722 2302 2776 is
2334 2722 2582 2792 profecto
2618 2733 2886 2795 potestate
2919 2736 3057 2782 usus
3091 2728 3235 2782 nulla
3271 2731 3487 2785 videtur

1902 2814 1966 2869 in
1999 2814 2090 2881 iis,
2126 2828 2247 2884 quae
2278 2815 2353 2871 illi
2394 2830 2425 2869 a
2461 2815 2573 2870 Deo
2600 2817 2725 2870 data
2761 2826 2892 2871 sunt
2939 2840 2959 2869 ι
2991 2818 3056 2872 ad
3087 2821 3483 2877 comedendum

1908 2921 1974 2962 ex
2005 2904 2161 2975 ipsis.
2198 2922 2217 2956 ›
2262 2902 2436 2970 Quam
2469 2905 2542 2959 ob
2567 2906 3009 2972 causam‘lQuia,
3042 2908 3239 2979 inquit,
3271 2911 3488 2967 deside-

1908 3000 1989 3053 ria
2036 2996 2433 3069 praeterierunt,
2479 3005 2533 3052 et
2575 2998 2912 3068 voluptatum
2963 3002 3213 3084 corporis
3264 3007 3487 3060 evanuit

1907 3089 2235 3154 multitudo;
2268 3089 2383 3159 ipse
2412 3103 2565 3156 vero,
2589 3104 2716 3145 cum
2751 3088 2995 3144 futuram
3024 3093 3263 3162 attigerit
3294 3095 3483 3162 vitam,

220 3179 381 3252 λεπῷ
409 3182 554 3234 κατὰ
583 3182 681 3253 τὴν
719 3183 1020 3253 μέλλουσαν
1064 3186 1233 3256 ζωὴν,
1276 3188 1543 3260 μηδαμῶς
1598 3190 1806 3262 ἀποθη-

1913 3181 2048 3236 dura
2088 3179 2233 3236 fame
2264 3180 2637 3243 contabescet,
2671 3180 2837 3236 nullis
2874 3181 2985 3237 illic
3020 3183 3294 3241 thesauris
3330 3188 3486 3242 beni-

222 3271 500 3342 σαυρίσας
530 3272 710 3326 ἐκεῖσε
740 3273 828 3326 διὰ
869 3275 969 3345 τῆς
1005 3276 1351 3346 μεταδόσεως
1403 3279 1517 3332 τῶν
1555 3281 1807 3352 πενήτων

215 3362 288 3416 τά
330 3362 439 3433 τῆς
468 3364 692 3417 αἰωνίου
714 3366 1244 3440 καὶδιαιωνιζούσης
1268 3369 1565 3445 διατροφῆς
1606 3388 1619 3402 ·
1653 3372 1807 3439 ξένος

216 3451 327 3524 γάρ
370 3451 513 3523 ἀνὴρ
542 3453 728 3527 ἕτερος
770 3454 1153 3528 διαδεξάμενος
1205 3460 1373 3515 αὐτοῦ
1423 3462 1515 3516 τὸν
1546 3462 1800 3528 πλοῦτον,

221 3548 437 3611 ἐκεῖνος
473 3547 711 3616 φάγεται
739 3547 839 3601 καὶ
865 3550 1245 3605 καταναλώσει
1278 3553 1460 3608 πάντα
1484 3556 1606 3615 ταῖς
1634 3554 1801 3607 αὐτοῦ
1834 3583 1841 3588 -

228 3641 521 3711 ωρκικαίς
550 3640 769 3710 ἡδοναῖς
816 3643 912 3695 καὶ
972 3642 1206 3713 πράξεσι
1260 3644 1523 3708 κιναίδοις
1586 3660 1649 3697 τε
1709 3645 1805 3699 καὶ

223 3732 558 3803 μοχθηρῶς.
592 3732 765 3786 Τοῦτο
816 3733 875 3786 δὲ
916 3733 1255 3804 σημαντικὸν
1313 3735 1413 3805 τῆς
1451 3736 1627 3805 ἄκρας
1689 3736 1805 3789 ἐστὶ

214 3824 597 3893 ματαιότητος
625 3825 726 3877 καὶ⁸
770 3824 870 3893 τῆς
906 3825 1155 3895 πονηρᾶς
1189 3825 1508 3896 ἀρρωστίας
1558 3826 1662 3896 τῆς
1711 3844 1807 3879 κα-

215 3912 540 3984 τασχούσης
571 3916 698 3977 τοὺς
728 3914 1024 3985 λογισμοὺς
1046 3914 1237 3981 αὐτοῦ,
1269 3918 1363 3970 καὶ
1387 3916 1805 3989 καθελκυσάσης

214 4006 298 4071 είς
321 4007 456 4078 ᾅδου
488 4007 762 4077 πέταυρον
809 4007 904 4060 καὶ
954 4007 1187 4061 θανάτου
1224 4007 1455 4089 φθοράν.
1518 4007 1692 4063 Τοῦτο
1722 4009 1804 4076 δὲ,

214 4095 385 4163 φησὶ,
424 4093 489 4146 τὸ
527 4088 666 4157 εἶδος
696 4094 798 4164 τῆς
850 4094 1223 4165 ,ματαιότητος
1284 4097 1380 4151 καὶ⁸
1412 4098 1510 4166 τῆς
1558 4100 1805 4168 πονηρᾶς

209 4185 562 4257 ἀρρωστίας,
586 4186 709 4254 οὐχὶ
734 4186 895 4255 μόνον
928 4186 1039 4239 τῶν
1090 4188 1299 4257 βραχὺν
1356 4187 1468 4257 βίον
1505 4187 1800 4259 λαχόντων,

212 4276 314 4328 καὶ
345 4274 453 4338 τὰς
480 4275 694 4347 ἡμέρας
719 4276 820 4344 τῆς
857 4275 1005 4346 ζωῆς
1038 4279 1352 4346 ἐσχηκότων
1402 4279 1594 4347 ὀλίγας
1628 4280 1803 4346 ἐστὶν,

211 4365 357 4422 ἀλλὰ
394 4366 494 4417 καὶ
527 4365 981 4438 παραταθήσεται
1003 4367 1104 4437 τῆς
1130 4366 1275 4440 ζωῆς
1304 4369 1470 4423 αὐτοῦ
1503 4370 1564 4423 τὸ
1602 4370 1806 4443 μέτρον

209 4459 295 4523 εἰς
330 4457 436 4530 ἐτη
497 4456 688 4522 πολλὰ,
736 4457 844 4511 κᾶν
875 4458 1351 4530 πληθυνθὴσονται
1414 4462 1513 4532 τῆς
1566 4462 1805 4516 ἐνταῦθα

213 4549 523 4623 παροικίας
554 4550 611 4602 αί
646 4549 856 4619 ἡμέραι
876 4549 989 4603 τῶν
1011 4551 1150 4602 ἐτῶν
1199 4551 1369 4604 αὐτοῦ
1409 4553 1531 4607 καθ’
1570 4554 1807 4625 ὑπερϐοο
1837 4532 1880 4586 θ

205 4640 335 4713 λὴν,
366 4639 727 4713 ἀποστερήσῃ
764 4639 822 4693 δὲ
850 4639 950 4709 τῆς
978 4641 1035 4693 ἐν
1067 4639 1461 4712 ὲλεημοσύναις
1492 4644 1586 4697 καὶ
1626 4644 1807 4698 διανου

204 4737 348 4805 par;
402 4732 522 4785 τῶν
548 4732 798 4803 πενήτων
831 4732 1407 4803 παραλαμϐανομένης
1441 4734 1807 4806 ἀγαθωσύνης

200 4827 309 4897 τὴν
348 4824 495 4879 ίδίαν
529 4822 732 4895 ψυχὴν,
756 4822 857 4894 τὴν
900 4823 1025 4893 ίσην
1070 4826 1164 4876 καὶ
1206 4824 1305 4895 τὴν
1359 4823 1532 4895 αὐτὴν
1575 4824 1805 4895 εὑρεθή-

204 4928 376 4971 σεται
420 4916 764 4985 ματαιότητα
813 4916 909 4968 καὶ
947 4915 1193 4985 πονηρὰν
1252 4915 1564 4985 ἀρρωστίαν
1609 4917 1804 4984 ἐπιφε-

203 5010 452 5078 ρόμενος
481 5022 497 5035 ο
524 5005 587 5058 οὐ
611 5004 721 5074 γάρ
746 5007 1002 5075 συνῆκεν,
1029 5004 1109 5059 ὅτι
1137 5004 1330 5074 θνητός
1359 5006 1498 5069 ἐστι,
1530 5005 1626 5058 καὶ
1673 5006 1810 5059 πάν-

201 5115 317 5162 τως
352 5096 823 5165 ἀπορραγήσεται
866 5096 968 5165 τῆς
1004 5096 1285 5167 παρούσης
1350 5093 1519 5163 ζωῆς,
1550 5096 1646 5149 καὶ
1697 5095 1807 5148 τῶν

203 5192 367 5244 ίδίων
412 5187 717 5257 κτημάτων
771 5187 866 5240 καὶ
902 5188 1206 5258 χρημάτων
1259 5184 1412 5240 ἄλλοι
1473 5184 1805 5250 διαδέξονται

203 5285 306 5353 τὴν
352 5278 664 5334 ἀπόλαυσιν
688 5319 704 5345 ,
738 5277 1002 5343 πολλάκις
1032 5279 1184 5342 ὄντες
1219 5278 1313 5331 καὶ
1350 5278 1663 5347 δυσμενεῖς,
1731 5275 1807 5340 ὡς

208 5375 358 5445 μηδὲ
394 5372 689 5451 φροντίσαι
733 5370 833 5441 τῆς
885 5370 1274 5443 προσηκούσης
1329 5370 1525 5440 ἐκείνῳ
1584 5367 1763 5438 ταφῆς
1789 5383 1804 5397 ⁸

203 5467 357 5522 ἀλλὰ
394 5466 833 5538 παρεωραμένον
850 5467 1175 5521 καταλιπεῖν
1195 5465 1288 5517 καὶ
1319 5463 1605 5525 παντελῶς
1634 5464 1807 5532 ἀπρο-

207 5560 438 5628 mem.

288 5688 468 5745 Τοῦτο
496 5690 555 5744 δὲ
592 5690 805 5757 πολλοῖς
839 5692 1098 5756 πολλάκις
1163 5690 1532 5761 συμϐέϐηκεν,
1593 5688 1691 5744 οὐκ
1747 5688 1804 5743 ἐν

208 5787 344 5847 ταῖς
378 5783 813 5852 παρῳχημέναις
842 5786 1055 5853 γενεαῖς
1091 5784 1274 5854 μόνον,
1298 5783 1435 5838 ἀλλὰ
1466 5783 1569 5836 κάν
1587 5785 1652 5852 τῇ
1680 5781 1803 5835 καθ’

421 5872 702 5934 Ρλτκοι.
742 5873 856 5934 Gtt.
908 5874 1179 5935 XCVIII.

1904 3274 2113 3345 gnitate
2140 3288 2267 3343 erga
2300 3287 2570 3343 pauperes
2603 3274 2954 3342 comparatis,
2990 3278 3136 3330 unde
3160 3285 3370 3333 aeterna
3405 3277 3484 3337 iiii

1902 3376 1960 3420 et
1988 3375 2246 3435 perpetua
2295 3365 2559 3437 alimenta
2595 3366 3031 3435 suppeditentur.
3070 3367 3164 3423 Yir
3193 3370 3341 3424 enim
3383 3385 3484 3426 ex-

1902 3444 2097 3512 ternus
2126 3458 2264 3513 alter
2302 3458 2355 3512 in
2392 3457 2510 3528 ejus
2538 3473 2668 3528 opes
2697 3459 2972 3524 succedet,
3003 3461 3094 3530 qui
3122 3461 3248 3517 edat
3273 3464 3480 3525 omnia.

1905 3556 1962 3603 et
1986 3549 2234 3619 corporis
2275 3548 2648 3618 voluptatibus
2688 3564 2754 3604 ac
2796 3551 3062 3619 pudendis
3110 3552 3484 3625 improhisqno

1904 3640 2073 3694 rebus
2102 3638 2420 3709 impendens
2449 3640 2724 3695 absumat.
2766 3638 2821 3695 Id
2846 3656 3024 3711 "porro
3069 3657 3301 3699 summa:
3329 3647 3484 3700 vani-

1907 3730 2036 3785 tatis
2075 3730 2338 3785 indicium
2378 3740 2463 3783 est
2497 3738 2555 3783 et
2586 3730 2810 3798 pessimi
2856 3729 3161 3800 languoris.
3191 3734 3285 3802 qui
3331 3749 3484 3787 men-

1905 3830 2018 3876 tem
2043 3820 2164 3889 ejus
2194 3820 2581 3888 rationemque
2610 3820 2921 3889 occupavit,
2950 3823 3155 3891 quique
3180 3822 3239 3876 in
3278 3822 3481 3879 inferni

1906 3915 2133 3984 laqueos
2162 3920 2217 3967 et
2266 3910 2321 3964 in
2357 3909 2554 3964 mortis
2577 3908 2875 3979 perniciem
2912 3911 3095 3965 traxit.
3126 3911 3309 3981 Atque
3342 3913 3479 3977 hare,

1907 4003 2105 4073 inquit,
2134 3999 2392 4055 vanitatis
2429 4006 2484 4055 et
2525 3998 2750 4068 pessimi
2785 3998 3067 4070 languoris
3116 4002 3327 4071 species
3371 4018 3482 4059 non

1904 4109 2097 4151 eorum
2131 4093 2309 4150 solum
2353 4099 2458 4158 est,
2490 4093 2585 4163 qui
2632 4092 2850 4147 brevem
2878 4091 3026 4147 nacti
3055 4091 3244 4157 vitam,
3275 4108 3482 4166 paucos

1905 4185 2004 4240 aevi
2036 4184 2153 4239 dies
2185 4182 2453 4248 habuere;
2483 4181 2576 4237 sed
2609 4180 2713 4236 etsi
2734 4180 3071 4251 producatur
3091 4181 3215 4236 vitae
3240 4182 3481 4239 hominis

1907 4292 2167 4333 mensura
2206 4276 2263 4330 in
2298 4288 2473 4329 annos
2501 4274 2708 4345 plures,
2743 4282 2799 4329 et
2830 4273 2949 4330 dies
2981 4288 3249 4329 annorum
3277 4278 3399 4344 ejus
3427 4287 3483 4330 et

1906 4369 2186 4427 terrestris
2224 4368 2390 4439 hujus
2440 4367 2792 4424 habitationis
2840 4367 2895 4421 in
2925 4366 3258 4422 immensum
3289 4367 3482 4422 multi-

1906 4466 2218 4534 plicantur,
2265 4461 2538 4531 siquidem
2584 4460 2825 4515 animam
2871 4460 2987 4530 ipse
3029 4475 3186 4516 suam
3241 4461 3483 4517 bonitate

1909 4554 2198 4618 fraudarit,
2229 4564 2394 4623 quam
2428 4551 2803 4607 misericordia
2830 4560 2884 4605 et
2908 4551 3158 4621 largitate
3182 4566 3308 4623 erga
3347 4567 3478 4623 pau-

1909 4658 2066 4715 peres
2099 4655 2418 4712 comparare
2463 4640 2567 4697 sibi
2591 4649 2806 4709 posset,
2847 4639 2967 4709 pari
3006 4640 3194 4710 utique
3226 4642 3484 4699 vanitatis

1908 4732 2240 4803 pessimique
2282 4730 2563 4800 languoris
2611 4730 2802 4784 morbo
2839 4731 3090 4785 laborare
3135 4741 3342 4801 perget.
3375 4731 3483 4788 Ne.

1907 4840 2015 4894 que
2062 4823 2207 4877 enim
2253 4822 2538 4875 mortalem
2589 4834 2647 4874 se
2692 4835 2816 4875 esse
2866 4820 2921 4874 in
2961 4821 3206 4875 animum
3249 4824 3483 4889 induxit,

1909 4931 2077 4987 seque
2122 4930 2190 4969 ex
2251 4914 2358 4968 hac
2403 4913 2514 4966 vita
2565 4913 2813 4966 avulsum
2869 4912 2975 4980 iri;
3012 4928 3125 4985 .res
3176 4929 3305 4969 vero
3355 4932 3486 4972 suus

1908 5018 2371 5074 omnesqueopes
2406 5003 2475 5057 ad
2514 5003 2673 5066 alios,
2714 5017 2859 5072 saepe
2904 5014 2958 5058 et
2993 5005 3179 5061 hostes
3221 5008 3489 5063 transitu~

1908 5113 2019 5161 ras,
2064 5098 2157 5167 qui
2213 5095 2295 5151 sic
2340 5094 2502 5149 bonis
2540 5094 2661 5163 ejus
2703 5092 2979 5159 fruantur,
3034 5106 3094 5151 ut
3136 5113 3207 5153 ne
3251 5099 3318 5154 de
3337 5098 3487 5167 justo

1908 5189 2127 5259 quidem
2160 5188 2335 5258 ipsius
2369 5184 2530 5257 154
2554 5185 2806 5256 sepulcro
2834 5201 2965 5241 cura
2997 5199 3275 5260 suscepta,
3302 5191 3485 5260 negle-

1909 5289 2058 5339 ctum
2094 5280 2278 5351 plane,
2319 5289 2487 5349 atque
2522 5279 2817 5348 inglorium
2868 5279 3224 5351 ignotumque
3253 5281 3488 5336 derelin-

1907 5383 2098 5445 quant.

1977 5682 2134 5753 Quod
2176 5683 2361 5739 multis
2398 5681 2641 5754 proiecto
2683 5695 2828 5750 saepe
2872 5678 3120 5750 contigit,
3169 5695 3267 5736 nec
3304 5692 3487 5739 trans-

1906 5777 2043 5832 actis
2079 5784 2292 5830 tantum
2326 5773 2601 5840 aetatibus,
2631 5772 2725 5827 sed
2759 5771 2922 5827 etiam
2967 5778 3177 5833 nostra,
3207 5782 3266 5825 ut
3295 5787 3485 5830 omnes

3083 5860 3154 5923 31
