3958 6208
342 387 446 452 973
1435 383 1521 448 IN
1572 384 1893 453 ECCLESI

1997 383 2159 448 I‘EN.
2187 411 2260 424 --
2292 381 2442 448 LIB.
2466 381 2536 448 ν.
3503 387 3612 451 974

407 500 630 574 Ταύτην
661 495 721 555 δὲ
751 498 1098 572 παρεμπεδοῖ
1126 498 1224 570 τὴν
1251 498 1484 570 ἐκδοχὴν
1521 503 1626 555 κάν
1673 503 1784 565 τοῖς
1813 502 1887 554 Εὐ

1997 551 1998 556 η
2095 496 2250 552 ilane
2273 511 2404 551 vero
2450 492 2958 566 interpretationem
2987 493 3256 552 Dominus
3288 509 3509 568 quoque
3554 501 3608 556 iu

333 593 618 666 αγγελίοις
655 592 686 646 ὁ
716 590 923 664 Κύριος
950 591 1178 662 φάσκων
1207 607 1223 624 ο
1265 610 1282 643 ι
1306 591 1488 646 Καλὸν
1505 587 1574 664 ἦν
1594 591 1672 664 τῷ
1711 591 1893 666 ἀνθρώ

2028 587 2340 660 Evangeliis
2391 585 2701 650 conﬁrmat,
2741 585 2835 642 ubi
2887 586 3006 642 ait:
3045 607 3064 639 ‹
3093 585 3305 644 Bonum
3349 599 3470 646 erat
3505 592 3610 647 ho-

335 705 423 758 πῳ
456 685 676 754 ἐκείνῳ,
705 685 756 738 εί
783 684 884 738 οὐκ
911 683 1202 754 ἐγεννήθη,
1241 700 1259 733 ι
1299 683 1390 736 τὸν
1417 683 1687 756 προδότην
1719 684 1891 738 Ἰούδα

2025 686 2163 743 mini
2191 686 2294 751 illi,
2333 686 2380 742 si
2413 697 2577 742 natus
2605 700 2715 742 non
2747 683 3033 754 fuisset",
3069 703 3087 737 ι
3125 685 3320 742 Iudam
3367 685 3612 756 prodito—

333 776 586 832 ἐντεῦθεν
619 774 818 846 δηλῶν.
867 775 927 828 Ὀ
952 774 1008 828 δὲ
1038 774 1202 842 σοφὸς
1230 773 1670 847 Ἐκκλησιαστὴς
1699 773 1893 846 ἀμέσω

2027 793 2142 834 rem
2171 793 2238 834 eo
2273 775 2396 832 loco
2428 775 2746 847 designans.
2783 774 2920 832 Cum
2959 787 3142 832 autem
3171 775 3392 846 sapiens
3421 775 3612 831 Eccle-

333 867 530 932 είπὼν,
570 887 589 920 ι
617 867 729 922 Καὶ
761 864 925 936 ἔζησε
958 865 1148 937 χιλίων
1183 866 1323 921 ἐτῶν
1349 867 1636 934 καθόδους,
1665 869 1762 923 καὶ
1785 870 1893 939 ἀγα

2025 869 2230 926 siastes
2276 869 2530 941 protinus
2566 870 2776 925 addat:
2815 886 2834 920 ι
2865 867 2931 922 Et
2969 868 3106 923 vixit
3141 868 3288 923 mille
3335 884 3607 924 annorum

334 957 584 1025 θωσύνην
609 957 712 1010 οὐκ
738 955 903 1025 ἔγνω,
937 975 959 1010 ι
993 955 1342 1012 τῶνητολλῶν
1389 959 1483 1014 καὶ
1536 961 1893 1032 παραπλήγῳη

2025 962 2276 1028 reditus,
2329 970 2386 1017 et
2427 961 2727 1018 bonitatem
2781 977 2890 1016 non
2943 961 3217 1032 cognovit,
3251 980 3271 1012 ι
3321 963 3608 1020 hominum

333 1049 640 1121 ἀνθρώπων
661 1048 942 1118 ἐξελέγχει
969 1051 1068 1120 τὴν
1086 1049 1347 1104 ἀδουλίαν
1368 1052 1464 1106 καὶ
1495 1055 1893 1124 ματαιοφροσὺι

2025 1058 2326 1114 multorum
2368 1057 2684 1113 vecordium
2729 1057 3090 1112 temeritatem
3135 1055 3416 1128 redarguit
3442 1065 3608 1126 atque

332 1159 450 1213 νην,
465 1141 664 1204 οἵτινες
683 1139 920 1205 ἀναιδῶς
933 1141 1430 1214 παρῤησιάζονται,
1445 1144 1540 1198 καί
1556 1162 1722 1216 φασιν
1745 1163 1759 1178 ο
1777 1142 1893 1215 Ἑγί

2021 1149 2346 1213 amentiam,
2371 1149 2466 1220 qui
2489 1149 2606 1206 haec
2621 1147 2832 1218 iactant
2855 1147 3200 1219 impudenter
3227 1157 3392 1219 atque
3413 1149 3602 1206 aiunt:

330 1235 400 1288 τὰ
431 1233 526 1306 ἔτη
557 1237 658 1306 τῆς
674 1233 826 1304 ζωῆς
859 1252 964 1304 μου
987 1233 1129 1290 θέλω
1150 1236 1405 1306 γενέσθαι
1435 1237 1628 1304 πολλὰ,
1661 1239 1754 1294 καὶ
1782 1256 1888 1294 κατ

2020 1241 2212 1298 Annos
2244 1256 2346 1313 ego
2375 1241 2504 1296 vitae
2534 1255 2670 1296 mea:
2715 1239 2919 1296 multos
2959 1254 3085 1296 esse
3114 1240 3261 1307 volo,
3309 1249 3364 1296 et
3396 1242 3606 1312 cupidi-

332 1323 645 1398 απολαῦσαι
681 1326 792 1380 τῶν
818 1324 1142 1398 ἐπιθυμιῶν,
1161 1330 1258 1382 καὶ
1287 1331 1469 1384 πᾶσαν
1499 1328 1647 1402 ἔχειν
1667 1331 1889 1386 ἀνάπαυ

2021 1333 2231 1390 tatibus
2279 1333 2588 1404 indulgere,
2632 1339 2690 1389 et
2741 1333 2895 1388 omni
2943 1334 3060 1387 otio
3118 1347 3183 1389 ac
3231 1333 3602 1404 voluptatibus

331 1436 414 1473 σιν
431 1421 526 1474 καὶ
542 1421 755 1492 τρυφήν
777 1435 791 1452 ⁶
816 1422 911 1476 καὶ
929 1423 1068 1494 μετὰ
1081 1421 1240 1478 τοῦτο
1261 1424 1329 1478 τὰ
1344 1428 1456 1490 τοῖς
1472 1424 1655 1490 ἄλλοις
1669 1426 1893 1499 ἀπαντή·

2019 1424 2176 1482 frui:
2210 1439 2276 1480 ac
2315 1423 2448 1478 mihi
2491 1431 2613 1494 post
2649 1426 2762 1479 haec
2798 1423 2844 1479 si
2871 1437 2934 1478 ea
2963 1423 3292 1494 contigerint
3329 1439 3452 1494 quae
3477 1423 3603 1479 aliis

333 1526 495 1565 σοντα
511 1511 611 1566 κᾶν
633 1513 760 1582 ἐμοὶ
776 1515 1211 1585 συναντήσωσιν.
1230 1517 1292 1571 οὗ
1307 1517 1601 1588 φροντίζω.
1618 1517 1792 1587 Κάγὼ
1808 1521 1893 1591 γὰι

2019 1512 2318 1584 contigere,
2342 1527 2452 1567 non
2479 1526 2634 1568 curo.
2666 1512 2800 1567 Nam
2831 1521 2887 1568 et
2913 1527 3015 1582 ego
3045 1527 3170 1568 cum
3207 1513 3314 1570 illis
3343 1513 3603 1570 omnibus

332 1602 430 1664 σὺν
448 1603 680 1667 ἐκείνοις
708 1605 875 1658 πᾶσιν
888 1605 1096 1677 ἕπομαι
1109 1605 1400 1678 δεξόμενσς
1423 1608 1521 1672 τὰς
1553 1607 1629 1680 μή
1647 1608 1893 1679 βλεπομέ

2018 1621 2266 1678 pergam,
2305 1614 2366 1661 ut
2392 1619 2586 1676 poenas
2623 1605 2851 1662 subeam
2880 1605 3002 1662 illas
3035 1607 3361 1671 invisibiles,
3392 1608 3436 1662 si
3469 1609 3600 1677 quid

332 1709 429 1754 νας
445 1691 722 1753 κολάσεις.
741 1693 838 1747 ἐὰν
885 1695 996 1766 ἄρα
1024 1695 1212 1749 λοιπὸν
1239 1697 1332 1750 καὶ
1363 1697 1708 1768 γενήσονται.
1756 1699 1893 1752 Ποῖοε

2018 1713 2218 1769 nempe
2249 1705 2522 1768 superest,
2569 1705 2624 1754 et
2668 1697 2778 1753 illae
2815 1695 3016 1755 futurae
3061 1708 3211 1753 sunt.
3255 1699 3324 1753 At
3368 1715 3599 1770 ecquam

330 1781 441 1853 γὰρ
451 1781 647 1852 δφελος
657 1781 936 1854 εὑρήσεις,
950 1782 1228 1854 ἄνθρωπε,
1245 1783 1349 1838 κᾶν
1361 1783 1626 1850 καθόδους
1637 1784 1826 1856 ζήσεις
1840 1803 1893 1856 χι

2017 1791 2336 1854 utilitatem.
2371 1803 2406 1844 ο
2428 1789 2703 1854 mortalis,
2734 1788 3000 1854 invenies,
3024 1790 3110 1846 vel
3133 1807 3256 1846 cum
3293 1792 3358 1846 ad
3391 1807 3596 1846 annum

331 1875 787 1940 λίωνὲτῶν,οὑδὲν
797 1875 855 1929 δὲ
874 1875 1182 1945 σεαυτῷδιὰ
1191 1875 1292 1946 τῆς
1305 1875 1432 1950 ἐλεη
1443 1871 1688 1948 μοσύνης
1707 1879 1802 1932 καὶ
1816 1877 1893 1948 τῆε

2017 1881 2371 1938 millesimum
2398 1881 2566 1936 vitam
2608 1881 2956 1952 produxeris,
2995 1881 3044 1938 si
3091 1882 3230 1937 nihil
3277 1882 3392 1946 tibi,
3433 1883 3600 1938 mise-

334 1966 722 2039 πρδςπίνητας
765 1968 1108 2037 μεταδόσεως
1144 1967 1602 2041 ἀποθησαυρίσῃς
1642 1969 1784 2041 πρὸς
1814 1969 1893 2040 τὴε

2017 1972 2256 2030 ricordia
2298 1982 2354 2028 et
2399 1973 2730 2028 liberalitate
2759 1987 2890 2044 erga
2933 1987 3224 2044 pauperes,
3261 1971 3506 2027 futurum
3542 1973 3595 2026 in

334 2057 633 2129 μέλλουσαν
651 2055 798 2130 ζωὴν
812 2060 907 2114 καὶ
922 2059 1274 2126 κατάστασινς
1293 2059 1690 2132 εὑρεθήσονται
1702 2060 1811 2132 γάρ
1831 2076 1893 2114 σο

2015 2081 2190 2122 avum
2237 2079 2665 2135 mansurumque
2709 2065 2894 2120 sedem
2932 2065 3286 2136 seposueris?
3326 2065 3461 2121 Nam
3499 2066 3595 2120 tibi

331 2150 399 2204 τὰ
422 2150 570 2220 χίλια
589 2149 684 2223 ἔτη
722 2149 874 2222 κατὰ
904 2151 970 2205 τὸ
995 2151 1152 2216 τέλος
1189 2152 1291 2224 τῆς
1319 2151 1610 2224 παρούσης
1651 2151 1800 2223 ζωῆς
1838 2153 1893 2206 ὼ‹

2014 2159 2166 2215 mille
2199 2159 2330 2214 anni
2363 2157 2467 2214 sub
2503 2157 2711 2213 exitum
2758 2158 2884 2213 vitae
2923 2156 3091 2228 hujus
3122 2167 3385 2230 tanquam
3415 2173 3596 2214 annus

328 2246 448 2310 ἔτος
487 2243 568 2310 ἓν,
595 2244 629 2316 ῆ
655 2244 750 2298 καὶ
784 2244 885 2316 μία
907 2244 1115 2316 ἡμέρα.
1156 2244 1224 2298 Τί
1251 2243 1366 2316 γὰρ
1397 2245 1647 2328 ὠφέλησε
1678 2245 1771 2300 τὸν
1792 2261 1891 2314 γεν

2013 2265 2161 2307 unus
2189 2260 2284 2306 aut
2319 2249 2439 2306 dies
2477 2265 2624 2305 unus
2661 2249 3012 2305 videbunturt
3047 2249 3188 2316 Quid
3222 2251 3370 2306 enim
3401 2267 3596 2321 proge-

328 2339 538 2410 νάρχην
576 2336 749 2408 ’Δδὰμ
773 2337 1164 2410 ὑπερδάντᾱτδ
1193 2338 1608 2393 ὲννακοσιοστδν
1637 2338 1779 2406 ετος,
1814 2340 1893 2394 κα¹

2012 2343 2180 2400 uitari
2212 2342 2422 2399 Adamo
2446 2341 2673 2412 profuit,
2707 2341 2856 2412 quod
2875 2356 3082 2396 annum
3114 2343 3592 2412 nongentesimum

328 2428 472 2485 κατὰ
517 2429 619 2498 τὴν
645 2428 926 2500 χιλιοστὴν
977 2427 1208 2484 κάθοδον
1261 2429 1362 2499 τῆς
1413 2428 1562 2500 ζωῆς
1606 2429 1893 2500 τεθνηκότα

2015 2449 2405 2506 supergressus
2441 2434 2533 2498 sit,
2562 2443 2616 2489 et
2639 2434 2934 2490 millesimo
2958 2442 3206 2490 vertente
3233 2443 3358 2504 post
3379 2433 3591 2504 lapsum

331 2520 471 2591 μετὰ
495 2520 594 2592 τὴν
621 2521 935 2592 παράϐασιν
965 2522 1064 2576 καὶ⁵
1092 2521 1462 2593 παράπτωσιν
1487 2517 1782 2594 ;⁴Δρόὐχὶ
1811 2522 1893 2595 μία

2009 2527 2132 2598 ejus
2177 2535 2232 2582 et
2273 2540 2557 2582 excessum
2608 2523 2959 2582 occubuerit?
2996 2523 3188 2580 Nonne
3237 2540 3380 2580 unus
3435 2526 3595 2595 plano

327 2613 508 2686 ἡμέρα
541 2613 605 2667 τὸ
629 2614 834 2684 πλῆθος
861 2614 974 2668 τῶν
999 2615 1138 2669 ἑτῶν
1161 2615 1329 2670 αὐτοῦ
1383 2615 1682 2688 προφανῶς
1731 2615 1893 2684 ὲλογίι

2018 2619 2180 2691 156
2199 2619 2318 2674 dies
2371 2625 2456 2672 tot
2504 2632 2777 2672 annorum
2821 2618 2945 2688 ejus
2991 2617 3286 2671 multitudo
3321 2615 3590 2672 aestimata

329 2705 430 2778 σθη
457 2745 472 2770 ,
511 2706 561 2760 εί
594 2706 672 2776 μὴ
716 2705 806 2759 διὰ
841 2706 1258 2776 φιλανθρωπίαν
1304 2707 1638 2761 ἀνείκαστον
1687 2709 1718 2762 ὁ
1753 2722 1893 2778 μονο·

2009 2714 2191 2770 esset,
2225 2703 2335 2760 nisi
2386 2703 2704 2776 unigenitus
2744 2703 2840 2760 Dei
2883 2703 3058 2760 Filius
3083 2706 3156 2760 ob
3197 2705 3594 2776 incomparabi-

324 2797 492 2868 γενὴς
523 2797 652 2861 Tib;
683 2797 778 2851 τοῦ
806 2796 946 2852 Θεοῦ
979 2797 1101 2863 νέος
1131 2797 1570 2870 Ἀδὰμ-γεγονὼς
1593 2798 1790 2870 ἐξῆρεν
1813 2799 1893 2856 αὐτ

2008 2799 2115 2854 lem
2139 2813 2269 2870 erga
2301 2813 2475 2870 genus
2505 2797 2790 2854 hominum
2826 2797 3151 2854 eharitatem
3201 2812 3380 2853 novus
3416 2797 3590 2854 Adam

323 2891 419 2946 τὸν
446 2888 542 2945 τοῦ
569 2890 700 2963 ᾅδου
729 2891 822 2945 καὶ
849 2889 946 2945 τοῦ
979 2891 1218 2948 θανάτου
1243 2891 1338 2946 ιιιιῖ¹
1366 2891 1468 2962 τῆς
1491 2891 1700 2964 φθορᾶς
1731 2909 1748 2958 ;
1774 2888 1893 2948 Eiet

2006 2889 2227 2958 factus,
2279 2890 2460 2961 ipsum
2509 2905 2579 2946 ex
2640 2889 2841 2948 inferni
2895 2891 3148 2947 faucibus
3203 2901 3258 2948 et
3311 2899 3487 2948 morte
3536 2901 3594 2948 et

325 2997 496 3058 φησιν
522 2986 550 3039 ὁ
591 2986 1052 3060 Ἐκκλησιαστήςι

2005 2985 2364 3054 corruptione
2388 2983 2730 3054 eripuisset?
2761 2983 2926 3040 Addit
2962 2983 3158 3040 deinde
3191 2983 3586 3042 Ecclesiastes:

1915 3103 2004 3164 Vl.

397 3199 493 3267 Μὴ
515 3200 629 3253 οὐκ
665 3200 753 3265 είς
781 3199 972 3254 τόπον
995 3199 1107 3254 ἕνα
1147 3198 1346 3258 πάντα
1367 3201 1685 3269 πορεύεται
1709 3217 1730 3266 ;
1779 3102 1893 3272 Udi

2078 3195 2245 3256 Vsus.
2274 3193 2399 3256 7-9.
2443 3191 2634 3253 Nonne
2658 3197 2729 3253 ad
2759 3197 2934 3254 locum
2959 3213 3121 3254 unum
3152 3203 3349 3256 vadunt
3377 3203 3594 3259 omnia?

321 3291 550 3358 μόχθος
615 3291 722 3345 τοῦ
753 3291 1070 3359 ἀνθρώπου
1097 3293 1188 3358 είς
1217 3291 1285 3347 τὸ
1313 3293 1509 3362 στόμα
1541 3294 1729 3349 αὐτοῦ
1753 3309 1766 3324 ·
1808 3311 1893 3351 καί

2011 3293 2193 3350 Omnis
2219 3293 2371 3347 labor
2401 3290 2624 3345 hominis
2665 3289 2728 3344 ob
2754 3307 2810 3345 os
2839 3292 3007 3360 ipsius
3039 3307 3058 3346 :
3087 3301 3138 3346 et
3170 3295 3380 3364 quidem
3409 3301 3590 3349 anima

325 3396 394 3445 τε
433 3379 606 3450 ψυχὴ
648 3381 721 3435 σὺ
765 3382 1220 3450 πληρωθήσεται
1247 3399 1262 3413 ο
1304 3379 1394 3436 ὅτι
1447 3383 1769 3452 περίσσεια
1829 3383 1893 3450 τᾷ

2010 3402 2114 3440 non
2152 3384 2499 3454 implebitur;
2531 3383 2780 3454 quoniam
2811 3383 3144 3439 abundantia
3170 3385 3397 3454 sapienti
3434 3401 3592 3457 super

323 3469 496 3538 σοςρῷ
529 3468 682 3537 ὑπὲρ
711 3469 820 3524 τὸν
848 3469 1100 3538 ἄφρονα,
1136 3469 1286 3525 διότι
1303 3470 1494 3540 πένης
1523 3464 1646 3528 οἷδε
1689 3488 1908 3543 πορευσ-

331 3556 504 3626 θῆναι
533 3559 851 3616 κατέναντι
889 3561 998 3630 τῆς
1024 3559 1195 3630 ζὶοῆς.
1257 3563 1514 3632 Ἀγαθὸν
1544 3562 1736 3634 ὅραμα
1799 3565 1907 3634 ὀφ-

330 3648 570 3720 θαλμῶν
597 3653 750 3721 ὑπὲρ
783 3655 1192 3722 πορευόμενον
1219 3653 1414 3724 ψυχῇ.
1461 3656 1574 3711 Kal
1618 3673 1686 3725 γε
1730 3655 1904 3711 τοῦτο

320 3744 644 3811 ματαιότης
690 3745 792 3798 καί
825 3747 1176 3814 προαίρεσις
1205 3748 1566 3816 πνεύματος.

409 3835 692 3908 ’Λνόνητον
727 3837 1152 3907 ἀποφηνάμενος
1210 3838 1308 3891 καὶ
1367 3839 1550 3893 πᾶσαν
1605 3838 1706 3910 τὴν
1755 3837 1903 3910 ζωὴν

2009 3477 2361 3546 insipientem,
2389 3489 2450 3528 eo
2472 3473 2612 3546 quod
2639 3489 2838 3544 pauper
2861 3476 3004 3528 novit
3034 3476 3113 3530 ire
3136 3475 3207 3530 ad
3228 3477 3421 3547 faciem
3449 3484 3588 3534 vim.

2011 3551 2215 3625 Bonum
2263 3577 2342 3623 est
2397 3577 2639 3638 aspectus
2693 3571 2969 3622 oculorum
3019 3585 3178 3639 super
3227 3570 3587 3626 ambulantem

2005 3663 2212 3716 anima.
2275 3658 2390 3713 Hoc
2435 3662 2603 3714 etiam
2651 3660 2863 3714 uanitas
2918 3671 2968 3715 et
3025 3665 3370 3730 praesumptio
3425 3665 3582 3734 spiri-

2006 3760 2092 3805 m
2119 3749 2252 3820 (ιο).

2072 3839 2211 3895 Cum
2247 3839 2496 3894 inutilem
2541 3837 2842 3893 ostenderit
2874 3837 2958 3893 vel
2990 3853 3208 3894 omnem
3240 3840 3406 3895 vitam
3435 3841 3580 3911 ejus.

316 3923 421 3978 ’τοῦ
449 3927 546 3981 καὶ
590 3928 794 3998 πολλὴν
839 3930 1012 4000 αὐτῆς
1049 3929 1353 4001 δεξαμένου
1413 3931 1748 4003 παράτασιν,
1806 3929 1893 3983 uoti

2002 3931 2098 4002 qui
2125 3931 2350 4001 longum
2388 3930 2441 3984 iu
2484 3943 2660 3983 aevum
2704 3927 3010 3998 producere
3050 3930 3308 3998 potuerit,
3348 3940 3402 3984 et
3433 3931 3582 3986 mille

319 4017 512 4089 χιλίων
542 4019 679 4074 ὲτῶν
717 4020 985 4086 καθόδους
1010 4021 1279 4092 ζήσαντας
1313 4023 1485 4094 χωρὶς
1515 4021 1893 4093 ἀγαθωσύνης,

2001 4036 2273 4080 annorum
2333 4021 2520 4077 orbem
2585 4019 2932 4090 impleverit,
2987 4019 3256 4090 siquidem
3319 4021 3580 4077 bonitatis

319 4111 490 4180 ἤγουν
515 4110 890 4183 ὲλεημοσύνης
919 4115 1014 4168 καὶ
1037 4113 1302 4185 διανομῆς
1334 4114 1428 4168 καὶ
1479 4110 1769 4178 διαδόσεως
1797 4111 1893 4184 τῆς

1999 4129 2196 4184 expers
2221 4111 2410 4178 fuerit,
2446 4109 2842 4166 misericordia
2879 4109 3091 4166 scilicet
3130 4125 3197 4166 ae
3233 4111 3578 4168 liberali-latis

318 4189 458 4274 πρδς
481 4203 607 4267 τοὺς
635 4203 834 4268 ἐνδεεῖς
863 4204 959 4258 καὶ
989 4205 1244 4275 πτωχούς
1270 4222 1286 4237 ·
1340 4205 1651 4270 ἀκολούθως
1681 4206 1776 4260 καὶ
1807 4204 1893 4260 διὰ

1997 4221 2130 4279 erga
2179 4215 2398 4278 egentes
2447 4213 2611 4276 atque
2662 4203 2988 4260 mendicos:
3015 4203 3132 4274 jam
3185 4212 3241 4259 et
3299 4205 3396 4270 iis,
3453 4219 3577 4276 quae

311 4291 430 4343 τῶν
461 4291 746 4363 ἑπομένων
791 4293 1084 4366 τὴν,ίδίαν
1124 4293 1284 4360 δόξαν
1337 4296 1700 4368 παρεμπεδοῖ,
1777 4295 1893 4361 ταῖς

1999 4304 2324 4369 sequuntur,
2365 4294 2691 4350 sententiam
2731 4295 3022 4350 conﬁrmat
3049 4309 3230 4354 suam.
3262 4304 3316 4349 ct
3353 4289 3578 4365 praecla-

313 4383 427 4437 τῶν
451 4385 792 4456 πραγμάτων
825 4386 1255 4457 ἑναργεστάταις
1293 4386 1639 4454 ἀποδείξεσιν
1691 4389 1772 4452 είς
1807 4385 1893 4458 βε-

1997 4387 2238 4444 rissimis
2283 4400 2420 4442 usus
2467 4399 2652 4439 rerum
2707 4382 3269 4440 demonstrationibus
3319 4387 3576 4455 compro-

311 4475 547 4529 ϐαίωσιν
608 4477 970 4548 κεχρημένος.
1023 4497 1041 4530 ι
1075 4477 1168 4550 Μὴ
1217 4478 1356 4550 γὰρ,
1404 4479 1601 4550 φησὶν,
1652 4480 1756 4532 οὐκ
1812 4480 1893 4544 είς

1997 4479 2108 4533 bat.
2146 4495 2166 4530 ι
2196 4477 2394 4532 Nonne
2425 4475 2594 4540 enim,
2629 4474 2828 4544 inquit.
2855 4487 3023 4526 unum
3053 4471 3120 4526 ad
3157 4472 3338 4527 locum
3369 4473 3574 4527 vadunt

311 4564 486 4618 τύπον
514 4565 612 4618 ἕνα
661 4565 729 4618 τὰ
769 4565 948 4620 πάντα
977 4566 1316 4639 πορεύεταις
1366 4587 1386 4618 ι
1415 4567 1618 4639 δηλαδὴ
1641 4567 1780 4641 πρὸς
1795 4569 1889 4624 τὸν

1997 4569 2216 4626 omnia?
2247 4587 2267 4620 ι
2309 4567 2362 4624 id
2391 4573 2497 4632 est,
2529 4579 2651 4621 eam
2701 4563 2768 4618 ad
2809 4573 3035 4627 terram.
3074 4563 3219 4619 unde
3247 4565 3317 4619 ab
3364 4566 3572 4636 origine

311 4654 465 4722 γοῦν,
507 4655 566 4722 ἐξ
599 4651 772 4728 οὗπερ
809 4656 1126 4729 ἑλήφθημεν
1158 4659 1280 4713 κατ’
1309 4658 1520 4730 ἁρχάς;
1575 4659 1637 4713 Εί
1673 4659 1732 4714 δὲ
1791 4659 1888 4715 καὶ

1997 4659 2267 4730 desumpti
2301 4656 2542 4714 fuimus?
2587 4655 2645 4710 Si
2677 4664 2860 4710 autem
2892 4663 2948 4710 et
2987 4655 3168 4712 brevis
3208 4663 3263 4710 et
3298 4655 3571 4712 diuturnae
3605 4650 3614 4657 ’

311 4749 406 4802 τὸν
429 4750 720 4822 ὠκύμορον
764 4753 858 4806 καὶ
903 4749 997 4807 τὸν
1043 4752 1346 4826 μακρόϐιον
1397 4753 1459 4807 τὸ
1510 4752 1644 4806 αὐτὸ
1712 4754 1891 4825 πέρας

306 4839 610 4909 ἐνδέχεται,
651 4842 748 4895 καὶ
771 4842 938 4906 τόπος
963 4845 994 4897 δ
1021 4843 1186 4908 αὐτὸς
1233 4843 1576 4916 ὑποδέχεται,
1614 4845 1666 4898 τί
1700 4843 1889 4898 πλεῖον

307 4930 429 5001 ἔχει
457 4925 613 4995 οὗτος
658 4932 896 4999 ἐκείνου,
919 4934 980 4988 τὺ
1001 4935 1134 4990 αὐτὸ
1162 4935 1316 5000 τέλος
1359 4934 1628 5008 εὑρίσκων
1658 4937 1755 4991 καὶ
1808 4934 1888 5008 τῷ

307 5021 464 5092 αὐτῷ
486 5021 894 5094 καλυπτόμενος
938 5025 1094 5098 τάφῳ
1143 5027 1244 5098 τῆς
1277 5027 1384 5098 γῆς
1407 5067 1423 5090 ,
1471 5027 1588 5082 ἀλλ’
1619 5027 1654 5098 ἢ
1725 5027 1887 5096 μόνον

306 5111 421 5165 ’τῶν
453 5113 874 5170 πολλαπλασίων
906 5117 1121 5188 μόχθων
1150 5120 1244 5172 καὶ
1279 5120 1458 5173 πόνων
1491 5131 1553 5170 τε
1585 5121 1680 5172 καὶ
1701 5121 1887 5174 κόπων

305 5202 455 5258 κατὰ
495 5202 595 5274 τὴν
624 5204 916 5276 ἀναλογίαν
946 5205 1049 5278 τῆς
1085 5209 1348 5280 χρονικῆς
1387 5210 1751 5280 παρατάσεως
1784 5209 1887 5282 τὴν

303 5287 690 5362 ταλαιπωρίαν
725 5296 822 5346 καὶ
854 5296 1158 5366 κακουχίαν
1205 5298 1300 5350 καὶ
1375 5297 1700 5368 σύνθλιψινς
1743 5299 1887 5353 ὥστε
1919 5333 1924 5342 ι

308 5381 515 5452 μᾶλλόν
561 5384 679 5438 ἐστι
707 5387 1162 5458 κατεγνωσμένος
1197 5388 1294 5443 καὶ
1355 5391 1830 5462 κατακεκριμένος
1858 5393 1887 5446 ὁ

307 5470 483 5525 πλείω
513 5471 687 5544 ζήσας
711 5473 806 5528 τοῦ
838 5476 1104 5547 ζήσαντος
1128 5477 1356 5545 ἐλάττω,
1387 5481 1480 5534 καὶ
1515 5480 1682 5553 μηδὲν
1723 5481 1884 5554 ἔργον

376 5586 420 5618 ³¹
442 5585 634 5643 Matth.
667 5605 816 5654 τινι,
843 5589 935 5648 24.

1988 4753 2112 4807 vitae
2151 4749 2428 4806 hominem
2465 4746 2609 4802 idem
2649 4745 2920 4801 terminus
2962 4757 3166 4812 manet,
3203 4745 3455 4818 idemque
3481 4762 3572 4804 es-

1987 4843 2120 4914 cipit
2167 4841 2355 4901 locus.
2399 4837 2528 4909 quid
2577 4835 2815 4907 amplius
2869 4837 2960 4891 hic
3013 4837 3195 4904 liabet,
3240 4851 3402 4908 quam
3452 4839 3564 4902 ille.

1985 4949 2109 4990 cum
2159 4930 2412 4988 eumdem
2453 4929 2518 4985 ad
2568 4929 2730 4983 tinem
2785 4928 3013 4994 recidat,
3073 4936 3130 4984 et
3171 4929 3365 4985 eodem
3407 4941 3568 4988 terra:

1985 5023 2238 5092 sepulcro
2259 5027 2616 5091 contegatur,
2652 5017 2761 5073 nisi
2795 5018 2902 5072 hoc
2923 5032 3123 5083 unum,
3154 5018 3300 5088 quod
3328 5020 3566 5092 majores

1986 5131 2086 5187 pro
2124 5115 2249 5169 vita
2287 5111 2654 5167 diuturnitate
2687 5109 2906 5166 labores
2945 5112 3151 5178 tulerit,
3189 5127 3258 5168 ae
3287 5111 3474 5182 plures
3512 5128 3568 5167 et

1986 5207 2264 5281 graviores
2294 5203 2570 5259 molestias
2593 5216 2740 5274 τεετο
2768 5203 3080 5275 aillietoque
3106 5205 3291 5259 animo
3315 5205 3564 5260 exautla-

1985 5301 2124 5357 verit
2151 5299 2175 5354 ?
2201 5299 2338 5354 adeo
2367 5305 2429 5354 ut
2458 5297 2733 5353 severiore
2763 5298 2836 5352 sit
2858 5297 3067 5368 judicio
3093 5299 3437 5354 damnandus
3466 5300 3560 5368 qui

1985 5393 2109 5464 plus
2149 5389 2376 5455 vixerit,
2416 5403 2596 5460 ,quam
2645 5387 2740 5459 qui
2785 5390 2969 5446 minus
3029 5389 3194 5453 vixit,
3236 5396 3291 5442 et
3349 5387 3560 5442 nullum

1984 5483 2246 5540 bonitatis
2283 5481 2512 5552 protulit
2549 5496 2725 5550 opus;
2773 5481 2915 5552 quod
2962 5481 3041 5535 illi
3089 5480 3305 5550 longius
3343 5493 3562 5550 quoque

303 5681 468 5735 tisma
498 5751 502 5752 ν
531 5696 682 5735 mors
730 5681 1064 5752 oppresserit
1115 5699 1128 5736 :
1171 5693 1317 5752 cum,
1357 5693 1453 5752 eos
1495 5679 1692 5752 potiori
1754 5695 1877 5736 esse
1933 5713 1937 5716 -
1981 5682 2194 5752 gorium
2215 5681 2622 5742 Nazianzenum
2669 5685 2857 5741 eadem
2887 5685 3210 5742 sentientem
3236 5685 3290 5740 in
3321 5691 3462 5740 orat.
3491 5686 3562 5742 40

301 5751 618 5822 conditione
673 5750 957 5822 agnoscat,
1011 5767 1176 5822 quam
1229 5751 1322 5822 qui
1352 5751 1524 5822 vitam
1565 5750 1630 5804 ad
1675 5753 1877 5822 multos

304 5834 481 5878 annos
515 5822 568 5877 iu
591 5815 808 5892 ﬂagi'tiis
837 5815 1212 5892 produieriut.
1251 5815 1416 5884 'Vide,
1453 5821 1498 5874 si
1535 5827 1710 5886 vacat,
1739 5819 1874 5875 Gre-

1985 5761 2063 5821 (p.
2095 5753 2244 5820 655).

2058 5823 2170 5895 (ιο)
2212 5823 2526 5896 0|ymp.,...
2574 5825 2655 5878 ὅτι
2685 5841 2769 5891 τις
2802 5828 3090 5897 περισσεία
3121 5826 3196 5899 τῷ
3233 5825 3450 5900 σοφῷ...
