3958 6208
325 234 438 297 979
1404 228 1485 305 _s.
1534 225 1915 289 GREGORII
1955 224 2467 287 AGRIGENTINI
3046 270 3061 297 ,
3494 219 3601 284 τεο

318 348 387 403 de
430 360 645 402 morum
689 359 923 402 suorum
952 340 1335 400 emendatione
1380 340 1660 411 animique
1690 340 1904 396 cultura

2019 338 2101 392 :al
2148 336 2485 410 ρυθμίζοντα
2515 336 2616 407 τὴν
2655 333 2800 406 ζωὴν
2824 336 2949 398 ταῖς
2976 338 3387 405 πνευματικαῖς
3434 353 3606 390 κατα-

322 439 571 507 laborat;
604 439 803 497 transit
839 451 989 493 nunc
1022 434 1091 490 ad
1124 433 1355 488 alterum
1405 440 1814 503 argumentum,
1847 428 1903 483 in

2019 432 2233 485 στάσεσι
2261 447 2277 463 ⁸
2314 430 2409 485 νῦν
2441 430 2529 499 ἐφ’
2567 428 2765 499 ἑτέραν
2792 425 3057 482 ὑπόθεσιν
3094 428 3313 499 μέτεισι
3344 439 3441 482 και
3480 429 3604 482 δια-

320 546 500 602 eoque
542 540 792 586 versatur
841 536 1008 597 atque
1039 525 1136 589 ait,
1189 523 1327 579 nihil
1374 524 1429 578 in
1481 522 1573 589 iis,
1602 537 1726 590 qua:
1760 519 1907 573 facta

324 633 474 688 sunt,
501 622 751 676 relictum
779 634 1034 689 usquam,
1074 615 1222 688 quod
1252 616 1372 671 sine
1399 612 1763 684 appellatione
1792 610 1900 665 sit:

324 724 382 769 et
423 712 692 784 quidquid
728 710 937 767 factum
983 711 1058 765 sit
1107 718 1203 764 aut
1249 722 1373 763 esse
1421 704 1668 774 coeperit,
1716 710 1905 771 aptum

325 819 526 860 nomen
563 804 955 874 propriumque
984 799 1312 855 vocabulum
1357 795 1673 865 accepisse:
1706 791 1908 861 quippe

326 897 513 951 omnia
547 910 728 950 rerum
758 893 1020 949 Conditor
1048 901 1174 947 ante
1204 890 1382 954 novit,
1416 897 1472 943 et
1495 886 1737 941 futurum
1766 883 1909 938 scie—

328 989 443 1051 bat,
471 997 531 1042 ut
556 987 808 1042 homines
835 985 1232 1049 dividerentur,
1255 990 1310 1037 et
1340 981 1591 1051 pluribus
1631 978 1909 1047 variisque

328 1081 641 1150 linguarum
700 1094 765 1134 ac
815 1078 1174 1134 dialectorum
1224 1072 1547 1129 diﬂerentiis
1597 1070 1909 1141 distingue-

328 1182 540 1227 rcntur.
584 1172 774 1241 itaque
795 1170 880 1225 vel
903 1170 950 1224 si
978 1168 1103 1238 quis
1134 1182 1249 1223 rem
1293 1166 1531 1236 aliquam
1562 1179 1661 1235 pro
1690 1163 1909 1233 lingua-

332 1264 455 1313 rum
496 1274 560 1313 ac
605 1257 967 1312 dialectorum
1019 1256 1338 1310 discrimine
1383 1254 1542 1308 aliter
1586 1254 1912 1320 diverseque

330 1349 691 1403 denominare
734 1353 1006 1413 conetur;
1057 1359 1167 1399 non
1224 1344 1347 1399 ideo
1402 1344 1576 1413 ipsam
1628 1357 1737 1397 non
1788 1354 1911 1395 esse

331 1442 617 1505 eamdem,
668 1449 765 1494 aut
802 1453 913 1494 non
961 1438 1125 1493 talem
1173 1451 1398 1492 manere
1444 1443 1611 1504 atque
1651 1432 1909 1504 agnosci,

332 1533 514 1604 qualis
546 1548 576 1586 a
600 1531 901 1587 Conditore
923 1530 1067 1585 facta
1095 1536 1178 1584 est
1211 1548 1224 1583 :
1258 1537 1318 1582 ut
1356 1527 1661 1597 subjectum
1690 1526 1909 1595 quidem

334 1626 515 1694 ipsum
581 1623 1041 1695 appellationibus
1097 1620 1483 1675 denominetur
1525 1617 1809 1688 pluribus,
1857 1624 1913 1671 at

334 1704 700 1781 immutabile,
724 1714 795 1769 ob
820 1713 1176 1768 dialectomm
1208 1709 1528 1765 varietatem
1553 1707 1690 1762 nihil
1722 1707 1915 1771 variet,

332 1816 388 1861 ct
418 1820 526 1859 una
551 1805 671 1874 ejus
691 1803 991 1874 eademque
1015 1809 1212 1856 natura
1237 1800 1335 1865 sit,
1364 1815 1486 1869 qua:
1511 1798 1730 1853 nomina
1757 1797 1912 1866 plura

332 1909 390 1955 ct
416 1899 684 1955 vocabula
717 1898 907 1953 multis
956 1911 988 1951 e
1025 1894 1230 1965 linguis
1271 1893 1417 1947 inter
1464 1906 1524 1947 se
1555 1891 1790 1947 diversis
1817 1889 1917 1945 ad-

334 1994 538 2066 mittat,
575 1991 644 2048 ad
700 2007 814 2047 rem
861 2003 1029 2046 unam
1085 1986 1481 2058 designandam
1530 1983 1912 2055 pertinentia:

334 2084 796 2155 quemadmodum
833 2084 891 2139 in
926 2099 1064 2139 auro
1090 2092 1145 2139 et
1172 2082 1233 2137 in
1269 2081 1395 2151 igne
1436 2087 1600 2147 atque
1628 2076 1684 2131 in
1713 2074 1915 2131 simili-

332 2179 439 2235 bus
485 2178 675 2234 videre
702 2178 827 2232 licet
855 2176 991 2247 (47).
1031 2175 1145 2231 Nec
1188 2188 1339 2239 vero,
1383 2171 1429 2227 si
1459 2170 1586 2243 quis
1626 2167 1913 2224 hominum

338 2271 498 2343 160
519 2270 726 2341 aliquid
759 2282 1114 2339 eornm,quaa
1142 2265 1284 2323 facta
1308 2274 1457 2331 sunt,
1498 2262 1774 2320 contrario
1812 2275 1918 2315 no-

334 2363 485 2417 mine
529 2362 803 2431 appellare
838 2360 1057 2425 audeat,
1097 2358 1304 2414 idcirco
1334 2371 1500 2427 quam
1541 2353 1803 2434 Conditor
1847 2351 1918 2407 ab

337 2454 555 2525 urigine
599 2451 795 2507 indidit
842 2450 1318 2506 nomenclaturam
1352 2455 1567 2502 mutare
1610 2446 1658 2501 is
1699 2445 1914 2515 possit,

340 2555 602 2615 tanquam
625 2543 678 2599 si
702 2543 901 2599 melius
934 2541 1145 2612 aliquid
1172 2538 1553 2611 excogitasset.
1582 2535 1742 2592 Novit
1770 2537 1917 2592 enim

336 2636 629 2701 Conditor,
648 2648 813 2705 quam
836 2633 1025 2704 gloria:
1046 2632 1295 2698 avidum,
1319 2645 1484 2701 quam
1512 2629 1917 2685 contentiosum

337 2726 543 2781 animal
594 2725 761 2780 homo
816 2724 1035 2780 futurus
1088 2729 1234 2786 erat,
1288 2728 1345 2777 et
1398 2727 1665 2791 quantum
1704 2728 1919 2774 certare

338 2819 483 2873 inter
512 2832 573 2873 se
618 2816 892 2872 debebant
936 2816 1006 2871 de
1038 2813 1357 2869 inventione
1395 2812 1680 2866 nominum
1728 2825 1920 2866 recen-

338 2903 567 2958 tiorum.
617 2903 691 2958 At
724 2922 743 2955 ι
771 2902 893 2958 Non
940 2901 1161 2973 poterit,
1184 2902 1386 2972 inquit,
1433 2898 1762 2955 contendere
1790 2914 1917 2955 cum

2004 524 2244 578 τείνεται
2291 525 2388 576 καί
2417 540 2574 595 φησι,
2614 522 2784 594 μηδὲν
2821 522 2881 575 ἐν
2921 522 3041 585 τοῖς
3102 522 3388 591 γεγονόσιν
3428 527 3604 576 ἀκατ-

2005 616 2310 686 ονόμαστον
2364 614 2594 684 ὲαθῆναι
2621 614 2683 666 τὸ
2704 612 2928 667 σύνολον
2953 627 2970 642 ⁸
3004 613 3144 669 ἀλλὰ
3171 616 3308 678 πᾶν,
3330 613 3361 667 δ
3381 615 3601 684 γέγονε,

2007 709 2103 763 καὶ
2130 708 2270 780 πρὸς
2298 708 2359 762 τὸ
2387 705 2527 762 εἶναι
2554 706 2845 779 παρήχθη,
2863 708 2966 778 τήν
3001 707 3320 779 πρόσφορον
3347 708 3442 762 καὶ
3469 725 3601 762 κατι

2009 800 2241 869 ἀλληλον
2269 799 2458 855 λαϐεῖν
2482 799 2782 870 ὀνομασίαν
2809 800 2905 853 καὶ
2931 799 3124 871 κλῆσιν
3153 815 3167 831 ·
3203 800 3281 864 ὡς
3311 816 3601 869 προεγνω⁸

2009 892 2167 955 κότος
2217 892 2312 946 τοῦ
2350 890 2653 955 Κτίσαντος
2700 890 2772 944 τά
2804 890 2988 944 πάντα
3017 892 3113 945 καὶ
3173 891 3265 945 τὸν
3289 892 3604 963 ἄνθρωπον,

2009 982 2087 1046 ὡς
2128 979 2539 1053 διαιρεθήσεται
2591 981 2687 1035 καὶ
2744 980 3144 1053 μερισθήσεται
3207 984 3439 1054 μυρίαις
3503 983 3604 1036 καὶ

2011 1076 2285 1138 ποικίλαις
2319 1074 2583 1144 γλωσσῶν
2617 1074 2719 1128 καὶ
2766 1074 3073 1128 διαλέκτων
3119 1075 3434 1146 διαφοραῖς.
3489 1074 3606 1129 Καὶ

2009 1166 2103 1221 διὰ
2144 1166 2305 1222 τοῦτο
2336 1166 2440 1221 κᾶν
2480 1164 2775 1237 πειραθείη
2823 1182 2909 1229 τις
2952 1166 3050 1219 καὶ
3104 1165 3216 1220 τῶν
3254 1167 3605 1238 πραγμάτων

2010 1259 2246 1312 ἕκαστον
2294 1258 2696 1328 κατονομάζειν
2740 1256 2974 1320 ἀλλοίως
3034 1257 3132 1310 καὶ⁸
3184 1258 3442 1328 ὲτεροίως
3496 1274 3603 1311 κα-

2011 1350 2079 1403 τὰ
2120 1350 2221 1422 τὴν
2252 1350 2516 1420 γλωσσῶν
2585 1350 2677 1403 καὶ
2731 1349 3032 1403 διαλέκτων
3087 1349 3357 1421 διαφοράν
3382 1366 3401 1381 σ
3459 1350 3605 1421 πλὴν

2013 1441 2149 1493 ἀλλὰ
2232 1440 2343 1512 γάρ
2403 1434 2550 1493 εἶναι
2616 1440 2713 1494 καὶ
2775 1440 3057 1511 διαμένειν
3105 1443 3199 1494 καὶ
3271 1441 3605 1509 διεγνῶσθαι

2012 1533 2076 1586 τὸ
2097 1533 2332 1603 πρᾶγμα
2353 1531 2615 1598 τοιοῦτον,
2642 1525 2755 1585 οἷον
2787 1532 2881 1585 καὶ
2909 1531 3103 1600 γέγονε
3142 1531 3294 1603 παρὰ
3320 1531 3418 1584 τοῦ
3439 1534 3607 1604 Ποιή-

2020 1640 2218 1688 σαντος
2249 1639 2262 1653 ⁸
2304 1626 2380 1687 ὡς
2414 1624 2478 1677 τὸ
2508 1624 2642 1678 αὐτὸ
2695 1624 3068 1693 ὑποκείμενον
3096 1622 3465 1693 ὀνομάζεσθαι
3500 1626 3607 1694 μὲν

2020 1715 2244 1786 μυρίαις
2272 1714 2694 1785 προσηγορίαις,
2756 1713 2832 1784 μὴ
2886 1713 3336 1768 συναλλοιοῦσθαι
3392 1715 3450 1768 δὲ
3506 1716 3608 1768 καὶ

2017 1803 2543 1871 συνεξαλλάττεσθαι
2577 1807 2699 1868 ταῖς
2720 1805 2832 1859 τῶν
2862 1805 3165 1859 διαλέκτων
3191 1806 3482 1877 ἑτερότησι
3505 1806 3609 1860 καὶ

2015 1900 2330 1969 διαφοραῖς·
2366 1897 2484 1955 ἀλλ’
2527 1894 2669 1951 εἶναι
2697 1897 2796 1968 μὲν
2823 1897 2994 1951 αὑτοῦ
3028 1899 3127 1969 τὴν
3151 1898 3316 1967 φύσιν
3348 1898 3485 1970 μίαν
3504 1899 3609 1953 καὶ

2014 1992 2115 2062 τὴν
2146 1991 2341 2061 αὐτὴν,
2387 1989 2589 2052 πολλὰς
2625 1989 2684 2041 δὲ
2703 1991 2799 2044 καὶ
2850 1989 3143 2061 διαφόρους
3202 1990 3463 2061 δέχεσθαι
3502 1991 3611 2055 τὰς

2016 2085 2168 2157 παρὰ
2186 2083 2298 2137 τῶν
2329 2082 2544 2137 πολλῶν
2578 2083 2677 2135 καὶ
2712 2081 2991 2154 διαφόρων
3021 2082 3287 2151 γλωσσῶν
3329 2099 3612 2153 προσηγο-

2017 2177 2141 2250 ρίας
2187 2177 2284 2231 καὶ
2312 2175 2538 2246 κλήσεις
2577 2174 2712 2245 πρὸς
2751 2173 2812 2227 τὸ
2843 2175 2977 2228 αὐτὸ
3030 2174 3439 2245 σημαινόμενον
3470 2192 3608 2228 συν-

2018 2267 2226 2332 ιούσας,
2254 2268 2330 2329 ὡς
2361 2268 2453 2319 ἐπὶ
2490 2264 2586 2318 τοῦ
2615 2262 2817 2335 χρυσοῦ
2860 2265 2953 2319 καὶ
2976 2264 3072 2320 τοῦ
3141 2266 3314 2337 πυρὸς
3343 2265 3439 2321 καὶ
3493 2266 3614 2319 τῶν

2017 2359 2421 2434 παραπλησίων
2451 2357 2633 2431 ῥᾴδιόν
2661 2358 2776 2409 ἐστι
2805 2355 3068 2413 κατιδεῖν.
3103 2358 3213 2411 Καὶ
3261 2357 3367 2411 κᾶν
3399 2358 3611 2430 πειρά-

2018 2451 2165 2506 σοιτό
2193 2467 2279 2513 τις
2302 2448 2608 2520 ἀνθρώπων
2640 2449 3012 2518 ἀντονομάσαι
3050 2464 3103 2501 τι
3130 2449 3239 2501 τῶν
3264 2449 3609 2517 γεγονότων.

2015 2541 2219 2612 ἥκιστα
2264 2541 2556 2612 δυνήσεται
2619 2539 2955 2612 μεταϐαλεῖν
3004 2540 3104 2610 τὴν
3157 2538 3404 2611 ἀρχῆθεν
3449 2540 3614 2610 αύτῷ

2017 2634 2169 2704 παρὰ
2193 2632 2288 2686 τοῦ
2332 2631 2681 2703 Δημιουργοῦ
2710 2628 3342 2702 δεδομένηνόνομασίαν,
3375 2631 3452 2696 ὡς
3483 2631 3615 2702 30.-

2016 2728 2131 2781 τιόν
2159 2743 2213 2779 τι
2238 2725 2400 2795 δῆθεν
2430 2725 2749 2795 ἐπινοήσας.
2779 2722 2964 2792 Ἔγνω
3001 2723 3113 2796 γὰρ
3170 2726 3199 2779 ό
3228 2723 3613 2795 Δημιουργδς,

2015 2818 2092 2883 ὼς
2125 2817 2401 2887 φιλόδοξον
2429 2817 2525 2871 καὶ
2549 2816 2861 2886 φιλόνεικον
2886 2815 3026 2880 ζῶον
3052 2819 3081 2869 ό
3107 2815 3397 2887 ἄνθρωπος
3422 2812 3613 2879 ἔσται,

1996 2912 2113 2965 ,καὶ
2136 2911 2341 2983 πολλὴν
2374 2910 2613 2981 ἅμιλλαν
2639 2909 2824 2976 ἕξουσι
2858 2908 2997 2981 πρὸς
3033 2907 3304 2977 ἀλλήλους
3330 2911 3425 2962 ἐπὶ
3479 2928 3614 2963 και-

339 2994 570 3051 iortiore
605 3007 771 3063 super
810 3008 890 3058 se,
924 3010 945 3044 ι
991 2990 1045 3046 id
1079 2999 1191 3056 est,
1230 3004 1578 3062 nequaquam
1630 2987 1678 3044 is
1715 2988 1917 3057 poterit

2019 3005 2253 3075 νοτέρων
2275 3003 2558 3073 ὀνομάτων
2586 3003 2897 3075 εύρέσεσιν.
2944 3002 3088 3055 Ἀλλ’
3116 3022 3135 3054 ι
3159 3001 3281 3055 οὐδὲ
3310 3001 3615 3073 δυνήσεται

340 3084 610 3142 certando
665 3100 793 3140 cum
855 3082 1273 3153 sapientissimo
1323 3090 1488 3151 atque
1544 3078 1921 3150 omnipotente

342 3190 528 3231 rerum
558 3174 809 3229 omnium
832 3172 1134 3228 Conditore
1158 3170 1355 3225 melius
1383 3170 1685 3239 quidquam
1718 3176 1920 3223 extun-

340 3268 472 3321 dere
494 3276 549 3321 et
576 3265 752 3336 magis
794 3261 1270 3319 accommodatum
1305 3278 1321 3316 :
1356 3261 1450 3315 sed
1481 3274 1648 3313 unum
1677 3257 1921 3329 profecto

343 3357 480 3412 illud
517 3356 711 3411 multis
758 3355 1105 3423 diversisque
1153 3354 1211 3406 in
1251 3351 1604 3407 sermonibus
1645 3350 1919 3404 variarum

341 3449 526 3504 omnis
557 3447 778 3517 generis
820 3444 1241 3512 cogitationum,
1281 3442 1376 3513 qui
1422 3442 1524 3497 hoc
1557 3440 1785 3505 faciunt,
1831 3457 1924 3497 as-

344 3538 524 3596 secuti
552 3538 865 3600 videantur,
900 3546 963 3592 ut
989 3536 1289 3591 vanitatem
1322 3550 1477 3590 suam
1508 3544 1767 3605 augeant,
1795 3543 1852 3589 et
1888 3550 1919 3589 a

340 3631 573 3686 veritate
615 3644 681 3685 ac
723 3638 920 3684 natura
966 3642 1152 3683 rerum
1186 3628 1654 3696 aberrentzquod
1700 3627 1921 3697 sapiens

343 3722 707 3779 Ecclesiastes
764 3720 1101 3786 declaravit,
1162 3735 1289 3776 cum
1335 3719 1517 3774 dixit:
1557 3715 1747 3793 «Quia
1793 3733 1923 3775 sunt

340 3814 507 3870 verba
544 3814 721 3872 multa
749 3812 1177 3886 multiplicantia
1202 3811 1525 3867 vanitatem.
1562 3828 1582 3861 ι

414 4009 551 4063 Dum
578 4007 725 4063 enim
766 4004 923 4061 multi
954 4004 1100 4060 inter
1128 4017 1190 4059 se
1231 4000 1592 4063 contendunt,
1625 4008 1681 4054 et
1707 3998 1924 4070 linguas

340 4100 585 4172 litigiosa
613 4098 993 4168 disputatione
1033 4102 1341 4159 exacuunt,
1392 4100 1453 4147 ut
1504 4090 1921 4161 appellationem

342 4193 584 4264 aliquam
623 4190 804 4261 magis
853 4203 1050 4242 novam
1100 4187 1386 4256 imponant
1433 4183 1622 4246 rebus,
1672 4183 1924 4253 sequitur
1962 4210 1971 4217 -

342 4280 679 4345 necessario,
712 4290 772 4335 ut
815 4296 845 4334 a
896 4276 1245 4334 convenienti
1287 4274 1518 4331 veritate
1547 4272 1915 4337 deﬂectentes,

341 4375 453 4430 vim
484 4386 735 4444 magnam
782 4370 1047 4425 inducant
1081 4366 1348 4423 falsarum
1394 4364 1718 4436 opinionum
1752 4379 1919 4421 vano-

341 4480 581 4538 rumque
628 4471 1090 4527 commentorum,
1127 4466 1184 4515 et
1210 4458 1267 4513 in
1318 4468 1603 4528 peccatum
1642 4457 1926 4526 prolaben-

345 4568 455 4614 tur.
500 4555 664 4625 Quod
710 4554 1008 4625 designans
1055 4559 1407 4607 externorum
1438 4565 1658 4621 quoque
1685 4550 1928 4621 philoso-

342 4650 579 4721 phorum
632 4649 893 4718 princeps
953 4643 1036 4699 sic
1090 4642 1170 4697 ait
1223 4658 1238 4696 :
1287 4659 1307 4693 ι
1346 4639 1585 4697 Dcllnire
1635 4651 1820 4697 autem
1872 4649 1929 4698 et

342 4746 568 4810 peccata
605 4744 843 4808 oportet,
887 4748 1011 4805 qua
1048 4732 1103 4788 in
1141 4732 1500 4810 problematis
1535 4733 1925 4799 admittuntur,

342 4806 397 4886 et
449 4806 667 4903 gemina
720 4834 884 4892 sunt;
918 4841 1045 4881 cum
1098 4839 1293 4895 nempe
1325 4825 1453 4895 quis
1490 4806 1760 4883 mentitur
1790 4844 1804 4883 :
1830 4827 1919 4883 vel

342 4936 468 4978 cum
531 4936 563 4975 a
616 4928 843 4989 recepto
898 4916 1172 4973 vocabulo
1211 4916 1491 4974 discedit:
1525 4927 1634 4973 tam
1686 4920 1834 4976 enim
1882 4920 1920 4975 ii

342 5018 597 5085 peccant,
648 5009 745 5079 qui
795 5009 1139 5064 mentiuntur
1172 5017 1266 5064 :et
1298 5010 1446 5083 quod
1492 5025 1602 5065 non
1651 5021 1755 5079 est,
1801 5027 1924 5071 esse

418 5247 532 5317 (Η)
566 5244 752 5301 Placet
778 5244 1024 5298 Amama:
1048 5242 1425 5317 interpretatio
1454 5260 1467 5296 :
1502 5262 1520 5295 ι
1552 5242 1931 5317 Quodcunque

342 5313 450 5383 est,
486 5319 599 5387 jam
625 5324 878 5371 vocatum
915 5322 1002 5369 est
1026 5327 1228 5387 nomen
1266 5313 1421 5387 ejus,
1452 5323 1505 5369 et
1535 5323 1752 5369 constat
1781 5316 1927 5387 quod

344 5382 443 5449 sit,
466 5382 653 5448 homo,
700 5394 754 5440 et
798 5398 910 5438 non
946 5382 1519 5455 poteritgcoltle":dere
1550 5398 1676 5439 cum
1713 5382 1929 5455 ‘30;qu

344 5459 542 5517 fortior
572 5466 658 5513 est
691 5471 787 5521 se;
828 5473 847 5506 ι
891 5451 1058 5524 quam
1090 5451 1322 5524 subinde
1352 5454 1434 5508 sic
1456 5455 1712 5523 explicat.
1752 5472 1771 5505 ι
1800 5451 1928 5509 van

346 5529 638 5586 ostendere
669 5522 971 5581 vanitatem
1011 5522 1251 5577 hominis
1279 5524 1349 5594 ab
1377 5525 1492 5594 ipsa
1524 5522 1806 5594 notatione
1831 5541 1928 5579 vo-

352 5602 451 5655 cis.
489 5600 568 5652 Ac
593 5594 1147 5667 pramittitgenerale
1167 5593 1320 5663 quid,
1352 5593 1617 5663 quidquid
1639 5604 1724 5667 est
1753 5595 1807 5648 in
1836 5611 1926 5667 re-

355 5685 478 5728 rum
534 5664 751 5737 natura,
811 5664 974 5722 habet
1018 5680 1178 5721 suum
1226 5678 1449 5732 nomen,
1480 5673 1534 5720 et
1567 5664 1785 5737 quidem
1820 5665 1926 5720 tale

2022 3098 2179 3168 φησὶ,
2206 3096 2302 3150 τοῦ
2343 3095 2606 3169 κριθῆναι
2640 3094 2780 3167 μετὰ
2810 3095 2906 3149 τοῦ
2939 3094 3300 3166 ἰσχυροτέρου
3347 3094 3497 3165 ὑπὲρ
3520 3095 3616 3147 ad-

2017 3191 2133 3252 τὸν,
2172 3208 2189 3242 ι
2223 3188 2498 3252 τουτέστι,
2530 3187 2783 3258 οὐδαμῶς
2806 3187 3086 3258 ὲξισχύσει
3116 3185 3193 3257 τῷ
3221 3185 3491 3256 πανσόφῳ
3515 3187 3616 3237 καὶ

2022 3280 2322 3335 πανσθενεῖ
2378 3278 2709 3351 Δημιουργῷ
2749 3279 2861 3334 τῶν
2909 3279 3170 3335 ἁπάντων
3222 3276 3616 3348 ἁμιλλώμενος

2020 3370 2244 3442 ἄμεινόν
2278 3389 2330 3424 τι
2362 3371 2553 3441 νοῆσαι
2576 3371 2674 3424 καὶ
2711 3372 3165 3441 πρωφυὲστερον
3190 3387 3205 3402 '
3236 3370 3357 3424 ἀλλ’
3386 3370 3420 3440 ἢ
3441 3372 3616 3441 μόνον

2020 3468 2081 3520 ὲν
2107 3467 2221 3528 τοῖς
2250 3464 2471 3527 πολλοῖς
2501 3464 2594 3517 καὶ
2623 3463 2905 3534 διαφόροις
2960 3463 3142 3532 λόγοις
3176 3463 3285 3517 τῶν
3338 3462 3617 3516 ποικίλων

2019 3556 2116 3610 καὶ
2145 3553 2509 3609 παντοδαπῶν
2541 3555 2854 3626 νοημάτων,
2888 3556 2941 3608 οί
2994 3554 3159 3608 τοῦτο
3203 3554 3446 3625 δρῶντες
3503 3572 3616 3621 μα-

2019 3646 2281 3713 ταιότητα
2358 3642 2731 3712 πληθύνοντες
2778 3641 3197 3713 εὑρεθήσονται,
3264 3642 3616 3711 καταψευδό-

2023 3751 2174 3807 μενοι
2190 3735 2288 3806 τῆς
2310 3732 2570 3805 ἀληθείας
2592 3735 2685 3789 καὶ
2710 3734 2811 3805 τῆς
2838 3734 3057 3804 φύσεως
3078 3734 3189 3787 τῶν
3217 3734 3605 3805 πραγμάτων·

2020 3826 2157 3897 ὅπερ
2181 3824 2387 3894 όσοφδς
2416 3824 2690 3895 ἐδήλωσεν
2720 3823 3156 3895 Ἐκκλησιαστὴς
3182 3822 3353 3876 εἰπών
3378 3840 3394 3855 ·
3425 3842 3445 3875 ι
3480 3824 3615 3877 Ὀτι

2021 3915 2128 3969 εἰσὶ
2156 3915 2307 3982 λόγοι
2344 3914 2532 3968 πολλοὶ
2563 3912 2931 3985 πληθύνοντες
2963 3914 3329 3985 ματαιότητα.
3374 3932 3393 3966 ι

2093 4006 2314 4063 Πολλῶν
2342 4006 2453 4078 γὰρ
2478 4004 2874 4078 ἁμιλλωμένων
2900 4002 3157 4077 ἀλλήλοις
3185 4006 3282 4059 καὶ⁵
3302 4006 3402 4069 τὰς
3427 4003 3616 4073 γλώτ-

2022 4117 2123 4165 τας
2156 4097 2453 4172 ὲριστικῶς
2484 4098 2921 4170 παραθηγόντων
2952 4097 3091 4169 πρὸς
3123 4095 3415 4168 ἐξεύρεσιν
3472 4114 3615 4151 και-

2018 4190 2254 4262 νοτέρας
2282 4190 2428 4253 τινὸς
2467 4188 2765 4260 ὀνομασίας
2817 4189 2913 4242 ἐπὶ
2957 4190 3074 4251 τοῖς
3125 4188 3472 4259 πράγμασιν,
3546 4188 3613 4253 ἐξ

2025 4280 2277 4350 ἀνάγκης
2314 4278 2513 4334 ἕπεται
2541 4281 2643 4349 τῆς
2673 4276 2991 4348 προσφυοῦς
3017 4275 3281 4347 ἀληθείας
3306 4277 3613 4346 παρεγκλι-

2024 4372 2230 4427 νόντων
2267 4370 2484 4441 ψευδῶν
2518 4368 2844 4441 ύπολήψεων
2898 4369 2995 4421 καὶ
3023 4367 3432 4439 ματαιολογιῶν
3473 4386 3613 4423 συν-

2025 4458 2182 4530 άγειν
2236 4451 2436 4523 αὐτοὺς
2503 4457 2597 4512 τὸν
2647 4457 2841 4529 ἑσμὸν,
2898 4458 2995 4511 καὶ
3043 4457 3483 4514 κατολισθαίνειν
3527 4462 3614 4525 εἰς

2024 4551 2309 4623 ἁμαρτίαν
2331 4567 2346 4583 ο
2368 4552 2509 4622 ὅπερ
2539 4550 2827 4621 σημαίνων
2856 4550 2952 4605 καὶ
3006 4549 3120 4604 τῶν
3164 4550 3404 4622 θύραθεν
3450 4552 3615 4621 φιλο-

2025 4643 2210 4711 σόφων
2234 4643 2263 4696 ό
2290 4643 2588 4713 κορυφαῖος
2607 4638 2753 4693 οὕτω
2783 4640 2954 4711 φησί·
2984 4660 3004 4693 ι
3032 4640 3387 4712 Διορίσασθαι
3430 4641 3490 4695 δὲ
3528 4642 3620 4695 δεῖ

2026 4733 2250 4799 καὶτὰς
2283 4734 2563 4805 ἁμαρτίας
2588 4733 2690 4797 τάς
2714 4735 2774 4786 ειν
2803 4734 2923 4796 τοῖς
2958 4731 3366 4807 προϐλήμασιν,
3409 4735 3495 4787 ὅτι
3541 4736 3616 4787 εἱ-

2029 4830 2083 4883 σὶ
2113 4829 2312 4894 διτταὶ,
2348 4829 2382 4900 ἢ
2414 4826 2493 4899 τῷ
2514 4827 2835 4899 ψεύδεσθαι,
2870 4827 2903 4899 ἢ
2935 4827 3013 4899 τῷ
3068 4825 3437 4898 παραϐαίνειν
3492 4844 3616 4881 κει-

2031 4921 2203 4992 μένην
2232 4918 2398 4986 λὲξιν.
2429 4921 2498 4974 Οἵ
2516 4936 2573 4973 τε
2602 4918 2714 4991 γὰρ
2742 4917 3069 4989 ψευδόμενοι
3108 4920 3205 4973 καὶ
3236 4918 3297 4972 τὺ
3320 4918 3397 4990 μὴ
3430 4918 3613 4989 ὑπάρ-

2023 5030 2127 5086 χον
2158 5012 2434 5085 ὑπάρχειν
2455 5013 2562 5067 τινι
2588 5010 2842 5083 λέγοντες
2862 5009 3267 5083 ἁμαρτάνουσι,
3292 5008 3390 5063 καὶ
3410 5009 3463 5061 οἱ
3495 5011 3611 5073 τοῖς

2031 5262 2256 5309 nomen.
2290 5250 2434 5317 quod
2467 5249 2589 5317 ejus
2618 5257 2869 5302 naturam
2905 5248 3185 5317 exprimit.
3216 5246 3295 5301 Ac
3319 5246 3443 5300 talia
3478 5263 3609 5302 sunt

2029 5319 2251 5373 nomina
2286 5319 2552 5374 Hebraica
2583 5318 2773 5373 bestiis
2807 5328 2863 5373 et
2896 5320 3058 5372 rebus
3096 5317 3329 5384 singulis
3358 5318 3431 5370 ab
3462 5320 3610 5371 Ada-

2027 5403 2119 5442 mo
2158 5389 2419 5445 instinctu
2473 5386 2564 5444 Dei
2612 5388 2804 5443 indita.
2849 5386 3010 5455 (Gen.
3043 5403 3106 5454 ιι,
3146 5387 3255 5456 ω.)
3321 5385 3377 5442 Si
3422 5388 3608 5441 omnia

2028 5459 2404 5539 suisivocibus
2442 5467 2569 5514 sunt
2596 5457 2877 5539 insignita,
2916 5459 3085 5513 etiam
3123 5457 3289 5512 homo
3315 5471 3474 5511 suam
3504 5457 3607 5539 ha:

2025 5529 2175 5585 bebit
2195 5546 2211 5595 ;
2234 5529 2346 5598 jam
2372 5539 2561 5584 notum
2594 5537 2678 5598 est
2718 5528 2851 5583 illud
2884 5542 3079 5598 nomen
3122 5542 3245 5598 esse
3282 5537 3438 5592 mu,
3466 5528 3607 5596 quod

2023 5602 2093 5656 sit
2115 5615 2177 5655 ex
2210 5595 2344 5669 luto,
2376 5609 2425 5655 et
2459 5616 2563 5655 non
2594 5597 2754 5668 Deus,
2788 5599 2863 5655 ait
2892 5597 3113 5656 Salomo
3143 5595 3320 5654 Jarbi.
3355 5616 3374 5650 ι
