3958 6208
259 261 360 324 989

1326 268 1409 328 IN
1434 267 2022 334 ECCLESIASTEN.
2051 297 2122 308 --
2141 273 2292 336 LIB.
2324 275 2426 338 VI.

3419 281 3520 344 930

257 375 536 444 κατάγαγε
564 375 809 448 δάκρυα,
847 397 868 429 ι
902 379 1038 449 φησί
1084 396 1190 434 που
1225 381 1288 435 τὸ
1318 383 1505 454 λόγιον
1534 387 1637 457 τῆς
1682 387 1824 450 θείας

1939 403 2004 444 ac
2066 390 2394 458 poenitentia
2457 389 2672 446 veniam
2730 389 2892 464 166
2951 407 3142 448 eorum
3203 393 3518 468 efﬂagitant,

255 467 480 541 Γραφῆς
516 485 532 501 ο
567 469 602 539 ἢ
632 469 746 524 τῶν
777 469 872 524 ἐπὶ
894 473 1016 536 ταῖς
1049 471 1211 536 ίδίαις
1241 474 1544 546 ἁμαρτίαις
1577 477 1839 550 θρηνούν-

251 580 379 630 των,
415 563 510 618 καὶ
555 563 646 618 διὰ
683 567 784 636 τῆς
821 565 1234 634 ἑξαγορεύσεως
1279 567 1376 620 καὶ
1411 569 1513 639 τῆς
1541 571 1836 640 μετανοίας

250 656 350 728 τὴν
393 653 747 728 συγχώρησιν
776 657 956 710 αὐτῶν
995 655 1388 722 ὲξαιτούντων’
1420 659 1537 714 ἀλλ’
1570 662 1696 732 ούχὶ
1721 661 1834 715 τῶν

251 748 344 801 ἐπὶ
385 750 508 810 ταῖς
549 746 869 818 δυστυχίαις
903 747 1012 803 τῶν
1061 749 1384 820 ἐμπορικῶν
1425 750 1831 824 ὑποθέσεων,ῆ

249 841 369 903 ταῖς
394 839 730 904 ἀποτεύξεσι
759 839 872 892 τῶν
900 839 1262 911 ἀνθρωπίνων
1308 841 1494 912 ἀρχῶν
1541 844 1638 898 καὶ
1676 843 1827 898 δυνα-

251 931 444 986 στειῶν
507 931 605 986 καὶ
639 930 830 996 δοξῶν.
873 931 999 986 Τῶν
1035 932 1144 1004 γὰρ
1189 932 1452 989 τοιούτων
1483 935 1513 988 ὁ
1551 929 1703 1000 οἶκος
1731 935 1834 990 οὐκ

249 1023 455 1092 ἀγαθὸς
478 1063 495 1090 ,
523 1023 629 1078 κᾶν
669 1023 888 1094 πλήρης
915 1023 1244 1096 ὀλοφυρμῶν
1269 1025 1519 1096 εὑρεθείη
1567 1025 1664 1080 καὶ
1707 1026 1836 1080 πέν-

249 1113 374 1178 θους
393 1129 410 1146 ο
441 1113 540 1168 ἅτε
564 1113 630 1186 δὴ
658 1113 722 1168 τὸ
765 1113 961 1178 πένθος
991 1115 1090 1168 καὶ
1121 1115 1184 1168 τὸ
1212 1115 1410 1188 θρῆνος
1445 1117 1549 1172 οὐκ
1579 1118 1674 1172 ἐπὶ
1710 1120 1834 1182 ταῖς

249 1205 481 1270 ἐννοίαις
523 1207 623 1260 καὶ
665 1208 788 1270 ταῖς
815 1207 1042 1275 ἐφέσεσι
1077 1207 1188 1262 τῶν
1218 1209 1549 1280 κρειττόνων
1588 1212 1685 1264 καὶ
1721 1211 1834 1265 τῶι

249 1295 624 1367 ἐλπιζομένων
666 1295 888 1365 ἀγαθῶν
929 1298 990 1351 ὲν
1027 1300 1095 1369 τῇ
1140 1297 1390 1372 βασιλείᾳ
1429 1299 1540 1354 τῶν
1581 1300 1832 1372 οὐρανῶν

248 1388 613 1458 ποιουμένων,
659 1387 778 1442 ἀλλ’
817 1387 1059 1460 ἔμπαλιν
1105 1393 1165 1444 έν
1209 1395 1277 1462 τῇ
1327 1391 1556 1462 ζητήσει
1589 1392 1700 1446 τῶν
1739 1393 1834 1447 ἀν·-

249 1475 538 1547 θρωπίνων
586 1477 683 1532 καὶ
735 1478 1091 1551 προσκαίρων
1137 1480 1234 1533 καὶ
1286 1480 1693 1553 φθειρομένων,
1735 1485 1830 1538 καὶ

247 1566 346 1637 τῆς
371 1567 653 1640 ἁμαρτίας
675 1567 751 1632 ὡς
775 1568 981 1622 ἐπίπαν
1005 1571 1331 1641 ποιητικῶν.
1418 1595 1422 1600 ε

313 1659 488 1714 Τοῦτο
517 1659 642 1748 χὰρ
681 1661 910 1730 ἔμπεδοί
952 1660 1024 1715 δι’
1073 1655 1149 1716 ὧν
1189 1657 1348 1716 εἶπεν
1389 1663 1646 1734 ἁμέσως·
1692 1666 1826 1735 φησὶ

246 1751 373 1823 γὰρ,
408 1770 426 1804 ι
478 1739 620 1806 Καθ’
672 1753 757 1805 ὅτι
799 1751 960 1807 τοῦτο
1000 1753 1154 1819 τέλος
1198 1755 1403 1820 παντὸς
1446 1755 1762 1828 ἀνθρώπου.
1797 1775 1818 1808 ι
1859 1739 1896 1794 Β

245 1843 436 1907 Τοῦτο,
487 1845 674 1908 ποίους
721 1839 795 1896 Ἦ
845 1842 1090 1914 δηλονότι
1135 1845 1198 1899 τὸ
1241 1846 1504 1917 τελευτᾷν
1553 1849 1648 1902 καὶ
1695 1847 1824 1918 θνή-

249 1948 434 1986 σκειν·
479 1931 564 2000 ἐφ’
606 1924 652 2000 ᾧ
700 1931 794 1984 καὶ
837 1932 936 2002 τὴν
988 1932 1226 2004 μελέτην
1273 1935 1373 2003 τῆς
1407 1933 1639 2004 καρδίας
1677 1933 1824 2003 ἔχειν

250 2021 536 2094 ὀφείλομεν
559 2023 820 2088 ἅπαντες,
861 2021 1098 2077 θανάτου
1130 2023 1368 2095 μελέτην
1401 2023 1495 2078 τὸν
1526 2024 1658 2077 ἴδιον
1695 2024 1823 2078 ἑπι-

245 2113 584 2185 δεικνύμενοι
619 2113 734 2185 βίον
757 2131 772 2147 ο
807 2114 840 2185 ἦ
863 2113 928 2168 τὸ
955 2114 1395 2185 μεταγινώσκειν
1420 2115 1516 2168 καὶ
1539 2118 1823 2186 μετανοεῖν

245 2203 336 2258 καὶ
381 2203 591 2259 κλαίειν
621 2204 716 2261 ἐπὶ
756 2208 876 2270 ταῖς
907 2206 1209 2276 ἁμαρτίαις
1236 2205 1416 2278 ⁴ἡμῶν.
1448 2205 1549 2259 Διὰ
1577 2206 1685 2278 γὰρ
1715 2205 1823 2260 τῶν

244 2293 482 2366 συνεχῶν
525 2294 622 2348 καὶ
667 2295 910 2367 δαψιλῶν
952 2295 1229 2366 δακρύων,
1270 2295 1346 2359 ὡς
1393 2297 1453 2350 ὲν
1482 2295 1695 2368 λουτρῷ
1729 2299 1824 2350 τὸν

245 2386 507 2456 σαρκικδν
531 2386 980 2460 ἀποκαθαίρομεν
1016 2387 1211 2458 ῥύπον,
1241 2385 1415 2451 οὕτως
1445 2387 1822 2460 ἀπολουόμεθα

243 2477 334 2532 καὶ
359 2476 460 2542 τὰς
499 2479 740 2550 ψυχικὰς
769 2479 1158 2552 ἀποπλύνομεν
1184 2479 1410 2552 κηλίδας
1437 2481 1542 2533 καὶ
1581 2479 1824 2551 saeuio-

249 2585 379 2633 σεις.
429 2569 525 2624 Ἐκ
551 2571 608 2624 δὲ
637 2569 734 2624 τοῦ
768 2574 1106 2644 προσφοιτᾷν
1144 2574 1223 2636 είς
1257 2571 1350 2626 τὸν
1372 2567 1524 2626 οἷκον
1554 2571 1650 2625 τοῦ
1693 2573 1822 2628 πέν-

197 2698 210 2706 .
239 2659 366 2724 θους
437 2659 796 2730 προσγίνεται
864 2660 946 2732 τῷ
1002 2660 1405 2732 προσφοιτῶντι
1473 2661 1821 2731 κατανύξεως

237 2751 464 2824 ἀφορμὴ
499 2753 596 2807 καὶ
625 2753 904 2824 πρόφασις
935 2754 1230 2826 μετανοίας
1251 2793 1265 2819 ,
1295 2754 1382 2824 ἐφ’
1411 2749 1491 2819 οἷς
1530 2755 1819 2828 ἐπλημμέ-

237 2842 370 2913 λησε
390 2860 406 2874 ο
438 2841 736 2897 κάντεῦθεν
767 2843 1124 2916 παρεκκλίνει
1157 2844 1259 2914 μὲν
1279 2845 1392 2900 τῶν
1421 2845 1711 2918 χειρόνων,
1725 2849 1820 2901 καὶ

240 2933 648 3007 μεταϐέϐληται
703 2936 841 3006 πρὸς
886 2937 988 3006 τὴν
1040 2937 1243 3008 πρᾶξιν
1289 2937 1402 2993 τῶν
1451 2938 1678 3008 ἀγαθῶν
1722 2941 1820 2995 καὶ

237 3024 584 3098 κρειττόνων.
621 3024 831 3080 Τούτου
864 3026 1026 3098 χάριν
1050 3027 1312 3098 -ὲπήγαγε
1337 3044 1350 3058 ⁸

1937 497 2286 554 nequaquam
2319 497 2452 539 vero
2477 484 2546 540 ab
2573 485 2676 551 iis,
2713 485 2807 556 qui
2853 485 2920 541 de
2959 487 3186 542 adversa
3217 486 3433 544 fortuna
3467 501 3521 546 et

1936 575 2204 632 mercium
2257 574 2473 645 jactura
2524 585 2876 646 queruntur,
2946 587 3041 634 aut
3091 579 3158 634 de
3203 579 3518 638 interversis

1935 667 2348 738 magistratibus
2369 677 2425 723 et
2446 667 2824 739 dominatione
2845 679 3009 740 atque
3033 670 3206 740 gloria
3233 673 3516 743 subrepta.

1935 757 2142 815 Horum
2174 758 2320 816 enim
2349 760 2548 816 domus
2582 775 2692 816 non
2728 761 2895 827 bona,
2927 761 3292 818 lamentorum
3325 781 3518 834 quam-

1933 851 2016 906 vis
2069 851 2228 922 plena
2275 851 2590 907 inveniatur
2639 860 2803 922 atque
2854 852 3079 908 luctus:
3117 855 3318 926 quippe
3371 858 3516 928 quod

1933 941 2114 998 luctus
2149 943 2241 1000 ille
2269 951 2324 998 et
2366 948 2605 998 lamenta
2653 959 2761 998 non
2805 959 3000 998 eorum
3042 954 3190 1009 sunt,
3232 946 3326 1016 qui
3369 949 3519 1017 cogi-

1933 1042 2047 1090 tent
2076 1045 2128 1090 et
2157 1033 2474 1090 desiderent
2522 1035 2738 1105 potiora
2767 1051 2830 1090 ea
2873 1035 3038 1100 bona,
3080 1053 3203 1106 quae
3245 1037 3299 1092 in
3351 1039 3519 1094 malo-

1932 1142 2054 1198 rum
2119 1141 2289 1198 regno
2352 1127 2704 1196 Sperantibus
2765 1128 3104 1194 obveniunt,
3163 1131 3258 1185 sed
3319 1146 3512 1186 eorum

1933 1196 2156 1285 potius,
2189 1196 2308 1287 iqui
2363 1217 2604 1272 humana
2662 1226 2917 1287 qumrunt
2969 1226 3023 1271 et
3084 1223 3410 1290 temporaria
3461 1235 3516 1277 et

1931 1307 2137 1362 caduca
2169 1342 2186 1372 ,
2261 1308 2407 1364 unde
2474 1309 2746 1380 originem
2813 1309 3142 1380 plerumque
3224 1323 3510 1382 peccatum

1930 1396 2100 1450 ducrt.
3510 1391 3534 1406 ”

1999 1655 2136 1712 Nam
2174 1655 2280 1712 hoc
2319 1654 2411 1710 ille
2447 1655 2738 1711 conﬁrmat
2771 1654 2860 1722 iis,
2896 1670 3026 1725 quae
3073 1664 3326 1726 protinus
3377 1659 3512 1714 sub-

1921 1749 2095 1820 iecit;
2136 1749 2214 1804 ait
2256 1747 2402 1804 enim
2441 1765 2455 1801 :
2497 1765 2518 1798 ι
2575 1745 2656 1802 Eo
2703 1748 2854 1818 quod
2895 1747 2988 1802 hic
3031 1759 3114 1803 est
3154 1749 3276 1804 linis
3324 1750 3508 1805 omnis

1923 1841 2164 1898 hominis
2181 1840 2280 1894 ⁸³.»
2302 1839 2646 1910 Hic,inquit;
2663 1849 2720 1894 at
2755 1840 2924 1910 quis?
2955 1840 3214 1895 nimirum
3249 1857 3508 1897 excessus

1922 1945 1975 1991 et
2021 1947 2174 1990 mors
2211 1951 2224 1988 :
2261 1933 2315 1987 in
2355 1947 2464 2003 qua
2512 1931 2701 2002 utique
2749 1933 3054 2002 reputanda
3094 1947 3285 1986 curam
3334 1933 3504 1986 animi

1924 2041 2130 2099 ponere
2173 2025 2460 2086 debemus,
2508 2032 2563 2078 et
2617 2023 2766 2078 hanc
2813 2024 2942 2078 vitae
2973 2032 3179 2078 nostrae
3227 2037 3502 2079 summam

1924 2129 2138 2193 putare,
2187 2127 2248 2175 ut
2289 2118 2677 2187 resipiscentes
2717 2115 3088 2171 admissorum
3126 2115 3502 2186 ptenitentiam

1925 2228 2174 2287 agamus,
2229 2219 2288 2266 et
2350 2218 2574 2280 peccata
2630 2221 2819 2264 nostra
2873 2207 3172 2278 ploremus.
3221 2207 3503 2277 Perpetuis

1923 2303 2070 2360 enim
2098 2301 2468 2370 uberibusque
2497 2297 2780 2369 Incrymis,
2824 2297 2970 2353 sicut
2997 2296 3053 2351 in
3091 2297 3312 2352 lavacro
3343 2297 3504 2352 feedi-

1925 2405 2064 2452 tates
2107 2393 2384 2450 abluimus
2413 2391 2684 2462 corporis,
2729 2390 2803 2444 ita
2853 2390 3100 2446 maculas
3149 2391 3346 2444 animae
3379 2392 3524 2445 sor-‘

1923 2487 2133 2557 desque
2163 2481 2522 2552 detergimus.
2556 2480 2792 2536 Adeunti
2833 2496 2998 2552 porro
3045 2483 3271 2537 domum
3321 2481 3496 2538 luctus

1924 2579 1980 2634 in
2013 2578 2133 2648 ipso
2170 2589 2400 2630 accessu
2435 2571 2794 2642 resipiscendi
2833 2587 2965 2627 ansa
2998 2573 3272 2643 praebetur
3302 2581 3359 2628 et
3387 2586 3504 2642 pm-

1925 2668 2170 2727 nitentiar
2197 2666 2418 2721 occasio
2448 2680 2506 2720 se
2523 2663 2685 2719 oﬂ‘ert
2709 2679 2875 2734 super
2907 2663 2997 2726 iis,
3023 2678 3147 2734 quae
3175 2663 3502 2734 deliquerit:

1923 2763 2110 2832 itaque
2149 2775 2210 2815 se
2249 2773 2280 2814 a
2318 2757 2499 2813 noxiis
2532 2755 2816 2820 avertitur,
2865 2765 2922 2810 et
2953 2755 3021 2809 ad
3057 2771 3120 2809 ea
3165 2753 3500 2824 praestanda.

1923 2870 2048 2926 qua:
2099 2853 2242 2907 bona
2289 2863 2354 2905 ac
2407 2849 2626 2920 potiora
2681 2855 2835 2914 sunt,
2893 2845 3220 2902 traducitur.
3271 2843 3385 2902 llac
3432 2844 3502 2900 de

1923 2960 2089 3004 causa
2123 2943 2326 3015 adjecit
2362 2961 2380 2998 ι

1795 3190 1923 3264 sv.

305 3323 414 3378 Kal
447 3325 481 3378 ὀ
509 3320 622 3384 ζῶν
644 3323 826 3379 δώσει
847 3325 1080 3394 ἀγαθὸν
1105 3331 1194 3395 εις
1227 3331 1488 3399 καρδίαν
1515 3333 1728 3388 αὐτοῦ.

307 3417 614 3488 Μονονουχὶ
640 3417 752 3488 γάρ
801 3433 966 3486 φησιν
991 3435 1004 3447 ’
1043 3419 1214 3476 Ὀταν
1257 3422 1338 3486 εἰς
1387 3422 1479 3478 τὸν
1525 3419 1677 3480 οἷκον
1721 3425 1820 3480 τοῦ

241 3505 474 3572 πένθους
519 3509 762 3580 πορευθῇ
795 3509 890 3563 καὶ
927 3509 1037 3563 τῶν
1067 3511 1393 3584 ὀλοφυρμῶν
1427 3515 1523 3569 καὶ
1569 3516 1822 3572 κοπετῶν

241 3603 272 3656 ὁ
301 3600 408 3664 ζῶν
436 3599 722 3670 ἄνθρωπος
755 3601 968 3676 ἀκούσῃ
1011 3604 1122 3662 τῶν
1167 3606 1450 3675 συγγενῶν
1493 3609 1589 3662 καὶ
1625 3609 1819 3680 φίλων,

245 3689 728 3762 συνδιατεθήσεται
759 3693 982 3758 πάντως
1023 3698 1146 3762 ταῖς
1178 3697 1332 3766 σφῶν
1376 3697 1685 3766 διαθέσεσι,
1725 3701 1824 3754 καὶ

241 3780 380 3854 πρὸς
427 3781 705 3854 κλαυθμὸν
751 3784 848 3838 καὶ
897 3785 1114 3857 δάκρυα
1170 3787 1418 3860 κινηθεὶς
1472 3791 1554 3854 είς
1608 3789 1824 3860 ἀγαθὰς

238 3874 449 3938 ἐννοίας
476 3875 763 3946 προελθεῖν
794 3878 1220 3948 παρασκευάσει
1251 3879 1352 3952 τὴν
1385 3879 1523 3934 ίδίαν
1549 3880 1782 3952 καρδίαν
1804 3897 1820 3912 ·

239 3966 336 4021 καὶ
367 3966 472 4022 κᾶν
518 3968 796 4038 ἁμαρτίας
826 3969 1080 4042 εὑρεθείη
1113 3971 1455 4044 πεποιηκὼς,
1493 3974 1822 4044 μετανοήσει

238 4057 464 4121 πάντως
485 4098 502 4123 ,
536 4060 634 4114 καὶ
664 4059 732 4114 δι’
761 4057 1180 4132 ὲξαγορεύσεως
1232 4065 1329 4118 καὶ
1355 4063 1618 4134 δαψιλοῦς
1665 4064 1824 4136 ἐλεη-

239 4147 485 4226 μοσύνης
512 4149 614 4222 τὴν
643 4149 1000 4224 συγχώρησιν
1031 4153 1212 4208 αὐτῶν
1254 4155 1444 4210 λαϐεῖν
1475 4155 1822 4226 ἐπιζητήσει,

236 4240 416 4311 λέγων
447 4245 587 4311 μετὰ
611 4239 705 4296 τοῦ
732 4244 1018 4314 προφήτου
1041 4245 1228 4312 Δαὸὶδ,
1259 4265 1279 4298 ς
1312 4246 1438 4300 Ὅτι
1467 4245 1565 4318 τὴν
1587 4244 1822 4316 ἀνομίαν

239 4351 348 4404 μου
413 4332 526 4403 ἐγὼ
595 4335 922 4404 ἁναγγελῶ,
989 4336 1086 4392 καὶ
1144 4339 1468 4410 μεριμνήσω
1531 4337 1678 4408 ὑπὲρ
1720 4338 1822 4408 τῆς

237 4424 520 4496 ἁμαρτίας
558 4441 682 4496 μου.
714 4444 734 4478 t
766 4425 888 4482 Κᾶν
926 4427 1240 4495 ἐξοιδαίνων
1274 4429 1394 4483 ἐστὶ⁸
1419 4429 1518 4483 καὶ
1547 4428 1823 4500 φλεγμαί-

235 4533 349 4572 νων
409 4517 510 4588 τὴν
573 4517 840 4589 καρδίαν,
905 4521 1003 4574 καὶ
1067 4521 1488 4593 πεφυσιωμένος
1544 4523 1673 4587 τοὺς
1736 4522 1824 4577 λο-

1907 3310 1912 3315 .
1993 3335 2064 3390 Et
2093 3334 2186 3404 qui
2215 3333 2362 3394 vivit,
2405 3327 2554 3382 dabit
2589 3327 2784 3381 bonum
2818 3323 2888 3379 ad
2918 3340 3010 3378 cor
3039 3339 3216 3378 suum.

1989 3425 2128 3482 Nam
2158 3425 2250 3482 hic
2284 3423 2578 3480 verborum
2623 3420 2820 3474 horum
2873 3431 3071 3473 sensus
3109 3425 3214 3482 est,
3269 3429 3394 3469 cum
3449 3413 3502 3468 in

1919 3521 2144 3578 domum
2191 3520 2374 3575 luctus
2417 3518 2609 3572 vivens
2632 3513 2934 3568 etiamnum
2968 3509 3135 3564 homo
3172 3506 3501 3578 pervenerit.

1921 3609 2106 3682 ibique
2129 3617 2490 3680 cognatorum
2523 3603 2680 3675 167
2707 3612 2871 3672 atque
2899 3601 3202 3654 amicorum
3230 3597 3388 3654 ﬂetus
3410 3613 3504 3668 gen

1921 3703 2201 3773 mitusque
2229 3699 2490 3764 audierit,
2529 3697 2649 3751 fore
2687 3695 2938 3758 omnino,
2977 3700 3037 3748 ut
3074 3699 3266 3746 eorum
3315 3691 3504 3745 induat

1921 3791 2167 3862 allectus,
2207 3801 2260 3847 et
2295 3791 2362 3846 ad
2408 3801 2702 3844 maerorem
2747 3801 2813 3840 ac
2854 3785 3126 3854 lacrymas
3168 3793 3499 3844 commotus,

1921 3886 2066 3942 seria
2097 3885 2316 3940 tandem
2358 3895 2424 3936 ac
2461 3886 2612 3934 recta
2645 3875 2900 3932 meditari
2942 3873 3187 3928 animum
3228 3872 3451 3926 inducat
3483 3889 3496 3925 :

1921 3989 2089 4050 atque
2113 3987 2176 4032 ut
2215 3983 2462 4046 peccata,
2490 3985 2612 4041 qua:
2640 3967 2948 4031 admiserit,
2989 3963 3311 4036 pmnitenlia
3343 3964 3506 4033 plane

1921 4068 2240 4129 detestetur,
2272 4061 2604 4131 veniamque
2637 4071 2828 4114 eorum
2864 4055 3214 4111 confessione
3236 4063 3296 4108 et
3328 4053 3500 4123 largis

1922 4157 2148 4228 inopum
2207 4151 2473 4212 subsidiis
2532 4151 2827 4219 impetrare
2879 4146 3210 4210 contendat,
3276 4143 3507 4198 Davidis

1921 4248 2201 4321 prophetae
2227 4258 2504 4314 usurpans
2538 4240 2705 4296 verba
2734 4257 2750 4294 :
2791 4257 2811 4291 ι
2852 4237 3124 4305 Quoniam
3152 4236 3504 4306 iniquitatem

1922 4355 2099 4396 meam
2145 4352 2248 4410 ego
2304 4333 2670 4399 annuntiabo,
2721 4339 2777 4386 et
2827 4329 3083 4402 cogitabo
3135 4344 3234 4400 pro
3273 4337 3506 4400 peccato

1922 4445 2046 4486 meo
2068 4427 2140 4482 “.
2171 4446 2190 4479 ι
2237 4425 2382 4482 Idem
2421 4425 2508 4480 vel
2541 4423 2590 4478 si
2622 4421 2866 4477 tumidus
2904 4421 2976 4478 sit
3001 4431 3056 4476 et
3087 4421 3274 4474 animo
3299 4419 3500 4483 elatus,

1923 4521 2293 4594 superbiaque
2315 4527 2592 4575 assuetam
2620 4513 3045 4586 cogitationibus
3067 4522 3302 4568 mentem
3325 4520 3504 4579 gerat,

236 4607 478 4676 γισμοὺς
509 4605 588 4678 τῷ
633 4608 798 4664 πάθει
833 4610 932 4682 τῆς
966 4611 1381 4683 ύπερηφανείας
1421 4614 1647 4686 καὶτῆς
1685 4615 1822 4670 ἀλα-

1927 4624 1979 4671 et
2023 4613 2170 4670 fastu
2214 4611 2516 4666 insolenter
2559 4623 2620 4665 se
2659 4608 2863 4678 jactet,
2903 4607 2970 4660 ad
3013 4609 3278 4676 pudorem
3309 4617 3373 4656 ac
3403 4602 3502 4658 de-

312 4787 360 4820 ”
395 4789 570 4848 Eccle.
604 4808 703 4858 vn,
739 4793 804 4862 ,5.
881 4793 927 4826 ⁸³
959 4792 1106 4849 Psal.
1150 4809 1336 4850 xxxvu
1366 4835 1381 4860 ,
1419 4793 1514 4853 l9.

229 5002 426 5042 eorum
453 4986 784 5059 confessione
823 4997 875 5044 et
888 4987 1072 5059 Iurgia
1119 4989 1334 5059 inopum
1364 4988 1614 5043 subsidiis
1657 4988 1825 5059 impe-

234 5065 387 5130 trare
433 5057 740 5130 contendat.
804 5077 826 5112 ι
881 5057 1621 5130 Εειήαιιιθιιιλὲξαγόρευσις
1677 5057 1821 5112 indi-

233 5127 394 5198 cium
443 5127 520 5198 rei
561 5141 814 5190 arcanae.
856 5137 916 5184 ut
965 5128 1310 5198 grammatici
1356 5127 1668 5198 explicant,
1712 5142 1824 5197 quo

231 5197 516 5252 vocabulo
561 5207 775 5254 veteres
801 5197 994 5254 Patres
1032 5199 1323 5254 salutarem
1360 5197 1658 5254 criminum
1691 5212 1822 5252 con-

232 5267 568 5338 fessionem,
606 5283 730 5338 qum
790 5267 1064 5325 sacerdoti
1125 5278 1339 5324 secreto
1395 5270 1494 5338 liti.
1531 5267 1822 5338 designare

232 5336 442 5392 soliti:
487 5336 800 5407 quanquam
852 5339 1100 5409 eamdem
1155 5339 1361 5409 passim
1429 5336 1820 5408 ἐξομολόγησιν

231 5421 466 5478 quoque
520 5409 819 5478 appellant.
870 5408 1162 5466 Caeterum
1204 5409 1331 5478 quia
1395 5417 1628 5478 utraque
1683 5423 1817 5464 voce

235 5477 336 5548 nsi
377 5477 706 5548 quandoque
749 5479 940 5535 Patres
966 5487 1118 5548 psunt
1151 5477 1233 5548 ad
1264 5477 1597 5548 pmnitentiae
1648 5477 1812 5534 etiam

235 5545 731 5620 signiﬁcationem,
763 5563 928 5620 quam
958 5545 1069 5604 Deo
1099 5548 1153 5604 in
1181 5545 1656 5604 obsecrationibus
1685 5563 1815 5618 pro-

235 5617 713 5688 literitestarique
748 5617 1050 5686 debemus;
1097 5634 1198 5674 nec
1237 5620 1417 5675 minus
1455 5623 1520 5673 ad
1551 5617 1810 5674 arcanam

233 5695 296 5743 et
328 5687 636 5759 privatam,
665 5705 828 5759 quam
873 5688 1219 5747 manifestam
1267 5705 1328 5746 ac
1360 5689 1632 5761 publicam
1677 5705 1810 5746 cou-

1923 4989 2251 5056 fessionem,
2300 5003 2424 5058 quae
2471 4985 2790 5058 aliquandiu
2839 4985 2914 5040 in‘
2942 4985 3186 5041 Ecclesia
3233 4985 3504 5058 celebrata

1920 5068 2039 5126 est,
2081 5057 2428 5115 indicandam
2463 5074 2479 5112 :
2526 5057 2728 5112 mirum
2767 5065 2849 5112 est
2893 5063 3158 5126 quantum
3197 5057 3503 5126 aliaborent

1921 5125 2162 5185 haeretici
2194 5138 2418 5186 aetatum
2449 5137 2765 5184 nostrarum
2799 5125 2923 5182 cum
2969 5143 3070 5182 suo
3103 5126 3197 5180 illo
3225 5125 3502 5178 Kemnit.o

1919 5209 1974 5255 et
2009 5199 2245 5274 Dallaao,
2297 5199 2626 5274 ut__Patrum
2679 5198 3036 5252 auctoritates
3092 5197 3202 5250 alio
3251 5197 3496 5274 tranant,

1918 5269 2212 5344 necAullam
2242 5285 2310 5325 ex
2347 5271 2416 5324 iis
2453 5269 2520 5344 ad
2568 5283 2824 5323 arcanam
2850 5283 3113 5344 unquam
3146 5275 3202 5320 et
3233 5269 3501 5344 privatam

1917 5340 2324 5414 confessionem
2357 5339 2634 5414 pertinere
2659 5336 2978 5414 concedant.
3021 5336 3076 5391 In
3109 5349 3342 5406 quorum
3369 5336 3500 5414 qui~

1923 5413 2047 5482 dem
2098 5409 2613 5480 manus,’quando
2663 5409 2768 5482 alia
2815 5409 3500 5482 contemnunt,__max_ime

1922 5481 2108 5553 velim
2137 5472 2454 5551 perveniant
2509 5479 2744 5550 egregiae
2780 5477 2994 5553 Δδειοοιιί
3067 5472 3494 5553 εειιεβωεοίιθτὶ

1919 5547 2200 5622 epistolae,
2261 5559 2324 5606 ut
2378 5547 3030 5622 quartam'potissimum
3079 5547 3252 5616 partis
3299 5547 3496 5615 prima:

1919 5630 2123 5680 attente
2149 5621 2352 5693 legant.
