3958 6208
445 193 547 256 991

1541 202 1604 260 s.
1647 177 2024 263 GnEGonn
2065 205 2584 267 AGRIGENTINI

3603 211 3716 274 9‘32

440 304 642 360 missas
673 303 989 360 alectiones
1035 305 1401 374 pertrahetur,
1440 306 1693 364 humana:
1731 311 1856 364 vita:
1888 310 2011 364 bre-

2146 311 2332 374 ὀνείας
2347 311 2750 382 ὲξογκώμενος,
2763 309 3108 384 ἀνθελκυσθή
3118 329 3270 366 σεται
3289 311 3430 384 πρὸς
3442 318 3715 380 ταπεινὰς

441 397 666 456 vitatum
719 394 1015 466 reputabit,
1064 397 1324 466 praeclara
1371 398 1676 453 mutatione
1721 399 1860 456 alius
1903 415 2025 455 esse

442 487 668 557 incipiet
709 505 724 539 :
760 488 987 558 jamque
1038 488 1254 558 potiora
1302 489 1587 560 amplexus
1637 491 1900 558 consilia,
1953 492 2020 548 ad

441 580 649 649 optima
691 595 924 650 qua’que
965 577 1208 635 facinora
1251 581 1495 636 animum
1539 579 1771 646 referet,
1811 598 1876 640 ac
1906 584 2024 640 vias

444 670 642 726 salutis
691 671 868 726 inibit.
928 669 1043 727 Hoc
1090 672 1263 742 igitur
1312 672 1405 727 illa
1462 671 1754 743 designant
1809 674 2018 730 verba:

451 780 471 814 ι
516 763 580 816 Et
616 762 711 833 qui
748 762 883 817 vivit
923 763 1074 818 dabit
1108 764 1316 818 bonum
1348 765 1415 819 ad
1463 781 1560 820 cor
1593 781 1794 834 suum;
1833 785 1852 819 ι
1897 782 2024 837 pes-

447 855 601 910 sima:
645 855 850 926 quippe
881 855 1006 910 vitae
1039 853 1337 923 damnatio,
1377 866 1432 912 et
1476 856 1802 912 deliberatio
1833 875 2028 915 susce-

448 946 676 1016 ptioque
726 945 973 1001 melioris
1002 946 1246 1002 animum
1283 947 1524 1003 hominis
1554 949 1620 1004 ad
1657 951 1861 1006 bonum
1897 951 2027 1006 bea-

449 1046 675 1106 tumque
697 1037 859 1092 linem
896 1037 1190 1094 deducunt.
1223 1039 1310 1093 Ait
1339 1039 1538 1096 deinde
1565 1058 1578 1096 :

2128 399 2398 464 διαθέσεις
2418 443 2434 468 ,
2463 403 2561 456 καὶ
2587 403 2686 474 τῆς
2713 401 3068 474 ἀνθρωπίνης
3095 405 3244 476 ζωῆς
3281 407 3721 480 διενθυμηθήσιρ

2127 505 2218 544 ται
2248 491 2307 544 τὸ
2335 491 2654 563 ὠκύμορον,
2708 494 2805 548 καὶ
2831 493 2932 564 τὴν
2961 495 3138 566 καλὴν
3164 496 3460 550 ἀλλοίωσιν
3488 499 3722 554 ἀλλοιω-
3829 516 3842 528 ⁸

2127 580 2387 652 θήσεται·
2415 585 2514 638 καὶ
2537 584 2781 654 βελτίους
2811 586 3104 641 ἀναλαϐὼν
3130 589 3364 654 ἑννοίας,
3397 591 3481 654 είς
3500 593 3720 660 ἀγαθάς

2127 673 2360 728 ἐκδώσει
2392 675 2626 746 πράξεις
2663 678 2768 749 τὴν
2795 677 2934 732 ίδίαν
2960 678 3211 750 γνώμην,
3261 683 3357 735 καὶ
3386 683 3719 754 πορεύσεται

2127 762 2226 833 τῆς
2253 765 2533 836 σωτηρίας
2557 765 2658 830 τὰς
2683 767 2931 838 τρίϐους.
2956 769 3130 824 Τοῦτο
3155 767 3250 825 οὖν
3285 790 3443 844 φησι,
3481 791 3502 826 ι
3537 776 3651 828 Καὶ
3688 777 3720 829 6

2125 852 2234 918 ζῶν
2281 854 2445 909 δώσει
2490 857 2696 926 ἀγαθὸν
2747 861 2828 924 είς
2879 862 3112 931 καρδίαν
3150 862 3337 917 αὐτοῦ.
3379 882 3404 916 ι
3453 865 3572 936 Τῆς
3607 868 3719 938 γὰρ

2123 947 2404 1018 χειρίστης
2437 950 2582 1022 ζωῆς
2618 952 2652 1021 ἡ
2683 951 3164 1020 κατάγνωσις,καὶ
3190 954 3292 1021 τῆς
3316 955 3636 1026 κρείττονος
3657 960 3715 1011 αἱ

2121 1038 2506 1113 διενθυμήσεις
2554 1044 2652 1098 καὶ
2702 1045 3006 1117 ἀναλήψεις
3060 1048 3198 1117 πρὸς
3247 1049 3310 1101 τὸ
3362 1049 3575 1117 ἀγαθὸν
3622 1051 3718 1104 καὶ

2128 1131 2400 1202 μακάριον
2447 1135 2600 1199 τέλος
2649 1136 2974 1205 ἐφέλκονται
3025 1139 3128 1209 τὴν
3175 1140 3534 1213 ἀνθρωπίνην
3581 1160 3717 1214 acap-

2125 1221 2266 1278 δίαν.
2295 1221 2426 1278 Εἷτά
2459 1243 2624 1297 φησιν
2643 1243 2658 1259 ⁸

1987 1329 2016 1401 g
2047 1328 2134 1384 vr.

523 1417 690 1474 Vens.
723 1420 776 1474 4.
811 1419 1012 1474 Bonum
1043 1432 1117 1475 est
1143 1421 1222 1474 ira
1249 1437 1404 1490 super
1431 1421 1592 1476 risum
1613 1421 1773 1491 ;quia
1803 1421 1859 1474 in
1885 1421 2024 1474 malo
2061 1427 2102 1484 Β

454 1511 631 1566 vultus
663 1513 753 1582 ﬁet
787 1512 979 1566 (ianum
1020 1530 1132 1566 cur.

527 1600 668 1655 Iram
705 1601 989 1656 decentem
1033 1618 1096 1656 ac
1126 1601 1334 1671 justam
1387 1601 1535 1655 omni
1581 1601 1693 1655 risu
1747 1599 2026 1655 meliorem

453 1705 577 1746 esse
621 1693 958 1760 pronuntiat.
1021 1689 1156 1745 Nam
1205 1691 1408 1746 divinis
1449 1691 1671 1760 quidem
1719 1691 1773 1745 in
1809 1689 2030 1746 Litteris

455 1783 637 1838 locum
696 1784 935 1853 reperies
989 1785 1238 1846 nullum.
1293 1784 1384 1839 ubi
1441 1784 1588 1838 risus
1635 1793 1893 1854 tanquam
1941 1797 2030 1840 res

455 1873 600 1927 horia
629 1872 1070 1940 commendatus,
1117 1881 1170 1928 et
1199 1873 1384 1942 aliqua
1425 1888 1494 1928 ex
1525 1887 1692 1928 causa
1729 1871 2030 1943 probabilis

455 1963 680 2020 habitus
723 1963 837 2020 sit:
885 1980 1011 2019 cum
1057 1965 1139 2020 ira
1170 1980 1200 2020 e
1229 1966 1530 2030 contrario,
1562 1981 1685 2037 qua:
1721 1967 1934 2032 deceat,
1976 1974 2032 2022 et

453 2055 760 2127 indignatio
801 2055 952 2128 justa
1003 2071 1069 2110 ac
1121 2057 1442 2126 tempestiva
1487 2060 1553 2112 ad
1599 2057 2029 2128 delinquentium

455 2149 898 2204 emendationem
933 2159 990 2204 et
1026 2149 1404 2219 improborum
1438 2149 1750 2212 utilitatem,
1787 2149 1840 2203 in
1872 2149 2032 2205 laude

455 2248 713 2310 ponatur,
770 2249 826 2296 et
871 2255 1070 2312 magno
1115 2240 1302 2297 favore
1355 2241 1678 2296 celebretur.
1740 2240 1928 2309 Itaque
1975 2248 2032 2296 et

457 2332 570 2388 Deo
599 2347 740 2402 saepe
769 2332 850 2386 ira
881 2331 1160 2397 tribuitur,
1193 2341 1358 2401 atque
1389 2331 1555 2386 etiam
1588 2330 1763 2392 furor.
1793 2330 1933 2386 Nam
1964 2331 2032 2388 de

457 2424 716 2495 gentibus
760 2423 1023 2480 adversus
1079 2421 1516 2494 Hierosolymam
1557 2423 1922 2480 frementibus
1956 2425 2035 2480 ait

457 2515 603 2572 Deus
645 2517 885 2573 universi
917 2535 932 2572 :
969 2536 988 2570 ι
1023 2516 1294 2584 Quoniam
1330 2519 1411 2572 ira
1447 2532 1641 2588 magna
1684 2531 1787 2588 ego
1823 2516 2034 2573 irascor

457 2624 626 2679 super
657 2619 870 2680 gentes,
919 2625 1042 2680 qua:
1096 2608 1536 2681 superimposita:
1584 2617 1714 2664 sunt
1760 2609 1860 2664 ei:
1901 2623 2032 2679 pro-

456 2712 645 2774 pterea
681 2705 829 2774 quod
877 2717 978 2773 ego
1025 2703 1247 2774 quidem
1284 2704 1460 2758 iratus
1507 2717 1630 2758 sum
1686 2717 1902 2772 parum,
1953 2701 2030 2758 illi

459 2810 590 2850 vero
619 2795 1034 2866 super-impositi
1060 2796 1292 2851 multum
1326 2795 1528 2865 (36“).r
1552 2793 1618 2848 Et
1645 2793 1806 2864 longe
1831 2801 2032 2850 antea:
2062 2781 2106 2839 ο

466 2903 486 2936 ι
523 2885 586 2956 Et
620 2885 797 2939 iratus
825 2884 1012 2940 furore
1042 2885 1302 2940 Dominus
1338 2885 1394 2939 in
1424 2883 1670 2954 Moysen,
1696 2883 1772 2937 ait
1799 2900 1814 2936 :
1845 2881 2036 2938 Nonne

459 2988 588 3028 ecce
613 2971 781 3028 frater
811 2982 936 3029 tuus
966 2972 1290 3029 Levites"?
1323 2992 1342 3025 ›
1381 2973 1449 3028 Et
1483 2973 1654 3028 multa
1683 2973 1789 3026 alia
1842 2971 2036 3042 hujus-

461 3065 612 3120 modi
635 3063 702 3120 de
729 3063 840 3120 Deo
863 3065 988 3136 quis
1011 3063 1215 3136 Deique
1241 3063 1461 3119 famulis
1484 3065 1684 3133 scripta
1709 3062 1872 3134 168
1888 3062 2038 3117 inve-

462 3157 600 3221 niet.
667 3157 1130 3230 quemadmodum
1184 3165 1241 3212 et
1287 3156 1356 3211 de
1403 3155 1586 3226 Moyse
1629 3155 1858 3208 relatum
1906 3161 2040 3210 est:

467 3268 486 3301 ι
521 3248 588 3304 Et
614 3249 784 3306 iratus
826 3249 1204 3320 indignatione
1240 3248 1456 3320 Moyses
1487 3247 1718 3319 projccit
1754 3246 1823 3301 de
1859 3247 2038 3302 mani-

462 3343 568 3404 bus
628 3342 746 3398 suis
802 3342 1018 3398 tabulas
1070 3341 1303 3408 ambas,
1361 3349 1418 3394 et
1469 3339 1738 3410 confregit
1796 3354 1892 3394 eas
1937 3339 2040 3395 sub

463 3441 652 3488 monte
674 3433 740 3485 “.
765 3452 784 3486 ι
811 3431 1155 3504 Quapropter
1201 3430 1498 3501 Optabilior
1524 3439 1688 3499 atque
1719 3430 1902 3486 utilior
1921 3446 2043 3487 esse

461 3524 615 3594 justa
657 3524 738 3580 ira
777 3525 1013 3587 videtur,
1060 3534 1322 3594 tanquam
1365 3521 1507 3577 bona
1537 3522 1804 3578 adversus
1840 3523 2044 3594 impro-

465 3617 694 3672 bitatem
731 3627 787 3673 et
832 3617 1110 3688 improbos
1157 3615 1428 3682 homines,
1469 3630 1634 3685 quam
1685 3615 1832 3670 risus
1871 3615 2046 3670 riden-

471 3708 632 3774 tium,
660 3709 714 3764 id
749 3717 1030 3780 est,quam
1056 3708 1272 3764 incuria
1293 3717 1348 3764 et
1373 3707 1740 3764 dissimulatio
1767 3716 1820 3764 ct
1849 3707 2046 3764 lenitas

465 3801 694 3857 minime
729 3801 1075 3873 tempestiva.

551 4005 802 4074 Quanam
843 4006 910 4062 de
947 4006 1158 4062 causa?
1193 4025 1212 4058 ι
1242 4005 1405 4072 Quia,
1441 4004 1638 4076 inquit,
1674 4005 1727 4058 in
1760 4003 1903 4058 malo
1931 4003 2048 4057 vul-

2213 1429 2466 1498 Ἀγαθὸν
2523 1436 2710 1503 θυμὸς
2755 1437 2908 1506 ὑπὲρ
2957 1435 3190 1506 γέλωτα
3219 1457 3232 1471 ο
3291 1439 3381 1493 ὅτι
3423 1439 3494 1494 ἐν
3539 1442 3731 1509 κακίᾳ

2133 1519 2458 1588 προσώπου
2491 1525 2972 1595 ἀλαθυνθνήσεται
3003 1527 3239 1596 καρδία.

2205 1611 2309 1666 Τὸν
2350 1617 2699 1688 προσήκοντα
2742 1619 2836 1672 καὶ
2887 1619 3096 1676 δίκαιον
3138 1619 3313 1691 θυμὸν
3355 1619 3736 1689 ἀποφαίνεται

2131 1705 2424 1778 κρείττονα
2470 1710 2682 1776 παντὸς·
2707 1711 2948 1780 γέλωτος
2991 1712 3341 1781 πεφυκέναιο
3391 1712 3583 1782 γέλως
3639 1716 3738 1785 μὲν

2133 1794 2246 1867 γὰρ
2280 1797 2379 1868 οὐχ
2412 1797 2646 1870 εὕρηταί
2688 1817 2792 1854 που
2837 1800 2990 1872 παρά
3020 1803 3088 1873 τῇ
3121 1800 3242 1872 θείᾳ
3283 1801 3484 1872 Γραφῇ
3517 1818 3740 1874 μεμαρο

2133 1888 2444 1959 τυρημένος
2462 1890 2539 1955 ώς
2565 1893 2792 1962 άγαθδν,
2825 1892 2859 1964 ἢ
2884 1909 3030 1955 τινος
3061 1893 3332 1964 ἀποδοχῆς
3368 1891 3737 1965 ἀξιούμενος·

2135 1978 2274 2050 ὀργὴ
2319 1981 2502 2052 μέντοι
2555 1983 2844 2055 πρέπουσα
2887 1984 2986 2038 καὶ
3029 1983 3204 2055 θυμὸς
3248 1985 3607 2057 κατάλληλος
3645 1988 3738 2039 καὶ

2137 2071 2434 2140 προσήκων
2475 2071 2614 2144 πρὸς
2649 2071 2937 2144 διόρθωσιν
2965 2072 3078 2127 τῶν
3110 2072 3604 2144 πλημμελούντων
3646 2075 3740 2128 καὶ

2133 2159 2245 2214 τῶν
2288 2163 2722 2234 ἁμαρτανόντων
2774 2163 3084 2236 βελτίωσιν,
3130 2165 3420 2230 ὲπαινετός
3472 2166 3604 2221 ἐστι
3646 2167 3740 2221 καὶ

2140 2255 2386 2327 μεγάλης
2423 2256 2576 2322 ἄξιος
2619 2258 2920 2329 εὖφημίας.
2973 2257 3076 2312 Διά
3103 2257 3264 2312 τοῦτο
3306 2257 3404 2311 καὶ
3450 2258 3555 2311 ἐπὶ
3601 2259 3740 2312 Θεςῦ

2137 2346 2478 2417 λαμϐάνεται
2508 2348 2774 2414 πολλάκις
2803 2352 2838 2422 ἠ
2865 2349 3006 2422 ὀργὴ
3031 2350 3127 2405 καὶ
3151 2351 3336 2422 μέντοι
3357 2350 3457 2404 καὶ
3481 2353 3512 2404 6
3533 2351 3738 2423 θυμιᾶς⁹

2138 2438 2274 2508 φησὶ
2304 2438 2412 2510 γάρ
2439 2440 2534 2493 ἐπὶ
2549 2440 2658 2494 τῶν
2687 2441 2830 2495 κατὰ
2863 2443 2967 2513 τῆς
3001 2442 3365 2514 Ἰερουσαλὴμ
3399 2442 3742 2498 λυττώντων

2137 2534 2305 2589 ἐθνῶν
2338 2535 2366 2587 6
2395 2534 2506 2588 τῶν
2533 2535 2671 2590 ὅλων
2702 2535 2869 2600 Θεός·
2915 2556 2934 2589 ι
2967 2537 3114 2590 Διότι
3157 2536 3304 2609 ὀργῇ
3347 2537 3579 2612 μεγάλῃ
3633 2537 3744 2607 ἐγὼ

2136 2627 2428 2699 ὀργίζομαι
2476 2628 2572 2681 ἐπὶ
2615 2629 2686 2682 τά
2735 2627 2866 2701 ἔθνη
2911 2629 2983 2684 τά
3035 2631 3507 2702 συνεπιτιθέμενα
3555 2633 3739 2704 αὐτῇ·

2136 2719 2258 2774 ἀνθ’
2295 2711 2372 2774 ὧν
2401 2718 2514 2788 ἐγὼ
2544 2719 2645 2790 μὲν
2674 2719 2956 2792 ὠργίσθην
2983 2721 3067 2785 είς
3092 2721 3270 2791 ὀλίγα,
3303 2723 3466 2776 αὐτοὶ
3497 2723 3559 2778 δὲ
3607 2740 3739 2776 συνο

2137 2811 2396 2866 επέθεντο
2445 2812 2528 2876 είς
2583 2811 2776 2867 πολλά.
2821 2831 2840 2865 ι
2881 2814 2993 2867 Καὶ
3036 2813 3221 2886 πολλῷ
3277 2812 3500 2884 πρώην,
3559 2833 3581 2867 ι
3624 2813 3742 2870 Καὶ

2137 2903 2416 2976 θυμωθεὶς
2437 2905 2574 2976 ὀργῇ
2605 2905 2812 2976 Κύριος
2835 2904 2930 2959 ἐπὶ
2955 2907 3220 2978 Μωῦσῆν,
3249 2901 3404 2961 εἶπεν
3425 2923 3443 2938 ·
3473 2906 3600 2960 Οὐκ
3629 2907 3741 2961 ἰδοῦ

2136 3001 2166 3052 6
2194 2997 2420 3068 ἀδελφός
2451 3014 2547 3052 σου
2595 2999 2626 3052 6
2665 2998 2936 3069 Δευττηςς
2972 3016 2990 3050 ι
3046 2997 3345 3052 καὶπολλὰ
3374 2997 3618 3052 τοιαῦτά
3657 3011 3740 3060 τις

2139 3091 2366 3161 εὑρήσει
2396 3089 2762 3161 γεγραμμένα
2805 3090 2936 3161 περὶ
2979 3089 3116 3144 Θεοῦ
3163 3091 3259 3144 καὶ
3303 3089 3414 3143 τῶν
3451 3089 3554 3144 τοῦ
3601 3089 3742 3143 Θεοῦ

2141 3180 2519 3253 θεραπόντων,
2557 3181 2636 3244 ώς
2667 3179 2985 3251 γέγραπται
3010 3181 3107 3235 καὶ
3133 3181 3264 3252 περὶ
3291 3180 3388 3234 τοῦ
3418 3181 3740 3243 Μωῦσέωςο

2148 3291 2164 3322 l
2203 3271 2314 3324 Καὶ
2359 3269 2639 3341 ὀργισθεὶς
2688 3270 2850 3342 θυμῷ
2885 3271 3131 3340 Μωῦσῆς
3177 3271 3404 3342 ἔρριψεν
3460 3270 3580 3324 ἀπὸ
3631 3269 3744 3322 τῶν

2144 3359 2342 3430 χειρῶν
2367 3357 2536 3413 αὐτοῦ
2563 3358 2664 3423 τὰς
2683 3359 2778 3414 δύο
2807 3359 3048 3424 πλάκας,
3069 3361 3164 3414 καὶ
3195 3359 3530 3432 συνέτριψεν
3561 3361 3745 3422 αὐτὰς

2142 3455 2222 3516 είς
2261 3452 2323 3506 τὸ
2355 3452 2506 3523 ὅρος.
2547 3471 2566 3505 ι
2595 3450 2903 3522 Τοιγαροῦν
2944 3451 3310 3524 αἱρετώτερος
3357 3451 3605 3524 εὓρηται
3644 3453 3748 3505 καῖ

2143 3543 2581 3616 λυσιτελέστερος
2605 3543 2682 3606 ὡς
2712 3543 2922 3612 ἀγαθὸς
2944 3547 2974 3598 6
3007 3545 3308 3616 προσήκων
3343 3543 3524 3615 θυμὸς
3541 3545 3575 3596 6
3601 3546 3748 3598 κατά

2144 3637 2241 3705 τῆς
2290 3634 2560 3708 πονηρίας
2601 3634 2700 3689 καὶ
2749 3635 2860 3690 τῶν
2907 3635 3368 3708 πονηρευομένων
3417 3635 3746 3707 ἀνθρώπων

2146 3729 2286 3801 ὑπὲρ
2311 3729 2440 3792 τοὺς
2482 3729 2730 3798 γέλωτας
2757 3729 2866 3784 τῶν
2900 3729 3208 3798 γελώντων,
3239 3729 3410 3798 ἡγουν
3449 3729 3601 3800 ὕπὶρ
3645 3729 3748 3799 τὴν

2147 3823 2346 3895 ἀνοχὴν
2393 3823 2492 3876 καὶ
2534 3821 2968 3894 παρασιώπησιν
2998 3822 3094 3877 καὶ
3135 3821 3234 3892 τὴν
3284 3822 3361 3894 μὴ
3407 3823 3752 3892 πρέπουσαν

2073 3976 2080 3985 ,
2149 3915 2558 3986 μακροθυμίαν.

2219 4009 2286 4062 Τί
2318 4007 2553 4079 δήποτες
2587 4025 2606 4060 ι
2640 4007 2784 4073 Ὅτι,
2811 4024 2830 4058 ι
2860 4005 3030 4079 φησὶ,
3067 4025 3086 4059 ι
3112 4003 3220 4080 [ὲν]
3242 4006 3410 4080 κακίᾳ
3434 4007 3750 4080 προσώπου

470 4111 562 4156 tus
609 4101 700 4156 fiet
751 4103 955 4156 bonum
997 4115 1116 4156 cor.
1156 4119 1177 4152 ι
1230 4099 1492 4153 Severum
1540 4097 1750 4154 scilicet
1795 4097 2040 4151 obtutum

2151 4097 2592 4172 ἀγαθυνθήσεται
2639 4097 2860 4169 καρδία.
2893 4117 2914 4150 ι
2980 4095 3095 4168 Τὴν
3143 4097 3254 4170 γάρ
3304 4099 3602 4170 αὐστηρὰν
3653 4100 3754 4154 καὶ

470 4199 527 4245 et
555 4190 1006 4245 truculentiorem
1033 4199 1315 4259 aspectum
1343 4187 1633 4258 appellavit
1658 4185 1877 4240 malum.
1908 4184 2046 4240 Nam

471 4292 528 4337 et
558 4283 649 4352 qui
684 4284 738 4336 in
780 4281 908 4336 ludo
947 4281 1187 4344 discunt,
1233 4281 1280 4336 si
1317 4294 1532 4349 semper
1565 4277 1837 4348 placidum
1885 4277 2048 4347 magi-

473 4382 716 4430 strorum
751 4374 962 4429 vultum
1003 4374 1296 4442 aspiciant,
1343 4373 1398 4426 in
1443 4370 1728 4442 praeceptis
1765 4369 2052 4424 addiscen-

473 4467 559 4522 dis
580 4465 944 4536 negligentius
985 4479 1044 4518 se
1071 4473 1288 4535 gerunt,
1332 4477 1433 4518 nec
1465 4461 1532 4516 de
1561 4475 1730 4530 penso
1767 4476 1868 4516 suo
1895 4459 2054 4530 quid-

474 4573 641 4628 quam
688 4572 754 4613 ac
799 4555 1091 4628 prmeipuis
1137 4552 1632 4610 exercitationibus
1676 4552 1947 4607 laborant.
1981 4553 2054 4606 At

391 4663 396 4668 '
473 4667 600 4707 cum
633 4651 985 4706 acerbitatem
1018 4648 1443 4718 torvitatemque
1483 4647 1670 4702 vultus
1721 4644 1902 4700 intuiti
1933 4643 2052 4698 fue-

476 4744 610 4809 rint,
637 4758 872 4798 excussa
905 4740 1123 4796 remissi
1153 4739 1323 4794 animi
1358 4753 1422 4793 ac
1451 4737 1772 4808 negligentis
1801 4735 2050 4808 segnitie,

475 4835 544 4889 ad
575 4851 639 4888 ea
681 4834 928 4890 studiose
958 4832 1270 4893 recolenda,
1304 4846 1427 4900 quae
1468 4830 1522 4885 in
1555 4830 1940 4899 magistrorum
1977 4827 2056 4882 in-

477 4925 858 4982 stitutionibus
901 4925 1186 4996 proposita
1229 4923 1452 4987 habent,
1488 4923 1730 4978 alacrius
1771 4937 1832 4978 se
1861 4914 2054 4978 confe-

478 5027 644 5083 runt;
687 5017 910 5087 jamque
944 5016 1132 5071 animo
1160 5031 1190 5070 a
1227 5016 1501 5086 perversis
1546 5015 1742 5070 studiis
1778 5027 2050 5080 revocato,

479 5109 678 5163 bonam
735 5107 862 5162 vita:
903 5109 1172 5160 rationem
1223 5105 1541 5176 praeferunt,
1591 5113 1646 5159 et
1693 5121 1874 5160 mores
1921 5122 2054 5163 suos

475 5201 772 5258 emendare
811 5199 1062 5254 nituntur
1087 5199 1223 5269 (δῖ).
1267 5195 1381 5252 Hoc
1427 5197 1590 5267 igitur
1626 5205 1730 5261 est,
1775 5199 1918 5267 quod
1956 5199 2054 5254 Ec-

549 5318 596 5348 “
637 5314 809 5371 Exod.
855 5329 932 5378 ιν,
966 5313 1052 5369 Η.

554 5430 692 5501 (56‘)
730 5428 964 5484 Zachar.
1013 5443 1066 5492 ι,
1101 5425 1332 5501 15._Sed
1376 5425 1539 5501 apud
1565 5423 1704 5501 LXX
1730 5427 1900 5501 _legcs
1923 5441 1939 5476 :

482 5493 638 5554 αὐτοὶ
675 5493 738 5554 δὲ
769 5501 1130 5554 συνεπέθεντο
1163 5499 1241 5563 εἰς
1291 5493 1456 5551 κακά.
1497 5493 1608 5551 Nec
1657 5493 1856 5550 habent
1917 5499 2050 5568 αὐτῇ

486 5570 876 5712 Μιίὲὶᾷίῗῦἒυοὶδ
893 5641 1008 5700 haec
1030 5640 1219 5700 eadem
1241 5636 2054 5711 expresseratOlympiodorus:

1129 5311 1176 5344 “
1219 5311 1394 5368 Exod.
1433 5325 1610 5376 xxx",
1650 5310 1736 5366 l9.

2151 4192 2565 4266 βλοσυρωτέραν
2607 4191 2712 4262 τῆς
2759 4189 2939 4260 ὅψεως
2981 4189 3304 4259 ἐπιφάνειαν
3343 4191 3578 4246 κακίαν
3612 4192 3754 4246 ὠνό-

2152 4303 2315 4358 μασε.
2331 4283 2452 4340 Τῶν
2476 4285 2586 4356 γάρ
2612 4282 2956 4338 διδασκάλων
2978 4283 3030 4336 οι
3059 4281 3504 4354 μαθητευόμενοι
3525 4283 3640 4354 τὴν
3661 4285 3755 4338 εὖ.

2153 4377 2375 4448 μένειαν
2417 4375 2508 4428 ἀεὶ
2548 4373 2896 4443 καθορῶντες
2917 4412 2933 4438 ,
2975 4372 3594 4444 καταφρονητικύτερον
3629 4375 3750 4428 διας

2149 4469 2388 4523 τίθενται
2431 4467 2567 4538 πρὸς
2605 4466 2706 4529 τὰς
2742 4464 3040 4535 ἀναλήψεις
3071 4464 3186 4519 τῶν
3232 4464 3612 4536 μαθημάτων,
3653 4465 3750 4520 καὶ

2148 4560 2258 4612 τῶν
2285 4557 2576 4629 βελτίστων
2605 4556 2901 4627 διατριϐῶν
2942 4556 3041 4610 καὶ
3068 4554 3325 4626 πράξεσιν
3359 4557 3464 4620 τὰς
3494 4557 3748 4628 αἱρέσεις

2151 4649 2248 4704 καὶ
2295 4647 2600 4712 διαθέσεις“
2658 4648 2789 4702 ὅταν
2833 4646 2892 4700 δὲ
2937 4647 3172 4717 πικρίαν
3221 4647 3316 4702 καὶ
3363 4647 3749 4720 βλοσυρὰτητα

2155 4739 2447 4814 προσώπου
2484 4740 2812 4804 θεάσωνται,
2852 4739 2954 4810 τῆς
2981 4741 3390 4813 διακεχυμένης
3433 4743 3538 4796 καὶ
3576 4759 3746 4813 προσ-

2152 4833 2507 4905 ημελημένης
2554 4830 2960 4902 ὴλευθέρωνται
3009 4831 3239 4902 γνώμης
3279 4833 3378 4886 καὶ
3413 4833 3742 4896 διαθέσεως,

2153 4925 2251 4979 καὶ
2278 4924 2417 4993 πρὸς
2446 4921 2768 4993 ἐπιμέλειαν
2799 4921 2894 4974 καὶ
2927 4922 3168 4992 σπουδὴν
3203 4923 3307 4994 τὴν
3338 4921 3437 4975 ἐπὶ
3461 4925 3581 4987 tot;
3605 4938 3744 4993 προσ

2153 5017 2432 5088 κειμένοις
2471 5018 2594 5078 ταῖς
2638 5015 2961 5085 είσηγήσεσι
3005 5014 3116 5067 τῶν
3152 5012 3526 5086 προεστώτων
3590 5013 3735 5068 διαν-

2156 5109 2402 5162 ίστανται
2437 5106 2872 5178 προθυμότερον,
2903 5105 3000 5160 καὶ
3025 5106 3136 5160 τῶν
3158 5107 3420 5176 πονηρῶν
3447 5106 3740 5176 ἐπιτηδευ-

2157 5200 2344 5270 μάτων
2390 5198 2875 5268 άπαλλατόμενοι.,
2926 5197 3029 5268 τὴν
3078 5197 3292 5269 ἀγαθὴν
3347 5196 3738 5268 ἀνθαιροῦνται

2172 5427 2261 5480 Ἐν
2295 5427 2404 5497 γὰρ
2435 5427 2500 5496 τῇ
2542 5424 2638 5478 τοῦ
2679 5425 2974 5497 προσώπου
3004 5424 3298 5497 αὐπηρέᾳ,
3331 5426 3400 5497 ἦν
3428 5425 3494 5497 δὴ
3527 5423 3732 5497 κακίαν

2163 5495 2318 5567 φησι,
2349 5495 2512 5559 αὑτός
2542 5513 2598 5548 τε
2641 5495 3102 5567 ἀγαθυνθήσεται,
3121 5496 3232 5567 -καὶ
3252 5495 3398 5558 τοῦς
3445 5495 3553 5549 ὑπὸ
3581 5497 3728 5563 χεῖρα

2161 5564 2395 5634 ἀγαθοὺς
2428 5567 2824 5636 ἀπεργάσεται.
2859 5564 2912 5618 Id
2936 5575 3020 5636 est
3051 5582 3062 5617 :
3105 5565 3210 5630 Qui
3234 5576 3445 5632 pra'cst.
3479 5569 3592 5620 sive
3614 5579 3728 5617 ma-

2165 5639 2330 5709 gister
2364 5637 2477 5694 sive
2508 5635 2786 5705 dominus,
2823 5635 3096 5692 severitate
3133 5637 3326 5704 t-ulrus,
3371 5652 3529 5706 quam
3558 5647 3730 5702 nempe
3771 5703 3780 5710 .
