3958 6208
272 329 382 392 993

1354 325 1436 388 IN
1465 323 2040 388 ECCI.ESIASTEN.
2081 351 2147 361 -
2177 323 2328 384 LIB.
2361 319 2464 384 VI.

3417 311 3527 384 99$

273 437 577 504 πολιτείαν,
615 437 712 492 καὶ
736 438 834 508 τὴν
873 437 1172 493 σπουδαίαν
1207 437 1541 509 κατορθοῦσι
1575 436 1854 492 κατάστα-

1966 437 2244 494 clesiastes
2285 436 2415 490 ait:
2453 433 2593 500 Quia
2647 432 2703 485 in
2759 430 2902 486 malo
2955 428 3134 486 uultus
3199 429 3287 500 ﬁet
3342 429 3535 485 bonum
3577 447 3582 453 ”

271 547 378 584 σιν.
410 529 584 584 Τοῦτο
605 526 702 584 οὖν
733 532 881 585 ἑστιν
911 531 940 584 ὅ
971 547 1164 600 φησιν,
1201 547 1220 580 ι
1259 530 1384 584 Ὀτι
1416 531 1474 584 ἑν
1499 530 1668 600 κακίᾳ
1690 545 1859 600 προσ-

269 621 422 674 ώπου
463 621 908 692 ἀγαθυνθήσεται
953 623 1170 692 καρδία.
1211 640 1231 675 ι
1265 623 1346 693 Τῇ
1375 622 1488 694 γὰρ
1515 621 1718 694 πικρίᾳ
1753 620 1860 692 τῆς

270 711 401 774 θέας
433 711 529 765 καὶ
556 714 624 784 τῇ
673 711 1032 786 βλοσυρότητι
1076 713 1172 767 τοῦ
1218 710 1519 784 προσώπου
1585 711 1787 784 μᾶλλον
1824 712 1860 784 ἡ

272 801 470 872 καρδία
488 802 598 855 τῶν
620 803 943 872 ἀρχομένων
964 803 1434 874 αίαθητικώτερον
1465 803 1564 858 καὶ
1587 803 1863 874 νηφαλιώο

275 911 436 964 τερον
480 883 946 965 ἀναλαμϐάνουσα
990 894 1276 965 λογισμὸν,
1326 894 1430 966 τῆς
1478 896 1600 948 κατ’
1656 895 1859 966 ἀρετὴν

273 986 634 1056 ἀγαθωσύνης
679 985 889 1054 γίνεται⁹
937 985 1154 1058 πλήρης
1177 1002 1192 1016 ο
1227 988 1325 1040 καὶ
1354 987 1558 1058 μᾶλλον
1587 987 1857 1041 ἀπόναται

280 1097 300 1128 σ
329 1078 432 1148 τῆς
464 1077 557 1131 τοῦ
587 1075 886 1149 προσώπου
917 1079 1152 1142 κακίας,
1193 1096 1213 1130 ι
1243 1079 1278 1151 ἢ
1305 1079 1405 1150 τῆς
1435 1079 1724 1150 εὐμενείας
1765 1078 1860 1132 καὶ

271 1170 370 1239 τῆς
398 1168 844 1240 προσηνεστέρας
877 1168 1027 1232 θέας.
1069 1169 1292 1240 Ἀμέλει
1321 1171 1504 1224 τοίνυν
1527 1173 1642 1234 τοῖς
1672 1169 1860 1233 αὐτοῖς

271 1259 671 1333 ἑμφιλοχωρῶν
699 1261 729 1312 ὁ
761 1258 924 1328 σοφὸς
965 1258 1402 1333 Ἐκκλησιαστὴς
1427 1262 1680 1332 ἐπήγαγε
1699 1277 1716 1294 ο

1955 544 2081 594 cor;
2120 535 2376 598 aspectus
2409 527 2556 582 enim
2595 521 2893 580 acerbitate
2945 539 3012 578 ac
3068 522 3323 578 torvitate
3349 522 3537 579 vultus

1955 619 2130 674 multo
2202 616 2386 672 acrius
2463 613 2775 686 percellitur
2857 611 3204 668 subditorum
3277 612 3539 672 animus.

1957 710 2257 780 sobriaque
2325 707 2660 777 cogitatione
2725 711 2981 775 suscepta
3010 745 3025 768 ,
3092 704 3312 762 virtutis
3369 703 3543 774 adipi-

1958 801 2176 857 scendae
2238 799 2514 854 desiderio
2567 807 2622 852 et
2675 796 2860 852 studio
2928 797 3230 866 completur
3281 815 3296 850 :
3353 796 3540 868 itaque

1958 893 2134 947 multo
2165 890 2432 960 majorem
2461 889 2607 960 capit
2641 888 2932 944 utilitatem
2969 906 2989 940 ι
3017 904 3084 942 ex
3115 889 3263 942 malo
3285 889 3530 954 vultus,»

1957 995 2126 1056 quam
2168 997 2237 1038 ex
2283 980 2620 1051 benignitate
2665 988 2720 1034 et
2763 980 2906 1036 comi
2951 979 3184 1034 nimium
3233 979 3537 1050 blandoque

1959 1084 2180 1146 aspectu
2221 1074 2358 1146 (58).
2414 1071 2540 1128 [hec
2586 1072 2754 1142 igitur
2805 1073 2924 1142 ipsa
2967 1080 3277 1128 retractans
3319 1071 3540 1142 sapiens

1959 1167 2346 1234 Ecclesiastes,
2379 1166 2570 1236 utique
2599 1164 2837 1235 subjecit
2866 1181 2882 1219 :

1816 1366 1985 1442 §vn.

342 1465 566 1535 Κτιρδία
605 1466 818 1538 σοφῶν
852 1469 922 1522 ἐν
973 1469 1121 1535 οἴκῳ
1182 1467 1446 1534 πένθους
1473 1483 1487 1498 '
1517 1465 1736 1537 καρδία
1781 1462 1852 1518 δὲ

273 1559 552 1628 ἀφρόνων
572 1561 642 1615 ἐν
670 1560 818 1624 οἴκῳ
853 1563 1264 1631 εὐφροσύνης.

356 1649 574 1714 ’Ᾱπλῶς
639 1651 1066 1722 ἀποφηνάμενος
1119 1649 1326 1719 ἀγαθὸν
1380 1647 1476 1704 τοῦ
1513 1649 1850 1721 προσφοιτᾷν

2027 1454 2195 1512 Vens.
2226 1454 2280 1509 5.
2321 1453 2483 1526 169
2543 1452 2651 1508 Cor
2693 1452 2990 1524 sapientum
3030 1453 3086 1508 in
3122 1453 3279 1509 domo
3319 1455 3532 1520 luctus,-

1955 1563 2047 1603 εον
2085 1547 2447 1614 insipientium
2488 1545 2544 1598 in
2573 1545 2980 1601 domolwtitiw.

2027 1639 2160 1694 Item
2193 1639 2390 1694 bonam
2423 1637 2748 1707 simpliciter
2777 1637 2913 1692 dixit
2941 1638 3214 1708 superius,
3243 1638 3323 1694 ire
3351 1639 3534 1710 potius

275 1741 355 1804 είς
371 1737 517 1794 οἶκον
535 1741 790 1806 πένθους,
823 1741 857 1814 ἦ
887 1743 970 1805 είς
993 1737 1145 1796 οἷκον
1175 1743 1362 1808 πότου,
1379 1741 1470 1796 διὰ
1493 1741 1556 1795 τὸ
1593 1740 1850 1813 διάφορον

1966 1732 2010 1786 in
2025 1730 2248 1785 domum
2269 1729 2473 1791 luctus,
2495 1741 2659 1797 quam
2679 1727 2732 1781 in
2750 1726 2971 1782 domum
2993 1726 3250 1793 convivii,
3270 1727 3340 1782 ob
3355 1726 3536 1796 ipsqu

277 1801 556 1906 ἑκατέρων
584 1835 696 1887 τῶν
716 1801 887 1889 olitth
909 1875 926 1902 ,
951 1801 1058 1889 ⁷νῦν
1091 1801 1441 1907 προστίθησι,
1483 1836 1578 1886 καὶ
1607 1801 1854 1886 διεσταλ-

1966 1833 2149 1890 nempc
2167 1819 2366 1874 domus
2393 1818 2684 1888 uniusque
2709 1815 3025 1872 discrimen.
3051 1817 3232 1888 Pergit
3286 1833 3454 1882 nunc,
3481 1829 3538 1872 et

282 1927 459 1996 μένως
487 1925 741 1996 ὀνομάζει
788 1927 988 1994 σοφοὺς
1033 1927 1161 1988 τοὺς
1206 1925 1433 1995 ἔχοντας
1475 1923 1576 1995 τὴν
1620 1923 1852 1994 καρδίαν

279 2017 372 2070 ἐπὶ
396 2017 486 2068 τὸν
514 2013 663 2070 οἷκον
683 2015 778 2070 τοῦ
802 2017 1058 2084 πένθους,
1091 2017 1333 2088 ἄφρονας
1357 2016 1414 2069 δὲ
1438 2016 1567 2080 τοὺς
1587 2013 1685 2086 τὴν
1713 2031 1853 2086 καρ-

275 2107 392 2160 δίαν
423 2109 646 2179 ἔχοντας
674 2108 916 2179 ἔμπαλιν
943 2110 1024 2173 είς
1052 2109 1146 2161 τὸν
1179 2104 1327 2162 οἶκον
1343 2108 1444 2179 τῆς
1469 2105 1812 2182 εὐφροσύνης
1836 2123 1850 2139 ⁸

273 2201 517 2264 ἐκείνους
541 2200 630 2254 διὰ
659 2201 754 2254 τοῦ
795 2200 1026 2254 καλέσαι
1059 2202 1262 2268 σοφοὺς
1289 2199 1722 2270 κατασεμνύνων
1757 2197 1852 2252 καὶ

272 2289 370 2360 τῆς
407 2290 674 2344 ἀνωτάτω
705 2290 981 2356 καταξιῶν
1017 2291 1297 2362 εὐφημίας
1323 2308 1336 2322 ο
1362 2293 1390 2344 ό
1418 2291 1527 2362 γὰρ
1569 2290 1736 2358 σοφὸς
1762 2290 1853 2344 ἄν·

275 2380 494 2452 θρωπος
545 2383 888 2454 πανταχόθεν
924 2383 1249 2456 ἐπιφέρεται
1299 2383 1360 2436 τὸ
1405 2381 1722 2436 ἐπαινετόν·
1756 2381 1854 2450 έμ-

274 2473 440 2530 παλιν
467 2475 525 2530 δὲ
559 2476 786 2540 τούτους
815 2475 1239 2549 κατακωμῳδῶν
1269 2475 1360 2531 διὰ
1404 2476 1504 2546 τῆς
1558 2473 1852 2546 ὀνομασίας

273 2567 368 2621 τοῦ
394 2569 628 2638 ἄφρονος
651 2585 668 2602 ο
701 2569 730 2623 ὁ
758 2568 870 2640 γὰρ
894 2567 1089 2641 ἄφρων
1113 2568 1587 2639 κατεγνωσμένως
1629 2567 1726 2621 καὶ
1763 2567 1854 2637 ψε-

275 2657 420 2724 κτῶς
445 2659 624 2714 πάντα
647 2660 944 2716 διανοεῖται
971 2659 1068 2714 καὶ
1099 2660 1251 2728 λέγει
1283 2661 1378 2715 καὶ
1411 2661 1536 2732 δρᾷ,
1569 2659 1706 2730 πρὸς
1742 2677 1851 2730 μη-

274 2751 366 2806 δὲν
387 2751 668 2815 λυσιτελὲς
699 2753 1122 2823 ἀποτεινόμενος
1153 2751 1352 2824 πέρας.

345 2843 558 2916 Οὐκοῦν
609 2845 718 2916 ἄρα
773 2845 873 2916 τὴν
907 2843 1276 2916 εὐαγγελικην
1322 2841 1598 2897 πολιτείαν
1625 2841 1851 2912 προδια-

275 2933 482 3004 γράφει
509 2933 604 2989 καὶ
623 2933 1025 3007 χαρακτηρίζει
1053 2933 1242 3004 σαφῶς
1262 2933 1350 2988 διὰ
1389 2933 1496 2987 τῶν
1521 2933 1848 3004 εἰρημένων.

287 3027 379 3090 Ὠς
407 3026 516 3100 γὰρ
544 3027 604 3080 τὸ
627 3027 728 3096 τῆς
765 3025 1042 3099 σωτηρίας
1075 3025 1234 3098 ήμῶν
1267 3025 1601 3096 Εὐαγγέλιον
1627 3027 1851 3080 ἐπαινε-

275 3125 404 3184 τοὺς
433 3122 651 3192 ἡγεῖται
679 3120 774 3175 καὶ
807 3119 1118 3192 μακαρίους
1166 3119 1295 3182 τοὺς
1332 3117 1672 3182 πενθοῦντας
1701 3118 1850 3186 παρά

1955 1911 2214 1967 distincte
2255 1909 2534 1980 sapientes
2584 1907 2858 1978 appellat,
2901 1907 2994 1976 qui
3046 1905 3100 1962 in
3151 1907 3316 1963 domo
3357 1908 3538 1964 luctus

1958 2003 2144 2058 animo
2163 2010 2477 2065 versantur,
2499 2001 2820 2070 insipientes
2844 2013 2876 2054 e
2901 1999 3205 2063 contrario,
3233 1999 3329 2070 qui
3357 2001 3544 2056 anim»

1959 2102 2252 2150 versantur
2283 2095 2338 2148 in
2367 2093 2534 2148 domo
2561 2091 2778 2148 laetitiae.
2803 2091 2983 2160 Atque
3013 2091 3136 2146 illus
3161 2093 3378 2162 quidem
3408 2092 3541 2148 dum

1959 2186 2236 2254 sapientes
2271 2195 2461 2250 vocat,
2493 2185 2730 2240 honorat
2761 2183 3030 2244 maxime,
3067 2197 3132 2237 ac
3162 2183 3396 2238 summis
3431 2184 3543 2238 lau-

1959 2277 2120 2334 dibus
2164 2277 2362 2347 dignos
2389 2275 2652 2330 declarat.
2695 2272 2790 2328 Vir
2826 2273 2974 2328 enim
3013 2273 3232 2344 sapiens
3258 2275 3382 2346 jure
3409 2290 3540 2346 quu-

1959 2368 2084 2423 dam
2119 2382 2222 2423 suo
2254 2383 2420 2422 omne
2454 2368 2556 2421 sibi
2594 2365 2925 2436 praeconium
2959 2365 3216 2421 vindicat.
3258 2365 3371 2422 Hos
3413 2381 3544 2422 vero

1959 2461 2320 2532 appellatione
2364 2458 2674 2530 insipientis
2703 2473 2758 2528 .e
2800 2457 3080 2512 contrario
3130 2459 3290 2528 plane
3356 2458 3542 2528 depri-

1960 2555 2102 2608 mit:
2149 2568 2276 2608 nam
2310 2553 2580 2623 insipiens
2615 2551 2670 2606 in
2699 2551 2767 2606 iis
2793 2551 3072 2616 omnibus,
3112 2567 3234 2620 qua:
3259 2553 3461 2622 cogitat
3488 2561 3543 2607 et

1957 2634 2204 2714 loquitur
2224 2652 2281 2698 et
2311 2642 2459 2704 facit,
2479 2657 2606 2696 cum
2630 2641 2697 2696 ad
2726 2641 2936 2696 nullum
2967 2641 3216 2696 utilitatis
3247 2646 3538 2698 terminum

1959 2733 2182 2799 tendat,
2217 2733 2676 2804 vituperationem
2709 2731 2861 2788 subit
2887 2746 2952 2786 ac
2983 2741 3196 2787 notam.

2031 2826 2230 2896 Aperte
2251 2825 2417 2898 igitur
2439 2840 2535 2896 per
2565 2825 2679 2880 haec
2701 2824 2867 2879 verba
2897 2823 3266 2894 evangelicam
3290 2824 3416 2880 vitat
3449 2841 3543 2880 ra-

1959 2919 2159 2973 tionem
2208 2926 2362 2972 tanto
2397 2925 2524 2971 aute
2569 2915 2830 2971 describit
2870 2923 3034 2986 atque
3088 2916 3356 2987 designat.
3402 2916 3538 2972 Nam

1957 3009 2117 3066 sicuti
2147 3009 2344 3064 salutis
2373 3017 2576 3063 nostra:
2600 3005 2954 3078 Evangelium
2996 3007 3296 3063 laudabiles
3323 3007 3544 3064 beatos-

1957 3117 2065 3172 que
2101 3101 2250 3156 ducit
2277 3143 2291 3166 ,
2329 3101 2423 3170 qui
2455 3103 2621 3154 vitam
2655 3114 2812 3154 suam
2854 3098 2908 3152 in
2938 3099 3086 3153 luctu
3119 3108 3285 3154 totam
3321 3109 3376 3155 et
3412 3100 3540 3156 ﬂetu

275 3187 465 3266 πάντα
484 3187 575 3265 τὸν
609 3187 820 3264 ἑαυτῶν
871 3187 988 3280 βίον
1037 3211 1134 3264 καὶ
1167 3210 1730 3281 κατολοφυρομένους,
1761 3207 1857 3262 καὶ

1966 3193 2230 3264 exigunt,
2287 3193 2543 3262 viamque
2601 3189 2985 3261 ingrediuntur
3037 3200 3326 3261 angustam
3377 3201 3542 3262 atque

273 3302 377 3374 τὴν
415 3300 606 3372 στενὴν
653 3303 750 3356 καὶ
814 3301 1188 3374 τεθλιμμένην
1241 3302 1650 3376 πορευομένους
1701 3301 1857 3355 ὁδόν·

278 3393 516 3462 ἔμπαλιν
547 3393 606 3446 δὲ
635 3391 760 3456 τοὺς
781 3393 1322 3457 κατασπαταλῶντας
1357 3394 1453 3446 καὶ
1479 3392 1579 3463 τὴν
1609 3391 1858 3463 εὐρύχωο

285 3501 379 3554 ρον
410 3483 501 3536 καὶ
529 3483 790 3538 πλατεῖαν
821 3485 1014 3556 τρίϐον
1038 3485 1347 3550 ὁδεύοντας,
1380 3486 1474 3538 καὶ¹
1519 3484 1657 3556 πρὸς
1689 3485 1860 3557 μόνην

282 3575 383 3646 τὴν
425 3574 702 3648 παροῦσαν
749 3576 898 3647 ζωὴν
943 3577 1270 3647 κεχηνότας,
1299 3575 1521 3640 ἀθλίους
1549 3591 1564 3606 ·
1594 3577 1740 3632 οὕτω
1765 3578 1860 3631 καὶ

283 3667 463 3737 πολλῷ
489 3667 682 3740 πρώην
715 3669 744 3722 ό
781 3667 949 3736 σοφὸς
993 3650 1427 3739 Ἐκκλησίαστὴς
1457 3667 1599 3722 κατὰ
1626 3668 1696 3722 τὰ
1719 3668 1861 3722 αὐτὰ

280 3761 374 3813 καὶ
412 3759 676 3823 ὡσαύτως
705 3759 832 3823 τοὺς
852 3758 1078 3830 ἔχοντας
1104 3757 1202 3830 τὴν
1233 3759 1468 3830 καρδίαν
1493 3759 1576 3824 είς
1595 3758 1860 3822 πενθικάς

278 3851 564 3922 διατριϐὰς
621 3849 1024 3920 κατασεμνύνει
1077 3849 1173 3902 καὶ
1225 3851 1428 3920 σοφοὺς
1462 3848 1744 3920 ὀνομάζει,
1772 3847 1862 3901 διὰ

277 3947 341 4000 τὸ
373 3946 473 4018 τῆς
501 3944 853 4016 ἀνθρωπίνης
885 3942 1178 4016 εὐετηρίας
1209 3945 1592 4016 καταφρονεῖν,
1627 3942 1721 3996 καὶ
1752 3940 1862 3994 τῶν

279 4035 565 4107 σαρκικῶν
595 4033 798 4105 ἡδονῶν
831 4033 929 4088 καὶ
960 4033 1062 4104 τῆς
1101 4033 1510 4104 ἀπολαυστικῆς
1543 4033 1688 4100 ζωῆς
1723 4033 1862 4086 ἀνω-

277 4127 476 4199 τὲρους
518 4124 875 4198 εὑρίσκεσθαι
937 4126 1030 4180 καὶ
1059 4125 1332 4199 βελτίους’
1363 4125 1493 4190 τοὺς
1524 4123 1707 4196 δὲτὴν
1729 4141 1863 4194 καρ-

275 4218 398 4272 δίαν
429 4217 652 4290 ἔχοντας
687 4220 770 4282 είς
795 4220 927 4282 τοὺς
963 4219 1154 4283 οἴκους
1171 4218 1271 4289 τῆς
1299 4216 1664 4290 εὐφροσύνης,
1691 4231 1862 4270 καταο

277 4309 537 4380 γνώσεως
590 4312 688 4365 καὶ
745 4310 1006 4382 μέμψεως
1055 4311 1425 4380 ἀποφαίνεται
1479 4311 1711 4382 πλήρεις
1739 4351 1754 4368 .
1787 4309 1862 4374 ῶς

272 4401 532 4474 ἀφρόνως
565 4402 1044 4472 πολιτευομένους,
1071 4403 1166 4456 καὶ
1212 4403 1370 4473 δίκην
1416 4402 1629 4471 ἀλόγων
1667 4419 1861 4473 κορεν-

273 4491 544 4563 νυμένους
573 4493 683 4546 τῶν
729 4492 1010 4564 σαρκικῶν
1050 4493 1145 4546 καὶ
1173 4493 1481 4565 βδελυκτῶν
1507 4493 1732 4563 ἡδονῶν,
1765 4494 1860 4544 καὶ

272 4585 379 4655 τῆς
403 4583 755 4657 ἀνθρωπίνης
780 4586 812 4657 ἡ
821 4585 886 4656 μέ
896 4603 996 4656 ρας
1014 4585 1152 4650 ὅλως
1168 4585 1612 4658 εὑρισκομένους,
1639 4587 1733 4640 καλ⁸
1752 4604 1860 4657 μη-

274 4676 474 4749 δεμίαν
527 4677 753 4748 ἔχοντας
813 4677 1070 4748 φροντίδα
1108 4677 1211 4747 τῆς
1247 4675 1552 4748 μελλούσης
1591 4674 1738 4746 ζωῆς
1766 4677 1860 4730 καὶ

274 4761 383 4837 τῆς
426 4763 805 4838 ἁγιοπρεποῦς
847 4761 1274 4829 καταστάσεως,
1317 4764 1412 4818 καὶ
1453 4765 1562 4816 τῶν
1610 4767 1669 4817 ἑν
1700 4766 1864 4834 ἑπαγ-

274 4857 492 4927 γελίαις
517 4857 901 4927 ἀποκειμένων
950 4856 1224 4927 οὐρανίων
1267 4853 1492 4924 ἀγαθῶν
1534 4857 1648 4918 τοῖς
1668 4855 1859 4920 ἀξίοις.

275 4946 467 5005 ταῦτα
511 4948 570 5002 δὲ
613 4947 716 5018 τῆς
768 4945 1136 5017 εὐαγγελικῆς
1200 4944 1484 5018 ὁσιότητος
1531 4945 1685 5000 οὐδὲν
1731 4947 1865 5000 ἁπο-

1961 3299 2330 3340 azrutnnosam
2367 3323 2382 3346 ,
2418 3293 2608 3338 contra
2635 3296 2768 3338 vero
2795 3280 3004 3337 deliciis
3037 3280 3317 3338 aﬂluentes
3338 3291 3393 3338 et
3416 3299 3541 3354 spa-

1961 3377 2100 3431 tiosa
2132 3376 2350 3445 lataque
2373 3375 2460 3430 via
2493 3389 2837 3447 progressos,
2869 3373 2962 3444 qui
2998 3373 3133 3428 nihil
3159 3373 3340 3442 aliud,
3372 3392 3539 3446 quam

1960 3469 2104 3524 hanc
2138 3468 2304 3523 vitam
2343 3476 2627 3539 spectant,
2671 3467 2905 3524 miseros
2934 3467 3170 3536 appellat
3199 3485 3214 3523 :
3259 3469 3334 3522 ita
3368 3477 3422 3524 et
3455 3486 3542 3524 sa-

1959 3561 2113 3632 piens
2147 3559 2506 3616 Ecclesiastes
2535 3559 2706 3614 multo
2733 3557 2908 3628 prius,
2943 3559 3038 3628 qui
3079 3558 3349 3616 luctuosis
3378 3575 3542 3616 occa-

1961 3653 2275 3724 pationibus
2303 3655 2550 3706 animum
2584 3651 2894 3706 addixerint
2922 3651 3113 3706 eadem
3140 3651 3298 3722 plane
3328 3655 3541 3708 ratione

1963 3746 2230 3807 honorat,
2285 3752 2340 3798 et
2371 3743 2646 3812 sapientes
2686 3742 3039 3806 denominat,
3091 3743 3235 3812 quod
3287 3745 3545 3800 humanae

1963 3837 2086 3890 vitae
2117 3833 2328 3889 faustos
2363 3849 2656 3889 successus
2683 3842 3058 3901 contemnant,
3076 3844 3131 3888 et
3155 3841 3358 3904 majore
3377 3845 3544 3906 atque

1959 3927 2262 3984 excelsiore
2289 3927 2475 3980 animo
2505 3925 2644 3989 sint,
2685 3940 2851 3994 quam
2905 3933 2964 3980 ut
2991 3925 3332 3996 voluptatum
3364 3927 3547 3981 illecu-

1963 4020 2078 4078 bris
2109 4028 2164 4075 et
2197 4019 2322 4074 vitae
2347 4017 2654 4073 commodis
2685 4018 2974 4088 capiantur
3000 4058 3016 4080 ,
3050 4019 3144 4089 qui
3184 4034 3314 4074 vero
3347 4019 3549 4074 laetitia:

1961 4113 2156 4169 domos
2192 4111 2379 4168 animo
2417 4111 2703 4176 incolunt,
2732 4125 2829 4165 eos
2865 4110 3179 4182 ignominiaa
3217 4111 3409 4179 plenos
3451 4115 3549 4168 de-

1963 4207 2136 4264 clarat
2176 4214 2341 4275 atque
2387 4203 2700 4268 dedecoris,
2739 4204 2886 4273 quod
2920 4203 3029 4258 vita
3066 4203 3232 4260 stulte
3263 4205 3548 4268 instituta,

1962 4301 2218 4356 obscenis
2251 4297 2498 4370 corporis
2542 4297 2915 4368 voluptatibus
2945 4297 3217 4368 pecudum
3271 4297 3444 4352 instar
3482 4299 3548 4351 al

1963 4395 2265 4451 satietatem
2298 4391 2617 4462 indulgeant
2643 4435 2657 4458 ,
2701 4399 2984 4461 totamque
3015 4390 3271 4446 humana:
3297 4390 3420 4446 vitae
3449 4407 3548 4445 cu-

1968 4501 2081 4540 ram
2115 4486 2451 4555 impenderc,
2481 4483 2690 4539 nullam
2733 4481 2932 4538 futura:
2975 4485 3287 4551 videantur,
3325 4495 3550 4539 sanctu-

1967 4594 2088 4633 rum
2119 4577 2379 4632 felicitate
2400 4620 2414 4642 ,
2445 4587 2500 4632 et
2531 4592 2654 4647 qum
2689 4577 2871 4647 dignis
2895 4576 3164 4646 promissa
3198 4583 3358 4642 sunt,
3387 4577 3551 4630 cmic-

1959 4669 2139 4724 stibus
2164 4669 2324 4724 bonis
2363 4667 2648 4737 neglectis.
2671 4667 2804 4734 Qua:
2836 4681 2958 4720 cum
2990 4665 3127 4720 nihil
3155 4665 3224 4720 ab
3239 4667 3549 4736 evangelica

1957 4761 2246 4818 sanctitate
2267 4759 2630 4824 dissentiant,
2663 4759 2846 4814 simile
2873 4757 3035 4829 plane
3061 4767 3226 4830 atque
3249 4760 3391 4814 idem
3423 4760 3550 4816 vitae

1959 4853 2269 4909 institutum
2303 4853 2374 4908 ob
2415 4852 2604 4908 oculos
2647 4861 2860 4922 ponunt
2901 4850 3172 4921 nobisque
3202 4850 3550 4908 describunt.

1965 4945 2261 5016 Propterea
2293 4944 2484 5016 utique
2513 4942 2716 5014 adjecit
2738 4957 2962 4998 rursum
2995 4961 3010 4998 :

273 5044 475 5098 δέοντα
501 5044 594 5100 τὸν
623 5043 741 5097 ίσον
799 5042 1020 5098 καὶτὸν
1081 5041 1250 5099 αὑτὸν
1296 5041 1816 5112 προϐάλλονταικαὶ
1872 5041 2404 5115 καθυπογράφονται
2487 5038 2620 5110 βίον.
2687 5037 2908 5110 ’Ᾱμέλει
2981 5037 3164 5093 τοίνυν
3239 5034 3402 5102 αὖθις
3455 5041 3554 5088 ἐπα

275 5137 488 5205 ήγαγεν
505 5151 522 5168 ο

275 5259 480 5332 nmium
516 5259 794 5332 appellat,
814 5266 871 5332 _et
923 5259 1034 5332 ipse
1077 5256 1196 5332 plus
1224 5257 1597 5332 proﬁgi_e_t_,_et_
1627 5255 1866 5310 subditos

276 5331 522 5386 meliores
550 5325 736 5400 faciet.
777 5325 1234 5400 (Ιῃ-Ᾰιιεζζυυςζ
1266 5325 1329 5400 ι),
1363 5327 1473 5400 645
1494 5325 1566 5400 Ιῆε
1585 5327 1605 5396 )

350 5400 464 5472 (58)
505 5396 675 5456 Aliter
705 5396 1084 5472 haecljilusin
1119 5397 1378 5466 epistulio
1411 5399 1478 5452 ad
1506 5396 1861 5472 dimilianum

277 5465 645 5541 protectorem
699 5469 792 5542 (ιι.
824 5465 1450 5542 ὕίῌηιοιῖργειοιιιε,
1509 5468 1576 5542 de
1625 5465 1864 5542 utilitate

279 5535 424 5597 dicta
452 5535 810 5602 existimavit,
845 5555 970 5608 quae
993 5538 1047 5592 in
1077 5535 1412 5608 cumipsum
1445 5537 1732 5608 redundat,
1764 5535 1860 5604 qui

275 5611 406 5698 sibi.
428 5619 739 5698 δευςεηξει-
784 5605 1058 5698 μὶίηεηῑιῑι
1091 5627 1106 5662 =
1145 5625 1161 5657 α
1197 5605 1288 5660 Ἐν
1323 5608 1493 5698 xeris
1528 5605 1858 5698 πεοξώτξλυι

277 5681 416 5752 φησὶ
455 5679 732 5750 Σολομὼν,
774 5678 1218 5747 ἀγαθυνθήσεται
1247 5675 1494 5802 καεδίαό
1533 5697 1552 5728 ι
1580 5675 1692 5731 ’ἐὰν
1743 5675 1858 5747 γὰρ

278 5750 624 5822 ὀργισθῶμεν
666 5753 761 5805 καὶ
810 5748 1208 5822 πικρανθῶμεν
1250 5766 1321 5802 κα
1360 5749 1372 5767 ’
1421 5747 1631 5802 ἑαυτῶν
1679 5762 1862 5801 κινου-

427 5907 456 5931 ο

2013 5251 2148 5304 ἐνων
2173 5245 2315 5319 πρὸς
2336 5245 2436 5319 τὴν
2458 5245 2664 5319 ἀτοπον
2706 5245 2930 5319 πρᾶξιν,
2967 5243 3186 5319 πάντως
3212 5243 3294 5319 ὅτι
3305 5241 3551 5319 ἀγαθυνο

1998 5311 2258 5406 idem?!
2289 5311 2438 5406 φυίὴ
2473 5311 2988 5406 ῄῇιὲξητεεὲῖοξιὲνη
3025 5315 3139 5406 κεῖ
3161 5311 3553 5406 imitati?

1961 5381 2042 5464 τῷ
2083 5381 2274 5464 κάλλει
2307 5381 2438 5440 τῶν
2465 5381 2698 5464 ἀρετῶν.
2742 5381 2803 5440 Ἰιι
2847 5381 2931 5440 est
2961 5403 2974 5438 :
3015 5403 3034 5436 ι
3073 5382 3140 5464 In
3175 5381 3316 5464 malo
3351 5381 3547 5464 uultus,

1964 5449 2136 5530 inquit
2175 5457 2432 5530 Salonwn
2455 5499 2469 5522 ,
2507 5449 2602 5525 'ﬁet
2639 5455 2830 5530 bonum
2871 5471 2982 5530 cor.
3023 5471 3044 5530 ξ
3091 5452 3292 5530 Quippe
3319 5449 3468 5520 quia,
3503 5452 3550 5505 si

1963 5522 2150 5588 contra
2189 5545 2284 5584 nos
2319 5529 2481 5598 ipsos,
2511 5522 2652 5599 :cum
2711 5527 2780 5578 ad
2843 5523 3076 5599 absurda
3135 5522 3280 5599 facta
3337 5534 3552 5599 caprar-

1964 5604 2148 5665 timur,
2185 5588 2664 5658 sucrensuerimus,
2689 5593 3049 5650 amaritudine
3078 5588 3309 5662 quadam
3333 5588 3549 5665 affecti;

1964 5659 2336 5741 bonus'utique
2365 5669 2453 5738 ﬁet
2483 5669 2698 5741 omnino
2728 5666 2949 5741 animus
2969 5659 3166 5741 noster.
3199 5677 3352 5731 quem
3383 5659 3553 5715 virtu-

1966 5753 2077 5796 tum
2107 5733 2450 5810 pulchritudo
2479 5734 2834 5792 exhilaranda
2865 5733 3169 5790 delectabit.
