3958 6208
475 307 584 371 995

1607 297 1670 358 S.
1700 295 2080 357 GREGORII
2121 295 2636 357 AGRIGENTIXI

2024 405 2054 476 ς
2089 404 2240 462 VIII.

554 503 716 574 17o
753 500 919 556 Vsus.
955 497 1073 554 6-7.
1097 496 1305 554 Bonum
1332 507 1411 552 est
1436 498 1624 552 audire
1645 499 2064 566 iucrepationem
2095 504 2138 556 Α

478 594 738 664 sapientis
775 606 935 660 super
969 591 1141 644 σὶηιιιι
1171 590 1472 644 audientem
1501 605 1717 644 carmen
1743 589 2060 653 stultorum,

479 687 605 756 quia
641 685 783 740 sicut
819 697 922 736 vos:
949 683 1224 752 spinarum
1264 681 1360 736 sub
1398 681 1507 735 olla
1531 721 1550 747 ,
1588 683 1668 736 ita
1695 683 1837 736 risus
1865 679 2062 736 stulta-

479 791 598 826 nmt
636 770 771 840 (59).

549 886 912 955 Persequitur
967 883 1272 939 etiamnum
1327 899 1453 956 qua:
1497 884 1641 940 inter
1687 899 1750 940 se
1805 883 2062 954 opposita

478 979 737 1052 protulit,
785 994 852 1033 ac
888 977 1024 1031 scite
1053 976 1196 1030 mala
1230 992 1260 1031 a
1299 976 1460 1032 bouis
1485 976 1800 1047 seiungeris,
1840 985 2062 1031 senten-

481 1073 613 1125 tiam
662 1071 858 1124 statuit
893 1083 1116 1135 veram,
1155 1069 1304 1138 quod
1330 1069 1488 1138 juvat
1515 1069 1716 1123 bonum
1762 1068 2060 1138 appellans,

480 1169 646 1231 atque
670 1162 806 1216 adeo
834 1159 982 1230 quod
1011 1143 1074 1213 in.
1097 1161 1435 1215 contrarium
1459 1160 1659 1226 fertur,
1693 1161 1922 1215 malum.
1943 1157 2062 1214 Etsi

480 1257 623 1308 enim
664 1254 942 1307 dicendo:
992 1270 1012 1304 ι
1045 1267 1209 1321 super
1245 1251 1423 1306 virum
1475 1253 1789 1308 audientem
1831 1267 2056 1307 carmen

481 1345 774 1399 stultorum
826 1363 846 1396 ι
897 1385 914 1409 ,
965 1358 1063 1412 ρει-
1125 1343 1592 1412 comparationem
1651 1342 2058 1413 quodammodo

483 1455 512 1500 ι,
535 1437 744 1492 bonum
779 1454 798 1487 ι
833 1435 1104 1504 appellare
1139 1433 1385 1498 videtur,
1425 1434 1658 1490 minime
1711 1443 1892 1492 tamen
1931 1449 2064 1504 prae-

482 1528 753 1597 positione
775 1526 865 1580 illa
900 1544 918 1576 ι
959 1540 1166 1594 supen
1204 1540 1338 1580 usus
1369 1533 1474 1590 est,
1513 1525 1660 1580 velut
1689 1525 1734 1580 si
1764 1525 1929 1580 etiam
1958 1525 2064 1580 hoc

486 1618 791 1673 habendum
823 1617 896 1672 sit
946 1616 1188 1682 bonum;
1219 1616 1314 1671 sed
1362 1615 1509 1686 quod
1550 1616 1694 1670 bona
1723 1630 1824 1686 per
1855 1629 1915 1672 se
1942 1615 2060 1686 ipsa

483 1709 558 1764 sit
585 1708 886 1776 increpatio
923 1705 1184 1774 sapientis
1209 1743 1226 1768 ι
1259 1719 1480 1760 carmen
1515 1719 1649 1760 vero
1681 1705 2060 1775 insipientium

485 1800 712 1854 malum.
739 1796 876 1852 Nam
911 1796 1016 1852 hoc
1044 1795 1267 1865 quidem
1299 1795 1367 1850 ad
1411 1809 1631 1850 omnem
1674 1795 1962 1852 mollitiem
1995 1809 2062 1850 ac

479 1891 810 1959 voluptatem
855 1886 1112 1956 pellicere
1156 1886 1329 1952 solet,
1389 1886 1726 1942 audientium
1779 1885 2060 1942 fasciuans

477 1995 663 2045 aures,
697 1990 754 2035 et
788 1979 1037 2032 animum
1058 1978 1336 2032 adducens
1367 1991 1432 2033 ac
1461 1977 1788 2047 pertrahens
1818 1976 2060 2034 absurda

479 2073 544 2127 ad
575 2070 720 2127 facta
746 2109 763 2135 ,
805 2082 928 2140 qua
971 2084 1002 2124 a
1037 2067 1147 2122 Deo
1175 2075 1469 2134 avertunt,
1521 2067 1780 2138 viamque
1822 2068 1889 2124 ad
1930 2083 2072 2123 eum.

479 2165 744 2219 ferentem
773 2160 1167 2216 intercluduut.
1194 2161 1264 2214 At
1283 2175 1412 2213 vero
1439 2159 1530 2214 illa
1559 2159 1788 2213 istorum
1811 2158 2058 2213 omnium

477 2253 844 2325 cogitationes
875 2251 1112 2313 inhibet,
1149 2265 1215 2304 ac
1255 2250 1510 2304 incitatos
1551 2248 1900 2318 libidinisque
1943 2247 2060 2318 ple-

479 2361 584 2400 nos
614 2342 867 2413 corporis
902 2351 1085 2398 motus
1105 2340 1233 2395 odio
1261 2340 1484 2404 habere,
1514 2349 1679 2410 atque
1705 2339 1835 2410 fuga
1863 2339 2060 2408 dignos

478 2445 673 2507 putare
717 2434 905 2488 docet.
952 2432 1169 2488 Rursus
1223 2445 1446 2485 carmen
1511 2431 1805 2488 stultorum
1856 2431 2061 2487 eﬂusus

480 2527 712 2582 nimium
737 2526 953 2579 animos
984 2523 1325 2578 audientium
1352 2523 1502 2586 facit,
1525 2532 1582 2578 et
1594 2522 1872 2579 cll'eminat
1895 2531 2061 2592 atque

475 2611 688 2666 emollit
713 2609 984 2681 cogitandi
1020 2609 1153 2667 vim.
1184 2617 1243 2662 ut
1272 2607 1662 2664 immoderatos
1682 2616 1869 2663 ament
1890 2607 2056 2673 risus,

473 2703 754 2758 ctinsanis
778 2699 1114 2754 clamoribus
1133 2699 1495 2753 delectentur.
1523 2699 1593 2753 At
1617 2707 1810 2756 contra
1841 2699 2060 2770 sapien-

477 2797 547 2852 tis
595 2792 895 2862 increpatio
935 2790 1105 2845 animi
1152 2797 1337 2845 motus
1379 2789 1735 2862 comprimit.
1784 2799 1842 2846 et
1893 2790 2060 2846 corde

476 2882 714 2939 stimulis
749 2887 985 2952 puncto,
1036 2877 1103 2932 ad
1151 2877 1523 2947 lacrymarum
1557 2875 1736 2931 fontes
1782 2893 1847 2932 ex
1887 2876 2061 2932 oculis

474 2974 701 3030 ciendos
743 2971 985 3026 adducit.
1031 2967 1147 3024 Hoc
1196 2983 1361 3038 porro
1401 2984 1498 3040 per
1541 2968 1784 3039 seipsum
1831 2969 2058 3022 omnino

477 3067 679 3122 bonum
710 3072 818 3128 est,
849 3077 972 3118 cum
1002 3061 1294 3116 utilitatem
1321 3059 1515 3115 all‘erat
1533 3069 1588 3115 et
1617 3059 1848 3117 salutem
1877 3077 1890 3114 :
1926 3059 2057 3115 illud

2251 500 2506 568 Ἀγαθὸν
2547 499 2614 551 τὸ
2647 493 2906 552 ἀκοῦσαι
2940 495 3295 564 ἐπιτίμησιν
3325 498 3526 567 σοφοῦ,
3563 504 3678 571 ὑπὲρ

2163 591 2357 660 ἄνδρα
2387 591 2744 645 ἀκούσαντα
2792 583 2963 658 ᾆσμα
3002 589 3288 657 ἀφρόνων
3307 604 3322 617 ·
3346 587 3434 642 ὅτι
3453 590 3528 657 ὥς
3545 595 3677 662 φωνὴ

2161 681 2283 738 τῶν
2299 681 2585 737 ἀκανθῶν
2609 679 2729 738 ὑπὸ
2753 681 2864 734 τὸν
2882 679 3134 748 ,λέϐητας
3160 678 3352 745 οὕτως
3366 682 3404 734 ὁ
3415 681 3680 750 γέλως-τῶν

2161 775 2464 844 ἀφρόνων.

2229 866 2353 920 Τῶν
2403 864 2765 931 ἀντιθετικῶς
2837 865 3230 934 ἐκφερομένων
3291 864 3536 935 ἐχόμενος
3587 865 3678 932 ἔτι,

2161 959 2490 1030 πρεπόντως
2515 959 2933 1012 ἀποδιαστέλλει
2957 957 3067 1012 τῶν
3087 957 3354 1028 χειρόνων
3383 959 3450 1012 τὰ
3478 958 3682 1028 κρείττω,

2161 1048 2259 1102 καὶ
2273 1047 2488 1117 τίθησιν
2504 1047 2684 1117 ἀληθῆ
2703 1047 2884 1112 δόξαν,
2905 1046 3002 1100 καὶ
3022 1045 3422 1116 προσαγορεύει
3442 1045 3500 1099 τὺ
3517 1045 3682 1100 λυσιτε-

2161 1139 2253 1204 λὲς
2273 1139 2503 1208 ἀγαθόν,
2527 1139 2626 1193 καὶ
2649 1137 2794 1192 κατά
2813 1138 2877 1191 τὸ
2895 1135 3191 1192 ἀκόλουθον
3219 1137 3283 1190 τὸ
3311 1136 3684 1190 ἀντιδιαστελλό-

2164 1247 2326 1302 μενον
2376 1229 2645 1301 πονηρόν.
2677 1229 2744 1282 Ei
2785 1229 2897 1300 γὰρ
2949 1230 3047 1282 καὶ
3105 1227 3260 1282 δοκεῖ
3294 1244 3413 1292 πως
3437 1231 3566 1282 κατά
3587 1227 3685 1294 σύτο

2161 1339 2346 1396 κρισιν
2379 1342 2400 1374 ι
2435 1323 2498 1375 τὺ
2523 1321 2732 1389 ἀγαθὸν
2775 1339 2794 1373 ι
2844 1321 3142 1392 ὀνομάζειν
3163 1362 3181 1387 ,
3237 1321 3299 1373 ὲν
3352 1319 3428 1390 τῷ
3482 1320 3682 1388 φάσκειν,

2171 1431 2190 1464 ι
2238 1413 2382 1485 ὑπὲρ
2433 1413 2604 1484 ἄνδρα
2630 1411 2900 1466 ἀκούοντα
2926 1408 3082 1484 ᾆσμα
3120 1411 3399 1483 ἀφρόνων,
3432 1429 3452 1463 ι
3484 1411 3583 1464 ἀλλ’
3611 1413 3683 1481 οὖχ

2160 1502 2238 1567 ὡς
2304 1502 2516 1572 ἀγαθοῦ
2569 1503 2667 1556 καὶ
2718 1502 2914 1555 τούτου
2984 1500 3542 1573 παραλαμϐανομένου
3565 1541 3580 1565 ,
3610 1502 3683 1571 τὴν

2168 1615 2188 1648 ι
2223 1597 2366 1668 ὑπὲρ
2399 1615 2418 1648 ι
2452 1596 2638 1668 τίθησι
2689 1595 2954 1667 πρόθεσιν
2976 1613 2994 1629 ο
3037 1596 3158 1650 ἀλλ’
3190 1595 3270 1660 ὡς
3318 1597 3438 1650 κατ’
3463 1595 3578 1650 αὐτὸ
3612 1596 3684 1666 μὲν

2161 1687 2372 1757 ἀγαθοῦ
2408 1688 2719 1757 πεφυκυίας
2747 1689 2846 1760 τῆς
2899 1689 3282 1760 ἐπιτιμήσεως
3317 1687 3410 1742 τοῦ
3434 1687 3600 1758 σοφοῦ,
3614 1705 3681 1740 ιιι-

2162 1778 2332 1850 νηροῦ
2357 1779 2416 1832 δὲ
2445 1779 2540 1833 τοῦ
2573 1779 2820 1852 ᾄσματος
2841 1779 2952 1835 τῶν
2985 1779 3261 1852 ἀφρόνων.
3292 1779 3460 1834 Τοῦτο
3495 1781 3581 1852 μὲν
3601 1779 3682 1850 γὰρ

2164 1870 2305 1941 πρὸς
2334 1871 2518 1925 πᾶσαν
2579 1871 2794 1939 πέφυκε
2842 1870 3208 1939 καταθέλγειν
3238 1871 3558 1942 ἡδυπάθειαν
3588 1888 3682 1941 σαρ-

2161 1964 2346 2034 κικὴν,
2383 1963 2800 2036 καταγοητεῦον
2820 1964 2932 2018 τῶν
2966 1963 3286 2018 ἀκουόντων
3306 1964 3405 2027 τὰς
3430 1965 3600 2028 ἀκοὰς,
3615 1963 3683 2017 καὶ

2159 2053 2481 2126 παρασύρον
2517 2053 2616 2108 καὶ
2668 2053 2969 2108 κατασπῶν
3010 2055 3111 2127 τὴν
3142 2053 3328 2126 ψυχὴν
3353 2056 3432 2119 είς
3457 2055 3546 2119 τὰς
3569 2057 3682 2108 avet-

2163 2145 2387 2214 ρετικάς
2449 2147 2544 2199 καὶ
2604 2145 2918 2218 φθαρτικὰς
2972 2145 3074 2217 τῆς
3131 2145 3274 2218 πρὸς
3306 2146 3438 2202 Θεὸν
3465 2147 3682 2217 φερούσης

2158 2235 2282 2290 ὁδοῦ
2314 2236 2548 2307 πράξεις
2571 2237 2828 2301 ἀτόπους.
2873 2235 3089 2310 Ἑκείνη
3127 2238 3187 2294 δὲ
3223 2238 3433 2294 τούτων
3479 2240 3680 2294 ἁπάντων

2160 2326 2483 2380 ἀναστέλλει
2510 2330 2639 2393 τοὺς
2693 2328 3013 2398 λογισμοὺς,
3039 2330 3136 2382 καὶ
3191 2330 3463 2400 πυγητάς
3490 2331 3572 2384 καὶ
3592 2348 3682 2400 φιν·

2160 2420 2296 2484 κτὰς
2324 2420 2580 2489 ἡγεῖσθαι
2615 2420 3029 2491 παρασκευάζει
3061 2423 3160 2487 τὰς
3190 2423 3462 2494 ἐμπαθεῖς
3487 2426 3571 2478 καὶ
3591 2424 3679 2493 φιλ·

2157 2510 2382 2581 ηδόνους
2420 2512 2668 2582 κινήσεις
2695 2511 2792 2564 τοῦ
2825 2511 3100 2584 σώματος.
3128 2513 3206 2567 Τδ
3233 2510 3388 2586 ᾆσμα
3421 2514 3520 2568 τῶν
3548 2515 3678 2585 ἀφρό-

2162 2623 2267 2658 νων
2300 2603 2706 2675 διακεχυμένας
2741 2607 2888 2658 ποιεῖ
2928 2604 3027 2672 τάς
3055 2605 3165 2660 τῶν
3199 2609 3558 2676 πεπυσμένων
3578 2621 3678 2674 καρδ

2158 2693 2300 2758 δίας,
2328 2693 2421 2747 καὶ
2471 2692 2842 2775 καταθηλύνει
2864 2693 2961 2746 καὶ
3021 2693 3461 2764 καταμαλακίζει
3490 2693 3596 2755 τοὺς
3618 2691 3678 2743 λο-

2159 2785 2414 2855 γισμοὺς,
2447 2784 2542 2838 καὶ
2570 2785 2708 2856 πρὸς
2763 2784 3008 2851 γέλωτας
3062 2785 3339 2848 ἀτάκτους
3378 2785 3469 2840 καὶ
3501 2782 3678 2854 μεγαλο-

2160 2875 2373 2947 φώνους
2396 2875 2788 2948 μετακαλεῖται
2819 2876 2914 2930 καὶ
2943 2874 3276 2947 διατίθησιν.
3321 2875 3384 2930 ’11
3423 2876 3477 2932 δὲ
3508 2873 3587 2928 τοῦ
3614 2889 3676 2926 σο-

2160 2969 2262 3040 φοῦ
2295 2970 2616 3041 ἐπιτίμησις
2655 2969 2896 3040 ἔμπαλιν
2955 2970 3244 3023 συστέλλει
3301 2969 3404 3040 τῆς
3433 2969 3588 3040 ψυχῆς
3607 2966 3675 3029 τὰς

2159 3060 2424 3130 κινήσεις,
2457 3060 2552 3112 καὶ
2577 3057 2912 3114 κατανύσσει
2938 3058 3039 3132 τὴν
3081 3061 3344 3133 καρδίαν,
3369 3062 3460 3116 καὶ
3484 3060 3676 3131 δακρύων

475 3172 607 3214 vero
638 3155 1008 3219 malum,cum
1043 3151 1207 3208 saluti
1238 3150 1579 3216 adversetur,
1603 3159 1768 3219 atque
1791 3151 1857 3205 ad
1887 3151 2056 3206 inter-

2163 3151 2294 3222 ροἀς
2347 3151 2700 3221 ἀναπέμπειν
2755 3153 3062 3222 εἰσηγεῖται
3113 3152 3202 3207 διὰ
3246 3154 3358 3207 τῶν
3418 3152 3672 3224 ὀφθαλμῶν.

481 3251 615 3304 itum
663 3248 862 3302 trahat.
937 3244 1231 3314 PrOpterca
1287 3242 1425 3296 dixit
1475 3255 1488 3292 :
1539 3259 1558 3292 ι
1589 3239 1726 3306 Quia
1764 3240 1910 3296 sicut
1951 3254 2056 3295 vox

2163 3237 2331 3292 Τοῦτο
2359 3237 2417 3291 δὲ
2446 3237 2565 3292 κατ’
2594 3239 2729 3292 αὐτὸ
2759 3240 3001 3308 πέφυκεν
3021 3242 3230 3312 ἀγαθὸν
3256 3247 3490 3308 πάντως,
3507 3244 3571 3306 ὡς
3587 3245 3674 3309 ὸνηο

475 3340 758 3410 spinarum
808 3336 914 3392 sub
963 3335 1072 3390 olla
1095 3376 1110 3400 ,
1157 3333 1232 3387 ita
1267 3332 1414 3387 risus
1451 3331 1765 3387 stultorum.
1793 3349 1812 3385 ι
1850 3331 2056 3402 Quippe

2163 3331 2386 3401 σιφόρον
2416 3331 2511 3384 καὶ
2571 3333 2861 3399 σωστικδν,
2899 3335 3082 3387 ὲκεῐνο
3117 3334 3175 3388 δὲ
3219 3337 3474 3408 πονηρὸν,
3498 3337 3562 3396 ὡς
3584 3334 3674 3404 βλι-

476 3433 622 3486 risus
652 3429 942 3484 Stultorum
974 3426 1134 3481 index
1169 3432 1254 3480 est
1275 3422 1527 3489 desidizc,
1563 3437 1686 3493 qua:
1720 3424 1854 3492 ipsis
1887 3423 2056 3476 inhae-

2161 3423 2358 3476 πτικδν
2380 3421 2482 3494 τῆς
2512 3423 2790 3494 σωτηρίας
2810 3424 2905 3478 καὶ
2929 3425 3256 3497 φθαρτικόν.
3309 3430 3408 3482 Διά
3438 3427 3579 3481 τοῦτό
3603 3441 3674 3494 φη·

475 3531 590 3584 rct.
625 3529 682 3576 et
707 3517 866 3573 effusi
923 3517 1093 3572 animi
1128 3531 1193 3571 ac
1220 3515 1354 3570 nihil
1379 3515 1448 3570 de
1483 3515 1551 3570 iis
1580 3514 1908 3581 laborantis,
1936 3529 2056 3584 quae

2161 3529 2267 3579 σιν,
2301 3530 2322 3564 ι
2356 3513 2480 3567 Ὅτι
2505 3513 2582 3578 ὡς
2609 3514 2764 3586 φωνὴ
2807 3517 2918 3571 τῶν
2951 3517 3208 3572 ἀκανθῶν
3250 3519 3356 3573 ὑπὸ
3381 3518 3468 3574 τὸν
3503 3517 3672 3588 λέϐητι.

476 3609 734 3680 prodesse
753 3608 954 3671 solent,
985 3615 1040 3660 et
1065 3605 1228 3660 saluti
1255 3620 1377 3660 esse
1398 3612 1627 3675 possunt
1653 3622 1667 3656 :
1697 3605 2057 3674 quemadmo-

475 3705 604 3758 dum
635 3708 692 3755 et
714 3699 996 3769 spinarum
1028 3697 1244 3754 sonitus
1275 3695 1344 3752 iis
1368 3711 1610 3767 quoque,
1641 3697 1731 3765 qui
1761 3711 1856 3752 cas
1887 3697 2054 3751 mini-

475 3809 564 3850 me
596 3790 817 3856 vident,
857 3790 904 3845 si
941 3789 1227 3860 strepitum
1256 3787 1525 3842 duntaxat
1558 3786 1870 3850 exaudiant,
1907 3788 2056 3857 ipsas

471 3883 720 3942 comburi
757 3881 1046 3950 signiﬁcat.
1079 3877 1216 3935 Nam
1255 3879 1520 3949 strepitus
1559 3894 1750 3934 earum
1791 3879 2054 3950 subjecta:

473 3974 715 4030 materia:
745 3972 952 4028 indicat
981 3971 1225 4041 speciem
1263 3985 1371 4024 non
1411 3969 1596 4024 minus
1617 4009 1633 4036 ,
1666 3984 1830 4038 quam
1858 3971 2053 4025 stulto-

473 4085 594 4122 rum
632 4067 780 4122 risus
817 4064 900 4118 vel
946 4064 1067 4119 sine
1111 4063 1221 4117 ulla
1255 4062 1358 4116 alia
1401 4061 1710 4131 cognitione
1754 4060 2048 4116 ritlcntium

470 4158 800 4215 dementiam
847 4155 1183 4210 manifestat.
1239 4154 1538 4222 Propterea
1592 4153 1748 4223 171
1801 4152 2048 4210 divinum

471 4252 600 4306 item
643 4247 924 4305 oraculum
960 4255 1083 4301 est:
1122 4265 1140 4296 ι
1173 4247 1424 4300 Amictus
1460 4243 1698 4298 hominis
1737 4253 1790 4298 et
1829 4261 2050 4315 gressus

470 4345 624 4416 pedis
650 4351 704 4399 et
739 4343 884 4396 risus
919 4337 1161 4392 dentium
1209 4335 1614 4389 aunnntiabunt
1647 4334 1716 4390 de
1749 4351 1815 4390 eo
1858 4335 1993 4406 (60).
2024 4355 2042 4386 ι

472 4437 555 4490 l’it
579 4433 724 4488 enim
752 4427 1180 4501 quodammodo,
1205 4435 1265 4481 ut
1296 4425 1608 4480 interiorem
1638 4424 1877 4479 hominis
1895 4425 2049 4480 bahio

2155 3601 2332 3668 οὕτως
2377 3607 2407 3658 6
2459 3605 2634 3675 γέλως
2657 3609 2686 3660 6
2714 3607 2824 3661 τῶν
2874 3607 3152 3679 ἀφρόνων.
3187 3628 3207 3662 ι
3250 3609 3572 3683 Σημαντικὸς
3596 3607 3673 3674 γάρ

2157 3698 2307 3751 ἐστιν
2357 3699 2387 3751 6
2426 3698 2535 3751 τῶν
2566 3699 2821 3770 ἀφρόνων
2847 3701 3022 3769 γέλως
3048 3702 3150 3772 τῆς
3209 3701 3512 3776 προσούσης
3537 3699 3673 3757 αὐτοῖς

2155 3783 2490 3857 ἀπροσεξίας
2525 3786 2620 3840 καὶ
2642 3785 3044 3859 διακεχυμένης
3067 3790 3305 3862 καρδίας
3345 3793 3434 3846 καὶ
3464 3786 3672 3862 μηδαμῶς

2155 3874 2434 3946 νηφούσης
2466 3877 2524 3930 ἐν
2547 3880 2660 3941 τοῖς
2681 3879 3028 3950 ὀνησιφόρως
3073 3883 3169 3936 καὶ
3202 3881 3564 3948 σωστικοίς,δν
3584 3878 3672 3948 cpe"

2155 3983 2256 4021 πον
2283 3969 2402 4020 ἐστὶ
2429 3969 2740 4040 σημαντικὴ
2775 3971 2870 4024 καὶ
2917 3970 3026 4024 τῶν
3071 3973 3332 4029 ἀκανθῶν
3368 3977 3400 4047 η
3434 3973 3567 4045 φωνὴ
3603 3972 3670 4024 καὶ

2151 4059 2268 4120 τοῖς
2331 4058 2406 4130 μὴ
2463 4057 2756 4129 βλέπουσιν
2807 4060 2978 4126 αὐτὰς
3018 4063 3086 4116 ὲκ
3115 4062 3213 4116 τοῦ
3260 4064 3420 4136 μόνον
3442 4063 3522 4118 τὸν
3541 4061 3669 4132 ψόφων

2153 4149 2451 4203 ἀκούεσθαι
2494 4151 2592 4221 τῆς
2631 4151 2784 4221 σφῶν
2840 4153 3236 4220 κατακαύσεως
3261 4168 3276 4185 ⁸
3311 4157 3339 4209 6
3383 4156 3485 4227 γὰρ
3540 4153 3668 4223 ψόξῦς

2150 4239 2333 4293 αὐτῶν
2367 4243 2766 4314 χαρακτηρίζει
2795 4243 2894 4314 τῆς
2915 4245 3289 4320 ὑποκειμένης
3316 4243 3442 4319 ὕλης
3469 4246 3522 4300 τὸ
3543 4239 3665 4303 εἶδος.

2150 4330 2332 4394 καθὼς
2352 4333 2381 4383 6
2415 4333 2589 4400 γέλως
2612 4336 2722 4387 τῶν
2746 4336 2998 4407 ἀφρόνων
3015 4337 3413 4410 χαρακτηρίζει
3437 4339 3518 4392 καὶ
3537 4334 3666 4407 χωρὶς

2148 4422 2317 4492 ἄλλης
2349 4422 2496 4487 τινὸς
2530 4423 2875 4492 διαγνώσεως
2918 4427 3019 4498 τὴν
3068 4431 3180 4484 τῶν
3239 4431 3512 4501 γελώντων
3543 4432 3664 4484 ἀσυνο

469 4540 608 4592 tum,
633 4538 817 4580 mores
836 4521 1044 4577 scilicet
1066 4517 1332 4588 cujusque
1351 4525 1406 4573 et
1425 4515 1764 4581 all‘ectiones,
1787 4525 2044 4572 externus

2155 4514 2326 4568 εσίαν.
2350 4515 2451 4570 Διά
2493 4515 2654 4570 τοῦτο
2680 4518 2843 4572 πάλιν
2887 4523 2949 4572 τδ
2982 4520 3165 4589 λόγιον
3185 4539 3198 4554 ο
3245 4543 3264 4576 ι
3301 4521 3569 4592 Στολισμδς
3600 4518 3664 4570 ἀν’

467 4616 798 4688 quibusdam
824 4611 987 4667 νιιιυιί
1018 4611 1206 4682 tiguris
1225 4618 1388 4680 atque
1415 4609 1560 4664 notis
1574 4606 2040 4680 designet.Euim-

467 4725 595 4763 vero
625 4706 858 4777 subjecit
891 4704 1108 4775 sapiens
1143 4701 1500 4758 Ecclesiastes
1529 4718 1542 4754 :

465 4799 562 4854 τοῦ
619 4797 769 4860 ὲντδς
825 4793 1117 4865 ἀνθρώπου
1182 4791 1610 4862 χαρακτηρίζειν
1658 4791 1687 4843 6
1735 4789 1936 4856 ἔξωθεν
1965 4789 2042 4857 ὡς

2144 4605 2272 4677 δρὸς
2298 4606 2390 4659 καὶ
2421 4605 2574 4676 βῆμα
2605 4607 2762 4670 ποδὸς
2784 4610 2880 4661 καὶ
2911 4610 3086 4678 γέλως
3129 4613 3364 4668 ὀδόντων
3394 4609 3660 4682 ἀγγέλλουσι

2145 4698 2214 4751 τὰ
2246 4698 2375 4768 περὶ
2408 4697 2598 4752 αὑτοῦ.
2645 4719 2664 4751 ι
2699 4701 2920 4770 Πέφυκε
2955 4702 3064 4774 γάρ
3091 4720 3210 4770 πως
3254 4707 3356 4778 τὴν
3379 4708 3659 4761 κατάστασιν

2117 4794 2207 4848 διά
2269 4807 2431 4844 τινων
2495 4791 2782 4845 εἰκονικῶν
2841 4797 3212 4866 χαρακτήρων
3254 4799 3348 4851 καὶ
3400 4799 3654 4871 σχημάτων»

466 4893 576 4945 Ιτῶν
610 4888 755 4942 ἰδίων
783 4886 930 4956 ἡυῶν
983 4885 1235 4955 δηλονότι
1273 4886 1368 4938 καὶ
1434 4885 1775 4956 κινημάτων.
1825 4886 2046 4957 Ἀμέλει
2083 4887 2266 4942 τοίνυν
2301 4885 2584 4954 ἐπήγαγεν
2615 4883 2644 4936 ὁ
2681 4886 2847 4956 σοφὸς
2887 4885 3323 4961 Ἐκκλησιαστής
3348 4907 3362 4921 .

2029 5003 2058 5074 §

538 5122 706 5177 Vsus.
745 5118 868 5174 7-8.
912 5117 1094 5173 Etiam
1135 5117 1232 5172 hoc
1259 5117 1472 5172 uanitas
1501 5132 1519 5171 :
1549 5118 1800 5188 quoniam
1829 5119 2035 5172 calum-

463 5220 558 5274 tzia
604 5211 911 5281 circumfert
972 5211 1304 5280 sapientem,
1353 5218 1404 5266 et
1465 5209 1636 5279 perdit
1695 5226 1786 5264 cor
1845 5213 2036 5282 rigoris

461 5311 576 5381 ejus
603 5306 739 5378 (6|).

535 5441 650 5514 (59)
687 5442 842 5512 Apud
876 5438 1014 5514 LXX
1050 5440 1248 5514 legitur
1289 5439 1556 5496 ἀκούοντα
1592 5435 1766 5511 ᾆσμα,
1796 5446 1851 5496 et
1877 5438 2026 5496 desi-

464 5511 686 5567 deratur
712 5511 797 5566 ὅτι
828 5525 958 5568 ante
979 5511 1055 5573 ὡς
1083 5512 1260 5580 φωνή.

537 5583 650 5652 (60)
685 5581 1053 5638 Ecclesiastic.
1087 5578 1342 5647 nhs-1,
1425 5578 1532 5652 sed
1567 5578 1720 5652 apud
1746 5578 1910 5652 LXX
1957 5579 2039 5652 sic

466 5648 1054 5723 ιμςίιιιὶιδςετολισμὸς
1084 5653 1294 5723 ἀνδρὸς
1318 5653 1409 5703 καὶ
1433 5648 1627 5723 γέλως
1671 5648 1899 5723 ὀδόντων
1943 5651 2037 5704 καὶ

470 5721 688 5791 βήματα
730 5719 1016 5794 ἀνθρώπου
1045 5719 1365 5794 ἀναγγέλλει
1389 5721 1456 5775 τὰ
1486 5722 1612 5792 περὶ
1649 5719 1833 5774 αὑτοῦ.

2094 5001 2178 5057 IX.

2220 5123 2328 5176 Καί
2361 5137 2428 5190 τε
2484 5115 2662 5175 τοῦτο
2708 5123 3041 5190 ματαιότης
3073 5139 3088 5154 ·
3114 5123 3204 5180 ὄτι
3247 5125 3286 5194 ἡ
3336 5119 3651 5194 συκοφαπά

2142 5213 2442 5283 περιφέρει
2483 5211 2700 5282 σοφὸν,
2735 5214 2834 5268 καὶ
2862 5215 3162 5272 ἀπολλύει
3188 5217 3302 5286 τὴν
3338 5217 3558 5287 καρδίαν
3578 5214 3650 5266 rc-

2141 5304 2346 5368 τονιάς
2373 5304 2581 5360 αὑτοῦ.

2207 5441 2322 5522 ίθι)
2363 5442 2433 5498 At
2473 5441 2614 5522 LXX
2639 5443 2837 5522 habent
2871 5445 2971 5522 τῂν
3019 5442 3244 5518 κᾳρδίαν
3297 5439 3548 5514 εὐγενείας
3575 5434 3644 5522 αὖ.

2138 5513 2258 5576 τοῦ,
2291 5513 2346 5566 in
2379 5515 2788 5584 exemplaribus
2850 5513 3038 5589 utique
3073 5513 3307 5589 tantum
3333 5554 3349 5580 ,
3374 5513 3488 5583 qua
3534 5520 3641 5589 ηρικ

2138 5598 2435 5657 versamus
2467 5599 2660 5657 :_nam
2723 5601 2846 5656 qua!
2914 5587 3050 5642 vidit
3115 5586 3492 5657 Hieronymus,
3530 5586 3641 5630 3019'

2140 5654 2259 5716 νίας
2291 5654 2644 5710 exhibebant.
