3860 6196
2889 158 2930 169 ι.-

461 238 566 304 Ωὓθ
1569 233 1631 294 S.
1673 231 2054 295 GREGORII
2095 234 2617 296 AGRIGENTINI
3538 236 3634 304 mu

461 366 688 423 verant,
719 351 944 427 praemia
975 350 1253 408 inventuri
1285 351 1416 408 sint.
1455 351 1748 407 Enimvero
1773 351 1901 407 dum
1934 352 2048 406 haec

2165 350 2530 416 ιακοπαθείας
2563 351 2868 424 ἀνονήτους
2923 350 3304 423 ἀνθαιροῦνται
3345 353 3428 406 καὶ
3467 354 3636 425 φέρουσι

466 449 786 520 insipientes
811 445 1082 516 garriunt,
1125 459 1269 514 saepe
1296 443 1388 513 qui
1416 443 1639 514 sapiens
1669 458 1792 499 esse
1814 443 2056 511 videtur,

2165 441 2441 505 γενναίως,
2496 439 2559 504 ἐξ
2611 434 2687 496 ὧν
2743 441 2898 494 οὐδὲν
2949 441 3395 514 ὠφεληθήσονται,
3435 443 3640 513 μηδεμίαν

407 603 417 617 ,
464 558 591 601 cum
625 555 688 597 ea
718 539 911 596 crebro
942 545 1316 608 perpetuoque
1345 536 1556 600 audiat,
1595 535 1902 605 despondet
1929 535 2052 589 ani-

2165 529 2261 584 :th
2302 529 2682 600 ἐλπιζομένων
2713 530 2900 592 αὐτοῖς
2949 527 3246 600 μελλόντων
3291 531 3488 600 ἀγαθῶν
3521 533 3640 602 εὑρή-

466 647 641 694 mum,
667 639 834 699 atque
862 629 918 683 in
946 627 1166 684 virtutis
1193 626 1378 683 studio
1405 635 1460 682 et
1479 635 1628 682 recte
1657 624 1820 680 laetis
1845 623 2054 679 virilem

2165 639 2342 685 rem;
2371 621 2634 692 ἀμοιϐήν.
2665 621 2855 674 Ταῦτα
2880 621 2939 674 δὲ
2963 621 3230 690 λεγόντων
3259 621 3358 676 τῶν
3381 623 3638 694 ἀφρὸνων,ὁ

465 723 835 781 constantiam
876 736 940 776 ac
990 720 1162 774 robur
1209 719 1468 786 remittit;
1521 727 1782 788 tanquam
1837 716 1933 787 qui
1985 715 2058 772 ob

2165 714 2322 784 σοφὸς
2351 711 2496 767 εἶναι
2522 713 2723 778 δοκῶν,
2759 712 2978 768 ἀκούων
3011 713 3412 786 ἀλλεπαλλήλως
3435 718 3515 768 καὶ
3551 733 3640 768 συν-

467 817 760 872 stultorum
785 813 1151 869 contumelias
1174 811 1325 881 gravi
1355 811 1586 866 nimium
1616 808 1838 865 tristitia
1869 823 1935 864 ac
1956 808 2057 864 do-

2165 806 2323 878 εχῶς,
2351 807 2556 878 πάσχει
2601 807 2866 870 πολλάκις
2901 805 3128 876 ἀγεννὲς
3146 805 3331 870 πάθος,
3362 807 3448 860 καὶ
3480 807 3560 878 τῆς
3578 808 3644 881 ἄῤ-

469 911 589 964 lore
620 921 918 980 oppressus
955 905 1146 960 fuerit.

2165 899 2406 970 ρενωποῦ
2433 900 2674 972 καρδίας
2721 900 2824 971 τὴν
2877 899 3168 953 συντονίαν
3200 899 3296 970 τὴν
3323 901 3410 952 ἐπὶ
3435 901 3530 963 τοῖς
3547 900 3642 968 ἀγι-

471 1002 586 1062 Θοίς
619 999 712 1052 καὶ
735 995 1052 1058 σπουδαίοις
1083 994 1268 1066 ἔργοις
1291 992 1628 1064 καθυφίησιν
1653 1010 1667 1024 ·
1715 987 1807 1047 οἷα
1894 991 1962 1063 δὴ
2002 988 2318 1061 πληρωθεὶς
2374 989 2678 1062 ἀχθηδόνος
2743 990 2842 1045 καὶ
2889 989 3070 1062 λύπης
3103 990 3196 1044 ἐπὶ
3226 989 3302 1061 τῷ
3335 989 3436 1044 τῶν
3459 990 3645 1062 ἀςρόνιιιν

469 1093 786 1166 ὀνειδισμῷ.

541 1187 681 1243 Hinc
736 1187 884 1242 enim
923 1201 1048 1242 cum
1089 1185 1296 1241 Davide
1337 1186 1603 1256 propheta
1649 1183 1705 1238 in
1751 1198 1848 1239 eos
1891 1183 2056 1237 etiam

471 1290 699 1350 questus
725 1278 1076 1349 prorumpit:
1111 1297 1131 1328 ι
1167 1276 1304 1332 Ecce
1339 1277 1429 1332 isti
1467 1285 1780 1348 peccatores
1804 1286 1858 1330 et
1885 1275 2060 1330 abun-

473 1374 666 1427 dantes
690 1372 744 1426 in
777 1371 1036 1425 saeculum
1075 1368 1433 1424 obtinuerunt
1462 1369 1681 1424 divitias
1704 1369 1772 1433 ⁸⁷,
1809 1383 1828 1417 ι
1860 1366 1924 1422 Et
1947 1367 2056 1421 ite-

475 1479 597 1530 rum
627 1481 641 1515 :
669 1481 688 1514 ‹
710 1461 810 1516 Mei
836 1471 1017 1516 autem
1046 1476 1182 1530 pene
1209 1461 1340 1514 moti
1372 1469 1505 1515 sunt
1533 1460 1720 1530 pedes,
1744 1474 1884 1530 pene
1900 1458 2060 1513 eﬂ'usi

475 1564 604 1607 sunt
643 1566 864 1622 gressus
905 1551 1052 1616 mei;
1103 1551 1232 1622 quia
1285 1551 1456 1606 zelavi
1505 1565 1673 1621 super
1709 1559 2056 1620 peccatores,

477 1659 664 1713 pacem
689 1652 1036 1713 peccatorum
1061 1642 1250 1696 videns
1271 1641 1338 1696 ⁸⁸.
1364 1661 1383 1694 ι
1409 1641 1488 1695 Ae
1510 1657 1731 1696 rursum
1757 1659 1771 1696 :
1800 1660 1818 1693 ι
1845 1639 2056 1711 Usque~

476 1749 586 1801 quo
617 1730 774 1800 173
805 1739 1142 1800 peccatores,
1167 1729 1415 1792 Domine,
1437 1745 1725 1802 usquequo
1745 1738 2062 1800 peccatores

475 1821 858 1890 gloriabuntur
882 1838 895 1873 :
931 1819 1241 1874 eﬂ'abuntur
1270 1830 1324 1874 et
1353 1821 1648 1889 loquentur
1677 1821 2052 1890 iniquitatem,

477 1911 769 1980 loquentur
812 1924 1040 1973 omnes,
1079 1911 1174 1980 qui
1220 1921 1515 1982 operantur
1559 1911 1886 1980 injustitiam
1916 1911 2000 1966 "1’
2039 1929 2057 1962 ι

476 2004 657 2069 Atque
683 2001 850 2056 etiam
885 2015 1011 2056 cum
1040 2000 1277 2058 Jeremia
1308 2019 1326 2056 :
1370 2019 1390 2054 ι
1419 2001 1602 2068 Quare
1629 2002 1718 2057 via
1761 2003 2055 2074 impiorum

475 2103 831 2163 prosperatur
856 2093 900 2124 '°
926 2095 949 2146 ?
981 2112 1001 2146 ο
1028 2103 1082 2148 et
1105 2111 1230 2150 cum
1261 2095 1464 2150 athleta
1504 2094 1597 2150 illo
1641 2095 1858 2164 pietatis
1877 2095 2018 2152 Jobo
2043 2119 2062 2158 ε

482 2202 502 2236 ι
535 2183 771 2239 Gemens
785 2183 1056 2238 dimittam
1076 2185 1361 2240 adversum
1386 2201 1512 2238 eum
1539 2184 1819 2254 eloquium
1849 2201 2054 2252 meum,

480 2277 679 2345 loquar
723 2277 778 2328 in
809 2275 1175 2330 amaritudine
1201 2277 1400 2331 anima:
1441 2291 1608 2339 mete,
1649 2287 1704 2332 et
1739 2277 1920 2332 dicam
1957 2276 2066 2332 Do-

481 2369 652 2431 mino,
683 2366 759 2421 Ne
787 2383 874 2422 me
905 2367 1130 2437 impium
1155 2381 1276 2422 esse
1307 2368 1539 2429 doceas;
1574 2376 1630 2424 et
1669 2384 1836 2440 quare
1866 2383 1953 2424 me
1983 2370 2064 2424 sic

478 2457 788 2527 jmlirasti?
818 2473 886 2513 an
921 2459 1124 2512 bonum
1155 2466 1240 2512 est
1267 2457 1388 2526 tibi,
1425 2459 1471 2513 si
1497 2459 1684 2530 inique
1713 2475 1910 2530 egero,
1931 2462 2063 2532 quia

487 2549 787 2620 repudiasti
815 2565 978 2621 opera
1011 2565 1270 2605 manuum
1301 2567 1545 2607 mearum
1567 2591 1584 2615 ,
1607 2561 1661 2607 et
1683 2553 1748 2607 ad
1770 2553 2060 2609 consilium

485 2641 777 2710 impiorum
808 2641 1277 2696 animadvertisti?
1319 2657 1448 2697 num
1485 2651 1547 2698 ut
1590 2643 1756 2699 homo
1787 2645 1970 2712 videt,
2004 2655 2062 2700 tu

481 2737 768 2808 despectas
798 2734 946 2808 (b3)?
979 2755 998 2789 ι
1745 2726 1751 2732 ’

554 2829 879 2900 Huiusmodi
948 2844 1078 2900 ergo
1139 2829 1193 2884 in
1258 2845 1545 2886 sermones
1603 2831 1850 2901 sapiente
1897 2831 2061 2886 etiam

481 2923 738 2993 prolapso
769 2923 842 2976 ob
871 2923 1168 2978 instructas
1212 2923 1316 2978 sibi
1361 2939 1392 2978 a
1430 2923 1616 2979 stultis
1659 2923 1966 2980 calumnias
2007 2933 2062 2979 et

2165 2919 2258 2974 τοῦ
2291 2919 2458 2989 σοφοῦ
2484 2921 2574 2975 διά
2600 2921 2699 2992 τὴν
2727 2921 2839 2975 τῶν
2868 2923 3124 2992 ἀφρόνων
3145 2925 3439 2996 γενομένην
3467 2919 3656 2986 eum
3768 2933 3769 2950 ‘

488 3023 778 3085 perpetuas
807 3015 1122 3070 eorumdem
1169 3015 1590 3070 obtrectationes
1633 3023 1691 3070 et
1727 3015 1972 3072 convicia
2009 3025 2064 3071 et

491 3107 754 3172 ludibria;
780 3121 904 3162 cum
943 3106 1032 3160 ille
1061 3105 1294 3161 subinde
1323 3106 1392 3160 ad
1432 3121 1491 3160 se
1521 3105 1631 3160 cito
1662 3106 1866 3170 redeat,
1889 3115 1944 3160 et
1973 3121 2065 3162 sn-

487 3196 930 3267 pervenientibus
960 3195 1061 3263 ipsi
1090 3193 1250 3248 facile
1272 3235 1285 3255 .
1333 3204 1395 3249 ut
1437 3195 1677 3248 humana
1715 3195 2066 3251 imbecillitas

488 3291 627 3351 l‘ert,
659 3287 1120 3358 cogitationibus,
1150 3301 1274 3354 qua:
1303 3285 1480 3339 virum
1511 3300 1618 3339 non
1645 3284 1909 3351 deceant,
1943 3286 2068 3340 ani-

489 3394 638 3432 mum
670 3379 798 3433 item
834 3393 897 3434 ac
925 3379 1166 3448 linguam
1212 3379 1279 3432 ad
1314 3379 1612 3450 gratiarum
1643 3379 1911 3435 actionem
1945 3397 2067 3436 rur-

486 3483 609 3522 sum
639 3477 950 3534 convertat,
983 3479 1147 3538 atque
1188 3469 1255 3523 ad
1282 3469 1499 3524 laudem
1527 3470 1720 3539 optimi
1759 3471 2066 3528 Conditoris

487 3557 661 3613 nostri
688 3557 782 3612 Dei
807 3573 872 3614 ac
901 3559 1134 3623 Domini,
1157 3559 1252 3630 qui
1276 3560 1464 3616 omnia
1485 3559 1750 3618 divinitus
1775 3562 2087 3644 ponderant;

486 3649 709 3720 etjusta
745 3649 902 3705 lance
933 3651 1216 3705 hominum
1255 3666 1344 3707 res
1437 3653 1814 3718 amdinistrat,
1851 3655 2086 3725 sapien-'

487 3752 572 3798 ter
597 3743 823 3797 omnino
855 3751 1018 3810 atque
1046 3741 1284 3810 utiliter;
1317 3744 1520 3800 idcirco
1543 3744 1762 3815 sapiens
1795 3743 2083 3802 Ecclesia?

473 3847 584 3892 stes
597 3832 828 3904 subjecit
857 3835 1108 3904 protinus
1133 3851 1149 3888 ι

2230 1175 2456 1247 Πρόεισι
2507 1174 2618 1244 γὰρ
2676 1173 2932 1230 ἐντεῦθεν
2975 1174 3072 1228 καὶ
3101 1175 3180 1238 είς
3235 1173 3296 1228 τὸ
3319 1173 3524 1244 φάσκειν
3551 1173 3650 1244 μετὰ
3719 1222 3724 1227 ,

2157 1266 2254 1323 τοῦ
2286 1267 2572 1339 προφήτου
2625 1266 2828 1320 Δαϐίδο
2855 1285 2875 1318 ι
2925 1266 3060 1320 Ἰδοὺ
3109 1259 3255 1320 οὗτοι
3296 1264 3573 1336 ἁμαρτωλοὶ
3589 1266 3653 1317 καὶ

2157 1357 2520 1426 εὐθηνοῠντες
2553 1359 2634 1420 εἰς
2687 1357 2778 1410 τὸν
2819 1357 3021 1421 αἰῶνα,
3076 1357 3336 1426 κατέσχον
3386 1356 3609 1409 πλούτον”
3635 1373 3650 1404 ι

2158 1451 2256 1505 καὶ
2286 1450 2472 1513 πάλιν,
2519 1466 2540 1500 ι
2589 1447 2756 1517 Ἐμοῦ
2785 1447 2846 1501 δὲ
2894 1447 3048 1518 παρά
3109 1449 3301 1517 μικρὸν
3357 1445 3655 1516 ἑσαλεύθησαν

2159 1543 2211 1594 oi
2260 1542 2458 1600 πόδεςο
2490 1541 2622 1611 παρ’
2657 1539 2839 1606 ὀλίγον
2887 1538 3230 1610 ἐξεχύθησαν
3297 1538 3365 1592 τὰ
3408 1536 3658 1608 διασημαεὰ

2167 1651 2272 1705 μου
2293 1651 2307 1665 ·
2341 1635 2425 1687 ὅτι
2456 1633 2710 1704 ἐζήλωσα
2751 1633 2849 1688 ἐπὶ
2893 1635 3009 1696 τοῖς
3035 1633 3260 1702 ἀνόμοις
3299 1635 3500 1705 εἰρήνην
3525 1633 3657 1700 ἀμαρ-

2163 1725 2353 1780 τωλῶν
2379 1725 2624 1796 θεωρῶν.
2665 1743 2686 1777 ι
2715 1724 2830 1781 Καὶ
2857 1723 3044 1790 πάλιν,
3078 1744 3100 1777 ε
3138 1725 3281 1789 Ἕως
3309 1726 3428 1778 πότε
3455 1725 3657 1794 ἀμαρτιιιο

2163 1817 2269 1882 λοὶ,
2295 1816 2493 1889 Κύριε,
2515 1815 2622 1881 ἕως
2647 1817 2774 1870 πότε
2793 1817 3115 1889 ἁμαρτωλοὶ
3147 1818 3489 1890 καυχήσονται
3511 1834 3524 1849 ·
3542 1817 3660 1886 φθέγ-

2165 1909 2350 1975 ξονται
2377 1910 2474 1963 καὶ
2517 1909 2851 1981 λαλήσουσιν
2901 1910 3122 1964 ἀδικίαν
3145 1928 3164 1944 ο
3196 1909 3500 1982 λαλήσουσι⁸
3513 1909 3658 1970 πάντες

2164 2003 2216 2054 ot
2245 1999 2608 2072 ἐργαζόμενοι
2635 1999 2737 2071 τὴν
2767 2001 3004 2072 ἀνομίαν
3030 2017 3045 2066 ;
3073 2021 3093 2054 ι
3128 2003 3242 2057 Καὶ
3269 2001 3442 2074 μέντοι
3460 2003 3540 2056 καὶ
3564 2002 3660 2072 μιιὰ

2165 2092 2260 2145 τοῦ
2289 2091 2555 2162 Ἰερεμίου
2582 2107 2596 2122 ·
2637 2111 2656 2142 ι
2682 2091 2748 2145 Τί
2770 2092 2854 2146 ὅτι
2877 2093 2998 2156 ὁδὸς
3019 2093 3238 2147 ἀσεϐῶν
3259 2093 3540 2158 εὐοδοῦται;
3565 2092 3660 2144 ικαὶ

2167 2185 2330 2239 πάλιν
2364 2185 2505 2255 μετὰ
2533 2183 2628 2238 τοῦ
2651 2183 2891 2254 ἀθλητοῦ
2921 2186 3024 2254 τῆς
3047 2186 3332 2250 εὐσεϐείας
3361 2185 3470 2240 ἰὡδ
3489 2201 3501 2217 ·
3525 2202 3543 2236 ι
3575 2185 3664 2238 Στέο

2166 2293 2274 2331 νων
2295 2277 2495 2345 ἀφήσω
2527 2275 2612 2328 ἐπ’
2647 2276 2812 2330 αὐτὸν
2861 2276 2930 2331 τά
2984 2277 3216 2349 ῥήματά
3254 2293 3388 2348 μου·
3415 2276 3596 2346 λαλήσω
3623 2274 3660 2326 δὲ

2165 2367 2366 2439 πικρίᾳ
2387 2367 2570 2439 ψυχῆς
2603 2369 2990 2440 συνεχόμενος,
3025 2371 3124 2423 καὶ
3156 2369 3268 2442 ὲρῶ
3309 2368 3437 2441 πρὸς
3476 2365 3658 2438 Κύριον·

2163 2461 2257 2531 Μή
2293 2476 2364 2530 με
2387 2460 2608 2514 ἀσεϐεῖν
2636 2461 2859 2516 δίδασκε
2881 2478 2898 2492 ⁶
2931 2461 3027 2516 καὶ
3055 2463 3152 2516 διὰ
3190 2464 3246 2516 τί
3279 2480 3344 2534 με
3383 2462 3534 2525 οὕτως
3555 2461 3662 2530 Expi-

2164 2568 2260 2618 νας
2291 2570 2308 2620 ;
2344 2553 2379 2625 ἢ
2415 2553 2580 2607 καλόν
2616 2570 2724 2618 σοι,
2754 2554 2851 2607 ὲάν
2895 2553 3166 2625 ἀδικήσω,
3213 2557 3296 2611 ὃτι
3334 2557 3544 2617 ἀπεῖπας
3567 2553 3662 2623 ιργι

2164 2645 2370 2716 χειρῶν
2407 2661 2534 2716 μου,
2571 2644 2736 2716 βουλῇ
2775 2645 2835 2698 δὲ
2862 2646 3078 2700 ἀσεύῶν
3113 2647 3410 2718 προσέσχες
3438 2643 3660 2714 mima:

2165 2737 2194 2790 ὁ
2229 2735 2420 2807 βροτδς
2447 2739 2572 2810 ὁρᾷ,
2613 2737 2899 2809 καθορᾷς;
2939 2756 2959 2789 ι

2237 2829 2382 2899 Πρὸς
2414 2831 2542 2894 τοὺς
2575 2830 2858 2895 τοιούτους
2885 2826 2982 2884 οὖν
3008 2830 3208 2900 λόγους
3236 2829 3658 2902 ὐπενεχθέντοςισὶ

2167 3011 2540 3081 συκοφαντίαν
2568 3014 2664 3066 καὶ
2690 3013 2946 3086 διαϐολὴν
2977 3016 3210 3087 συνεχῆ,
3241 3019 3340 3072 καὶ
3371 3016 3458 3070 τὸν
3493 3011 3649 3078 mre

2165 3099 2312 3154 λωτα
2365 3101 2461 3153 καὶ⁹
2501 3099 2604 3170 τὴν
2656 3103 2986 3174 παροινίαν·
3021 3100 3150 3158 εἶτα
3189 3104 3352 3161 πάλιν
3377 3105 3548 3159 θᾶττον
3567 3099 3652 3170 sy}

2165 3190 2360 3243 ἑαυτὸν
2387 3193 2728 3257 ἐπανιόντος,
2757 3194 2855 3248 καὶ
2883 3194 2998 3248 τῶν
3023 3196 3166 3266 πρὸς
3197 3196 3392 3268 μικρὸν
3411 3190 3659 3248 ὲπανελθυιι-

2167 3281 2280 3334 σῶν
2315 3283 2465 3354 αὐτῷ
2500 3283 2575 3354 μὴ
2608 3285 3008 3356 προσηκουσῶν
3063 3287 3417 3359 ἐνθυμήσεων
3443 3286 3494 3352 ἐξ
3513 3283 3662 3354 avet»

2167 3373 2334 3444 πίνης
2375 3374 2774 3445 μικροψυχίας,
2819 3377 2916 3429 καὶ
2946 3377 3115 3432 πάλιν
3145 3381 3287 3450 πρὸς
3309 3379 3588 3449 εὐχάριστον
3604 3373 3663 3424 αἶ’

2167 3481 2318 3518 νεσιν
2349 3465 2447 3518 καὶ
2474 3464 2787 3534 δοξολογίαν
2813 3466 2912 3520 καὶ
2935 3466 3034 3538 τὴν
3056 3467 3296 3540 καρδίαν
3317 3469 3410 3523 καὶ
3433 3466 3522 3536 τὴν
3541 3461 3664 3532 γλῶτ-

2160 3573 2262 3610 ταν
2291 3557 2615 3627 κινήσαντος
2641 3557 2741 3629 τὴν
2771 3557 2909 3630 πρὸς
2936 3557 3030 3612 τὸν
3066 3561 3278 3629 ἀγαθὸν
3322 3561 3471 3632 ἡμῶν
3493 3553 3667 3623 [locum

2162 3650 2256 3701 καὶ
2310 3647 2445 3701 Θεὸν
2498 3649 2593 3701 καὶ
2636 3649 2944 3721 Δεσπότην,
2973 3649 3038 3704 τὸ
3067 3651 3143 3706 τά
3191 3653 3370 3708 πάντα
3419 3645 3664 3725 θεοπρεπῶς

2145 3738 2584 3808 παλαντεύοντα,
2616 3741 2710 3794 καὶ
2766 3741 2955 3814 δικαίᾳ
2992 3745 3246 3818 τρυτάνῃ
3302 3745 3370 3798 τά
3419 3739 3666 3813 ἀνθρώπια

2168 3831 2466 3900 πανσόφως
2537 3833 2848 3888 διοικοῦντα
2902 3835 2996 3889 καὶ
3051 3837 3476 3908 συμφερόντωςο
3501 3829 3665 3900 ἀμίαις

2163 3921 2448 3992 ἐπήγαγεν
2475 3924 2503 3976 ό
2536 3923 2701 3992 σοφὸς
2741 3923 3186 3996 Ἐκκλησιαστης
3205 3942 3224 3959 ο

2066 4057 2186 4130 gx.

565 4166 731 4226 Vsus.
764 4171 816 4226 9.
862 4171 1066 4226 Bonum
1097 4183 1174 4229 est
1205 4175 1546 4230 novissimum
1575 4189 1877 4232 sermonum
1905 4195 2064 4250 super

2249 4182 2456 4253 Ἁγαθὶρ
2485 4182 2716 4255 ἐσχάτη
2739 4183 2946 4255 λόγων
2965 4185 3122 4257 ὑπὲρ
3139 4185 3341 4258 ἀρχὴν
3357 4173 3541 4242 αὑτοῦ.

486 4263 810 4332 principium
843 4262 984 4332 ejus.

563 4349 888 4414 Sermones,
935 4353 1030 4422 qui
1061 4354 1300 4424 primum
1333 4371 1398 4410 ex
1435 4356 1671 4412 humana
1709 4359 2022 4417 inllrmitate
2047 4401 2063 4428 .

492 4453 659 4512 atque
687 4443 740 4496 in
774 4441 892 4513 ipsa
923 4445 1124 4499 mentis
1156 4447 1564 4516 perturbatione
1595 4449 1857 4505 adversus
1879 4451 2064 4519 ,Deum

490 4549 810 4601 supremum
842 4535 1038 4606 prolati
1061 4549 1210 4604 sunt,
1239 4547 1380 4594 utut
1407 4554 1436 4594 ιι
1466 4554 1626 4595 servo
1651 4541 1950 4611 prodierint
1977 4545 2068 4614 pio

489 4635 656 4696 atque
691 4627 974 4694 benevolo,
1011 4642 1077 4684 ac
1103 4627 1316 4686 Domini
1341 4641 1550 4687 tantum
1584 4647 1782 4688 causas
1814 4633 2070 4702 ignoran-

492 4721 578 4778 te,
625 4714 668 4767 si
707 4729 830 4770 cum
872 4733 938 4772 eo
971 4734 1226 4776 sermone
1272 4737 1587 4790 compares,
1622 4722 1716 4792 qui
1753 4737 1782 4776 a
1827 4726 2070 4793 sapiente

490 4804 699 4858 scilicet
737 4808 841 4862 sub
871 4809 1033 4864 linem
1065 4815 1450 4882 pronuntiatus
1479 4825 1584 4881 est,
1612 4818 1818 4886 quique
1849 4818 2068 4874 laudem

489 4896 738 4950 continet
776 4907 830 4952 et
863 4901 1161 4968 gratiarum
1201 4905 1470 4960 actionem
1515 4905 1583 4962 de
1614 4907 1902 4974 omnibus,
1949 4923 2072 4978 quae

493 5002 590 5058 per
611 4987 800 5043 orbem
831 4989 1306 5062 administrantur,
1333 4993 1424 5052 hic
1450 4997 1642 5067 utique
1671 4999 1846 5054 multo
1875 5000 2070 5056 melior

489 5089 544 5134 et
579 5080 910 5138 conveniens
935 5097 999 5136 ac
1023 5093 1422 5142 consentaneus
1455 5088 1778 5157 reperiatur.
1809 5087 1946 5146 Nam
1973 5091 2069 5160 qui

488 5185 680 5227 ret-era
714 5175 932 5243 sapiens
961 5174 1032 5229 sit
1055 5213 1071 5236 ,
1111 5177 1376 5247 quidquid
1402 5178 1546 5234 circa
1584 5179 1868 5236 hominum
1895 5182 2065 5238 vitam

487 5262 847 5318 constitutum
879 5265 1058 5321 videat
1091 5280 1158 5322 ac
1191 5277 1416 5336 noscat,
1449 5269 1521 5326 ita
1552 5271 1713 5328 debet
1732 5272 2021 5330 admittere
2047 5316 2062 5341 ,

2237 4360 2362 4416 Τῶν
2389 4362 2450 4428 ἐξ
2477 4363 2832 4438 ἀνθρωπίνης
2889 4367 3269 4442 μικροψυχίας
3301 4369 3415 4424 κατ’
3431 4364 3578 4438 ἀρχάς
3601 4355 3666 4412 καὶ

2165 4453 2262 4507 τοῦ
2321 4455 2486 4510 σάλου
2521 4458 2629 4510 τῶν
2655 4458 2939 4530 λογισμῶν
2973 4461 3354 4532 προελθόντων
3393 4459 3542 4528 λόγων
3572 4450 3666 4523 πρὸς

2167 4546 2262 4601 τὸν
2293 4548 2388 4601 ἐπὶ
2425 4549 2648 4604 πάντων
2688 4551 2843 4615 Θεδν,
2899 4554 3260 4625 ἀγιοπρεπῶς
3314 4555 3408 4626 μὲν
3453 4551 3533 4605 καὶ
3557 4547 3665 4610 δίκην

2169 4639 2518 4712 εὐγνώμονος
2543 4643 2778 4710 οἰκέτου,
2811 4644 2910 4710 τὰς
2963 4646 3146 4712 αἰτίας
3185 4647 3245 4701 δὲ
3285 4648 3346 4701 οὐ
3383 4639 3662 4716 γινώσκοντας

2172 4731 2282 4784 τῶν
2317 4731 2424 4784 ὑπὸ
2450 4732 2548 4786 τοῦ
2577 4735 2856 4790 Δεσπὸτου
2878 4736 3279 4809 διοικουμένων
3300 4754 3314 4768 ·
3335 4737 3435 4790 ὐπὸ
3449 4732 3532 4788 τοῦ
3549 4723 3664 4796 σοφώ

2169 4821 2372 4894 δηλαδὴ
2429 4827 2977 4898 προσαγορευθέντος
3006 4831 3041 4901 ἡ
3068 4825 3159 4882 ἐπ’
3185 4831 3424 4900 ὲσχάτων
3469 4817 3664 4894 γινομένη

2165 4911 2276 4965 τῶν
2297 4913 2472 4983 λόγων
2509 4917 2938 4990 εὐχαριστήριος
2964 4921 3177 4986 αῐνεσις
3211 4921 3351 4992 ὑπὲρ
3391 4917 3572 4973 πάντων
3590 4905 3664 4960 τῶν

2164 5004 2308 5058 κατά
2370 5005 2581 5074 κόσμον
2609 5009 3023 5082 διοικουμένων,
3053 5011 3239 5084 ἀγαθὴ
3288 5011 3474 5083 μᾶλλον
3493 5003 3660 5074 εὕρηται

2165 5095 2260 5148 καὶ
2317 5095 2604 5166 πρέπουσα
2656 5100 2750 5152 καὶ
2795 5103 3160 5173 κατάλληλος.
3209 5104 3272 5157 '0
3303 5103 3407 5172 γὰρ
3447 5096 3580 5166 σοφὸς
3608 5085 3661 5152 τίὲ

2161 5186 2278 5240 om
2313 5188 2421 5240 πᾶν
2448 5187 2478 5241 ὃ
2511 5186 2700 5259 βλέπει
2731 5193 2827 5245 καὶ
2871 5193 3236 5262 διαγινώσκει
3265 5192 3587 5260 διοικούμενον
3604 5178 3660 5238 Eli

2160 5277 2264 5349 τὴν
2281 5279 2631 5353 ἀνθρωπίνην
2653 5283 2824 5354 ζωὴν,
2848 5280 2968 5355 μετ’
2985 5284 3338 5358 εὐχαριστίας
3355 5282 3535 5356 ὀφείλει
3547 5285 3664 5347 ερον

561 5441 606 5474 "
647 5439 791 5499 l’sal.
827 5459 970 5499 Lxxn
1000 5484 1018 5510 ,
1050 5445 1134 5498 l2.
1205 5443 1252 5478 δ’
1291 5446 1426 5503 ibid.
1455 5447 1510 5504 2,
1579 5451 1623 5482 δ’
1653 5449 1796 5507 Psal.
1821 5467 1980 5531 xcntt
2012 5452 2064 5508 5.

2165 5455 2192 5486 "
2222 5455 2428 5512 Jerem.
2475 5473 2551 5512 xu
2577 5498 2590 5522 ,
2618 5459 2669 5512 1.
2711 5481 2716 5488 ’

555 5615 678 5683 (65)
719 5620 821 5674 Job
844 5638 898 5686 χ,
939 5626 953 5678 l
987 5639 1140 5698 seqq.
1177 5627 1281 5684 Sed
1315 5630 1456 5700 apud
1489 5629 1624 5687 LXX
1650 5632 1899 5704 legimus,
1927 5635 2012 5689 ὅτι
2051 5638 2064 5691 t'

2165 5636 2270 5694 ίπω
2301 5641 2435 5715 ἔργα
2468 5646 2672 5718 χειρῶν
2703 5665 2936 5706 σου......
