3958 6208
195 262 354 328 109.5

1256 259 1335 317 IN
1384 257 1960 318 ECCLESIASTEN-
2001 285 2066 292 -
2101 260 2250 318 LIB.
2291 258 2423 318 VII.

3334 256 3472 321 1026

277 372 438 426 οὕτω
481 371 579 441 μὲν
609 365 701 424 οὖν
733 369 794 423 τὸ
836 369 1008 442 παρὸν
1056 368 1218 440 ῥητὸν
1263 368 1590 438 διεσάφησεν
1641 369 1670 420 ὁ
1699 368 1784 420 λό-

1958 368 2051 424 Sic
2099 369 2266 439 igitur
2324 369 2650 425 sententiam
2683 369 2824 423 hanc
2862 383 3116 424 sermone
3147 378 3336 425 nostro
3369 389 3470 426 ex—

201 480 330 533 γος,
357 463 456 516 καὶ⁷
481 463 582 531 τὴν
607 461 716 517 ἀπὸ
747 461 847 531 τῆς
875 460 1029 523 θείας
1060 459 1253 527 σοφίας
1281 458 1536 530 βοήθειαν
1561 459 1794 530 ὑπερτέ-

203 549 314 627 ραν
349 551 522 618 ἔδειξε
563 553 664 622 τῆς
697 553 959 625 ἀρῤωγῆς
992 551 1089 604 καὶ
1134 549 1230 602 τοῦ
1265 549 1642 620 συνασπισμοῦ
1684 549 1792 602 τῶν

198 647 266 704 ἐν
301 646 370 713 τῇ
402 643 552 696 πόλει
577 643 714 696 δέκα
739 641 1104 709 ἑξουσιαστῶν
1134 658 1194 694 τε
1221 641 1319 694 καὶ
1346 641 1454 694 τῶν
1495 639 1789 702 δυναστῶν,

205 730 404 794 ἁπλῶς
449 730 624 794 οὕτως
678 731 1149 803 παραληφθέντων
1195 729 1472 802 αίσθητῶς
1517 729 1661 784 κατὰ
1699 731 1792 782 τὸν

203 826 507 894 πρόχειρον
531 822 628 876 τοῦ
675 823 1004 892 γράμματος
1030 821 1176 876 νοῦν.
1205 823 1272 876 El
1314 821 1375 876 δὲ
1401 821 1793 892 βουληθείημεν

207 916 316 970 καὶ
343 916 490 968 κατά
519 914 612 967 τὸν
635 914 738 985 τῆς
764 916 1058 984 ἀναγωγῆς
1085 914 1243 982 λόγον
1266 913 1598 984 διασαφῆσαι
1624 914 1688 966 τὸ
1713 917 1792 967 εί-

207 1008 474 1080 ρημένον,
510 1006 675 1061 πάλιν
719 1007 819 1077 μὲν
847 1007 1203 1079 ἐκληψόμεθα
1243 1007 1339 1060 τοῦ
1367 1005 1660 1078 ἀνθρώπου
1693 1007 1795 1077 τὴν

204 1098 376 1166 φύσιν
405 1097 504 1152 καὶ
529 1097 634 1168 τὴν
665 1097 988 1162 ὑπόστασιν,
1027 1101 1088 1151 ὲν
1199 1097 1340 1151 δέκα
1383 1097 1526 1152 εἰσὶν
1563 1099 1610 1151 οί
1640 1097 1793 1164 ῖξου-

207 1190 518 1255 σιάζοντες,
568 1189 815 1260 δηλονάτι
859 1190 962 1260 τῆς
989 1189 1169 1260 ψυχῆς
1199 1190 1256 1243 al
1299 1189 1462 1244 πέντε
1509 1188 1790 1258 δυνάμεις,

204 1281 358 1346 νοῦς,
388 1280 620 1344 διάνοια,
649 1280 920 1350 φαντασία
949 1280 1044 1334 καὶ
1088 1279 1218 1345 δόξα
1249 1280 1346 1333 καὶ
1377 1279 1653 1350 αίσθησις.
1696 1278 1794 1332 καὶ

205 1370 377 1423 πέντε
405 1369 502 1422 τοῦ
545 1369 820 1438 σώματος,
849 1371 1059 1440 ὅρασις.
1096 1369 1254 1440 ἀκοὴ,
1283 1369 1572 1440 ὄσφρησις,
1605 1369 1794 1433 γεῦσις

207 1460 308 1514 καὶ
335 1460 471 1531 ἁφὴ,
499 1461 566 1513 δι’
602 1454 678 1513 ὧν
709 1459 936 1531 εὓρηται
980 1461 1090 1526 ζῶν
1119 1462 1216 1514 καὶ
1247 1461 1668 1531 πολιτευόμενος
1699 1463 1794 1516 καὶ

206 1549 585 1620 διοικούμενος
625 1551 656 1602 6
703 1553 857 1615 ἐντὸς
903 1536 1001 1605 καὶ
1055 1552 1215 1616 ὲκτδς
1258 1553 1422 1623 ἡμῶν
1471 1551 1789 1622 ἄνθρωπος·

208 1638 352 1693 ἀλλὰ
387 1637 492 1708 τῆς
517 1638 729 1692 ἀνωθεν
757 1640 953 1709 σοφίας
989 1639 1258 1710 ἀπούσης,
1287 1641 1442 1695 οὐδὲν
1487 1641 1793 1696 ἀπόνασθαι

209 1729 435 1798 δύναται
478 1729 590 1784 τῶν
620 1731 882 1786 τοιούτων
907 1733 966 1802 ,ἡ
1011 1732 1434 1803 παραληφθεῖσα
1465 1731 1562 1784 νῦν
1607 1733 1792 1796 πόλιςο

218 1820 386 1877 παντὶ
415 1820 525 1892 γὰρ
561 1821 708 1890 σάλῳ
735 1821 831 1875 καὶ
872 1820 1103 1874 κλύδωνι
1129 1821 1238 1875 τῶν
1267 1822 1418 1892 παρὰ
1446 1821 1555 1874 τῶν
1587 1819 1794 1890 νοητῶν

218 1912 323 1968 καὶ
345 1912 452 1966 τῶν
500 1911 776 1982 αἰσθητῶν
813 1911 1096 1982 δυσμενῶν
1137 1913 1644 1983 ἀναῤῥιπιζομένων
1676 1929 1796 1982 τρι-

219 2000 441 2071 κυμιῶν
491 2000 588 2054 καὶ
641 2001 1522 2069 καταιγίδωνεκαταϐαπτίζεται,
1577 2003 1671 2055 καὶ
1715 1999 1794 2072 τῷ

218 2091 368 2162 βυθῷ
399 2090 795 2155 κατολισθαίνει
821 2093 920 2160 τῆς
952 2091 1246 2163 ἁμαρτίας.
1281 2088 1377 2156 Οἷς
1415 2091 1475 2146 δὲ
1503 2092 1792 2162 πρόσεστιν

185 2183 250 2259 ,ἡ
303 2179 512 2235 ἄνωθεν
569 2179 766 2249 σοφία,
821 2179 1081 2249 βοήθειαν
1133 2181 1348 2234 δίδωσιν
1407 2181 1794 2252 ἀλκιμωτάτην

217 2272 362 2342 ὑπὲρ
392 2272 522 2336 τοὺς
559 2271 884 2342 εἰρημένους
931 2271 1067 2324 δέκα
1112 2272 1240 2334 τοὺς
1283 2269 1694 2335 ὲξουσιάζοντας
1735 2273 1792 2324 ἐν

217 2367 283 2434 τῇ
317 2362 735 2434 παραληφθείσῃ
763 2363 942 2427 πόλει,
967 2362 1064 2415 καὶ
1093 2361 1357 2432 μηδαμῶς
1394 2363 1566 2432 αὐτὴν
1593 2362 1794 2416 διασώ-

218 2474 442 2521 σαντας.

290 2551 414 2613 Πῶς
441 2545 534 2602 οὖν
563 2549 686 2618 οὐχὶ
712 2547 774 2600 τὸ
800 2547 984 2600 πλεῖον
1012 2547 1157 2616 ἔχειν
1187 2548 1220 2615 ἠ
1270 2546 1432 2615 σοφία
1465 2545 1794 2617 δοξασθήσε-

217 2657 307 2694 ται
335 2640 436 2708 τῆς
467 2639 810 2708 ἀντιλήψεως
859 2638 953 2691 καὶ
989 2637 1263 2707 βοηθείας,
1295 2637 1362 2689 δι’
1391 2632 1458 2707 ἧς
1486 2636 1795 2707 ἀπόρθητον

218 2732 312 2786 καὶ
342 2731 622 2794 παντελῶς
655 2731 1083 2800 ἀπροσμάχητον
1127 2731 1238 2792 τοῖς
1281 2729 1596 2792 ἀντιπάλοις
1627 2731 1796 2780 ἐναπ-

217 2826 385 2894 έφηνε
412 2823 511 2894 τὴν
552 2823 730 2885 πόλιν,
761 2825 818 2876 ὲν
847 2816 991 2896 ᾗπέρ
1020 2822 1172 2886 ἐστι;
1204 2819 1289 2873 διὰ
1333 2821 1492 2873 τοῦτό
1522 2837 1653 2890 φησι
1703 2822 1797 2872 καὶ

221 2915 429 2979 Παῦλος
467 2918 496 2969 6
544 2914 722 2985 μέγας
775 2911 1088 2977 ἀπόστολος,
1127 2931 1146 2964 ι
1213 2913 1301 2967 Ἐν
1343 2917 1508 2982 σοφίᾳ
1555 2929 1796 2981 περιπα-

219 3009 359 3062 τεῖτε
417 3007 552 3078 πρὸς
597 3006 727 3070 τοὺς
773 3004 1006 3069 ἔξωθεν·
1045 3025 1065 3056 ι
1107 3003 1299 3072 σοφίαν
1337 3002 1638 3074 ὀνομάζων,
1673 3003 1796 3074 οὐχὶ

217 3099 314 3171 τὴν
342 3099 438 3152 ἐπὶ
476 3101 543 3168 τῇ
577 3095 839 3167 ἀναλήψει
863 3096 973 3150 τῶν
1012 3094 1247 3167 θύραθεν
1280 3095 1616 3165 μαθημάτων
1654 3093 1794 3162 λαμ-

221 3191 547 3260 ὃανομένην.
569 3187 707 3242 ἀλλὰ
731 3188 831 3259 τὴν
861 3186 954 3240 διὰ
979 3187 1090 3239 τῶν
1119 3185 1344 3254 ἀγαθῶν
1373 3186 1468 3242 καὶ¹
1490 3177 1808 3238 σπουδαίων

221 3283 398 3354 ῐργων
448 3279 1033 3351 χαρακτηριζομένην,
1069 3279 1189 3349 ἥτις
1246 3279 1492 3332 κατοικεῖ
1533 3279 1592 3330 ὲν
1631 3279 1796 3330 παντὶ

221 3373 297 3444 τῷ
323 3371 678 3443 κατορθοῦντι
718 3372 816 3442 τὴν
843 3370 1064 3439 ἁγνείαν
1093 3371 1190 3424 καὶ
1233 3369 1332 3434 τὴν
1375 3368 1661 3439 είρηναίαν
1695 3385 1794 3421 καό

223 3464 479 3520 τάστασιν
521 3461 618 3515 καὶ
659 3460 758 3532 τὴν
783 3459 1086 3514 ἐπιείκειαν
1117 3461 1212 3513 καὶ
1238 3459 1337 3535 τὴν
1360 3458 1670 3512 εὐπείθειαν
1701 3459 1796 3511 καὶ

225 3555 322 3624 τὴν
349 3551 718 3624 ἐλεημοσύνην
749 3551 842 3604 καὶ
862 3552 990 3614 τοὺς
1017 3550 1213 3614 ἀλλους
1240 3549 1368 3614 τοὺς
1391 3549 1634 3618 ἀγαθοὺς
1663 3565 1798 3620 καρ-

227 3640 382 3706 πούς.
413 3640 511 3695 Διά
542 3641 702 3695 τοῦτο
727 3640 820 3694 καί
847 3640 953 3694 πού
983 3657 1149 3710 φησιν
1178 3641 1211 3708 ή
1238 3639 1422 3709 βίϐλος
1443 3638 1537 3691 τοῦ
1561 3637 1794 3706 ἀθλητοῦ

223 3733 322 3802 τῆς
345 3731 626 3794 εὐσεϐείας
671 3730 823 3784 Ἰὼϐ·
863 3749 881 3782 ι
923 3725 1092 3785 Εἶπεν
1128 3731 1158 3782 6
1186 3729 1318 3792 Θεὸς
1353 3728 1430 3798 τῷ
1477 3726 1752 3798 ἀνθρώπῳ
1777 3745 1792 3759 ·

237 3821 368 3875 Ἰδοὺ
398 3823 432 3890 ἡ
471 3818 752 3874 θεοσέϐεια
783 3819 904 3872 ἐστὶ
951 3819 1136 3888 σοφία,
1172 3817 1234 3870 τὸ
1270 3817 1326 3870 δὲ
1357 3803 1659 3887 ἀπέχεσθαι
1687 3816 1796 3870 ἀπὸ

225 3911 410 3964 κακῶν
443 3910 594 3962 ἐστὶν
634 3909 933 3979 ἐπιστήμη.
993 3928 1011 3960 ι
1061 3909 1172 3978 Τὴν
1223 3907 1477 3976 τοιαύτην
1519 3903 1611 3960 οὖν
1651 3905 1795 3976 ἔχειν

227 4001 416 4069 σοφίαν
471 4001 565 4052 καὶ
602 4001 762 4068 ἡμεῖς
809 4000 956 4071 πάσῃ
989 3999 1217 4067 δυνάμει
1256 3999 1672 4068 σπουδάσωμεν,
1709 3999 1796 4052 ἵνα

225 4091 620 4163 περισώσωμεν
667 4089 899 4152 ἕκαστος
925 4089 1024 4160 τὴν
1057 4090 1191 4142 ἰδίαν
1223 4089 1377 4143 πόλιν
1413 4077 1520 4142 ἀπὸ
1559 4089 1667 4144 τῶν
1700 4103 1796 4140 πο-

224 4179 584 4252 λιορκούντων
622 4180 792 4248 αὐτὴν
823 4178 1094 4250 αἰσθητῶν
1155 4180 1246 4232 καὶ
1297 4179 1499 4251 νοητῶν
1551 4180 1795 4250 ἐφέδρων

226 4274 317 4326 καὶ
346 4273 649 4351 δυσμενῶν.

1893 459 2198 526 posuimus,
2267 458 2574 527 divinaeque
2625 458 2906 527 sapientiae
2942 459 3207 513 auxilium
3241 473 3343 529 ope
3381 461 3469 514 illa

1890 556 1944 601 et
1983 548 2306 604 defensione
2339 549 2691 617 praestantius
2727 548 3092 614 ostendimus,
3141 564 3307 619 quam
3368 551 3470 603 ha-

1892 637 2022 693 bere
2057 639 2252 694 civitas
2284 637 2461 708 possit
2489 655 2520 692 a
2541 639 2867 694 decemviris
2901 639 2953 692 in
3007 641 3122 708 ipsa
3177 641 3469 694 dominatu.

1893 729 2038 784 tibus
2068 747 2082 782 :
2139 729 2308 784 Verba
2340 745 2535 799 nempe
2564 730 2891 799 simpliciter
2927 739 3113 800 atque,
3157 741 3218 784 ut
3250 737 3466 790 sonant.

1891 817 2213 886 planissime
2252 817 2614 885 interpretati.
2650 819 2709 872 Si
2739 833 2876 872 vero
2900 819 3108 874 dictum
3143 819 3276 873 illud
3300 821 3466 873 etiam

1893 909 1960 962 ad
1987 923 2260 978 anagoges
2285 908 2530 963 rationes
2565 909 2842 978 explicare
2898 910 3154 973 velimus,
3209 918 3464 965 naturam

1857 997 2372 1064 ‘cooditionemque
2404 997 2640 1056 hominis
2670 999 3092 1064 constituemus,
3119 991 3188 1052 in
3219 1015 3326 1068 qua
3369 1001 3469 1054 de.-

1891 1102 2008 1142 cem
2059 1099 2210 1152 sunt,
2234 1088 2328 1156 qui
2374 1096 2700 1158 potestatem
2733 1098 3011 1152 exercent,
3043 1090 3286 1159 quinque
3323 1090 3470 1144 scili-

1892 1187 1980 1234 cet
2007 1179 2206 1234 animae
2236 1178 2546 1256 facultates,
2588 1179 2966 1248 intelligentia,
3009 1181 3285 1251 cogitatio,
3323 1180 3466 1234 ima--

1891 1270 2118 1340 ginatio,
2163 1270 2374 1339 opinio,
2397 1285 2616 1332 sensus,
2649 1281 2706 1324 et
2739 1271 2978 1340 quinque
2999 1271 3265 1338 cerporis,
3290 1272 3464 1332 visus,

1892 1361 2134 1423 auditus,
2171 1359 2457 1437 odoratus,
2507 1372 2721 1431 gustus,
2777 1369 2976 1423 tactus,
3025 1377 3146 1429 quze
3186 1362 3462 1416 hominem
3499 1391 3506 1398 -

1893 1452 2035 1506 intra
2063 1451 2268 1520 pariter
2289 1459 2451 1520 atque
2477 1461 2632 1506 extra
2667 1453 2846 1505 vivere
2891 1462 2945 1506 et
2994 1452 3109 1506 vice
3161 1469 3260 1508 sua
3315 1454 3463 1520 fungi

1892 1543 2212 1598 declarant:
2256 1551 2314 1597 at
2345 1543 2392 1597 si
2436 1543 2681 1598 caelestis
2730 1543 2994 1625 sapientia
3038 1543 3293 1607 abfuerit,
3328 1546 3465 1598 nihil

1895 1636 2020 1690 inde
2054 1635 2306 1691 utilitatis
2356 1649 2443 1696 ea,
2501 1633 2568 1688 de
2619 1650 2726 1704 qua
2784 1651 2930 1688 nunc
2981 1635 3214 1703 agimus,
3272 1636 3468 1690 civitas

1895 1728 2178 1797 percipere
2217 1732 2415 1794 potest.
2452 1724 2646 1778 Totius
2692 1725 2836 1777 enim
2875 1725 3042 1779 maris
3079 1737 3210 1780 aestu
3240 1743 3306 1782 ac
3347 1743 3470 1796 pro-

1895 1818 2048 1873 cellis
2074 1827 2129 1872 et
2160 1817 2416 1873 lluctilms
2457 1818 2797 1872 internornm
2824 1817 2976 1886 191
3007 1827 3468 1888 extet-noruntque

1895 1913 2136 1966 hostium
2163 1910 2347 1964 furore
2376 1909 2666 1965 concitatis
2709 1910 2982 1973 obruitur,
3041 1918 3096 1963 et
3153 1910 3206 1962 in
3261 1915 3465 1980 peccati

1894 2000 2107 2070 gurgite
2153 2001 2506 2070 demergitur.
2555 1999 2764 2065 Quibus
2811 2009 2990 2053 autem
3032 2015 3263 2068 superna
3325 2002 3464 2054 adsit

1893 2091 2182 2161 sapientia,
2210 2091 2278 2145 iis
2313 2090 2486 2145 multo
2520 2089 2732 2144 firmius
2761 2089 3024 2144 auxilium
3057 2089 3278 2158 praebet.
3300 2106 3464 2158 quam

1894 2183 2084 2238 decem
2117 2182 2214 2242 illi.
2245 2197 2382 2252 quos
2413 2181 2467 2235 in
2494 2181 2597 2234 hac
2624 2183 2845 2235 civitate
2867 2190 3192 2249 potestatem
3215 2197 3468 2236 exercere

1894 2275 2155 2341 diximus,
2188 2288 2289 2329 nec
2325 2281 2505 2328 tamen
2547 2287 2765 2327 servare
2797 2282 3113 2341 potuerunt.

1965 2538 2164 2606 Quidni
2191 2554 2320 2608 ergo
2349 2539 2602 2608 majusin
2639 2539 2904 2608 sapientia
2958 2539 3274 2614 praesidium
3311 2541 3470 2594 auxi-

1897 2631 2142 2700 liumque
2159 2630 2402 2698 positum
2433 2631 2704 2692 videatur,
2731 2630 2892 2699 cujus
2912 2644 3014 2698 ope
3039 2632 3471 2700 inexpugnabilis

1895 2731 1951 2775 et
1997 2722 2248 2778 hostibus
2302 2719 2529 2774 omnino
2587 2719 2846 2788 impervia
2904 2720 3102 2774 civitas
3131 2721 3242 2784 flat,
3277 2722 3329 2775 in
3361 2739 3470 2791 qua
3518 2717 3521 2720 ’

1899 2813 2016 2880 ipsa
2069 2820 2320 2866 versetur
2345 2811 2370 2863 ?
2423 2817 2718 2878 propterea
2772 2817 2826 2863 et
2859 2809 3059 2865 Paulus
3084 2827 3313 2882 magnus
3344 2829 3476 2881 apo-

1899 2903 2077 2956 stolus
2106 2903 2230 2955 ait:
2273 2919 2293 2950 ι
2332 2902 2388 2954 In
2436 2901 2706 2967 sapientia
2763 2901 3037 2956 ambulate
3089 2903 3153 2956 ad
3209 2919 3326 2962 eos.
3378 2905 3473 2972 qui

1821 3029 1865 3086 ε
1900 2992 2036 3048 foris
2069 3001 2198 3047 sunt
2235 2991 2317 3055 ⁶³;
2351 3011 2368 3043 ι
2404 2991 2727 3059 sapientiam
2759 2992 3037 3060 appellans
3071 3008 3180 3048 non
3203 3009 3322 3048 eam
3353 3012 3475 3064 qua!

1897 3092 2248 3139 externarum
2309 3081 2724 3148 disciplinarum
2792 3083 3039 3137 subsidio
3106 3096 3473 3154 comparatur,

1897 3178 1990 3231 sed
2025 3191 2146 3246 qua:
2182 3175 2476 3229 virtutibus
2509 3183 2564 3228 et
2592 3183 2757 3245 ,recte
2805 3174 2961 3229 factis
2981 3191 3042 3230 se
3093 3179 3290 3246 prodit,
3334 3186 3388 3232 et
3421 3180 3476 3231 in

1897 3281 2226 3336 unoquoque
2261 3265 2489 3321 habitat.
2528 3265 2624 3334 qui
2664 3265 2984 3334 pudicitiam
3017 3277 3068 3319 et
3103 3270 3474 3321 mansuetudi-

1895 3372 2018 3410 nem
2055 3367 2108 3412 et
2139 3357 2450 3426 aequitatem
2481 3367 2534 3410 et
2564 3355 2928 3412 obedientiam
2960 3366 3012 3411 et
3039 3356 3475 3412 misericordiam

1895 3456 1951 3501 et
1977 3455 2206 3500 caeteros
2247 3446 2422 3500 bonos
2464 3445 2676 3501 fructus
2705 3451 3073 3501 consectetur.
3118 3445 3324 3500 Idcirco
3355 3446 3478 3500 Johi

1898 3551 2121 3607 quoque
2151 3536 2369 3591 athleta:
2405 3536 2624 3606 pietatis
2663 3535 2799 3590 liber
2831 3536 3070 3605 quodam
3103 3535 3159 3589 in
3196 3536 3320 3590 loco
3365 3536 3478 3590 haec

1848 3648 1852 3652 ί
1899 3628 2066 3683 habet
2106 3645 2121 3681 :
2159 3645 2180 3680 ι
2221 3626 2370 3680 Dixit
2406 3627 2548 3684 Deus
2585 3626 2802 3680 homini
2843 3644 2856 3680 :
2890 3625 3028 3680 Ecce
3060 3626 3220 3683 timor
3262 3627 3478 3680 Domini

1899 3720 2014 3787 ipsa
2047 3728 2132 3776 est
2161 3719 2455 3788 Sapientia,
2492 3726 2546 3772 et
2597 3717 2855 3771 recedere
2897 3733 2926 3770 a
2987 3718 3132 3770 malo
3173 3717 3480 3785 intelligen-

1899 3807 2086 3860 tia“.i
2111 3805 2282 3858 Porro
2315 3803 2635 3872 sapientiam
2670 3803 2984 3869 huiusmodi
3015 3820 3113 3856 nos
3143 3805 3304 3856 etiam
3327 3805 3478 3857 omni

1898 3893 2250 3950 contentione
2275 3893 2475 3948 habere
2502 3892 2840 3957 Studeamus,
2868 3901 2926 3944 ut
2948 3894 3216 3960 propriam
3247 3895 3480 3963 quisque

1898 3989 2172 4042 civitatem
2211 3986 2280 4039 ab
2317 3993 2755 4054 oppugnatorum
2804 3984 2926 4040 telis
2977 3995 3032 4038 et
3085 3985 3326 4040 hostium
3359 4001 3482 4041 cor-

1900 4077 2048 4146 poris
2077 4083 2240 4142 atque
2269 4073 2436 4128 animi
2471 4072 2758 4128 obsidione
2790 4071 3156 4148 vitnliccmus.

300 4366 364 4418 Ὃ
402 4363 458 4417 δέ
491 4381 656 4432 φησιν
683 4405 700 4428 ,
732 4380 752 4414 ι
789 4362 912 4416 Ὅτι
947 4361 1234 4432 ἀνοριιιπος
1281 4363 1381 4416 οὐκ
1428 4363 1543 4428 ἔστι
1586 4364 1794 4428 δίκαιος

1960 4371 2128 4439 Quod
2167 4382 2348 4428 autem
2378 4372 2524 4428 addit
2561 4391 2575 4426 :
2612 4391 2631 4424 ι
2661 4371 2800 4439 Quia
2834 4375 3000 4428 homo
3036 4389 3148 4429 non
3183 4381 3266 4430 est
3292 4376 3478 4445 justus

225 4456 281 4508 ἐν
326 4457 393 4525 τῇ
441 4456 537 4524 τῇ,
585 4455 644 4516 ὃς
680 4455 896 4522 ποιήσει
941 4453 1168 4520 ἀγαθὸν,
1217 4455 1313 4505 καὶ
1351 4455 1447 4524 οὐχ
1478 4455 1796 4527 ἁμαρτήσε-

225 4562 335 4612 ται,
376 4565 394 4597 ι
431 4545 570 4616 πρὸς
599 4544 818 4597 πλείονα
861 4543 1367 4615 ταπεινοφροσύνην
1415 4545 1629 4599 ἕλκεται
1667 4550 1796 4612 τοὺς

226 4637 546 4704 ἀκούοντας,
591 4636 730 4706 πρὸς
773 4635 834 4688 τὸ
867 4635 1009 4688 κατά
1039 4638 1101 4688 τὸ
1135 4636 1336 4706 μᾶλλον
1383 4635 1660 4706 ἐπιζητεῖν
1697 4638 1797 4710 τὴν

223 4727 430 4782 ἄνωθεν
465 4727 658 4795 σοφίαν
691 4729 782 4780 καὶ
829 4728 928 4796 τὴν
975 4727 1188 4779 ἐκεῖθεν
1211 4725 1490 4796 βοήθειαν,
1527 4727 1603 4792 ὡς
1633 4729 1796 4784 οὐδα-

230 4817 344 4887 μῶς
399 4816 740 4888 ὲξισχύοντος
797 4813 893 4868 τοῦ
952 4815 1242 4884 ἀνθρώπου
1295 4814 1640 4885 κατορθῶσαι
1693 4819 1796 4889 τὴν

225 4907 686 4980 ἀ[να]μαρτησίαν
716 4908 810 4960 ἐπὶ
838 4909 936 4976 τῆς
961 4905 1087 4974 γῆς,
1105 4905 1208 4957 οὐκ
1229 4903 1442 4974 ἔχοντος
1462 4905 1560 4976 τὴν
1587 4907 1796 4962 ἀνωθεν

225 4997 479 5072 ἁρῤωγὴν
509 4999 603 5052 καὶ
645 4997 960 5069 συνεργίαν.
1011 4997 1164 5056 [lutei
1219 4995 1320 5065 μὲν
1345 4994 1406 5047 τὸ
1444 4995 1650 5070 ἀγαθὸν
1699 4999 1795 5052 ἄν-

223 5093 461 5157 θρωπος,
496 5090 594 5144 καὶ
619 5089 740 5150 ταῖς
769 5088 1028 5156 φυσικαῖς
1058 5085 1333 5155 ἐπιμένων
1363 5085 1458 5139 καὶ
1496 5091 1795 5160 στοιχειοῦ-

295 5213 341 5243 ⁸³
377 5211 588 5266 Coloss.
630 5227 704 5275 tv,
871 5210 918 5242 “
935 5207 1039 5264 Job
1063 5223 1260 5271 xxvm,
1284 5207 1377 5262 28.

295 5328 410 5398 (87)
449 5327 623 5394 Quam
669 5327 758 5382 hic
803 5325 994 5380 Noster
1027 5327 1418 5398 interpretatur
1461 5322 1803 5382 Ecclesiaste

224 5393 574 5464 sententiam,
621 5413 682 5452 ea
729 5406 834 5457 est,
864 5411 970 5466 qua
1022 5395 1322 5466 Calviniani
1371 5393 1694 5461 abutuntur,
1743 5409 1799 5453 ut

224 5473 494 5538 justorum
523 5470 686 5522 etiam
735 5467 873 5538 facta
915 5465 1100 5518 nuntia
1136 5479 1241 5517 non
1287 5466 1448 5538 modo
1480 5466 1794 5538 non_bona,

228 5533 318 5592 sed
362 5541 524 5592 etiam
556 5548 774 5607 peccata
809 5537 984 5607 plane
1025 5549 1146 5587 esse
1183 5533 1528 5607 contendant.
1583 5535 1792 5601 Quibus

230 5607 522 5676 Gregorius
558 5604 710 5661 'adeo
755 5606 1214 5676 adversatur.‘ut
1250 5604 1332 5676 ab
1380 5619 1572 5676 eorum
1621 5608 1785 5676 etiam

233 5673 486 5748 opinione
503 5676 828 5748 dissentiat,
868 5673 1213 5748 quiethnico
1249 5673 1473 5748 homini,
1503 5683 1556 5748 et
1578 5675 1784 5748 cuique

233 5737 391 5802 etiam
424 5746 518 5816 qui
557 5737 824 5801 charitate
870 5737 1050 5800 divina
1084 5752 1289 5808 careat,
1325 5741 1593 5814 quidquid
1642 5737 1774 5813 agit,

1902 4465 2148 4520 interra.
2184 4466 2276 4534 qui
2301 4463 2465 4520 faciet
2492 4465 2719 4532 bonum,
2752 4475 2806 4520 et
2843 4481 2948 4520 non
2989 4468 3256 4533 peccabit,
3299 4489 3317 4520 ι
3359 4471 3480 4523 ideo

1903 4561 2136 4620 spectat,
2175 4561 2232 4606 ut
2265 4553 2546 4606 auditores
2583 4553 2650 4604 ad
2685 4553 2852 4606 animi
2892 4553 3280 4609 demissionem
3307 4557 3476 4610 addu-

1903 4651 2012 4706 cat,
2075 4654 2126 4696 et
2173 4643 2242 4697 ad
2289 4643 2568 4698 caelestem
2615 4643 2940 4711 sapientiora
2979 4645 3141 4713 atque
3178 4659 3334 4714 opem
3371 4647 3474 4701 im-

1905 4733 2132 4804 pensius
2161 4733 2586 4803 inquirendam;
2621 4751 2745 4790 cum
2781 4735 2992 4804 peccati
3042 4735 3218 4790 labem
3267 4753 3465 4807 nequa-
3521 4789 3530 4802 ,

1903 4839 2070 4894 quam
2106 4823 2160 4879 in
2193 4825 2294 4880 hac
2326 4825 2434 4880 vita
2458 4824 2699 4895 effugere
2732 4825 2898 4880 homo
2948 4825 3150 4890 valeat,
3192 4827 3294 4882 nisi
3344 4806 3486 4882 sub-
3532 4806 3537 4816 ’

1903 4915 2104 4972 sidiam
2138 4918 2215 4971 illi
2241 4918 2618 4987 auxiliumque
2641 4918 2906 4973 divinitus
2928 4929 3132 4988 presto
3153 4919 3245 4975 sit.
3271 4919 3478 4976 Bonum

1902 5008 2123 5078 quidem
2178 5011 2294 5080 agit
2332 5011 2516 5071 homo.
2575 5021 2826 5066 naturam
2875 5027 3096 5081 quitque
3129 5025 3350 5069 secutus
3379 5007 3530 5084 σξη-ξ

1905 5115 2026 5156 cem
2061 5101 2175 5172 (87)
2207 5120 2220 5154 :
2253 5117 2443 5156 verum
2480 5101 2644 5156 facile
2677 5102 2976 5157 admodum
3019 5112 3286 5167 mutatur,
3320 5114 3374 5158 ct
3416 5106 3480 5156 ad
3517 5093 3521 5102 ’

1911 5333 2084 5403 culpa:
2110 5341 2349 5387 vcrlunt.
2403 5332 2613 5401 Quippe
2642 5331 2844 5403 diserte
2881 5330 3130 5395 afﬁrmat,
3164 5331 3366 5403 bonum
3393 5345 3479 5395 agt

1907 5401 2102 5458 abeo
2156 5418 2392 5472 quoque,
2445 5405 2540 5472 qui
2594 5402 2672 5456 vel
2723 5403 2846 5456 unis
2902 5411 3106 5455 natura:
3151 5401 3481 5472 prazscriptis

1903 5470 2229 5544 obsequitur
2255 5470 2304 5544 et
2353 5470 2554 5527 insistit
2585 5491 2596 5526 :
2633 5473 2884 5544 Rat-cati,-
2925 5472 3180 5540 φυσικαῖς
3203 5470 3480 5544 ᾷπιμῃένων

1902 5547 1996 5596 καὶ
2039 5539 2472 5612 στοιχειούμενος
2528 5539 2950 5612 καταστάσεσιν,
2997 5539 3252 5606 quamvis
3293 5539 3480 5612 divina

1899 5607 2560 5684 sapientia'sive:coalesti
2589 5613 2760 5677 gratia
2810 5609 3048 5684 nondum
3082 5617 3277 5663 auctus
3305 5607 3396 5679 sit,
3419 5616 3481 5663 ut

1899 5680 2093 5754 nempe
2126 5698 2190 5738 ex
2224 5683 2292 5737 iis
2319 5682 2511 5752 liquet,
2543 5697 2663 5751 qua:
2693 5680 2939 5750 protinus
2969 5687 3300 5748 sequuntur.
