3958 6208
1321 298 1372 317 ευ.

413 344 546 412 ιοιι

1471 351 1556 412 IN
1599 346 2178 413 ECCLESIASTEN-
2205 373 2276 385 ·-
2302 349 2453 410 LIB.
2483 347 2616 410 VII;

3525 339 3660 401 1022

408 457 572 511 τείτω
599 452 797 522 σοφοὺς
823 450 1028 522 ἄνδρας
1056 450 1149 504 καὶ
1179 453 1456 519 συνετοὺς,
1487 457 1614 520 τοὺς
1635 455 1706 510 τδ
1731 457 1991 528 θεωρητι-

2117 469 2196 520 es,
2229 453 2323 525 qui
2356 453 2594 508 nativam
2629 449 2797 506 animi
2827 450 2896 506 ad
2934 448 3334 522 diSpiciendum
3369 449 3666 520 agendum-

411 543 508 598 κδν
545 541 643 612 τῆς
693 539 898 611 ψυχῆς,
926 540 1024 594 καὶ
1059 539 1122 594 τδ
1171 542 1476 613 πρακτικδν
1532 545 1992 600 ἀνεπιϐούλευτον

410 629 930 700 διασώσανταςμκαί⁹
952 628 1040 683 διὰ
1066 630 1225 684 τοῦτο
1243 631 1574 704 δυναμένους
1602 635 1704 707 τὴν
1731 636 1992 708 ἀλήθειαν

413 723 732 794 ἀποκρίνειν
761 719 856 775 τοῦ
881 721 1128 792 ψεύδους,
1159 723 1256 776 καὶ
1279 721 1388 777 τῶν
1414 725 1771 798 ἐσφαλμένων
1793 727 1995 798 ὑπολή-

411 814 560 884 ψεων
593 811 958 867 ἀπαλλάττειν
1006 813 1134 877 τοὺς
1175 816 1626 885 προσφοιτῶντας
1667 819 1872 882 αὐτοῖς,
1898 819 1994 873 καὶ

416 903 556 974 πρὸς
606 903 706 967 τὰς
743 904 1024 973 ἀτραποὺς
1064 905 1165 976 τῆς
1207 906 1483 979 σωτηρίας
1529 909 1877 980 καθοδηγεῖν.
1928 911 1994 964 Οἱ

413 993 648 1049 τοιοῦτοι
675 993 785 1065 γὰρ
810 995 959 1048 ῖσασι
992 994 1090 1050 καὶ
1113 995 1268 1051 λύσιν
1297 998 1544 1070 ῥήματος
1573 999 1760 1054 δοῦναι
1796 1000 1995 1067 παντὸς

416 1085 818 1158 προϐληθέντος
857 1085 918 1152 ἐξ
969 1086 1226 1158 ἀπορίας,
1274 1089 1373 1143 καὶ
1403 1089 1639 1160 φωτίσαι
1673 1091 1770 1146 τοῦ
1819 1093 1997 1164 μαθη-

417 1175 642 1238 τιῶντος
692 1175 752 1228 τὸ
794 1175 985 1245 νοητὸν
1041 1179 1356 1248 πρόσωπον,
1398 1181 1475 1246 ὡς
1508 1183 1602 1236 καὶ
1642 1181 1805 1238 πάλιν
1832 1184 1996 1238 αὐτὸν

419 1265 506 1320 διὰ
541 1265 640 1336 τῆς
675 1266 884 1318 ἐκεῖθεν
915 1265 1062 1336 αὐτῷ
1086 1273 1522 1340 προσγεγονυίας
1549 1271 1760 1338 λύσεως
1781 1276 1874 1328 καὶ
1905 1291 1995 1328 σο-

421 1358 551 1425 φίας
577 1355 776 1420 ἄλλους
803 1357 1084 1422 φωτίζειν.
1111 1362 1174 1414 Οί
1204 1361 1318 1431 γὰρ
1339 1365 1397 1416 ὲν
1429 1365 1871 1438 μετριοφροσύνῃ
1901 1367 1998 1420 καὶ

421 1447 692 1518 πραότητι
721 1448 818 1502 καὶ
843 1447 1078 1503 διαθέσει
1111 1451 1341 1521 καρδίας
1380 1453 1724 1525 ἀπεριέργως
1766 1458 1880 1520 τοῖς
1907 1472 1998 1509 σο-

423 1541 544 1607 φοῖς
576 1538 918 1608 προσιόντες,
955 1539 1051 1594 καὶ
1086 1541 1463 1614 διδασκόμενοι
1511 1547 1641 1616 παρ’
1679 1546 1858 1600 αὐτῶν
1890 1546 1999 1600 τῶν

421 1629 760 1701 ἀσυμφόρων
785 1630 880 1684 καὶ
905 1630 1013 1685 τῶν
1031 1631 1324 1687 λυσιτελῶν
1350 1636 1450 1706 τὴν
1474 1637 1710 1705 γνῶσιν,-
1725 1639 2000 1710 ἀπρόσκο-

423 1735 524 1772 πον
553 1719 852 1774 καθιστῶσι
878 1721 978 1794 τὴν
1003 1723 1140 1777 ίδίαν
1169 1723 1342 1796 ζωήν.
1366 1726 1578 1800 ’Ὥσπερ
1602 1731 1631 1782 ό
1657 1729 1876 1801 ἀναιδὴς
1905 1729 2001 1784 καὶ

423 1811 774 1893 ὕπερήφανος
803 1811 898 1865 καὶ
932 1788 1303 1886 μεγάλαυχος,
1338 1788 1606 1887 μηδαμῶς
1639 1818 1718 1890 τῷ
1748 1788 2002 1875 διδασκα-
2031 1788 2073 1844 Β

425 1900 554 1970 λείῳ
578 1899 674 1954 τοῦ
701 1901 1011 1972 πνεύματος
1039 1905 1320 1976 προσιέναι
1352 1907 1702 1978 βουλόμενος,
1737 1911 2007 1982 στυγητὸς

429 1989 656 2062 εὕρηται
705 1993 802 2046 καὶ
853 1993 1087 2061 φευκτὸς
1129 1999 1242 2060 τοῖς
1275 2001 1519 2062 συνετοῖς
1559 1999 1653 2053 καὶ
1683 2004 1870 2072 σοφοῖς
1908 2003 2009 2072 τῆς

436 2081 570 2145 ίδίας
599 2082 973 2154 μεγαλαυχίας
1002 2083 1209 2156 ταύτην
1231 2087 1504 2159 εὑρίσκων
1524 2089 1624 2161 τὴν
1645 2091 1900 2163 ἀμοιϐήν.
1927 2091 2009 2147 Τὰ

433 2173 712 2244 πρέποντα
765 2176 876 2248 γὰρ
940 2177 1036 2232 καὶ
1087 2179 1440 2250 συμφέροντα
1498 2183 1689 2252 μαθεῖν
1741 2184 1846 2237 ὑπὸ
1899 2183 2008 2239 τῶν

431 2263 612 2332 σοφῶν
660 2266 761 2320 οὐκ
814 2266 1097 2339 ἐθελήσας,
1153 2269 1270 2323 ἀλλ’
1319 2273 1378 2325 ἐν
1427 2273 1848 2343 πονηρολογίαις
1910 2273 2006 2328 καὶ

429 2355 972 2426 ψευδορᾲημοσύναις
1035 2361 1548 2432 παρρησιαζόμενος
1609 2365 2001 2434 ἀναισχύντως,

432 2445 596 2510 αὐτὸς
622 2447 816 2502 ἑαυτὸν
839 2447 1130 2520 καθίστησι
1161 2452 1410 2522 μισητόν.
1444 2449 1580 2508 Εἶτά
1619 2471 1786 2527 φησιν
1821 2456 1850 2508 ὁ
1882 2455 2005 2509 Ἐκ-

436 2536 772 2608 κλησιαστής
805 2553 822 2568 ο

2092 561 2199 618 que
2229 545 2565 600 »facultatem
2624 542 2883 599 intactam
2936 542 3316 616 integramque
3368 541 3662 603 servarint.

2093 639 2276 708 itaque
2313 651 2444 691 vera
2479 652 2510 691 a
2540 635 2694 692 falsis
2723 649 3010 690 secernere
3035 637 3269 705 possint,
3297 645 3350 690 et
3393 633 3666 689 ventitan-

2093 737 2177 786 tes
2207 729 2274 785 ad
2303 742 2364 784 se
2388 739 2498 781 non
2545 727 2706 782 modo
2731 727 2802 781 ab
2831 740 3017 780 errore
3061 741 3338 792 revocare,
3380 726 3472 781 sed
3501 725 3665 780 etiam

2094 824 2152 878 in
2179 823 2404 878 semitas
2451 820 2645 877 salutis
2689 818 2978 874 deducere.
3007 816 3122 872 Viri
3171 819 3316 874 enim
3351 816 3664 888 liujusmodi

2094 903 2506 972 dissolutionem
2552 925 2771 982 quoque
2799 909 2950 964 verbi
2991 909 3262 979 cujusque
3300 923 3367 963 ex
3402 907 3670 977 ambigui-

2096 1015 2206 1063 tate
2249 1004 2516 1076 propositi
2552 1003 2780 1058 reddere
2824 1009 3055 1066 norunt,
3106 1009 3162 1055 et
3200 1000 3441 1057 discendi
3475 999 3671 1069 cupido

2097 1097 2298 1154 mentis
2328 1095 2540 1152 vultum
2572 1100 2725 1150 tanta
2749 1093 2872 1148 luce
2899 1089 3252 1162 perfundere,
3284 1099 3345 1145 ut
3373 1090 3488 1160 ipse
3509 1089 3669 1144 etiam

2099 1201 2210 1242 non
2240 1187 2444 1251 minus,
2471 1185 2542 1242 ob
2569 1183 2864 1240 enodatum
2889 1183 3177 1253 qumsitum
3211 1189 3266 1235 et
3295 1189 3504 1250 partam
3549 1180 3674 1234 inde

2099 1277 2468 1348 sapientiam,
2519 1275 2642 1330 aliis
2673 1275 2852 1330 lucem
2893 1271 3089 1328 afferre
3143 1270 3338 1340 possit.
3389 1268 3524 1322 Nam
3577 1269 3673 1338 qui

2101 1366 2380 1423 moderate
2406 1372 2703 1436 pacateque
2732 1372 2788 1418 et
2829 1361 3014 1417 animo
3044 1371 3236 1431 parato
3271 1376 3336 1416 ac
3370 1359 3674 1430 composito

2101 1458 2170 1514 ad
2198 1455 2473 1526 sapientes
2513 1453 2799 1518 accedunt,
2845 1459 3008 1520 atque
3038 1450 3107 1506 ab
3142 1451 3276 1519 ipsis
3307 1449 3672 1520 cOgnitionem

2101 1547 2364 1604 hauriunt
2405 1559 2620 1610 eorum,
2653 1558 2776 1614 qua:
2807 1549 3060 1607 noceant,
3099 1555 3329 1611 quaeque
3369 1539 3600 1610 prosint,
3638 1539 3675 1593 ii

2100 1641 2269 1696 vitam
2303 1653 2460 1694 suam
2501 1634 2682 1690 omnis
2712 1635 2872 1706 plane
2912 1631 3231 1688 offensionis
3258 1638 3536 1702 expertem
3575 1629 3678 1683 im-

2106 1742 2438 1800 munemque
2465 1727 2804 1782 constituant
2837 1743 2850 1778 :
2879 1738 3002 1778 cum
3030 1737 3061 1778 e
3083 1722 3364 1777 contrario
3391 1719 3678 1788 impudens

2105 1833 2158 1879 et
2184 1818 2439 1892 superbia
2473 1818 2724 1887 fastuque
2751 1815 2948 1880 elatus,
2978 1812 3073 1884 qui
3116 1813 3182 1866 ad
3215 1811 3382 1866 animi
3427 1809 3672 1865 scholam

2106 1914 2246 1969 itare
2279 1911 2438 1974 nolit,
2481 1910 2628 1964 hunc
2651 1904 3037 1964 ostentationis
3063 1918 3178 1958 sua:
3203 1901 3441 1957 fructum
3474 1900 3676 1970 capiat,

2111 2013 2172 2060 ut
2201 2019 2253 2057 tn
2293 1999 2644 2072 prudentium
2673 1995 3114 2066 sapientiumque
3161 1991 3346 2046 odium
3383 1998 3438 2046 et
3473 1989 3682 2044 aliena-

2109 2096 2314 2150 tionem
2365 2092 2632 2147 incurrat.
2667 2085 2722 2144 ls
2769 2087 2936 2154 enim,
2972 2085 3066 2156 qui
3115 2100 3146 2140 a
3190 2082 3526 2154 sapientibus
3559 2096 3682 2152 qua:

2106 2187 2357 2250 deceant,
2399 2195 2631 2252 quisque
2666 2179 2821 2234 utilia
2870 2179 3004 2242 sint,
3045 2177 3290 2252 ediscere
3325 2174 3586 2239 noluerit,
3629 2181 3683 2226 et

2110 2278 2165 2333 in
2189 2275 2374 2347 pravis
2410 2251 2590 2342 potius
2619 2269 2886 2340 falsisque
2920 2251 3265 2324 sermonibus
3299 2266 3469 2321 libere
3502 2265 3682 2334 impu-

2109 2369 2412 2436 denterque
2468 2378 2530 2419 se
2590 2368 2861 2427 exerceat,
2919 2359 3215 2427 semetipse
3272 2357 3339 2411 ad
3395 2371 3683 2413 commune

2111 2455 2298 2512 odium
2327 2453 2568 2524 exponit.
2606 2450 2768 2506 Addit
2799 2448 2999 2506 deinde
3035 2445 3392 2503 Ecclesiastes
3423 2463 3437 2500 :

2649 2605 2682 2629 Ν

1941 2662 1968 2734 §
2011 2659 2146 2716 vm.

508 2740 706 2808 Στόμα
743 2739 1053 2810 ,βασιλέως
1090 2745 1390 2814 φύλαξον,
1419 2749 1518 2803 καὶ
1547 2749 1680 2819 περὶ
1711 2751 1899 2822 λόγου
1926 2753 2014 2823 ὅρ-

440 2846 554 2882 κου
587 2828 736 2883 Θεοῦ
763 2829 853 2900 μὴ
891 2832 1191 2895 σπούδαζὶι
1211 2851 1226 2866 ο
1267 2835 1387 2890 ἀπὸ
1443 2838 1768 2905 προσώπου
1824 2841 2016 2896 αὐτοῦ

440 2917 709 2985 πορεύσῃ
731 2933 746 2950 ο
793 2918 880 2988 μὴ
931 2919 1088 2990 στῆς
1135 2921 1207 2976 ἐν
1244 2925 1406 2994 λόγῳ
1462 2925 1724 2994 πονηρῷ,
1763 2928 1854 2982 ὅτι
1889 2929 2016 2984 πᾶν

441 3003 474 3057 ὃ
515 3005 624 3060 ἐὰν
665 3008 905 3080 θελήσῃ
948 3010 1213 3081 ποιήσει,
1263 3013 1459 3082 καθὼς
1503 3015 1682 3070 λαλεῖ
1712 3017 2016 3086 ,βασιλεὺς

440 3097 806 3159 ἐὲουσιὰζων
822 3113 838 3130 ⁸
869 3103 968 3156 καί
997 3104 1088 3170 τις
1111 3103 1238 3172 ἐρεῖ
1255 3104 1437 3171 αὐτῷ,
1476 3108 1538 3162 Τί
1557 3107 1889 3178 excindite;

512 3191 966 3264 Εἰσηγησάμενος
993 3194 1094 3259 τὰς
1124 3195 1344 3268 ἀληθεῖς
1388 3199 1520 3270 περὶ
1549 3198 1686 3254 Θεοῦ
1725 3201 2014 3272 φυλάττειν

444 3281 763 3354 ὑπολήψεις,
793 3286 888 3340 καὶ
920 3287 1192 3358 μηδαμῶς
1217 3291 1667 3363 παραχαράττειν
1703 3294 1803 3364 τὴν
1829 3295 2016 3350 είκόνα

442 3373 544 3443 τῆς
581 3373 866 3438 εὐσεϐείας
909 3379 1023 3441 τοῖς
1068 3379 1330 3434 ἀκαλλέσι
1361 3383 1456 3435 καὶ
1489 3381 1828 3452 ψευδοδόξοις
1879 3383 2019 3456 χρώ-

449 3481 584 3533 μασι
614 3463 726 3518 τῶν
749 3466 810 3519 ὲν
838 3468 959 3530 ταῖς
997 3466 1420 3540 ἀστρολογικαῖς
1452 3471 1656 3544 ψήφοις
1681 3473 2016 3544 ἀσχολουμέ-

447 3572 575 3622 νων,
623 3555 760 3610 ἀλλὰ
796 3557 928 3627 μίαν
955 3557 1167 3612 οῖεσθαι
1207 3561 1304 3614 καὶ
1350 3565 1742 3633 καταγγέλλειν
1783 3567 2018 3637 ἀρχικὴν

451 3645 609 3715 φύσιν
655 3647 754 3718 τὴν
799 3649 922 3703 τότε
964 3649 1026 3703 τὸ
1073 3651 1183 3706 πᾶν
1205 3651 1560 3724 διεξάγουσαν
1587 3657 1878 3724 πανσόφως
1925 3657 2020 3709 καὶ

450 3740 858 3810 συμφερόντως,
899 3742 994 3795 καὶ⁹
1033 3741 1131 3811 τὴν
1172 3745 1407 3799 ἑκάστου
1435 3747 1762 3818 προαίρεσιν
1799 3748 1902 3818 τῆς
1933 3746 2020 3818 ἐφ’

447 3831 685 3901 ἑκάτερα
717 3831 916 3903 ῥοπῆς,
962 3833 1210 3904 δηλονότι
1240 3835 1349 3889 τῶν
1375 3837 1462 3905 ἐφ’
1491 3839 1627 3908 ἡμῖν
1669 3837 1897 3892 καὶτῶν
1920 3839 2022 3894 οὐκ

447 3920 533 3990 ἐφ’
554 3923 684 3993 ἡμῖν
709 3921 854 3993 ἔχειν
875 3922 976 3994 τὴν
996 3922 1270 3990 ἐξουσίαν’
1294 3927 1390 3982 νῦν
1412 3930 1496 3998 ἐφ’
1517 3930 1714 4000 ἑτέραν
1736 3931 2022 4000 εἰσήγησιν

449 4013 684 4082 μέτεισι,
711 4015 808 4068 καὶ
839 4019 1334 4088 κατασφαλίζεται,
1371 4021 1726 4094 μηδαμῶςτά
1755 4022 2020 4094 λελεγμέ-

447 4121 515 4158 να
553 4107 704 4175 παρὰ
731 4105 1000 4176 βασιλέως
1022 4110 1370 4182 δημοσιεύειν
1392 4153 1408 4177 ,
1441 4114 1531 4168 ἵνα
1576 4113 1653 4185 μὴ
1687 4114 2025 4186 πρόσκομμα

447 4194 545 4246 καὶ
589 4195 800 4250 σκῶλον
840 4196 978 4270 εὕρῃ
1021 4201 1118 4254 καὶ
1165 4201 1474 4274 πειρασμὸν
1513 4203 1772 4275 ἀνόνητον
1809 4207 1838 4258 ό
1865 4205 2025 4260 τοῦτο

448 4289 643 4342 ποιῶν.
695 4289 844 4343 Διότι
893 4291 988 4345 καί
1037 4292 1142 4346 πού
1204 4311 1338 4364 φησι
1390 4296 1450 4350 τὸ
1495 4297 1678 4366 λόγιον
1735 4299 1834 4370 τῆς
1873 4299 2026 4365 θείας

449 4379 710 4521 ξὲαφῆςο
780 4401 800 4434 ι
845 4383 1164 4456 Μυστήριον
1233 4385 1500 4456 βασιλέως
1573 4387 1862 4458 φυλάττειν
1927 4407 2025 4444 κα·

514 4487 564 4521 ν.
605 4491 624 4521 ι

483 4471 564 4526 όν.
605 4491 624 4524 ι

523 4563 761 4622 Ἔπειτα
811 4569 1216 4637 παρεγγυᾶται,
1280 4569 1375 4624 καὶ
1423 4570 1498 4641 μὴ
1558 4571 1849 4643 πρόχειρον
1887 4568 2027 4627 εἶναι

451 4651 590 4725 πρρς
642 4655 828 4724 ὅρκον,
885 4657 1021 4727 μηδὲ
1071 4657 1176 4728 τὴν
1222 4657 1469 4726 γλῶτταν
1525 4660 1805 4714 εύόλιοθον
1863 4656 2030 4715 οὖσαν

451 4747 758 4818 συγχωρεῖν
779 4745 953 4816 ὄνομα
980 4746 1118 4801 Θεοῦ
1149 4750 1413 4818 προάγειν
1447 4751 1528 4810 είς
1553 4752 1648 4814 τὰς
1678 4752 1897 4821 ὁμιλίας
1929 4751 2029 4815 τὰς

451 4833 590 4904 πρὸς
618 4835 746 4898 τοὺς
777 4835 972 4900 πέλας.
996 4837 1172 4891 Τοῦτο
1195 4839 1251 4892 δὲ
1279 4839 1464 4912 διττὴν
1489 4840 1600 4911 ἔχει
1619 4843 1720 4910 τὴν
1748 4841 1987 4912 ἔμφασιν
2013 4858 2028 4874 ⁸

451 4923 569 4996 ἢτδ
597 4924 864 4997 μηδαμῶς
889 4927 978 4981 ἐπ’
994 4927 1223 5000 ὀνόματι
1253 4929 1390 4984 Θεοῦ
1415 4930 1504 4986 διά
1518 4948 1638 4985 τινα
1663 4933 2030 5004 προκειμένην

525 5103 708 5178 (ιλΑι
733 5102 1145 5178 LXXAIiabcnt.
1169 5145 1182 5160 .
1205 5144 1220 5158 .
1251 5105 1698 5178 pijatrousdagg.
1721 5147 1735 5160 .
1761 5143 1776 5160 .
1800 5147 1814 5160 .
1843 5116 1899 5162 et
1927 5125 2035 5161 ita!

453 5173 562 5238 θῶς
582 5173 858 5244 βασιλεὺς
885 5175 1237 5240 ἐξουσιάζων,
1253 5173 1364 5229 ’κάι
1392 5176 1500 5240 τίς.
1519 5215 1532 5228 .
1553 5215 1566 5230 .
1587 5217 1600 5232 .
1617 5173 1874 5233 ’Ἀόοοιοι
1899 5193 2030 5232 vero

453 5245 898 5316 Olympiodorus,
950 5245 1122 5299 Ἀλλα
1163 5245 1222 5299 δὲ
1275 5245 1457 5316 βιϐλία
1511 5243 1696 5317 έχουσι
1733 5247 2030 5318 πορευθῆ-

455 5329 556 5368 ναι
565 5354 580 5368 ο

527 5385 602 5458 (5)
628 5382 765 5458 fl‘ob.
796 5399 900 5458 xit,
926 5384 978 5440 7.
1004 5384 1108 5458 sed
1134 5388 1275 5458 apud
1299 5387 1441 5443 LXX
1463 5388 1695 5458 legimus
1720 5389 2032 5458 Μυστήριον

458 5453 722 5537 eamea».
755 5453 919 5537 καλὸν
953 5453 1183 5537 κρύψαις
1214 5453 1534 5537 Ερὴιςευιηιιέ
1573 5458 1634 5537 in
1665 5453 2024 5537 Encomea-

457 5524 546 5599 εἰ).
573 5524 838 5599 κρύπτειν
865 5525 962 5599 μὲν
1121 5528 1227 5599 τὰς
1251 5524 1442 5599 βουλὰς
1463 5527 1575 5599 τῶν
1608 5527 1894 5599 βασιλέων,
1927 5545 2030 5580 κα-

455 5592 970 5668 λόνμμ-ρυιξ-(ξόίοὶι
998 5592 1148 5652 Non.
1181 5592 1364 5652 ECGr.
1401 5609 1438 5652 t.
1470 5597 1558 5661 Ill,
1683 5600 1798 5666 54.)

532 5663 618 5736 (6)
645 5665 704 5717 lu
745 5663 992 5739 Vulgatis
1040 5669 1304 5739 habemus
1339 5685 1352 5721 :
1390 5668 1500 5738 Ego
1543 5663 1792 5739 osf‘regi-s:
1819 5667 2032 5722 observo

457 5742 510 5792 cf
537 5744 796 5804 precepta
830 5736 1125 5804 juramenti
1171 5736 1304 5791 Dei:
1335 5736 1454 5810 (ιιιεὲ
1505 5736 1706 5794 melius
1755 5738 2034 5796 Hebraicis

2177 2747 2338 2820 202
2367 2747 2535 2804 Vens.
2570 2745 2692 2800 2-4.
2737 2743 2811 2802 Os
2863 2744 2998 2816 regis
3055 2739 3286 2808 custodi,
3325 2749 3375 2796 et
3423 2744 3488 2794 de
3532 2737 3684 2793 verba

2102 2839 2402 2910 juramenti
2430 2837 2530 2892 Dei
2583 2853 2647 2892 ne
2673 2843 2890 2906 satagas
2919 2851 2938 2890 :
2967 2851 3009 2898 α(
3030 2835 3170 2905 facie
3202 2833 3316 2902 ejus
3342 2829 3637 2884 ambulabis
3667 2843 3684 2880 :

2111 2947 2174 2986 ne
2205 2940 2311 2985 stes
2342 2931 2397 2984 in
2435 2929 2587 2984 verba
2636 2931 2798 2994 muto,
2838 2928 3094 2998 quoniam
3131 2943 3303 2991 omne,
3345 2924 3482 2996 quod
3511 2923 3688 2978 votue-

2113 3021 2210 3086 rit,
2234 3021 2416 3090 faciet,
2459 3021 2598 3074 sicut
2637 3019 2876 3089 loquitur
2908 3035 3000 3072 rex
3026 3024 3346 3090 potestatem
3372 3013 3569 3068 habens
3589 3028 3608 3080 ;
3636 3022 3686 3068 et

2113 3113 2232 3183 quis
2258 3111 2396 3166 dicet
2429 3111 2478 3164 ei
2501 3125 2520 3164 :
2552 3109 2696 3176 Quid
2727 3109 2863 3180 facis
2897 3109 3018 3182 (4)?

2183 3203 2483 3273 Postquam
2514 3201 2822 3265 admonuit,
2858 3208 2920 3254 ut
2948 3215 3104 3254 veras
3135 3197 3202 3254 de
3231 3197 3344 3254 Deo
3391 3195 3689 3252 sententias

2116 3303 2390 3360 tueamur,
2429 3308 2493 3348 ac
2525 3307 2594 3346 ne
2631 3290 2849 3361 pietatis
2891 3290 3184 3360 imaginem
3217 3287 3495 3344 indecoris
3535 3283 3688 3339 fuca-

2116 3390 2296 3457 tisque
2323 3400 2512 3440 eorum
2545 3382 2822 3438 coloribus
2861 3379 3252 3443 deformemus,
3295 3377 3390 3448 qui
3423 3392 3481 3432 se
3511 3386 3682 3430 astro-

2115 3469 2548 3549 logiae‘ealculis
2607 3474 2969 3541 dediderunt,
3022 3473 3213 3543 utique
3267 3471 3568 3526 sentiamus
3629 3483 3694 3520 ac

2118 3571 2476 3644 profltcamur
2520 3585 2684 3624 unam
2732 3583 2854 3624 esse
2907 3567 3208 3638 principem
3263 3574 3536 3626 naturam,
3573 3577 3694 3631 quae.

2119 3661 2278 3716 initio
2320 3661 2505 3715 omnia
2552 3660 2828 3730 sapienter
2871 3670 3037 3729 atque
3072 3659 3280 3714 utiliter
3325 3653 3612 3714 ordinarit,
3641 3661 3694 3706 et
3791 3659 3796 3665 '

2119 3751 2391 3806 voluntati
2423 3750 2693 3820 cujusque
2737 3751 2948 3815 datum,
2983 3761 3042 3803 ut
3079 3749 3133 3802 in
3168 3757 3458 3816 utramque
3484 3751 3692 3813 partem

2123 3842 2388 3898 inclinare
2445 3857 2506 3896 se
2555 3848 2760 3910 posset,
2822 3850 2931 3895 tam
2987 3841 3053 3894 ad
3102 3855 3166 3896 ea
3215 3854 3406 3909 nempe
3461 3851 3584 3906 quae
3640 3835 3694 3889 in

2123 3932 2284 3988 nobis
2311 3940 2460 3999 sunt,
2485 3945 2650 4002 quam
2681 3945 2802 4001 qua:
2849 3930 2903 3983 in
2947 3929 3106 3984 nobis
3141 3944 3248 3984 non
3285 3936 3412 3984 sunt
3439 3945 3451 3982 :
3481 3927 3594 3997 jam
3627 3925 3696 3979 ad

2124 4022 2349 4077 alteram
2395 4019 2822 4076 admonitionem
2872 4017 3087 4081 transit,
3134 4023 3194 4070 et
3231 4013 3532 4070 cavendum
3563 4026 3699 4080 pra:-

2125 4113 2332 4178 scribit,
2381 4128 2448 4166 ne
2483 4123 2721 4180 unquam
2765 4108 2908 4180 regis
2951 4109 3092 4162 dicta
3126 4105 3411 4176 vulgetuus
3447 4123 3460 4157 :
3492 4119 3558 4158 ne
3603 4101 3698 4172 qui

2125 4205 2232 4261 hoc
2268 4203 2479 4268 fecerit,
2521 4201 2780 4263 offendat,
2821 4215 3075 4270 magnum
3112 4198 3259 4253 nulla
3292 4197 3526 4250 utilitate
3557 4193 3700 4264 peri-

2127 4295 2310 4350 culum
2335 4293 2548 4350 subeat.
2578 4289 2946 4364 Quamobrem
2970 4287 3212 4356 quodam
3252 4287 3304 4340 in
3335 4286 3458 4339 loco
3487 4283 3700 4336 divina—

2127 4402 2250 4442 rum
2277 4385 2603 4456 Litterarum
2637 4383 2689 4436 id
2727 4397 2947 4452 quoque
2975 4389 3153 4436 exstat
3181 4377 3460 4434 oraculum
3491 4393 3506 4431 :
3537 4393 3556 4426 ι
3587 4373 3698 4445 My-

2058 4497 2102 4554 ι)
2132 4477 2358 4534 sterium
2389 4475 2533 4545 regis
2563 4472 2840 4526 custodire
2873 4471 3073 4540 bonum
3101 4478 3183 4524 est
3211 4467 3308 4541 (5).
3341 4486 3360 4519 ι

2199 4562 2461 4618 Hortatur
2509 4561 2738 4626 deinde,
2801 4575 2871 4615 ne
2929 4560 3220 4629 quisquam
3274 4557 3452 4613 facilis
3502 4556 3575 4612 sit
3633 4554 3700 4610 ad

2119 4654 2542 4728 jusjurandum,
2589 4666 2722 4707 neve
2781 4651 2940 4715 ferat,
2996 4660 3056 4705 ut
3104 4650 3286 4720 lingua
3332 4649 3386 4703 in
3434 4647 3701 4719 proximis

2127 4745 2466 4817 alloquendis
2506 4741 2602 4798 Dei
2637 4758 2832 4798 nomen
2870 4753 3074 4798 temere
3106 4741 3250 4797 ciere
3292 4749 3575 4797 assuescat
3601 4739 3698 4810 (6).

2123 4838 2181 4894 Id
2203 4847 2386 4894 autem
2418 4835 2692 4907 geminam
2729 4833 2893 4890 habet
2925 4832 3403 4904 signiﬁcationem,
3449 4847 3518 4888 ne
3553 4832 3706 4888 scili-

2125 4940 2214 4990 cet
2247 4931 2302 4985 in
2327 4928 2425 4984 Dei
2457 4927 2704 4996 nomine,
2735 4927 3052 4998 quicunque
3086 4941 3144 4982 se
3171 4933 3466 4996 praetextus
3488 4924 3698 4988 offerat,

2125 5105 2478 5176 respondent,
2503 5112 2556 5158 et
2582 5105 2722 5158 hanc
2748 5103 3071 5176 sententiam
3103 5103 3389 5176 continere
3413 5103 3697 5156 videatur:

2130 5173 2386 5247 Equidem
2429 5183 2538 5247 tatu
2593 5182 2912 5247 praeceptum
2946 5175 3098 5247 _r_egis
3144 5173 3460 5247 servandum
3498 5188 3700 5234 censeo,

2127 5243 2284 5318 quam
2305 5245 2444 5318 quod
2471 5243 2920 5318 Deojuravimus.
2946 5243 3042 5298 Vel
3085 5245 3247 5299 etiam
3268 5244 3488 5318 docent
3516 5251 3704 5318 sancte

2129 5312 2458 5386 servandum
2486 5315 2631 5386 regis
2660 5323 3011 5386 praeceptum,
3035 5312 3550 5386 cum_subdit_n_rnni_
3572 5312 3704 5364 tides

2124 5385 2485 5458 jurejurando
2517 5379 2754 5458 obligata
2782 5379 2892 5454 regi
2927 5384 3016 5458 sit.
3051 5385 3120 5437 At
3141 5382 3338 5438 Noster
3353 5379 3508 5458 _l._.XX
3539 5381 3702 5458 intrr-

2134 5450 2316 5528 prctes
2357 5450 2656 5528 sequitur,
2692 5461 2752 5528 et
2777 5450 2899 5528 qua:
2937 5455 2990 5506 in
3023 5469 3214 5528 eorum
3256 5450 3700 5528 verbis_ettiine_t,

2137 5519 2474 5596 sententiam
2509 5525 2750 5596 exponit.
2780 5519 3169 5596 Symmachus
3193 5521 3391 5596 habet:
3414 5521 3507 5596 Μῂ
3539 5519 3706 5573 σπεύ-

2141 5613 2260 5668 ene,
2287 5595 2430 5668 quod
2459 5589 2650 5668 eodem
2680 5589 3054 5668 recidit._§ive
3085 5591 3228 5647 enim
3257 5593 3405 5661 legas
3430 5589 3506 5660 μὴ
3532 5606 3703 5668 σπου-

2101 5733 2104 5735 ,
2139 5651 2330 5738 saepe,
2367 5667 2483 5720 sive
2513 5665 2588 5738 μὴ
2614 5664 2875 5738 σπεύσῃς,
2909 5664 3042 5718 illud
3084 5651 3388 5727 monemur,
3423 5651 3505 5716 ῑω’
3521 5661 3586 5716 ad
3613 5661 3712 5732 ju‘

2142 5735 2372 5793 randum
2397 5735 2668 5810 proclives
2695 5735 2890 5790 simus.
