3958 6208
659 245 785 262 *α’

325 325 480 392 iiii?

1347 327 1430 388 IN
1485 329 2066 390 ECCLESIASTEN.
2099 356 2168 367 -
2219 329 2369 391 LIB.
2410 330 2540 393 ΥΠ.

3433 330 3496 391 h';
3511 311 3576 392 εδ

317 433 424 492 τοῦ
443 431 642 502 σοφοῦ
669 430 970 503 δεδήλωκεν
993 429 1312 502 ὀνομασίας,
1340 432 1414 498 ὡς
1441 435 1474 506 ὴ
1497 435 1713 490 δοθεῖσα
1743 435 1895 506 παρά

2011 438 2150 494 .ione
2195 439 2524 509 signiﬁcavit
2559 460 2573 494 :
2615 436 2826 503 Sciant,
2872 438 3118 508 inquam,
3166 437 3235 493 de
3294 442 3574 504 mandatu,

315 538 463 589 τινος
487 523 680 595 ιντολὴ
705 523 898 596 καιρὸν
925 523 1060 578 ἴδιον
1082 523 1196 590 ἕξει
1223 527 1324 596 τῆς
1346 525 1604 597 κρίσεως,
1634 528 1694 581 ἐν
1724 520 1770 596 ᾧ
1795 527 1894 598 λή-

319 617 484 688 ψεται
516 617 618 681 τὰς
661 616 938 682 ἐξετάσεις
983 620 1082 673 καὶ
1108 619 1206 682 τὰς
1238 617 1465 690 ὲρεύνας
1489 619 1590 690 τῆς
1628 621 1770 676 κατὰ
1801 621 1899 691 τὴν

319 708 542 780 ἐντολὴν
569 707 812 777 δηλονότι
844 708 1096 778 φυλακῆς
1124 709 1158 780 ἢ
1186 708 1575 779 παραϐάσεως.
1594 709 1716 763 Ὅτι
1737 711 1903 764 παντὶ

321 801 610 874 πράγματι
643 798 1014 871 πληρουμένῳ
1042 799 1112 853 δι’
1145 799 1370 869 ἐντολῆς
1403 798 1464 865 ἐξ
1493 801 1744 871 ἀνάγκης
1770 802 1902 856 ἀκο-

320 890 504 947 λουθεῖ
518 891 708 962 καιρὸς
729 891 1033 957 ἐξετάσεως
1059 892 1155 946 καὶ
1181 891 1418 964 κρίσεως
1445 891 1581 964 πρὸς
1599 893 1901 965 ἀντάληψιν

319 982 593 1053 ἀποδοχῆς
620 981 654 1053 ἢ
689 981 1013 1052 καταδίκης.

390 1073 784 1145 Παρεγγυᾶται
815 1071 998 1128 τοίνυν
1039 1072 1140 1137 τὰς
1173 1073 1468 1146 δεδομένας
1500 1077 1743 1143 ἐντολάς,
1777 1077 1901 1134 ὅθεν

321 1165 389 1223 ἂν
409 1163 678 1236 εὐρεθῶσι
706 1163 1003 1234 διδόμεναι,
1032 1165 1322 1232 φυλάττειν
1349 1167 1407 1235 ἐξ
1437 1167 1700 1235 ἅπαντος,
1729 1171 1818 1226 διὰ
1841 1172 1902 1227 τὸ

325 1256 510 1326 μένειν
541 1255 642 1325 τὴν
676 1253 833 1326 ζωὴν
851 1255 946 1308 τοῦ
971 1255 1231 1321 λαϐόντος
1264 1262 1368 1328 τὴν
1395 1261 1636 1332 ἐντολὴν,
1667 1264 1900 1335 ἀπείρα-

324 1363 449 1401 στον
493 1346 591 1400 καὶ⁸
625 1346 808 1416 πάσης
843 1345 1027 1416 λώϐης
1062 1347 1158 1402 καὶ
1192 1348 1466 1421 τιμωρίας
1511 1351 1797 1424 ἀμέτοχον.
1843 1355 1938 1408 Ὀ-

323 1441 434 1511 γάρ
475 1437 862 1510 ἔντελλόμενός
895 1455 1008 1492 τισι
1045 1438 1246 1508 μείζων
1285 1439 1518 1514 εὕρηται
1551 1443 1771 1508 πάντως
1803 1445 1902 1501 καλ⁸

323 1529 591 1602 κρείττων
629 1529 740 1583 τῶν
783 1528 1125 1600 δεδεγμένων
1165 1530 1260 1585 καὶ
1299 1530 1576 1588 λαϐόντων
1617 1534 1806 1606 αὐτὴν,
1849 1537 1898 1590 εί

324 1623 420 1677 καὶ
451 1620 562 1675 τῶν
594 1620 998 1691 ὲντελλομένων
1033 1621 1168 1674 πολὺ
1215 1622 1352 1692 πρὸς
1379 1623 1641 1695 ἀλλήλους
1669 1624 1900 1697 εὕρηται

322 1715 385 1768 τὸ
410 1714 668 1785 διάφορον
686 1728 703 1744 ο
731 1711 829 1766 καὶ
845 1712 1073 1776 πάντως
1102 1713 1600 1786 εἰσπραχθὴσονται
1629 1717 1784 1780 δίκας
1807 1718 1900 1772 εὗ-

1999 530 2146 602 quod
2191 531 2317 600 quis
2363 531 2431 586 ab
2481 530 2666 601 aliquo
2710 530 3013 600 acceperit,
3053 529 3320 600 judicium
3378 530 3574 602 idoneo

1998 633 2244 692 tempore
2271 621 2536 689 futurum,
2581 617 2780 692 iu'quo
2825 621 3132 692 inquiretur
3161 631 3324 692 atque
3358 621 3578 676 investi-

1999 713 2238 785 gabitur,
2257 721 2529 784 quatenus
2545 710 2864 766 mandatum
2887 710 3222 766 custoditum
3249 711 3578 766 violatumve

2003 804 2188 861 fuerit.
2237 803 2452 875 Quippe
2483 818 2600 859 rem
2641 803 2944 872 quamlibet
2981 818 3046 857 ex
3087 811 3358 873 praecepto
3397 802 3577 873 perfe-

2003 905 2144 952 ctam
2187 895 2502 953 necessario
2529 903 2742 964 tempus
2783 893 3141 964 consequitur
3171 894 3494 964 quaestionis
3523 903 3578 949 et

1996 987 2214 1059 judicii,
2245 995 2305 1042 ut
2335 985 2619 1056 praemium
2655 983 2861 1039 feratur
2886 990 2981 1038 aut
3011 998 3192 1053 poena.

2075 1075 2338 1132 Hortatur
2356 1075 2546 1147 igitur,
2577 1081 2640 1130 ut
2666 1081 2887 1143 accepta
2912 1073 3190 1136 mandata,
3217 1069 3577 1143 undecunque

2003 1169 2130 1226 data
2181 1167 2309 1233 sint,
2365 1167 2590 1221 omnino
2631 1180 2936 1232 servemus,
2978 1178 3089 1233 quo
3135 1163 3240 1218 vita
3293 1163 3432 1232 ejus,
3483 1166 3575 1234 qui

2003 1259 2324 1314 mandatum
2371 1257 2662 1326 acceperit,
2704 1257 2910 1334 intacta
2943 1264 3179 1322 maneat,
3211 1264 3265 1309 et
3292 1255 3576 1310 dedecoris

2004 1359 2168 1421 atque
2191 1363 2368 1419 paena:
2395 1347 2656 1402 immunis
2695 1348 2787 1402 sit.
2816 1346 2953 1401 Nam
2981 1345 3076 1416 qui
3102 1347 3224 1402 aliis
3259 1347 3574 1401 mandatum

2003 1442 2118 1508 dat,
2171 1439 2378 1514 major‘
2397 1438 2559 1508 plane
2610 1444 2778 1507 atque
2821 1437 3170 1507 praestantior
3215 1437 3284 1491 iis
3329 1446 3431 1504 est,
3484 1437 3576 1506 qui

2000 1534 2192 1590 datum
2247 1540 2617 1603 acceperunt:
2649 1539 2790 1596 esto,
2853 1529 2997 1584 inter
3045 1545 3142 1586 eos
3191 1545 3428 1600 quoque,
3483 1531 3578 1598 qui

2002 1623 2362 1697 praecipiunt,
2419 1621 2758 1678 discriminis
2809 1637 2920 1675 non
2975 1636 3168 1692 parum
3225 1621 3576 1675 inveniatur:

2004 1718 2192 1786 itaque
2238 1714 2334 1785 qui
2390 1713 2646 1769 mandata
2697 1727 2954 1783 accepere
2988 1713 3096 1779 iis,
3135 1713 3230 1783 qui
3278 1713 3576 1778 dederunt,

325 1805 534 1876 καίριος
561 1804 670 1860 ὑπὸ
691 1803 802 1859 τῶν
835 1803 1148 1859 δεδωκότων
1167 1806 1267 1870 τὰς
1301 1807 1520 1871 ἐντολὰς
1541 1811 1591 1862 οί
1613 1808 1893 1873 λαϐόντες.

2011 1815 2317 1879 opportuno
2347 1815 2590 1876 tempore
2607 1805 2832 1860 omnino
2858 1819 3048 1876 poenas
3071 1797 3298 1872 dabunt,
3333 1815 3572 1876 prepter-

327 1894 440 1948 Καὶ
484 1892 575 1947 διά
615 1893 781 1946 τοῦτο
813 1893 1142 1958 σπουδάζειν
1171 1895 1280 1966 χρὴ
1319 1897 1418 1950 καὶ
1447 1897 1556 1952 τῶν
1589 1898 1904 1954 δεδωκότων

327 1985 608 2056 ἀρχόντων
637 1984 732 2040 καὶ
760 1984 1031 2056 βασιλέων
1063 1986 1158 2040 καὶ
1194 1986 1400 2056 γονέων
1441 1989 1537 2042 καὶ
1565 1989 1904 2044 διδασκάλων

327 2078 398 2130 τὰ
429 2077 779 2147 θεσπίσματα
807 2077 1102 2146 φυλάττειν
1127 2078 1187 2145 ἐξ
1217 2077 1478 2147 ἅπαντος,
1513 2081 1608 2135 καὶ
1637 2081 1816 2154 πολλῴ
1847 2081 1904 2136 δὲ

328 2168 535 2242 μᾶλλον
586 2167 682 2222 τοῦ
739 2169 965 2239 ποιητοῦ
1017 2171 1115 2225 καὶ
1159 2171 1295 2226 Θεοῦ
1349 2172 1444 2227 καὶ
1489 2172 1749 2226 δεσπότου
1793 2172 1904 2226 τῶν

324 2258 461 2314 ὅλων
482 2274 496 2288 °
527 2260 614 2314 ἴνα
638 2262 734 2315 καὶ
760 2261 862 2334 τὴν
891 2262 1193 2334 εὐμάρειαν
1219 2263 1315 2317 τοῦ
1351 2263 1470 2335 βίου
1509 2263 1694 2333 σφίσιν
1722 2265 1904 2328 αὐτοῖς

324 2351 376 2404 οἱ
407 2349 780 2420 φυλάσσοντες
801 2354 1246 2426 πρυτανεύσωσι,
1285 2346 1381 2409 καὶ
1414 2355 1696 2420 τεύξονται
1725 2355 1784 2409 δὲ
1812 2354 1908 2409 καὶ

323 2441 435 2496 τῶν
474 2443 815 2514 ἐπουρανίων
860 2445 954 2497 καὶ
984 2443 1309 2518 θεοπρεπῶν
1345 2446 1688 2501 ἀντιδόσεων.
1727 2444 1909 2500 Ἐντο-

325 2532 427 2600 λὴν
454 2532 514 2586 δέ
551 2550 717 2604 φησιν
759 2536 788 2588 ὁ
821 2534 980 2603 λόγος
1011 2535 1110 2606 τὴν
1144 2537 1379 2608 ἔχουσαν
1409 2537 1472 2592 τὸ
1501 2537 1618 2606 φῶς
1645 2537 1745 2606 τῆς
1777 2537 1910 2608 ἀλη-

327 2623 478 2687 θείας
508 2625 604 2678 καὶ
632 2628 732 2696 τῆς
760 2626 1134 2699 δικαιοσύνης,
1171 2631 1292 2701 οὐχὶ
1320 2629 1420 2702 τὴν
1458 2630 1552 2684 ἐπὶ
1591 2633 1706 2694 τοῖς
1728 2629 1909 2702 χειρὶδ

329 2731 477 2779 στοις
526 2715 632 2770 ὑπό
659 2734 820 2770 τινων
847 2718 1068 2786 φαύλων
1104 2720 1202 2776 καὶ⁸
1247 2721 1541 2794 μοχθηρῶν
1587 2722 1900 2794 γινομένην.
1921 2783 1933 2791 _

329 2799 466 2867 εἶτά
494 2823 659 2878 φησιν
687 2809 716 2861 ό
749 2807 1180 2880 Ἐκκλησιαστής
1200 2825 1214 2840 ⁹

1999 1916 2062 1956 ca
2096 1914 2246 1956 cura!
2287 1913 2413 1954 esse
2452 1897 2635 1962 debet,
2672 1906 2734 1952 ut
2777 1911 2901 1967 qua:
2953 1911 2982 1950 a
3033 1897 3444 1967 magistratibus
3489 1905 3582 1960 aut

2003 1993 2225 2062 regibus
2279 2001 2374 2046 aut
2423 1989 2744 2060 parentibus
2795 1997 2892 2044 aut
2937 1989 3216 2060 magistris
3260 1997 3580 2058 praescripta

2002 2081 2228 2148 fuerint,
2265 2081 2332 2137 ad
2377 2080 2646 2135 amussim
2683 2095 3001 2146 servemus;
3035 2079 3204 2135 multo
3233 2095 3361 2134 vero
3401 2079 3577 2149 magis

2000 2191 2121 2246 quae
2151 2176 2220 2231 ab
2250 2184 2473 2230 auctore
2506 2184 2561 2231 et
2587 2174 2696 2230 Deo
2726 2175 3070 2244 Dominoque
3111 2174 3351 2229 universi
3381 2191 3393 2226 :
3421 2181 3480 2228 ut
3511 2173 3582 2237 iis

2002 2267 2315 2328 custoditis,
2364 2267 2490 2320 vitae
2528 2264 2846 2319 facilitatem
2887 2265 3048 2320 nobis
3081 2279 3485 2334 comparemus,
3525 2277 3581 2317 et

2002 2357 2247 2415 caelestia
2281 2356 2448 2412 simul
2490 2371 2556 2412 ac
2593 2355 2777 2411 divina
2811 2355 3032 2425 prtemia
3073 2371 3454 2424 assequamur.
3485 2353 3612 2416 Est,

2003 2458 2186 2504 autem
2227 2447 2318 2502 hic
2345 2461 2528 2500 sermo
2557 2445 2624 2500 de
2665 2444 2924 2499 mandato
2953 2444 3130 2499 lucem
3177 2443 3409 2498 habente
3437 2443 3580 2496 veri-

2003 2539 2132 2596 tatis
2163 2547 2328 2608 atque
2353 2537 2600 2607 justitiaa,
2648 2551 2756 2590 non
2791 2540 2860 2590 de
2905 2549 2994 2600 eo,
3029 2535 3173 2606 quod
3217 2533 3582 2604 pessimarum

2003 2645 2189 2687 rerum
2220 2643 2387 2684 causa
2416 2645 2444 2682 a
2482 2629 2640 2682 malis
2675 2621 3002 2696 quibusdam
3027 2636 3082 2681 et
3110 2626 3378 2697 improbis
3403 2627 3581 2696 profc-

2011 2733 2158 2780 ctum
2185 2721 2276 2776 sit.
2301 2720 2401 2787 Ait
2429 2717 2622 2774 deinde
2655 2717 3012 2774 Ecclesiastes
3041 2737 3054 2772 :

403 3015 530 3068 Ὀτι
559 3013 782 3086 γνῶσις
826 3016 935 3072 τοῦ
963 3015 1276 3088 ἀνθρώπου
1305 3019 1509 3088 πολλὴ
1558 3019 1652 3074 ἐπ’
1683 2931 1909 3076 αὐτόν*ἑ

2079 3021 2246 3078 Vens.
2277 3017 2331 3073 ϐ.
2375 3015 2515 3082 Quia
2542 3013 2764 3069 scientia
2793 3012 3021 3070 hominis
3052 3011 3221 3066 multa
3249 3027 3406 3082 super
3429 3029 3542 3068 eum
3561 3051 3582 3078 ,

328 3107 419 3162 ὅτι
441 3107 554 3162 οὐκ
580 3107 713 3161 ἔστι
742 3107 1052 3178 γινώσκων
1075 3110 1134 3164 τι
1161 3110 1228 3164 τὸ
1247 3110 1565 3180 ἐσόμενον,
1592 3110 1682 3167 ὅτι
1711 3113 1906 3181 καθὼς

327 3199 526 3263 ἔσται,
547 3200 638 3266 τίς
664 3201 990 3272 ἀναγγελεῖ
1005 3202 1202 3269 αὐτῷ;

399 3293 514 3356 Τάς
543 3294 984 3362 προφασιστικάς
1015 3295 1194 3361 αἰτίας
1217 3295 1436 3368 ἀναιρεῖ
1461 3295 1572 3350 τῶν
1596 3297 1909 3368 λαμϐανόν-

326 3403 438 3440 των
466 3385 566 3450 τάς
597 3387 836 3450 ἐντολάς,
871 3388 999 3456 παρ’
1031 3379 1106 3440 ὧν
1139 3387 1206 3440 ἂν
1229 3389 1327 3442 καὶ
1349 3389 1579 3451 λάϐωσι,
1604 3391 1701 3443 καὶ
1736 3390 1910 3460 μηδα-

336 3476 452 3544 μῶς
477 3475 790 3546 τηρούντων
821 3477 918 3530 καὶ
949 3477 1326 3544 φυλαττόντων
1347 3492 1364 3510 ⁸
1392 3480 1488 3533 καὶ
1510 3480 1588 3551 τῷ
1613 3479 1790 3552 καιρῷ
1814 3483 1910 3550 τῆς

333 3566 568 3636 κρίσεως
616 3566 710 3622 καὶ
750 3568 849 3636 τῆς
883 3567 1188 3633 έξετάσεως
1220 3569 1318 3639 τὴν
1356 3569 1622 3640 ἀνάλογον
1653 3572 1912 3642 κατάκρι-

336 3673 421 3708 σιν
470 3656 830 3728 δεδεγμένων,
879 3659 980 3728 τῆς
1033 3658 1352 3730 ἀθετήσεως
1403 3660 1501 3714 καὶ
1546 3661 1912 3734 παραϐάσεως

331 3747 575 3812 ἄγνοιαν,
604 3749 638 3820 ἢ
668 3749 768 3819 τῆς
795 3748 1007 3804 ἑαυτῶν
1043 3749 1287 3814 διανοίας
1322 3751 1605 3821 ἀφέλειαν,
1633 3753 1667 3824 ἢ
1705 3753 1834 3808 ἄλλο
1858 3770 1911 3807 τι

329 3835 441 3891 τῶν
477 3838 886 3910 παραπλησίων
916 3841 1189 3896 εἰωθότων
1217 3841 1418 3912 λέγειν,
1447 3845 1557 3898 τῶν
1588 3845 1688 3910 τὰς
1715 3847 1912 3900 ἀπολο-

329 3927 458 3996 γίας
478 3929 538 3983 ὲν
563 3929 642 4000 τῷ
663 3931 1094 4000 κατακρίνεσθαι
1129 3935 1491 4006 ποιουμένων.
1523 3937 1615 4008 Μὴ
1643 3945 1753 4009 γάρ
1779 3954 1913 4008 προ-

331 4019 563 4090 φασίσῃ,
590 4021 776 4093 φησὶν,
806 4020 1032 4090 ἄγνοιαν
1071 4025 1132 4077 έν
1159 4025 1254 4096 τῷ·
1269 4026 1344 4097 μὴ
1373 4027 1606 4097 φυλάξαι
1635 4029 1734 4094 τὴν
1761 4031 1911 4084 ἐντο-

329 4110 447 4181 λὴν,
483 4111 552 4180 ἢν
589 4111 740 4183 παρά
764 4110 858 4164 τοῦ
898 4112 1145 4183 μείζονος
1165 4115 1262 4169 καὶ
1295 4117 1603 4188 κρείττονος
1643 4120 1872 4190 είληφας
1893 4134 1908 4150 ·

329 4201 604 4274 εὑρεθήσῃ
650 4202 760 4272 γάρ
794 4203 894 4272 τῆς
927 4202 1188 4272 ἀληθείας
1212 4205 1707 4278 καταψευδόμενος.
1739 4210 1817 4263 Δι’
1845 4212 1911 4282 ἣν

329 4293 545 4362 αίτίαν;
581 4313 600 4346 ι
633 4294 758 4347 Ὀτι
797 4293 1004 4363 γνῶσις
1035 4294 1131 4348 τοῦ
1172 4295 1462 4368 ἀνθρώπου
1499 4299 1668 4370 πολλὴ
1695 4300 1781 4352 ἐπ’
1811 4302 1910 4354 αύ-

2009 3116 2137 3186 quia
2162 3131 2265 3168 non
2285 3120 2385 3178 est,
2413 3111 2502 3182 qui
2527 3118 2829 3181 cognoscat,
2858 3106 2985 3177 quid
3009 3106 3248 3176 futurum
3276 3107 3347 3161 sit
3367 3107 3588 3176 :quippe

2009 3205 2146 3261 sicut
2171 3206 2294 3268 erit,
2321 3205 2438 3275 quis
2467 3200 2804 3256 annuntiabit
2828 3199 2874 3252 ei
2897 3197 3016 3268 (9)?

2093 3297 2397 3352 Praetextus
2455 3302 2510 3350 et
2553 3289 2936 3346 excusationes
2985 3289 3182 3344 evertit
3231 3304 3444 3356 eorum,
3495 3289 3586 3358 qui

2011 3399 2232 3460 accepta
2275 3387 2556 3450 mandata,
2600 3385 2913 3454 quicunque
2952 3397 3016 3438 ea
3053 3381 3323 3441 dederint.
3365 3381 3590 3436 minimc

2013 3490 2234 3538 servant
2276 3488 2371 3535 aut
2402 3477 2756 3544 custodiunt;
2789 3491 3026 3546 cumque
3049 3475 3244 3546 judicii
3279 3485 3332 3530 et
3361 3474 3592 3542 inquisi-

2015 3575 2185 3629 tionis
2213 3580 2428 3640 tempus
2471 3568 2774 3632 advenerit,
2822 3583 2933 3637 quo
2961 3567 3154 3622 merita
3208 3581 3368 3637 pmna
3415 3564 3589 3626 allecti

2013 3664 2167 3725 sint,
2227 3659 2458 3730 neglecti
2516 3657 2813 3726 violatique
2867 3655 3028 3710 ollicii
3081 3657 3441 3726 ignorantiam
3500 3664 3595 3708 aut

2014 3752 2218 3808 mentis
2274 3765 2389 3804 sua:
2448 3747 2856 3817 simplicitatem
2911 3747 2997 3800 vel
3050 3746 3212 3816 205
3257 3746 3403 3799 aliud
3463 3746 3590 3814 quid

2016 3839 2332 3911 hujusmodi
2381 3837 2627 3908 proferre
2682 3837 2880 3900 solent,
2921 3850 3032 3904 quo
3057 3851 3137 3898 se,
3165 3837 3294 3891 dum
3326 3837 3588 3890 condem-

2011 3943 2234 3996 nautur,
2281 3931 2466 4000 aliqua
2512 3928 2724 3983 ratione
2763 3925 3076 3981 defendant.
3101 3924 3178 3980 Ne
3200 3927 3368 3991 enim,
3393 3928 3592 3996 inquit,

2013 4023 2381 4096 ignorantiam
2412 4029 2682 4092 praetean
2703 4019 2772 4073 ad
2803 4017 3168 4089 patrocinium
3195 4033 3304 4071 non
3335 4019 3594 4073 custoditi

2015 4111 2282 4178 mandati,
2311 4110 2455 4180 quod
2483 4124 2513 4163 a
2541 4108 2750 4177 majore
2790 4117 2846 4162 et
2874 4108 3254 4176 praestantiore
3291 4107 3548 4177 accepisti
3580 4126 3592 4159 :

2012 4203 2298 4257 veritatem
2325 4202 2472 4256 enim
2504 4199 2728 4254 minime
2751 4215 2780 4254 a
2816 4208 2868 4254 te
2891 4209 3058 4265 stare,
3094 4199 3386 4254 constabit.
3419 4198 3594 4265 Quam

2013 4295 2084 4350 ob
2135 4293 2404 4350 causam?
2431 4311 2448 4346 ι
2481 4291 2620 4358 Quia
2668 4292 2894 4348 scientia
2941 4290 3182 4354 hominis
3223 4291 3390 4346 multa
3431 4307 3597 4360 super

330 4383 448 4445 τὸν,
491 4402 511 4436 ι
545 4385 793 4438 τουτέστι
825 4387 906 4449 είς
931 4386 1001 4440 τὰ
1033 4387 1384 4458 συμφέροντα
1411 4389 1510 4442 καὶ
1535 4389 1787 4462 λυσιτελῆ
1816 4394 1909 4463 τῆς

2020 4401 2166 4452 cum,
2204 4404 2222 4438 ι
2257 4385 2310 4439 id
2355 4392 2462 4448 est,
2510 4385 2576 4437 ad
2623 4398 2688 4438 ea
2734 4383 3115 4453 cognoscenda
3159 4399 3280 4452 quae
3318 4383 3442 4438 vita:
3483 4399 3596 4438 sine

335 4475 471 4538 ἰδίας
517 4475 686 4546 ζωῆς.
747 4476 860 4529 Καὶ
919 4477 1100 4546 μάτην
1141 4479 1258 4548 ἐρεῖ
1304 4495 1428 4542 τις·
1465 4480 1579 4532 Οὐκ
1627 4480 1797 4552 ᾔδειν,
1844 4482 1920 4546 ὡς

333 4569 813 4639 κατακριθὴσομαι
867 4567 944 4639 μὴ
984 4566 1226 4638 φυλάξας
1254 4569 1356 4640 τὴν
1385 4571 1630 4642 ἐντολήν.
1670 4573 1918 4642 Ἐξελέγο

333 4674 488 4727 χεται
527 4656 639 4728 γάρ
682 4656 992 4726 γινώσκων,
1049 4658 1125 4722 ὡς
1181 4660 1290 4722 πᾶς
1343 4659 1631 4732 ἄνθρωπος
1677 4663 1776 4734 τὴν
1831 4664 1921 4717 δερ

2018 4477 2238 4547 prosint
2287 4485 2454 4545 atque
2498 4475 2828 4530 conducant.
2874 4473 2954 4528 Ac
2981 4473 3184 4530 frustra
3232 4475 3358 4544 quis
3403 4475 3591 4530 dicat:
3649 4467 3657 4479 ’

2018 4566 2350 4622 Nescieham
2386 4581 2472 4620 me
2521 4564 2942 4620 condemnatum
3001 4565 3090 4629 iri,
3125 4563 3229 4618 nisi
3275 4565 3595 4626 mandatum

2018 4675 2348 4715 servassem.
2397 4657 2533 4712 Illud
2567 4658 2712 4712 enim
2761 4657 2876 4732 ipse
2906 4672 3072 4711 nosse
3103 4657 3466 4720 convincitur,
3500 4658 3597 4710 ho-

331 4747 567 4818 ὼμένην
612 4746 764 4818 αὑτῷ
824 4747 901 4820 μὴ
943 4747 1188 4818 φυλάξας
1229 4749 1472 4820 ἐντολὴν,
1519 4753 1798 4822 ἀναλόγως
1849 4758 1909 4826 τῇ

2017 4752 2150 4804 ιιιὶηἰ
2183 4751 2404 4820 cuique.
2430 4751 2522 4820 qui
2557 4750 2745 4804 datum
2779 4749 2881 4804 sibi
2916 4749 3230 4807 mandatum
3270 4764 3376 4802 non
3409 4759 3595 4804 custo-

331 4836 544 4906 ταύτης
606 4839 920 4909 παραϐάσει
969 4837 1071 4910 την
1117 4838 1274 4910 δίκην
1309 4839 1422 4906 ἕξει
1471 4842 1564 4895 καὶ
1599 4842 1700 4909 τὴν
1745 4845 1917 4898 κατά-

335 4945 538 4983 κοισιν.

409 5107 486 5175 (9)
527 5105 744 5180 Olymp.
765 5145 780 5162 .
805 5149 818 5165 .
849 5150 862 5164 .

341 5193 520 5250 θενργε
558 5247 587 5250 ω
927 5225 934 5238 -

409 5248 520 5316 (l0)
558 5247 1030 5326 Diversamplane
1056 5253 1385 5326 sententiam
1415 5252 1914 5326 exhibetSymma-

334 5316 495 5380 chus,
513 5321 614 5396 qui
644 5321 824 5396 locum
853 5316 1008 5396 hunc
1029 5323 1110 5396 sic
1139 5326 1410 5396 transtulit
1445 5323 1564 5396 :7'H
1593 5316 1912 5396 γὰρ’κάκω-

338 5404 424 5472 σις
449 5388 541 5472 τού
571 5391 871 5472 ἀνθρώπου,
891 5392 1064 5464 πολλὴ
1097 5393 1221 5448 κατ’
1239 5394 1435 5472 auito-3'
1472 5395 1522 5448 id
1551 5388 1910 5472 estfl’exatio

333 5459 472 5532 enim
499 5459 728 5515 homin-is
761 5463 932 5516 multa
959 5459 1247 5518 est-contra
1267 5464 1475 5532 ipsum;
1509 5475 1562 5519 et
1607 5459 1749 5520 hanc
1795 5483 1911 5519 am-

338 5529 534 5603 plettns
573 5533 700 5586 item
743 5543 828 5586 est
863 5533 1092 5589 Latinus
1129 5529 1418 5603 interpres.
1465 5537 1559 5602 qui
1597 5536 1806 5590 habet:
1842 5536 1910 5591 Et

335 5598 513 5674 multa
536 5603 764 5674 hominis
802 5604 1038 5674 afflictio,
1089 5598 1402 5672 quanquam
1451 5598 1808 5662 Thcodotioni
1845 5622 1912 5660 ea

335 5667 544 5737 placuit.
578 5667 978 5744 interpretatio,
1002 5667 1177 5744 quam
1216 5667 1358 5744 apud
1408 5674 1547 5730 LXX
1585 5677 1732 5732 viros
1777 5677 1913 5744 legi-

337 5753 464 5794 mus
483 5757 499 5810 ;
533 5741 764 5799 reddidit
787 5745 954 5809 enim,
987 5743 1108 5800 Ὀτι
1134 5741 1334 5816 γνῶσις
1357 5745 1448 5800 τοῦ
1478 5746 1760 5824 ἀνθρώπου
1796 5741 1914 5800 ἐστὶ

917 5111 1042 5166 Ὀτι
1107 5115 1208 5168 οὐκ
1271 5112 1386 5166 ἐστι
1446 5111 1732 5182 γινώσκων
1791 5114 1914 5168 ὲσό⁴

2016 4843 2197 4909 dierit,
2229 4843 2495 4912 judicium
2525 4849 2580 4896 ιι
2619 4840 3130 4896 condemnationem
3169 4851 3416 4914 paratam
3451 4857 3594 4906 esse.

2030 4950 2152 5004 qua:
2185 4935 2384 4990 delicto
2410 4934 2736 5006 respondeat
2759 4933 2890 5008 (10).

2013 5115 2183 5189 πολλὴ
2225 5115 2532 5170 ἐπάύτόν.
2581 5115 2786 5170 ﬂorum
2843 5127 3022 5172 autem
3059 5119 3416 5189 discordiam,
3464 5121 3590 5189 quia

2013 5187 2218 5242 vocalia
2289 5195 2487 5256 puncta
2543 5189 2786 5242 nondum
2826 5190 2984 5258 apud
3053 5187 3312 5244 Hebraeos
3374 5187 3591 5258 recepta

2009 5266 2201 5328 erant,
2241 5272 2350 5328 una
2416 5259 2643 5311 omnino
2701 5257 2884 5311 intulit
2946 5261 3123 5314 littera
3167 5276 3182 5312 :
3225 5257 3598 5328 Symmachus

2008 5327 2153 5399 enim
2190 5326 2320 5399 legit
2353 5337 2496 5393 nrt,
2525 5327 2669 5399 quod
2705 5337 2788 5382 est
2813 5329 3024 5399 afﬂictio
3061 5330 3174 5384 sive
3219 5326 3416 5392 Ila/rat,
3468 5345 3594 5382 cum

2009 5395 2149 5470 LXX
2181 5395 2511 5470 interpretes
2542 5395 2803 5468 legissent
2846 5395 2981 5470 ᾗιζτ.
3038 5399 3180 5470 quod
3236 5408 3321 5470 est
3345 5399 3598 5470 _cogm‘tio

2019 5467 2134 5522 sive
2162 5465 2358 5538 pellat".
2392 5467 2493 5521 rati
2521 5465 2730 5524 scilicet
2755 5485 2875 5524 csse
2906 5465 3118 5536 Daleth,
3152 5469 3296 5538 quod
3341 5465 3600 5538 Symma-

2020 5537 2126 5592 cho
2159 5535 2338 5609 Resch
2372 5539 2548 5594 visum
2572 5549 2690 5606 est;
2717 5541 2916 5609 quippe
2947 5535 3454 5609 utriusqueli‘ttcrm
3489 5553 3600 5594 una

2020 5623 2186 5688 prope
2228 5608 2403 5663 forma
2449 5618 2554 5674 est,
2587 5605 2779 5680 eaque,
2816 5605 2884 5662 ἰιι
2929 5605 3182 5662 lectorem
3234 5605 3418 5662 [alit-re
3453 5623 3602 5680 swpc

2023 5689 2214 5748 posStt.
