3958 6208
231 229 383 303 ¹1θέτῖ
1303 241 1384 304 IN
1423 242 1802 306 ECCLESIAE

1911 247 1982 309 ΞΝ
2042 274 2111 284 -
2151 251 2300 312 LIB.
2343 243 2476 316 VII.

226 352 387 418 ξίαν,
422 353 550 406 ὅσον
587 343 726 424 ἧκεν
757 352 838 416 είς
867 352 967 423 τὴν
999 351 1296 424 πρόχειρον
1343 351 1481 407 θέαν
1515 355 1611 407 καὶ
1642 357 1802 424 φαινό

1933 360 2244 417 ostenderit
2270 377 2412 430 sese,
2445 375 2498 419 et
2525 363 2578 418 in
2609 363 2972 436 conspectum
3022 366 3309 426 hominum
3353 389 3523 430 vene-

226 461 422 515 μενον.
452 443 512 496 El
541 443 652 516 γὰρ
685 444 780 498 καὶ
815 446 892 518 μὴ
931 446 1142 510 πάντας
1171 447 1304 510 τοὺς
1349 447 1574 514 ἀσεϐεῖς
1603 449 1798 520 ώκυμό

1931 450 2023 506 rit.
2059 450 2199 508 Nam
2227 455 2332 510 etsi
2367 471 2476 510 non
2509 471 2703 513 omnes
2752 458 2954 529 impios
3006 459 3186 518 brevis
3213 465 3314 520 aevi
3349 465 3523 525 fuisse

225 552 367 604 ρους
394 535 554 606 ἴσμεν
604 535 701 589 καὶ
759 535 1130 606 καρπαλίμως
1179 535 1508 610 δεχομένους
1574 540 1676 611 τὴν
1724 541 1802 594 ἀπ

1929 543 2162 608 scimus,
2210 552 2266 599 et
2295 559 2362 600 ex
2406 545 2510 602 hac
2539 547 2648 602 vita
2689 547 2873 604 medio
2913 551 2967 604 in
3006 565 3173 608 cursu
3235 566 3523 627 correptos

218 626 338 696 τῆς
374 625 660 698 παρούσης
689 627 837 698 ζωῆς
867 627 1145 680 ἔκπτωσιν
1173 629 1272 682 καὶ
1311 633 1654 704 περιτροπήν
1677 647 1690 660 ·
1715 631 1802 684 ἀλ)

1929 630 2164 688 celerius
2191 633 2494 704 migrasse;
2523 651 2632 689 non
2695 637 2839 705 ideo,
2866 638 2911 692 si
2942 639 3084 694 ratio
3122 625 3406 700 habeatur
3425 662 3523 702 eo-

221 716 340 770 ούκ
379 717 446 769 ὲκ
473 715 586 770 τῶν
613 713 1062 784 διαγνωσθέντων
1111 718 1246 787 ἡμῖν
1285 721 1547 776 τοιούτων
1574 721 1661 792 ἐφ’
1694 721 1800 776 έκά

1929 735 2053 776 rum
2079 739 2204 792 qua:
2253 725 2488 796 singulis
2534 728 2792 784 aetatibus
2845 731 3145 800 contigisse
3179 737 3517 808 accepimus,

227 826 343 883 στῃ
361 810 530 882 γενεᾷ
553 809 801 882 δηλονότι
825 810 923 862 καὶ
941 810 1130 880 γενεᾷ,
1146 809 1226 881 τῷ
1259 811 1669 886 Ἑκκλησιαστῇ
1691 829 1802 884 παρ

1929 813 2081 884 quod
2113 815 2203 870 hic
2233 815 2443 872 dictum
2495 827 2600 886 est,
2633 825 2838 874 temere
2873 821 2942 876 ab
2981 821 3317 882 Ecclesiaste
3343 831 3521 899 prola-

230 902 495 974 είληπται
549 901 613 955 τὸ
664 902 962 974 εἰρημένον
1003 900 1102 955 καὶ
1127 900 1242 958 νῦν.
1271 899 1407 960 Εῐτά
1439 921 1607 976 φησιν
1631 907 1660 958 ὁ
1699 903 1802 958 Ἐκ·

1929 913 2044 960 tum
2079 905 2252 962 videri
2280 907 2439 965 debet
2462 909 2598 981 (22).
2632 909 2725 966 Ait
2749 911 2950 968 deinde
2981 912 3350 976 Ecclesiastes
3378 935 3392 972 :

230 992 582 1066 κλησιαστής
612 1011 622 1023 ·

1771 1104 1800 1176 ς
1830 1099 1978 1158 xvr.

311 1199 487 1254 Ἐστι
505 1198 862 1266 parauith
887 1195 929 1264 ἡ
954 1199 1276 1267 πεποίηται
1301 1199 1399 1255 ἐπὶ
1427 1198 1537 1268 τῆς
1565 1197 1698 1271 τῆς,
1729 1198 1798 1253 ὅτ

1998 1191 2154 1253 Vers.
2187 1197 2276 1252 14.
2309 1195 2411 1252 Est
2438 1199 2672 1262 vanitas,
2701 1215 2820 1270 qum
2841 1197 2988 1268 facta
3008 1209 3086 1255 est
3111 1218 3268 1272 super
3295 1213 3512 1268 terram,

229 1288 355 1343 eici
385 1288 629 1356 δίκαιοι,
658 1288 748 1343 ὅτι
769 1287 985 1359 φθάνει
1006 1289 1158 1358 πρὸς
1184 1291 1432 1359 αὐτοὺς,
1461 1293 1545 1358 ὡς
1591 1291 1802 1362 uotiuis

1924 1288 2051 1358 quia
2087 1296 2214 1340 sunt
2255 1288 2409 1354 iusti,
2437 1290 2566 1360 quia
2627 1289 2766 1344 venit
2817 1289 2888 1343 ad
2939 1307 3027 1344 eos
3055 1332 3071 1355 ,
3112 1295 3268 1364 quasi
3311 1295 3514 1366 factum

233 1379 361 1434 τῶν
381 1379 622 1436 ἀσεϐῶν
639 1397 653 1411 ·
683 1381 787 1435 καὶ
821 1381 988 1436 εισὶν
1007 1381 1271 1450 ἀσεϐεῖς,
1301 1383 1395 1438 ὅτι
1430 1383 1646 1454 φθάνει
1669 1383 1802 1452 πρὸς

1923 1375 2251 1446 impiorum;
2279 1387 2330 1432 et
2385 1386 2512 1432 sunt
2563 1379 2714 1444 impii
2739 1419 2754 1442 ,
2777 1378 2905 1448 quia
2953 1380 3090 1433 venit
3117 1389 3188 1434 ad
3216 1399 3326 1449 eos,
3354 1392 3509 1456 quasi

233 1470 463 1540 αὐτοὺς
477 1472 560 1538 ὡς
595 1473 824 1541 ποίημα
851 1470 972 1526 τῶν
1022 1470 1288 1528 δικαίων.
1343 1474 1460 1529 Καὶ
1489 1470 1632 1530 εἶπα
1656 1491 1671 1505 ·
1707 1479 1802 1532 Κιι

1924 1465 2130 1535 factum
2185 1466 2482 1536 fastorum.
2538 1465 2608 1522 Et
2665 1467 2785 1521 dixi
2817 1483 2838 1524 :
2898 1465 3018 1525 Hoc
3077 1473 3240 1526 etiam
3301 1479 3510 1532 anilitas

231 1579 306 1634 τε
338 1561 516 1617 τοῦτο
544 1563 891 1632 ματαιότης.
1017 1631 1024 1637 ,
1852 1589 1897 1644 Β
1923 1553 2170 1644 εειβὸ).
2204 1643 2211 1644 7
2273 1582 2280 1589 -

307 1653 635 1724 Παράλογος
678 1653 908 1726 εὓρηται
957 1657 1103 1728 φορά
1148 1657 1245 1710 καὶ
1272 1656 1398 1725 δόξα
1442 1658 1802 1732 διεφθαρμέντ

1997 1643 2312 1700 Absurdsm
2341 1644 2782 1703 distributionem
2810 1658 2865 1706 et
2891 1661 3211 1722 corruptum
3237 1653 3511 1724 judicium

231 1747 333 1802 καὶ
356 1747 535 1818 πάντη
559 1747 784 1820 ψευδὴς,
808 1751 841 1820 ή
887 1749 1034 1821 ιταρά
1053 1749 1163 1802 τῶν
1193 1749 1504 1820 μισοκάλων
1529 1753 1624 1805 καὶ
1653 1768 1802 1806 κακο

1927 1747 1992 1788 ac
2011 1733 2172 1802 plane
2199 1735 2399 1792 falsum
2454 1737 2720 1794 induxere
2767 1739 3024 1798 homines
3053 1744 3352 1813 inhonesti,
3381 1763 3510 1818 per-

232 1839 406 1905 δόξων
437 1837 740 1910 ἀνθρώπων
767 1841 864 1894 καὶ
913 1839 1194 1894 δυσσεϐὦν
1222 1841 1488 1914 γινομένη
1520 1844 1638 1906 τοῖς
1662 1843 1802 1896 abas-

1925 1823 2182 1914 versique
2235 1835 2402 1896 atque
2447 1826 2622 1897 impii,
2653 1837 2764 1884 tam
2801 1835 2982 1900 quoad
3015 1833 3138 1902 pios
3163 1842 3214 1888 et
3233 1834 3413 1905 justos
3441 1853 3508 1892 ac

238 1929 363 1983 ϐέσι
387 1931 482 1984 καὶ
517 1930 766 1994 δικαίοις,
794 1931 889 1984 καὶ
923 1923 1028 2002 τῆς
1075 1931 1280 2003 ἀρετῆς
1320 1913 1600 2004 ἐρασταῖς,
1639 1935 1735 1989 καὶ
1757 1933 1802 1988 τί

1923 1913 2142 1970 virtutis
2167 1925 2460 1982 amatores,
2489 1927 2654 1990 quam
2683 1921 2868 1990 quoad
2926 1922 3130 1993 impios
3158 1940 3190 1980 e
3227 1929 3508 1983 contrario

234 2016 480 2089 εμπαλιν
514 2022 627 2084 τοῖς
686 2019 914 2074 ἀσεϐέσι
946 2019 1043 2073 καὶ
1093 2003 1410 2093 πονηροῖςή
1447 2022 1546 2076 καὶ
1571 2022 1673 2088 τάς
1703 2023 1817 2078 τῶν
1922 2013 1978 2060 ⁸⁸
2001 2003 2333 2076 inﬁmos“:
2385 2023 2500 2080 «ιυο
2552 2026 2747 2082 ¹¹θπ¹Ρθ
2801 2022 3167 2085 υιτοτιιηιιιυο
3216 2017 3506 2086 opiniones

3386 253 3524 329 ξοδδ
3636 259 3644 266 ”

229 2109 517 2181 ἕκατέρων
545 2111 848 2182 ὑπολήψεις
881 2111 1216 2182 ἀμείϐουσα,
1260 2115 1356 2167 καὶ
1387 2112 1572 2184 μέντοι
1594 2116 1690 2168 καὶ
1717 2115 1818 2180 τὰς

230 2201 626 2272 προσηκούσας
653 2204 748 2256 καὶ
771 2202 1149 2274 καταλλήλους
1163 2205 1528 2276 ἀνταμείψεις
1557 2207 1816 2262 ὲναλλάτ-

227 2307 423 2360 τουσα,
457 2294 555 2348 καὶ
585 2294 688 2356 τὰς
737 2293 839 2364 μέν
889 2293 1253 2366 ὀφειλομένας
1311 2299 1426 2362 τοῖς
1463 2298 1690 2368 ἀγαθοῖς
1718 2300 1815 2354 καὶ

226 2382 461 2447 δικαίοις
487 2385 841 2456 ἀπονέμουσα
869 2387 987 2450 τοῖς
1017 2386 1243 2441 ἀσεϐέσι
1261 2388 1358 2442 καὶ
1384 2392 1646 2462 πονηροῖς
1675 2407 1690 2422 ο
1718 2392 1814 2448 καὶ

225 2473 295 2527 τδ
315 2473 556 2545 ἔμπαλιν
579 2475 680 2540 τὰς
705 2479 918 2548 έπηρτη
927 2477 1099 2548 μένας
1115 2477 1347 2542 ἐκείνοις
1363 2479 1812 2552 ἀντιπαρέχουσα

227 2564 464 2632 τούτοις,
487 2566 608 2621 κατ’
637 2568 956 2623 ἐναντίωσιν
983 2569 1086 2640 τῆς
1109 2569 1449 2642 θεοπρεποῦς
1471 2571 1812 2642 ἀγαθότητος

226 2659 329 2712 καὶ
375 2649 802 2730 δικαιοκρισίας.
848 2661 910 2714 '0
938 2661 1039 2732 μὲν
1074 2661 1186 2733 γάρ
1236 2662 1371 2725 Θεὸς
1429 2665 1543 2727 τοῖς
1585 2663 1812 2732 ἀγαθοῖς

225 2750 446 2820 ἀγαθὰς
497 2750 732 2805 δίδωσιν
782 2752 1082 2816 ἀντιδόσεις
1105 2793 1123 2818 ,
1152 2753 1414 2819 ὡσαύτως
1470 2772 1536 2824 γε
1584 2756 1692 2827 μὴν
1715 2755 1811 2809 καὶ

222 2844 342 2906 τοῖς
393 2844 656 2913 πονηροῖς
689 2843 967 2914 πονηράς·
1001 2843 1100 2898 ἀτε
1141 2843 1208 2916 δὴ
1239 2844 1546 2917 θεοπρεπεῖ
1565 2847 1806 2919 τρυτάνῃ

1922 2107 2257 2168 permutant,
2292 2109 2348 2156 et
2401 2103 2795 2160 convenientes
2849 2109 3208 2178 propriasque
3321 2121 3502 2166 remu-

1921 2188 2236 2245 nerationes
2291 2191 2595 2260 invertunt,
2628 2203 2688 2248 ut
2742 2211 2867 2266 qua:
2896 2197 3058 2253 bonis
3111 2213 3176 2253 ac
3214 2199 3382 2268 justis
3409 2201 3507 2256 des

1921 2277 2141 2347 bentur,
2165 2295 2228 2336 ea
2260 2281 2446 2352 impiis
2475 2293 2530 2338 et
2554 2282 2841 2355 ﬂagitiosis
2868 2287 3154 2356 assignent
3179 2305 3194 2353 ;
3219 2297 3276 2344 et
3309 2305 3341 2344 e
3369 2305 3503 2344 con-

1922 2369 2092 2422 trario
2117 2385 2242 2440 quas
2271 2370 2392 2427 istis
2431 2373 2768 2442 impendent,
2802 2373 2856 2428 in
2893 2389 2994 2430 eos
3033 2375 3336 2444 reﬂectant,
3357 2380 3500 2433 divi-

1919 2473 2006 2514 na:
2039 2459 2270 2516 bonitati
2294 2470 2348 2518 et
2379 2463 2534 2532 justo
2572 2464 2785 2534 judicio
2829 2465 2989 2536 plane
3039 2468 3336 2524 adversati.
3363 2468 3500 2524 Nam

1919 2549 2064 2607 Deus
2108 2553 2328 2622 quidem
2387 2554 2550 2610 bonis
2579 2553 2754 2609 bonas
2794 2554 2888 2608 dat
2923 2555 3417 2625 remunerationes,
3445 2569 3502 2614 et

1917 2643 2110 2697 eodem
2145 2645 2336 2714 utique
2366 2645 2531 2700 modo
2570 2645 2731 2700 malis
2782 2649 2958 2701 malas
2985 2647 3187 2716 quippe
3215 2649 3311 2718 qui
3341 2649 3500 2706 lance

1917 2732 2235 2800 aequissima
2269 2734 2537 2802 ponderat
2564 2741 2620 2788 et
2641 2735 2927 2790 distribuit
2947 2737 3180 2806 singulis
3201 2753 3325 2808 quae
3345 2739 3499 2808 quis-

1917 2837 2025 2892 que
2048 2823 2280 2879 meritus
2325 2832 2429 2879 est.
2485 2824 2558 2878 At
2607 2824 2862 2879 humanas
2913 2825 3112 2882 mentis
3165 2827 3434 2898 judicium
3465 2846 3498 2884 e

222 2931 598 2996 ταλαντεύων,
625 2933 727 2986 καὶ
766 2932 1040 3004 διανέμων
1099 2934 1323 3006 ἑκάστῳ
1375 2915 1446 2989 τὰ
1480 2915 1802 3003 κατ’νάξίανξ

1917 2917 2196 2968 contrario
2221 2915 2380 2970 bonis
2403 2916 2600 2982 malas,
2621 2925 2676 2970 et
2712 2917 2871 2972 malis
2908 2916 3084 2972 bonas
3114 2917 3348 2989 illosque
3375 2935 3496 2990 pm‘

226 3023 306 3080 Τὸ
351 3024 408 3078 δὲ
461 3025 749 3097 κριτήριον
789 3025 891 3095 τῆς
923 3024 1273 3098 ἀνθρωπίνης
1307 3027 1538 3098 γνώμης
1570 3027 1810 3098 ἔμπαλιν

223 3117 345 3179 τοῖς
377 3115 612 3184 ἀγαθοῖς
658 3115 928 3186 πονηρὰς,
974 3119 1089 3180 τοῖς
1145 3117 1202 3171 δὲ
1259 3119 1522 3189 πονηροῖς
1573 3120 1807 3188 ἀγαθὰς,

224 3208 516 3271 κάκείνους
540 3209 642 3278 μὲν
665 3208 924 3263 κολάσεσι
950 3208 1355 3265 καθυποϐάλλει
1373 3213 1468 3266 καὶ
1487 3213 1806 3285 τιμωρίαις,

223 3297 503 3362 ποικίλαις
543 3297 788 3370 έξορίαις
805 3298 1298 3370 παραπέμπουσα,
1320 3302 1418 3356 καὶ
1434 3302 1808 3374 καθείργουσα

226 3387 470 3458 χρονίαις
497 3389 749 3460 εἱρκταῖς
769 3403 785 3420 ’
817 3388 998 3442 ἐνίοτε
1041 3388 1100 3442 δὲ
1134 3391 1229 3442 καὶ
1261 3389 1406 3461 λιμῷ
1440 3392 1536 3444 καὶ
1578 3393 1807 3461 μάστιγι

227 3478 326 3530 καὶ
352 3477 488 3548 mpl
513 3479 610 3531 καὶ
646 3477 874 3550 σιδήρῳ,
900 3478 996 3531 καὶ
1051 3477 1218 3548 βορὰν
1261 3477 1474 3549 θηρίοις
1505 3479 1809 3550 παραπέμ-

226 3577 323 3622 πει
356 3569 450 3622 καὶ
479 3567 695 3622 δίδωσιν
721 3569 965 3638 ἀκρίτως
989 3568 1086 3641 καὶ
1133 3569 1505 3640 παραφρόνως
1527 3585 1542 3601 ο
1579 3570 1807 3636 τούτους

223 3659 286 3713 δέ
309 3661 727 3732 καταγεραίρει,
769 3660 866 3716 καὶ
887 3659 1114 3732 τρυφῶν
1147 3660 1295 3728 ἀξιοῖ
1342 3662 1437 3716 καὶ
1474 3663 1806 3719 δυναστειῶν

221 3753 318 3808 καὶ
350 3751 544 3819 δοξῶν.

293 3842 469 3896 Τοῦτο
513 3841 696 3896 τοίνυν
734 3841 918 3914 πάσης
963 3843 1284 3916 παραλόγου
1317 3843 1558 3914 κρίσεως
1583 3844 1798 3916 ἀνάμε-

221 3947 350 3989 στον
377 3935 612 4007 εὓρηται
639 3934 738 3989 καὶ
762 3935 866 4005 τῆς
895 3935 1137 4006 ἐσχάτης
1174 3934 1571 4008 παραπληξίας
1595 3953 1804 4008 σημαν.

216 4024 394 4087 τικὸν,
457 4025 548 4078 καὶ
597 4022 998 4093 καταγνώσεως
1030 4024 1208 4088 ἀξιον.
1262 4024 1362 4079 Διά
1401 4023 1566 4079 τοῦτό
1611 4043 1747 4097 φησι
1783 4042 1800 4060 ο

222 4134 246 4168 e
287 4116 399 4169 Kal
427 4131 491 4183 γε
524 4114 686 4170 τοῦτο
719 4116 1048 4187 ματαιότης,
1085 4134 1106 4168 ι
1134 4113 1200 4169 τὸ
1227 4115 1462 4184 σύνηθες
1497 4118 1804 4188 πρόσρημα

1911 3005 1998 3061 nis
2050 3007 2446 3078 suppliciisque
2504 3007 2854 3079 subjicit,et
2903 3011 3067 3064 modo
3115 3012 3266 3065 varia
3299 3013 3494 3068 exsilia

1911 3099 2149 3154 tolerare
2168 3097 2348 3168 jubet,
2371 3097 2538 3154 modo
2567 3099 2886 3156 carceribus
2913 3100 2968 3154 in
2997 3099 3321 3156 diuturnum
3355 3113 3494 3159 tem--

1907 3201 2014 3256 pus
2059 3185 2291 3242 includit
2327 3203 2342 3241 :
2375 3186 2648 3242 interdum
2706 3201 2838 3243 vero
2879 3195 2933 3242 et
2964 3187 3106 3244 fame
3143 3197 3198 3244 et
3233 3189 3417 3261 ﬂagris
3439 3199 3494 3246 et

1910 3279 2036 3349 igne
2054 3289 2108 3334 et
2136 3278 2285 3334 ferro
2309 3278 2612 3344 excruciat,
2632 3285 2728 3332 aut
2743 3293 2927 3335 escam
2957 3278 3197 3335 destinat
3220 3282 3494 3352 traditque

1910 3369 2125 3436 belluis,
2153 3369 2354 3426 indicta
2383 3369 2546 3440 213
2574 3385 2743 3425 causa
2782 3379 2837 3425 et
2879 3371 3086 3427 amenti
3137 3372 3404 3437 consilio;
3437 3381 3496 3426 at

1910 3461 2012 3514 hos
2042 3460 2286 3530 praemiis
2316 3459 2504 3528 allicit,
2537 3470 2593 3517 et
2619 3461 2856 3530 deliciis,
2891 3459 3169 3534 imperiis,
3197 3464 3372 3536 gloria
3407 3463 3492 3519 di-

1909 3561 2127 3624 gnatur.

1975 3840 2034 3898 Id
2060 3854 2228 3911 porro
2257 3849 2363 3910 est,
2397 3841 2544 3912 quod
2579 3841 2822 3913 perversi
2859 3841 3053 3912 judicii
3090 3842 3312 3913 plenum
3343 3843 3490 3901 vides

1907 3944 2014 4002 tur,
2051 3944 2104 3990 et
2136 3934 2470 3990 dementiam
2508 3934 2714 3990 indicat
2740 3947 3014 3990 summam
3043 3943 3210 4004 atque
3239 3936 3490 3990 omnium

1896 4027 2256 4084 damnatione
2283 4025 2688 4097 dignissimam.
2722 4025 2930 4081 Idcirco
2967 4025 3084 4082 ait:
3119 4043 3139 4077 ι
3175 4025 3292 4081 lloc
3320 4027 3493 4082 etiam

1901 4118 2118 4174 sanitas
2155 4126 2274 4182 est,
2315 4135 2334 4170 ι
2384 4123 2709 4172 consuetum
2763 4131 3039 4186 usurpans
3085 4115 3331 4181 dictum,
3375 4132 3496 4187 quo

213 4206 318 4278 τῆς
370 4205 751 4276 έκφαυλίσεως
809 4205 920 4260 τῶν
975 4204 1236 4260 τοιούτων
1283 4205 1476 4260 εἰπών.
1553 4205 1646 4260 Διὸ
1701 4208 1801 4280 τὴν

1911 4208 2035 4264 talia
2087 4207 2438 4278 improbaret.
2471 4205 2704 4276 Jamque
2731 4206 3020 4276 objurgata
3043 4206 3487 4277 reprehensaque

216 4298 475 4368 τοιαύτην
490 4299 879 4370 κατακερτομή
889 4315 988 4364 σας
1003 4298 1099 4353 καὶ
1111 4297 1606 4371 κατακωμῳδήσας
1626 4300 1795 4355 ἀκατ·

1911 4297 2259 4368 perversione
2289 4297 2560 4368 ejusmodi
2591 4295 2830 4352 absurda
2849 4304 3015 4364 atque
3031 4304 3384 4366 praepostera,
3417 4296 3486 4350 ad

215 4387 450 4459 ἀλληλον
491 4389 862 4461 ἀντιστροφὴν
902 4388 997 4442 καὶ
1043 4387 1378 4458 παράλογον,
1411 4387 1676 4452 ὡσαύτως
1707 4391 1801 4443 ἐπὶ

211 4479 317 4550 τὴν
346 4478 480 4550 εὑθῆ
505 4479 668 4544 δόξαν
697 4479 810 4533 τῶν
838 4479 898 4533 ὲν
923 4477 1004 4549 τῷ
1028 4478 1129 4549 βίῳ
1154 4478 1586 4548 πολιτευομένων
1619 4497 1801 4552 πραγ-

211 4571 405 4644 μάτων
451 4570 740 4642 έχώρησεν
764 4609 780 4635 ,
809 4571 887 4635 ὡς
941 4570 1042 4642 τῆς
1089 4570 1532 4642 διεστραμμένης
1569 4571 1800 4644 γνώμης

211 4664 309 4718 καὶ
347 4662 797 4735 πονηροπραξίας
852 4662 1149 4734 ἀμέτοχοι,
1197 4663 1294 4718 καὶ
1344 4664 1632 4736 κρείττους
1655 4665 1798 4719 ἀπο-

209 4753 537 4825 φανθέντες,
565 4755 670 4822 τάς
713 4755 937 4826 ἀληθείς
989 4755 1291 4826 ὑπολήψεις
1337 4757 1436 4810 καὶ
1486 4757 1588 4822 τὰς
1617 4756 1798 4823 εὐθεῖς

205 4847 369 4913 δόξας
399 4847 492 4901 ἐπὶ
527 4850 643 4914 τοῖς
681 4846 908 4916 ἀγαθοῖς
929 4848 1026 4901 καὶ
1050 4847 1330 4902 θεοσεϐέσι
1356 4847 1452 4902 καὶ
1483 4847 1796 4912 σπουδαίοις

202 4937 547 5010 ἀνθρώποις,
574 4941 674 4995 καὶ
715 4939 778 4993 τὸ
805 4939 1043 5010 ἔμπαλιν
1090 4941 1206 5004 τοῖς
1245 4938 1470 4992 ἀσεϐέσι
1503 4939 1599 4993 καὶ
1625 4956 1794 5011 πονη-

207 5029 330 5101 ροῖς
355 5013 700 5096 καίφαύλοις
723 5028 1050 5100 διαφυλάξαι
1098 5027 1492 5099 σπουδάσωμεν
1517 5043 1534 5060 ο
1561 5028 1652 5083 ἵνα
1695 5044 1794 5082 πε-

283 5165 399 5239 (22)
435 5167 554 5239 Alia
570 5176 653 5222 est
671 5165 991 5239 Hieronymi
1039 5165 1438 5236 interpretatio!
1445 5179 1465 5214 ι
1477 5165 1595 5239 Non
1619 5165 1786 5231 enim,

199 5236 410 5310 inquit,
457 5238 536 5303 hi,
564 5239 658 5308 qui
677 5236 1155 5310 imulto'tem-pore
1207 5239 1420 5310 vivunt,
1463 5236 1791 5310 prolongant

202 5308 330 5363 dies
395 5321 560 5373 suos;
595 5309 689 5363 sed
735 5309 829 5380 qui
871 5308 1106 5380 grandes
1153 5322 1248 5380 eos
1287 5308 1788 5380 faciuntbonorutu

202 5392 440 5448 operum
476 5375 847 5448 magnitudine
871 5375 897 5432 ι’
923 5379 1066 5448 unde
1115 5386 1170 5432 et
1193 5375 1366 5432 Jacoh
1393 5377 1550 5447 quasi
1578 5394 1636 5432 sc
1664 5394 1791 5448 pec-

201 5447 454 5504 catorem
499 5447 768 5504 conﬁtens
821 5449 991 5504 dicit:
1033 5447 1199 5501 Parvi
1246 5458 1293 5501 et
1337 5448 1468 5500 mali
1521 5448 1634 5501 dies
1667 5447 1789 5502 ’mei

202 5515 367 5590 (Gen.
413 5519 686 5587 xnvn,9);
729 5529 787 5574 et
841 5519 891 5573 in
929 5517 1150 5572 Psalmo
1195 5518 1483 5590 conlltens,
1522 5517 1666 5578 Dies.
1705 5520 1789 5571 in-

200 5589 348 5657 Quit,
399 5589 503 5642 mei
549 5590 688 5643 sicut
721 5591 906 5642 umbra
962 5589 1209 5643 inclinati
1251 5599 1396 5647 sunt,
1428 5599 1479 5642 et
1517 5603 1612 5657 ego
1651 5590 1790 5641 sicut

201 5665 388 5722 tenam
419 5660 542 5714 arui
579 5657 756 5731 (Psal.
783 5675 859 5728 cr,
889 5659 1011 5730 l2);
1041 5674 1148 5715 non
1179 5657 1326 5732 quod
1376 5658 1594 5730 longam
1625 5659 1790 5713 vitam

1905 4405 2089 4446 rerum
2136 4390 2327 4445 itidem
2355 4429 2371 4454 ,
2405 4380 2529 4460 quis
2575 4388 2629 4442 in
2667 4389 2772 4444 hac
2801 4387 2916 4442 vita
2950 4396 3241 4458 geruntur,
3276 4396 3486 4456 rectam

1902 4480 2366 4538 existimationem
2397 4479 2637 4544 devenit,
2672 4493 2784 4549 quo
2814 4478 2956 4534 male
2989 4479 3260 4534 sentiendi
3289 4493 3483 4549 prme-

1900 4588 2008 4644 que
2053 4571 2252 4644 agendi
2307 4569 2583 4628 licentiam
2645 4568 2850 4638 perosi,
2890 4576 2944 4622 et
2983 4567 3288 4638 potioribus
3314 4569 3485 4624 rebus

1900 4662 2125 4728 addicti,
2167 4677 2276 4716 non
2312 4661 2496 4715 minus
2525 4659 2591 4712 de
2607 4658 2767 4713 bonis
2790 4666 2843 4711 et
2867 4657 2973 4727 piis
2999 4657 3352 4728 honestisque
3375 4659 3481 4715 ιιοά

1903 4755 2167 4820 minibus,
2190 4765 2359 4824 quam
2386 4753 2454 4808 de
2483 4751 2669 4822 impiis
2714 4759 2767 4806 et
2799 4750 2959 4806 malis
2991 4751 3367 4821 improbisque
3389 4767 3482 4808 ve-

1901 4860 1992 4900 ras
2019 4845 2322 4900 sententias
2351 4851 2407 4899 et
2436 4851 2615 4898 rectas
2641 4842 2929 4912 opiniones
2955 4843 3096 4896 tueri
3122 4842 3480 4900 studemus:

1900 4943 1962 4991 ut
1991 4935 2227 5006 quisque
2256 4944 2508 4991 nostrum
2542 4933 2730 4989 ﬂdenti
2774 4934 2961 4988 animo
3023 4932 3189 4986 Deum
3236 4933 3481 4990 universi

1901 5042 2027 5084 cum
2049 5025 2258 5083 Davide
2283 5028 2555 5099 propheta
2603 5026 2916 5096 alloquatur
2941 5032 2996 5078 et
3015 5023 3162 5082 dicat
3188 5041 3203 5080 :
3239 5042 3258 5076 ι
3299 5025 3482 5080 Partis

1899 5165 2178 5236 quaesierit
2211 5164 2266 5220 in
2301 5163 2578 5234 praesenti,
2608 5162 2662 5236 in
2691 5177 2800 5232 quo
2827 5175 3009 5236 omne,
3047 5159 3191 5236 quod
3219 5159 3482 5236 visimus,

1898 5229 2063 5291 breve
2089 5246 2144 5290 et
2169 5229 2363 5290 umbra
2386 5246 2475 5289 est
2519 5243 2575 5288 et
2609 5229 2790 5302 imago
2819 5249 2831 5302 ξ
2861 5229 2929 5283 In
2963 5231 3193 5300 imagine
3213 5230 3353 5302 enini
3388 5245 3482 5302 pe-

1899 5306 2170 5360 rambulat
2221 5307 2376 5360 homo
2407 5304 2525 5372 (Ps.
2553 5298 2782 5366 xxxuﬁ,
2819 5300 2868 5370 7)
2898 5317 2912 5367 ;
2947 5304 3040 5356 sed
3078 5298 3230 5372 quod
3289 5298 3358 5352 de
3394 5298 3479 5351 iu-

1897 5386 2023 5432 turo
2058 5377 2268 5438 timeat,
2303 5392 2370 5430 ne
2394 5369 2678 5446 longitudo
2701 5374 2825 5428 vitae
2850 5369 3066 5442 ipsius,
3099 5369 3193 5425 ubi
3239 5381 3365 5422 vera
3397 5375 3482 5420 est

1897 5449 2027 5502 vita.
2053 5447 2350 5501 brevietur.
2388 5465 2407 5498 ι

1967 5517 2081 5585 (25)
2120 5517 2277 5585 Apud
2327 5515 2474 5570 LXX
2529 5518 2743 5588 leges...
2782 5515 2927 5588 '01:“
2945 5511 3064 5588 εἰσὶ
3111 5508 3335 5588 δίκαιοι,
3395 5505 3484 5588 ὅτι

1901 5575 2096 5672 φθάνει
2145 5575 2243 5672 ,ἐπ’
2300 5575 2847 5672 αὐτοὺςτίρίχιιιι).
2905 5583 3031 5635 Ὅτι
3099 5579 3294 5656 φθάνει
3339 5575 3480 5649 πρὸς

1900 5656 2098 5720 αὐτοὺς
2129 5655 2206 5722 ὡς
2235 5657 2450 5730 ποίημα
2477 5660 2584 5714 τῶν
2618 5655 2863 5710 ἀδίκων..
