3958 6208
319 234 446 304 1061

1337 242 1420 303 IN
1459 240 2032 302 ECCLESIASTEN-
2071 267 2142 277 -
2173 244 2320 304 LIB.
2361 244 2526 306 VIII.

3451 241 3590 310 1062

315 341 572 417 βρώμασι
601 340 696 397 καὶ
712 340 924 411 πόμασι
961 343 1522 415 κατασκευαζομένης
1564 347 1651 398 ἐπ’
1686 345 1890 410 αὐτοῖς,

2003 345 2285 401 hominum
2319 349 2520 404 bonum
2552 347 2803 420 designat
2843 363 2908 404 ac
2935 357 3174 418 separat,
3217 350 3346 422 quia
3383 351 3584 410 bonum

312 421 410 490 καὶ
439 433 603 504 μόνον
634 431 915 505 ἀφορίζων
945 433 1040 486 καὶ
1073 434 1558 506 προσαποκληρῶν
1586 435 1698 489 τῶν
1717 436 1902 490 τοιού-

309 541 420 580 των
475 521 782 594 ἀνθρώπων
827 523 893 577 τὸ
933 523 1160 593 ἀγαθὸν,
1203 525 1279 585 ὡς
1307 525 1462 578 οὐδὲν
1485 525 1616 580 ἄλλο
1637 527 1899 597 δυνηθέν-

309 634 441 682 των,
473 616 508 688 ἢ
546 615 754 687 μᾶλλον
782 615 959 670 εἰπεῖν
1017 614 1395 686 βουληθέντων
1434 617 1744 688 κτήσασθαι
1793 635 1897 672 κα-

309 710 401 764 λὸν
419 709 568 764 κατὰ
589 709 685 764 τὸν
720 709 968 778 παρόντα
993 707 1107 778 βίον
1131 725 1146 742 ο
1187 707 1303 762 ἀλλ’
1323 710 1446 764 οὐδὲ
1470 711 1607 780 πρὸς
1629 709 1730 782 τὴν
1765 710 1898 780 μέλ-

310 803 514 856 λουσαν
555 799 704 873 ζωὴν
738 801 926 864 αὐτοῖς
964 799 1326 872 εὑρεθήσεται
1373 801 1434 854 τὸ
1464 804 1749 872 παράπαν,
1779 801 1896 855 ἀλλ’

309 877 343 966 ἢ
379 893 544 965 μόνον
569 895 604 964 ἡ
643 891 785 947 κατά
803 891 896 944 τὸν
925 891 1171 961 παρόντα
1196 891 1312 962 βίον
1345 892 1603 963 εὐετηρία
1627 893 1725 946 καὶ¹
1753 893 1896 962 θυμ-

310 974 434 1054 ηὸία
476 984 575 1037 καὶ
602 982 850 1053 τέρψιςή
881 980 973 1035 διὰ
1009 981 1113 1050 τῆς
1138 981 1395 1053 βρώσεως
1411 981 1508 1036 καὶ
1530 981 1632 1051 τῆς
1660 982 1890 1047 πόσεως.

307 1074 612 1145 Μονονουχὶ
658 1075 768 1141 γάρ
798 1090 972 1145 φησιο
1029 1073 1257 1127 Πάντων
1312 1073 1722 1143 ἀπεστέρηνται
1784 1073 1894 1126 τῶν

307 1165 532 1234 ἀγαθῶν
549 1164 648 1219 καὶ
697 1166 841 1219 κατά
872 1166 975 1236 τὴν
1003 1162 1291 1235 παροῦσαν
1315 1163 1462 1234 ζωὴν
1493 1164 1590 1217 κα)⁸
1619 1164 1763 1218 κατὰ
1790 1166 1892 1236 τὴν

310 1256 634 1328 μέλλουσαν,
665 1255 762 1310 ἀτε
805 1255 872 1328 δὴ
932 1257 1074 1326 σφᾶς
1129 1257 1330 1320 αὐτοὺς
1371 1255 1715 1327 αὐθαιρέτως
1756 1256 1893 1321 πρὸς

309 1350 491 1402 πᾶσαν
525 1347 714 1402 ἄδικον
768 1346 973 1417 πρᾶξιν
1043 1347 1140 1401 καὶ
1189 1347 1349 1414 δόξαν
1407 1345 1746 1418 κατάλληλον
1797 1346 1894 1402 καὶ

309 1441 626 1513 παράλογον
647 1439 1058 1512 ἐπιρρίψαντες,
1081 1439 1158 1504 ὡς
1189 1439 1430 1509 εὐλόγως
1459 1440 1558 1494 καὶ
1586 1439 1894 1511 προσηκόν-

306 1550 417 1588 των
447 1531 683 1588 ἀκοῦσαι
735 1530 834 1586 καὶ
864 1531 938 1585 δι’
967 1531 1102 1585 αὐτὺ
1147 1531 1310 1585 τοῦτο
1366 1530 1522 1602 παρά
1576 1530 1679 1602 τῆς
1739 1529 1894 1596 θείας

306 1623 508 1696 βουλῇς
541 1624 640 1679 καὶ
686 1622 1114 1694 δικαιοκρισίας·
1153 1641 1174 1676 ι
1215 1623 1550 1678 Ἀπελάϐετε
1595 1621 1666 1676 τά
1705 1622 1892 1690 ἀγαθὰ

305 1717 464 1790 ὑμῶν
491 1719 550 1772 ὲν
577 1720 644 1789 τῇ
675 1715 789 1789 ζωῇ
813 1715 990 1786 ὑμῶν,
1012 1717 1108 1770 καὶ
1128 1715 1219 1770 διά
1243 1715 1405 1774 τοῦτο
1430 1715 1527 1770 νῦν
1547 1717 1838 1774 όδννᾶσθε.
1865 1737 1885 1770 ι

307 1812 521 1876 Ζῶντες
549 1811 660 1882 γάρ
699 1811 804 1864 ὐπὸ
829 1808 922 1864 τὸν
949 1807 1214 1880 αίσθητδν
1236 1809 1414 1880 ἥλιον,
1439 1810 1537 1865 καὶ
1566 1811 1740 1882 μήπω
1786 1828 1892 1866 κα-

306 1903 607 1974 λυφθέντες
628 1903 733 1958 ὐπὸ
769 1902 872 1973 τῆς
897 1903 1024 1972 γῆς,
1053 1903 1319 1974 οὐδεμιᾶς
1349 1901 1624 1972 ἠξιώσατε
1668 1905 1894 1976 φροντί-

2001 438 2148 493 aliud
2183 439 2236 492 in
2270 439 2372 494 hac
2403 441 2514 494 vita
2554 439 2766 494 nullum
2801 440 3104 510 potuerint,
3147 457 3241 497 seu
3275 445 3460 510 poaius
3487 461 3588 500 no.

2001 528 2199 584 luerint
2231 545 2586 600 comparare:
2628 534 2771 602 quod
2805 521 3026 603 quidem
3062 535 3114 588 in
3136 533 3319 590 futura
3341 538 3456 595 vita
3484 541 3588 594 tui-

2001 623 2146 676 niuze
2179 622 2288 678 illis
2308 634 2508 702 praesto
2539 627 2644 680 erit
2667 641 2682 691 ;
2705 636 2766 680 ut
2801 637 2931 693 tota,
2957 629 3083 702 dum
3105 629 3295 684 vivunt
3319 673 3334 697 ,
3355 631 3586 688 felicitas

1999 725 2187 764 eorum
2221 720 2276 764 et
2309 699 2494 766 laetitia
2539 725 2593 766 et
2619 713 2939 782 jucunditas
2960 699 3152 770 edendi
3177 727 3230 772 et
3252 719 3468 773 bibendi
3493 735 3588 775 vo-

1997 800 2206 869 luptate
2262 802 2679 874 circumscripta
2737 805 2830 860 sit.
2858 804 3018 861 Velut
3043 809 3088 864 si
3122 811 3325 864 diceret
3353 829 3366 864 :
3397 810 3586 866 Omni-

1994 893 2098 948 bus
2120 893 2281 949 bonis
2319 893 2395 949 illi
2427 909 2660 954 caruene
2701 905 2757 952 et
2800 900 2985 968 quoad
3045 911 3370 970 praesentem
3395 905 3582 971 vitam,

1996 995 2051 1040 et
2076 988 2253 1055 quoad
2277 985 2511 1044 futuram
2533 1005 2550 1057 ;
2571 1004 2694 1043 cum
2727 991 2939 1060 seipsos
2980 1001 3172 1062 sponte
3203 994 3256 1047 in
3291 1009 3454 1052 omne
3480 996 3624 1052 Ωιι-κ

1993 1077 2185 1146 gilium
2223 1087 2389 1148 atque
2420 1079 2472 1134 in
2497 1082 2708 1136 similes
2730 1083 2998 1152 planeque
3015 1083 3280 1139 absurdas
3297 1087 3582 1155 opiniones

1994 1169 2352 1240 projecerint,
2389 1180 2446 1226 ut
2489 1172 2618 1242 jure
2663 1174 2971 1243 meritoque
3003 1175 3088 1230 vel
3116 1175 3186 1230 ob
3218 1176 3270 1230 id
3316 1177 3490 1247 ipsum
3527 1181 3579 1232 in

1995 1261 2178 1316 divino
2245 1263 2476 1320 consilio
2511 1264 2837 1334 judicioque
2886 1265 3127 1320 addituti
3177 1268 3319 1322 sint:
3355 1287 3374 1320 ι
3409 1269 3583 1324 Bece-

1994 1351 2154 1422 pistis
2182 1355 2320 1409 bona
2347 1367 2527 1412 vestra
2554 1359 2605 1411 in
2630 1357 2746 1412 vita
2779 1365 2962 1414 vestra
2991 1375 3006 1412 :
3034 1373 3100 1414 ac
3131 1370 3416 1428 propterea
3436 1377 3584 1428 nunc

1995 1445 2318 1504 cruciamiui
2353 1446 2491 1518 (25).
2521 1467 2542 1500 ι
2580 1447 2718 1504 Dum
2744 1451 2890 1506 enim
2927 1449 3028 1505 sub
3063 1451 3178 1506 sole
3208 1451 3304 1507 illo
3331 1465 3578 1522 aspecta-

1991 1537 2088 1594 bili
2116 1539 2286 1594 vitam
2317 1539 2616 1607 ducerctis,
2670 1556 2774 1596 nec
2825 1555 2926 1598 vos
2955 1543 3258 1600 etiamnum
3298 1551 3445 1600 terra
3485 1546 3583 1602 ob-

1997 1630 2242 1700 tegisset,
2281 1630 2492 1686 nullam
2523 1632 2596 1688 de
2632 1647 2750 1688 avo
2784 1631 2992 1690 .futuro
3018 1650 3208 1692 curam
3235 1638 3578 1707 suscepistis.

2007 1721 2230 1778 Idcirco
2253 1737 2406 1778 nunc
2459 1723 2527 1779 ad
2567 1724 2671 1780 hoc
2727 1725 3001 1794 translati,
3034 1727 3356 1798 impietatis,
3395 1737 3454 1784 ut
3485 1745 3584 1800 par

1997 1821 2137 1879 erat,
2161 1821 2216 1869 et
2241 1813 2510 1870 scelerum
2540 1823 2844 1872 vestrorum
2866 1814 3073 1884 justam
3095 1820 3400 1875 mercedem
3427 1819 3581 1875 inve-

1995 1905 2180 1961 nistis.

307 1995 397 2060 δος
423 1995 553 2064 περὶ
587 1993 683 2047 τοῦ
720 1993 1010 2066 μέλλοντος
1035 1992 1257 2055 αίῶνος.
1288 1993 1389 2058 Διὰ
1425 1994 1588 2049 τοῦτο
1656 1995 1753 2050 νῦν
1804 1995 2172 2067 ἀμειφθέντες
2203 1997 2288 2063 είς
2345 1995 2539 2052 τοῦτον
2560 2037 2578 2065 ,
2609 1989 2721 2052 τῶν
2760 1997 2910 2071 ἰδίων
2945 1997 3321 2072 ἀσεϐημάτων
3351 1999 3447 2056 καὶ⁸
3475 2016 3578 2054 κα-

307 2086 757 2158 κοπραγημάτων
828 2083 986 2150 ἀξίας
1055 2083 1332 2156 εὐρήκατε
1405 2085 1503 2140 καὶ
1565 2087 1669 2151 τὰς
1715 2088 1974 2158 ἀμοιϐάς.

375 2180 565 2236 Ταῦτα
595 2180 730 2253 γὰρ,
757 2182 924 2252 φησὶν
957 2182 986 2234 ό
1012 2180 1178 2250 σοφὸς
1223 2181 1682 2255 Ἐκκλησιαστὴς,
1705 2185 1858 2257 ἑννοή
1875 2215 1894 2228 ο

306 2291 406 2338 σας
439 2311 456 2337 ,
505 2292 524 2324 ι
569 2273 793 2326 Ἔδωκα
834 2273 937 2344 τὴν
989 2273 1223 2342 καρδίαν
1273 2289 1379 2342 μου
1417 2273 1518 2328 τοῦ
1555 2275 1758 2344 γνῶναι
1791 2276 1893 2348 τὴν

305 2364 523 2433 σοφίαν,
557 2362 656 2417 καλ⁸
677 2362 774 2417 τοῦ
805 2361 937 2416 ίδεῐν
981 2363 1074 2417 τὸν
1117 2364 1506 2434 περισπασμδν
1531 2365 1626 2420 τὸν
1649 2380 1892 2439 πεποιη-

307 2458 470 2528 μένον
492 2456 585 2509 ἐπὶ
611 2457 712 2526 τῆς
761 2455 864 2525 γῆς
886 2472 900 2487 ο
943 2473 964 2508 ι
993 2455 1054 2509 ὃν
1113 2456 1162 2508 οε
1195 2443 1427 2524 πονηροὶ
1469 2456 1565 2510 καὶ
1599 2459 1889 2526 μισόκαλοι

306 2547 559 2617 καθάπερ
622 2545 832 2601 ἔνοικον
861 2545 1098 2616 ἔχοντες,
1148 2545 1210 2600 οὐ
1262 2546 1502 2600 διδόασιν
1557 2547 1725 2602 ὕπνον
1771 2553 1887 2616 τοῖς

305 2637 608 2708 ὀφθαλμοῖς
631 2637 664 2708 ἦ
687 2636 1002 2706 νυσταγμὺν
1029 2638 1145 2700 τοῖς
1167 2635 1460 2706 βλεφάροις
1484 2654 1499 2670 ο
1530 2639 1649 2692 ἀλλ’
1669 2643 1728 2694 ἐν
1751 2641 1889 2712 ἡμέ-

309 2747 379 2800 ρα
437 2729 589 2800 πάσῃ
639 2729 736 2782 καὶ
783 2729 942 2781 νυκτὶ
983 2728 1084 2791 τὰς
1103 2729 1248 2784 κατὰ
1279 2727 1390 2782 τῶν
1411 2729 1656 2783 εὐσεϐῶν
1683 2732 1780 2784 καὶ
1803 2732 1886 2786 δι-

250 2830 260 2836 ·
304 2819 482 2873 καίων
512 2817 821 2890 ἀνθρώπων
870 2817 1111 2872 τίθενται
1158 2817 1394 2889 μελέτας
1427 2820 1650 2883 ἀδίκους
1668 2823 1764 2876 καὶ⁹
1796 2840 1890 2876 πο-

304 2907 479 2981 νηρὰς
509 2909 590 2972 είς
619 2907 682 2961 τὺ
709 2907 906 2980 ἐξᾶραι
947 2909 1044 2962 καὶ
1073 2908 1135 2961 τὸ
1169 2910 1515 2979 μνημόσυνον
1561 2911 1741 2965 αὐτῶν
1777 2913 1888 2968 ἀπὸ

2064 2184 2194 2242 Haec
2238 2185 2408 2252 enim,
2440 2185 2620 2256 inquit
2653 2187 2874 2257 sapiens
2920 2185 3296 2254 Ecclesiastes.
3329 2204 3452 2245 cum
3481 2207 3574 2248 co-

1989 2274 2277 2346 gitassem:
2313 2295 2333 2328 ι
2379 2275 2514 2330 Dedi
2565 2291 2662 2332 cor
2699 2292 2902 2344 meum,
2939 2286 2998 2331 ut
3046 2291 3435 2348 cognoscerem
3485 2297 3577 2337 Sai-

1992 2367 2280 2437 pientiam,
2307 2375 2364 2421 et
2388 2367 2636 2422 viderem
2669 2367 3094 2432 distensionem,
3129 2384 3252 2438 qua:
3305 2371 3442 2426 facta
3495 2387 3579 2427 est

1985 2471 2150 2525 super
2185 2465 2390 2512 terram
2418 2473 2434 2522 ;
2468 2475 2486 2509 ι
2525 2473 2691 2528 quam
2719 2457 2957 2528 improbi
2983 2457 3233 2514 homines
3257 2467 3312 2514 et
3342 2461 3574 2519 virtutes

1985 2547 2201 2616 hostes,
2235 2563 2357 2603 cum
2389 2549 2537 2603 intus
2581 2550 2634 2604 in
2675 2549 2857 2604 animo
2901 2549 3214 2618 patiantur,
3258 2565 3367 2606 non
3398 2552 3575 2608 oculis

1987 2653 2259 2704 somnum,
2297 2654 2404 2694 non
2459 2624 2736 2710 palpebris
2779 2639 3171 2695 domuitionem
3217 2642 3570 2698 concedunt:

1985 2733 2079 2784 sed
2105 2731 2248 2784 diem
2287 2737 2460 2784 totum
2489 2745 2554 2784 ac
2587 2739 2800 2785 noctem
2845 2729 2900 2784 in
2934 2745 3001 2784 eo
3036 2731 3348 2799 traducunt,
3374 2741 3436 2787 ut
3469 2734 3573 2803 piis

1986 2833 2048 2874 ac
2073 2820 2238 2890 justis
2273 2819 2589 2876 hominibus
2624 2821 2924 2889 perniciem
2969 2820 3295 2888 moliantur,
3324 2832 3382 2876 et
3423 2827 3570 2878 omni

1985 2912 2376 2981 suppliciorum
2435 2927 2496 2968 ac
2551 2920 2951 2967 tormentorum
3013 2928 3214 2982 genere
3269 2915 3352 2967 vel
3400 2915 3568 2984 ipsam

305 2999 411 3070 γῆς
442 2999 532 3053 διά
563 2997 828 3052 ποικίλων
882 2997 978 3050 καὶ
1033 3000 1396 3054 παντοδαπῶν
1460 3001 1747 3072 τιμωριῶν
1790 3007 1886 3058 καὶ

1993 3019 2176 3058 eorum
2210 3003 2528 3059 memoriam
2560 3019 2590 3059 e
2639 3003 2820 3059 medio
2867 3004 3160 3058 tollendam
3207 3015 3422 3060 curent.
3477 3005 3571 3061 Ειι

307 3090 582 3161 βασάνων.
613 3089 724 3142 Καὶ
763 3089 874 3159 γάρ
923 3089 1114 3161 ἐπειδὴ
1164 3092 1604 3160 προηγουμένως
1657 3093 1882 3166 ἔφησεν,

312 3199 331 3232 ι
375 3181 498 3233 Ὀτι
526 3177 782 3247 γινώσκω
809 3177 921 3247 ιγὼ
947 3181 1151 3248 ἀγαθὸν
1175 3176 1316 3234 εἶναι
1363 3185 1483 3246 τοῖς
1519 3182 1887 3256 φοϐουμένοις

305 3269 396 3322 τὸν
433 3267 587 3334 Θεὸν,
609 3269 749 3340 ὅπερ
807 3268 908 3322 οὐκ
947 3268 1099 3322 ἔσται
1126 3273 1240 3334 τοῖς
1278 3270 1506 3324 ἀσεϐέσι
1531 3287 1546 3302 °
1581 3292 1603 3326 ι
1641 3290 1887 3345 προκατ-

307 3359 592 3428 αγγέλλων
617 3358 898 3426 ἐντεῦθεν,
921 3359 1019 3424 ιὼς
1059 3356 1236 3432 οἶμαι,
1264 3362 1622 3433 προφητικῶς
1648 3365 1748 3437 τὴν
1779 3367 1888 3420 τῶν

312 3453 486 3522 ἁγίων
511 3453 833 3507 ἀποστόλων
885 3453 981 3507 καὶ
1059 3453 1354 3526 μαρτύρων
1411 3455 1628 3526 ἀγαθὴν
1701 3457 1890 3512 θεόθεν

312 3542 635 3613 ἀντάμειψιν
686 3545 746 3596 ἐν
805 3546 870 3614 τῇ
935 3543 1185 3616 βασιλείᾳ
1237 3543 1350 3598 τῶν
1398 3545 1666 3616 οὐρανῶν,
1696 3542 1890 3616 ὲφόίς

312 3633 742 3704 καθυπήνεγκαν
765 3634 952 3700 πόνοις
980 3637 1076 3690 καὶ
1098 3636 1293 3699 κόποις
1317 3635 1406 3690 διά
1427 3636 1641 3707 μυρίων
1661 3637 1785 3691 τελε
1795 3655 1888 3692 ιω-

311 3723 499 3788 θέντες
523 3724 776 3795 βασάνων
805 3740 821 3756 ³
860 3720 982 3801 εἶτα
1016 3724 1298 3796 παρευθύς
1321 3726 1621 3796 ἐπαγαγὼν
1663 3731 1759 3782 καὶ
1787 3731 1892 3801 φή-

313 3833 435 3881 σας,
469 3835 488 3870 ι
519 3812 662 3872 εἶναι
685 3800 1029 3887 ματαιότητα
1054 3816 1436 3888 πεποιημένην
1466 3821 1560 3872 ἐπὶ
1584 3820 1684 3890 τῆς
1712 3800 1885 3892 γῆς»

309 3907 555 3978 δηλονότι
582 3907 734 3980 παρά
756 3908 866 3962 τῶν
903 3908 1108 3963 ἀδίκων
1137 3907 1442 3980 ἀνθρώπων
1463 3911 1560 3966 καὶ
1585 3911 1888 3980 δυσσεϐῶν,

308 4000 432 4071 ἥτις
472 3999 789 4054 ὲναλλάττει
811 4000 912 4063 τὰς
947 3999 1250 4071 ὑπολήψεις
1273 4001 1382 4055 τῶν
1409 4002 1636 4058 δικαίων
1655 4005 1736 4069 είς
1763 4005 1892 4070 τοὺς

309 4091 556 4156 ἀδίκους,
593 4092 686 4146 καὶ
711 4091 822 4145 τῶν
837 4091 1052 4146 ἀσεϐῶν
1074 4093 1155 4155 είς
1172 4092 1299 4156 τοὺς
1325 4093 1570 4158 εὐσεϐεῖς
1594 4111 1608 4124 ·
1637 4096 1733 4148 καὶ
1755 4113 1891 4168 προ⁸

308 4183 700 4252 καταγγέλλων
743 4184 833 4239 διά
883 4183 996 4237 τῶν
1029 4184 1343 4256 εἰρημένων
1401 4186 1501 4256 τὴν
1528 4185 1640 4240 τῶν
1676 4187 1890 4243 ἀσεϐῶν

308 4273 405 4326 καὶ
434 4271 766 4342 παρανόμων
790 4271 1058 4342 βασιλέων
1091 4272 1184 4325 καὶ
1212 4271 1500 4343 τυράννων
1529 4273 1890 4344 ἀντίστροφον

308 4362 491 4432 κρίσιν
515 4363 612 4416 και
656 4362 1100 4434 διεστρλμμένην
1162 4363 1257 4415 καὶ
1289 4361 1510 4417 σκολιὰν
1534 4403 1548 4426 ,
1575 4364 1640 4434 ἢν
1670 4364 1890 4418 ἐποίουν

307 4455 391 4518 τίς
443 4455 570 4518 τοὺς
621 4454 866 4526 ἀθλητὰς
915 4453 1018 4524 τῆς
1063 4452 1350 4518 εὐσεϐείας
1377 4453 1475 4508 καὶ
1495 4453 1597 4524 τῆς
1627 4455 1888 4528 ἀληθείας

310 4543 633 4614 προμάχους
682 4545 778 4598 καὶ
805 4545 906 4615 τῆς
930 4542 1260 4615 εἰλικρινοῦς
1301 4543 1462 4614 ἡμῶν
1486 4543 1726 4608 πίστεως
1745 4547 1889 4617 μάρι

306 4651 478 4706 τυρας
502 4651 516 4666 ·
552 4637 651 4689 καὶ
713 4635 898 4706 μέντοι
939 4634 1066 4698 τοὺς
1124 4633 1748 4706 καταμαλακιξομένους
1793 4635 1889 4688 καὶ

307 4727 744 4815 πειθαρχοῦντς
764 4729 887 4790 ταῖς
917 4726 1072 4797 σφῶν
1103 4725 1421 4793 ἀξιώσεσιν,
1443 4727 1540 4780 καὶ
1565 4729 1888 4796 γινομένους

307 4817 590 4888 ἐξάρνους,
633 4817 728 4871 καὶ
776 4817 952 4873 ταῦτα
986 4817 1166 4871 πάντα
1186 4819 1307 4881 ταῖς
1341 4817 1610 4872 ἀνωτάτω
1645 4818 1887 4888 μέμψεσι

306 4908 708 4965 καθυποϐαλὼν
796 4910 893 4964 καὶ
983 4907 1472 4980 κατακωμῳδήσας
1496 4926 1510 4942 ο
1577 4909 1890 4975 ἀκολούθως

307 5000 585 5073 προῆλθεν
617 5002 794 5057 εἰπεῖν
823 5002 916 5056 καὶ
951 5003 1192 5076 σημᾶναι
1219 5002 1320 5056 καὶ
1348 5001 1441 5054 τὸν
1467 4999 1704 5055 ἄτακτον
1733 5019 1890 5075 περι-

306 5094 582 5164 σπασμὺν,
615 5093 674 5148 ὃν
723 5095 820 5148 καί
879 5096 937 5148 ἐν
965 5094 1154 5166 ἡμέρα
1204 5093 1298 5148 καὶ
1323 5093 1381 5146 ὲν
1424 5091 1585 5146 νυκτὶ
1611 5092 1752 5146 κατὰ
1781 5092 1890 5148 τῶν

306 5185 482 5256 ἁγίων
509 5186 814 5259 λυττῶντες
843 5180 991 5256 εἶχον
1015 5185 1152 5256 πρὸς
1183 5183 1245 5237 τὸ
1289 5181 1627 5236 καθελκύσαι
1662 5181 1758 5236 καὶ
1785 5200 1890 5237 κα-

304 5277 589 5331 τασπάσαι
631 5277 723 5331 τὸν
753 5277 1132 5344 ἀξιεπαίνετον
1185 5275 1342 5329 τόνον
1373 5274 1474 5346 τῆς
1509 5274 1892 5346 γενναιότητος

266 5379 276 5386 ’
307 5367 489 5428 αὐτῶν
517 5371 615 5424 καὶ
644 5367 930 5440 θεοφιλοῦς
956 5367 1352 5441 προαιρέσεως.

380 5482 430 5516 ⁸⁸
458 5481 774 5550 Eccle.vm,
809 5483 897 5538 12.

383 5612 500 5682 (‘25)
529 5613 665 5669 Luc.
699 5629 814 5678 xvi,
839 5613 932 5670 25.
963 5615 1032 5668 At
1066 5613 1182 5683 ipsa
1215 5611 1505 5683 Evangelii
1531 5609 1888 5683 vet-lnaAsnnt:

313 5679 542 5750 Τέκνον,
575 5685 847 5757 μνήσθητι
888 5684 972 5738 ὅτι
1015 5679 1288 5746 ἀπέλαϐες
1338 5679 1402 5735 σύ
1453 5681 1523 5736 τὰ
1575 5679 1758 5750 ἀγαθά
1793 5695 1886 5734 σου

1987 3096 2136 3149 enim
2168 3096 2290 3148 cum
2349 3095 2606 3164 superius
2650 3093 2913 3150 dixisset:
2946 3113 2965 3146 ι
2999 3094 3180 3161 Quare
3209 3103 3264 3150 et
3301 3111 3572 3167 cognosco

1988 3201 2089 3256 ego
2119 3225 2135 3248 .
2170 3187 2372 3241 bonum
2409 3202 2533 3242 esse
2578 3187 2897 3242 timentibus
2931 3169 3136 3252 Deum;~
3152 3188 3300 3257 quod
3331 3204 3436 3244 non
3465 3191 3572 3244 erit

1990 3277 2172 3347 impiis
2200 3277 2246 3310 ⁸⁸
2275 3295 2288 3332 :
2320 3295 2342 3328 ι
2375 3287 2431 3332 et
2458 3277 2658 3334 exinde
2693 3277 3108 3347 prophetarum,
3135 3287 3196 3331 ut
3232 3291 3382 3345 reor,
3419 3294 3570 3334 more

1990 3379 2307 3424 sanctorum
2365 3370 2740 3438 apostolorum
2782 3378 2946 3440 atque
3000 3377 3303 3436 martyrum
3348 3372 3569 3440 praemia

1989 3463 2434 3531 praenuntiasset,
2467 3477 2590 3532 qua:
2639 3462 2693 3516 in
2727 3452 3112 3527 cmlestirepno
3133 3471 3346 3530 proptnr
3368 3463 3569 3516 tolera-

1960 3592 1969 3600 .
1993 3561 2076 3607 tos
2108 3553 2323 3608 labores
2349 3554 2742 3622 cruciatusque
2766 3551 3030 3621 plurimos
3051 3564 3430 3609 consummata
3461 3555 3570 3606 vim

1991 3651 2022 3690 a
2053 3635 2164 3691 Deo
2223 3651 2515 3706 accepere:
2538 3638 2650 3708 jam
2697 3639 3000 3707 subjicieus
3043 3641 3333 3709 protinus;
3372 3657 3392 3691 σ
3453 3655 3574 3694 esse

1993 3725 2311 3790 vanitatem,
2341 3742 2464 3796 quae
2523 3726 2662 3780 facta
2695 3738 2778 3780 est
2813 3727 2978 3796 super
3005 3737 3230 3792 terram,
3263 3745 3282 3778 ι
3321 3731 3388 3782 ab
3427 3729 3574 3798 inju-

1993 3817 2096 3870 stis
2122 3829 2320 3884 nempe
2339 3825 2506 3886 atque
2544 3816 2727 3884 impiis
2750 3817 3062 3871 hominibus
3080 3858 3096 3882 ,
3125 3818 3435 3886 quajustos
3459 3827 3576 3874 tan-

1994 3921 2158 3977 quam
2188 3907 2444 3977 injustos,
2475 3915 2530 3962 et
2560 3909 2950 3978 piostanquam
2985 3910 3185 3978 impios
3211 3909 3488 3976 traducit;
3511 3925 3575 3964 ac

1993 3999 2242 4054 oratione
2257 3998 2554 4069 designans
2580 4000 2871 4068 impiorum
2906 4012 3094 4068 regum
3123 4008 3179 4051 et
3218 3997 3572 4055 scelestarum

1999 4100 2362 4161 tyrannorum
2415 4090 2580 4160 216
2618 4103 2934 4161 pervgrsum
2960 4088 3091 4143 illud
3114 4103 3178 4144 ac
3199 4087 3572 4159 perturbatum

1993 4181 2476 4253 inordinatumque
2501 4181 2800 4252 judicium,
2842 4196 2954 4252 quo
2988 4183 3069 4236 usi
3103 4192 3232 4235 sunt
3278 4180 3330 4234 in
3359 4183 3575 4250 pietatis

1993 4273 2228 4330 athletas
2256 4283 2312 4329 et
2343 4273 2589 4330 veritatis
2619 4282 3052 4344 propugnatores
3088 4274 3426 4344 sinceraque
3451 4289 3576 4344 pro-

1925 4349 1966 4404 ο
1994 4364 2252 4420 fessionis
2284 4375 2485 4420 nostra:
2518 4375 2824 4435 martyres:
2853 4363 2918 4418 iis
2957 4379 3199 4434 quoque,
3235 4366 3329 4433 qui
3366 4363 3572 4417 deliniti

1990 4465 2154 4524 atque
2187 4455 2374 4521 illecti,
2409 4470 2600 4512 eorum
2661 4454 2972 4512 auctoritati
3016 4463 3342 4525 paruerunt,
3373 4464 3426 4508 et
3459 4468 3576 4524 pro-

1992 4547 2198 4602 ditores
2221 4547 2352 4603 facti
2379 4557 2534 4614 sunt,
2563 4548 2888 4614 caeterisque
2919 4545 3232 4616 huiusmodi
3262 4544 3426 4600 rebus
3445 4561 3572 4616 gra-

1997 4642 2224 4697 vissime
2266 4641 2596 4711 improbatis
2621 4655 2686 4695 ac
2715 4639 3095 4709 reprehensis,
3131 4653 3198 4694 eo
3217 4638 3436 4693 demum
3475 4639 3545 4694 de

1991 4734 2160 4798 venit,
2189 4739 2251 4788 ut
2290 4733 2646 4802 irrequietam
2674 4733 2821 4787 illam
2865 4730 3258 4787 distensionem
3291 4730 3575 4796 indicaret,

1993 4837 2114 4893 qua:
2148 4821 2266 4878 dies
2322 4833 2626 4893 noctesque
2672 4823 2939 4878 adversus
2967 4829 3187 4876 sanctos
3214 4821 3578 4877 exercuiteo-

1997 4929 2119 4968 rum
2151 4914 2416 4981 furorem,
2449 4917 2495 4972 si
2525 4931 2630 4985 qua
2664 4917 2875 4972 ratione
2900 4929 3216 4986 germanam
3247 4914 3448 4968 horum
3468 4915 3576 4968 vir-

1997 5013 2168 5060 tutem
2186 5021 2218 5061 e
2243 5006 2354 5062 Deo
2376 5007 2702 5078 gratissimae
2724 5006 3021 5062 voluntatis
3045 5004 3405 5061 constantiam
3429 5021 3574 5060 nun-

1993 5114 2160 5169 quam
2216 5100 2351 5156 satis
2407 5100 2738 5156 laudandam
2792 5098 3122 5156 labefactare
3156 5113 3222 5154 ac
3273 5097 3574 5154 dissolvere

1994 5191 2108 5246 ullo
2135 5191 2298 5248 modo
2321 5203 2568 5264 possent.

1996 5611 2056 5662 ὲν
2089 5607 2156 5675 τῇ
2186 5603 2298 5675 ζωῇ
2359 5623 2473 5667 σου,
2517 5605 2612 5658 καὶ
2647 5602 2896 5675 Λάζαρος
2932 5600 3132 5675 ὁμοίως
3175 5597 3244 5653 τὰ
3276 5596 3454 5651 κακά’
3478 5592 3575 5650 νῦν

1998 5677 2053 5732 δὲ
2077 5672 2173 5741 ,ὅδὲ
2207 5672 2626 5746 παρακαλεῖται,
2664 5676 2726 5728 σὺ
2757 5673 2812 5726 δὲ
2839 5672 3111 5725 ὀδυνᾶσαι.
