3958 6208
445 282 582 346 1099

1537 285 1598 344 S.
1643 285 2021 350 GREGORII
2059 289 2570 354 AGRIGENTINI

3555 287 3696 352 ll03

444 401 529 452 νυι
566 400 744 460 inviti.
780 399 967 456 divino
1004 397 1235 454 consilio
1266 408 1320 454 et
1345 399 1564 456 decreto
1605 417 1702 456 suo
1746 403 1896 472 juste
1933 405 2014 460 sic

2132 407 2268 470 ista;
2312 407 2505 478 βουλῆς
2540 405 2634 457 καὶ
2665 403 2850 472 ψήφου
2896 401 2990 454 τοῦ
3035 401 3250 456 πάντων
3282 402 3702 467 ἑξουσιάξοντος

447 499 723 544 statuente
762 489 902 556 Deo,
951 490 1046 558 qui
1082 491 1134 542 in
1171 505 1363 545 omnes
1408 499 1730 560 potestatem
1773 503 2010 549 exercet.

449 580 568 646 Qua
602 582 808 634 ratione
839 596 870 636 e
896 580 1175 636 contrario
1223 582 1316 650 qui
1355 583 1644 637 eunuchus
1683 592 1880 638 natura
1911 595 2016 650 est,

2114 494 2248 548 Θεοῦ
2281 494 2501 556 δικαίως
2533 491 2874 561 κεκρικυίας.
2906 487 2984 564 *ῃ
3009 492 3070 544 τὸ
3113 492 3350 562 ἔμπαλιν
3377 493 3406 545 6
3432 491 3704 560 εὐνοῦχος

2117 587 2296 654 φύσει,
2329 585 2598 646 ἀκουσίως
2628 583 2852 654 διαδρὰς
2881 583 2972 636 τὸν
3004 583 3246 636 διάϐολον
3266 624 3283 649 ,
3315 584 3569 654 ὑψοῦται,
3605 583 3706 636 καὶ

449 685 573 724 cum
619 687 717 724 nec
748 671 938 725 volens
975 671 1252 726 diabolum
1290 671 1497 744 fugiat,
1540 674 1842 741 exaltatur;
1888 675 2018 730 dum

2132 678 2167 730 >i
2233 674 2480 745 θεοφόροι
2547 673 2967 744 πολεμούμενοι,
3020 677 3273 730 ταπεινοὶ
3341 677 3704 745 πορεύονται.

450 761 542 827 qui
576 759 746 814 Deum
784 761 1106 830 gestabant,
1156 762 1412 818 debellati
1456 764 1608 819 humi
1654 774 1852 834 repunt
1881 766 2018 836 (64).

450 852 536 906 Ait
564 852 760 907 deinde
789 852 1177 908 Ecclesiastes:

2120 761 2256 821 Εῐτά
2283 783 2448 836 φησιν
2474 765 2503 817 6
2543 763 2974 835 Ἐκκλησιαστής
3007 779 3022 795 ⁶

2019 970 2146 1044 5x.

527 1057 694 1114 Vens.
731 1059 886 1114 8-10.
921 1060 1027 1125 Qui
1054 1060 1190 1130 fodit
1223 1063 1448 1132 foveam,
1501 1065 1556 1117 in
1591 1065 1762 1134 ipsam
1800 1065 2018 1132 incidet,

2201 1063 2265 1116 '0
2309 1063 2592 1130 ὀρύσσων
2626 1062 2854 1130 βόθρον
2893 1060 2964 1115 ἐν
2997 1058 3162 1126 αὐτῷ
3193 1057 3557 1128 ἐμπεσεῖται,
3599 1057 3706 1112 και

449 1161 498 1206 et
537 1153 627 1222 qui
658 1150 883 1221 dissipat
929 1167 1122 1220 sepem,
1172 1153 1427 1207 mordebit
1483 1171 1599 1208 eum
1648 1171 1902 1224 serpens;
1930 1155 2022 1224 oui

2132 1153 2513 1221 ιιιθιιιροῦγτα
2535 1152 2810 1222 φραγμὸν
2829 1151 3070 1217 δήξεται
3091 1151 3277 1204 αὐτὸν
3299 1150 3451 1218 ὄψις.
3492 1149 3707 1212 Ἐξαί-

451 1244 714 1298 subtrahit
743 1243 970 1311 lapides,
1012 1245 1208 1298 dolebit
1239 1247 1295 1299 in
1323 1247 1419 1300 eis.
1453 1245 1706 1301 Scindens
1733 1248 1900 1317 ligna,
1927 1264 2020 1316 pe-

2109 1261 2236 1312 ρων
2282 1245 2489 1309 λίθους
2540 1241 3046 1311 διαπονηθήσεται
3089 1243 3159 1296 ἐν
3202 1241 3427 1307 αὐτοῖς.
3468 1240 3714 1310 Σχίζων

451 1332 774 1388 riclitabitur
798 1335 852 1386 in
878 1335 974 1388 eis.
1001 1331 1063 1386 Si
1084 1335 1339 1389 exciderit
1368 1337 1588 1405 ferrum,
1619 1346 1668 1390 et
1695 1339 1804 1406 ipse
1831 1339 2021 1407 faciem

2132 1333 2278 1399 Ξύλα
2327 1333 2710 1388 κινδυνεύσει
2769 1335 2840 1387 ἐν
2880 1333 3116 1400 αὐτοῖς’
3169 1333 3279 1386 ἐὰν
3326 1333 3566 1398 ἐκπέσῃ
3640 1331 3713 1385 τὸ

452 1425 699 1480 turbavit.
754 1423 823 1478 Et
880 1425 1141 1495 fortitudo
1184 1429 1557 1497 conﬁrmabit,
1600 1441 1648 1484 et
1691 1431 2021 1486 abundantia

453 1517 606 1587 fortis
633 1516 892 1586 sapientia
926 1518 1060 1589 (65).

2125 1423 2434 1492 σιδήριον,
2494 1423 2595 1476 καὶ
2649 1423 2830 1489 αὐτὸς
2887 1424 3212 1492 πρόσωπον
3249 1421 3523 1490 ἐτάραξε.
3592 1421 3712 1474 Καὶ

2124 1512 2377 1582 δύναμις
2407 1513 2774 1583 δυναμὼσει·
2803 1514 2898 1567 καὶ
2933 1515 3249 1582 περισσεία
3281 1512 3385 1567 τοῦ
3415 1511 3713 1580 ἀνδρείου

2123 1605 2327 1672 σοφία.

522 1692 627 1760 Qui
663 1693 801 1746 clam
838 1694 1178 1764 subdoleque
1210 1693 1454 1748 fraudem
1491 1704 1714 1750 nectunt
1740 1712 1803 1751 ac
1837 1699 2020 1766 perni-

2197 1695 2335 1757 Τοὺς
2378 1693 2778 1765 κεκρυμμένως
2812 1694 2905 1746 καὶ
2935 1692 3311 1756 λανθανόντως
3358 1691 3716 1754 καττύοντας

453 1783 593 1838 ciem
623 1790 845 1835 struunt
882 1783 1172 1850 proximis,
1205 1795 1315 1850 quo
1342 1795 1440 1835 nec
1469 1782 1758 1850 opinantes
1787 1781 2022 1837 incauti-

451 1884 560 1940 que
589 1870 642 1922 in
679 1883 906 1938 magnas
936 1883 1304 1922 aerumnarum
1339 1869 1626 1939 voragines
1651 1870 2021 1940 obripiantur,

452 1975 550 2015 eos
576 1974 726 2014 nunc
764 1959 985 2027 sapiens
1015 1957 1376 2013 Ecclesiastes
1409 1959 1683 2014 deterrere
1715 1958 1931 2024 nititur,
1958 1976 2026 2016 ne

455 2049 584 2120 quid
610 2049 717 2105 tale
748 2065 989 2118 unquam
1017 2049 1101 2102 vel
1129 2048 1428 2104 moliantur
1453 2049 1538 2104 vel
1570 2048 1803 2115 faciant;
1827 2053 2026 2121 quippe

454 2143 547 2212 qui
596 2141 652 2194 in
699 2155 794 2195 eas
836 2139 986 2208 ipsas
1019 2140 1300 2208 angustias
1331 2139 1530 2194 merito
1558 2141 1740 2196 casuri
1787 2142 1930 2206 sint,
1967 2142 2023 2196 in

453 2247 592 2302 quas
645 2229 785 2284 alios
827 2229 1210 2298 compulerint,
1265 2235 1319 2282 et
1361 2243 1552 2302 eorum
1599 2229 1868 2295 omnium,
1903 2246 2026 2301 qua:

456 2321 701 2393 aggressi
737 2320 959 2385 fuerint,
997 2334 1188 2390 pcenas
1218 2319 1398 2374 daturi
1436 2337 1451 2375 :
1484 2321 1942 2390 quemadmodum
1971 2330 2026 2376 et

455 2411 624 2467 David
663 2411 928 2482 propheta
966 2411 1044 2464 ait
1077 2427 1092 2464 :
1133 2427 1152 2460 ι
1187 2408 1392 2464 Lacum
1444 2409 1693 2478 aperuit,
1739 2419 1796 2464 et
1839 2410 2026 2466 ell'odit

454 2518 579 2559 emn
605 2522 620 2571 ;
652 2513 706 2558 et
735 2502 936 2558 incidet
959 2501 1013 2555 in
1045 2499 1255 2555 foveam
1286 2515 1451 2570 quam
1485 2500 1629 2556 fecit.
1661 2500 2026 2556 Convertetur

454 2594 611 2650 labor
638 2595 761 2666 ejus
793 2595 846 2648 in
884 2602 1048 2660 caput
1077 2593 1218 2662 ejus,
1253 2599 1308 2646 et
1335 2591 1389 2645 in
1425 2592 1681 2648 verticem
1719 2593 1890 2662 ipsius
1917 2593 2022 2647 ini-

455 2686 641 2756 quitas
686 2686 808 2755 ejus
845 2682 1140 2740 descendet
1161 2683 1228 2737 ’⁸.
1277 2701 1295 2734 ι
1351 2679 1487 2736 Nam
1544 2683 1648 2738 hoc
1695 2684 1874 2753 ipsum
1933 2683 2025 2738 illa

457 2776 812 2849 significant:
849 2793 869 2828 ι
909 2774 1015 2842 Qui
1055 2773 1286 2844 dissipat
1334 2788 1540 2843 sepem,
1587 2774 1860 2830 mordebit
1899 2791 2022 2830 eum

453 2878 709 2932 serpens;
763 2881 782 2914 ι
849 2863 945 2931 qui
1007 2875 1191 2931 sepem
1251 2861 1461 2916 scilicet
1515 2861 1745 2934 dissipat
1801 2879 1907 2918 non
1969 2865 2023 2920 in

455 2953 691 3024 proximi
737 2950 1028 3008 commoda
1052 2991 1070 3017 ,
1114 2951 1208 3007 sed
1245 2951 1316 3007 ad
1348 2954 1657 3023 expeditum
1699 2954 2026 3026 facilemque

2125 1779 2215 1833 καὶ
2246 1780 2628 1852 ῥαψῳδοῦντας
2662 1780 2728 1833 τὰ
2775 1779 2908 1850 πρὸς
2946 1780 3237 1850 ἐπιϐουλὴν
3271 1778 3366 1833 καὶ
3394 1780 3708 1850 διαφθορὲν

2123 1871 2231 1925 τῶν
2279 1873 2528 1942 πλησίον,
2581 1873 2649 1926 δι’
2701 1865 2777 1925 ὧν
2833 1871 3169 1941 ἀσυμφανῶς
3222 1873 3316 1924 καὶ
3367 1871 3708 1941 ἁπροόπτως

2125 1960 2548 2030 περιπίπτουσιν
2595 1962 2676 2024 είς
2729 1959 2976 2030 βάραθρα
3034 1959 3302 2029 βιωτικῶν
3360 1960 3703 2031 συμφορῶν,

2124 2053 2478 2120 ἀσφαλίζεται
2527 2052 2622 2106 νῦν
2668 2055 2698 2106 6
2747 2051 2909 2122 σοφὸς
2965 2051 3394 2123 Ἐκκλησιαστης
3447 2051 3593 2122 πρὸς
3646 2053 3708 2104 τὸ

2127 2141 2397 2210 μηδέποτε
2443 2140 2686 2194 τοιοῦτόν
2723 2156 2775 2192 τι
2827 2138 3058 2210 μελετᾷν
3106 2139 3202 2194 καὶ
3246 2142 3456 2192 ποιεῖν·
3493 2139 3592 2192 ἅτε
3641 2139 3706 2210 δὴ

2125 2232 2348 2294 πάντως
2396 2231 2454 2284 ἐν
2487 2233 2598 2294 τοῖς
2653 2231 2836 2294 αὐτοῖς
2883 2231 3160 2301 χαλεποῖς,
3195 2232 3310 2293 τοῖς
3351 2229 3486 2300 παρ’
3520 2229 3706 2282 αὐτῶν

2125 2321 2491 2386 καττυθεῖσιν,
2527 2320 2750 2384 ἐνδίκως
2781 2320 3102 2383 πεσοῦντας,
3133 2321 3227 2374 καὶ
3258 2319 3369 2373 τῶν
3398 2321 3550 2374 ἰδίων
3576 2322 3703 2373 ἐπι-

2126 2411 2475 2484 χειρημάτων
2502 2409 2600 2482 τὴν
2629 2410 2784 2482 δίκην
2815 2412 3166 2482 εὖρήσοντας,
3216 2410 3398 2474 καθώς
3436 2429 3574 2482 φησι
3609 2414 3702 2464 καὶ

2126 2502 2292 2556 Δαϐὶδ
2326 2505 2354 2556 6
2384 2505 2667 2576 προφήτης
2686 2518 2701 2534 ο
2750 2519 2769 2550 ι
2810 2503 3026 2556 Λάκκον
3057 2500 3231 2573 ὤρυξε
3263 2503 3360 2556 καὶ
3390 2503 3700 2572 ἀνέσκαψεν

2126 2595 2323 2648 αὐτόν·
2369 2595 2461 2648 καὶ
2504 2595 2824 2664 ἐμπεσεῖται
2874 2596 2954 2656 εἰς
2993 2592 3218 2662 βόθρον,
3265 2592 3327 2647 δν
3374 2593 3693 2663 εἰργάσατο.

2137 2686 2488 2756 Ἐπιστρέψει
2516 2687 2544 2738 6
2574 2685 2733 2748 πόνος
2765 2683 2930 2739 αὑτοῦ
2960 2686 3041 2748 είς
3071 2684 3314 2755 κεφαλὴν
3363 2685 3553 2751 αὐτοῦ,
3601 2687 3697 2739 καὶ

2125 2778 2219 2830 ἐπὶ
2256 2776 2503 2850 κορυφὴν
2545 2775 2712 2830 αὑτοῦ
2748 2777 2782 2846 ἡ
2829 2776 3013 2829 ἀδικία
3033 2774 3204 2830 ἀὐτοῦ
3235 2775 3626 2846 καταϐήσεται.
3668 2795 3688 2826 ι

2125 2869 2297 2922 Τοῦτο
2328 2869 2436 2940 γὰρ
2469 2869 2600 2923 αὐτὸ
2631 2867 2998 2938 σημαίνεικαὶ
3027 2867 3089 2920 τὸ
3113 2886 3131 2919 ι
3163 2851 3532 2936 καθαιροῦντα
3557 2884 3691 2938 φρα-

2125 2961 2266 3030 γμὸν
2305 2961 2524 3032 δήξεται
2567 2959 2728 3012 αὐτὸν
2757 2959 2900 3026 ὃφις.
2947 2976 2966 3010 ι
3020 2957 3407 3028 Καθαιροῢντα
3439 2959 3689 3028 φραγμὸν

455 3048 639 3102 furum
701 3046 1006 3101 introitum.
1067 3045 1306 3112 Serpens
1363 3047 1532 3112 enim,
1590 3047 1752 3120 242
1807 3049 2022 3120 inquit,

2132 3049 2250 3120 οὐχὶ
2302 3049 2439 3118 πρὸς
2476 3047 2746 3116 ὠφέλειαν
2774 3045 2868 3100 τοῦ
2903 3044 3148 3117 πλησίον,
3179 3043 3318 3099 ἀλλὰ
3347 3045 3485 3115 πρὸς
3515 3047 3689 3116 ἀπαρ-

458 3143 605 3194 hnne
635 3137 930 3202 mordebit,
963 3137 1054 3207 qui
1086 3152 1281 3206 nempe
1307 3137 1568 3192 damnum
1616 3137 2024 3208 perniciemque

455 3231 708 3300 proximo
731 3227 896 3284 infert
923 3248 936 3282 :
963 3229 1090 3284 inde
1119 3229 1347 3284 tentatio
1374 3229 1600 3283 exsistet
1625 3230 1817 3284 veneni
1841 3230 2020 3300 plena,

456 3339 578 3394 qua:
625 3323 802 3392 ipsum
848 3330 1109 3390 tanquam
1160 3335 1384 3391 serpens
1420 3320 1636 3374 invadet
1665 3331 1828 3390 atque
1876 3335 2024 3376 mor-

458 3415 624 3468 debit.
673 3413 739 3467 Et
794 3431 812 3463 ι
855 3413 950 3482 qui
995 3412 1268 3466 subtrahit
1315 3411 1543 3481 lapides,
1579 3429 1598 3462 ι
1640 3425 1738 3466 eos
1789 3411 2020 3478 scilicet,

457 3505 550 3574 qui
585 3503 652 3557 ad
702 3504 1059 3557 insidiatores
1109 3503 1483 3573 prohibendos
1515 3503 1722 3574 aggesti
1768 3502 1914 3568 sint,
1967 3503 2022 3557 in

458 3611 602 3666 quos
635 3595 710 3648 illi
740 3593 1076 3649 ollendentes
1106 3594 1314 3648 aditum
1352 3593 1454 3648 sibi
1500 3593 1566 3648 ad
1600 3593 1827 3649 insidias
1853 3593 2025 3649 inter-

459 3690 669 3742 clusum
699 3688 1057 3756 reperissent,
1092 3688 1240 3742 hunc
1271 3688 1460 3744 dolore
1490 3686 1740 3742 allectum
1777 3687 1844 3741 iri
1867 3685 2022 3751 dicit,

453 3780 508 3834 id
549 3788 632 3834 est
658 3779 1006 3834 vehementer
1033 3778 1430 3832 lahoraturum.

528 3959 674 4015 Idem
705 3974 858 4024 vero,
888 3974 1014 4014 eum
1051 3957 1252 4014 similia
1295 3957 1426 4021 sint,
1469 3957 1559 4011 illa
1590 3971 1808 4028 quoque
1843 3963 2026 4010 osten-

457 4052 594 4106 dunt
629 4069 642 4104 :
681 4069 700 4102 ι
742 4049 1014 4106 Seindens
1065 4050 1211 4120 ligna
1263 4049 1659 4120 periclitabitur
1709 4049 1762 4102 in
1817 4047 1898 4102 eis
1928 4063 1941 4099 :
1977 4045 2024 4100 si

457 4143 720 4199 exciderit
746 4143 974 4208 ferrum,
1007 4150 1062 4196 et
1090 4141 1240 4211 ipse;
1279 4159 1298 4192 ι
1335 4154 1461 4194 nam
1491 4139 1586 4208 qui
1614 4137 1816 4195 scindit
1841 4135 2028 4190 caedit-

457 4246 565 4302 que
608 4232 790 4302 ligna,
830 4245 940 4284 non
974 4237 1036 4283 ut
1084 4227 1482 4298 exquisitorum
1533 4225 1773 4280 edulium
1819 4223 2023 4293 aliquid

457 4331 658 4392 coquat
690 4321 756 4375 ad
787 4319 1032 4388 hospites
1059 4318 1373 4372 humaniter
1405 4315 1784 4386 accipiendos,
1837 4315 1930 4368 sed
1963 4321 2022 4367 ut

2129 3137 2454 3208 εμπόδιστον
2509 3137 2606 3190 καὶ
2667 3135 2857 3208 ῥᾳδίαν
2909 3133 3111 3188 εἴσοδον
3171 3134 3281 3187 τῶν
3328 3134 3687 3189 κλεπτόντων.

2133 3229 2295 3298 Ὄφις
2323 3227 2432 3300 γὰρ
2463 3227 2705 3298 δήξεται,
2737 3227 2891 3296 φησι,
2919 3225 3177 3289 τοιοῦτον,
3223 3224 3462 3296 δηλονότι
3493 3227 3583 3279 τὸν
3627 3229 3690 3280 τὰ

2131 3319 2404 3390 βλαπτικὰ
2444 3322 2540 3372 καὶ
2583 3317 2858 3389 φθαρτικὰ
2898 3317 3113 3388 δρῶντα
3142 3315 3237 3369 τοῦ
3270 3317 3476 3379 πέλαςο
3509 3318 3571 3381 ἐξ
3597 3319 3692 3370 αὖ·

2128 3413 2237 3468 τῶν
2283 3412 2656 3481 ἁναφυήσεται
2693 3409 2790 3463 καὶ
2831 3408 3200 3479 καταλήψεται
3232 3408 3326 3461 καὶ
3355 3408 3576 3480 δήξεται
3616 3409 3692 3461 δέ.

2129 3518 2234 3571 κην
2266 3499 2444 3568 ὄφεως
2470 3498 2773 3570 πειρασμὸς
2802 3498 3028 3562 ίοϐόλος.
3059 3498 3188 3563 Καὶ,
3219 3515 3238 3550 ι
3275 3499 3380 3551 Τὸν
3407 3498 3690 3568 ἐξαίροντι

2130 3591 2332 3655 λίθους,
2391 3609 2410 3641 ι
2460 3588 2795 3652 κωλυτικοὺς
2842 3587 3085 3658 δηλονότι
3117 3587 3224 3640 τῶν
3270 3588 3595 3654 ἐπιϐούλων,
3637 3591 3694 3640 ἐν

2129 3675 2212 3745 οἷς
2257 3680 2480 3749 ἔμελλον
2532 3681 2727 3733 ἐκεῖνοι
2781 3680 3216 3751 προσκόπτοντες
3269 3681 3552 3751 ἄπρακτον
3597 3681 3692 3748 τὴν

2131 3770 2418 3840 ἐπιϐουλὴν
2450 3769 2610 3836 ἕξειν,
2651 3769 3165 3840 διαπονηθήσεσθαι,
3199 3770 3448 3822 τουτέστι
3492 3769 3692 3839 σςὸδρα

2134 3862 2369 3932 μογῆσαί
2403 3877 2556 3931 φησι.

2203 3952 2277 4003 Τὸ
2324 3950 2454 4003 αὐτὸ
2496 3949 2554 4002 δὲ
2600 3947 2759 4002 τοῦτο
2808 3948 2960 4017 δηλοῖ
3002 3947 3382 4019 παραπλήσιον
3411 3949 3472 4002 ὃν
3510 3949 3605 4003 καὶ
3637 3951 3698 4003 τδ

2138 4058 2157 4092 ι
2198 4039 2404 4109 Σχίζων
2436 4037 2569 4105 ξύλα
2613 4037 2947 4092 κινδυνεύσει
2998 4039 3056 4091 ἐν
3098 4039 3316 4100 αὐτοῖς·
3360 4038 3458 4090 ἐὰν
3491 4040 3699 4110 ἐκπέσῃ

2131 4131 2192 4184 τδ
2226 4130 2486 4200 σιδήριον,
2531 4131 2628 4182 καὶ
2671 4129 2866 4191 αὐτός·
2906 4148 2924 4178 ι
2960 4129 2988 4182 6
3015 4128 3124 4198 γὰρ
3177 4129 3375 4198 σχίζων
3423 4129 3557 4194 ξύλα
3607 4132 3702 4184 καὶ

2131 4223 2376 4293 διαιρῶν,
2412 4222 2511 4292 οὐχ
2543 4221 2630 4274 ἵνα
2657 4221 2976 4291 προσεψήση
3005 4238 3056 4272 τι
3096 4220 3208 4273 τῶν
3245 4222 3545 4292 προσφυῶν
3571 4222 3705 4276 ἐδω-

2129 4312 2322 4384 δίμων,
2349 4313 2428 4375 είς
2470 4309 2866 4382 φιλοφροσύνην
2889 4310 2984 4362 καὶ
3013 4309 3260 4373 δεξίωσιν
3290 4309 3402 4363 τῶν
3427 4311 3707 4376 ἐπιξενου-

458 4413 764 4466 exstinrtas
794 4420 953 4464 antea
991 4424 1154 4464 curas
1197 4417 1253 4464 et
1298 4423 1497 4480 pravas
1543 4407 1904 4476 cogitationes
1931 4420 2022 4460 ac-

2133 4403 2332 4474 μένων,
2366 4401 2480 4455 ἀλλ’
2508 4402 2600 4464 είς.
2621 4401 2884 4454 ἔκκαυσιν
2915 4399 3024 4452 τῶν
3062 4401 3404 4470 ἐσϐεσμένων
3444 4403 3585 4464 τέως
3621 4403 3708 4454 ἐν-

460 4504 679 4567 crndat,
739 4500 868 4555 huic
901 4499 1232 4571 quandoque
1272 4499 1570 4568 contingat,
1623 4507 1683 4552 ut
1720 4497 1867 4551 ferro
1903 4511 2028 4566 pro-

461 4599 635 4663 lapso,
669 4593 720 4647 id
744 4603 829 4650 est
860 4601 1042 4648 mente
1068 4590 1211 4646 maia
1238 4591 1292 4645 in
1316 4591 1684 4660 perniciosum
1713 4603 2022 4644 sermonem

458 4685 648 4750 effusa,
687 4685 802 4754 ipse
832 4684 1014 4754 potius
1045 4682 1352 4752 periculum
1378 4681 1432 4736 in
1469 4682 1554 4736 his
1584 4680 1827 4735 inveniat
1855 4698 1868 4734 :
1904 4694 2026 4750 qua:

457 4785 510 4830 et
565 4776 764 4830 millies
820 4773 1121 4845 contigisse
1176 4789 1277 4828 nos
1327 4788 1548 4843 quoque
1599 4772 1824 4834 scimus,
1880 4770 2025 4824 malo

458 4866 687 4919 ronsilio
723 4865 776 4918 in
809 4865 980 4933 ipsius
1011 4871 1265 4923 auctores
1299 4879 1591 4928 converso,
1626 4872 1680 4918 et
1715 4861 1938 4918 omnem‘
1967 4861 2022 4914 in

536 5044 580 5074 ⁸⁵
623 5041 765 5096 Psal.
801 5055 903 5103 vn,
946 5039 1032 5093 16.

529 5220 640 5289 (6i)
682 5217 830 5289 Isaite
885 5215 1046 5289 verba
1092 5209 1236 5289 (va,
1384 5222 1496 5289 pra:
1541 5205 1714 5289 oculis
1763 5205 2022 5289 habuisse

461 5275 656 5345 nam}
686 5288 818 5342 mihi
853 5275 1108 5344 videtur;
1142 5275 1234 5334 ubi
1277 5275 1481 5333 ille—ait
1517 5294 1530 5330 :
1575 5296 1594 5327 ι
1633 5275 1698 5328 Ει
1728 5291 1834 5330 non
1877 5277 2022 5330 dicat

457 5361 744 5416 eunuchus
775 5375 786 5410 :
823 5358 960 5410 Ecce
992 5367 1094 5420 ego
1128 5350 1330 5420 lignum
1357 5349 1608 5420 aridum;
1642 5346 1768 5420 quia
1794 5347 1916 5420 iure
1945 5347 2024 5398 di-

458 5414 534 5485 iit
571 5431 833 5482 Dominus
875 5414 1199 5478 eunuchis?
1243 5420 1348 5484 Qui
1393 5416 1736 5470 custodierinl
1786 5414 2022 5469 Sabbata

461 5518 594 5561 inea,
626 5510 674 5553 et
705 5497 952 5566 elegerint
991 5507 1108 5566 quis
1140 5507 1230 5560 ego
1264 5487 1424 5552 volui,
1459 5496 1508 5566 et
1542 5487 1802 5564 tenuerint
1852 5485 2020 5566 [mrbus

462 5553 665 5629 meum;
698 5553 834 5620 dabo
869 5567 946 5618 eis
988 5553 1038 5616 in
1071 5553 1226 5614 don'w
1257 5576 1368 5612 mea
1400 5567 1448 5610 et
1490 5556 1747 5629 inpiatis
1782 5555 1909 5606 meis
1947 5553 2026 5605 l0-

459 5656 575 5691 cnm
620 5627 668 5693 et
721 5652 906 5690 nomen
947 5633 1130 5688 melius
1180 5649 1210 5684 ιι
1267 5630 1391 5698 ﬁliis
1439 5637 1486 5680 et
1539 5627 1751 5694 ﬁliabus
1781 5640 1798 5676 :
1838 5637 2022 5676 nomen

2133 4493 2472 4564 θυμημάτων
2498 4492 2591 4545 καὶ
2621 4490 2898 4560 λογισμῶν
2927 4489 3028 4560 τῆς
3064 4490 3282 4554 κακίας,
3311 4489 3461 4544 ἐστιν
3484 4492 3579 4544 ὅτε
3610 4492 3706 4545 τοῦ

2133 4583 2372 4654 σιδηρίου
2411 4581 2867 4654 διολισθήσαντος,
2916 4581 3036 4651 ἢτοι
3066 4581 3166 4650 τῆς
3209 4580 3549 4635 κακοϐούλου
3586 4583 3705 4636 δια-

2129 4676 2280 4739 νοίας
2329 4674 2466 4746 πρὸς
2492 4673 2813 4744 ἀσύμφορον
2858 4673 3035 4740 λόγον,
3063 4671 3223 4735 αὐτὸς
3252 4672 3459 4742 μᾶλλον
3500 4675 3560 4726 ἐν
3583 4673 3705 4727 τοῦ-

2129 4785 2244 4831 τοις
2271 4768 2492 4838 εὑρήσει
2527 4765 2619 4818 τὸν
2654 4765 2898 4818 κίνδυνον
2919 4782 2932 4796 ·
2979 4765 3015 4819 ἃ
3047 4765 3143 4818 καὶ
3178 4764 3462 4835 συμϐάντα
3512 4767 3708 4836 μυριά-

2129 4877 2217 4924 κις
2249 4860 2340 4912 καὶ
2369 4859 2526 4928 ἡμεῖς
2558 4857 2736 4924 ίσμεν,
2776 4855 3110 4925 στραφείσης
3147 4856 3244 4928 τῆς
3273 4855 3704 4928 πονηροϐουλίας

2126 5210 2496 5282 s_rmpt°terttttm
2527 5210 2663 5265 dabo
2691 5212 2787 5274 eis,
2821 5212 2961 5282 quod
2994 5227 3097 5282 non
3121 5212 3335 5280 peribit.
3370 5230 3388 5264 ι
3423 5209 3547 5267 Ilaec
3577 5223 3698 5266 vero

2127 5278 2386 5334 Furr-rius
2416 5282 2482 5332 de
2518 5281 2784 5334 eunuchis
2821 5278 3158 5351 evangelieis
3189 5283 3538 5350 potissimum
3568 5295 3698 5351 pr:-

2126 5351 2270 5401 dicta
2303 5367 2444 5409 esw.
2483 5366 2589 5402 non
2622 5350 2894 5403 immerito
2931 5352 3285 5405 existimavit.

2199 5419 2312 5490 (διδ)
2350 5418 2461 5490 Sed
2503 5419 2645 5487 apud
2681 5418 2819 5473 LXX
2873 5421 3062 5488 h-ges..
3097 5460 3133 5473 ..
3172 5423 3264 5472 καὶ
3299 5423 3584 5490 περισσεία
3625 5421 3692 5489 τῷ

2127 5487 2281 5557 ἀνδρὶ
2307 5489 2367 5559 ob
2405 5490 2568 5556 σοφία
2595 5505 2608 5518 ·
2639 5505 2800 5559 quam
2837 5487 3014 5542 tanien
3045 5503 3228 5543 veram
3264 5487 3550 5546 lettionem
3577 5487 3690 5547 esse

2129 5569 2288 5628 negat
2332 5558 2580 5613 Drnsius.
