3958 6208
505 310 643 371 11Ξῖ
1595 304 1660 366 ’8.
1705 295 2079 364 GREGORII

2121 294 2628 355 AGRIGENTINI
3580 299 3683 362 ιιιι

571 428 702 490 Quae
735 437 862 477 vero
897 421 964 476 ah
997 435 1239 492 anagoge
1285 423 1501 492 pendet,
1558 431 1612 477 et
1657 431 1766 475 tota
1799 417 2065 486 spiritalis

2237 410 2449 464 οὐκοῦν
2478 410 2708 480 εἴπομεν
2727 409 2820 464 καὶ
2850 405 3304 480 τηνεὶ-οιαγωγικήν
3327 426 3382 463 τε
3411 413 3492 465 καὶ
3506 422 3685 487 νοητήν.

498 515 738 584 est,'jam
763 526 1122 581 exponamus.
1151 511 1491 566 D..~nuntiaus
1518 515 1688 574 enim,
1721 525 1787 564 ne
1811 511 1937 579 quis
1960 507 2071 576 regi

502 615 596 660 aut
635 603 788 658 diviti
840 603 1193 672 imprecetur,
1251 603 1410 673 257
1461 602 1746 658 Christum
1801 599 2074 669 signiﬁcat

507 693 673 746 Deum
713 691 952 745 universi
995 706 1059 746 ac
1091 707 1272 761 regem
1312 692 1518 760 gloria),
1551 706 1714 762 quem
1741 688 2075 756 corrrpellans

506 780 773 848 Propheta
796 779 974 833 dixit:
1013 797 1030 829 ι
1067 777 1314 849 Regnum
1365 789 1516 835 tuum
1555 793 1780 850 regnum
1829 778 2072 831 oninium

508 873 860 932 saeculorum,
897 878 953 924 et
982 871 1286 925 dominatio
1323 882 1412 925 tua
1449 873 1502 925 in
1536 871 1689 926 ouini
1727 869 2076 940 generatione

507 974 560 1016 et
589 961 938 1031 generatione
965 961 1032 1016 “.
1072 981 1091 1015 ι
1131 961 1257 1016 Fuit
1285 963 1430 1017 enim
1458 963 1639 1032 quoad
1669 972 1954 1030 utramque
1981 975 2077 1012 na-

507 1063 686 1108 turam
717 1062 774 1110 et
817 1069 911 1108 rex
951 1062 1005 1110 et
1041 1055 1191 1110 dives
1229 1071 1414 1108 revera
1467 1055 1582 1108 sive
1623 1053 1927 1106 Dominus:
1960 1060 2076 1105 tan-

508 1159 672 1212 quam
705 1143 958 1213 princeps
987 1146 1138 1213 pacis
1163 1153 1212 1198 et
1247 1145 1386 1211 regis
1413 1144 1584 1197 Filius
1617 1143 1928 1212 unigenitus
1953 1156 2075 1194 om-

510 1235 809 1311 nipotentis
856 1233 950 1288 Dei
1005 1234 1198 1299 Patris,
1247 1251 1356 1303 qua
1410 1234 1549 1288 Deus
1597 1242 1790 1288 natura
1837 1241 1961 1297 est;
2014 1246 2078 1286 ac

505 1333 768 1394 prattcrea
803 1340 897 1394 per
930 1325 1182 1379 humanae
1227 1337 1437 1379 natura:
1471 1325 1927 1392 assumptionem,
1959 1331 2078 1376 tan-

508 1429 672 1482 quam
705 1414 848 1467 filius
877 1427 1043 1482 regis,
1077 1428 1271 1481 nempe
1303 1413 1493 1474 David,
1533 1412 1992 1481 quemadmodum
2027 1420 2078 1465 et

508 1503 566 1556 in
603 1505 909 1574 Evangeliis
955 1505 1220 1573 scriptum
1267 1514 1386 1568 cst,
1429 1504 1643 1558 Judaeos
1699 1505 1798 1572 ipsi
1847 1504 2080 1556 interro-

506 1595 678 1663 ganti,
727 1595 887 1664 cujus
924 1595 1066 1649 filius
1101 1603 1284 1656 esset.
1321 1595 1544 1655 dixisse,
1581 1597 1771 1664 utique
1815 1593 2034 1646 Doridis
2059 1607 2078 1645 :

507 1681 632 1748 ipso
661 1683 856 1736 deinde
884 1684 1190 1752 obiectante
1221 1684 1328 1738 illis
1353 1699 1416 1738 ac
1446 1685 1659 1738 dicente
1689 1703 1701 1738 :
1734 1703 1754 1735 ι
1794 1683 2078 1750 Quomodo

504 1786 640 1840 ergo
666 1773 742 1824 ait
774 1773 938 1826 David
967 1791 980 1825 :
1012 1772 1156 1826 Dixit
1191 1772 1456 1829 Dominus
1492 1773 1725 1829 Domino
1751 1791 1906 1830 meo:
1939 1775 2078 1830 Sede

511 1875 544 1913 a
572 1862 777 1916 dextris
810 1862 980 1916 meis?
1011 1863 1065 1916 Si
1099 1878 1230 1931 ergo
1273 1863 1536 1919 Dominus
1563 1864 1781 1919 Davidis
1807 1875 1911 1932 est,
1942 1881 2078 1936 quo-

512 1949 675 2002 modo
711 1959 762 2004 et
800 1950 944 2004 filius
977 1951 1097 2020 ejus
1135 1961 1220 2006 est
1243 1952 1326 2004 "‘1
1360 1970 1379 2002 ι
1423 1951 1541 2007 Non
1585 1963 1642 2007 ut
1675 1969 1734 2009 se
1763 1955 1931 2008 lilium
1976 1955 2080 2008 Da-

511 2039 654 2092 vidis
701 2053 824 2093 esse
875 2040 1236 2102 iuliciaretur,
1297 2041 1391 2095 sed
1448 2051 1508 2096 ut
1560 2044 1790 2112 geminae
1841 2053 2078 2108 natura»,

513 2128 731 2192 divinae,
766 2131 1012 2200 inquam,
1046 2140 1095 2185 et
1138 2133 1410 2196 humanae,
1446 2132 1498 2185 in
1549 2148 1673 2186 eum
1704 2136 2081 2188 concurrentis

514 2221 796 2276 veritatem
831 2222 1200 2276 confirmaret.
1233 2223 1416 2286 Quare
1448 2222 1515 2276 de
1551 2223 1739 2277 eodem
1780 2224 1858 2277 ait
1891 2240 2082 2280 rursus

513 2311 749 2380 quodam
802 2312 853 2364 in
904 2312 1024 2366 loco
1056 2314 1316 2382 propheta
1364 2313 1571 2366 David:
1611 2332 1630 2364 ι
1670 2313 1934 2369 Dominus
1967 2317 2080 2370 vir-

511 2411 691 2454 tutum
748 2400 863 2469 ipse
913 2411 998 2455 est
1052 2417 1146 2456 rex
1195 2403 1380 2472 gloriae
1407 2404 1468 2456 ⁸⁸.
1512 2423 1530 2456 ι
1578 2403 1716 2459 lluic
1763 2407 1928 2475 igitur
1968 2408 2080 2477 regi

516 2503 880 2556 nequaquam,
918 2489 1113 2558 inquit,
1147 2491 1462 2560 imprecere,
1496 2493 1548 2546 id
1573 2502 1676 2557 est,
1710 2509 1840 2549 cave
1869 2503 1949 2559 tu,
1985 2509 2084 2564 po-

515 2575 992 2646 puleJudaeorum,
1020 2580 1104 2633 cui
1133 2579 1469 2634 obstinatum
1499 2591 1580 2637 est
1608 2599 1702 2638 cur
1727 2600 1823 2639 nec
1846 2585 2083 2640 circum-

509 2665 728 2732 cisum;
763 2682 948 2724 cavete
982 2687 1095 2736 vos,
1142 2673 1322 2726 czeteri
1356 2689 1422 2729 ex
1461 2676 1772 2732 infidelibus
1805 2680 2083 2748 gentibus,

515 2773 583 2812 ne
627 2759 775 2814 hunc
821 2763 1150 2816 contumelia
1206 2762 1473 2832 alliciatis,
1516 2782 1648 2822 neve
1695 2769 1949 2825 irrisione
1990 2779 2085 2826 aut

517 2850 766 2904 convicio
801 2853 1123 2920 ohjurgetis,
1159 2871 1258 2924 pro
1300 2857 1498 2926 quibus
1530 2861 1847 2928 praeoptavit
1894 2861 2084 2931 singu-

518 2941 616 2992 lari
643 2957 766 3011 erga
807 2945 1053 2998 lunniues
1082 2947 1360 3003 voluntate
1396 2950 1448 3003 in
1481 2951 1777 3005 humanam
1813 2953 2083 3007 conditio-

2175 501 2406 554 Βασιλέα
2419 502 2529 572 γὰρ
2555 502 2629 572 μὴ
2652 499 2995 571 καταρᾶσθαι
3015 500 3153 569 μήτε
3180 499 3423 554 πλούσιον
3440 510 3687 573 natura.

2173 596 2298 656 λων,
2345 593 2436 646 τὸν
2467 593 2699 662 Χριστὸν
2725 591 3027 645 αἰνίττεται
3058 592 3153 644 καὶ
3179 591 3309 644 Θεὸν
3330 593 3432 645 τῶν
3460 595 3576 648 ὅλων
3616 602 3688 652 iul

2173 685 2396 754 βασιλέα
2415 687 2514 754 τῆς
2549 684 2728 754 δόξης,
2763 683 2898 754 πρὸς
2925 683 2984 736 ὅν
3017 699 3177 754 φησιν
3201 685 3230 737 ὁ
3270 686 3558 756 Προφήτης,
3589 707 3605 738 ι
3639 692 3688 744 ἰι

2178 777 2428 845 βασιλεία
2457 793 2552 829 σου
2583 775 2828 846 βασιλεία
2875 775 3095 828 πάντων
3145 776 3252 828 τῶν
3284 777 3519 842 αίὼνων,-
3551 783 3631 832 καὶ
3663 785 3688 853 ἡ

2173 871 2463 924 δεσποτεία
2489 887 2582 923 σου
2613 871 2672 922 ὲν
2707 869 2859 940 πάσῃ
2908 870 3073 939 γενεᾷ
3113 869 3206 922 καὶ
3246 871 3424 940 γενεᾷ.
3461 889 3480 920 ι
3519 872 3691 939 Πέφυιιι

2176 963 2285 1034 γὰρ
2316 961 2435 1016 καθ’
2452 961 2719 1031 ἑκατέραν
2751 961 2937 1013 οὐσίαν
2971 959 3066 1011 καὶ⁸
3101 957 3350 1028 βασιλεὺς
3372 959 3460 1010 καὶ
3490 959 3692 1025 πλούσιος

2176 1051 2392 1120 ἀληθῶς
2443 1053 2562 1122 ἢτοι
2589 1041 2852 1121 δυνάστης
2874 1065 2888 1079 ⁸
2921 1049 2996 1112 ὡς
3025 1049 3209 1117 ἄρχων
3263 1050 3358 1118 τῆς
3388 1050 3584 1119 εἰρήνης
3622 1054 3693 1102 καὶ

2179 1143 2439 1214 βασιλέως
2463 1143 2578 1206 υἱὸς
2609 1143 2902 1214 μονογενὴς
2921 1139 3017 1194 τοῦ
3045 1141 3468 1223 παντοκράτορος
3495 1141 3610 1192 Θεοῦ
3623 1144 3692 1193 καὶ

2179 1234 2411 1304 Πατρὸτ,
2495 1233 2626 1295 Θεός
2653 1236 2768 1286 ἐστι
2795 1232 2920 1284 κατ’
2947 1231 3252 1286 οὐσίαν-ἔτι.
3281 1247 3339 1300 γε
3371 1231 3468 1302 μὴν
3485 1233 3565 1284 καὶ
3587 1235 3693 1286 κατὰ

2177 1325 2274 1394 τὴν
2299 1323 2566 1394 πρόληψιν
2591 1323 2690 1392 τῆς
2715 1323 3066 1394 ἀνθρωπίνης
3103 1321 3338 1391 φύσεως,
3359 1322 3434 1384 ὡς
3459 1323 3559 1384 υίὸς
3575 1323 3694 1390 βασι-

2178 1416 2336 1478 λέως,
2362 1413 2559 1483 δηλαδὴ
2580 1414 2673 1466 τοῦ
2703 1414 2886 1478 Δαόὶδ,
2939 1413 3122 1476 καθὼς
3153 1415 3256 1466 κάν
3277 1415 3383 1474 τοῖς
3403 1413 3693 1480 Εὑαγγελίοις

2177 1509 2487 1578 γέγραπται
2520 1505 2647 1566 τοὺς
2686 1503 2976 1565 Ἰουδαίους
2999 1505 3172 1556 είπείν
3197 1501 3336 1571 πρὸς
3369 1503 3518 1556 αὐτὸν
3536 1505 3694 1572 ἐρωτή.

2179 1613 2372 1660 σαντα,
2402 1596 2548 1659 τίνος
2585 1595 2700 1658 υίὸς
2729 1597 2911 1660 εστινς
2943 1595 3024 1648 δτι
3046 1593 3152 1648 τοῦ
3167 1592 3343 1647 Δαόἰδ
3365 1609 3377 1622 ’
3409 1589 3496 1646 τοῦ
3513 1593 3560 1644 δὲ
3584 1593 3686 1661 πρὸς

2180 1688 2376 1750 αὐτοὺς
2426 1685 2920 1753 ἀνθυπενεγκόντος
2971 1685 3067 1739 καὶ
3105 1685 3396 1755 φήσαντος,
3449 1683 3595 1746 «Πῶς
3619 1683 3686 1736 οὖν

2107 1755 2151 1809 Β
2181 1781 2346 1850 φησιν
2365 1781 2392 1832 δ
2420 1777 2639 1842 Δασιδμ
2666 1772 2822 1830 εἶπεν
2839 1779 2867 1830 ὁ
2890 1776 3091 1847 Κύριος
3111 1775 3190 1847 τῷ
3214 1775 3397 1846 Κυρίῳ
3424 1791 3534 1846 μου,
3555 1775 3691 1829 Κάθου

2177 1874 2242 1926 ὲκ
2269 1871 2456 1938 δεξιῶν
2484 1887 2585 1940 μου
2607 1886 2622 1934 ;
2658 1889 2678 1924 ι
2717 1871 2766 1922 εί
2793 1864 2887 1922 οὖν
2911 1867 3114 1938 Κύριος
3133 1866 3228 1921 τοῦ
3254 1868 3413 1920 Δαῦίδ
3435 1871 3582 1927 ἐστιν,
3609 1868 3692 1928 πῶς

2178 1965 2324 2015 ἐστιν
2351 1959 2519 2014 αὑτοῦ
2543 1959 2640 2012 καὶ
2675 1959 2822 2024 υίδς;
2861 1976 2879 2009 ι
2915 1957 3050 2027 Οὐχὶ
3078 1955 3140 2009 τὸ
3168 1956 3284 2020 υἱὸς
3314 1952 3445 2009 εἶναι
3470 1955 3553 2009 τοῦ
3576 1954 3694 2008 Assii

2179 2053 2519 2124 ἀνατρέπων,
2550 2050 2686 2103 ἀλλὰ
2717 2048 2827 2102 τῶν
2864 2047 3291 2119 συνδραμουσῶν
3313 2049 3568 2118 ἑκατέρων
3581 2045 3690 2114 αὐτῷ

2181 2144 2416 2211 φύσεων,
2446 2142 2544 2212 τῆς
2575 2140 2725 2204 θείας
2746 2141 2889 2210 φημὶ
2916 2141 3008 2193 καὶ
3030 2139 3129 2208 τῆς
3156 2138 3500 2210 ἀνθρωπίνης
3523 2137 3690 2190 πιστού-

2181 2249 2342 2302 μενος
2373 2231 2470 2302 τὴν
2493 2230 2770 2301 ἀλήθειαν.
2805 2229 2903 2284 Διά
2935 2227 3096 2282 τοῦτο
3144 2230 3277 2300 περὶ
3302 2229 3457 2282 αὑτοῦ
3483 2229 3595 2299 φησί
3619 2244 3690 2280 που

2181 2324 2343 2377 πάλιν
2375 2322 2404 2374 ὁ
2437 2323 2725 2392 προφήτης
2775 2320 2963 2386 Δα6“ιδ,
3026 2339 3047 2371 ι
3077 2321 3284 2392 Κύριος
3335 2321 3440 2373 τῶν
3471 2321 3690 2388 δυνάμεων

2182 2413 2342 2475 αὑτός
2386 2415 2533 2464 ἐστιν
2565 2413 2594 2464 ὁ
2625 2409 2878 2480 βασιλεὺς
2911 2409 3010 2478 τῆς
3047 2408 3227 2479 δόξης.
3265 2429 3283 2460 ι
3331 2409 3516 2462 Τοῦτον
3557 2407 3689 2459 τοίνυν

2180 2503 2274 2555 τὸν
2302 2501 2526 2571 βασιλέα
2557 2499 2820 2570 μηδαμῶς
2853 2499 3158 2570 καταράσῃ,
3192 2499 3350 2568 φησι,
3371 2497 3609 2550 τουτέστιν
3635 2492 3686 2564 μὴ

2182 2591 2589 2663 διαλοιδορήσῃς
2620 2590 2755 2667 μηδὲ
2785 2591 3170 2660 καταμωμήσῃ
3207 2590 3299 2642 καὶ
3322 2585 3638 2658 κατασκιὲκίιης
3666 2587 3686 2636 ὁ

2194 2681 2485 2742 ’Ῑουδαῖκὸς
2525 2679 2649 2741 λαὸς
2698 2678 2792 2730 καὶ
2820 2678 3199 2748 ἀπερίτμητος
3252 2679 3350 2747 τὴν
3397 2677 3590 2747 καρδίαν
3621 2673 3687 2726 καὶ

2187 2769 2630 2842 σκληροκάρδιος,
2683 2769 2817 2840 μηδέ
2847 2784 2931 2832 τις
2947 2768 3116 2830 ’ἀλλος
3145 2769 3257 2822 τῶν
3289 2769 3518 2822 ἀπίστων
3545 2763 3684 2826 ἐθνῶν,

2184 2863 2300 2917 ἀνθ’
2321 2859 2395 2916 ὦν
2431 2863 2600 2914 εἵλετο
2627 2861 2762 2932 πρὸς
2786 2860 2882 2932 τὴν
2915 2859 3262 2932 ἀνθρωπίνην
3283 2861 3522 2931 ἐσχατιὰν
3552 2855 3686 2910 κατελ-

2186 2954 2298 3009 θεῖν
2331 2953 2424 3007 καὶ
2461 2952 2686 3024 φορέσαι
2707 2952 2806 3022 τὴν
2838 2952 3099 3022 ταπεινὴν
3135 2951 3237 3004 τοῦ
3274 2952 3400 3006 ἰδίου
3443 2951 3684 3018 πλάσματος

516 3044 641 3082 nem
678 3046 707 3084 a
740 3047 799 3085 se
830 3049 992 3102 quam
1035 3039 1456 3093 remotissimam
1501 3040 1860 3108 descendere,
1903 3043 2082 3097 humi-

516 3119 727 3140 I.____,_A
774 3137 857 3140 ad,
1360 3139 1364 3140 ,
1566 3133 1574 3140 .
1641 3131 1650 3140 .

2187 3044 2347 3114 φύσιν
2377 3043 2715 3113 αὐθαιρέτως
2741 3043 2834 3096 καὶ
2858 3041 3274 3112 φιλανθρώπως,
3308 3043 3435 3112 πρὸς
3457 3039 3683 3094 ἀνάπλασιν

515 3119 734 3190 lemque
763 3137 988 3191 operum
1021 3141 1245 3181 suorum
1281 3139 1528 3182 naturam
1565 3131 1809 3198 induere,
1837 3147 1975 3204 eam
2022 3142 2080 3188 ut

519 3215 825 3282 relingeret,
879 3231 942 3270 ac
995 3217 1288 3273 beatiorem
1337 3220 1402 3274 ad
1462 3222 1621 3275 linem
1675 3231 1841 3292 atque
1881 3232 2081 3278 statum

514 3305 860 3360 transferret.
934 3307 1119 3378 Neque
1173 3326 1297 3364 vero
1350 3320 1527 3366 tecum
1582 3313 1696 3382 ipse
1749 3314 2082 3384 cogitando,

517 3395 1019 3452 inhumanatiouem
1051 3401 1144 3453 tali
1173 3416 1295 3470 rege
1325 3403 1599 3472 indignam
1625 3419 1744 3459 esse
1769 3407 2083 3474 putaveris;

518 3501 698 3554 neque
737 3491 1131 3559 contempseris
1178 3502 1271 3546 aut
1313 3492 1736 3563 improbaveris,
1780 3497 1922 3565 quod
1964 3513 2087 3552 cor-

517 3591 652 3644 pore
673 3588 957 3648 assumpto
977 3581 1338 3636 voluntariam
1364 3584 1418 3638 in
1437 3600 1598 3640 cruce
1619 3596 1848 3643 mortem
1869 3589 2083 3654 oliierit,

517 3677 683 3736 atque
711 3669 762 3720 in
799 3671 1019 3724 tertium
1049 3673 1191 3726 diem
1235 3675 1288 3728 in
1323 3677 1578 3746 sepulcro
1626 3679 1846 3735 clausus
1877 3678 2083 3736 fuerit:

517 3775 614 3828 per
643 3776 765 3829 quae
813 3761 865 3815 in
891 3763 1187 3831 judicio-et
1211 3764 1446 3832 iustitia,
1489 3777 1548 3823 ut
1594 3771 1860 3840 scriptum
1891 3781 1976 3826 est
2000 3772 2043 3802 "’
2066 3811 2082 3837 ,

519 3849 847 3906 homicidam
877 3867 942 3907 ac
963 3858 1256 3924 superbum
1288 3857 1544 3913 Satanam
1573 3863 1898 3934 profligavit,
1927 3873 2088 3934 teque

515 3959 582 3996 ex
612 3943 777 4006 illius,
807 3960 836 3998 a
872 3962 982 4015 quo
1013 3946 1196 4004 fueras
1226 3950 1506 4022 deceptus,
1543 3955 1828 4022 tyrannide
1856 3955 2090 4010 crudeli-

520 4049 627 4106 que
647 4035 927 4089 dominatu
952 4037 1352 4095 humanissime
1372 4042 1661 4097 liberatum
1688 4043 1757 4098 ad
1784 4045 2089 4115 majestatis

519 4144 631 4182 sua:
657 4129 934 4196 fastigium
965 4133 1165 4186 evexit.

587 4221 753 4290 258
777 4222 930 4286 Quod
961 4232 1137 4276 autem
1171 4224 1349 4278 addit:
1389 4243 1408 4277 ι
1445 4225 1582 4292 Quia
1611 4229 1848 4298 volucris
1871 4231 1992 4286 caeli
2016 4230 2091 4286 ef-

2186 3131 2356 3201 αὐτῆς
2387 3129 2480 3183 καὶ
2509 3129 2644 3200 πρὸς
2685 3131 2967 3199 κρείττονα
2999 3129 3152 3200 λῆξιν
3176 3133 3274 3184 καὶ
3301 3130 3681 3184 ἀποκατάστασιν.

2183 3222 2333 3292 Μηδὲ
2352 3225 2458 3290 γὰρ
2485 3221 2708 3285 ἀναξίαν
2735 3220 2830 3274 τοῦ
2850 3221 3090 3274 τοιούτου
3108 3221 3380 3292 ’βασιλέως
3400 3217 3684 3287 διενθυμηθῇς

2185 3314 2244 3365 ὲν
2265 3315 2376 3375 τοῖς
2397 3312 2642 3382 ταμείοις
2673 3313 2770 3382 τῆς
2804 3315 2902 3384 σῆς
2929 3313 3151 3383 καρδίας
3189 3313 3330 3368 εἶναι
3361 3306 3454 3384 τὴν
3479 3308 3683 3380 ἐνανθρὼ-

2187 3420 2382 3475 πησινο
2425 3403 2560 3474 μηδὲ
2581 3403 2985 3476 διαλοιδορήσῃς
3017 3406 3137 3477 ἦτοι
3159 3403 3606 3479 δυσφημησῃςοτην
3627 3401 3683 3451 ἐν·

2189 3495 2512 3564 σωμάτωσιν
2545 3495 2710 3548 αὑτοῦ
2742 3497 2835 3550 καὶ
2875 3497 2972 3568 τὴν
2992 3497 3300 3553 ἐθελούσιον
3345 3499 3601 3567 ἀνάρτησιν
3623 3494 3685 3546 ἐπὶ

2187 3587 2280 3641 τοῦ
2312 3587 2546 3658 σταυροῦ
2576 3588 2666 3641 καὶ
2685 3589 2782 3660 τὴν
2803 3589 3097 3666 τριήμερον
3122 3593 3300 3661 ταφήν
3319 3605 3330 3620 ·
3362 3591 3425 3666 δι’
3446 3584 3511 3642 ὧν
3534 3589 3608 3640 τὸν
3621 3587 3684 3638 ἀν·

2188 3683 2562 3754 θρωποκτόνον
2592 3688 2686 3737 καὶ
2716 3665 3054 3756 μείὰλαυχον
3086 3665 3387 3758 κατέρραξε
3431 3685 3628 3739 Σατανᾶν
3647 3683 3684 3733 ἑν

2189 3775 2367 3846 κρίσει
2396 3776 2492 3828 καὶ
2511 3775 2822 3847 δικαιοσύνῃ
2859 3777 2999 3830 κατὰ
3040 3777 3102 3831 τδ
3125 3779 3515 3851 γεγραμμένον,
3534 3773 3688 3841 καὶτῆς

2190 3869 2398 3922 ἐκείνου
2424 3868 2735 3937 τυραννίδος
2764 3871 2857 3922 καὶ
2881 3869 3075 3940 λύττης
3098 3873 3193 3924 καὶ
3224 3867 3628 3927 καταδυναστείας
3645 3878 3686 3914 σι

2188 3957 2280 4012 τὸν
2306 3959 2400 4010 ὑπ’
2433 3957 2598 4012 αὑτοῦ
2625 3959 3013 4026 φενακισθέντα
3031 3961 3422 4033 φιλανθρώπως
3443 3951 3686 4023 ἀπελυτρώ-

2192 4065 2346 4113 σατο,
2376 4047 2467 4100 καὶ⁵
2498 4048 2634 4118 πρὸς
2659 4051 2720 4102 τὸ
2758 4049 2889 4118 ὕψος
2919 4051 3016 4121 τῆς
3076 4050 3214 4116 ιδίας
3259 4049 3606 4122 μεγαλωσύνης
3622 4043 3685 4096 ἀν·

2267 4154 2416 4194 αγεν.

2267 4154 2301 4190 α
2339 4155 2416 4194 εν.
2584 4184 2590 4192 ,
3609 4176 3616 4183 .

2190 4137 2336 4279 ήγἺζ
2359 4225 2414 4276 δέ
2455 4242 2638 4294 φησιν,
2677 4244 2697 4277 ι
2729 4226 2851 4279 Ὀτι
2883 4227 3130 4281 πετεινδν
3163 4229 3259 4299 τοῦ
3289 4229 3506 4302 οὐρανοῦ
3532 4225 3683 4296 daein)

516 4310 654 4365 feret
671 4328 852 4366 vocuo
875 4323 1042 4377 tuam,
1057 4323 1111 4366 et
1135 4315 1338 4372 habens
1357 4333 1559 4388 pennas
1577 4321 1907 4376 renuntiabit
1928 4323 2082 4400 verha

2187 4321 2288 4391 τὴν
2317 4321 2501 4393 φωνην
2542 4338 2658 4384 σου,
2699 4323 2792 4375 καὶ
2815 4323 2844 4374 ὁ
2864 4323 2963 4385 τὰς
2989 4325 3270 4396 πτέρυγας
3299 4327 3434 4397 ἔχων
3453 4319 3687 4391 ἀπαγγελεί

520 4415 632 4465 tua,
677 4421 695 4453 ι
730 4403 1004 4461 diabolum
1043 4407 1330 4462 manifesto
1379 4411 1648 4481 significat
1675 4425 1727 4469 et
1763 4415 1944 4472 socios
1970 4418 2082 4490 ejus

2193 4412 2348 4478 λόγον
2377 4430 2494 4478 σου,
2538 4431 2556 4464 ι
2592 4412 2686 4466 τοῦ
2719 4413 2964 4467 διαϐόλου
3001 4416 3094 4468 καὶ
3117 4417 3224 4470 τῶν
3251 4416 3541 4471 συνοπαδῶν
3563 4408 3683 4466 αὐτοῦ

519 4493 786 4563 malignos
831 4494 1107 4550 damoncs
1159 4513 1282 4566 quae
1326 4498 1607 4570 loquaris,
1653 4513 1706 4558 et
1775 4520 1896 4574 qua:
1925 4507 2082 4561 etiam

2189 4503 2284 4551 καὶ
2312 4499 2624 4568 μισοκαλων
2657 4499 2922 4571 δαιμόνων
2968 4503 3067 4573 τὴν
3107 4508 3478 4576 παρατήρησιν
3515 4505 3603 4556 τῶν
3635 4500 3684 4551 εἰ·

520 4585 726 4654 cogites
756 4585 1140 4643 observantes:
1177 4590 1270 4659 qui
1325 4599 1586 4662 tanquam
1641 4597 1801 4652 aeria:
1842 4598 2090 4653 volucres

2190 4589 2442 4661 ρημένων
2492 4589 2666 4659 λόγων
2691 4631 2706 4657 ,
2743 4591 2822 4645 ἔτι
2857 4609 2918 4662 γε
2952 4594 3060 4665 μὴν
3099 4596 3196 4648 καὶ
3223 4597 3332 4650 τῶν
3359 4593 3683 4665 ἐνθυμημάτων

520 4675 748 4731 insidias
795 4687 1018 4732 struunt
1049 4689 1103 4734 et
1152 4681 1567 4742 circumvolant.
1609 4685 1726 4740 sine
1768 4688 1874 4742 ulla
1912 4689 2082 4758 quiete

2188 4683 2480 4736 αἰνίττεται
2512 4683 2825 4755 προφανῶς,
2851 4685 2900 4738 οἳ
2927 4687 3084 4758 δίκην
3112 4690 3375 4742 πετεινῶν
3399 4689 3574 4758 ἀερίων
3593 4687 3682 4748 si?"

519 4766 833 4837 vigilantes:
863 4779 916 4824 et
955 4772 1044 4838 iis,
1077 4773 1168 4842 qui
1201 4771 1367 4827 Deum
1401 4785 1607 4842 amant,
1653 4777 1850 4834 infensi
1877 4796 2092 4850 semper

519 4869 682 4926 atque
712 4861 1012 4928 terribiles;
1044 4864 1133 4917 ubi
1183 4866 1547 4934 dignoverint,
1591 4869 1752 4923 verba
1779 4871 1942 4940 impia
1986 4872 2085 4926 ad-

517 4963 710 5003 versus
752 4967 956 5022 regem,
995 4955 1062 5009 de
1101 4971 1211 5024 quo
1258 4959 1492 5026 agimus,
1538 4960 1605 5011 ah
1640 4959 1824 5030 aliquo
1877 4965 2087 5032 prolata

517 5052 661 5104 esse,
694 5051 787 5096 aut
841 5044 1010 5098 malas
1041 5046 1396 5114 cogitationes
1427 5049 1479 5100 in
1519 5050 1686 5103 animi
1722 5057 2090 5120 penetralibus

518 5140 786 5199 receptas,
820 5135 1068 5203 exemplo
1090 5138 1156 5190 ad
1187 5137 1558 5191 accusandum
1590 5141 1897 5207 prosiliunt,
1929 5146 2090 5214 quid-

519 5219 649 5288 quid
699 5221 744 5276 is
794 5228 878 5276 vel
933 5223 1148 5281 locutus
1193 5225 1359 5280 fuerit
1401 5229 1483 5282 vel
1531 5239 1710 5284 mente
1750 5235 2086 5302 conceperit:

518 5325 628 5366 non
673 5313 800 5384 quia
845 5316 1148 5373 invisibiles
1193 5319 1358 5373 animi
1400 5320 1755 5390 cOgitationes
1793 5323 1868 5381 illi
1919 5325 2090 5396 inspio

520 5403 669 5457 ciant
690 5415 854 5474 atque
884 5419 1250 5474 cognoscant:
1294 5410 1345 5466 id
1397 5413 1541 5466 enim
1576 5428 1735 5467 nemo
1760 5425 1950 5484 putare
1971 5434 2091 5472 om-

519 5489 650 5544 nino
689 5492 848 5547 debet
909 5496 1054 5564 (97);
1107 5499 1201 5553 sed
1253 5501 1375 5568 quia
1427 5500 1682 5556 admissa:
1724 5519 1896 5576 necne
1938 5507 2087 5572 sint,

2188 4774 2440 4844 δρεύουσι
2471 4778 2563 4828 καὶ
2617 4777 3030 4846 περιίπτανται.
3075 4781 3513 4851 διαγρυπνοῦντες
3555 4772 3683 4830 ἀπαύ-

2197 4884 2337 4929 στως
2363 4869 2457 4921 καὶ
2481 4869 2578 4938 τὴν
2613 4869 2749 4939 πρὸς
2781 4871 2910 4933 τοὺς
2944 4871 3272 4938 ἀγαπῶντας
3297 4867 3682 4938 τὶν-Κύριονὲπιο

2197 4959 2394 5029 ϐουλὴν
2441 4961 2536 5012 καὶ
2573 4960 2973 5032 παρενόχλησιν
3011 4963 3224 5034 ἔχοντες
3251 4975 3274 4995 ί
3298 4965 3450 5031 ἡνίκα
3488 4955 3682 5024 διαγνῶσι

2198 5053 2340 5104 κατὰ
2367 5051 2461 5103 τοῦ
2494 5051 2940 5123 παραληφθζντος
2958 5056 3376 5125 ήμίνᾼασιλέως
3405 5055 3570 5122 λόγους
3591 5050 3680 5100 δυστ

2195 5143 2410 5212 φήμους
2464 5144 2798 5214 εἰρημένους
2819 5147 2969 5216 παρά
2989 5127 3152 5210 τινος,
3182 5147 3214 5218 ἢ
3253 5148 3481 5216 πονηρὰς
3505 5137 3680 5205 ἑνθιμή·

2200 5249 2314 5294 σεις
2343 5233 2401 5284 ἐν
2429 5234 2540 5294 τοῖς
2586 5234 2832 5304 ταμείοις
2880 5239 2980 5306 τῆς
3037 5237 3260 5306 καρδίας
3302 5230 3676 5309 παραδεχθένταίν

2195 5327 2272 5388 εἰς
2315 5325 2650 5396 κατηγορίαν
2693 5330 3004 5399 παραυτίκα
3051 5329 3434 5399 προϐάλλονται
3470 5317 3584 5376 κατὰ
3606 5312 3678 5366 τῶν

2198 5419 2546 5486 λαληαάντων
2573 5418 2606 5487 ἢ
2644 5411 3098 5490 παραδεξομένων
3119 5439 3132 5453 ο
3161 5421 3262 5491 οὐχ
3294 5421 3366 5483 ὠς
3401 5418 3496 5471 τῶν
3517 5404 3676 5480 dedi"

2196 5511 2486 5579 νοημάτων
2523 5509 2620 5577 τῆς
2669 5509 2894 5580 καρδίας
2923 5511 3075 5574 ὄντες
3105 5511 3334 5563 ἐπόπται
3360 5508 3445 5562 καὶ
3467 5501 3674 5572 γνῶσυν

591 5603 977 5675 "Psal.cxt.v,
1012 5611 1096 5665 15.
1176 5613 1419 5668 “Matth.
1455 5627 1590 5678 χχιι,
1621 5613 1709 5669 42.
1787 5617 1832 5651 ¹⁶
1859 5615 2003 5673 Psal.
2047 5639 2078 5676 ιι

2181 5665 2194 5687 ,
2229 5620 2310 5676 10.
2391 5621 2431 5651 ¹⁷
2467 5620 2609 5676 l’sal.
2644 5638 2788 5689 cxrx,
2830 5627 2883 5680 4.

583 5692 862 5770 .(9‘7)_l|zee
917 5717 1047 5755 sane
1100 5715 1342 5760 veterum
1395 5705 1615 5760 Patrum
1669 5708 1912 5764 doctrina
1972 5724 2075 5769 est.

524 5757 806 5860 Diabolus,
835 5769 1008 5840 inquit
1043 5757 1413 5845 llicroinvniusv
1439 5757 1515 5846 (ιιι
1533 5757 1929 5846 {shift—‘71),"ii.

2193 5730 2278 5770 ma
2317 5713 2648 5790 intrinsecus
2680 5719 2872 5781 nescit,
2903 5721 3046 5788 quod
3074 5718 3269 5790 cogitet
3312 5716 3478 5790 homo,
3508 5705 3674 5790 nisi

2197 5784 2501 5842 exteriores
2559 5796 2741 5843 motus
2795 5781 3081 5860 intelligat.
3116 5781 3169 5848 ἴ
3189 5786 3392 5846 Similia
3434 5781 3675 5837 Gennadius
