3860 6196
481 277 608 342 1131

1606 279 1666 337 S.
1694 279 2068 337 GREGUl-{ll
2111 279 2619 341 z‘tGiilC-EXTINI

3501 293 3594 361 liii!

477 391 654 465 mens,
691 413 814 466 quae
860 397 1180 468 longissime
1241 395 1544 459 distabant,
1589 395 1644 449 in
1701 393 2052 464 prudentium

2157 394 2254 464 τὴν
2280 394 2438 460 δόξαν
2476 394 2573 448 τοῦ
2601 395 3050 467 προσηλωθέντος
3085 397 3137 450 ὲν
3170 397 3236 468 τῷ
3265 405 3483 476 σταυρικῷ
3499 411 3594 482 ξύλῳ

477 493 788 549 auditorum
835 490 1122 546 utilitatem
1176 496 1340 558 atque
1367 486 1600 542 salutem
1637 484 2046 556 praenuntiavit.

476 587 565 642 Ait
599 583 816 640 deinde:

2159 485 2398 557 Χριστοῦ
2426 485 2494 540 δι’
2526 486 2735 557 ἄφατον
2765 488 2915 541 ἔλεον
2949 489 3042 541 καὶ
3071 487 3162 560 τὴν
3202 491 3504 566 ἀπολύτρωσιν
3535 505 3598 554 καὶ

2159 575 2258 649 τὴν
2314 579 2593 651 σωτηρίαν
2652 578 2750 633 τοῦ
2803 579 2996 649 γένους
3036 579 3140 633 τῶν
3181 582 3451 654 ἀνθρώπων.
3475 589 3599 656 Οὕτως

479 678 667 748 σαφῶς
716 677 859 746 ἄγαν
907 675 976 729 τὰ
1021 673 1264 744 μυστικὰ
1310 673 1406 726 ιιιαῖ¹
1433 670 1719 744 παράδοξα
1783 669 1893 724 τῶν
1954 669 2304 740 πραγμάτων
2363 671 2392 723 δ
2440 670 2602 740 σοφὸς
2649 669 3088 742 Ἐκκλησιαστής
3123 673 3235 735 ταῖς
3280 674 3600 746 αἱσθητσίςδνο.

481 772 710 842 μασίαις
738 769 1112 836 ὲξεικονίζων,
1142 765 1428 841 πόρρωθεν
1453 764 1524 819 τὰ
1551 763 1815 837 μέλλοντα
1848 763 2324 835 προκατήγγειλεν
2386 765 2466 828 είς
2527 763 2804 835 ὠφέλειαν
2865 763 2963 818 καὶ
3011 765 3265 835 σωτηρίαν
3305 767 3395 821 τῶν
3436 771 3602 834 συνετῶς

476 864 802 920 ἀκουόντων.
835 858 971 916 Εἶτά
1001 877 1164 932 φησι·

1999 942 2224 1016 gxxn.

547 1047 714 1104 Vsus.
745 1047 800 1110 4,
826 1045 878 1101 5.
909 1041 1009 1109 Qui
1045 1043 1282 1096 observat
1317 1049 1515 1104 ventos,
1553 1055 1654 1093 non
1699 1039 1964 1103 seminat;
2003 1048 2054 1092 et

475 1145 562 1213 qui
587 1138 773 1208 aspicit
807 1136 987 1202 nubes,
1024 1149 1127 1210 nou
1156 1141 1331 1188 metet.
1394 1131 1457 1186 In
1492 1132 1680 1202 quibus
1717 1147 1818 1183 non
1849 1140 1937 1184 est
1962 1145 2051 1182 co-

474 1247 747 1303 gnoscens,
774 1243 892 1298 quia
951 1227 1020 1280 sit
1055 1226 1141 1280 uia
1192 1224 1436 1293 spiritus,
1474 1223 1614 1276 sicut
1665 1237 1785 1276 ossa
1831 1221 1884 1274 in
1905 1229 2053 1274 utero

477 1322 828 1394 pra'gnantis,
859 1321 934 1374 sic
975 1333 1077 1372 non
1131 1331 1408 1387 cognosces
1445 1329 1603 1384 opera
1640 1311 1770 1379 Dei,
1807 1313 1895 1382 qui
1928 1311 2053 1380 fecit

475 1418 653 1472 omnia
685 1415 785 1484 (6).

548 1588 647 1646 llic
705 1600 925 1659 quoque
975 1598 1195 1639 rursum
1239 1583 1294 1636 in
1341 1579 1552 1651 vulgari
1601 1579 1893 1634 verborum
1918 1591 2055 1634 sono

475 1681 744 1751 obvioque
767 1692 931 1734 sensu
967 1675 1229 1730 moralem
1257 1672 1568 1728 doctrinam
1608 1670 1868 1742 exprimit
1891 1677 2056 1740 atque

475 1772 718 1830 exhibet.
767 1765 1240 1836 Quemadmodum
1279 1763 1424 1819 enim
1451 1762 1544 1832 qui
1564 1770 1754 1817 ventos
1781 1761 2053 1827 observat,

477 1865 521 1921 si
544 1865 804 1920 adversos
830 1857 1150 1930 dispexerit,
1187 1871 1367 1912 serere
1397 1871 1508 1912 non
1536 1855 1651 1912 vult
1677 1895 1693 1922 ,
1728 1853 1813 1910 vel
1840 1853 1888 1909 si
1913 1861 2054 1908 tem-

477 1956 760 2028 pestivitas
803 1960 1036 2023 urgeat;
1073 1957 1126 2006 et
1151 1949 1244 2020 qui
1275 1947 1446 2004 nubes
1489 1946 1754 2018 prospicit
1803 1946 2058 2002 assiduas

477 2060 530 2106 et
569 2050 722 2106 vario
753 2055 902 2102 motu
937 2029 1170 2100 invicem
1219 2042 1615 2107 discurrentes,
1667 2039 1852 2110 segnis
1883 2037 2057 2095 estad

481 2139 818 2208 metendum,
870 2151 994 2192 cum
1046 2133 1191 2190 haud
1232 2133 1372 2188 bene
1419 2132 1598 2198 norit,
1633 2145 1795 2202 quem
1823 2128 2058 2200 denique

477 2229 684 2286 exitum
727 2225 854 2282 cmli
903 2232 1203 2294 tempestas
1259 2220 1332 2277 sit
1362 2219 1647 2277 habitura:
1691 2233 1819 2273 nam
1850 2217 1954 2274 hoc
1977 2218 2056 2273 si-

478 2318 790 2392 gnificavit,
847 2315 937 2370 illa
989 2313 1295 2384 adjiciens:
1363 2329 1382 2363 ι
1421 2311 1478 2366 ln
1542 2310 1744 2382 quibus
1814 2324 1924 2365 non
1971 2318 2058 2365 est

479 2384 839 2482 cognoscens,
873 2420 996 2478 quae
1025 2403 1096 2460 sit
1121 2403 1208 2458 via
1237 2401 1500 2473 spiritus;
1539 2418 1558 2452 ι
1588 2408 1752 2471 atque
1775 2399 1912 2454 adeo
1926 2398 2056 2454 talia
2089 2384 2128 2440 Β

480 2509 813 2573 spectantes,
847 2505 1010 2568 atque
1035 2492 1256 2550 indiciis
1277 2500 1332 2548 et
1361 2490 1535 2562 signis
1567 2489 1726 2544 [idem
1769 2489 2053 2558 habentes,

479 2594 551 2670 ob
581 2607 752 2648 vanas
777 2599 832 2646 et
853 2589 1052 2645 stultas
1071 2585 1510 2652 observationes,
1535 2597 1716 2654 neque
1739 2597 1925 2638 serere
1963 2597 2056 2638 ne-

477 2701 586 2757 que
613 2692 815 2740 metere
869 2687 1202 2754 potuerunt;
1239 2687 1296 2734 et
1333 2677 1436 2732 hoc
1459 2675 1602 2732 nacti
1639 2683 1789 2741 sunt,
1822 2684 1884 2757 ut
1913 2672 2058 2730 fame

479 2792 543 2833 ac
603 2775 693 2833 siti
745 2751 1239 2830 contabescerent:
1295 2783 1477 2841 neque
1527 2767 1672 2824 enim
1730 2751 1962 2824 sationis
2004 2775 2059 2823 et

477 2870 676 2928 messis
717 2867 1193 2939 tempestivitstem
1262 2865 1542 2936 negligere
1590 2861 1908 2926 debebant;
1961 2861 2057 2916 sed

479 2974 578 3030 spe
604 2967 770 3028 atque
813 2956 920 3012 ﬁde
969 2957 1026 3011 in
1063 2956 1176 3012 Deo
1201 2955 1380 3025 posita
1427 2952 1674 3008 animum
1705 2951 2056 3018 conﬁrmare,

478 3060 644 3122 atque
664 3049 735 3106 ab
766 3062 858 3116 eo,
879 3047 1097 3118 rejectis
1143 3043 1650 3116 observationibus,
1695 3041 1924 3097 ﬁdenter
1956 3056 2055 3097 ex-

477 3143 696 3214 quirere
723 3138 885 3211 263
905 3146 960 3195 et
986 3136 1212 3194 seminis
1234 3149 1554 3192 successum
1589 3141 1646 3188 et
1665 3133 1862 3189 messis
1893 3134 2056 3188 uber-

473 3240 683 3300 tatem:
711 3228 824 3297 Sic,
877 3229 1081 3302 inquit,
1113 3241 1146 3282 o
1199 3227 1471 3292 mortalis,
1505 3233 1563 3280 tu
1613 3238 1832 3294 quoque
1878 3223 2058 3280 insitis

478 3321 781 3392 prudentia:
810 3318 1064 3376 terminis
1101 3317 1295 3382 fultus,
1342 3323 1398 3372 et
1439 3313 1792 3370 rationalium
1823 3311 2058 3369 faculta-

480 3423 618 3479 tum,
673 3425 796 3483 qute
857 3410 956 3466 tibi
1000 3425 1032 3465 a
1077 3407 1372 3464 Conditore
1403 3406 1722 3478 obtigerunt
1773 3405 1982 3477 judicio
2003 3415 2059 3462 et

479 3503 816 3576 cognitione,
842 3516 967 3572 quae
1009 3500 1205 3557 idonea
1241 3510 1372 3558 sunt
1421 3509 1478 3557 et
1510 3501 1666 3556 utilia
1689 3508 1744 3556 et
1768 3499 2054 3568 salutaria,

479 3605 740 3668 reputau
774 3605 939 3666 atque
964 3593 1234 3666 cogitans,
1277 3609 1378 3650 nec
1415 3593 1484 3650 de
1525 3593 1704 3650 ventis
1755 3591 2056 3664 quidquam

476 3699 572 3746 aut
600 3687 842 3744 nubibus
865 3687 1143 3752 laborans,
1173 3687 1384 3742 varium
1433 3685 1654 3741 virtutis
1713 3699 1900 3741 semen
1933 3701 2057 3756 per-
2083 3723 2128 3782 ο

476 3790 644 3851 petuo
673 3795 856 3838 serere
893 3787 1118 3850 paratus
1145 3778 1255 3842 sis;
1289 3793 1388 3834 nec
1411 3777 1594 3834 minus
1623 3784 1850 3843 metere,
1872 3791 2054 3846 super-

477 3887 579 3929 nas
645 3870 1121 3928 remunerationes
1193 3869 1546 3940 divinamque
1617 3867 2052 3925 benevolentiam

479 3961 576 4018 tibi
639 3961 964 4030 concilians,
1012 3961 1352 4017 misericordi
1395 3975 1589 4031 nempe
1645 3959 1974 4015 liberalitate
2001 3973 2056 4014 et

431 4041 445 4053 ’
476 4053 952 4111 obsecrationibus
1009 4053 1288 4122 iargisqne
1353 4051 1650 4122 lacrymis,
1714 4059 1829 4106 tum
1887 4050 2054 4107 rectis

471 4145 696 4218 iudiciis
747 4153 804 4201 et
851 4145 1014 4214 longa
1057 4143 1322 4214 patientia
1376 4141 1799 4212 patrocinioque
1857 4155 2052 4198 eorum

474 4236 595 4308 qui,
626 4243 850 4307 propter
874 4233 1304 4290 imbecillitatem
1330 4241 1497 4304 atque
1515 4231 1781 4304 inopiam,
1804 4232 2055 4289 subsidio

473 4335 530 4384 et
562 4327 730 4383 tutela
755 4332 916 4397 egent
947 4325 1350 4396 potentiorum:
1387 4324 1573 4392 itaque
1613 4323 1850 4394 optimas
1885 4339 2054 4394 quas-

473 4433 583 4490 que
629 4417 862 4474 virtutes
915 4417 1013 4474 tibi
1067 4431 1346 4487 compara.
1398 4411 1578 4471 Habes
1628 4415 1774 4471 enim
1808 4415 1894 4471 vel
1934 4415 2054 4472 sine

473 4509 818 4581 spiritalibus
857 4508 1036 4566 ventis
1067 4523 1134 4564 ac
1173 4507 1435 4573 nubibus,
1477 4506 1700 4578 scriptis
1731 4506 1944 4563 scilicet
1969 4507 2055 4564 le-

473 4601 636 4672 gibus
681 4609 738 4658 et
761 4601 1005 4658 oraculis
1026 4609 1080 4658 et
1108 4599 1471 4666 documentis,
1510 4597 1814 4654 naturalem
1855 4607 2049 4669 poten-

473 4693 606 4749 tiam
658 4695 882 4767 vimque
939 4695 1008 4752 ad
1060 4695 1214 4751 utilia
1275 4695 1516 4750 anoxiis
1565 4691 1944 4750 discernenda.
1986 4690 2052 4746 Et

473 4793 712 4854 oportet,
739 4787 880 4842 nihil
920 4795 984 4843 ut
1023 4801 1216 4843 eorum
1252 4801 1376 4856 quae
1422 4785 1569 4842 circa
1622 4793 1675 4842 te
1712 4795 1863 4853 sunt,
1880 4784 2052 4857 negli-

472 4887 626 4945 gens,
654 4875 773 4932 sine
800 4875 980 4934 fructu
1027 4891 1308 4948 nunquam
1357 4889 1625 4943 maneas;
1667 4876 1760 4932 sed
1795 4877 2052 4934 utbonus

473 4965 684 5037 palmes
711 4981 777 5022 ac
806 4965 985 5035 ferax,
1019 4979 1188 5038 atque
1211 4975 1271 5023 ut
1299 4967 1518 5039 pinguis
1548 4975 1694 5024 terra
1731 4983 1796 5025 ac
1821 4966 2050 5040 frugife-

2240 1033 2441 1102 γηρῶν
2495 1034 2778 1106 ἀνέμους,
2825 1039 2898 1091 οὐ
2955 1037 3180 1105 σπειζοει
3199 1054 3213 1068 ·
3241 1038 3326 1092 καί
3361 1039 3606 1104 ,βλέπωιιὲν

2161 1125 2292 1192 ταῖς
2349 1126 2657 1194 νεφέλαις,
2691 1130 2765 1182 οὑ
2821 1129 3066 1196 θερίσει.
3113 1129 3202 1182 Ἐν
3225 1125 3306 1194 οἷς
3324 1133 3416 1186 οὐκ
3438 1135 3610 1204 iurari-

2160 1216 2413 1271 νώσκων
2443 1218 2535 1284 τίς
2561 1219 2598 1287 ή
2639 1217 2779 1284 ὁδὸς
2811 1219 2919 1274 τοῦ
2963 1221 3315 1290 πνεύματος.
3333 1223 3400 1290 ὠς
3430 1224 3542 1280 ὀστᾶ
3565 1226 3610 1278 ἐν

2163 1305 2378 1378 γαστρὶ
2448 1305 2560 1375 τῆς
2633 1313 3060 1378 κυοφορούσης
3084 1349 3099 1374 ,
3149 1311 3318 1377 οὕτως
3361 1315 3421 1367 οὐ
3475 1314 3612 1384 γνώσῃ

2160 1399 2234 1452 τὰ
2287 1399 2595 1470 ποιήματα
2649 1400 2757 1456 τοῦ
2803 1401 2983 1470 θεοῦ,
3039 1403 3108 1469 ὃς
3157 1403 3377 1472 ἐποίησε
3414 1406 3474 1458 τὰ
3511 1407 3615 1475 σύμ.

2161 1500 2381 1542 narra.

2233 1580 2343 1633 Καὶ
2375 1579 2471 1634 νῦν
2502 1579 2661 1644 αὖθις
2689 1582 2749 1634 ὲν
2777 1582 2858 1654 τῷ
2877 1582 3172 1656 γράμματι
3193 1586 3280 1638 καὶ
3316 1586 3383 1656 τῷ
3419 1587 3616 1658 προχείρῳ

2161 1668 2392 1740 νοήματι
2417 1669 2518 1741 τὴν
2558 1672 2833 1743 τροπικὴν
2886 1672 3178 1730 αἰνίττεται
3220 1677 3308 1730 καὶ
3339 1677 3618 1748 παρεμφαίνει

2160 1761 2532 1819 διδασκαλίαν.
2565 1765 2783 1837 ’Ὠσπερ
2826 1766 2938 1838 γὰρ
2965 1769 2995 1822 ό
3023 1769 3121 1838 τὴν
3158 1769 3258 1824 τῶν
3292 1768 3472 1840 ἀνέμων
3495 1787 3618 1840 παρα·

2159 1855 2397 1924 τήρησιν
2433 1855 2575 1926 ἔχων
2599 1895 2615 1921 ,
2670 1858 3060 1929 ἐναντιότητας
3085 1859 3316 1931 καθορῶν
3337 1899 3351 1925 ,
3372 1861 3423 1914 οὐ
3443 1859 3620 1929 βούλεται

2164 1946 2433 2017 σπείρειν,
2476 1947 2720 2018 καίτοιγε
2758 1949 2853 2004 τοῦ
2904 1951 3102 2022 καιροῦ
3144 1952 3533 2022 κατεπείγοντος·
3559 1951 3620 2002 καὶ

2161 2035 2262 2098 τὰς
2290 2037 2523 2106 νεφέλας
2551 2037 2608 2091 δὲ
2632 2040 2998 2110 προσϐλέπων
3031 2045 3267 2114 συνεχεῖς
3305 2041 3552 2107 chiragrici
3570 2059 3621 2094 ιι-

2165 2125 2356 2198 νήσεις
2391 2126 2836 2201 ὰλλεπαλλήλους
2873 2135 3264 2206 πεποιημένας,
3287 2131 3540 2204 ἀπρόθυμος
3566 2131 3622 2197 γί-

2162 2233 2311 2270 νεται
2345 2217 2441 2272 τοῦ
2471 2218 2730 2290 θερίζειν,
2781 2221 3026 2294 καίτοιγε
3077 2225 3152 2296 μὴ
3191 2223 3442 2294 γινώσκων
3477 2219 3622 2290 cupit.

2163 2305 2323 2360 ποίαν
2347 2307 2376 2360 ὁ
2411 2307 2551 2380 ἀνὴρ
2572 2307 2666 2364 τοῦ
2697 2309 2830 2364 ίδίου
2856 2313 3274 2383 καταστήματος
3307 2311 3402 2378 ἕξει
3421 2308 3498 2380 τὴν
3517 2305 3624 2360 E26:-

2157 2411 2274 2450 σιν⁹
2307 2396 2470 2452 τοῦτο
2503 2399 2612 2473 γὰρ
2641 2401 2920 2473 ἐσήμανεν
2964 2401 3159 2470 εἰπὼν,
3191 2422 3210 2456 ι
3256 2403 3336 2456 Ἐν
3374 2397 3444 2464 οἷς
3461 2397 3622 2452 οὐκέστι

2157 2487 2464 2556 γινώσκων,
2497 2491 2584 2556 τίς
2611 2492 2646 2562 ή
2675 2491 2796 2558 ὁδὸς
2819 2493 2914 2548 τοῦ
2940 2495 3272 2567 πνεύματος.
3307 2511 3325 2545 ι
3355 2492 3410 2546 0i
3430 2490 3478 2544 δὲ
3508 2485 3624 2542 τοῦτο

2157 2579 2631 2653 παρατηροῦντες,
2679 2584 2775 2638 καὶ
2808 2585 3064 2657 σημείοις
3111 2587 3202 2639 καὶ
3238 2581 3486 2654 συμεόλοις
3509 2593 3622 2647 προε·

2158 2674 2393 2746 ἔχοντες,
2427 2675 2551 2730 οὔτε
2577 2677 2828 2750 σπείρειν
2849 2677 2974 2732 οὔτε
3009 2677 3244 2750 θερίζειν
3269 2672 3552 2746 ἠδυνήθησαν
3569 2667 3625 2720 διὰ

2156 2767 2256 2840 τὴν
2287 2767 2526 2839 ματαίαν
2549 2769 2647 2823 καὶ
2671 2769 2989 2840 παράλογον
3029 2768 3392 2842 παρατήρησιν
3407 2781 3421 2796 ο
3443 2758 3623 2816 καὶκατὰ

2156 2860 2218 2914 τὸ
2244 2861 2540 2916 ἀκόλουθον
2565 2861 2710 2934 λιμῷ
2764 2862 2860 2916 καὶ
2913 2862 3046 2935 δίψῃ
3102 2861 3283 2926 κακῶς
3326 2853 3624 2926 διεφθάρησαν.

2161 2953 2310 3008 Ἔδει
2359 2954 2469 3026 γὰρ
2501 2956 2704 3027 ἥκιστα
2748 2955 3008 3027 παριδεῖν
3065 2956 3157 3010 τὸν
3179 2953 3269 3008 τοῦ
3301 2951 3473 3022 σπόρου
3493 2945 3620 3013 κοιρῖν

2158 3045 2254 3100 καὶ
2279 3047 2375 3101 τοῦ
2405 3045 2622 3120 θέρους,
2667 3047 2764 3102 ἆτε
2792 3047 2856 3119 δὴ
2875 3049 2942 3120 τῇ
2979 3048 3124 3120 πρὸς
3161 3047 3288 3102 Θεὸν
3315 3042 3468 3100 ἑλπίδι
3485 3033 3621 3094 καὶπῦ

2159 3155 2276 3193 στει
2309 3139 2806 3212 κεκραταιωμένην
2839 3139 3070 3211 ἔχοντας
3095 3140 3190 3213 τὴν
3211 3135 3434 3209 καρδίαν,
3451 3132 3522 3187 καὶ
3540 3125 3619 3193 ’παρ’

2157 3228 2324 3284 αὑτοῦ
2375 3229 2672 3302 ζητοῦντας
2724 3232 2782 3285 ὲν
2829 3233 3254 3306 ἀπαρατηρήτῳ
3281 3223 3555 3304 προαιρέσει
3573 3233 3628 3270 τεο

2157 3318 2516 3391 θαρῤηκότως
2565 3319 2659 3392 τοῦ
2711 3321 2914 3394 σπόρου
2955 3323 3060 3393 τὴν
3107 3319 3446 3376 κατευόδωσιν
3477 3307 3630 3374 mitti

2155 3411 2250 3465 τοῦ
2279 3410 2472 3484 θέρους
2507 3411 2800 3479 ἐπίτευξιν.
2838 3413 3053 3482 Οὕτως,
3082 3413 3351 3485 ἄνθρωπε,
3381 3405 3464 3461 καὶ
3488 3403 3536 3456 σὺ
3557 3399 3630 3459 τοῖς

2157 3501 2424 3573 ἐμφύτοις
2453 3501 2558 3574 τῆς
2611 3505 2927 3576 φρονήσεως
2969 3505 3124 3575 ὅροις
3171 3487 3634 3573 ἐπερειδόμενος,κσὶ

2155 3595 2277 3658 ταῖς
2305 3593 2674 3666 διακριτικαίς
2706 3597 3048 3668 ἐπιστήμαις
3078 3596 3189 3650 τῶν
3236 3579 3634 3660 ἀποκληρωθειεῶν

2161 3701 2242 3739 σοι
2267 3685 2556 3757 δυνάμεων
2581 3687 2818 3757 λογικῶν
2853 3690 3006 3759 παρὰ
3028 3688 3124 3742 τοῦ
3155 3687 3454 3756 ποιήσαντος
3475 3676 3528 3730 τὰ
3549 3687 3637 3726 κοτ-

2157 3776 2368 3849 άλληλα
2423 3779 2518 3832 καὶ
2560 3779 2910 3850 συμφέροντα
2951 3781 3052 3834 καὶ
3077 3775 3313 3832 σωστικὰ
3348 3766 3635 3836 διανοούμενος

2156 3867 2254 3922 καὶ
2289 3868 2527 3940 φρονῶν,
2552 3870 2649 3924 καὶ
2678 3871 2785 3924 τῶν
2807 3871 3031 3942 ἀνέμων
3055 3873 3153 3926 καὶ
3179 3869 3284 3923 τῶν
3315 3860 3517 3934 νεφελῶν
3531 3857 3636 3942 ἁτε-Ρν

2157 3939 2407 4031 σπείρειν
2433 3960 2538 4014 ἀεὶ»
2569 3939 2954 4032 προθυμήθητι
3007 3962 3105 4016 τὸν
3131 3957 3363 4013 ποικίλον
3389 3949 3551 4020 σπόρον
3569 3939 3636 4008 τῆς

2155 4050 2357 4122 ἀρετῆς
2380 4067 2394 4082 ⁸
2431 4051 2691 4118 ὡσαύτως
2719 4052 2776 4106 δὲ
2807 4053 2901 4107 καὶ
2937 4051 3182 4126 θερίζειν
3200 4091 3216 4116 ,
3241 4049 3338 4120 τὴν
3359 4041 3528 4100 ἄνωθεν
3549 4037 3639 4088 ἀτιθ-

2154 4141 2317 4215 δοχὴν
2351 4143 2446 4198 καὶ
2481 4143 2633 4198 θείαν
2661 4143 2950 4215 εὐμένειαν
2987 4145 3366 4216 ἐφελκόμενος,
3401 4138 3451 4189 ἐν
3477 4131 3636 4196 ἐλεημο-

2157 4234 2345 4299 σύναις
2373 4233 2616 4304 δηλονότι
2637 4235 2731 4290 καὶ
2757 4239 3098 4308 προσευχαῖς
3121 4236 3218 4290 καὶ
3235 4234 3446 4302 δάκρυσι
3463 4217 3640 4290 δαψιλέσι

2154 4327 2250 4383 καὶ
2301 4327 2726 4401 δικαιοκρισίαις
2785 4330 2880 4385 καὶ
2915 4328 3324 4402 μακροθυμίαις
3364 4321 3446 4376 καὶ
3470 4325 3638 4387 προστα-

2155 4418 2299 4485 σίαις
2333 4422 2454 4484 ταῖς
2488 4419 2628 4491 πρὸς
2673 4422 2802 4485 τοὺς
2835 4419 3140 4486 ἀδυνάτους
3185 4421 3282 4474 καὶ
3322 4411 3560 4486 δεομένους
3578 4401 3642 4470 ﬁt;

2152 4507 2548 4583 ἀντιληπικῆς
2573 4510 2947 4584 χειραγωγίας
2978 4511 3092 4567 τῶν
3121 4507 3454 4582 ὑπερτέρων
3482 4498 3555 4554 καὶ

2157 4579 2445 4670 ρίζουίτὰς
2495 4579 2798 4674 κρατίστας
2830 4579 2940 4656 τῶν
2987 4579 3429 4676 ἀρετῶν.”Εχεις
3471 4589 3560 4660 γὰρ
3580 4579 3642 4676 κξὶ

2153 4689 2323 4762 χωρὶς
2351 4689 2460 4746 τῶν
2485 4693 2695 4764 νοητῶν
2736 4692 2956 4766 ἀνέμων
2990 4673 3090 4750 καὶ
3128 4691 3379 4764 νεφελῶν,
3410 4688 3546 4757 ήγουν
3571 4673 3642 4728 τῶν

2151 4781 2416 4852 γραπτῶν
2445 4782 2628 4855 νόμων
2659 4785 2756 4840 καὶ
2799 4784 3196 4859 θεσπισμάτων
3231 4783 3325 4839 καὶ
3363 4769 3642 4845 διδατμάτων.

2150 4874 2392 4943 φυσικὰς
2420 4877 2686 4950 δυνάμεις
2729 4878 2827 4933 καὶ
2874 4878 3194 4952 διακρίσεις
3233 4873 3324 4930 τοῦ
3360 4865 3643 4952 oui-19‘”

2152 4965 2250 5020 καὶ
2271 4967 2368 5022 τοῦ
2397 4967 2749 5039 βλάπτοντος.
2788 4969 2902 5026 Καὶ
2927 4951 3100 5026 δεῖσε
3131 4965 3390 5042 μηδαμῶς
3419 4951 3644 5034 ἀμελῠῦντι

472 5072 556 5126 ra,
580 5071 650 5112 ex
680 5055 796 5126 ipsa
838 5055 1002 5112 domo
1041 5065 1131 5112 tua
1183 5064 1348 5128 atque
1374 5073 1404 5112 a
1437 5057 1725 5128 temetipso
1757 5058 1931 5113 multa
1961 5071 2048 5114 re-

2157 5057 2264 5112 τῶν
2296 5061 2584 5134 προσεχῶν
2609 5077 2670 5116 τε
2695 5064 2790 5118 καὶ
2827 5063 3102 5134 σύνεγγυς
3128 5063 3372 5132 ἄκαρπον
3405 5048 3642 5134 mili”.

471 5148 692 5216 fundas,
749 5155 804 5204 et
849 5160 1102 5204 racemos
1143 5146 1287 5203 [eras
1343 5157 1592 5204 maturos
1619 5147 1884 5220 nullaque
1911 5149 2052 5206 alio-

2157 5147 2272 5202 ἀλλ’
2294 5129 2372 5212 ὼε
2403 5129 2614 5220 ἀγαθὸν
2635 5153 2824 5225 κλῆμα
2847 5155 2946 5208 καὶ⁸
2971 5129 3306 5224 πολυφόρον,
3345 5143 3430 5202 καὶ
3463 5138 3524 5210 τῆ
3553 5129 3644 5187 πίων

473 5257 597 5298 rum
634 5254 803 5313 opera
855 5238 1094 5311 indigns,
1124 5251 1185 5295 ut
1239 5237 1429 5308 justus
1470 5238 1629 5307 Abel,
1650 5251 1711 5296 ut
1756 5238 1928 5308 Eoos,
1991 5249 2052 5298 ut

2157 5238 2252 5293 xui.
2277 5239 2649 5312 καρποφόρος,
2682 5242 2896 5298 οἴκοθεν
2937 5244 3035 5298 καὶ
3077 5241 3214 5313 παρ’
3244 5235 3410 5307 ἑαυτῷ
3447 5225 3642 5313 ιοοὶιύχεδυ)ι

471 5307 689 5400 Ειιοοιι,
737 5342 800 5388 ut
835 5307 1087 5398 Nom—ut
1117 5329 1312 5416 beatus
1365 5336 1422 5385 et
1486 5330 1702 5402 patiens
1751 5307 1946 5398 Jobus,
1987 5341 2052 5389 ut

2157 5307 2654 5404 εὑρίσκεσθαιξκαὶ
2674 5333 2907 5408 βότρυας
2955 5307 3253 5408 βαστάζειν
3287 5323 3556 5416 πεπείρους.
3577 5307 3638 5366 καὶ

472 5423 1020 5485 sanctusAbraham.
1045 5419 1163 5480 Nisi
1186 5411 1335 5478 enim
1375 5429 1572 5492 sponte
1605 5431 1771 5494 atque
1799 5439 1829 5478 a
1854 5431 1905 5480 te
1925 5422 2048 5494 ipso

2157 5423 2426 5496 μηδαμῶς
2453 5423 2553 5496 τῆς
2596 5429 2729 5500 παρ’
2756 5429 2960 5501 ἐτέρων
3004 5425 3334 5500 καλιεργίας
3361 5411 3638 5501 ἠξιωμένουςτ

472 5519 729 5577 incitatus
751 5518 819 5576 ad
850 5525 999 5575 recte
1023 5515 1188 5580 facta,
1226 5487 1463 5571 fructum
1497 5521 1548 5570 te
1598 5487 1847 5570 attulisse
1867 5487 2051 5571 osten.

2157 5487 2236 5576 is;
2259 5514 2288 5567 ι
2308 5487 2754 5587 ’δικὰιοξ-Ἀεὲλ,
2789 5487 2866 5584 cs;
2891 5521 2920 5574 ι
2957 5517 3152 5585 Ἑνὼς,
3177 5487 3266 5582 ἐἱς
3307 5487 3335 5569 ε
3364 5487 3530 5576 Ἑνὼχ,
3559 5487 3648 5555 ὠςδ

544 5686 718 5759 (6)At
747 5689 887 5747 LXX
931 5691 1148 5760 habent,
1206 5688 1401 5761 Τηρῶν
1453 5687 1873 5756 dvenam...an
1927 5688 2052 5759 ποιή

2167 5690 2234 5744 τὰ
2267 5689 2583 5764 σύμπαντα.
