3958 6208
385 231 520 301 1137

1439 239 1523 302 IN
1563 239 2142 302 ECCLESIASTEN.
2181 267 2250 279 -
2297 244 2446 305 LIB.
2503 241 2575 303 X.

3505 243 3642 308 1138
3680 220 3686 226 ’

390 365 480 424 ιον
503 345 606 419 τῆς
628 346 834 420 ἀρετῆς
853 349 914 404 οῦ
942 348 1284 423 προσήκατο,
1306 349 1398 421 διὰ
1416 351 1477 405 τὸ
1499 353 1640 423 μετά
1665 369 1810 418 τινος
1843 353 1962 406 ἑπι-

2085 362 2264 409 actum
2309 363 2413 422 est,
2445 369 2555 410 non
2589 352 2853 420 admisit;
2885 355 3085 427 quippe
3136 356 3225 414 cui
3269 373 3492 428 gramen
3549 361 3648 415 atl-

385 437 568 512 μιξίας
596 439 1121 511 χορτώδους,ἧγουν
1155 439 1438 511 ἑμπαθοῦς
1465 440 1762 507 διαθέσεως
1793 459 1962 497 κατα-

395 529 672 606 ιληθῆναι,
709 534 804 587 καὶ
859 533 1126 606 μηδαμῶς
1177 533 1271 589 τοῦ
1319 533 1563 606 καθαροῦ
1613 536 1820 607 σπόρου
1863 537 1964 607 τὴν

391 627 652 686 ιιπάθειαν
683 625 829 697 ἔχειν
848 642 863 656 ·
911 626 1081 697 ήγουν
1104 625 1180 690 ὡς
1211 625 1286 698 μὴ
1319 626 1389 681 δι’
1422 622 1555 682 αὐτδ
1582 627 1644 682 τὸ
1672 627 1838 683 καλὸν
1879 645 1966 698 γι-

384 717 612 788 νόμενον
654 715 716 770 τὸ
750 715 914 770 καλὸν
947 716 1302 787 θεασάμενος,
1329 717 1445 772 ἀλλ’
1475 717 1874 790 δπιφερόμενός
1909 735 1964 772 τι

384 809 481 861 καὶ
514 807 754 872 ζιζάνιον
787 806 1138 878 ἀνθρωπίνης
1169 807 1465 879 ἀρεσκείας
1507 808 1541 880 ἢ
1584 809 1894 876 κενοδοξίας
1929 809 1964 881 ἧ

383 914 533 962 τινος
557 897 726 967 ἄλλης
753 897 1024 970 κοσμικῆς
1056 896 1382 968 ἐμπαθείας.
1416 891 1551 969 Χρη
1573 899 1774 963 τοίνυν,
1806 899 1962 972 φησὶ,

387 988 664 1062 μηδέποτε
714 987 1016 1059 λαμϐάνειν
1069 987 1281 1042 παῦλαν
1319 989 1420 1059 τῆς
1463 991 1818 1060 κατασπορᾶς
1855 990 1964 1044 τῶν

385 1077 610 1148 ἀγαθῶν
650 1077 750 1132 καὶ
793 1077 1102 1132 σπουδαίων
1154 1079 1446 1150 νοημάτων
1492 1079 1588 1134 καὶ
1636 1079 1813 1150 λόγων
1868 1081 1966 1136 καὶ

385 1166 662 1240 πράξεων,
687 1167 802 1222 ἀλλ’
837 1167 903 1221 ἐκ
932 1167 1186 1222 παιδόθεν
1213 1168 1310 1222 καὶ
1345 1168 1509 1240 μέχρι
1539 1169 1745 1242 γήρως.
1777 1169 1966 1226 Ταῦτα

384 1257 496 1328 γὰρ
554 1257 882 1330 σημαίνεται
940 1257 1130 1328 σαφῶς
1187 1258 1277 1312 διὰ
1307 1260 1406 1330 τῆς
1439 1260 1665 1328 πρωτας
1717 1260 1812 1315 καὶ
1865 1261 1965 1332 τῆς

383 1345 677 1418 ἑσπέρας·
717 1350 815 1404 καὶ
850 1349 1160 1421 προσευχὰς
1209 1351 1307 1404 καὶ
1353 1351 1666 1420 δοξολογίας
1700 1353 1838 1423 πρὸς
1871 1353 1964 1408 τὸν

385 1439 480 1494 ἰπὶ
507 1441 727 1496 πάντων
769 1442 924 1508 θεὸν,
958 1441 1054 1497 καὶ
1084 1440 1341 1514 νηστείας
1389 1442 1489 1508 τάς
1522 1443 1668 1498 κατά
1709 1443 1962 1516 δύναμιν,

385 1530 483 1584 καὶ
505 1528 604 1602 τὴν
631 1531 913 1607 πραότητα
940 1533 1034 1585 καὶ
1058 1532 1156 1604 τὴν
1178 1533 1399 1605 ἀγάπην
1426 1532 1520 1586 καὶ
1544 1533 1643 1604 τὴν
1667 1533 1966 1605 ἐλεημοσύ-

385 1639 485 1694 νην
506 1621 620 1694 ’τὴν
650 1623 789 1695 πρὸς
817 1624 944 1687 τοὺς
973 1623 1170 1686 ἐνδεεῖς
1207 1624 1304 1678 καὶ
1348 1625 1599 1696 πτωχοὺς
1633 1626 1966 1696 ἐργάζεσθαι

2069 445 2292 500 mistum
2325 454 2492 514 esset,
2538 444 2593 500 id
2623 452 2708 504 est
2737 445 2965 502 affectus
3007 455 3172 519 atque
3214 449 3508 518 cupiditas,
3545 468 3648 507 nec

2068 534 2198 591 vitio
2229 539 2378 592 omni
2429 539 2592 610 plane
2632 548 2845 596 careret
2882 558 2898 596 :
2945 539 3062 596 sive
3107 542 3236 612 quia
3268 541 3494 598 minime
3523 556 3648 598 tan-

2065 642 2231 696 quam
2261 627 2464 683 bonum
2489 630 2846 700 spectaveris,
2876 630 3024 701 quod
3053 646 3244 687 revera
3272 632 3476 688 bonum
3501 643 3642 698 erat,

2066 717 2162 772 sed
2186 717 2362 773 .alieni
2418 717 2625 790 aliquid
2680 721 3155 790 superiuduxeris,
3189 729 3244 778 et
3299 723 3492 778 lolium
3539 724 3637 779 hu-

2067 823 2242 864 manas
2276 809 2535 874 levitatis,
2569 811 2820 868 iuanisve
2853 811 3041 883 gloriae
3065 812 3256 894 studii,
3286 824 3380 870 aut
3409 815 3644 886 alicujus

2067 900 2132 955 tle
2161 900 2376 955 caeteris
2403 900 2569 970 hujus
2592 901 2718 958 vita:
2737 902 3151 973 cupiditatibus.
3189 902 3380 974 Itaque
3405 917 3648 976 oportet.

2066 993 2262 1064 inquit,
2297 1009 2576 1064 nunquam
2613 1003 2676 1050 ut
2711 1010 2994 1052 cessemus
3027 1008 3060 1050 a
3088 995 3356 1051 bonarum
3390 995 3640 1053 honesta-

2066 1100 2301 1156 rumque
2321 1087 2742 1158 cogitationum,
2764 1096 2821 1143 et
2849 1103 3193 1155 sermonum,
3215 1095 3271 1143 et
3295 1102 3522 1158 operum
3554 1105 3640 1144 εει-

2065 1176 2236 1244 tione,
2264 1192 2390 1233 cum
2417 1177 2486 1233 ab
2511 1178 2627 1248 ipsa
2658 1178 2912 1250 pueritia,
2949 1187 3064 1234 tum
3098 1194 3275 1249 usque
3307 1179 3375 1235 ad
3399 1170 3642 1245 senium,

2067 1270 2184 1326 haec
2217 1257 2363 1324 enim
2403 1269 2694 1326 manifesto
2734 1271 3046 1331 indicantur
3075 1286 3175 1341 per
3229 1270 3556 1326 Hatutinum
3593 1281 3649 1326 et
3696 1333 3700 1337 Α

2078 1359 2357 1430 Vesperum
2384 1376 2403 1414 :
2430 1368 2599 1431 utque
2641 1375 2741 1418 nos
2771 1361 2826 1416 in
2869 1361 3343 1418 obsecrationibus
3388 1377 3650 1418 exercea-

2067 1467 2192 1508 mus
2213 1467 2278 1508 ac
2309 1453 2509 1507 summi
2535 1451 2626 1508 Dei
2658 1451 2934 1516 laudibus,
2959 1461 3014 1508 et
3038 1453 3093 1508 in
3110 1453 3356 1524 jejuniis,
3380 1462 3646 1524 quantum

2069 1544 2213 1598 vires
2249 1543 2452 1610 ferunt,
2479 1551 2533 1598 et
2561 1543 2618 1598 in
2649 1545 3069 1601 mansuetudine
3093 1554 3148 1601 et
3172 1560 3362 1601 amore
3387 1553 3440 1600 et
3486 1545 3650 1600 mise-

2069 1637 2305 1692 ricordia
2337 1651 2464 1708 erga
2495 1651 2696 1706 egenos
2738 1647 2791 1692 et
2827 1651 3093 1708 pauperes
3143 1637 3390 1694 studiose
3424 1636 3650 1691 omnino

389 1711 687 1784 φιλοτίμως
719 1713 814 1767 καὶ
841 1713 1080 1784 δαψιλῶς
1099 1731 1113 1745 ·
1143 1716 1230 1769 ἵνα
1263 1715 1366 1770 κᾶν
1392 1716 1466 1786 μὴ
1491 1717 1560 1770 τὰ
1591 1717 1784 1788 πρῶτα
1811 1717 1966 1790 παρὰ

2080 1743 2134 1784 ιο
2170 1727 2401 1798 benigne
2442 1745 2457 1781 :
2497 1741 2630 1797 quo,
2667 1727 2714 1783 si
2746 1723 2930 1784 minus
2973 1729 3186 1784 auctori
3229 1737 3422 1784 nostro
3455 1737 3510 1784 et
3552 1729 3648 1783 do-

385 1803 482 1859 τοῦ
511 1805 738 1878 ποιητοῦ
766 1807 859 1860 καὶ
887 1807 1150 1862 δεσπότου
1185 1807 1569 1879 παραδεχθῶσι
1599 1809 1694 1862 κα)⁸
1725 1825 1962 1881 στοιχει-

386 1896 548 1966 θῶσι,
585 1898 654 1952 τὰ
687 1898 821 1970 πρὸς
865 1899 1124 1972 ἑσπέραν,
1161 1901 1330 1972 ἤγουν
1368 1899 1438 1954 τά
1475 1901 1604 1972 τέλη
1657 1901 1756 1972 τῆς
1793 1902 1964 1972 ζωῆς,

387 1989 487 2062 τὴν
517 1991 784 2062 ἀποδοχὴν
809 1991 991 2058 ἕξουσι
1023 1995 1117 2046 καὶ
1143 1993 1236 2046 τὸν
1269 1992 1490 2047 ἔπαινον
1509 2009 1523 2023 ’
1553 1992 1586 2066 ἢ
1616 1995 1664 2048 εί
1696 1993 1772 2066 μὴ
1793 1995 1964 2050 ταῦτα

387 2082 627 2148 πάντως,
672 2086 878 2139 ἐκεῖνα.
929 2085 990 2137 Ei
1029 2082 1076 2137 δ’
1114 2084 1401 2156 ἀμφότερα
1441 2085 1556 2146 τοῖς
1601 2084 1965 2156 παντεφόροις

383 2173 686 2246 ὀφθαλμοῖς
713 2175 810 2228 τοῦ
843 2175 1051 2247 Κυρίου
1079 2176 1187 2230 τῶν
1213 2176 1469 2246 γνὼσεων
1489 2175 1674 2242 ἕξουσι
1699 2177 1797 2246 τὴν
1830 2178 1967 2231 ἀπο-

382 2263 569 2336 δοχὴν,
593 2261 748 2320 ἔσται
773 2265 851 2336 τῷ
875 2265 1154 2338 σπείροντι
1181 2267 1382 2338 μᾶλλον
1403 2266 1464 2320 τὸ
1487 2266 1713 2334 ἀγαθὸν,
1737 2267 1964 2336 ἀγαθὸν,

385 2357 480 2409 καὶ
509 2355 778 2426 πολύχουν
807 2354 1014 2430 θερίσει
1048 2356 1234 2412 θεόθεν
1263 2357 1364 2430 τὴν
1394 2357 1652 2430 ἀμοιϐήν.
1684 2353 1818 2414 Εἶτά
1857 2375 1967 2430 φη·-

385 2463 471 2501 σιν
501 2449 529 2502 ό
559 2447 722 2518 σοφὸς
767 2447 1239 2522 Ἐκκλησιαστής·
1759 2459 1780 2479 σ

1285 2537 1300 2564 λ

2066 1820 2216 1874 mino
2245 1825 2396 1889 grata
2435 1801 2596 1888 atque
2622 1826 2840 1889 accepta
2878 1817 3103 1886 fuerint,
3141 1835 3264 1891 quas
3305 1821 3484 1891 prima
3519 1820 3648 1876 feci-

2067 1925 2210 1977 mus,
2257 1924 2322 1965 ea
2372 1909 2658 1981 prtemium
2709 1926 2776 1966 ac
2817 1910 3038 1967 laudem
3083 1913 3340 1980 habeant,
3387 1929 3508 1982 quae
3543 1912 3648 1968 sub

2065 2019 2352 2076 vesperum
2387 2003 2502 2060 sive
2529 2005 2790 2062 extremis
2833 2005 2958 2061 vita:
2977 2004 3172 2062 diebus
3203 2005 3534 2063 fecerimus:
3561 2007 3648 2062 vel

2066 2097 2112 2152 si
2147 2084 2258 2152 non
2291 2096 2408 2152 haec
2437 2095 2686 2166 omnino,
2731 2097 2922 2154 saltem
2977 2097 3089 2153 illa.
3122 2097 3281 2166 Quod
3329 2100 3376 2154 si
3414 2109 3648 2168 utraque

2065 2187 2266 2245 divinis
2293 2187 2470 2244 oculis
2503 2187 2690 2244 omnia
2719 2187 3082 2246 lustrantihus
3110 2198 3164 2245 et
3190 2190 3648 2262 cognoscentibus

2065 2288 2287 2350 accepta
2319 2287 2502 2348 erunt,
2540 2280 2680 2336 bene
2706 2279 2786 2336 illi
2821 2280 2946 2346 erit,
2987 2282 3078 2349 qui
3111 2281 3234 2353 plus
3269 2282 3646 2346 seminaverit,

2069 2380 2124 2428 et
2151 2387 2182 2427 a
2211 2370 2324 2427 Deo
2353 2369 2564 2430 fructus
2590 2381 2756 2430 metet
2777 2372 3076 2430 uberiores.
3099 2373 3191 2429 Ait
3213 2371 3410 2430 deinde
3429 2373 3650 2444 sapiens

2069 2461 2427 2520 Ecclesiastes
2458 2480 2473 2518 :
3479 2465 3487 2470 '

1951 2575 2069 2648 su.

457 2672 572 2728 Kal
599 2671 794 2744 γλυκὺ
825 2671 891 2728 τὸ
913 2673 1060 2743 φῶς,
1098 2671 1198 2728 καί
1225 2671 1454 2744 ἀγαθὸν
1480 2671 1608 2738 τοῖς
1635 2670 1969 2741 ὀφθαλμοῖς

387 2763 456 2820 τὸ
487 2763 748 2830 ,βλέπειν
766 2763 892 2820 σὺν
913 2765 1020 2818 τὸν
1044 2764 1224 2832 ἣλιον
1242 2780 1254 2793 ·
1284 2763 1374 2818 ὅτι
1401 2763 1500 2818 καί
1517 2763 1627 2829 ἐζιν
1645 2762 1750 2830 ἔτη
1766 2760 1970 2816 πολλά

389 2853 626 2925 (ricam:
653 2853 984 2923 ἄνθρωπος,
1014 2853 1088 2908 ἐν
1115 2852 1306 2910 πᾶσιν
1332 2851 1539 2918 αὐτοῖς
1560 2847 1971 2924 εὐφρανθήσε-

389 2959 508 3009 ται,
553 2944 651 2998 καί
683 2943 1108 3015 μνησθήσεται
1140 2943 1247 3010 τὰς
1283 2943 1507 3014 ἡμέρας
1545 2940 1651 2996 τοῦ
1688 2943 1968 3007 σκότους,

391 3035 482 3090 ὅτι
505 3036 728 3092 πολλαὶ
759 3037 1029 3092 ἔσονται.

475 3128 807 3193 ’Λκολοῦθως
837 3129 1020 3200 ἔχεται
1059 3129 1168 3184 τῶν
1199 3128 1472 3200 αἰσθητῶν
1501 3127 1747 3193 εἰκόνων,
1788 3127 1874 3181 ἵνα
1901 3127 1970 3180 δι’

389 3221 595 3286 αὐτῶν,
625 3221 697 3285 ὡς
727 3221 796 3275 δι’
824 3223 1108 3294 ἐσόπτρων
1141 3221 1251 3276 τῶν
1294 3219 1498 3292 ἀρχετύ
1511 3239 1624 3276 πων
1658 3221 1754 3275 καὶ
1787 3225 1974 3292 κρειτ-

392 3313 567 3366 τόνων
593 3312 943 3382 ἀσυγκρίτως
977 3311 1280 3384 παραδείξῃ
1305 3313 1365 3366 τὸ
1386 3310 1602 3373 κάλλος,
1634 3311 1811 3366 Γλυκῦ
1839 3311 1968 3382 γὰρ,

395 3402 552 3472 φησὶ,
592 3399 756 3454 τοῦτο
783 3403 848 3454 τὸ
885 3401 1001 3471 φῶς
1037 3403 1134 3454 καὶ
1161 3402 1281 3455 λίαν
1317 3401 1522 3470 ἀγαθὸν
1553 3401 1613 3453 τὸ
1635 3400 1850 3470 δέρκειν
1883 3399 1975 3452 τὸν

393 3491 656 3562 αἰσθητὸν
683 3491 834 3562 ἥλιον
861 3495 982 3556 ταῖς
1012 3492 1170 3562 ὕψεσι
1207 3491 1316 3544 τῶν
1341 3489 1617 3560 αἰσθητῶν
1654 3487 1973 3560 ὀφθαλμῶν.

395 3582 570 3637 Τοῦτο
594 3583 654 3640 δὲ
687 3583 922 3653 φάσκειν
953 3584 1049 3638 καὶ
1085 3583 1361 3645 διδάσκειν
1407 3581 1681 3654 παρέλκον
1721 3582 1840 3634 ἐστὶ
1879 3582 1978 3635 καὶ

395 3675 675 3746 περιττὸν,
711 3679 760 3730 εί
787 3677 864 3746 μὴ
892 3675 1032 3748 πρὸς
1055 3676 1184 3732 ἀλλο
1232 3694 1283 3730 τι
1309 3676 1560 3752 κρεῖττον
1593 3674 1708 3752 (ρῶς
1735 3670 1978 3752 ἀποϐλὲο

396 3783 514 3832 πει,
542 3768 638 3822 καὶ
662 3767 802 3840 πρὸς
829 3767 922 3822 τὸν
944 3767 1137 3840 νοητὸν
1163 3769 1264 3839 τῆς
1292 3766 1646 3836 δικαιοσύνης
1674 3765 1830 3836 ἥλιον
1855 3762 1981 3835 βού-

397 3860 550 3915 λεται
580 3862 706 3926 τοὺς
735 3861 1014 3933 ἀκροατὰς
1039 3852 1458 3930 παραπέμπεινζ
1490 3859 1669 3912 Ἶσασι
1700 3855 1812 3928 γάρ
1837 3856 1978 3910 πάν-

399 3966 492 4016 τες
521 3951 830 4024 ἄνθρωποι,
876 3951 974 4006 καὶ
1013 3953 1186 4025 χωρὶς
1234 3950 1329 4005 τοῦ
1366 3947 1836 4022 Ἐκκλησιαστοῦ,
1882 3947 1982 4002 καὶ

397 4043 574 4114 γλυκὺ
603 4045 764 4100 τοῦτο
811 4047 873 4102 τδ
900 4046 1018 4116 φῶς
1057 4043 1347 4116 ὑπάρχειν,
1395 4044 1490 4097 καὶ
1521 4041 1584 4096 τδ
1628 4040 1850 4113 βλέπειν
1889 4043 1981 4096 τὸν

395 4141 574 4218 ἥλιον,
603 4141 831 4211 ἀγαθόν.
874 4139 1160 4196 Ἐντεῦθεν
1183 4141 1292 4212 γὰρ
1319 4139 1352 4211 ἡ
1379 4138 1494 4210 ζωὴ
1525 4137 1635 4192 τῶν
1673 4136 1981 4210 ἀνθρώπων

398 4235 514 4309 ἔχει
537 4233 638 4310 τὴν
665 4233 949 4298 σύστασιν,
967 4231 1064 4287 καλ⁵
1092 4229 1164 4286 τὰ
1185 4230 1280 4285 τοῦ
1312 4230 1430 4302 βίου
1456 4228 1754 4284 διιθύνεται
1779 4229 1978 4294 πάντα,

397 4326 496 4380 καὶ
537 4324 648 4380 τῶν
692 4325 1038 4396 πραγμάτων
1066 4323 1124 4379 αί
1164 4322 1358 4394 φύσεις
1384 4322 1484 4392 τὴν
1515 4319 1806 4392 διαστολὴν
1843 4321 1984 4390 λαμ-

2145 2670 2308 2729 Vens.
2349 2673 2404 2728 7.
2445 2671 2517 2728 Et
2544 2673 2698 2728 dulce
2736 2673 2915 2728 lumen
2951 2687 3000 2729 et
3038 2676 3234 2729 bonum
3272 2673 3439 2728 oculis
3479 2675 3653 2728 videro

2069 2763 2234 2818 solem
2264 2779 2282 2818 :
2307 2765 2434 2834 quia
2461 2767 2560 2819 etsi
2609 2770 2764 2820 annis
2802 2765 2987 2821 multis
3023 2766 3208 2820 uixerit
3241 2765 3420 2828 honto,
3457 2765 3509 2818 in
3540 2783 3654 2818 om-

2069 2855 2224 2910 nibus
2257 2855 2338 2910 his
2367 2857 2659 2922 (relabitur,
2685 2866 2736 2912 et
2769 2857 3135 2918 recordabilur
3163 2858 3366 2912 dierum
3411 2847 3654 2912 tenebra-

2073 2965 2208 3014 rum,
2238 2949 2328 3019 qui
2355 2947 2512 3008 multi
2541 2959 2692 3006 erunt
2721 2948 2854 3022 (Η).

2148 3123 2405 3181 Protinus
2443 3126 2730 3183 sensibiles
2758 3126 3024 3197 imagines
3048 3124 3414 3196 persequitur,
3457 3132 3517 3178 ut
3549 3123 3655 3177 illis

2078 3227 2336 3288 tanquam
2363 3217 2601 3288 speculis
2624 3219 3086 3289 pulchritudinem
3121 3217 3283 3288 267
3307 3224 3658 3287 repraesentet
3701 3269 3716 3284 ,

2077 3325 2265 3366 earum
2300 3325 2481 3364 rerum
2523 3326 2644 3380 (pne
2678 3309 2962 3381 praecipuae
2987 3317 3137 3375 sunt,
3165 3319 3220 3364 et
3251 3317 3406 3364 extra
3434 3321 3655 3388 omnem

2078 3403 2537 3470 comparationem
2596 3401 2855 3472 petieres.
2911 3401 3077 3458 Dulce
3120 3401 3288 3463 enim,
3331 3399 3660 3471 inquit,'est

2081 3494 2184 3548 hoc
2211 3492 2418 3558 lumen,
2451 3502 2506 3550 et
2534 3495 2687 3550 valde
2718 3495 2921 3550 bonum
2953 3494 3070 3550 acie
3119 3493 3403 3550 oculorum
3441 3501 3657 3546 nostro-

2079 3601 2200 3640 rum
2231 3584 2402 3640 solem
2453 3585 2599 3642 hunc
2627 3587 3014 3657 aspectabilem
3063 3586 3282 3642 intueri.
3319 3584 3446 3640 Haec
3474 3595 3654 3640 autem

2080 3674 2323 3747 proferre
2347 3691 2414 3731 ac
2437 3677 2633 3733 docere
2658 3693 3124 3748 supervacaneum
3149 3687 3233 3733 est
3257 3688 3421 3748 atque
3447 3676 3656 3741 inutile,
3769 3688 3790 3715 ο

2081 3768 2187 3824 nisi
2218 3769 2400 3823 lumen
2431 3768 2578 3824 aliud
2607 3769 2954 3838 praestantius
2993 3768 3270 3838 respiciat,
3297 3777 3351 3822 et
3379 3767 3660 3828 auditores

2083 3861 2148 3917 ad
2179 3859 2478 3931 spiritalem
2496 3859 2724 3930 justitize
2749 3859 2919 3915 solem
2950 3861 3236 3914 traducere
3257 3857 3408 3914 velit.
3435 3855 3573 3913 Nam
3607 3865 3662 3912 et

2082 3951 2202 4008 sine
2233 3950 2561 4027 Ecclesiaste
2593 3962 2788 4006 omnes
2815 3949 3065 4004 homines
3099 3957 3321 4016 norunt,
3350 3946 3509 4002 dulce
3537 3961 3661 4003 esse
3773 3989 3778 3992 .

2083 4043 2187 4099 hoc
2214 4043 2418 4114 lumen,
2451 4052 2505 4099 et
2536 4043 2709 4098 solem
2744 4041 2931 4097 videre
2959 4041 3190 4096 bonum.
3217 4038 3348 4095 lude
3375 4039 3520 4095 enim
3552 4037 3660 4093 vita

2085 4135 2368 4192 hominum
2436 4133 2885 4190 constitutionem
2941 4131 3124 4198 habet,
3171 4138 3227 4186 et
3279 4131 3464 4184 omnia
3515 4127 3662 4183 illius

2084 4229 2272 4286 munia
2299 4228 2632 4299 diriguntur,
2658 4240 2954 4297 rerumque
2985 4233 3196 4280 natura;
3232 4223 3524 4280 discrimen
3571 4236 3664 4276 ca-

2083 4324 2242 4396 piunt
2269 4330 2324 4377 et
2350 4303 2595 4377 mutuam
2622 4319 3050 4376 distinctionem.
3079 4316 3224 4372 Luce
3250 4315 3394 4370 enim
3428 4312 3660 4376 sublata,

398 4417 627 4471 δάνουσι
657 4416 755 4472 καὶ⁴
785 4415 1063 4486 διάκρισιν
1087 4413 1184 4469 ἀπ’
1209 4412 1476 4484 ἀλλήλων.
1503 4413 1687 4476 Φωτδς
1724 4411 1836 4482 γάρ
1873 4411 1971 4465 ἀπ-

2086 4414 2420 4485 sine-specie
2453 4413 2690 4468 mundus
2728 4420 2897 4477 esset,
2925 4411 3146 4481 vitaque
3175 4409 3296 4464 sine
3323 4405 3457 4462 vita.
3483 4405 3665 4472 Quare

397 4509 574 4573 όντος,
618 4509 862 4580 ἄκοσμος
883 4502 954 4580 ἦν
983 4507 1013 4560 ὁ
1042 4507 1281 4578 κόσμος,
1311 4505 1406 4560 καὶ
1432 4504 1588 4568 ἀϐιος
1633 4504 1662 4557 ὁ
1707 4503 1856 4575 βίος·
1887 4504 1983 4557 καὶ

397 4599 492 4654 διὰ
535 4598 694 4653 τοῦτο
745 4599 1069 4671 προφθάσας
1120 4600 1149 4652 ό
1196 4597 1434 4667 θεόπτης
1486 4593 1732 4664 Μωῦσῆς
1787 4592 1980 4662 ἔφησεο

407 4710 429 4744 ι
463 4691 574 4746 Καὶ
600 4689 712 4744 ἴδεν
748 4692 776 4744 ό
802 4689 939 4754 Θεὸς
963 4689 1025 4744 τὸ
1047 4689 1188 4761 φῶς,
1215 4689 1310 4744 καὶ
1339 4683 1520 4754 εἶπεν,
1553 4687 1635 4740 ὅτι
1661 4682 1849 4740 καλόν.
1890 4705 1908 4738 t

477 4784 597 4838 Ἵνα
616 4782 798 4838 τοίνυν
829 4784 906 4856 μὴ
941 4783 1288 4852 παρέλκοντα
1327 4782 1424 4836 καὶ
1467 4781 1702 4852 περιττά
1746 4779 1842 4834 καὶ
1879 4778 1985 4850 μά-

403 4893 535 4932 ταια
577 4873 758 4942 λέγειν
799 4893 887 4943 τις
929 4874 1142 4948 οἰηθείη
1183 4875 1275 4929 τὸν
1313 4874 1478 4945 σοφὸν
1523 4871 1984 4944 Ἐκκλησιαστὴν,

404 4969 484 5034 ὡς
511 4969 574 5024 τὺ
602 4971 769 5024 πᾶσιν
799 4968 1194 5040 ἀριδηλότατον
1229 4969 1326 5022 καὶ
1357 4965 1759 5037 διεγνωσμένον
1789 4982 1988 5036 πειρα-

405 5061 570 5118 θὲντα
593 5061 904 5118 διδάσκεινσ
937 5065 1078 5117 νοεῖν
1103 5063 1251 5133 ἡμᾶς
1295 5061 1356 5127 ἐξ
1396 5061 1646 5131 ἀνάγκης
1686 5061 1986 5131 προσῆκεν,

2083 4507 2176 4562 ille
2229 4506 2324 4562 Dei
2379 4504 2778 4574 contemplator
2828 4503 3044 4574 Moyses
3093 4509 3426 4572 praeverteris
3470 4496 3664 4552 dixit;

2090 4619 2108 4652 ι
2151 4599 2216 4654 Et
2243 4597 2380 4653 vidit
2403 4595 2546 4652 Deus
2575 4595 2774 4662 lucem,
2815 4605 2868 4650 et
2893 4595 2992 4658 ait,
3029 4593 3159 4662 quia
3187 4591 3391 4645 bonum
3431 4587 3564 4658 (1‘2).
3604 4608 3624 4640 ι

2155 4773 2233 4830 Ne
2301 4771 2466 4844 igitur
2525 4769 2825 4841 sapientem
2881 4767 3269 4824 Ecclesiastem
3330 4783 3666 4838 supervacuo

2086 4869 2210 4938 quis
2239 4875 2292 4921 et
2325 4863 2560 4919 inaniter
2583 4862 2882 4931 leviterque
2911 4861 3154 4916 locutum
3183 4859 3498 4926 arbitretur,
3540 4875 3664 4929 pcr-

2089 4960 2212 5016 inde
2243 4957 2422 5029 quasi,
2461 4956 2605 5026 quod
2653 4955 2912 5010 omnibus
2958 4951 3468 5008 manifestissimum
3503 4963 3668 5021 atque

2089 5052 2367 5124 cognitum
2401 5057 2506 5114 est,
2537 5048 2734 5102 docere
2767 5045 3138 5114 contenderit;
3175 5045 3416 5116 cOgitare
3443 5059 3544 5099 nos
3572 5059 3668 5097 ne.

405 5156 486 5222 ὥς
513 5156 604 5212 διὰ
625 5157 728 5228 τῆς
755 5154 1056 5228 ὀνομασίας
1086 5153 1183 5208 τοῦ
1229 5151 1492 5222 αἰσθητοῦ
1525 5153 1702 5222 φωτὸς
1749 5153 1810 5207 τὸ
1846 5151 1971 5224 μέγι

2090 5144 2330 5202 cessario
2360 5141 2638 5207 convenit,
2687 5140 2841 5194 illum
2882 5139 3274 5208 prophetarum
3325 5145 3666 5197 rttorc;“rum

406 5249 506 5305 καὶ
533 5247 790 5318 ἀληθινὸν
839 5248 936 5302 καὶ
979 5245 1155 5303 ἀΐδιον
1207 5243 1348 5314 φῶς,
1395 5261 1415 5294 ι
1453 5244 1521 5296 "O
1545 5241 1770 5312 φωτίζει
1810 5243 1988 5296 πάντα

406 5339 698 5410 ἄνθρωπον
721 5339 802 5404 εἰς
825 5337 918 5392 τὸν
939 5337 1148 5409 κόσμον
1177 5335 1496 5408 ἐρχόμενον,
1525 5353 1543 5387 t
1582 5334 1827 5404 δηλονότι
1853 5335 1987 5404 Χρι-

407 5431 536 5487 στὸν
566 5431 660 5486 τδν
688 5431 919 5503 Σωτῆρα
947 5427 1041 5484 τοῦ
1071 5429 1280 5500 κόσμου
1310 5427 1405 5482 καὶ
1429 5423 1750 5498 Λυτρωτὴν,
1769 5443 1915 5497 προσ
1927 5445 1984 5498 η·-

2095 5234 2352 5291 sensibile
2403 5234 2589 5287 lumen
2641 5231 2979 5296 nominavit,
3032 5229 3104 5284 ob
3160 5230 3348 5284 oculos
3411 5225 3672 5280 habuisse

2097 5317 2353 5402 magnum
2381 5337 2436 5384 et
2459 5343 2646 5384 verum
2676 5337 3049 5396 aeternumque
3073 5326 3282 5389 lumen,
3307 5323 3450 5394 quod
3487 5340 3507 5372 ι
3542 5323 3668 5375 illu-

2095 5427 2267 5482 minat
2293 5437 2509 5479 omnem
2554 5421 2829 5476 hominem
2881 5421 3186 5476 venientem
3239 5417 3292 5470 in
3333 5415 3473 5470 hunc
3509 5430 3669 5470 num-

480 5608 594 5681 (ίέ)
624 5605 841 5681 (ὶιςιιψ-
887 5609 1394 5681 κεὶ,μτίησθήπετπι
1429 5609 1498 5661 τὰ
1545 5607 1684 5681 tm
1728 5605 1822 5657 τοῦ
1878 5605 2192 5662 eximus...

484 5675 597 5753 (η)
639 5675 916 5751 Sétl‘apud
947 5678 1088 5734 LXX
1117 5675 1454 5735 desideratur
1483 5675 1774 5732 καὶεῖπεν.
