3860 6196
253 247 386 316 liii

1343 261 1428 325 IN
1460 263 2044 332 ECCLESIASTEN.
2072 298 2142 307 -
2177 273 2324 334 LIB.
2360 275 2435 334 Χ.

3376 271 3512 336 1112

244 381 342 457 του
363 405 378 430 ,
419 363 562 457 ἴδετε
593 363 712 434 φῶς
754 366 898 437 μέγα
921 349 948 434 ί
965 369 1061 424 καὶ
1087 369 1200 441 φῶς
1231 370 1439 446 λάμψει
1466 376 1553 446 ἐφ’
1588 377 1755 449 ὑμᾶς.
1805 397 1824 432 ι

1956 394 2145 452 serunt,
2205 388 2554 443 tenebrarum
2602 385 2722 442 dies
2779 386 3079 444 nominavit
3119 403 3132 440 :
3170 400 3332 457 quos,
3379 387 3514 442 inito

243 455 360 521 Τὰς
391 455 649 523 τοιαύτας
690 459 870 514 τοίνυν
915 461 1129 536 ἡμέρας
1157 464 1258 530 τὰς
1283 467 1390 539 πρὸ
1418 469 1519 540 τῆς
1561 470 1832 542 ἀνατολῆς

242 546 340 602 τοῦ
360 548 459 620 τῆς
477 547 830 628 δικαιοσύνης
844 550 1050 631 Ἡλίου,
1067 553 1297 619 σκότους
1313 555 1530 630 ἡμέρας
1551 557 1830 631 ὠνόμασε.

243 639 449 695 nam
490 641 600 712 γὰρ
643 641 1043 716 ἀριθμούμεναι
1069 644 1356 720 προδήλως
1405 649 1820 722 εὑρεθήσονται·

244 732 374 786 καθ’
424 730 491 798 ἃς
533 733 591 788 ἑν
619 732 697 806 τῷ
729 733 914 788 σκότει
959 735 1060 806 τῆς
1111 736 1559 812 είδωλολατρείας
1603 743 1696 797 καὶ
1735 743 1834 810 τῆς

245 822 442 890 ἁθεῖας
480 825 693 897 ὑπῆρχε
727 825 838 880 τῶν
886 825 1196 904 ἀνθρώπων
1225 829 1287 884 τὸ
1314 832 1474 900 γένος
1497 871 1514 898 ,
1567 826 1644 888 ὧν
1695 833 1836 904 μετά

243 915 348 986 τὴν
422 917 758 989 προώλεψιν
819 903 916 972 τοῦ
993 919 1256 992 ἀληθινοῦ
1325 921 1421 976 καὶ
1492 903 1834 992 γλυκυτάτου

245 1009 431 1078 φωτὸς
467 1010 838 1081 μνησθήσεται
868 1011 1090 1076 πάντως
1129 1014 1158 1067 6
1200 1014 1523 1088 ἄνθρωπος,
1564 1016 1660 1070 καί
1699 1034 1833 1088 φησι

248 1102 644 1171 προσηκόντως
679 1141 696 1169 ,
761 1104 887 1168 Πῶς
955 1107 1013 1159 ἐν
1084 1107 1267 1160 σκότει
1323 1110 1662 1182 πορευομένη
1725 1112 1834 1166 τῶν
1887 1117 1894 1124 ’

246 1191 558 1262 ἀνθρώπων
603 1195 637 1264 ἡ
688 1194 888 1264 φύσις,
936 1199 1058 1259 ταῖς
1104 1199 1400 1272 προτέραις
1445 1203 1685 1274 ἡμέραις
1733 1204 1836 1258 ούκ

250 1279 530 1350 ἐγίνωσκε
583 1283 680 1336 τδν
730 1285 865 1340 [διον
902 1286 1152 1358 Ποιητὴν
1179 1289 1273 1343 καὶ
1305 1291 1583 1362 Δεσπότην
1609 1294 1705 1346 καὶ
1728 1296 1835 1362 Δη-

191 1395 196 1400 -
256 1369 524 1440 μιουργδν
552 1371 646 1425 τοῦ
679 1373 878 1443 φωτὸς,
920 1375 1038 1428 ἀλλ’
1074 1375 1335 1449 ὲλάτρευε
1378 1382 1444 1450 τῇ
1475 1381 1652 1436 κτίσει
1681 1383 1837 1454 παρά

250 1459 349 1512 τὸν
380 1461 682 1526 Κτίσαντα,
717 1465 814 1518 καὶ
840 1467 907 1535 τῇ
929 1465 1244 1537 αὐθαιρέτῳ
1267 1469 1364 1538 τῆς
1381 1469 1625 1535 διανοίας
1643 1473 1838 1542 τυφλό-

250 1569 380 1622 τητι
407 1554 794 1622 διαγινώσκειν
826 1559 921 1612 καὶ
945 1564 1273 1632 προσκυνεῖν
1312 1562 1602 1632 ἀναλόγως
1643 1566 1710 1618 ὲκ
1741 1564 1835 1618 τοῦ

256 1645 528 1713 μεγέθους
551 1648 764 1720 καὶτῆς
780 1651 1052 1723 καλλονῆς
1077 1652 1189 1708 τῶν
1222 1653 1540 1725 κτισμάτων
1566 1657 1675 1710 τῶν
1697 1655 1836 1710 πάν-

251 1751 368 1792 των
400 1738 818 1814 ’Δριστοτέχνην
835 1744 931 1798 καὶ
944 1745 1188 1815 κτίστην
1204 1747 1305 1800 οὐκ
1328 1747 1609 1820 ἠϐουλήθη
1622 1749 1686 1802 τὸ
1708 1749 1833 1804 σύν-

247 1827 380 1884 ολον
404 1847 420 1897 ;
445 1829 508 1884 τὸ
537 1831 670 1886 αὐτὸ
695 1834 751 1888 δὲ
784 1834 942 1888 τοῦτο
976 1835 1072 1888 καὶ
1108 1831 1276 1890 Δαδὶδ
1317 1839 1345 1890 6
1397 1837 1685 1909 προφήτης
1737 1856 1836 1910 ση-

1934 493 2186 548 numero,
2216 479 2403 550 plures
2445 477 2636 544 fuisse,
2680 485 2864 550 aperte
2892 479 3191 546 constabit;
3235 494 3346 550 quo
3377 487 3507 532 tem-

1934 583 2068 640 pore
2091 569 2376 625 hominum
2403 583 2580 640 genus
2627 567 2682 624 in
2719 567 3040 624 idololatriae
3065 568 3298 639 caligine
3331 577 3384 623 et
3415 568 3509 622 Dei

1935 659 2281 732 ignoratione
2335 661 2657 718 versabatur
2707 676 2722 714 :
2775 658 3011 734 quorum
3059 661 3269 718 dierum
3324 660 3510 723 homo,

1933 758 2224 820 postquam
2257 765 2450 806 verum
2507 766 2572 806 ac
2615 751 3010 808 suavissimum
3049 751 3231 809 lumen
3273 750 3510 820 aspexit,

1936 839 2164 896 omnino
2204 840 2606 907 recordabitur,
2648 851 2712 897 ut
2753 841 2949 897 merito
2981 840 3127 896 dicat
3160 858 3174 896 :
3223 838 3512 907 Quomodo

1934 929 2238 986 humanum
2265 947 2437 1002 genus
2459 931 2514 987 in
2540 931 2780 988 tenebris
2799 930 3109 992 ambulans,
3135 929 3512 999 superioribus

1937 1021 2132 1078 diebus
2160 1033 2440 1080 auctorem
2465 1040 2530 1080 ae
2557 1024 2847 1079 Dominum
2879 1037 3040 1078 suum
3073 1029 3125 1076 et
3146 1020 3287 1076 lucis
3312 1021 3516 1076 Condi-

1936 1121 2112 1169 torem
2135 1129 2246 1170 non
2270 1115 2632 1186 agnoscebat?
2657 1113 2748 1169 sed
2767 1127 2866 1183 pro
2891 1111 3188 1166 Conditore
3214 1110 3379 1182 269
3401 1126 3512 1165 rem

1939 1203 2216 1260 conditam
2241 1205 2626 1269 venerabatur,
2647 1214 2701 1258 et
2731 1203 3036 1258 voluntaria
3055 1202 3253 1256 mentis
3275 1201 3516 1256 caecitate

1940 1307 2007 1348 ex
2041 1307 2224 1348 rerum
2273 1293 2648 1366 magnitudine
2673 1302 2836 1363 atque
2886 1292 3088 1362 specie,
3139 1300 3200 1346 ut
3231 1306 3330 1362 par
3373 1302 3516 1355 erat,

1942 1385 2208 1455 optimum
2244 1385 2488 1440 omnium
2519 1383 2797 1439 Artiﬁrem
2829 1393 2883 1440 et
2917 1371 3273 1438 Conditorem
3314 1397 3519 1452 cogno-

1941 1488 2094 1530 scere
2117 1482 2282 1545 atque
2307 1474 2538 1530 adorare
2559 1473 2784 1529 omnino
2809 1471 3026 1528 noluit?
3046 1471 3102 1527 ld
3135 1479 3315 1528 autem
3340 1473 3514 1542 ipsum

1941 1575 1997 1619 et
2030 1564 2197 1620 David
2236 1565 2502 1635 propheta
2533 1563 2850 1635 signiﬁcans
2889 1563 3006 1618 ait:
3042 1580 3062 1615 ι
3095 1560 3215 1618 Non
3251 1577 3520 1632 cognove-

1943 1665 2072 1712 runt
2100 1671 2277 1726 neque
2325 1656 2709 1712 intellexerunt
2743 1657 2839 1723 ⁸⁵,ι
2859 1655 2953 1710 sed
3009 1655 3062 1709 in
3114 1656 3355 1712 tenebris
3395 1671 3521 1726 per-

1941 1756 2201 1803 rexerunt
2225 1747 2425 1804 diaboli
2459 1747 2649 1806 fraude
2677 1741 2910 1818 decepti.
2964 1749 3130 1806 Addit
3175 1749 3372 1807 deinde
3421 1751 3522 1804 Ec~

1942 1839 2224 1896 clesiastes
2256 1857 2271 1894 :

255 1923 473 1992 μαίνων
505 1927 691 1995 φησιν,
736 1944 756 1978 ι
796 1929 912 1982 Οὐκ
943 1929 1323 1998 έγνωσανούδὲ
1350 1929 1588 2000 συνῆκαν
1619 1945 1634 1961 ·
1669 1948 1692 1983 ι
1727 1930 1845 1986 ἀλλ’
1883 1933 1944 1987 ιν
1985 1932 2168 1987 σκότει
2197 1931 2641 2004 τῆςδιασολικῆς
2661 1936 3042 2009 ἐπορεύθησαν
3059 1936 3358 2006 ἐξαπάτης.
3387 1933 3523 1990 Εἶτα

253 2031 426 2084 φησιν
453 2016 482 2069 6
521 2017 955 2090 Ἐκκλησιαστής
978 2037 994 2053 ο

1836 2115 1868 2188 ς
1896 2115 1988 2170 tu.

328 2201 462 2259 Πᾶν
482 2203 546 2256 τὸ
567 2188 899 2274 ἐρᾏίόμενον
929 2210 1277 2277 ματαιότης.

2017 2209 2180 2267 Vatis.
2205 2211 2260 2267 8.
2301 2209 2468 2267 Omne
2495 2213 2700 2266 veniens
2725 2219 2801 2265 est
2825 2211 3032 2264 vanitas
3059 2209 3195 2279 (15).

337 2311 360 2345 ι
396 2294 512 2348 Πᾶν
552 2295 616 2348 τὺ
673 2296 969 2368 ἐρχόμενον
993 2314 1008 2328 ·
1048 2319 1066 2350 ι
1107 2301 1295 2365 ποῖον;
1328 2299 1450 2354 οὐδὲ
1499 2299 1609 2373 γὰρ
1635 2302 1850 2374 ἀπροσ-

2023 2321 2041 2356 ι
2071 2302 2246 2359 Omne
2287 2303 2542 2370 veniens;
2585 2321 2604 2356 ι
2639 2302 2888 2373 ecquod?
2923 2299 3110 2370 Neque
3141 2301 3286 2355 enim
3336 2298 3528 2355 indeii-

258 2383 552 2454 ὀιορίστως
578 2385 702 2440 οὐδὲ
729 2387 966 2458 πάμπαν
1017 2389 1348 2456 ἀδιαστόλως
1391 2391 1713 2464 ἐκδέχεσθαι
1741 2393 1850 2464 χρὴ

1956 2394 2062 2449 nite
2089 2395 2317 2450 omnino
2346 2403 2510 2466 atque
2541 2393 2856 2449 indistincte
2885 2391 3264 2462 accipiendum
3311 2398 3395 2446 est
3427 2390 3528 2444 bu-

259 2473 327 2528 τδ
353 2475 701 2546 λελεγμένον.
733 2474 810 2532 Ἦ
839 2480 948 2552 γὰρ
977 2480 1043 2535 ἂν
1068 2482 1356 2554 εὑρίσκετο
1407 2484 1609 2552 μᾶλλον
1635 2487 1663 2540 6
1692 2484 1850 2539 τοῦτο

1956 2484 2190 2556 iusmodi
2238 2485 2468 2542 dictum.
2513 2483 2618 2552 Qui
2664 2485 2808 2541 enim
2867 2483 2973 2540 hoc
3032 2481 3344 2550 afﬁrmaret,
3396 2497 3532 2538 sane

261 2567 456 2637 φήσας
483 2569 866 2640 ματαιολόγος,
903 2572 978 2636 ὡς
1010 2574 1080 2628 τά
1110 2575 1556 2630 συνεκτικώτατα
1591 2579 1688 2633 καὶ
1715 2577 1852 2649 κρά-

1956 2575 2245 2644 plurimum
2269 2575 2525 2646 desipere
2555 2575 2846 2641 videretur,
2875 2574 3076 2652 quippe
3105 2574 3201 2646 qui
3233 2574 3528 2629 vanitatem

261 2673 431 2711 τιστα
477 2658 587 2714 τῶν
638 2660 865 2729 ἀγαθῶν
913 2665 1254 2736 ματαιότητα
1300 2667 1608 2738 κεκληκώς.
1650 2667 1709 2722 '0
1743 2669 1852 2740 γὰρ

1956 2664 2279 2734 appellasset
2311 2665 2917 2743 amplissimaquaeque
2967 2663 3238 2718 bonorum
3284 2677 3350 2718 ac
3397 2677 3532 2731 prm-

263 2752 369 2822 τῆς
395 2750 558 2823 δόξης
587 2754 802 2821 Ἤλιος,
831 2756 951 2828 ήτοι
977 2758 1039 2810 τὸ
1062 2759 1207 2828 μέγα
1263 2758 1359 2812 κα)⁸
1407 2758 1664 2829 ἀληθινὸν
1711 2760 1850 2830 φῶς,

1956 2755 2312 2810 smntissima.
2348 2754 2441 2810 Sol
2464 2755 2610 2810 enim
2650 2755 2856 2825 gloriae,
2888 2753 3005 2810 sive
3031 2768 3289 2824 magnum
3317 2769 3534 2808 verum-

268 2844 404 2916 περὶ
437 2839 501 2900 οὗ
531 2849 816 2921 προσεχῶς
863 2845 1006 2911 εἷπε,
1042 2868 1059 2902 ι
1097 2850 1277 2904 Γλυκὺ
1327 2851 1389 2904 τὸ
1423 2852 1561 2922 φῶς,
1597 2855 1691 2906 καὶ
1714 2855 1854 2921 ἀγα-

267 2935 368 2989 θὸν
391 2939 501 3001 τοῖς
523 2937 830 3010 ὀφθαλμοῖς
859 2941 922 2994 τὸ
963 2940 1182 3011 βλέπειν
1227 2941 1318 2994 τὸν
1343 2941 1516 3012 ἥλιον,
1556 2961 1575 2994 ι
1611 2943 1704 2996 ἐπὶ
1733 2959 1855 2996 συν-

1957 2941 2158 2994 bonum
2187 2939 2364 2995 oculis
2393 2938 2577 2995 videre
2607 2939 2798 3004 solem,
2846 2956 2865 2990 ι
2907 2938 2999 3008 qui
3031 2938 3136 2994 sub
3166 2937 3326 2993 tinem
3361 2953 3534 2992 saccu-

267 3028 458 3100 τελείᾳ
485 3029 596 3082 τῶν
649 3031 867 3085 αίὼνων
909 3031 1202 3098 ἀνατείλας
1261 3033 1735 3104 σεσωματωμένος
1765 3036 1855 3088 ἐπὶ

1957 3032 2133 3085 lorum
2179 3043 2412 3100 corpore
2457 3030 2692 3086 amictus
2740 3045 2904 3100 super
2936 3039 3137 3086 terram
3176 3037 3402 3084 exortus
3431 3039 3532 3092 est,

1953 2860 2060 2918 que
2087 2847 2296 2911 lumen,
2318 2845 2390 2902 de
2415 2860 2524 2916 quo
2556 2845 2718 2902 modo
2748 2844 2887 2900 dixit
2918 2862 2932 2899 :
2975 2863 2994 2898 ι
3038 2843 3206 2900 Dulce
3243 2845 3445 2907 lumen,
3481 2854 3532 2898 et
3625 2883 3630 2889 .

266 3121 375 3189 τῆς
411 3119 538 3189 γῆς,
570 3121 671 3192 οὐχ
702 3121 789 3176 ἵνα
823 3123 984 3195 κρίνῃ
1013 3124 1103 3176 τὸν
1141 3124 1366 3195 κόσμον,
1399 3124 1514 3178 ἀλλ’
1559 3125 1646 3178 ἴνα
1686 3125 1858 3200 σώσῃ.

270 3210 442 3265 πάλιν
477 3211 756 3268 ἐλεύσεται
783 3215 918 3286 πρὸς
950 3216 1012 3268 τὸ
1035 3217 1240 3288 κρῖναι⁴
1267 3217 1375 3270 Καὶ
1415 3216 1526 3288 γὰρ
1566 3216 1777 3287 ἔφασαν
1807 3220 1857 3272 oi

263 3303 519 3373 οὐράνιοι
549 3304 773 3374 ἄγγελοι
827 3306 966 3376 πρὸς
988 3306 1116 3370 τοὺς
1141 3307 1392 3379 μαθητὰς
1423 3307 1590 3362 αὑτοῦ
1611 3309 1706 3362 καὶ
1722 3309 1857 3362 ἀπο-

273 3393 527 3461 στόλους,
567 3415 586 3448 ι
625 3395 854 3468 ’Ἄνδρες
908 3396 1206 3462 Γαλιλαῖοι,
1229 3397 1283 3452 τί
1331 3399 1598 3470 ἑστήκατε
1656 3399 1858 3470 ἐμϐλέ-

271 3503 475 3552 ποντες
531 3489 612 3551 είς
644 3489 738 3542 τὸν
799 3489 1031 3559 οὐρανόν
1057 3507 1074 3556 ;
1101 3483 1269 3554 Οὗτος
1297 3491 1328 3544 6
1367 3490 1575 3560 Ἰησοῦς
1601 3491 1629 3544 6
1656 3489 1860 3562 ἀναλη-

274 3579 440 3649 φθεὶς
501 3582 594 3650 ἀφ’
620 3579 774 3652 ὑμῶν
840 3584 922 3646 είς
940 3581 1030 3636 τὸν
1063 3581 1312 3654 οὐρανὸν,
1347 3581 1522 3646 οὕτως
1557 3582 1857 3645 ἐλεύσεαι,

269 3673 336 3728 ὃν
362 3673 566 3744 τρόπον
595 3675 894 3730 ἐθεάσασθε
929 3675 1094 3729 αὐτὸν
1122 3675 1508 3747 πορευόμενον
1557 3679 1638 3740 εἰς
1658 3677 1750 3730 τὸν
1771 3677 1862 3730 ούο

277 3765 466 3839 ρανόν.
521 3784 540 3819 ι
582 3765 744 3819 Ἀλλὰ
767 3769 865 3820 καὶ
894 3767 955 3820 τὸ
991 3766 1092 3836 τῆς
1123 3767 1397 3837 σωτηρίας
1431 3765 1590 3837 ήμῶν
1616 3767 1861 3835 Εὐαγγέ-

273 3856 396 3910 λιον
420 3854 566 3910 οὕτω
601 3857 766 3928 φησίν
789 3875 802 3888 ·
842 3875 861 3910 ι
900 3858 1073 3912 Ὅταν
1123 3856 1253 3927 ἔλθῃ
1287 3859 1314 3910 6
1347 3857 1470 3920 Υἱὸς
1525 3857 1621 3910 τοῦ
1653 3857 1865 3929 ἀνθρώ-

281 3965 389 4003 που
420 3950 479 4002 ὲν
509 3952 575 4020 τῇ
625 3949 750 4020 δόξῃ
799 3949 990 4015 αύτδῦ,
1034 3949 1128 4003 καὶ
1181 3950 1380 4014 πάντες
1416 3950 1465 4002 οἱ
1501 3948 1648 4018 ἅγιοι
1699 3951 1865 4018 ἄγγε-

279 4037 369 4092 λοι
401 4037 518 4110 μετ’
558 4039 745 4093 αὐτοῦ.
795 4057 814 4089 ι
863 4039 952 4102 Ὧς
997 4038 1250 4092 ἐντεῦθεν
1299 4039 1612 4104 ἀκολούθως
1646 4039 1864 4104 ἐλπίζε-

282 4129 412 4185 σθαι
442 4131 537 4184 καὶ
565 4131 664 4204 τὴν
689 4131 800 4184 τῶν
827 4131 1074 4202 οὐρανῶν
1109 4130 1387 4200 βασιλείαν
1406 4173 1420 4196 ,
1458 4135 1552 4186 καὶ
1601 4133 1717 4204 τῶν
1751 4137 1864 4198 τοῖς

283 4218 468 4288 ἁγίοις
504 4202 930 4292 ἐπηγγελμένων
973 4221 1302 4292 ἀπορρήτων
1345 4221 1567 4289 ἀγαθῶν
1601 4202 1864 4293 τὴνδ’κλη-

283 4309 550 4380 ρονομίαν
585 4310 770 4380 σαφῶς
823 4310 918 4363 καὶ
975 4311 1322 4380 ἀντάμειψιν.
1357 4307 1482 4382 Ἀρ*
1529 4312 1626 4366 οτν
1687 4313 1864 4366 ἐλθεῖν

283 4397 647 4468 ἐλπιζόμενον
711 4400 916 4452 τούτων
980 4399 1248 4464 ἕκαστον,
1307 4403 1607 4472 ματαιότης
1675 4404 1820 4456 ἐστίν
1848 4417 1878 4468 ;‘

1953 3138 2066 3178 non
2095 3131 2154 3178 ut
2187 3123 2452 3178 mundum
2474 3123 2766 3194 judicaret,
2800 3121 2894 3179 sed
2927 3131 2987 3178 ut
3015 3131 3280 3188 servaret,
3314 3137 3532 3177 rursum

1961 3217 2160 3281 veniet,
2190 3225 2250 3272 ut
2267 3217 2497 3287 iudicet.
2528 3214 2662 3272 Nam
2691 3225 2744 3272 et
2772 3215 3023 3272 caelestes
3049 3215 3226 3286 angeli
3253 3214 3537 3284 discipulis

1959 3309 2078 3380 ejus
2105 3318 2159 3364 et
2184 3309 2446 3380 apostolis
2471 3308 2698 3364 dixere:
2735 3325 2755 3360 ι
2793 3305 2908 3362 Viri
2939 3307 3169 3373 Galila'i,
3211 3307 3339 3378 quid
3380 3307 3538 3362 statis

1957 3399 2283 3470 aspicientes
2317 3399 2369 3453 in
2437 3399 2673 3454 coelum?
2706 3398 2795 3454 hic
2841 3399 3035 3463 Jesus,
3078 3399 3171 3470 qui
3221 3405 3538 3468 assumptus

1957 3498 2042 3547 est
2078 3506 2110 3546 ιι
2146 3477 2302 3546 vobis
2348 3492 2402 3546 in
2439 3491 2662 3558 malum,
2703 3491 2784 3547 sic
2817 3492 3019 3553 veniet,
3073 3489 3537 3562 quemadmodum

1959 3583 2176 3639 vidistis
2207 3599 2331 3638 eum
2356 3593 2576 3640 euntem
2603 3584 2657 3639 in
2697 3585 2898 3640 caelum
2920 3585 2980 3642 ⁸⁸.
3009 3595 3030 3631 ι
3050 3579 3258 3648 Quinet
3293 3583 3541 3652 Evange-

1961 3675 2094 3729 lium
2122 3675 2317 3731 salutis
2345 3685 2547 3730 nostra:
2573 3676 2653 3731 sic
2681 3679 2758 3732 ait
2784 3697 2798 3733 :
2826 3698 2845 3730 ι
2877 3677 3105 3746 Quando
3131 3675 3340 3731 venerit
3374 3673 3541 3730 Filius

1962 3765 2200 3821 hominis
2229 3766 2282 3820 in
2315 3767 2486 3837 gloria
2517 3783 2637 3832 sua,
2671 3776 2724 3822 et
2758 3783 2951 3824 omnes
2989 3768 3163 3824 sancti
3205 3766 3383 3836 angeli
3414 3779 3538 3820 cum

1961 3872 2028 3912 eo
2055 3857 2345 3928 (l6)";tut
2373 3858 2496 3913 inde
2519 3869 2799 3930 propterea
2833 3867 2888 3913 et
2928 3872 3156 3928 regnum
3191 3857 3459 3912 caelorum
3489 3868 3544 3912 et

1965 3948 2318 4004 ineﬂ'abilium
2361 3949 2650 4014 bonorum,
2679 3965 2801 4020 quae
2849 3948 3056 4004 sanctis
3090 3947 3360 4018 promissa
3395 3959 3541 4013 sunt,

1965 4039 2334 4096 baereditatem
2363 4049 2528 4112 atque
2558 4041 2862 4096 mercedem
2892 4038 3182 4094 manifesto
3208 4053 3429 4109 sperare
3451 4037 3544 4092 de-

1973 4133 2221 4188 beamus.
2251 4130 2392 4187 Num
2421 4132 2585 4201 igitur
2614 4131 2827 4203 singula
2851 4133 2986 4195 inec,
3014 4146 3135 4201 qua:
3165 4138 3394 4186 ventura
3425 4145 3520 4199 Spe

1973 4232 2183 4287 rantur,
2217 4223 2429 4278 vanitas
2465 4223 2632 4279 sunt?
2665 4223 2809 4279 absit
2853 4237 2939 4278 res
2967 4231 3074 4276 tam
3115 4219 3372 4276 absurda.
3410 4219 3548 4273 Deli-

1973 4313 2084 4368 nite
2134 4313 2318 4383 igitur,
2358 4328 2422 4368 ac
2473 4327 2580 4367 non
2619 4312 2738 4368 sine
2778 4311 2931 4381 justo
2971 4311 3288 4367 discrimine
3339 4308 3544 4366 dictum

1974 4404 2118 4459 istud
2149 4420 2179 4458 a
2211 4404 2366 4458 nobis
2396 4405 2567 4475 accipi
2599 4403 2752 4460 decet
2774 4404 2910 4474 (l7).

287 4490 513 4559 ⁴’Δπαγε
542 4491 642 4560 τῆς
663 4491 928 4554 ἀτοπίαςί
959 4491 1173 4544 Οὐκοῦν
1213 4491 1734 4564 προσδιωρισμένως
1779 4495 1874 4548 καὶ
1917 4495 2058 4565 με.τά
2121 4497 2221 4567 τῆς
2285 4495 2604 4568 πρεπούσης
2621 4495 2910 4566 διαστολῆς
2931 4493 3254 4565 ἐκδέχεσθαι
3286 4492 3530 4563 προσῆκε

282 4583 439 4655 ἡμᾶς
468 4582 528 4636 τὸ
556 4583 676 4655 είρη
687 4583 870 4652 μένον.

357 4674 474 4729 Καὶ
500 4673 611 4745 γὰρ
659 4674 851 4746 ἐπειδὴ
901 4674 1097 4744 γλυκὺ
1128 4675 1195 4728 τὸ
1231 4673 1356 4744 φῶς
1382 4675 1610 4729 ἐκάλεσε
1635 4676 1732 4729 καὶ
1761 4677 1855 4730 τὸι¹

2045 4677 2210 4748 27o
2233 4675 2296 4730 Et
2337 4691 2489 4743 sane,
2515 4685 2802 4747 postquam
2841 4677 2994 4732 dulce
3025 4678 3237 4732 vocavit
3263 4676 3460 4742 Ιιιηιεη,
3495 4687 3551 4734 et

287 4764 475 4834 ἥλιον
500 4767 565 4820 τὸ
593 4765 856 4831 βλέπειν
875 4767 1002 4834 τοῖς
1035 4766 1372 4838 ὀφθαλμοῖς
1403 4766 1650 4841 ἀγαθὸν,
1683 4769 1782 4840 τῆς
1808 4769 1869 4835 ἐξ

281 4855 462 4928 ὕψους
483 4857 844 4930 ἐπιφανείσης
877 4858 1148 4926 ἀνατολῆς
1172 4859 1412 4930 Χριστοῦ
1437 4857 1534 4912 τοῦ
1557 4859 1694 4914 Θεοῦ
1712 4861 1869 4932 ἡμῶν

283 4949 390 5020 τὴν
419 4948 839 5021 ὲνανθρώπησιν
867 4952 964 5004 κα).
1001 4951 1306 5022 παρουσίαν
1330 4951 1830 5022 προκαταγγέλλων
1850 4993 1865 5016 ,

281 5039 611 5106 ἀκολούθως
657 5043 996 5114 προφητεύει
1021 5043 1114 5096 καὶ
1142 5043 1242 5112 τὴν
1263 5042 1384 5096 κατ’
1405 5042 1571 5096 αὑτοῦ
1594 5043 1704 5096 τῶν
1737 5044 1869 5096 ἀτα-

1977 4769 2171 4822 bonum
2201 4768 2339 4824 dixit
2379 4768 2541 4823 solem
2575 4769 2741 4824 oculis
2772 4771 2990 4833 intueri,
3044 4769 3550 4828 inltumanalioncm

1976 4873 2030 4915 et
2062 4860 2356 4916 adventum
2386 4860 2758 4931 pmnuntians
2789 4875 2854 4914 ex
2898 4861 3010 4914 alto
3049 4860 3364 4930 apparentis
3397 4870 3552 4915 ortus

1975 4951 2178 5008 Christi
2219 4949 2312 5008 Dei
2345 4953 2557 5018 nostri,
2602 4967 2944 5022 consequens
2985 4962 3089 5016 est,
3129 4961 3191 5008 ιιι
3227 4955 3554 5010 vaticinrtur

1977 5053 2029 5099 et
2077 5043 2432 5106 scelestarum
2467 5043 2777 5100 Jttdtcorum
2817 5047 3080 5102 adversus
3109 5061 3233 5104 eum
3282 5046 3548 5102 temulen-

358 5198 410 5231 "
439 5195 587 5255 Psal.
616 5214 776 5254 Lxxxt
809 5239 822 5261 ,
849 5198 902 5253 5.
954 5199 1025 5252 .’°
1053 5197 1173 5254 Act.
1205 5213 1243 5265 ι,
1281 5197 1363 5253 Il.
1443 5199 1489 5230 ³⁷
1515 5189 1677 5249 “are.
1709 5206 1826 5260 \‘HI.
1857 5199 1948 5254 38.

365 5309 484 5382 (l5)
516 5309 729 5382 Olymp.
767 5311 866 5382 xui.
887 5311 994 5364 πᾶν
1022 5311 1176 5382 16....

363 5380 482 5454 (16)
515 5380 646 5454 [δίο.
681 5380 785 5454 ιτ,
806 5381 897 5454 96.
936 5383 1004 5435 At
1046 5383 1131 5454 in_
1157 5380 1404 5454 Xulgatis
1425 5451 1441 5454 _
1463 5380 1870 5454 exemplaribus

278 5451 484 5522 leges:
521 5452 688 5523 Ὅταν
748 5452 876 5523 ἔλθῃ
928 5453 987 5504 ἐν
1016 5454 1082 5523 τῇ
1109 5451 1250 5523 δόξῃ
1286 5451 1449 5506 αὐτοῦ
1501 5453 1598 5504 καὶ
1628 5451 1720 5503 τοῦ
1757 5451 1870 5503 ηα-

287 5521 683 5596 -τῷςῌκξιιξι-τῶν⁸
711 5521 882 5596 ἁγίων
914 5523 1018 5596 an
1029 5521 1184 5572 ἔλων.

368 5593 482 5665 (17)
519 5589 642 5665 ﬂare
673 5593 724 5646 in
780 5591 1034 5665 vulgatis
1074 5590 1362 5665 superiori
1399 5593 1685 5665 sententia:
1743 5609 1866 5644 ron-

295 5659 486 5734 iunrtn
518 5663 750 5730 legimus
780 5681 792 5715 :
828 5661 883 5716 Si
907 5662 1062 5718 annis
1097 5659 1275 5716 multis
1318 5662 1501 5717 vixerit
1529 5663 1702 5727 homo,
1735 5673 1782 5716 et
1813 5667 1865 5717 in

1977 5312 2056 5364 his
2104 5312 2345 5364 omnibus
2386 5315 2598 5364 Ia'tntns
2659 5311 2845 5380 fuerit,
2897 5305 3553 5380 meminisse‘debetmw-

1979 5383 2119 5433 brusi
2151 5383 2396 5438 temporis
2428 5392 2474 5434 et
2505 5376 2708 5434 dierum
2737 5379 3024 5432 multarunt
3062 5394 3080 5431 :
3132 5376 3223 5446 qui
3249 5391 3368 5446 cum
3399 5392 3549 5430 vene-

1983 5454 2111 5515 rint,
2143 5452 2390 5504 vanitatis
2443 5461 2732 5521 urguentur
2776 5449 3090 5521 prmeritu._
3123 5447 3254 5512 Qum
3308 5445 3410 5521 hoc
3457 5462 3555 5500 nos

1979 5523 2176 5574 docere
2213 5523 2485 5583 videntur,
2507 5515 2705 5574 ittilcm
2739 5515 2856 5572 esse
2887 5516 3092 5570 homini
3119 5515 3436 5571 memoriam
3461 5531 3554 5570 su-

1979 5592 2148 5659 premi
2175 5592 2305 5652 diei,
2338 5592 2538 5660 quippe
2565 5592 2693 5658 quia
2719 5591 2820 5643 sub
2846 5597 3076 5642 mortem
3103 5586 3340 5656 denique
3368 5601 3552 5646 rerum

1979 5663 2187 5717 inuitas
2219 5679 2338 5716 sese
2383 5661 2716 5718 manifestat.
