3928 6206
499 243 638 312 1163

1636 245 1698 305 S.
1732 246 2112 308 GREGORII
2155 249 2666 312 AGRIGENTINI

3545 256 3642 322 illd

573 356 804 428 Egregie
850 369 980 410 vero
1024 351 1231 424 aptavit
1267 353 1436 408 verba
1484 352 1740 422 inquiens
1771 373 1786 410 :
1825 374 1843 406 ι
1878 355 1937 411 In
1967 365 2076 411 ter-

2249 358 2582 428 Θαυμασίως
2637 357 2696 412 δέ
2751 357 2843 412 τὸν
2891 357 3053 428 λόγον
3082 357 3461 432 διεσχημάτισεν
3503 367 3642 422 sisui”:

501 467 641 516 ram,
685 451 828 505 sicut
857 455 996 512 erat,
1033 465 1050 499 ι
1086 447 1138 500 id
1165 455 1270 512 est,
1299 446 1764 516 quemadmodum
1793 448 1923 502 item
1949 454 2078 503 ante

500 549 640 606 erat,
683 554 847 610 quam
905 537 1012 593 tale
1061 552 1270 608 corpus
1323 552 1356 592 ι
1410 537 1709 593 Conditore
1757 539 2078 609 ﬁngeretur.

499 633 636 688 Nam
669 641 722 687 et
754 645 989 701 magnus
1031 628 1246 700 Moyses
1295 630 1414 684 ait:
1452 648 1471 682 ι
1513 628 1580 684 Ει
1629 629 1888 685 formavit
1935 629 2080 686 Deus

501 725 818 786 hominem,
875 721 1161 792 pulverem
1221 721 1499 792 accipiens
1555 721 1625 777 de
1679 731 1829 777 terra
1880 722 2013 792 ('59).
2054 741 2074 775 ι

497 816 800 872 Enimvero
853 815 1210 879 observasis,
1274 814 1553 884 quomodo
1604 829 1805 884 corpus
1856 816 2086 886 quidem-

503 910 619 964 sive
675 907 950 978 pulverem
1005 905 1264 960 distincte
1306 905 1362 958 in
1410 914 1612 959 terram
1665 907 1864 961 reverti
1898 907 2078 962 dixit:

503 1001 760 1068 spiritum
789 1006 975 1052 autem
1011 997 1077 1050 ad
1125 995 1315 1063 Deum,
1365 995 1829 1052 immortalitatem
1885 997 2082 1052 animae

502 1087 958 1159 manifestissime
1003 1088 1132 1142 hinc
1176 1087 1584 1156 demonstrans.
1623 1087 1836 1143 Etenim
1865 1087 2080 1159 inquit:

507 1198 526 1230 ε
559 1181 624 1235 Et
647 1153 1198 1250 spiritusrct'et‘titut'
1223 1177 1290 1232 ad
1315 1153 1512 1242 Deum,
1541 1179 1636 1248 qui
1665 1179 1814 1234 dedit
1837 1153 2020 1248 illum;
2054 1198 2074 1230 ι

501 1273 746 1344 theologi
792 1271 998 1344 Moysis
1041 1271 1355 1326 doctrinam
1406 1272 1476 1327 de
1523 1273 1708 1328 anima
1745 1274 2082 1329 conﬁrmans

503 1365 740 1422 dicentis
795 1380 992 1435 nempe
1043 1382 1056 1418 :
1118 1384 1136 1416 ι
1181 1363 1246 1418 Et
1295 1365 1554 1419 formavit
1604 1364 1749 1421 Deus
1799 1365 2080 1420 hominem

427 1491 435 1498 η
503 1458 785 1528 pulverem
837 1457 905 1512 de
957 1466 1126 1522 terra,
1180 1467 1234 1511 et
1284 1455 1573 1526 inspiravit
1613 1457 1667 1510 in
1719 1455 1914 1512 faciem
1960 1457 2082 1525 ejus

505 1550 784 1621 spiramen
816 1552 945 1604 vitae
975 1586 989 1612 ,
1031 1557 1086 1602 et
1132 1547 1308 1604 factus
1330 1559 1414 1603 est-
1447 1549 1612 1602 humo
1643 1547 1698 1603 in
1729 1549 1971 1602 animam
1997 1548 2083 1602 vi-

2185 469 2208 502 ιι
2255 449 2378 503 Ἐπὶ
2409 450 2510 521 τὴν
2541 450 2667 520 γῆν,
2694 449 2770 514 ὡς
2803 444 2894 522 ἦν,
2929 468 2948 502 ι
2979 449 3221 504 τουτέστι
3249 451 3372 506 καθὸ
3393 455 3474 508 καὶ
3499 459 3649 528 πρότε.

2182 557 2274 612 ρον
2309 537 2377 612 ἦν
2411 541 2520 613 πρὸ
2548 540 2643 595 τοῦ
2672 541 3072 614 διαπλασθῆναι
3107 541 3253 614 παρὰ
3270 543 3356 598 τοῦ
3381 547 3651 622 Δημιουργοῦ

2180 632 2338 704 σῶμα
2379 632 2646 688 τοιοῦτον.
2701 634 2814 687 Καὶ
2846 633 2954 706 γάρ
2985 651 3150 705 φησιν
3196 637 3383 709 Μωσῆς
3433 642 3458 693 6
3496 643 3654 711 μέγας,

2183 742 2204 775 ι
2240 724 2352 778 Καὶ
2381 722 2617 778 ἔπλασεν
2643 726 2672 778 6
2694 725 2828 788 Θεὸς
2855 726 2948 780 τὸν
2971 725 3251 798 ἄνθρωπον
3277 729 3392 799 χοῦν
3416 732 3564 786 λαὸὼν
3578 739 3658 790 ἀπὸ

2177 816 2278 886 τῆς
2307 816 2430 886 γῆς.
2467 835 2486 870 ι
2521 819 2840 890 Παρατηρεϊ
2870 818 2928 872 δὸ
2961 819 3071 882 πᾶς
3099 820 3128 873 6
3161 819 3472 891 βουλόμενος,
3505 828 3598 892 πῶς
3617 831 3660 884 τὸ

2183 908 2344 978 σῶμα
2370 907 2492 979 μὲν,
2520 909 2640 981 ἦτοι
2667 910 2760 964 τὸν
2803 908 2936 980 χοῦν
2983 910 3077 964 ἐπὶ
3111 911 3206 983 τὴν
3238 913 3336 984 γῆν
3361 917 3660 990 ἐπιστρέφειν,

2179 999 2584 1069 διεσταλμένως
2614 995 2756 1052 εἶπεν
2793 1017 2814 1052 ι
2844 1000 2918 1054 Τὸ
2937 999 2995 1054 δὲ
3026 1000 3238 1072 πνεῦμα
3265 1005 3388 1076 πρὸς
3413 1007 3492 1059 τὸν
3518 1008 3658 1063 Θεόνοι

2178 1089 2277 1163 τὴν
2307 1089 2606 1146 ἀθανασίαν
2655 1094 2756 1163 τῆς
2784 1091 2964 1162 ψυχῆς
2992 1093 3236 1148 ἐντεῦθεν
3277 1096 3522 1168 προδήλως
3556 1117 3664 1171 παρ-

2179 1179 2482 1249 εμφαίνων.
2531 1179 2643 1233 Καὶ
2690 1179 2800 1250 γάρ
2834 1193 3010 1250 φησι·
3053 1197 3070 1230 ι
3115 1181 3222 1234 Καὶ
3263 1181 3322 1236 τὸ
3357 1184 3540 1254 πνεῦμα
3573 1187 3664 1239 ἐπι·

2183 1272 2406 1343 στρέφει
2441 1273 2580 1344 πρὸς
2611 1271 2700 1326 τὸν
2730 1271 2886 1334 Θεὸν,
2911 1271 2970 1338 ὃς
3005 1272 3203 1326 ἔδωκεν
3250 1274 3370 1327 αὐτό
3389 1292 3402 1305 ο
3435 1295 3452 1328 ›
3474 1277 3552 1330 τοῦ
3576 1277 3664 1331 θεο-

2184 1360 2453 1430 φάντορος
2484 1361 2763 1424 Μωῦσέως
2794 1360 2856 1415 τὸ
2883 1361 3011 1432 περὶ
3036 1361 3214 1432 ψυχῆς
3243 1362 3406 1434 δόγμα
3441 1372 3666 1436 παρεμπε-

2180 1453 2288 1507 δῶν
2315 1453 2556 1523 δηλονότι
2591 1452 2653 1506 τὸ
2694 1453 2926 1520 φάσκον,
2965 1470 2984 1506 ι
3027 1455 3140 1508 Καὶ
3175 1453 3395 1508 ἔπλασεν
3423 1457 3448 1508 6
3471 1457 3578 1520 Θεὸς
3599 1459 3664 1511 τὸν

2181 1543 2490 1615 ἄνθρωπον,
2521 1543 2652 1615 χοῦν
2687 1545 2795 1600 ἀπὸ
2817 1546 2918 1617 τῆς
2945 1545 3070 1616 γῆς,
3102 1545 3197 1600 καὶ
3217 1547 3516 1616 ἐνεφύσησεν
3540 1552 3603 1613 εἰς
3622 1551 3666 1604 τὸ

512 1650 751 1696 ventem.
811 1659 830 1692 ι
877 1637 1058 1705 Quare
1114 1637 1381 1708 Spiratum
1414 1639 1532 1693 sive
1595 1639 1760 1694 vitam
1785 1655 1852 1694 ex
1883 1639 2077 1695 divinat

2185 1636 2480 1708 πρόσωπον
2506 1635 2673 1691 αὑτοῦ
2699 1637 2878 1709 πνοὴν
2904 1635 3072 1708 ζωῆς,
3111 1639 3204 1691 καὶ
3235 1640 3435 1706 ἐγένετο
3460 1641 3484 1692 6
3506 1641 3664 1711 ἄνθρωο

509 1732 838 1805 spirationis
875 1733 1048 1802 gratia
1097 1741 1299 1795 ortam,
1338 1745 1463 1800 qua:
1490 1732 1829 1802 progenitori
1871 1741 2077 1796 nostro,

2188 1746 2289 1794 πος
2334 1730 2414 1794 είς
2452 1728 2632 1800 ψυχὴν
2674 1729 2874 1794 ζῶσαν.
2911 1748 2932 1784 ι
2971 1729 3083 1800 Τήν
3119 1725 3210 1783 οῦν
3249 1731 3350 1784 ἀπὸ
3379 1730 3468 1801 τῆς
3502 1709 3664 1802 χάριιος

505 1827 688 1896 primo
719 1823 928 1879 homini
957 1837 987 1876 a
1017 1822 1244 1892 pulvere
1273 1820 1511 1876 formato
1536 1821 1662 1876 data
1685 1833 1790 1888 est,
1828 1823 2080 1892 spiritum

505 1918 670 1974 modo
703 1915 1066 1972 Ecclesiastes
1097 1913 1412 1985 appellavit,
1437 1928 1601 1984 quem
1643 1915 1805 1986 plane
1831 1915 2083 1972 distinxit

505 2025 534 2064 a
570 2009 812 2080 pulvere,
845 2007 939 2078 qui
969 2007 1024 2061 in
1064 2017 1263 2061 terram
1294 2007 1610 2072 revertitur,
1640 2023 1764 2062 cum
1790 2007 1856 2062 ad
1886 2006 2073 2064 Deum.

506 2117 536 2154 a
565 2115 678 2172 quo
707 2099 872 2156 datus
901 2106 1009 2164 est,
1047 2098 1198 2152 illum
1231 2111 1480 2152 remeare
1509 2098 1902 2152 enuntiaverit.

2184 1821 2280 1873 τοῦ
2313 1822 2714 1893 ἐμφυσήματος
2739 1821 2836 1876 τοῦ
2875 1821 3026 1893 παρὰ
3052 1821 3146 1875 τοῦ
3174 1821 3304 1876 Θεοῦ
3331 1823 3589 1891 γεγονότος,
3610 1825 3665 1887 εἰς

2185 1913 2277 1966 τὸν
2306 1912 2414 1968 άπὸ
2433 1912 2530 1966 τοῦ
2561 1912 2684 1984 χοὸς
2711 1912 3112 1969 διαπλασθέντα
3140 1914 3428 1984 γεννάρχην
3451 1913 3578 1983 ήμῶν
3599 1913 3664 1966 καὶ

2191 2005 2624 2077 πρωτόπλαστον
2685 2008 2970 2078 ἄνθρωπον
3025 2006 3314 2077 δεδομένην
3373 2007 3550 2076 πνοὴν,
3582 2007 3664 2076 ήτοι

2190 2094 2360 2169 ζωὴν,
2397 2098 2635 2169 πνεῦμα
2651 2096 2747 2152 νῦν
2765 2099 2793 2152 ὁ
2817 2097 3247 2170 Ἐκκλησιαστὴς
3278 2098 3660 2172 προσηγόρευσεν,

505 2195 643 2263 ὅπερ
663 2190 1068 2248 ,ἀντεδιέστειλε
1119 2189 1198 2260 τῷ
1231 2189 1316 2260 χοῖ
1373 2189 1452 2261 τῷ
1505 2189 1887 2262 ἐπιστρέφοντι
1946 2187 2084 2262 πρὸς
2114 2187 2214 2262 τὴν
2257 2191 2382 2262 γῆν·
2417 2191 2514 2246 καὶ
2580 2191 2718 2264 πρὸς
2759 2191 2852 2246 τὸν
2879 2190 3014 2246 Θεὸν
3092 2191 3424 2263 ἐπιστρέφειν
3445 2191 3520 2246 τὸν
3548 2190 3662 2244 διδωο

507 2290 642 2344 κότα
668 2287 1025 2358 κατήγγειλε.

578 2470 860 2525 Adnotare
888 2467 1052 2539 igitur
1083 2467 1319 2523 maxime
1356 2477 1612 2539 praestat,
1665 2485 1831 2541 quam
1881 2478 2084 2528 temere

499 2572 679 2632 atque
709 2561 1037 2627 insipienter
1067 2561 1294 2616 omnino
1323 2561 1691 2617 existimarint
1735 2563 1980 2633 quidam,
2024 2563 2080 2620 in

507 2653 887 2724 superioribus
935 2651 1283 2708 sermonibus
1357 2653 1502 2708 hanc
1571 2655 1831 2724 sapientis
1897 2654 2082 2711 Eccle-

500 2748 696 2803 siastes
737 2747 1060 2816 epinionem
1097 2743 1267 2800 fuisse
1324 2745 1490 2818 284
1525 2747 1776 2802 eamdem
1824 2763 1948 2804 esse
1981 2748 2082 2802 ho-

509 2839 676 2894 minis
699 2847 757 2893 et
779 2837 1013 2908 jumenti
1059 2837 1324 2901 animam,
1358 2854 1483 2893 cum
1533 2839 1653 2894 ait:
1697 2857 1716 2891 ι
1758 2839 1826 2894 Et
1859 2839 2079 2909 quidem

447 2997 450 3000 γ
503 2941 737 2984 eventus
764 2929 998 2984 ﬁliorum
1029 2929 1287 2994 hominis,
1318 2937 1371 2983 et
1397 2939 1627 2984 eventus
1647 2930 1888 2998 peCudis,
1915 2945 2080 2985 even-

508 3030 598 3075 tus
629 3035 773 3074 unus
803 3018 979 3089 ipsis;
1016 3025 1075 3072 ut
1111 3033 1263 3073 mors
1287 3008 1483 3088 ltujus,
1516 3019 1589 3074 ita
1638 3034 1786 3074 mors
1827 3020 1994 3086 illius,
2027 3029 2080 3075 et

2260 2471 2728 2543 Παρασημαντέον
2774 2471 2956 2526 τοίνυν
3003 2469 3398 2542 δφειλομένως,
3439 2467 3504 2532 ὡς
3539 2466 3658 2536 μάτην

2185 2562 2282 2618 καὶ
2313 2563 2493 2633 πάντη
2547 2563 2876 2636 παραλόγως
2922 2563 3182 2635 ᾠήθησάν
3221 2578 3376 2626 τινες,
3409 2561 3459 2613 ἐν
3493 2562 3580 2620 τοίς
3600 2558 3659 2610 ἀνι

2183 2654 2310 2708 όπιν
2357 2654 2536 2724 λόγοις
2565 2655 2762 2709 ταυτὸν
2808 2650 2950 2728 εἶναι
2997 2655 3099 2726 τὴν
3131 2653 3222 2708 τοῦ
3259 2651 3516 2722 ἀνθρώπου
3539 2646 3658 2716 ψυχὴν

2185 2748 2284 2804 καὶ
2326 2746 2421 2801 τοῦ
2457 2747 2688 2819 κτήνους
2715 2745 2960 2812 δοξάζειν
2996 2746 3090 2800 τὸν
3121 2746 3280 2816 σοφὸν
3319 2738 3658 2813 Ἐκκλησιαστὴν

2185 2839 2245 2892 ἐν
2275 2837 2352 2909 τῷ
2391 2838 2644 2907 φάσκειν,
2687 2857 2708 2890 ι
2755 2838 2866 2892 Καί
2912 2853 2980 2907 γε
3027 2837 3340 2908 συνάντημα
3369 2834 3484 2888 υἱῶν
3512 2827 3657 2899 ἀνθρά»

2184 2947 2289 2984 που
2314 2971 2329 2994 ,
2381 2929 2475 2984 καὶ
2510 2929 2830 3000 συνάντημα
2879 2927 2972 2982 τοῦ
3008 2931 3276 2999 κτήνους,
3329 2925 3590 2992 συνάντημα
3621 2916 3656 2970 ἓν

2183 3021 2389 3084 αὑτοὶς·
2427 3019 2502 3084 ὡς
2537 3022 2566 3074 6
2605 3020 2837 3082 Θάνατος
2862 3017 3082 3085 τούτου,
3116 3017 3288 3081 οὕτως
3313 3017 3341 3068 6
3371 3015 3559 3072 θάνατος
3579 3006 3654 3060 τού-

507 3111 738 3182 spiritus
769 3125 912 3165 unus
947 3111 1224 3167 omnibus.
1266 3108 1331 3163 Et
1365 3110 1496 3180 quid
1528 3111 1826 3166 abundavit
1863 3111 2024 3167 homo
2049 3126 2077 3166 a

2183 3128 2298 3176 του,
2323 3111 2418 3166 καὶ
2452 3109 2672 3184 πνεῦμα
2701 3110 2760 3163 ἓν
2788 3114 2902 3174 τοῖς
2932 3111 3092 3164 πᾶσι.
3124 3110 3232 3164 Καὶ
3267 3107 3319 3162 τί
3359 3103 3654 3176 ἐπερίσσευσεν

505 3200 760 3273 pecude?
797 3199 969 3256 Nihil.
1007 3200 1146 3266 Quia
1189 3200 1374 3254 omnia
1417 3199 1670 3266 vanitas;
1731 3201 1912 3256 omnia
1955 3216 2078 3272 per-

503 3303 645 3364 gunt
679 3293 748 3348 ad
788 3294 968 3347 locum
1000 3308 1168 3348 unum
1202 3309 1216 3346 :
1252 3292 1439 3347 omnia
1479 3291 1628 3347 facta
1672 3301 1802 3347 sunt
1843 3292 1911 3347 de
1963 3291 2082 3362 pul-

501 3400 656 3451 vere,
697 3393 753 3441 et
785 3385 972 3440 omnia
1007 3391 1360 3438 revertuntur
1404 3384 1458 3437 in
1501 3384 1800 3453 pulverem.
1845 3383 1910 3438 Et
1957 3382 2081 3452 quis

504 3477 680 3542 novit,
743 3475 973 3546 spiritus
1025 3475 1260 3529 ﬁliorum
1307 3473 1547 3528 hominis
1578 3474 1624 3529 si
1659 3475 1922 3530 ascendat
1963 3473 2080 3543 ipse

499 3582 753 3633 sursum,
781 3575 838 3622 et
864 3566 1090 3634 spiritus
1124 3565 1348 3636 pecudis
1379 3565 1426 3621 si
1450 3565 1744 3621 descendat
1773 3567 1888 3636 ipse
1913 3565 2079 3620 deor-

414 3695 422 3698 -
499 3675 628 3716 sum
661 3661 715 3714 in
751 3668 954 3714 terram
983 3657 1121 3729 (60).
1163 3677 1183 3710 ι
1221 3657 1320 3712 ilic
1366 3657 1511 3712 enim
1557 3672 1776 3712 omnem
1809 3651 2078 3728 ejusmodi

501 3751 876 3822 suspicionem
927 3749 1174 3814 sustulit,
1228 3759 1282 3804 et
1333 3748 1580 3804 stultitiae
1633 3750 1814 3818 arguit
1862 3765 1927 3804 ac
1957 3763 2081 3818 per-

494 3859 678 3899 versa:
727 3841 1042 3913 opinionis,
1099 3842 1190 3911 qui
1224 3856 1563 3912 quocunque
1599 3843 1758 3896 modo
1789 3843 1895 3896 tale
1927 3843 1979 3895 in
2012 3857 2078 3897 eo

491 3942 878 3992 commentum
912 3934 1180 4003 suspicati
1202 3941 1352 3999 sunt,
1379 3948 1501 3987 cum
1529 3933 1617 3988 hic
1641 3933 1874 3988 maxime
1897 3933 2075 3988 dicat:

495 4050 525 4083 ιι
563 4029 894 4086 Revertetur
921 4027 1102 4096 pulvis
1133 4027 1188 4081 in
1227 4035 1452 4091 terram,
1499 4025 1643 4080 sicut
1679 4033 1817 4078 erat.
1858 4024 1926 4078 Et
1965 4024 2080 4094 spi-

500 4124 643 4180 ritus
665 4121 964 4176 revertitur
990 4119 1057 4174 ad
1085 4118 1278 4184 Deum,
1304 4116 1397 4187 qui
1420 4115 1570 4170 dedit
1595 4115 1770 4170 illum.
1797 4133 1816 4167 ι
1855 4112 2076 4170 Utrum-

490 4231 610 4286 que
654 4215 801 4270 enim
853 4211 992 4266 mire
1046 4219 1215 4279 atque
1243 4207 1460 4278 egregie
1493 4207 1746 4261 distinxit
1775 4222 1838 4260 ac
1877 4207 2079 4277 dijudi-

491 4307 644 4362 cavit
679 4324 694 4359 :
726 4303 1006 4375 pulverem
1049 4301 1104 4354 in
1141 4310 1345 4354 terram
1383 4299 1584 4354 reverti
1624 4299 1935 4363 declarans,
1964 4299 2077 4370 spi-

488 4399 669 4454 ritum
692 4409 824 4450 vero
841 4395 956 4450 sive
976 4392 1239 4453 animam,
1260 4404 1607 4474 nequaquam
1627 4389 1772 4445 sicut
1793 4391 2070 4460 pulverem
2107 4431 2151 4488 ο

495 4489 552 4545 in
589 4497 814 4552 terram,
869 4485 962 4541 sed
1009 4485 1080 4538 ad
1128 4482 1300 4538 Deum
1332 4481 1550 4547 reverti,
1600 4482 1694 4552 qui
1725 4482 1989 4546 condidit,
2019 4491 2075 4538 et

495 4581 800 4637 simulacro
828 4591 996 4634 sensu
1020 4575 1230 4631 carenti
1259 4583 1425 4644 atque
1455 4573 1681 4628 inanimi
1710 4583 1766 4628 et
1796 4589 1828 4630 e
1850 4575 2073 4644 pulvere

483 4670 628 4729 dicto
668 4669 865 4726 indidit
886 4665 1280 4740 inspirationis
1309 4679 1422 4720 suae
1450 4666 1625 4735 gratia
1658 4664 1796 4735 (41).

565 4958 913 5014 Erubescant
947 4956 1184 5026 denique
1217 4953 1466 5008 veritatis
1496 4951 1914 5015 adulteratores,
1947 4951 2070 5005 vul-

497 5063 699 5124 tusque
727 5063 919 5106 eorum
955 5045 1256 5118 ignominia
1291 5044 1646 5114 impleantur,
1679 5057 1806 5097 cum
1831 5043 2070 5111 videant,

563 5298 676 5370 (39)
715 5287 918 5370 gerum
943 5289 1088 5362 apud
1293 5288 1448 5370 deest
1492 5285 1693 5370 λαϐὼν.

487 5405 492 5412 ο
563 5355 678 5440 ξω)
717 5355 996 5440 Eccledu,
1019 5380 1048 5418 a
1077 5378 1132 5416 ν.
1167 5362 1255 5440 it}.
1286 5357 1354 5440 -_V.
1383 5359 1590 5440 hielib.
1627 5373 1709 5440 Ill:
1744 5355 1833 5440 ας
1858 5355 1952 5440 2οζ

566 5425 676 5507 μί)
717 5437 842 5492 llaec
872 5439 926 5507 lu
959 5425 1168 5507 veteres
1199 5429 1414 5507 Jndmos
1442 5425 1890 5507 dictavidentur.
1932 5425 2065 5481 Nam

493 5499 676 5566 ιιιῖοεί
704 5523 734 5562 a
775 5504 1187 5575 multisjamdiu
1223 5499 1646 5575 adnotatum,_in
1681 5513 2068 5575 eorumucom-

495 5579 796 5645 tnentariis,
849 5575 942 5646 qui
979 5569 1233 5644 'magistri
1295 5572 1435 5626 inter
1486 5569 1765 5646 Hebraeos
1796 5569 2063 5630 audiunt,

491 5638 1110 5717 scviptutn'ac'cepimus
1133 5684 1148 5706 .
1187 5657 1436 5712 magnam
1471 5640 1615 5711 apud
1664 5638 1896 5709 majores
1931 5649 2061 5690 suos

2181 3205 2210 3257 6
2224 3202 2508 3271 ἄνθρωπος
2531 3203 2681 3274 παρά
2697 3203 2759 3256 τὸ
2787 3203 2986 3273 κτῆνος
3005 3219 3020 3268 ;
3047 3202 3237 3258 Οὐδένο
3257 3203 3336 3256 ὅτι
3355 3199 3417 3252 τὰ
3437 3198 3576 3250 πάντα
3594 3209 3656 3262 μα·

2180 3295 2400 3366 ταιότης
2423 3310 2440 3328 ο
2458 3295 2527 3349 τὰ
2559 3296 2736 3350 πάντα
2758 3296 3055 3367 πορεύεται
3075 3297 3154 3360 είς
3169 3296 3328 3348 τόπον
3354 3293 3458 3346 ἐνα·
3477 3288 3532 3342 τὰ
3543 3287 3656 3340 πάντα

2179 3385 2398 3453 ἐγένετο
2411 3385 2520 3439 ἀπὸ
2535 3387 2628 3440 τοῦ
2651 3389 2795 3456 χοὸς,
2815 3387 2997 3440 καὶτὰ
3018 3387 3200 3441 πάντα
3223 3383 3516 3453 ὑποστρέφει
3533 3373 3655 3438 εἰςτὸν

2182 3475 2332 3547 Χοῦν·
2371 3477 2479 3530 καὶ
2512 3477 2596 3539 τίς
2621 3475 2729 3530 οἶδε
2752 3477 2813 3531 τὸ
2833 3477 3052 3547 πνεῦμα
3087 3477 3224 3530 υἱῶν
3257 3474 3346 3528 τοῦ
3368 3461 3656 3544 ἀνθρώπου,εἰ

2179 3567 2466 3621 ἀναϐαίνει
2494 3569 2624 3622 αὐτὸ
2647 3571 2726 3632 είς
2747 3569 2880 3634 ἄνω,
2905 3573 3001 3622 καὶ
3023 3568 3122 3623 τοῦ
3159 3569 3400 3638 κτήνους,
3417 3552 3657 3617 είκαταόαί-

2181 3676 2263 3713 νει
2293 3660 2427 3714 αὐτὸ
2463 3661 2614 3713 κάτω
2643 3662 2721 3725 είς
2751 3661 2876 3731 γῆν.
2915 3680 2934 3714 ι
2969 3661 3087 3715 Νῦν
3123 3661 3234 3733 γὰρ
3281 3663 3446 3716 πᾶσαν
3469 3650 3656 3721 ὑπόληψιν

2181 3750 2440 3822 τοιαύτην
2481 3752 2682 3816 ἀνεῖλε,
2717 3753 2812 3806 καὶ
2843 3754 3254 3824 ματαιόφρονας
3279 3751 3471 3820 ἐλέγχει
3495 3747 3568 3800 καὶ
3591 3757 3656 3795 κου

2180 3841 2435 3906 κοδόξους
2465 3843 2592 3906 τοὺς
2621 3842 2868 3896 ὁπωσοῦν
2905 3843 2966 3896 τὸ
3013 3844 3258 3898 τοιοῦτον
3301 3841 3474 3913 ψεῦδος
3503 3832 3658 3898 ὑπειλη-

2179 3934 2370 4004 φότας,
2404 3937 2462 3987 ἐν
2491 3932 2569 4004 τῷ
2609 3933 2705 3988 νῦν
2758 3933 2996 4004 μάλιστα
3042 3935 3245 4004 λέγειν,
3281 3951 3302 3985 ι
3351 3920 3657 3998 Ἐπιστρέψῐιδ

2179 4024 2306 4098 χοῦς
2345 4024 2439 4078 ἐπὶ
2471 4024 2573 4094 τὴν
2598 4023 2722 4094 γῆν,
2755 4023 2832 4088 ὡς
2854 4019 2946 4096 ἦν’
2976 4025 3073 4078 καὶ
3103 4025 3166 4078 τὸ
3191 4023 3396 4094 πνεῦμα
3422 4012 3658 4084 έειιιστρέφει

2179 4115 2319 4186 πρὸς
2347 4115 2440 4169 τὸν
2473 4114 2628 4179 Θεὸν,
2659 4113 2718 4178 δς
2749 4113 2948 4168 ἔδωκεν
2973 4115 3126 4168 αὐτό.
3153 4133 3172 4166 ι
3204 4111 3484 4185 Παράδοξον
3502 4107 3581 4175 γὰρ
3596 4100 3658 4154 καὶ

2178 4207 2494 4278 θαυμασίαν
2525 4205 2634 4260 τῶν
2681 4205 2960 4276 ἑκατέρων
2990 4206 3291 4276 ἐποιήσατο
3327 4203 3418 4273 τὴν
3452 4189 3658 4258 διαστολὴν

2177 4297 2272 4351 καὶ
2295 4295 2702 4368 διάκρισινστὸν
2721 4295 2833 4367 ’μὲν
2867 4295 2997 4366 χοῦν
3025 4297 3122 4350 ἐπὶ
3145 4297 3244 4368 τὴν
3273 4294 3371 4364 γῆν
3395 4285 3659 4357 ἐπιστρέφειν

2177 4391 2622 4462 ἀποφηνάμενος,
2662 4389 2724 4442 τὸ
2760 4387 2818 4442 δέ
2857 4387 3102 4458 πνεῦμα,
3129 4388 3371 4442 τουτέστι
3407 4383 3491 4454 τὴν
3518 4373 3656 4448 ψυχὴνι

2178 4481 2280 4534 οὐκ
2327 4481 2408 4534 ἐτι
2444 4479 2694 4551 καθάπερ
2728 4481 2758 4533 6
2808 4478 2938 4550 χοῦς
2983 4479 3124 4550 πρὸς
3153 4480 3251 4550 τὴν
3289 4479 3406 4548 γῆν,
3432 4471 3544 4528 ἀλλὰ
3569 4464 3658 4534 πρὸς

2177 4571 2269 4624 τὸν
2303 4570 2436 4624 Θεὸν
2486 4569 2838 4641 ἐπιστρέφειν
2859 4556 2951 4623 τὸν
2982 4571 3282 4642 ποιήσαντα
3310 4567 3431 4623 αὐτὸ
3456 4555 3656 4617 καὶδεδω·

2178 4663 2313 4716 κότα
2354 4662 2433 4733 τῷ
2471 4661 2783 4732 ἀναισθήτῳ
2830 4661 2926 4715 καὶ
2971 4661 3168 4734 ἀψύχῳ
3213 4661 3468 4731 ἀνδριάντι
3495 4646 3658 4707 διαπλα·

2183 4751 2366 4806 σθέντι
2393 4751 2590 4806 ἐκο·τοῦ
2617 4751 2762 4822 χοὸς,
2793 4751 2885 4805 διὰ
2927 4752 3026 4823 τῆς
3055 4753 3154 4808 τοῦ
3197 4754 3324 4808 ίδίου
3351 4743 3657 4823 modum;

2179 4843 2424 4914 χάριτος.

2248 4950 2708 5022 Αίσχυνέσθωσαν
2735 4956 2804 5010 τά
2833 4955 2928 5010 νῦν
2955 4957 3006 5011 οἱ
3036 4954 3445 5030 παραχαράκται
3468 4947 3550 5018 τῆς
3569 4939 3656 5006 tu"?

2179 5041 2353 5109 θείας,
2395 5046 2493 5098 καὶ
2521 5044 2590 5098 τά
2636 5045 2906 5117 πρόσωπα
2933 5047 3116 5102 αὐτῶν
3151 5043 3556 5117 πληρωθήτωσαν
3577 5033 3657 5086 ἀτιο

2170 5286 2238 5342 de
2255 5288 2378 5343 libri
2399 5289 2746 5347 Ecclesiasta
2765 5293 3088 5348 auctoritate
3107 5284 3505 5349 controversiam
3517 5275 3654 5356 [ltissi-

2177 5377 2208 5431 ε
2233 5346 2584 5427 Quaerebam,
2625 5363 2902 5431 inquiunt,
2933 5346 3490 5431 sapientesoccultare
3517 5346 3653 5431 1in93

2167 5410 2534 5486 Ecclesiasten
2620 5410 2750 5501 quia
2788 5410 3348 5501 inveniebant'ivn'eo
3383 5410 3651 5501 ngl‘ii‘fflj'

2167 5479 2750 5557 ἦέιῖἱῖεἷῖιὶίῖἰέτεέἰίὶῖ
2786 5479 3388 5560 {Vident-itif:"near.
3410 5479 3653 5553 Christoph.

2167 5571 2518 5642 Cartwrighti
2549 5587 2671 5642 cap.
2705 5569 2790 5627 ﬁ.
