  <div class='ocr_page' id='page_1' title='image "/cluster/home/n/w/nwhite01/storage/ocr_20150623/98/hvd.32044073502148/596.png"; bbox 0 0 3928 6206; ppageno 0'>
   <div class='ocr_carea' id='block_1_1' title="bbox 259 297 397 366">
    <p class='ocr_par' dir='ltr' id='par_1_1' title="bbox 259 297 397 366">
     <span class='ocr_line' id='line_1_1' title="bbox 259 297 397 366; baseline -0.022 0"><span class='ocrx_word' id='word_1_1' title='bbox 259 297 397 366; x_wconf 71' lang='lat'><strong>1381</strong></span> 
     </span>
    </p>
   </div>
   <div class='ocr_carea' id='block_1_2' title="bbox 1623 309 2145 376">
    <p class='ocr_par' dir='ltr' id='par_1_2' title="bbox 1623 309 2145 376">
     <span class='ocr_line' id='line_1_2' title="bbox 1623 309 2145 376; baseline 0.013 -8"><span class='ocrx_word' id='word_1_2' title='bbox 1623 309 2145 376; x_wconf 81' lang='lat' dir='ltr'><strong>DISSERTATIO.</strong></span> 
     </span>
    </p>
   </div>
   <div class='ocr_carea' id='block_1_3' title="bbox 3380 316 3516 383">
    <p class='ocr_par' dir='ltr' id='par_1_3' title="bbox 3380 316 3516 383">
     <span class='ocr_line' id='line_1_3' title="bbox 3380 316 3516 383; baseline 0.015 -2"><span class='ocrx_word' id='word_1_3' title='bbox 3380 316 3516 383; x_wconf 70' lang='lat'><strong>1182</strong></span> 
     </span>
    </p>
   </div>
   <div class='ocr_carea' id='block_1_4' title="bbox 258 411 1821 500">
    <p class='ocr_par' dir='ltr' id='par_1_4' title="bbox 258 411 1821 500">
     <span class='ocr_line' id='line_1_4' title="bbox 258 411 1821 500; baseline 0.007 -35"><span class='ocrx_word' id='word_1_4' title='bbox 258 411 539 500; x_wconf 63' lang='grc' dir='ltr'><strong>βασιλείαν</strong></span> <span class='ocrx_word' id='word_1_5' title='bbox 568 411 1091 487; x_wconf 83' lang='grc' dir='ltr'><strong>κληρονομήσωμεν·</strong></span> <span class='ocrx_word' id='word_1_6' title='bbox 1112 415 1171 470; x_wconf 76' lang='grc' dir='ltr'><strong>ὲν</strong></span> <span class='ocrx_word' id='word_1_7' title='bbox 1197 415 1348 490; x_wconf 84' lang='grc' dir='ltr'><strong>αὗτῷ</strong></span> <span class='ocrx_word' id='word_1_8' title='bbox 1376 419 1600 492; x_wconf 81' lang='grc' dir='ltr'><strong>Χριστῷ</strong></span> <span class='ocrx_word' id='word_1_9' title='bbox 1620 421 1699 492; x_wconf 80' lang='grc' dir='ltr'><strong>τῷ</strong></span> <span class='ocrx_word' id='word_1_10' title='bbox 1717 422 1821 492; x_wconf 74' lang='grc' dir='ltr'><strong>Θειῑ</strong></span> 
     </span>
    </p>
   </div>
   <div class='ocr_carea' id='block_1_5' title="bbox 1922 411 3516 500">
    <p class='ocr_par' dir='ltr' id='par_1_5' title="bbox 1938 428 3516 500">
     <span class='ocr_line' id='line_1_5' title="bbox 1938 428 3516 500; baseline 0.003 -18"><span class='ocrx_word' id='word_1_11' title='bbox 1938 437 1991 482; x_wconf 91' lang='lat' dir='ltr'><strong>et</strong></span> <span class='ocrx_word' id='word_1_12' title='bbox 2022 428 2310 497; x_wconf 87' lang='lat' dir='ltr'><strong>imperium</strong></span> <span class='ocrx_word' id='word_1_13' title='bbox 2355 444 2483 485; x_wconf 89' lang='lat' dir='ltr'><strong>eum</strong></span> <span class='ocrx_word' id='word_1_14' title='bbox 2548 429 2923 500; x_wconf 72' lang='lat' dir='ltr'><strong>omnipotente</strong></span> <span class='ocrx_word' id='word_1_15' title='bbox 2980 429 3164 494; x_wconf 80' lang='lat' dir='ltr'><strong>Patre,</strong></span> <span class='ocrx_word' id='word_1_16' title='bbox 3212 439 3268 486; x_wconf 91' lang='lat' dir='ltr'><strong>et</strong></span> <span class='ocrx_word' id='word_1_17' title='bbox 3322 442 3516 486; x_wconf 80' lang='lat' dir='ltr'><strong>saneto</strong></span> 
     </span>
    </p>
   </div>
   <div class='ocr_carea' id='block_1_6' title="bbox 257 493 1839 584">
    <p class='ocr_par' dir='ltr' id='par_1_6' title="bbox 257 493 1839 584">
     <span class='ocr_line' id='line_1_6' title="bbox 257 493 1839 584; baseline 0.009 -32"><span class='ocrx_word' id='word_1_18' title='bbox 257 505 290 571; x_wconf 71' lang='grc' dir='ltr'><strong>ἡ</strong></span> <span class='ocrx_word' id='word_1_19' title='bbox 298 501 440 574; x_wconf 85' lang='grc' dir='ltr'><strong>μῶν,</strong></span> <span class='ocrx_word' id='word_1_20' title='bbox 467 493 512 570; x_wconf 80' lang='grc' dir='ltr'>ᾧ</span> <span class='ocrx_word' id='word_1_21' title='bbox 536 504 569 571; x_wconf 83' lang='grc' dir='ltr'><strong>ἡ</strong></span> <span class='ocrx_word' id='word_1_22' title='bbox 603 501 730 567; x_wconf 83' lang='grc' dir='ltr'><strong>δόξα</strong></span> <span class='ocrx_word' id='word_1_23' title='bbox 766 506 862 558; x_wconf 73' lang='grc' dir='ltr'><strong>καὶ</strong></span> <span class='ocrx_word' id='word_1_24' title='bbox 887 505 950 558; x_wconf 86' lang='grc' dir='ltr'><strong>τὸ</strong></span> <span class='ocrx_word' id='word_1_25' title='bbox 976 507 1177 576; x_wconf 81' lang='grc' dir='ltr'><strong>κράτος</strong></span> <span class='ocrx_word' id='word_1_26' title='bbox 1208 510 1304 563; x_wconf 82' lang='grc' dir='ltr'><strong>σὺν</strong></span> <span class='ocrx_word' id='word_1_27' title='bbox 1329 508 1405 580; x_wconf 81' lang='grc' dir='ltr'><strong>τῷ</strong></span> <span class='ocrx_word' id='word_1_28' title='bbox 1435 511 1839 584; x_wconf 74' lang='grc' dir='ltr'><strong>παντοκράτορι</strong></span> 
     </span>
    </p>
   </div>
   <div class='ocr_carea' id='block_1_7' title="bbox 260 593 1841 673">
    <p class='ocr_par' dir='ltr' id='par_1_7' title="bbox 260 593 1841 673">
     <span class='ocr_line' id='line_1_7' title="bbox 260 593 1841 673; baseline 0.006 -27"><span class='ocrx_word' id='word_1_29' title='bbox 260 594 441 664; x_wconf 73' lang='lat' dir='ltr'><strong>[Iath</strong></span> <span class='ocrx_word' id='word_1_30' title='bbox 502 596 598 649; x_wconf 74' lang='grc' dir='ltr'><strong>καὶ</strong></span> <span class='ocrx_word' id='word_1_31' title='bbox 643 593 723 666; x_wconf 84' lang='grc' dir='ltr'><strong>τῷ</strong></span> <span class='ocrx_word' id='word_1_32' title='bbox 771 597 1024 668; x_wconf 82' lang='grc' dir='ltr'>παναγίῳ</span> <span class='ocrx_word' id='word_1_33' title='bbox 1068 599 1163 652; x_wconf 78' lang='grc' dir='ltr'><strong>καὶ</strong></span> <span class='ocrx_word' id='word_1_34' title='bbox 1212 599 1406 670; x_wconf 80' lang='grc' dir='ltr'><strong>ἀγαθῷ</strong></span> <span class='ocrx_word' id='word_1_35' title='bbox 1456 602 1548 655; x_wconf 77' lang='grc' dir='ltr'><strong>καὶ</strong></span> <span class='ocrx_word' id='word_1_36' title='bbox 1589 600 1841 673; x_wconf 75' lang='grc' dir='ltr'><strong>ζωοποιῷ</strong></span> 
     </span>
    </p>
   </div>
   <div class='ocr_carea' id='block_1_8' title="bbox 258 686 1841 759">
    <p class='ocr_par' dir='ltr' id='par_1_8' title="bbox 258 686 1841 759">
     <span class='ocr_line' id='line_1_8' title="bbox 258 686 1841 759; baseline 0.005 -19"><span class='ocrx_word' id='word_1_37' title='bbox 258 686 583 759; x_wconf 76' lang='grc' dir='ltr'><strong>Πνεὸματι,</strong></span> <span class='ocrx_word' id='word_1_38' title='bbox 632 688 726 741; x_wconf 83' lang='grc' dir='ltr'>νῦν</span> <span class='ocrx_word' id='word_1_39' title='bbox 772 689 870 742; x_wconf 80' lang='grc' dir='ltr'><strong>καὶ</strong></span> <span class='ocrx_word' id='word_1_40' title='bbox 910 690 999 742; x_wconf 78' lang='grc' dir='ltr'><strong>ἀεὶ</strong></span> <span class='ocrx_word' id='word_1_41' title='bbox 1047 690 1143 744; x_wconf 73' lang='grc' dir='ltr'>καὶ</span> <span class='ocrx_word' id='word_1_42' title='bbox 1188 693 1268 753; x_wconf 76' lang='grc' dir='ltr'><strong>εἰς</strong></span> <span class='ocrx_word' id='word_1_43' title='bbox 1316 693 1442 755; x_wconf 74' lang='grc' dir='ltr'><strong>τοὺς</strong></span> <span class='ocrx_word' id='word_1_44' title='bbox 1490 692 1695 756; x_wconf 75' lang='grc' dir='ltr'>αἰῶνας</span> <span class='ocrx_word' id='word_1_45' title='bbox 1731 693 1841 747; x_wconf 80' lang='grc' dir='ltr'><strong>τῶν</strong></span> 
     </span>
    </p>
   </div>
   <div class='ocr_carea' id='block_1_9' title="bbox 261 779 857 850">
    <p class='ocr_par' dir='ltr' id='par_1_9' title="bbox 261 779 857 850">
     <span class='ocr_line' id='line_1_9' title="bbox 261 779 857 850; baseline -0.003 -15"><span class='ocrx_word' id='word_1_46' title='bbox 261 779 495 835; x_wconf 75' lang='grc' dir='ltr'><strong>αἰώνων.</strong></span> <span class='ocrx_word' id='word_1_47' title='bbox 548 780 746 850; x_wconf 79' lang='grc' dir='ltr'><strong>Ἀμήν.</strong></span> <span class='ocrx_word' id='word_1_48' title='bbox 852 840 857 846; x_wconf 89' lang='lat'><strong><em>_</em></strong></span> 
     </span>
    </p>
   </div>
   <div class='ocr_carea' id='block_1_10' title="bbox 611 870 1495 940">
    <p class='ocr_par' dir='ltr' id='par_1_10' title="bbox 611 870 1495 940">
     <span class='ocr_line' id='line_1_10' title="bbox 611 870 1495 940; baseline 0.001 -15"><span class='ocrx_word' id='word_1_49' title='bbox 611 870 789 937; x_wconf 75' lang='grc' dir='ltr'><em>Τέλος</em></span> <span class='ocrx_word' id='word_1_50' title='bbox 827 871 935 925; x_wconf 81' lang='grc' dir='ltr'><strong>τοῦ</strong></span> <span class='ocrx_word' id='word_1_51' title='bbox 984 871 1495 940; x_wconf 70' lang='grc' dir='ltr'><strong>Ἔκκλησιιιστοῦ.</strong></span> 
     </span>
    </p>
   </div>
   <div class='ocr_carea' id='block_1_11' title="bbox 1939 518 3521 592">
    <p class='ocr_par' dir='ltr' id='par_1_11' title="bbox 1939 518 3521 592">
     <span class='ocr_line' id='line_1_11' title="bbox 1939 518 3521 592; baseline 0.003 -20"><span class='ocrx_word' id='word_1_52' title='bbox 1939 518 2192 588; x_wconf 85' lang='lat' dir='ltr'><strong>bonoque</strong></span> <span class='ocrx_word' id='word_1_53' title='bbox 2214 534 2280 574; x_wconf 89' lang='lat' dir='ltr'><strong>ac</strong></span> <span class='ocrx_word' id='word_1_54' title='bbox 2308 520 2434 575; x_wconf 77' lang='lat' dir='ltr'><strong>vita</strong></span> <span class='ocrx_word' id='word_1_55' title='bbox 2457 531 2683 578; x_wconf 87' lang='lat' dir='ltr'><strong>auctore</strong></span> <span class='ocrx_word' id='word_1_56' title='bbox 2722 522 2957 592; x_wconf 88' lang='lat' dir='ltr'><strong>Spiritu,</strong></span> <span class='ocrx_word' id='word_1_57' title='bbox 2974 536 3124 579; x_wconf 85' lang='lat' dir='ltr'><strong>nunc</strong></span> <span class='ocrx_word' id='word_1_58' title='bbox 3149 530 3207 577; x_wconf 90' lang='lat' dir='ltr'><strong>et</strong></span> <span class='ocrx_word' id='word_1_59' title='bbox 3223 537 3438 591; x_wconf 79' lang='lat' dir='ltr'><strong>semper</strong></span> <span class='ocrx_word' id='word_1_60' title='bbox 3459 530 3521 577; x_wconf 85' lang='lat' dir='ltr'><strong>et</strong></span> 
     </span>
    </p>
   </div>
   <div class='ocr_carea' id='block_1_12' title="bbox 1941 610 2899 671">
    <p class='ocr_par' dir='ltr' id='par_1_12' title="bbox 1941 610 2899 671">
     <span class='ocr_line' id='line_1_12' title="bbox 1941 610 2899 671; baseline 0.007 -7"><span class='ocrx_word' id='word_1_61' title='bbox 1941 610 1994 665; x_wconf 92' lang='lat' dir='ltr'><strong>in</strong></span> <span class='ocrx_word' id='word_1_62' title='bbox 2025 611 2227 668; x_wconf 85' lang='lat' dir='ltr'><strong>sacula</strong></span> <span class='ocrx_word' id='word_1_63' title='bbox 2264 612 2613 669; x_wconf 82' lang='lat' dir='ltr'><strong>saeulorum.</strong></span> <span class='ocrx_word' id='word_1_64' title='bbox 2643 615 2838 667; x_wconf 80' lang='lat' dir='ltr'><strong>Amen.</strong></span> <span class='ocrx_word' id='word_1_65' title='bbox 2893 666 2899 671; x_wconf 88' lang='lat'><strong>.</strong></span> 
     </span>
    </p>
   </div>
   <div class='ocr_carea' id='block_1_13' title="bbox 2434 867 3016 929">
    <p class='ocr_par' dir='ltr' id='par_1_13' title="bbox 2434 867 3016 929">
     <span class='ocr_line' id='line_1_13' title="bbox 2434 867 3016 929; baseline 0.01 -6"><span class='ocrx_word' id='word_1_66' title='bbox 2434 867 2592 924; x_wconf 81' lang='lat' dir='ltr'><strong>Finis</strong></span> <span class='ocrx_word' id='word_1_67' title='bbox 2658 867 3016 929; x_wconf 66' lang='lat' dir='ltr'><strong>Ecclesiaste.</strong></span> 
     </span>
    </p>
   </div>
   <div class='ocr_carea' id='block_1_14' title="bbox 271 1102 3475 1137">
    <p class='ocr_par' dir='ltr' id='par_1_14' title="bbox 271 1102 3475 1137">
     <span class='ocr_line' id='line_1_14' title="bbox 271 1102 3475 1137; baseline 0 -4"><span class='ocrx_word' id='word_1_68' title='bbox 271 1102 3475 1137; x_wconf 60' lang='lat' dir='ltr'><strong>mm</strong></span> 
     </span>
    </p>
   </div>
   <div class='ocr_carea' id='block_1_15' title="bbox 1339 1279 2440 1410">
    <p class='ocr_par' dir='ltr' id='par_1_15' title="bbox 1339 1279 2440 1410">
     <span class='ocr_line' id='line_1_15' title="bbox 1339 1279 2440 1410; baseline 0.004 -4"><span class='ocrx_word' id='word_1_69' title='bbox 1339 1288 1504 1366; x_wconf 65' lang='lat'><strong>29°</strong></span> <span class='ocrx_word' id='word_1_70' title='bbox 1601 1279 2440 1410; x_wconf 85' lang='lat' dir='ltr'><strong>APPENDIX.</strong></span> 
     </span>
    </p>
   </div>
   <div class='ocr_carea' id='block_1_16' title="bbox 340 1664 3507 1748">
    <p class='ocr_par' dir='ltr' id='par_1_16' title="bbox 340 1664 3507 1748">
     <span class='ocr_line' id='line_1_16' title="bbox 340 1664 3507 1748; baseline 0.001 -21"><span class='ocrx_word' id='word_1_71' title='bbox 340 1664 687 1746; x_wconf 84' lang='lat' dir='ltr'><strong>Reliquum</strong></span> <span class='ocrx_word' id='word_1_72' title='bbox 713 1672 833 1739; x_wconf 91' lang='lat' dir='ltr'><strong>est,</strong></span> <span class='ocrx_word' id='word_1_73' title='bbox 863 1671 936 1730; x_wconf 89' lang='lat' dir='ltr'><strong>ut</strong></span> <span class='ocrx_word' id='word_1_74' title='bbox 967 1665 1127 1729; x_wconf 90' lang='lat' dir='ltr'><strong>illud</strong></span> <span class='ocrx_word' id='word_1_75' title='bbox 1159 1673 1478 1746; x_wconf 83' lang='lat' dir='ltr'><strong>prastem,</strong></span> <span class='ocrx_word' id='word_1_76' title='bbox 1525 1669 1700 1748; x_wconf 91' lang='lat' dir='ltr'><strong>quod</strong></span> <span class='ocrx_word' id='word_1_77' title='bbox 1731 1670 1796 1732; x_wconf 90' lang='lat' dir='ltr'><strong>in</strong></span> <span class='ocrx_word' id='word_1_78' title='bbox 1828 1669 2355 1733; x_wconf 77' lang='lat' dir='ltr'><strong>annotationibus</strong></span> <span class='ocrx_word' id='word_1_79' title='bbox 2398 1670 2476 1731; x_wconf 86' lang='lat' dir='ltr'><strong>ad</strong></span> <span class='ocrx_word' id='word_1_80' title='bbox 2506 1669 2759 1733; x_wconf 90' lang='lat' dir='ltr'><strong>Leontii</strong></span> <span class='ocrx_word' id='word_1_81' title='bbox 2805 1669 3340 1735; x_wconf 82' lang='lat' dir='ltr'><strong>commentarium</strong></span> <span class='ocrx_word' id='word_1_82' title='bbox 3408 1688 3507 1731; x_wconf 85' lang='lat' dir='ltr'><strong>re-</strong></span> 
     </span>
    </p>
   </div>
   <div class='ocr_carea' id='block_1_17' title="bbox 260 1765 3506 1849">
    <p class='ocr_par' dir='ltr' id='par_1_17' title="bbox 260 1765 3506 1849">
     <span class='ocr_line' id='line_1_17' title="bbox 260 1765 3506 1849; baseline 0.002 -22"><span class='ocrx_word' id='word_1_83' title='bbox 260 1765 432 1844; x_wconf 84' lang='lat' dir='ltr'><strong>cepi,</strong></span> <span class='ocrx_word' id='word_1_84' title='bbox 463 1782 563 1828; x_wconf 89' lang='lat' dir='ltr'><strong>me</strong></span> <span class='ocrx_word' id='word_1_85' title='bbox 586 1765 832 1829; x_wconf 80' lang='lat' dir='ltr'><strong>scilicet</strong></span> <span class='ocrx_word' id='word_1_86' title='bbox 861 1773 1259 1839; x_wconf 88' lang='lat' dir='ltr'><strong>curaturum,</strong></span> <span class='ocrx_word' id='word_1_87' title='bbox 1289 1773 1360 1827; x_wconf 89' lang='lat' dir='ltr'><strong>ut</strong></span> <span class='ocrx_word' id='word_1_88' title='bbox 1387 1766 1461 1827; x_wconf 87' lang='lat' dir='ltr'><strong>ad</strong></span> <span class='ocrx_word' id='word_1_89' title='bbox 1495 1767 1730 1831; x_wconf 84' lang='lat' dir='ltr'><strong>calcem</strong></span> <span class='ocrx_word' id='word_1_90' title='bbox 1763 1770 1994 1849; x_wconf 90' lang='lat' dir='ltr'><strong>Operis</strong></span> <span class='ocrx_word' id='word_1_91' title='bbox 2025 1770 2403 1832; x_wconf 81' lang='lat' dir='ltr'><strong>Dissertatio</strong></span> <span class='ocrx_word' id='word_1_92' title='bbox 2425 1770 2695 1835; x_wconf 83' lang='lat' dir='ltr'><strong>Joannis</strong></span> <span class='ocrx_word' id='word_1_93' title='bbox 2729 1773 2993 1835; x_wconf 80' lang='lat' dir='ltr'><strong>Lancea</strong></span> <span class='ocrx_word' id='word_1_94' title='bbox 3020 1774 3099 1835; x_wconf 91' lang='lat' dir='ltr'><strong>de</strong></span> <span class='ocrx_word' id='word_1_95' title='bbox 3127 1780 3305 1834; x_wconf 82' lang='lat' dir='ltr'><strong>atate</strong></span> <span class='ocrx_word' id='word_1_96' title='bbox 3341 1772 3506 1833; x_wconf 82' lang='lat' dir='ltr'><strong>Gre-</strong></span> 
     </span>
    </p>
   </div>
   <div class='ocr_carea' id='block_1_18' title="bbox 261 1863 3505 1948">
    <p class='ocr_par' dir='ltr' id='par_1_18' title="bbox 261 1863 3505 1948">
     <span class='ocr_line' id='line_1_18' title="bbox 261 1863 3505 1948; baseline 0.002 -23"><span class='ocrx_word' id='word_1_97' title='bbox 261 1863 428 1944; x_wconf 82' lang='lat' dir='ltr'><strong>gorii</strong></span> <span class='ocrx_word' id='word_1_98' title='bbox 458 1865 660 1927; x_wconf 85' lang='lat' dir='ltr'><strong>nostri</strong></span> <span class='ocrx_word' id='word_1_99' title='bbox 687 1866 1012 1929; x_wconf 86' lang='lat' dir='ltr'><strong>ederetur.</strong></span> <span class='ocrx_word' id='word_1_100' title='bbox 1045 1869 1204 1929; x_wconf 88' lang='lat' dir='ltr'><strong>Ecce</strong></span> <span class='ocrx_word' id='word_1_101' title='bbox 1252 1884 1403 1929; x_wconf 91' lang='lat' dir='ltr'><strong>vero</strong></span> <span class='ocrx_word' id='word_1_102' title='bbox 1430 1866 1633 1943; x_wconf 87' lang='lat' dir='ltr'><strong>illam,</strong></span> <span class='ocrx_word' id='word_1_103' title='bbox 1664 1869 1875 1947; x_wconf 86' lang='lat' dir='ltr'><strong>qualis</strong></span> <span class='ocrx_word' id='word_1_104' title='bbox 1909 1871 2075 1933; x_wconf 85' lang='lat' dir='ltr'><strong>inter</strong></span> <span class='ocrx_word' id='word_1_105' title='bbox 2130 1869 2458 1948; x_wconf 89' lang='lat' dir='ltr'><strong>Opuscula</strong></span> <span class='ocrx_word' id='word_1_106' title='bbox 2513 1878 2845 1934; x_wconf 89' lang='lat' dir='ltr'><strong>auctorum</strong></span> <span class='ocrx_word' id='word_1_107' title='bbox 2888 1874 3283 1948; x_wconf 87' lang='lat' dir='ltr'><strong>Siculorum,</strong></span> <span class='ocrx_word' id='word_1_108' title='bbox 3317 1881 3360 1935; x_wconf 89' lang='lat' dir='ltr'><strong>t.</strong></span> <span class='ocrx_word' id='word_1_109' title='bbox 3392 1873 3505 1945; x_wconf 84' lang='lat' dir='ltr'><strong>IV,</strong></span> 
     </span>
    </p>
   </div>
   <div class='ocr_carea' id='block_1_19' title="bbox 264 1966 1559 2045">
    <p class='ocr_par' dir='ltr' id='par_1_19' title="bbox 264 1966 1559 2045">
     <span class='ocr_line' id='line_1_19' title="bbox 264 1966 1559 2045; baseline 0.005 -22"><span class='ocrx_word' id='word_1_110' title='bbox 264 1983 407 2045; x_wconf 82' lang='lat' dir='ltr'><strong>pag.</strong></span> <span class='ocrx_word' id='word_1_111' title='bbox 439 1966 498 2041; x_wconf 78' lang='lat'><strong>5,</strong></span> <span class='ocrx_word' id='word_1_112' title='bbox 538 1966 706 2030; x_wconf 87' lang='lat' dir='ltr'><strong>edita</strong></span> <span class='ocrx_word' id='word_1_113' title='bbox 734 1975 830 2029; x_wconf 90' lang='lat' dir='ltr'><strong>est</strong></span> <span class='ocrx_word' id='word_1_114' title='bbox 861 1966 1154 2031; x_wconf 89' lang='lat' dir='ltr'><strong>Panormi</strong></span> <span class='ocrx_word' id='word_1_115' title='bbox 1186 1984 1355 2031; x_wconf 91' lang='lat' dir='ltr'><strong>anno</strong></span> <span class='ocrx_word' id='word_1_116' title='bbox 1384 1967 1559 2030; x_wconf 84' lang='grc'><strong>1760.</strong></span> 
     </span>
    </p>
   </div>
   <div class='ocr_carea' id='block_1_20' title="bbox 773 2175 2983 2250">
    <p class='ocr_par' dir='ltr' id='par_1_20' title="bbox 773 2175 2983 2250">
     <span class='ocr_line' id='line_1_20' title="bbox 773 2175 2983 2250; baseline 0.003 -14"><span class='ocrx_word' id='word_1_117' title='bbox 773 2176 884 2237; x_wconf 87' lang='lat' dir='ltr'><strong>DE</strong></span> <span class='ocrx_word' id='word_1_118' title='bbox 918 2175 1215 2241; x_wconf 65' lang='lat' dir='ltr'><strong>ET&#39;ATE</strong></span> <span class='ocrx_word' id='word_1_119' title='bbox 1270 2181 1340 2241; x_wconf 94' lang='lat' dir='ltr'><strong>B.</strong></span> <span class='ocrx_word' id='word_1_120' title='bbox 1381 2181 1772 2245; x_wconf 82' lang='lat' dir='ltr'><strong>GREGORII</strong></span> <span class='ocrx_word' id='word_1_121' title='bbox 1824 2182 2560 2250; x_wconf 82' lang='lat' dir='ltr'><strong>AGRIGENTINORUM</strong></span> <span class='ocrx_word' id='word_1_122' title='bbox 2627 2183 2983 2246; x_wconf 84' lang='lat' dir='ltr'><strong>EPISCOPI</strong></span> 
     </span>
    </p>
   </div>
   <div class='ocr_carea' id='block_1_21' title="bbox 1432 2367 2258 2461">
    <p class='ocr_par' dir='ltr' id='par_1_21' title="bbox 1432 2367 2258 2461">
     <span class='ocr_line' id='line_1_21' title="bbox 1432 2367 2258 2461; baseline 0.013 -12"><span class='ocrx_word' id='word_1_123' title='bbox 1432 2367 2258 2461; x_wconf 15' lang='lat' dir='ltr'><strong>.DlSSERTATIO</strong></span> 
     </span>
    </p>
   </div>
   <div class='ocr_carea' id='block_1_22' title="bbox 1298 2573 2437 2637">
    <p class='ocr_par' dir='ltr' id='par_1_22' title="bbox 1298 2573 2437 2637">
     <span class='ocr_line' id='line_1_22' title="bbox 1298 2573 2437 2637; baseline 0.004 -5"><span class='ocrx_word' id='word_1_124' title='bbox 1298 2573 1584 2632; x_wconf 77' lang='lat' dir='ltr'><strong>JOANNIS</strong></span> <span class='ocrx_word' id='word_1_125' title='bbox 1611 2575 1909 2633; x_wconf 67' lang='lat' dir='ltr'><strong>LANCEAZ</strong></span> <span class='ocrx_word' id='word_1_126' title='bbox 1940 2578 2437 2637; x_wconf 71' lang='lat' dir='ltr'><strong>PANORMITANI.</strong></span> 
     </span>
    </p>
   </div>
   <div class='ocr_carea' id='block_1_23' title="bbox 325 2882 3502 2967">
    <p class='ocr_par' dir='ltr' id='par_1_23' title="bbox 325 2882 3502 2967">
     <span class='ocr_line' id='line_1_23' title="bbox 325 2882 3502 2967; baseline 0.002 -21"><span class='ocrx_word' id='word_1_127' title='bbox 325 2888 368 2946; x_wconf 85' lang='lat' dir='ltr'><strong>l.</strong></span> <span class='ocrx_word' id='word_1_128' title='bbox 387 2887 649 2945; x_wconf 82' lang='lat' dir='ltr'><strong>Octavius</strong></span> <span class='ocrx_word' id='word_1_129' title='bbox 663 2882 977 2957; x_wconf 79' lang='lat' dir='ltr'><strong>Cajetanus,</strong></span> <span class='ocrx_word' id='word_1_130' title='bbox 991 2883 1221 2957; x_wconf 86' lang='lat' dir='ltr'><strong>egregia</strong></span> <span class='ocrx_word' id='word_1_131' title='bbox 1236 2885 1318 2941; x_wconf 92' lang='lat' dir='ltr'><strong>vel</strong></span> <span class='ocrx_word' id='word_1_132' title='bbox 1338 2882 1630 2956; x_wconf 79' lang='lat' dir='ltr'><strong>singularis</strong></span> <span class='ocrx_word' id='word_1_133' title='bbox 1647 2886 1827 2954; x_wconf 83' lang='lat' dir='ltr'><strong>potius</strong></span> <span class='ocrx_word' id='word_1_134' title='bbox 1858 2891 1901 2947; x_wconf 88' lang='grc' dir='ltr'><strong>Β</strong></span> <span class='ocrx_word' id='word_1_135' title='bbox 1928 2892 2167 2946; x_wconf 81' lang='lat' dir='ltr'><strong>oratione</strong></span> <span class='ocrx_word' id='word_1_136' title='bbox 2198 2893 2463 2957; x_wconf 75' lang='lat' dir='ltr'><strong>amulari,</strong></span> <span class='ocrx_word' id='word_1_137' title='bbox 2490 2891 2571 2947; x_wconf 81' lang='lat' dir='ltr'><strong>vel</strong></span> <span class='ocrx_word' id='word_1_138' title='bbox 2613 2898 2749 2946; x_wconf 81' lang='lat' dir='ltr'><strong>certe</strong></span> <span class='ocrx_word' id='word_1_139' title='bbox 2780 2891 2843 2946; x_wconf 86' lang='lat' dir='ltr'><strong>de</strong></span> <span class='ocrx_word' id='word_1_140' title='bbox 2878 2894 3080 2947; x_wconf 82' lang='lat' dir='ltr'><strong>sanctis</strong></span> <span class='ocrx_word' id='word_1_141' title='bbox 3109 2894 3217 2950; x_wconf 74' lang='lat' dir='ltr'><strong>iiiis</strong></span> <span class='ocrx_word' id='word_1_142' title='bbox 3270 2898 3502 2967; x_wconf 77' lang='lat' dir='ltr'><strong>magnis-</strong></span> 
     </span>
    </p>
   </div>
   <div class='ocr_carea' id='block_1_24' title="bbox 255 2976 1830 3049">
    <p class='ocr_par' dir='ltr' id='par_1_24' title="bbox 255 2976 1830 3049">
     <span class='ocr_line' id='line_1_24' title="bbox 255 2976 1830 3049; baseline -0.003 -12"><span class='ocrx_word' id='word_1_143' title='bbox 255 2980 519 3036; x_wconf 80' lang='lat' dir='ltr'><strong>doctriua</strong></span> <span class='ocrx_word' id='word_1_144' title='bbox 575 2979 679 3043; x_wconf 88' lang='lat' dir='ltr'><strong>vir,</strong></span> <span class='ocrx_word' id='word_1_145' title='bbox 741 2978 946 3049; x_wconf 88' lang='lat' dir='ltr'><strong>quique</strong></span> <span class='ocrx_word' id='word_1_146' title='bbox 984 2977 1172 3033; x_wconf 82' lang='lat' dir='ltr'><strong>Siculo</strong></span> <span class='ocrx_word' id='word_1_147' title='bbox 1204 2978 1411 3031; x_wconf 86' lang='lat' dir='ltr'><strong>nomini</strong></span> <span class='ocrx_word' id='word_1_148' title='bbox 1464 2977 1704 3032; x_wconf 76' lang='lat' dir='ltr'><strong>maximo</strong></span> <span class='ocrx_word' id='word_1_149' title='bbox 1729 2976 1830 3033; x_wconf 87' lang='lat' dir='ltr'><strong>l‘uit</strong></span> 
     </span>
    </p>
   </div>
   <div class='ocr_carea' id='block_1_25' title="bbox 258 3070 1829 3139">
    <p class='ocr_par' dir='ltr' id='par_1_25' title="bbox 258 3070 1829 3139">
     <span class='ocr_line' id='line_1_25' title="bbox 258 3070 1829 3139; baseline -0.003 -10"><span class='ocrx_word' id='word_1_150' title='bbox 258 3076 618 3139; x_wconf 86' lang='lat' dir='ltr'><strong>incremento,</strong></span> <span class='ocrx_word' id='word_1_151' title='bbox 651 3073 793 3128; x_wconf 80' lang='lat' dir='ltr'><strong>vitas</strong></span> <span class='ocrx_word' id='word_1_152' title='bbox 819 3072 1161 3128; x_wconf 90' lang='lat' dir='ltr'><strong>concinnans</strong></span> <span class='ocrx_word' id='word_1_153' title='bbox 1213 3071 1520 3127; x_wconf 88' lang='lat' dir='ltr'><strong>sanctitatis</strong></span> <span class='ocrx_word' id='word_1_154' title='bbox 1584 3070 1727 3125; x_wconf 77' lang='lat' dir='ltr'><strong>fama</strong></span> <span class='ocrx_word' id='word_1_155' title='bbox 1766 3072 1829 3125; x_wconf 84' lang='lat' dir='ltr'><strong>il-</strong></span> 
     </span>
    </p>
   </div>
   <div class='ocr_carea' id='block_1_26' title="bbox 257 3163 1829 3233">
    <p class='ocr_par' dir='ltr' id='par_1_26' title="bbox 257 3163 1829 3233">
     <span class='ocr_line' id='line_1_26' title="bbox 257 3163 1829 3233; baseline -0.001 -12"><span class='ocrx_word' id='word_1_156' title='bbox 257 3167 512 3221; x_wconf 88' lang='lat' dir='ltr'><strong>lustrium</strong></span> <span class='ocrx_word' id='word_1_157' title='bbox 579 3163 930 3230; x_wconf 87' lang='lat' dir='ltr'><strong>Siculorum,</strong></span> <span class='ocrx_word' id='word_1_158' title='bbox 991 3163 1228 3233; x_wconf 84' lang='lat' dir='ltr'><strong>publicis</strong></span> <span class='ocrx_word' id='word_1_159' title='bbox 1290 3163 1485 3219; x_wconf 75' lang='lat' dir='ltr'><strong>litteris</strong></span> <span class='ocrx_word' id='word_1_160' title='bbox 1552 3164 1829 3219; x_wconf 88' lang='lat' dir='ltr'><strong>commisit</strong></span> 
     </span>
    </p>
   </div>
   <div class='ocr_carea' id='block_1_27' title="bbox 258 3253 1824 3324">
    <p class='ocr_par' dir='ltr' id='par_1_27' title="bbox 258 3253 1824 3324">
     <span class='ocr_line' id='line_1_27' title="bbox 258 3253 1824 3324; baseline -0.003 -11"><span class='ocrx_word' id='word_1_161' title='bbox 258 3256 476 3313; x_wconf 84' lang='lat' dir='ltr'><strong>Leontii</strong></span> <span class='ocrx_word' id='word_1_162' title='bbox 505 3256 756 3311; x_wconf 85' lang='lat' dir='ltr'><strong>monachi</strong></span> <span class='ocrx_word' id='word_1_163' title='bbox 795 3256 1267 3311; x_wconf 81' lang='lat' dir='ltr'><strong>Commentarium</strong></span> <span class='ocrx_word' id='word_1_164' title='bbox 1296 3295 1311 3321; x_wconf 93' lang='lat'><strong>,</strong></span> <span class='ocrx_word' id='word_1_165' title='bbox 1365 3253 1554 3309; x_wconf 85' lang='lat' dir='ltr'><strong>Graee</strong></span> <span class='ocrx_word' id='word_1_166' title='bbox 1603 3255 1824 3324; x_wconf 91' lang='lat' dir='ltr'><strong>quidem</strong></span> 
     </span>
    </p>
   </div>
   <div class='ocr_carea' id='block_1_28' title="bbox 254 3346 1827 3419">
    <p class='ocr_par' dir='ltr' id='par_1_28' title="bbox 254 3346 1827 3419">
     <span class='ocr_line' id='line_1_28' title="bbox 254 3346 1827 3419; baseline -0.004 -14"><span class='ocrx_word' id='word_1_167' title='bbox 254 3350 543 3419; x_wconf 88' lang='lat' dir='ltr'><strong>scriptum,</strong></span> <span class='ocrx_word' id='word_1_168' title='bbox 577 3348 668 3403; x_wconf 88' lang='lat' dir='ltr'><strong>sed</strong></span> <span class='ocrx_word' id='word_1_169' title='bbox 700 3347 893 3405; x_wconf 86' lang='lat' dir='ltr'><strong>Latine</strong></span> <span class='ocrx_word' id='word_1_170' title='bbox 908 3355 1120 3402; x_wconf 88' lang='lat' dir='ltr'><strong>tantum</strong></span> <span class='ocrx_word' id='word_1_171' title='bbox 1154 3354 1628 3415; x_wconf 85' lang='lat' dir='ltr'><strong>reprasentatum,</strong></span> <span class='ocrx_word' id='word_1_172' title='bbox 1661 3346 1827 3399; x_wconf 88' lang='lat' dir='ltr'><strong>inter-</strong></span> 
     </span>
    </p>
   </div>
   <div class='ocr_carea' id='block_1_29' title="bbox 253 3436 1825 3509">
    <p class='ocr_par' dir='ltr' id='par_1_29' title="bbox 253 3436 1825 3509">
     <span class='ocr_line' id='line_1_29' title="bbox 253 3436 1825 3509; baseline -0.003 -16"><span class='ocrx_word' id='word_1_173' title='bbox 253 3448 404 3509; x_wconf 91' lang='lat' dir='ltr'><strong>prete</strong></span> <span class='ocrx_word' id='word_1_174' title='bbox 446 3437 741 3493; x_wconf 83' lang='lat' dir='ltr'><strong>Franciseo</strong></span> <span class='ocrx_word' id='word_1_175' title='bbox 785 3437 998 3507; x_wconf 79' lang='lat' dir='ltr'><strong>Rajato,</strong></span> <span class='ocrx_word' id='word_1_176' title='bbox 1046 3438 1115 3492; x_wconf 90' lang='lat' dir='ltr'><strong>de</strong></span> <span class='ocrx_word' id='word_1_177' title='bbox 1162 3437 1323 3491; x_wconf 83' lang='lat' dir='ltr'><strong>rebus</strong></span> <span class='ocrx_word' id='word_1_178' title='bbox 1374 3451 1405 3489; x_wconf 86' lang='lat' dir='ltr'><strong>a</strong></span> <span class='ocrx_word' id='word_1_179' title='bbox 1475 3436 1825 3491; x_wconf 84' lang='lat' dir='ltr'><strong>sanctissimo</strong></span> 
     </span>
    </p>
   </div>
   <div class='ocr_carea' id='block_1_30' title="bbox 250 3527 1827 3601">
    <p class='ocr_par' dir='ltr' id='par_1_30' title="bbox 250 3527 1827 3601">
     <span class='ocr_line' id='line_1_30' title="bbox 250 3527 1827 3601; baseline -0.003 -16"><span class='ocrx_word' id='word_1_180' title='bbox 250 3530 728 3601; x_wconf 76' lang='lat' dir='ltr'><strong>Agrigentinorum</strong></span> <span class='ocrx_word' id='word_1_181' title='bbox 793 3528 1055 3597; x_wconf 87' lang='lat' dir='ltr'><strong>episcopo</strong></span> <span class='ocrx_word' id='word_1_182' title='bbox 1089 3527 1354 3597; x_wconf 82' lang='lat' dir='ltr'><strong>Gregorio</strong></span> <span class='ocrx_word' id='word_1_183' title='bbox 1383 3528 1571 3598; x_wconf 89' lang='lat' dir='ltr'><strong>gestis,</strong></span> <span class='ocrx_word' id='word_1_184' title='bbox 1621 3528 1714 3597; x_wconf 90' lang='lat' dir='ltr'><strong>qui</strong></span> <span class='ocrx_word' id='word_1_185' title='bbox 1749 3536 1827 3581; x_wconf 89' lang='lat' dir='ltr'><strong>tot</strong></span> 
     </span>
    </p>
   </div>
   <div class='ocr_carea' id='block_1_31' title="bbox 250 3618 1825 3678">
    <p class='ocr_par' dir='ltr' id='par_1_31' title="bbox 250 3618 1825 3678">
     <span class='ocr_line' id='line_1_31' title="bbox 250 3618 1825 3678; baseline -0.003 -1"><span class='ocrx_word' id='word_1_186' title='bbox 250 3622 451 3678; x_wconf 79' lang='lat' dir='ltr'><strong>sacula</strong></span> <span class='ocrx_word' id='word_1_187' title='bbox 512 3621 567 3675; x_wconf 90' lang='lat' dir='ltr'><strong>in</strong></span> <span class='ocrx_word' id='word_1_188' title='bbox 604 3619 939 3675; x_wconf 83' lang='lat' dir='ltr'><strong>Messanensi</strong></span> <span class='ocrx_word' id='word_1_189' title='bbox 993 3618 1393 3674; x_wconf 86' lang='lat' dir='ltr'><strong>Basilianorum</strong></span> <span class='ocrx_word' id='word_1_190' title='bbox 1431 3619 1825 3672; x_wconf 80' lang='lat' dir='ltr'><strong>monachorum</strong></span> 
     </span>
    </p>
   </div>
   <div class='ocr_carea' id='block_1_32' title="bbox 253 3709 1824 3781">
    <p class='ocr_par' dir='ltr' id='par_1_32' title="bbox 253 3709 1824 3781">
     <span class='ocr_line' id='line_1_32' title="bbox 253 3709 1824 3781; baseline -0.004 -13"><span class='ocrx_word' id='word_1_191' title='bbox 253 3713 585 3769; x_wconf 82' lang='lat' dir='ltr'><strong>bibliotheca</strong></span> <span class='ocrx_word' id='word_1_192' title='bbox 645 3712 958 3766; x_wconf 86' lang='lat' dir='ltr'><strong>delituerat.</strong></span> <span class='ocrx_word' id='word_1_193' title='bbox 989 3709 1201 3781; x_wconf 84' lang='lat' dir='ltr'><strong>Quippe</strong></span> <span class='ocrx_word' id='word_1_194' title='bbox 1253 3724 1385 3763; x_wconf 89' lang='lat' dir='ltr'><strong>vero</strong></span> <span class='ocrx_word' id='word_1_195' title='bbox 1434 3709 1664 3764; x_wconf 88' lang='lat' dir='ltr'><strong>scholiis</strong></span> <span class='ocrx_word' id='word_1_196' title='bbox 1694 3710 1824 3762; x_wconf 82' lang='lat' dir='ltr'><strong>illu-</strong></span> 
     </span>
    </p>
   </div>
   <div class='ocr_carea' id='block_1_33' title="bbox 252 3798 1824 3870">
    <p class='ocr_par' dir='ltr' id='par_1_33' title="bbox 252 3798 1824 3870">
     <span class='ocr_line' id='line_1_33' title="bbox 252 3798 1824 3870; baseline -0.003 -14"><span class='ocrx_word' id='word_1_197' title='bbox 252 3801 539 3856; x_wconf 84' lang='lat' dir='ltr'><strong>strandum</strong></span> <span class='ocrx_word' id='word_1_198' title='bbox 570 3801 674 3856; x_wconf 89' lang='lat' dir='ltr'><strong>sibi</strong></span> <span class='ocrx_word' id='word_1_199' title='bbox 706 3800 989 3869; x_wconf 86' lang='lat' dir='ltr'><strong>imposuit,</strong></span> <span class='ocrx_word' id='word_1_200' title='bbox 1026 3799 1293 3870; x_wconf 84' lang='lat' dir='ltr'><strong>quidquid</strong></span> <span class='ocrx_word' id='word_1_201' title='bbox 1325 3799 1430 3853; x_wconf 89' lang='lat' dir='ltr'><strong>hoc</strong></span> <span class='ocrx_word' id='word_1_202' title='bbox 1462 3814 1690 3853; x_wconf 88' lang='lat' dir='ltr'><strong>munere</strong></span> <span class='ocrx_word' id='word_1_203' title='bbox 1733 3798 1824 3851; x_wconf 86' lang='lat' dir='ltr'><strong>di-</strong></span> 
     </span>
    </p>
   </div>
   <div class='ocr_carea' id='block_1_34' title="bbox 252 3888 1822 3963">
    <p class='ocr_par' dir='ltr' id='par_1_34' title="bbox 252 3888 1822 3963">
     <span class='ocr_line' id='line_1_34' title="bbox 252 3888 1822 3963; baseline -0.003 -17"><span class='ocrx_word' id='word_1_204' title='bbox 252 3907 420 3963; x_wconf 87' lang='lat' dir='ltr'><strong>gnum</strong></span> <span class='ocrx_word' id='word_1_205' title='bbox 483 3892 834 3946; x_wconf 80' lang='lat' dir='ltr'><strong>exhiberetur</strong></span> <span class='ocrx_word' id='word_1_206' title='bbox 860 3891 914 3944; x_wconf 90' lang='lat' dir='ltr'><strong>in</strong></span> <span class='ocrx_word' id='word_1_207' title='bbox 949 3890 1017 3945; x_wconf 89' lang='lat' dir='ltr'><strong>iis</strong></span> <span class='ocrx_word' id='word_1_208' title='bbox 1048 3890 1135 3944; x_wconf 86' lang='lat' dir='ltr'><strong>vel</strong></span> <span class='ocrx_word' id='word_1_209' title='bbox 1162 3890 1232 3951; x_wconf 86' lang='lat' dir='ltr'><strong>ab</strong></span> <span class='ocrx_word' id='word_1_210' title='bbox 1289 3904 1433 3955; x_wconf 85' lang='lat' dir='ltr'><strong>sese,</strong></span> <span class='ocrx_word' id='word_1_211' title='bbox 1461 3890 1546 3943; x_wconf 87' lang='lat' dir='ltr'><strong>vel</strong></span> <span class='ocrx_word' id='word_1_212' title='bbox 1582 3889 1651 3943; x_wconf 89' lang='lat' dir='ltr'><strong>ab</strong></span> <span class='ocrx_word' id='word_1_213' title='bbox 1676 3888 1822 3951; x_wconf 88' lang='lat' dir='ltr'><strong>aliis,</strong></span> 
     </span>
    </p>
   </div>
   <div class='ocr_carea' id='block_1_35' title="bbox 250 3981 1821 4054">
    <p class='ocr_par' dir='ltr' id='par_1_35' title="bbox 250 3981 1821 4054">
     <span class='ocr_line' id='line_1_35' title="bbox 250 3981 1821 4054; baseline -0.001 -18"><span class='ocrx_word' id='word_1_214' title='bbox 250 3998 488 4054; x_wconf 91' lang='lat' dir='ltr'><strong>quorum</strong></span> <span class='ocrx_word' id='word_1_215' title='bbox 544 3992 820 4053; x_wconf 87' lang='lat' dir='ltr'><strong>promeret</strong></span> <span class='ocrx_word' id='word_1_216' title='bbox 872 3998 1032 4052; x_wconf 84' lang='lat' dir='ltr'><strong>opus,</strong></span> <span class='ocrx_word' id='word_1_217' title='bbox 1090 3982 1443 4050; x_wconf 85' lang='lat' dir='ltr'><strong>conscriptis,</strong></span> <span class='ocrx_word' id='word_1_218' title='bbox 1470 3981 1611 4035; x_wconf 89' lang='lat' dir='ltr'><strong>hanc</strong></span> <span class='ocrx_word' id='word_1_219' title='bbox 1644 3982 1821 4051; x_wconf 88' lang='lat' dir='ltr'><strong>ipsam</strong></span> 
     </span>
    </p>
   </div>
   <div class='ocr_carea' id='block_1_36' title="bbox 251 4072 1823 4145">
    <p class='ocr_par' dir='ltr' id='par_1_36' title="bbox 251 4072 1823 4145">
     <span class='ocr_line' id='line_1_36' title="bbox 251 4072 1823 4145; baseline -0.003 -14"><span class='ocrx_word' id='word_1_220' title='bbox 251 4076 468 4131; x_wconf 87' lang='lat' dir='ltr'><strong>navavit</strong></span> <span class='ocrx_word' id='word_1_221' title='bbox 519 4086 759 4145; x_wconf 87' lang='lat' dir='ltr'><strong>spartam</strong></span> <span class='ocrx_word' id='word_1_222' title='bbox 797 4076 850 4129; x_wconf 91' lang='lat' dir='ltr'><strong>in</strong></span> <span class='ocrx_word' id='word_1_223' title='bbox 898 4075 1108 4128; x_wconf 84' lang='lat' dir='ltr'><strong>Leontii</strong></span> <span class='ocrx_word' id='word_1_224' title='bbox 1142 4073 1368 4128; x_wconf 87' lang='lat' dir='ltr'><strong>historia</strong></span> <span class='ocrx_word' id='word_1_225' title='bbox 1406 4072 1640 4127; x_wconf 87' lang='lat' dir='ltr'><strong>edenda.</strong></span> <span class='ocrx_word' id='word_1_226' title='bbox 1676 4072 1823 4143; x_wconf 87' lang='lat' dir='ltr'><strong>Ergo</strong></span> 
     </span>
    </p>
   </div>
   <div class='ocr_carea' id='block_1_37' title="bbox 248 4169 1822 4241">
    <p class='ocr_par' dir='ltr' id='par_1_37' title="bbox 248 4169 1822 4241">
     <span class='ocr_line' id='line_1_37' title="bbox 248 4169 1822 4241; baseline -0.003 -14"><span class='ocrx_word' id='word_1_227' title='bbox 248 4172 342 4227; x_wconf 88' lang='lat' dir='ltr'><strong>ubi</strong></span> <span class='ocrx_word' id='word_1_228' title='bbox 386 4172 803 4241; x_wconf 70' lang='lat' dir='ltr'><strong>diSquirendum</strong></span> <span class='ocrx_word' id='word_1_229' title='bbox 860 4171 965 4226; x_wconf 85' lang='lat' dir='ltr'><strong>sibi</strong></span> <span class='ocrx_word' id='word_1_230' title='bbox 1012 4172 1176 4225; x_wconf 90' lang='lat' dir='ltr'><strong>sumit</strong></span> <span class='ocrx_word' id='word_1_231' title='bbox 1216 4171 1298 4225; x_wconf 76' lang='lat' dir='ltr'><strong>&#39;de</strong></span> <span class='ocrx_word' id='word_1_232' title='bbox 1336 4179 1514 4235; x_wconf 82' lang='lat' dir='ltr'><strong>atate,</strong></span> <span class='ocrx_word' id='word_1_233' title='bbox 1545 4185 1654 4239; x_wconf 92' lang='lat' dir='ltr'><strong>qua</strong></span> <span class='ocrx_word' id='word_1_234' title='bbox 1682 4169 1822 4224; x_wconf 89' lang='lat' dir='ltr'><strong>vixit</strong></span> 
     </span>
    </p>
   </div>
   <div class='ocr_carea' id='block_1_38' title="bbox 248 4262 1820 4333">
    <p class='ocr_par' dir='ltr' id='par_1_38' title="bbox 248 4262 1820 4333">
     <span class='ocr_line' id='line_1_38' title="bbox 248 4262 1820 4333; baseline -0.003 -13"><span class='ocrx_word' id='word_1_235' title='bbox 248 4263 569 4333; x_wconf 88' lang='lat' dir='ltr'><strong>Gregorius,</strong></span> <span class='ocrx_word' id='word_1_236' title='bbox 619 4263 674 4317; x_wconf 89' lang='lat' dir='ltr'><strong>in</strong></span> <span class='ocrx_word' id='word_1_237' title='bbox 702 4278 819 4317; x_wconf 87' lang='lat' dir='ltr'><strong>eam</strong></span> <span class='ocrx_word' id='word_1_238' title='bbox 857 4263 955 4315; x_wconf 89' lang='lat' dir='ltr'><strong>ivit</strong></span> <span class='ocrx_word' id='word_1_239' title='bbox 1004 4263 1349 4323; x_wconf 87' lang='lat' dir='ltr'><strong>sententiam,</strong></span> <span class='ocrx_word' id='word_1_240' title='bbox 1384 4277 1547 4331; x_wconf 86' lang='lat' dir='ltr'><strong>quam</strong></span> <span class='ocrx_word' id='word_1_241' title='bbox 1604 4262 1820 4316; x_wconf 88' lang='lat' dir='ltr'><strong>cunctis</strong></span> 
     </span>
    </p>
   </div>
   <div class='ocr_carea' id='block_1_39' title="bbox 172 4351 1822 4422">
    <p class='ocr_par' dir='ltr' id='par_1_39' title="bbox 172 4351 1822 4422">
     <span class='ocr_line' id='line_1_39' title="bbox 172 4351 1822 4422; baseline 0 -17"><span class='ocrx_word' id='word_1_242' title='bbox 172 4391 196 4405; x_wconf 89' lang='lat'><strong>.</strong></span> <span class='ocrx_word' id='word_1_243' title='bbox 247 4352 379 4407; x_wconf 88' lang='lat' dir='ltr'><strong>viris</strong></span> <span class='ocrx_word' id='word_1_244' title='bbox 438 4353 723 4422; x_wconf 84' lang='lat' dir='ltr'><strong>equisque,</strong></span> <span class='ocrx_word' id='word_1_245' title='bbox 760 4359 820 4405; x_wconf 88' lang='lat' dir='ltr'><strong>ut</strong></span> <span class='ocrx_word' id='word_1_246' title='bbox 856 4351 1079 4417; x_wconf 88' lang='lat' dir='ltr'><strong>dicitur,</strong></span> <span class='ocrx_word' id='word_1_247' title='bbox 1115 4360 1420 4421; x_wconf 78' lang='lat' dir='ltr'><strong>propugnat</strong></span> <span class='ocrx_word' id='word_1_248' title='bbox 1460 4393 1475 4417; x_wconf 94' lang='lat'><strong>,</strong></span> <span class='ocrx_word' id='word_1_249' title='bbox 1516 4352 1822 4420; x_wconf 86' lang='lat' dir='ltr'><strong>conjicien-</strong></span> 
     </span>
    </p>
   </div>
   <div class='ocr_carea' id='block_1_40' title="bbox 246 4440 1821 4510">
    <p class='ocr_par' dir='ltr' id='par_1_40' title="bbox 246 4440 1821 4510">
     <span class='ocr_line' id='line_1_40' title="bbox 246 4440 1821 4510; baseline -0.004 -11"><span class='ocrx_word' id='word_1_250' title='bbox 246 4446 373 4500; x_wconf 86' lang='lat' dir='ltr'><strong>dum</strong></span> <span class='ocrx_word' id='word_1_251' title='bbox 398 4446 549 4499; x_wconf 91' lang='lat' dir='ltr'><strong>illum</strong></span> <span class='ocrx_word' id='word_1_252' title='bbox 582 4445 636 4498; x_wconf 90' lang='lat' dir='ltr'><strong>in</strong></span> <span class='ocrx_word' id='word_1_253' title='bbox 681 4442 975 4499; x_wconf 65' lang='lat' dir='ltr'><strong>Iustiniani</strong></span> <span class='ocrx_word' id='word_1_254' title='bbox 1021 4441 1042 4495; x_wconf 88' lang='grc'><strong>1</strong></span> <span class='ocrx_word' id='word_1_255' title='bbox 1090 4443 1230 4510; x_wconf 86' lang='lat' dir='ltr'><strong>Aug.</strong></span> <span class='ocrx_word' id='word_1_256' title='bbox 1270 4450 1537 4509; x_wconf 89' lang='lat' dir='ltr'><strong>tempora,</strong></span> <span class='ocrx_word' id='word_1_257' title='bbox 1585 4440 1821 4494; x_wconf 88' lang='lat' dir='ltr'><strong>erroris-</strong></span> 
     </span>
    </p>
   </div>
   <div class='ocr_carea' id='block_1_41' title="bbox 244 4528 1821 4607">
    <p class='ocr_par' dir='ltr' id='par_1_41' title="bbox 244 4528 1821 4607">
     <span class='ocr_line' id='line_1_41' title="bbox 244 4528 1821 4607; baseline -0.004 -15"><span class='ocrx_word' id='word_1_258' title='bbox 244 4553 353 4607; x_wconf 90' lang='lat' dir='ltr'><strong>que</strong></span> <span class='ocrx_word' id='word_1_259' title='bbox 382 4539 599 4593; x_wconf 75' lang='lat' dir='ltr'><strong>incusat</strong></span> <span class='ocrx_word' id='word_1_260' title='bbox 621 4552 746 4590; x_wconf 90' lang='lat' dir='ltr'><strong>cum</strong></span> <span class='ocrx_word' id='word_1_261' title='bbox 820 4532 1111 4602; x_wconf 80' lang='lat' dir='ltr'><strong>Menologii</strong></span> <span class='ocrx_word' id='word_1_262' title='bbox 1146 4573 1162 4597; x_wconf 94' lang='lat'><strong>,</strong></span> <span class='ocrx_word' id='word_1_263' title='bbox 1229 4531 1432 4585; x_wconf 89' lang='lat' dir='ltr'><strong>Basilio</strong></span> <span class='ocrx_word' id='word_1_264' title='bbox 1497 4528 1686 4599; x_wconf 85' lang='lat' dir='ltr'><strong>lAug.</strong></span> <span class='ocrx_word' id='word_1_265' title='bbox 1731 4530 1821 4600; x_wconf 77' lang='lat' dir='ltr'><strong>ju-</strong></span> 
     </span>
    </p>
   </div>
   <div class='ocr_carea' id='block_1_42' title="bbox 250 4624 1820 4698">
    <p class='ocr_par' dir='ltr' id='par_1_42' title="bbox 250 4624 1820 4698">
     <span class='ocr_line' id='line_1_42' title="bbox 250 4624 1820 4698; baseline -0.004 -15"><span class='ocrx_word' id='word_1_266' title='bbox 250 4631 412 4685; x_wconf 85' lang='lat' dir='ltr'><strong>bente</strong></span> <span class='ocrx_word' id='word_1_267' title='bbox 439 4628 753 4698; x_wconf 89' lang='lat' dir='ltr'><strong>perscripti,</strong></span> <span class='ocrx_word' id='word_1_268' title='bbox 797 4637 911 4682; x_wconf 91' lang='lat' dir='ltr'><strong>tum</strong></span> <span class='ocrx_word' id='word_1_269' title='bbox 942 4627 1211 4695; x_wconf 89' lang='lat' dir='ltr'><strong>epitomes</strong></span> <span class='ocrx_word' id='word_1_270' title='bbox 1244 4624 1367 4678; x_wconf 86' lang='lat' dir='ltr'><strong>vita</strong></span> <span class='ocrx_word' id='word_1_271' title='bbox 1396 4632 1698 4688; x_wconf 86' lang='lat' dir='ltr'><strong>auctorem,</strong></span> <span class='ocrx_word' id='word_1_272' title='bbox 1724 4639 1820 4677; x_wconf 77' lang='lat' dir='ltr'><strong>eu~</strong></span> 
     </span>
    </p>
   </div>
   <div class='ocr_carea' id='block_1_43' title="bbox 240 4715 1818 4793">
    <p class='ocr_par' dir='ltr' id='par_1_43' title="bbox 240 4715 1818 4793">
     <span class='ocr_line' id='line_1_43' title="bbox 240 4715 1818 4793; baseline -0.002 -19"><span class='ocrx_word' id='word_1_273' title='bbox 240 4724 331 4793; x_wconf 86' lang='lat' dir='ltr'><strong>jus</strong></span> <span class='ocrx_word' id='word_1_274' title='bbox 359 4721 609 4778; x_wconf 81' lang='lat' dir='ltr'><strong>Gracnm</strong></span> <span class='ocrx_word' id='word_1_275' title='bbox 648 4721 925 4790; x_wconf 79' lang='lat' dir='ltr'><strong>exemplar</strong></span> <span class='ocrx_word' id='word_1_276' title='bbox 980 4735 1047 4775; x_wconf 89' lang='lat' dir='ltr'><strong>ex</strong></span> <span class='ocrx_word' id='word_1_277' title='bbox 1103 4733 1206 4773; x_wconf 90' lang='lat' dir='ltr'><strong>ms.</strong></span> <span class='ocrx_word' id='word_1_278' title='bbox 1241 4718 1432 4772; x_wconf 88' lang='lat' dir='ltr'><strong>codice</strong></span> <span class='ocrx_word' id='word_1_279' title='bbox 1481 4715 1694 4771; x_wconf 77' lang='lat' dir='ltr'><strong>Veneto</strong></span> <span class='ocrx_word' id='word_1_280' title='bbox 1722 4716 1818 4771; x_wconf 89' lang='lat' dir='ltr'><strong>de-</strong></span> 
     </span>
    </p>
   </div>
   <div class='ocr_carea' id='block_1_44' title="bbox 242 4804 1819 4886">
    <p class='ocr_par' dir='ltr' id='par_1_44' title="bbox 242 4804 1819 4886">
     <span class='ocr_line' id='line_1_44' title="bbox 242 4804 1819 4886; baseline -0.005 -18"><span class='ocrx_word' id='word_1_281' title='bbox 242 4823 558 4886; x_wconf 85' lang='lat' dir='ltr'><strong>promptum</strong></span> <span class='ocrx_word' id='word_1_282' title='bbox 600 4813 703 4868; x_wconf 88' lang='lat' dir='ltr'><strong>sibi</strong></span> <span class='ocrx_word' id='word_1_283' title='bbox 737 4812 961 4867; x_wconf 85' lang='lat' dir='ltr'><strong>miserat</strong></span> <span class='ocrx_word' id='word_1_284' title='bbox 991 4809 1057 4865; x_wconf 74' lang='grc' dir='ltr'><strong>γ.</strong></span> <span class='ocrx_word' id='word_1_285' title='bbox 1099 4809 1182 4865; x_wconf 74' lang='lat' dir='ltr'><strong>C&#39;I.</strong></span> <span class='ocrx_word' id='word_1_286' title='bbox 1224 4808 1621 4863; x_wconf 87' lang='lat' dir='ltr'><strong>Constantinus</strong></span> <span class='ocrx_word' id='word_1_287' title='bbox 1653 4804 1819 4860; x_wconf 78' lang='lat' dir='ltr'><strong>frater</strong></span> 
     </span>
    </p>
   </div>
   <div class='ocr_carea' id='block_1_45' title="bbox 242 4898 1814 4970">
    <p class='ocr_par' dir='ltr' id='par_1_45' title="bbox 242 4898 1814 4970">
     <span class='ocr_line' id='line_1_45' title="bbox 242 4898 1814 4970; baseline -0.006 -11"><span class='ocrx_word' id='word_1_288' title='bbox 242 4904 415 4959; x_wconf 86' lang='lat' dir='ltr'><strong>abbas</strong></span> <span class='ocrx_word' id='word_1_289' title='bbox 462 4901 870 4964; x_wconf 85' lang='lat' dir='ltr'><strong>Benedictinus,</strong></span> <span class='ocrx_word' id='word_1_290' title='bbox 915 4916 1145 4970; x_wconf 88' lang='lat' dir='ltr'><strong>eamque</strong></span> <span class='ocrx_word' id='word_1_291' title='bbox 1179 4898 1473 4953; x_wconf 84' lang='lat' dir='ltr'><strong>Latinitate</strong></span> <span class='ocrx_word' id='word_1_292' title='bbox 1511 4898 1769 4952; x_wconf 80' lang='lat' dir='ltr'><strong>donatam</strong></span> <span class='ocrx_word' id='word_1_293' title='bbox 1799 4937 1814 4962; x_wconf 95' lang='lat'><strong>,</strong></span> 
     </span>
    </p>
   </div>
   <div class='ocr_carea' id='block_1_46' title="bbox 242 4989 1815 5063">
    <p class='ocr_par' dir='ltr' id='par_1_46' title="bbox 242 4989 1815 5063">
     <span class='ocr_line' id='line_1_46' title="bbox 242 4989 1815 5063; baseline -0.003 -15"><span class='ocrx_word' id='word_1_294' title='bbox 242 4994 475 5063; x_wconf 85' lang='lat' dir='ltr'><strong>suisque</strong></span> <span class='ocrx_word' id='word_1_295' title='bbox 565 5000 784 5049; x_wconf 82' lang='lat' dir='ltr'><strong>auctam</strong></span> <span class='ocrx_word' id='word_1_296' title='bbox 904 4990 1476 5047; x_wconf 86' lang='lat' dir='ltr'><strong>animadversionibus</strong></span> <span class='ocrx_word' id='word_1_297' title='bbox 1536 4989 1815 5059; x_wconf 87' lang='lat' dir='ltr'><strong>supplevit</strong></span> 
     </span>
    </p>
   </div>
   <div class='ocr_carea' id='block_1_47' title="bbox 245 5081 1811 5155">
    <p class='ocr_par' dir='ltr' id='par_1_47' title="bbox 245 5081 1811 5155">
     <span class='ocr_line' id='line_1_47' title="bbox 245 5081 1811 5155; baseline 0 -18"><span class='ocrx_word' id='word_1_298' title='bbox 245 5084 560 5140; x_wconf 77' lang='lat' dir='ltr'><strong>Leontiana</strong></span> <span class='ocrx_word' id='word_1_299' title='bbox 587 5085 851 5150; x_wconf 89' lang='lat' dir='ltr'><strong>historia,</strong></span> <span class='ocrx_word' id='word_1_300' title='bbox 875 5084 1003 5155; x_wconf 88' lang='lat' dir='ltr'><strong>quia</strong></span> <span class='ocrx_word' id='word_1_301' title='bbox 1026 5085 1228 5139; x_wconf 88' lang='lat' dir='ltr'><strong>diserte</strong></span> <span class='ocrx_word' id='word_1_302' title='bbox 1245 5084 1314 5138; x_wconf 88' lang='lat' dir='ltr'><strong>ab</strong></span> <span class='ocrx_word' id='word_1_303' title='bbox 1336 5082 1401 5136; x_wconf 88' lang='lat' dir='ltr'><strong>iis</strong></span> <span class='ocrx_word' id='word_1_304' title='bbox 1425 5081 1490 5137; x_wconf 87' lang='lat' dir='ltr'><strong>ad</strong></span> <span class='ocrx_word' id='word_1_305' title='bbox 1517 5083 1644 5151; x_wconf 91' lang='lat' dir='ltr'><strong>imp.</strong></span> <span class='ocrx_word' id='word_1_306' title='bbox 1672 5082 1811 5137; x_wconf 78' lang='lat' dir='ltr'><strong>Cas.</strong></span> 
     </span>
    </p>
   </div>
   <div class='ocr_carea' id='block_1_48' title="bbox 239 5173 1815 5231">
    <p class='ocr_par' dir='ltr' id='par_1_48' title="bbox 239 5173 1815 5231">
     <span class='ocr_line' id='line_1_48' title="bbox 239 5173 1815 5231; baseline -0.001 -1"><span class='ocrx_word' id='word_1_307' title='bbox 239 5173 535 5230; x_wconf 79' lang='lat' dir='ltr'><strong>Justiniani</strong></span> <span class='ocrx_word' id='word_1_308' title='bbox 562 5173 607 5228; x_wconf 88' lang='lat' dir='ltr'><strong>ll</strong></span> <span class='ocrx_word' id='word_1_309' title='bbox 642 5191 817 5231; x_wconf 92' lang='lat' dir='ltr'><strong>annos</strong></span> <span class='ocrx_word' id='word_1_310' title='bbox 886 5175 1180 5230; x_wconf 79' lang='lat' dir='ltr'><strong>referatur.</strong></span> <span class='ocrx_word' id='word_1_311' title='bbox 1216 5176 1509 5229; x_wconf 87' lang='lat' dir='ltr'><strong>Sententia</strong></span> <span class='ocrx_word' id='word_1_312' title='bbox 1552 5190 1664 5229; x_wconf 85' lang='lat' dir='ltr'><strong>sua</strong></span> <span class='ocrx_word' id='word_1_313' title='bbox 1692 5173 1815 5229; x_wconf 82' lang='lat' dir='ltr'><strong>fun-</strong></span> 
     </span>
    </p>
   </div>
   <div class='ocr_carea' id='block_1_49' title="bbox 240 5264 1809 5336">
    <p class='ocr_par' dir='ltr' id='par_1_49' title="bbox 240 5264 1809 5336">
     <span class='ocr_line' id='line_1_49' title="bbox 240 5264 1809 5336; baseline 0.001 -19"><span class='ocrx_word' id='word_1_314' title='bbox 240 5264 555 5320; x_wconf 88' lang='lat' dir='ltr'><strong>damentum</strong></span> <span class='ocrx_word' id='word_1_315' title='bbox 581 5267 636 5320; x_wconf 93' lang='lat' dir='ltr'><strong>in</strong></span> <span class='ocrx_word' id='word_1_316' title='bbox 654 5282 719 5319; x_wconf 90' lang='lat' dir='ltr'><strong>eo</strong></span> <span class='ocrx_word' id='word_1_317' title='bbox 745 5267 1003 5336; x_wconf 83' lang='lat' dir='ltr'><strong>positum,</strong></span> <span class='ocrx_word' id='word_1_318' title='bbox 1037 5266 1180 5336; x_wconf 89' lang='lat' dir='ltr'><strong>quod</strong></span> <span class='ocrx_word' id='word_1_319' title='bbox 1210 5265 1492 5328; x_wconf 89' lang='lat' dir='ltr'><strong>Leontius,</strong></span> <span class='ocrx_word' id='word_1_320' title='bbox 1523 5276 1809 5335; x_wconf 83' lang='lat' dir='ltr'><strong>postquam</strong></span> 
     </span>
    </p>
   </div>
   <div class='ocr_carea' id='block_1_50' title="bbox 240 5348 1812 5427">
    <p class='ocr_par' dir='ltr' id='par_1_50' title="bbox 240 5348 1812 5427">
     <span class='ocr_line' id='line_1_50' title="bbox 240 5348 1812 5427; baseline 0.003 -20"><span class='ocrx_word' id='word_1_321' title='bbox 240 5348 552 5410; x_wconf 83' lang='lat' dir='ltr'><strong>enarrasset</strong></span> <span class='ocrx_word' id='word_1_322' title='bbox 574 5357 930 5411; x_wconf 82' lang='lat' dir='ltr'><strong>acumenica</strong></span> <span class='ocrx_word' id='word_1_323' title='bbox 962 5356 1174 5427; x_wconf 88' lang='lat' dir='ltr'><strong>synodo</strong></span> <span class='ocrx_word' id='word_1_324' title='bbox 1190 5356 1812 5427; x_wconf 73' lang='lat' dir='ltr'><strong>Constantinopolitanae</strong></span> 
     </span>
    </p>
   </div>
   <div class='ocr_carea' id='block_1_51' title="bbox 237 5443 1811 5521">
    <p class='ocr_par' dir='ltr' id='par_1_51' title="bbox 237 5443 1811 5521">
     <span class='ocr_line' id='line_1_51' title="bbox 237 5443 1811 5521; baseline 0.004 -21"><span class='ocrx_word' id='word_1_325' title='bbox 237 5443 554 5501; x_wconf 78' lang='lat' dir='ltr'><strong>interfuisse</strong></span> <span class='ocrx_word' id='word_1_326' title='bbox 579 5446 926 5517; x_wconf 85' lang='lat' dir='ltr'><strong>Gregorium,</strong></span> <span class='ocrx_word' id='word_1_327' title='bbox 955 5463 1246 5517; x_wconf 80' lang='lat' dir='ltr'><strong>personam</strong></span> <span class='ocrx_word' id='word_1_328' title='bbox 1286 5459 1558 5519; x_wconf 85' lang='lat' dir='ltr'><strong>gerentem</strong></span> <span class='ocrx_word' id='word_1_329' title='bbox 1596 5454 1811 5521; x_wconf 83' lang='lat' dir='ltr'><strong>episco-</strong></span> 
     </span>
    </p>
   </div>
   <div class='ocr_carea' id='block_1_52' title="bbox 239 5531 1808 5608">
    <p class='ocr_par' dir='ltr' id='par_1_52' title="bbox 239 5531 1808 5608">
     <span class='ocr_line' id='line_1_52' title="bbox 239 5531 1808 5608; baseline 0.007 -23"><span class='ocrx_word' id='word_1_330' title='bbox 239 5531 293 5600; x_wconf 87' lang='lat' dir='ltr'><strong>pi</strong></span> <span class='ocrx_word' id='word_1_331' title='bbox 324 5532 565 5588; x_wconf 81' lang='lat' dir='ltr'><strong>Sardica</strong></span> <span class='ocrx_word' id='word_1_332' title='bbox 584 5536 921 5590; x_wconf 87' lang='lat' dir='ltr'><strong>Constantia</strong></span> <span class='ocrx_word' id='word_1_333' title='bbox 971 5535 1159 5606; x_wconf 84' lang='lat' dir='ltr'><strong>Cypri,</strong></span> <span class='ocrx_word' id='word_1_334' title='bbox 1213 5536 1613 5608; x_wconf 86' lang='lat' dir='ltr'><strong>bareticosque</strong></span> <span class='ocrx_word' id='word_1_335' title='bbox 1648 5539 1808 5608; x_wconf 85' lang='lat' dir='ltr'><strong>plane</strong></span> 
     </span>
    </p>
   </div>
   <div class='ocr_carea' id='block_1_53' title="bbox 239 5622 1809 5692">
    <p class='ocr_par' dir='ltr' id='par_1_53' title="bbox 239 5622 1809 5692">
     <span class='ocr_line' id='line_1_53' title="bbox 239 5622 1809 5692; baseline 0.005 -16"><span class='ocrx_word' id='word_1_336' title='bbox 239 5622 578 5692; x_wconf 70' lang='lat' dir='ltr'><strong>proﬂigasse,</strong></span> <span class='ocrx_word' id='word_1_337' title='bbox 629 5625 745 5681; x_wconf 78' lang='lat' dir='ltr'><strong>hac</strong></span> <span class='ocrx_word' id='word_1_338' title='bbox 780 5627 975 5682; x_wconf 87' lang='lat' dir='ltr'><strong>tradit:</strong></span> <span class='ocrx_word' id='word_1_339' title='bbox 1011 5627 1143 5692; x_wconf 67' lang='lat' dir='ltr'><strong>Quae</strong></span> <span class='ocrx_word' id='word_1_340' title='bbox 1171 5642 1298 5681; x_wconf 88' lang='lat' dir='ltr'><strong>sane</strong></span> <span class='ocrx_word' id='word_1_341' title='bbox 1338 5644 1457 5682; x_wconf 85' lang='lat' dir='ltr'><strong>eum</strong></span> <span class='ocrx_word' id='word_1_342' title='bbox 1485 5628 1640 5683; x_wconf 85' lang='lat' dir='ltr'><strong>multi</strong></span> <span class='ocrx_word' id='word_1_343' title='bbox 1659 5647 1809 5685; x_wconf 85' lang='lat' dir='ltr'><strong>acce-</strong></span> 
     </span>
    </p>
   </div>
   <div class='ocr_carea' id='block_1_54' title="bbox 239 5712 1808 5791">
    <p class='ocr_par' dir='ltr' id='par_1_54' title="bbox 239 5712 1808 5791">
     <span class='ocr_line' id='line_1_54' title="bbox 239 5712 1808 5791; baseline 0.007 -29"><span class='ocrx_word' id='word_1_344' title='bbox 239 5712 457 5781; x_wconf 72' lang='lat' dir='ltr'><strong>pissent,</strong></span> <span class='ocrx_word' id='word_1_345' title='bbox 488 5716 749 5769; x_wconf 83' lang='lat' dir='ltr'><strong>undenam</strong></span> <span class='ocrx_word' id='word_1_346' title='bbox 778 5716 858 5769; x_wconf 89' lang='lat' dir='ltr'><strong>vir</strong></span> <span class='ocrx_word' id='word_1_347' title='bbox 887 5717 1027 5773; x_wconf 80' lang='lat' dir='ltr'><strong>iste?</strong></span> <span class='ocrx_word' id='word_1_348' title='bbox 1053 5716 1304 5773; x_wconf 76' lang='lat' dir='ltr'><strong>Dicebant</strong></span> <span class='ocrx_word' id='word_1_349' title='bbox 1332 5734 1349 5773; x_wconf 92' lang='lat'><em>:</em></span> <span class='ocrx_word' id='word_1_350' title='bbox 1386 5718 1640 5791; x_wconf 73' lang='lat' dir='ltr'><strong>Angelum</strong></span> <span class='ocrx_word' id='word_1_351' title='bbox 1671 5721 1808 5775; x_wconf 83' lang='lat' dir='ltr'><strong>enim</strong></span> 
     </span>
    </p>
   </div>
   <div class='ocr_carea' id='block_1_55' title="bbox 1023 5822 1064 5867">
    <p class='ocr_par' dir='ltr' id='par_1_55' title="bbox 1023 5822 1064 5867">
     <span class='ocr_line' id='line_1_55' title="bbox 1023 5822 1064 5867; baseline 0 0"><span class='ocrx_word' id='word_1_352' title='bbox 1023 5822 1064 5867; x_wconf 66' lang='grc' dir='ltr'><em>δ</em></span> 
     </span>
    </p>
   </div>
   <div class='ocr_carea' id='block_1_56' title="bbox 1930 2971 3502 3054">
    <p class='ocr_par' dir='ltr' id='par_1_56' title="bbox 1930 2971 3502 3054">
     <span class='ocr_line' id='line_1_56' title="bbox 1930 2971 3502 3054; baseline 0.006 -20"><span class='ocrx_word' id='word_1_353' title='bbox 1930 2971 2028 3051; x_wconf 83' lang='lat' dir='ltr'><strong>que</strong></span> <span class='ocrx_word' id='word_1_354' title='bbox 2059 2982 2307 3036; x_wconf 87' lang='lat' dir='ltr'><strong>Patribus</strong></span> <span class='ocrx_word' id='word_1_355' title='bbox 2331 2984 2627 3053; x_wconf 74' lang='lat' dir='ltr'><strong>quempiam</strong></span> <span class='ocrx_word' id='word_1_356' title='bbox 2650 2982 2807 3052; x_wconf 83' lang='lat' dir='ltr'><strong>plane</strong></span> <span class='ocrx_word' id='word_1_357' title='bbox 2837 2983 3062 3038; x_wconf 81' lang='lat' dir='ltr'><strong>videtur.</strong></span> <span class='ocrx_word' id='word_1_358' title='bbox 3092 2986 3158 3038; x_wconf 78' lang='lat' dir='ltr'><strong>At</strong></span> <span class='ocrx_word' id='word_1_359' title='bbox 3178 2996 3370 3054; x_wconf 73' lang='lat' dir='ltr'><strong>praeter</strong></span> <span class='ocrx_word' id='word_1_360' title='bbox 3395 3005 3502 3043; x_wconf 66' lang='lat' dir='ltr'><strong>ca!-</strong></span> 
     </span>
    </p>
   </div>
   <div class='ocr_carea' id='block_1_57' title="bbox 1930 3054 3504 3144">
    <p class='ocr_par' dir='ltr' id='par_1_57' title="bbox 1930 3054 3504 3144">
     <span class='ocr_line' id='line_1_57' title="bbox 1930 3054 3504 3144; baseline 0.005 -21"><span class='ocrx_word' id='word_1_361' title='bbox 1930 3078 2069 3124; x_wconf 88' lang='lat' dir='ltr'><strong>teros</strong></span> <span class='ocrx_word' id='word_1_362' title='bbox 2113 3054 2425 3125; x_wconf 68' lang='lat' dir='ltr'><strong>incredibile</strong></span> <span class='ocrx_word' id='word_1_363' title='bbox 2469 3072 2605 3139; x_wconf 78' lang='lat' dir='ltr'><strong>cepit</strong></span> <span class='ocrx_word' id='word_1_364' title='bbox 2656 3086 2721 3125; x_wconf 75' lang='lat' dir='ltr'><strong>ea:</strong></span> <span class='ocrx_word' id='word_1_365' title='bbox 2757 3071 2968 3125; x_wconf 78' lang='lat' dir='ltr'><strong>homine</strong></span> <span class='ocrx_word' id='word_1_366' title='bbox 3033 3074 3284 3143; x_wconf 82' lang='lat' dir='ltr'><strong>gaudium</strong></span> <span class='ocrx_word' id='word_1_367' title='bbox 3323 3077 3504 3144; x_wconf 82' lang='lat' dir='ltr'><strong>piissi-</strong></span> 
     </span>
    </p>
   </div>
   <div class='ocr_carea' id='block_1_58' title="bbox 1928 3161 3504 3236">
    <p class='ocr_par' dir='ltr' id='par_1_58' title="bbox 1928 3161 3504 3236">
     <span class='ocr_line' id='line_1_58' title="bbox 1928 3161 3504 3236; baseline 0.004 -22"><span class='ocrx_word' id='word_1_368' title='bbox 1928 3178 2044 3216; x_wconf 88' lang='lat' dir='ltr'><strong>mus</strong></span> <span class='ocrx_word' id='word_1_369' title='bbox 2084 3163 2370 3231; x_wconf 80' lang='lat' dir='ltr'><strong>imperator</strong></span> <span class='ocrx_word' id='word_1_370' title='bbox 2423 3172 2597 3216; x_wconf 83' lang='lat' dir='ltr'><strong>noster</strong></span> <span class='ocrx_word' id='word_1_371' title='bbox 2624 3161 2960 3215; x_wconf 78' lang='lat' dir='ltr'><strong>lustiniauus</strong></span> <span class='ocrx_word' id='word_1_372' title='bbox 2991 3201 3006 3225; x_wconf 91' lang='lat'><strong>,</strong></span> <span class='ocrx_word' id='word_1_373' title='bbox 3033 3175 3346 3236; x_wconf 82' lang='lat' dir='ltr'><strong>senatusque</strong></span> <span class='ocrx_word' id='word_1_374' title='bbox 3380 3169 3504 3221; x_wconf 85' lang='lat' dir='ltr'><strong>uni-</strong></span> 
     </span>
    </p>
   </div>
   <div class='ocr_carea' id='block_1_59' title="bbox 1928 3252 3502 3328">
    <p class='ocr_par' dir='ltr' id='par_1_59' title="bbox 1928 3252 3502 3328">
     <span class='ocr_line' id='line_1_59' title="bbox 1928 3252 3502 3328; baseline 0.004 -22"><span class='ocrx_word' id='word_1_375' title='bbox 1928 3269 2127 3307; x_wconf 74' lang='lat' dir='ltr'><strong>versus.</strong></span> <span class='ocrx_word' id='word_1_376' title='bbox 2163 3252 2295 3307; x_wconf 86' lang='lat' dir='ltr'><strong>Eum</strong></span> <span class='ocrx_word' id='word_1_377' title='bbox 2318 3255 2483 3323; x_wconf 81' lang='lat' dir='ltr'><strong>igitur</strong></span> <span class='ocrx_word' id='word_1_378' title='bbox 2520 3254 2807 3323; x_wconf 74' lang='lat' dir='ltr'><strong>amplexati</strong></span> <span class='ocrx_word' id='word_1_379' title='bbox 2844 3254 3033 3309; x_wconf 77' lang='lat' dir='ltr'><strong>Patres</strong></span> <span class='ocrx_word' id='word_1_380' title='bbox 3072 3272 3271 3321; x_wconf 86' lang='lat' dir='ltr'><strong>omnes,</strong></span> <span class='ocrx_word' id='word_1_381' title='bbox 3316 3261 3407 3328; x_wconf 83' lang='lat' dir='ltr'><strong>qui</strong></span> <span class='ocrx_word' id='word_1_382' title='bbox 3432 3258 3502 3313; x_wconf 83' lang='lat' dir='ltr'><strong>ad</strong></span> 
     </span>
    </p>
   </div>
   <div class='ocr_carea' id='block_1_60' title="bbox 1924 3346 3494 3416">
    <p class='ocr_par' dir='ltr' id='par_1_60' title="bbox 1924 3346 3494 3416">
     <span class='ocr_line' id='line_1_60' title="bbox 1924 3346 3494 3416; baseline 0.003 -17"><span class='ocrx_word' id='word_1_383' title='bbox 1924 3360 2040 3399; x_wconf 88' lang='lat' dir='ltr'><strong>eam</strong></span> <span class='ocrx_word' id='word_1_384' title='bbox 2080 3346 2335 3416; x_wconf 81' lang='lat' dir='ltr'><strong>synodum</strong></span> <span class='ocrx_word' id='word_1_385' title='bbox 2386 3354 2752 3407; x_wconf 77' lang='lat' dir='ltr'><strong>convenerant,</strong></span> <span class='ocrx_word' id='word_1_386' title='bbox 2798 3346 2963 3415; x_wconf 81' lang='lat' dir='ltr'><strong>eique,</strong></span> <span class='ocrx_word' id='word_1_387' title='bbox 3003 3354 3062 3400; x_wconf 85' lang='lat' dir='ltr'><strong>ut</strong></span> <span class='ocrx_word' id='word_1_388' title='bbox 3097 3346 3214 3415; x_wconf 81' lang='lat' dir='ltr'><strong>jam</strong></span> <span class='ocrx_word' id='word_1_389' title='bbox 3239 3349 3494 3416; x_wconf 69' lang='lat' dir='ltr'><strong>diximus,</strong></span> 
     </span>
    </p>
   </div>
   <div class='ocr_carea' id='block_1_61' title="bbox 1927 3437 3491 3509">
    <p class='ocr_par' dir='ltr' id='par_1_61' title="bbox 1927 3437 3491 3509">
     <span class='ocr_line' id='line_1_61' title="bbox 1927 3437 3491 3509; baseline 0.005 -22"><span class='ocrx_word' id='word_1_390' title='bbox 1927 3437 2204 3505; x_wconf 78' lang='lat' dir='ltr'><strong>gratulati,</strong></span> <span class='ocrx_word' id='word_1_391' title='bbox 2245 3437 2314 3489; x_wconf 89' lang='lat' dir='ltr'><strong>ad</strong></span> <span class='ocrx_word' id='word_1_392' title='bbox 2350 3454 2475 3489; x_wconf 87' lang='lat' dir='ltr'><strong>suas</strong></span> <span class='ocrx_word' id='word_1_393' title='bbox 2538 3438 2772 3506; x_wconf 87' lang='lat' dir='ltr'><strong>ipsorum</strong></span> <span class='ocrx_word' id='word_1_394' title='bbox 2828 3437 2985 3492; x_wconf 80' lang='lat' dir='ltr'><strong>sedes</strong></span> <span class='ocrx_word' id='word_1_395' title='bbox 3011 3439 3228 3509; x_wconf 85' lang='lat' dir='ltr'><strong>quisque</strong></span> <span class='ocrx_word' id='word_1_396' title='bbox 3274 3441 3491 3495; x_wconf 84' lang='lat' dir='ltr'><strong>rediere.</strong></span> 
     </span>
    </p>
   </div>
   <div class='ocr_carea' id='block_1_62' title="bbox 1930 3528 3499 3599">
    <p class='ocr_par' dir='ltr' id='par_1_62' title="bbox 1930 3528 3499 3599">
     <span class='ocr_line' id='line_1_62' title="bbox 1930 3528 3499 3599; baseline 0.003 -17"><span class='ocrx_word' id='word_1_397' title='bbox 1930 3528 2074 3597; x_wconf 86' lang='lat' dir='ltr'><strong>Ergo</strong></span> <span class='ocrx_word' id='word_1_398' title='bbox 2107 3528 2186 3582; x_wconf 88' lang='lat' dir='ltr'><strong>sic</strong></span> <span class='ocrx_word' id='word_1_399' title='bbox 2229 3530 2422 3583; x_wconf 90' lang='lat' dir='ltr'><strong>statuit</strong></span> <span class='ocrx_word' id='word_1_400' title='bbox 2456 3528 2783 3599; x_wconf 82' lang='lat' dir='ltr'><strong>Cajetanus:</strong></span> <span class='ocrx_word' id='word_1_401' title='bbox 2833 3529 2912 3593; x_wconf 89' lang='lat' dir='ltr'><strong>Si,</strong></span> <span class='ocrx_word' id='word_1_402' title='bbox 2966 3544 3078 3599; x_wconf 89' lang='lat' dir='ltr'><strong>quo</strong></span> <span class='ocrx_word' id='word_1_403' title='bbox 3128 3546 3274 3585; x_wconf 90' lang='lat' dir='ltr'><strong>anno</strong></span> <span class='ocrx_word' id='word_1_404' title='bbox 3311 3533 3499 3587; x_wconf 87' lang='lat' dir='ltr'><strong>habita</strong></span> 
     </span>
    </p>
   </div>
   <div class='ocr_carea' id='block_1_63' title="bbox 1925 3619 3505 3691">
    <p class='ocr_par' dir='ltr' id='par_1_63' title="bbox 1925 3619 3505 3691">
     <span class='ocr_line' id='line_1_63' title="bbox 1925 3619 3505 3691; baseline 0.003 -17"><span class='ocrx_word' id='word_1_405' title='bbox 1925 3619 2399 3689; x_wconf 79' lang='lat' dir='ltr'><strong>Constantinpoli</strong></span> <span class='ocrx_word' id='word_1_406' title='bbox 2432 3622 2676 3691; x_wconf 78' lang='lat' dir='ltr'><strong>synodus</strong></span> <span class='ocrx_word' id='word_1_407' title='bbox 2710 3622 3077 3684; x_wconf 78' lang='lat' dir='ltr'><strong>acumenica,</strong></span> <span class='ocrx_word' id='word_1_408' title='bbox 3112 3638 3294 3677; x_wconf 84' lang='lat' dir='ltr'><strong>rerum</strong></span> <span class='ocrx_word' id='word_1_409' title='bbox 3327 3624 3505 3691; x_wconf 85' lang='lat' dir='ltr'><strong>polie-</strong></span> 
     </span>
    </p>
   </div>
   <div class='ocr_carea' id='block_1_64' title="bbox 1926 3707 3504 3779">
    <p class='ocr_par' dir='ltr' id='par_1_64' title="bbox 1926 3707 3504 3779">
     <span class='ocr_line' id='line_1_64' title="bbox 1926 3707 3504 3779; baseline 0.002 -15"><span class='ocrx_word' id='word_1_410' title='bbox 1926 3710 2090 3764; x_wconf 90' lang='lat' dir='ltr'><strong>batur</strong></span> <span class='ocrx_word' id='word_1_411' title='bbox 2120 3707 2466 3763; x_wconf 84' lang='lat' dir='ltr'><strong>Justinianus</strong></span> <span class='ocrx_word' id='word_1_412' title='bbox 2497 3710 2663 3779; x_wconf 79' lang='lat' dir='ltr'><strong>Aug.,</strong></span> <span class='ocrx_word' id='word_1_413' title='bbox 2700 3727 2781 3764; x_wconf 85' lang='lat' dir='ltr'><strong>na</strong></span> <span class='ocrx_word' id='word_1_414' title='bbox 2804 3710 3049 3779; x_wconf 76' lang='lat' dir='ltr'><strong>Gregorii</strong></span> <span class='ocrx_word' id='word_1_415' title='bbox 3078 3721 3210 3767; x_wconf 88' lang='lat' dir='ltr'><strong>atas</strong></span> <span class='ocrx_word' id='word_1_416' title='bbox 3238 3713 3304 3765; x_wconf 85' lang='lat' dir='ltr'><strong>ad</strong></span> <span class='ocrx_word' id='word_1_417' title='bbox 3333 3712 3504 3767; x_wconf 82' lang='lat' dir='ltr'><strong>Justi-</strong></span> 
     </span>
    </p>
   </div>
   <div class='ocr_carea' id='block_1_65' title="bbox 1925 3801 3501 3870">
    <p class='ocr_par' dir='ltr' id='par_1_65' title="bbox 1925 3801 3501 3870">
     <span class='ocr_line' id='line_1_65' title="bbox 1925 3801 3501 3870; baseline 0.003 -15"><span class='ocrx_word' id='word_1_418' title='bbox 1925 3801 2150 3855; x_wconf 89' lang='lat' dir='ltr'><strong>nianum</strong></span> <span class='ocrx_word' id='word_1_419' title='bbox 2175 3801 2191 3853; x_wconf 94' lang='lat' dir='ltr'><strong>l</strong></span> <span class='ocrx_word' id='word_1_420' title='bbox 2217 3801 2543 3866; x_wconf 88' lang='lat' dir='ltr'><strong>revocanda,</strong></span> <span class='ocrx_word' id='word_1_421' title='bbox 2568 3802 2725 3870; x_wconf 87' lang='lat' dir='ltr'><strong>cujus</strong></span> <span class='ocrx_word' id='word_1_422' title='bbox 2746 3802 2960 3870; x_wconf 85' lang='lat' dir='ltr'><strong>imperii</strong></span> <span class='ocrx_word' id='word_1_423' title='bbox 2984 3818 3127 3856; x_wconf 88' lang='lat' dir='ltr'><strong>anno</strong></span> <span class='ocrx_word' id='word_1_424' title='bbox 3147 3803 3238 3868; x_wconf 73' lang='lat'><strong>26,</strong></span> <span class='ocrx_word' id='word_1_425' title='bbox 3294 3804 3501 3860; x_wconf 89' lang='lat' dir='ltr'><strong>Christi</strong></span> 
     </span>
    </p>
   </div>
   <div class='ocr_carea' id='block_1_66' title="bbox 1926 3891 3495 3963">
    <p class='ocr_par' dir='ltr' id='par_1_66' title="bbox 1926 3891 3495 3963">
     <span class='ocr_line' id='line_1_66' title="bbox 1926 3891 3495 3963; baseline 0.002 -17"><span class='ocrx_word' id='word_1_426' title='bbox 1926 3891 2261 3963; x_wconf 81' lang='lat' dir='ltr'><strong>Dionysiano</strong></span> <span class='ocrx_word' id='word_1_427' title='bbox 2295 3893 2420 3956; x_wconf 79' lang='grc'><strong>555,</strong></span> <span class='ocrx_word' id='word_1_428' title='bbox 2474 3901 2665 3947; x_wconf 89' lang='lat' dir='ltr'><strong>coacta</strong></span> <span class='ocrx_word' id='word_1_429' title='bbox 2723 3893 3197 3962; x_wconf 87' lang='lat' dir='ltr'><strong>Constantinopoli</strong></span> <span class='ocrx_word' id='word_1_430' title='bbox 3249 3908 3495 3949; x_wconf 78' lang='lat' dir='ltr'><strong>acume-</strong></span> 
     </span>
    </p>
   </div>
   <div class='ocr_carea' id='block_1_67' title="bbox 1927 3984 3499 4054">
    <p class='ocr_par' dir='ltr' id='par_1_67' title="bbox 1927 3984 3499 4054">
     <span class='ocr_line' id='line_1_67' title="bbox 1927 3984 3499 4054; baseline 0.002 -17"><span class='ocrx_word' id='word_1_431' title='bbox 1927 3984 2049 4038; x_wconf 88' lang='lat' dir='ltr'><strong>nica</strong></span> <span class='ocrx_word' id='word_1_432' title='bbox 2073 3999 2106 4037; x_wconf 88' lang='lat' dir='ltr'><strong>v</strong></span> <span class='ocrx_word' id='word_1_433' title='bbox 2134 3984 2401 4054; x_wconf 78' lang='lat' dir='ltr'><strong>synodus,</strong></span> <span class='ocrx_word' id='word_1_434' title='bbox 2437 3998 2565 4038; x_wconf 90' lang='lat' dir='ltr'><strong>nam</strong></span> <span class='ocrx_word' id='word_1_435' title='bbox 2599 3984 2665 4038; x_wconf 93' lang='lat' dir='ltr'><strong>ad</strong></span> <span class='ocrx_word' id='word_1_436' title='bbox 2706 4000 2756 4038; x_wconf 74' lang='lat' dir='ltr'><strong>rt</strong></span> <span class='ocrx_word' id='word_1_437' title='bbox 2780 3984 2924 4053; x_wconf 90' lang='lat' dir='ltr'><strong>quod</strong></span> <span class='ocrx_word' id='word_1_438' title='bbox 2956 3984 3179 4050; x_wconf 89' lang='lat' dir='ltr'><strong>attinet,</strong></span> <span class='ocrx_word' id='word_1_439' title='bbox 3208 4000 3330 4054; x_wconf 84' lang='lat' dir='ltr'><strong>qua</strong></span> <span class='ocrx_word' id='word_1_440' title='bbox 3352 3985 3499 4040; x_wconf 69' lang='lat' dir='ltr'><strong>Con-</strong></span> 
     </span>
    </p>
   </div>
   <div class='ocr_carea' id='block_1_68' title="bbox 1926 4075 3490 4145">
    <p class='ocr_par' dir='ltr' id='par_1_68' title="bbox 1926 4075 3490 4145">
     <span class='ocr_line' id='line_1_68' title="bbox 1926 4075 3490 4145; baseline 0 -15"><span class='ocrx_word' id='word_1_441' title='bbox 1926 4075 2407 4144; x_wconf 87' lang='lat' dir='ltr'><strong>stantinopolitana</strong></span> <span class='ocrx_word' id='word_1_442' title='bbox 2464 4091 2545 4137; x_wconf 86' lang='lat' dir='ltr'><strong>tu,</strong></span> <span class='ocrx_word' id='word_1_443' title='bbox 2590 4083 2917 4145; x_wconf 83' lang='lat' dir='ltr'><strong>congregata</strong></span> <span class='ocrx_word' id='word_1_444' title='bbox 2950 4089 3097 4129; x_wconf 90' lang='lat' dir='ltr'><strong>anno</strong></span> <span class='ocrx_word' id='word_1_445' title='bbox 3143 4076 3355 4130; x_wconf 91' lang='lat' dir='ltr'><strong>Cbristi&#39;</strong></span> <span class='ocrx_word' id='word_1_446' title='bbox 3396 4076 3490 4130; x_wconf 79' lang='lat'><strong>68!</strong></span> 
     </span>
    </p>
   </div>
   <div class='ocr_carea' id='block_1_69' title="bbox 1923 4167 3499 4237">
    <p class='ocr_par' dir='ltr' id='par_1_69' title="bbox 1923 4167 3499 4237">
     <span class='ocr_line' id='line_1_69' title="bbox 1923 4167 3499 4237; baseline -0.002 -14"><span class='ocrx_word' id='word_1_447' title='bbox 1923 4168 2289 4223; x_wconf 88' lang='lat' dir='ltr'><strong>Constantino</strong></span> <span class='ocrx_word' id='word_1_448' title='bbox 2361 4167 2643 4237; x_wconf 88' lang='lat' dir='ltr'><strong>Pogonato</strong></span> <span class='ocrx_word' id='word_1_449' title='bbox 2726 4167 3052 4235; x_wconf 80' lang='lat' dir='ltr'><strong>imperante.</strong></span> <span class='ocrx_word' id='word_1_450' title='bbox 3139 4167 3276 4221; x_wconf 91' lang='lat' dir='ltr'><strong>Cum</strong></span> <span class='ocrx_word' id='word_1_451' title='bbox 3367 4181 3499 4221; x_wconf 87' lang='lat' dir='ltr'><strong>vero</strong></span> 
     </span>
    </p>
   </div>
   <div class='ocr_carea' id='block_1_70' title="bbox 1844 4236 3499 4329">
    <p class='ocr_par' dir='ltr' id='par_1_70' title="bbox 1844 4236 3499 4329">
     <span class='ocr_line' id='line_1_70' title="bbox 1844 4236 3499 4329; baseline -0.002 -14"><span class='ocrx_word' id='word_1_452' title='bbox 1844 4236 1888 4297; x_wconf 70' lang='grc' dir='ltr'>ο</span> <span class='ocrx_word' id='word_1_453' title='bbox 1922 4258 2185 4315; x_wconf 89' lang='lat' dir='ltr'><strong>Leontius</strong></span> <span class='ocrx_word' id='word_1_454' title='bbox 2204 4268 2362 4315; x_wconf 87' lang='lat' dir='ltr'><strong>atate</strong></span> <span class='ocrx_word' id='word_1_455' title='bbox 2384 4260 2609 4329; x_wconf 83' lang='lat' dir='ltr'><strong>aqualis</strong></span> <span class='ocrx_word' id='word_1_456' title='bbox 2626 4258 2789 4313; x_wconf 80' lang='lat' dir='ltr'><strong>fuerit</strong></span> <span class='ocrx_word' id='word_1_457' title='bbox 2805 4257 3241 4328; x_wconf 87' lang='lat' dir='ltr'><strong>Gregorio,utex</strong></span> <span class='ocrx_word' id='word_1_458' title='bbox 3262 4260 3499 4327; x_wconf 89' lang='lat' dir='ltr'><strong>ipsomet</strong></span> 
     </span>
    </p>
   </div>
   <div class='ocr_carea' id='block_1_71' title="bbox 1921 4348 3496 4414">
    <p class='ocr_par' dir='ltr' id='par_1_71' title="bbox 1921 4348 3496 4414">
     <span class='ocr_line' id='line_1_71' title="bbox 1921 4348 3496 4414; baseline -0.004 -7"><span class='ocrx_word' id='word_1_459' title='bbox 1921 4350 2316 4407; x_wconf 84' lang='lat' dir='ltr'><strong>commentario</strong></span> <span class='ocrx_word' id='word_1_460' title='bbox 2364 4349 2634 4414; x_wconf 88' lang='lat' dir='ltr'><strong>hauritur,</strong></span> <span class='ocrx_word' id='word_1_461' title='bbox 2694 4348 2845 4402; x_wconf 90' lang='lat' dir='ltr'><strong>nullo</strong></span> <span class='ocrx_word' id='word_1_462' title='bbox 2898 4349 3062 4403; x_wconf 90' lang='lat' dir='ltr'><strong>modo</strong></span> <span class='ocrx_word' id='word_1_463' title='bbox 3108 4348 3496 4411; x_wconf 89' lang='lat' dir='ltr'><strong>dubitandum,</strong></span> 
     </span>
    </p>
   </div>
   <div class='ocr_carea' id='block_1_72' title="bbox 1920 4439 3496 4512">
    <p class='ocr_par' dir='ltr' id='par_1_72' title="bbox 1920 4439 3496 4512">
     <span class='ocr_line' id='line_1_72' title="bbox 1920 4439 3496 4512; baseline -0.003 -15"><span class='ocrx_word' id='word_1_464' title='bbox 1920 4444 2051 4512; x_wconf 92' lang='lat' dir='ltr'><strong>quin</strong></span> <span class='ocrx_word' id='word_1_465' title='bbox 2084 4456 2184 4497; x_wconf 91' lang='lat' dir='ltr'><strong>nec</strong></span> <span class='ocrx_word' id='word_1_466' title='bbox 2208 4456 2333 4494; x_wconf 87' lang='lat' dir='ltr'><strong>vera</strong></span> <span class='ocrx_word' id='word_1_467' title='bbox 2372 4439 2659 4494; x_wconf 87' lang='lat' dir='ltr'><strong>tradiderit</strong></span> <span class='ocrx_word' id='word_1_468' title='bbox 2696 4439 2987 4503; x_wconf 87' lang='lat' dir='ltr'><strong>Baronius,</strong></span> <span class='ocrx_word' id='word_1_469' title='bbox 3037 4441 3133 4509; x_wconf 88' lang='lat' dir='ltr'><strong>qui</strong></span> <span class='ocrx_word' id='word_1_470' title='bbox 3167 4440 3222 4493; x_wconf 91' lang='lat' dir='ltr'><strong>in</strong></span> <span class='ocrx_word' id='word_1_471' title='bbox 3253 4439 3403 4493; x_wconf 88' lang='lat' dir='ltr'><strong>notis</strong></span> <span class='ocrx_word' id='word_1_472' title='bbox 3427 4439 3496 4492; x_wconf 83' lang='lat' dir='ltr'><strong>ad</strong></span> 
     </span>
    </p>
   </div>
   <div class='ocr_carea' id='block_1_73' title="bbox 1920 4529 3498 4601">
    <p class='ocr_par' dir='ltr' id='par_1_73' title="bbox 1920 4529 3498 4601">
     <span class='ocr_line' id='line_1_73' title="bbox 1920 4529 3498 4601; baseline -0.003 -15"><span class='ocrx_word' id='word_1_473' title='bbox 1920 4534 2231 4587; x_wconf 78' lang='lat' dir='ltr'><strong>Romanum</strong></span> <span class='ocrx_word' id='word_1_474' title='bbox 2289 4530 2733 4601; x_wconf 73' lang='lat' dir='ltr'><strong>Martyrologium</strong></span> <span class='ocrx_word' id='word_1_475' title='bbox 2775 4531 2936 4585; x_wconf 88' lang='lat' dir='ltr'><strong>anuis</strong></span> <span class='ocrx_word' id='word_1_476' title='bbox 2984 4529 3222 4583; x_wconf 81' lang='lat' dir='ltr'><strong>Mauritii</strong></span> <span class='ocrx_word' id='word_1_477' title='bbox 3273 4531 3410 4597; x_wconf 75' lang='lat' dir='ltr'><strong>Aug.</strong></span> <span class='ocrx_word' id='word_1_478' title='bbox 3441 4537 3498 4582; x_wconf 86' lang='lat' dir='ltr'><strong>et</strong></span> 
     </span>
    </p>
   </div>
   <div class='ocr_carea' id='block_1_74' title="bbox 1919 4619 3491 4693">
    <p class='ocr_par' dir='ltr' id='par_1_74' title="bbox 1919 4619 3491 4693">
     <span class='ocr_line' id='line_1_74' title="bbox 1919 4619 3491 4693; baseline -0.003 -15"><span class='ocrx_word' id='word_1_479' title='bbox 1919 4622 2167 4693; x_wconf 83' lang='lat' dir='ltr'><strong>Gregorii</strong></span> <span class='ocrx_word' id='word_1_480' title='bbox 2220 4620 2259 4685; x_wconf 91' lang='grc'><strong>1,</strong></span> <span class='ocrx_word' id='word_1_481' title='bbox 2300 4620 2360 4674; x_wconf 85' lang='grc' dir='ltr'><strong>Ρ.</strong></span> <span class='ocrx_word' id='word_1_482' title='bbox 2392 4621 2488 4685; x_wconf 83' lang='grc' dir='ltr'><strong>Μ.,</strong></span> <span class='ocrx_word' id='word_1_483' title='bbox 2521 4622 2761 4674; x_wconf 83' lang='lat' dir='ltr'><strong>vindicat</strong></span> <span class='ocrx_word' id='word_1_484' title='bbox 2795 4620 3120 4689; x_wconf 84' lang='lat' dir='ltr'><strong>Gregorium</strong></span> <span class='ocrx_word' id='word_1_485' title='bbox 3153 4619 3491 4689; x_wconf 82' lang='lat' dir='ltr'><strong>episeopum,</strong></span> 
     </span>
    </p>
   </div>
   <div class='ocr_carea' id='block_1_75' title="bbox 1917 4710 3498 4784">
    <p class='ocr_par' dir='ltr' id='par_1_75' title="bbox 1917 4710 3498 4784">
     <span class='ocr_line' id='line_1_75' title="bbox 1917 4710 3498 4784; baseline -0.002 -15"><span class='ocrx_word' id='word_1_486' title='bbox 1917 4729 2094 4783; x_wconf 85' lang='lat' dir='ltr'><strong>neque</strong></span> <span class='ocrx_word' id='word_1_487' title='bbox 2126 4714 2302 4784; x_wconf 91' lang='lat' dir='ltr'><strong>ipsum</strong></span> <span class='ocrx_word' id='word_1_488' title='bbox 2332 4712 2468 4766; x_wconf 90' lang='lat' dir='ltr'><strong>adeo</strong></span> <span class='ocrx_word' id='word_1_489' title='bbox 2510 4710 2874 4780; x_wconf 83' lang='lat' dir='ltr'><strong>Menologium</strong></span> <span class='ocrx_word' id='word_1_490' title='bbox 2924 4710 3282 4778; x_wconf 89' lang='lat' dir='ltr'><strong>Basiliauum,</strong></span> <span class='ocrx_word' id='word_1_491' title='bbox 3318 4728 3498 4781; x_wconf 90' lang='lat' dir='ltr'><strong>neque</strong></span> 
     </span>
    </p>
   </div>
   <div class='ocr_carea' id='block_1_76' title="bbox 1916 4800 3493 4873">
    <p class='ocr_par' dir='ltr' id='par_1_76' title="bbox 1916 4800 3493 4873">
     <span class='ocr_line' id='line_1_76' title="bbox 1916 4800 3493 4873; baseline -0.002 -15"><span class='ocrx_word' id='word_1_492' title='bbox 1916 4805 2138 4858; x_wconf 88' lang='lat' dir='ltr'><strong>tandem</strong></span> <span class='ocrx_word' id='word_1_493' title='bbox 2186 4803 2553 4873; x_wconf 83' lang='lat' dir='ltr'><strong>Epitomastes</strong></span> <span class='ocrx_word' id='word_1_494' title='bbox 2579 4802 2820 4866; x_wconf 67' lang='lat' dir='ltr'><strong>Graecus,</strong></span> <span class='ocrx_word' id='word_1_495' title='bbox 2858 4800 2952 4870; x_wconf 87' lang='lat' dir='ltr'><strong>qui</strong></span> <span class='ocrx_word' id='word_1_496' title='bbox 3001 4802 3067 4855; x_wconf 89' lang='lat' dir='ltr'><strong>ad</strong></span> <span class='ocrx_word' id='word_1_497' title='bbox 3117 4800 3409 4856; x_wconf 79' lang='lat' dir='ltr'><strong>Iustiniani</strong></span> <span class='ocrx_word' id='word_1_498' title='bbox 3445 4801 3493 4855; x_wconf 81' lang='lat' dir='ltr'><strong>ll</strong></span> 
     </span>
    </p>
   </div>
   <div class='ocr_carea' id='block_1_77' title="bbox 1915 4888 3487 4961">
    <p class='ocr_par' dir='ltr' id='par_1_77' title="bbox 1915 4888 3487 4961">
     <span class='ocr_line' id='line_1_77' title="bbox 1915 4888 3487 4961; baseline -0.001 -15"><span class='ocrx_word' id='word_1_499' title='bbox 1915 4891 2251 4947; x_wconf 81' lang='lat' dir='ltr'><strong>Rhiuotmeti</strong></span> <span class='ocrx_word' id='word_1_500' title='bbox 2325 4904 2568 4961; x_wconf 87' lang='lat' dir='ltr'><strong>tempora</strong></span> <span class='ocrx_word' id='word_1_501' title='bbox 2625 4890 2975 4960; x_wconf 86' lang='lat' dir='ltr'><strong>protrahunt.</strong></span> <span class='ocrx_word' id='word_1_502' title='bbox 3057 4888 3182 4946; x_wconf 81' lang='lat' dir='ltr'><strong>Hac</strong></span> <span class='ocrx_word' id='word_1_503' title='bbox 3237 4890 3487 4960; x_wconf 87' lang='lat' dir='ltr'><strong>Cajetaui</strong></span> 
     </span>
    </p>
   </div>
   <div class='ocr_carea' id='block_1_78' title="bbox 1914 4982 3495 5052">
    <p class='ocr_par' dir='ltr' id='par_1_78' title="bbox 1914 4982 3495 5052">
     <span class='ocr_line' id='line_1_78' title="bbox 1914 4982 3495 5052; baseline -0.002 -12"><span class='ocrx_word' id='word_1_504' title='bbox 1914 4986 2201 5040; x_wconf 83' lang='lat' dir='ltr'><strong>sententia</strong></span> <span class='ocrx_word' id='word_1_505' title='bbox 2228 4997 2630 5052; x_wconf 87' lang='lat' dir='ltr'><strong>summa,qua,</strong></span> <span class='ocrx_word' id='word_1_506' title='bbox 2662 4990 2721 5037; x_wconf 92' lang='lat' dir='ltr'><strong>ut</strong></span> <span class='ocrx_word' id='word_1_507' title='bbox 2757 4982 2940 5051; x_wconf 86' lang='lat' dir='ltr'><strong>specie</strong></span> <span class='ocrx_word' id='word_1_508' title='bbox 2973 4983 3089 5038; x_wconf 90' lang='lat' dir='ltr'><strong>veri</strong></span> <span class='ocrx_word' id='word_1_509' title='bbox 3116 4997 3225 5036; x_wconf 92' lang='lat' dir='ltr'><strong>non</strong></span> <span class='ocrx_word' id='word_1_510' title='bbox 3259 4984 3495 5038; x_wconf 63' lang='lat' dir='ltr'><strong>destitu-</strong></span> 
     </span>
    </p>
   </div>
   <div class='ocr_carea' id='block_1_79' title="bbox 1914 5073 3496 5147">
    <p class='ocr_par' dir='ltr' id='par_1_79' title="bbox 1914 5073 3496 5147">
     <span class='ocr_line' id='line_1_79' title="bbox 1914 5073 3496 5147; baseline -0.002 -15"><span class='ocrx_word' id='word_1_511' title='bbox 1914 5087 1986 5144; x_wconf 87' lang='lat' dir='ltr'><strong>ta,</strong></span> <span class='ocrx_word' id='word_1_512' title='bbox 2018 5079 2090 5131; x_wconf 88' lang='lat' dir='ltr'><strong>ita</strong></span> <span class='ocrx_word' id='word_1_513' title='bbox 2123 5092 2314 5147; x_wconf 90' lang='lat' dir='ltr'><strong>reapse</strong></span> <span class='ocrx_word' id='word_1_514' title='bbox 2369 5074 2536 5144; x_wconf 89' lang='lat' dir='ltr'><strong>(quod</strong></span> <span class='ocrx_word' id='word_1_515' title='bbox 2568 5073 2706 5128; x_wconf 89' lang='lat' dir='ltr'><strong>tanti</strong></span> <span class='ocrx_word' id='word_1_516' title='bbox 2746 5073 2850 5128; x_wconf 87' lang='lat' dir='ltr'><strong>viri</strong></span> <span class='ocrx_word' id='word_1_517' title='bbox 2885 5089 3020 5143; x_wconf 91' lang='lat' dir='ltr'><strong>pace</strong></span> <span class='ocrx_word' id='word_1_518' title='bbox 3064 5074 3318 5144; x_wconf 89' lang='lat' dir='ltr'><strong>dixerim)</strong></span> <span class='ocrx_word' id='word_1_519' title='bbox 3346 5091 3376 5129; x_wconf 90' lang='lat' dir='ltr'><strong>a</strong></span> <span class='ocrx_word' id='word_1_520' title='bbox 3401 5092 3496 5129; x_wconf 81' lang='lat' dir='ltr'><strong>ve-</strong></span> 
     </span>
    </p>
   </div>
   <div class='ocr_carea' id='block_1_80' title="bbox 1912 5164 3499 5234">
    <p class='ocr_par' dir='ltr' id='par_1_80' title="bbox 1912 5164 3499 5234">
     <span class='ocr_line' id='line_1_80' title="bbox 1912 5164 3499 5234; baseline -0.001 -14"><span class='ocrx_word' id='word_1_521' title='bbox 1912 5166 2073 5221; x_wconf 87' lang='lat' dir='ltr'><strong>ritate</strong></span> <span class='ocrx_word' id='word_1_522' title='bbox 2143 5180 2280 5220; x_wconf 87' lang='lat' dir='ltr'><strong>sane</strong></span> <span class='ocrx_word' id='word_1_523' title='bbox 2332 5180 2497 5234; x_wconf 80' lang='lat' dir='ltr'><strong>quam</strong></span> <span class='ocrx_word' id='word_1_524' title='bbox 2548 5164 2875 5229; x_wconf 86' lang='lat' dir='ltr'><strong>abhorrens,</strong></span> <span class='ocrx_word' id='word_1_525' title='bbox 2928 5165 3075 5232; x_wconf 89' lang='lat' dir='ltr'><strong>quod</strong></span> <span class='ocrx_word' id='word_1_526' title='bbox 3123 5180 3230 5218; x_wconf 88' lang='lat' dir='ltr'><strong>non</strong></span> <span class='ocrx_word' id='word_1_527' title='bbox 3288 5180 3399 5219; x_wconf 90' lang='lat' dir='ltr'><strong>uno</strong></span> <span class='ocrx_word' id='word_1_528' title='bbox 3455 5179 3499 5219; x_wconf 89' lang='lat' dir='ltr'><strong>e-</strong></span> 
     </span>
    </p>
   </div>
   <div class='ocr_carea' id='block_1_81' title="bbox 1910 5254 3495 5326">
    <p class='ocr_par' dir='ltr' id='par_1_81' title="bbox 1910 5254 3495 5326">
     <span class='ocr_line' id='line_1_81' title="bbox 1910 5254 3495 5326; baseline 0.001 -16"><span class='ocrx_word' id='word_1_529' title='bbox 1910 5258 2088 5326; x_wconf 85' lang='lat' dir='ltr'><strong>eapite</strong></span> <span class='ocrx_word' id='word_1_530' title='bbox 2119 5256 2340 5325; x_wconf 90' lang='lat' dir='ltr'><strong>planum</strong></span> <span class='ocrx_word' id='word_1_531' title='bbox 2374 5271 2460 5310; x_wconf 92' lang='lat' dir='ltr'><strong>me</strong></span> <span class='ocrx_word' id='word_1_532' title='bbox 2516 5254 2790 5310; x_wconf 81' lang='lat' dir='ltr'><strong>facturum</strong></span> <span class='ocrx_word' id='word_1_533' title='bbox 2835 5255 3072 5310; x_wconf 86' lang='lat' dir='ltr'><strong>conﬁdo.</strong></span> <span class='ocrx_word' id='word_1_534' title='bbox 3119 5255 3310 5324; x_wconf 84' lang='lat' dir='ltr'><strong>Itaque</strong></span> <span class='ocrx_word' id='word_1_535' title='bbox 3348 5257 3495 5311; x_wconf 86' lang='lat' dir='ltr'><strong>rele--</strong></span> 
     </span>
    </p>
   </div>
   <div class='ocr_carea' id='block_1_82' title="bbox 1910 5346 3489 5418">
    <p class='ocr_par' dir='ltr' id='par_1_82' title="bbox 1910 5346 3489 5418">
     <span class='ocr_line' id='line_1_82' title="bbox 1910 5346 3489 5418; baseline -0.002 -16"><span class='ocrx_word' id='word_1_536' title='bbox 1910 5364 2031 5418; x_wconf 86' lang='lat' dir='ltr'><strong>gam</strong></span> <span class='ocrx_word' id='word_1_537' title='bbox 2065 5346 2422 5402; x_wconf 85' lang='lat' dir='ltr'><strong>Leontianam</strong></span> <span class='ocrx_word' id='word_1_538' title='bbox 2470 5347 2777 5412; x_wconf 88' lang='lat' dir='ltr'><strong>historiam,</strong></span> <span class='ocrx_word' id='word_1_539' title='bbox 2826 5354 2965 5412; x_wconf 91' lang='lat' dir='ltr'><strong>tum,</strong></span> <span class='ocrx_word' id='word_1_540' title='bbox 3014 5360 3139 5415; x_wconf 82' lang='lat' dir='ltr'><strong>qua</strong></span> <span class='ocrx_word' id='word_1_541' title='bbox 3179 5346 3489 5399; x_wconf 80' lang='lat' dir='ltr'><strong>evertenda</strong></span> 
     </span>
    </p>
   </div>
   <div class='ocr_carea' id='block_1_83' title="bbox 1909 5439 3489 5510">
    <p class='ocr_par' dir='ltr' id='par_1_83' title="bbox 1909 5439 3489 5510">
     <span class='ocr_line' id='line_1_83' title="bbox 1909 5439 3489 5510; baseline -0.001 -16"><span class='ocrx_word' id='word_1_542' title='bbox 1909 5440 2185 5510; x_wconf 85' lang='lat' dir='ltr'><strong>Cajetana</strong></span> <span class='ocrx_word' id='word_1_543' title='bbox 2215 5439 2461 5508; x_wconf 90' lang='lat' dir='ltr'><strong>opinioni</strong></span> <span class='ocrx_word' id='word_1_544' title='bbox 2499 5447 2814 5505; x_wconf 86' lang='lat' dir='ltr'><strong>occurrunt,</strong></span> <span class='ocrx_word' id='word_1_545' title='bbox 2852 5453 3177 5507; x_wconf 87' lang='lat' dir='ltr'><strong>proponam,</strong></span> <span class='ocrx_word' id='word_1_546' title='bbox 3209 5447 3489 5506; x_wconf 87' lang='lat' dir='ltr'><strong>postremo</strong></span> 
     </span>
    </p>
   </div>
   <div class='ocr_carea' id='block_1_84' title="bbox 1907 5533 3491 5605">
    <p class='ocr_par' dir='ltr' id='par_1_84' title="bbox 1907 5533 3491 5605">
     <span class='ocr_line' id='line_1_84' title="bbox 1907 5533 3491 5605; baseline -0.003 -15"><span class='ocrx_word' id='word_1_547' title='bbox 1907 5535 2085 5591; x_wconf 91' lang='lat' dir='ltr'><strong>dicam</strong></span> <span class='ocrx_word' id='word_1_548' title='bbox 2140 5550 2262 5605; x_wconf 79' lang='lat' dir='ltr'><strong>qua</strong></span> <span class='ocrx_word' id='word_1_549' title='bbox 2290 5534 2467 5589; x_wconf 90' lang='lat' dir='ltr'><strong>sentio</strong></span> <span class='ocrx_word' id='word_1_550' title='bbox 2522 5534 2589 5589; x_wconf 84' lang='lat' dir='ltr'><strong>tle</strong></span> <span class='ocrx_word' id='word_1_551' title='bbox 2622 5533 2870 5603; x_wconf 85' lang='lat' dir='ltr'><strong>Gregorii</strong></span> <span class='ocrx_word' id='word_1_552' title='bbox 2910 5542 3087 5597; x_wconf 76' lang='lat' dir='ltr'><strong>atate,</strong></span> <span class='ocrx_word' id='word_1_553' title='bbox 3118 5545 3292 5601; x_wconf 90' lang='lat' dir='ltr'><strong>eaque</strong></span> <span class='ocrx_word' id='word_1_554' title='bbox 3321 5546 3491 5602; x_wconf 79' lang='lat' dir='ltr'><strong>argu-</strong></span> 
     </span>
    </p>
   </div>
   <div class='ocr_carea' id='block_1_85' title="bbox 1902 5628 2816 5696">
    <p class='ocr_par' dir='ltr' id='par_1_85' title="bbox 1902 5628 2816 5696">
     <span class='ocr_line' id='line_1_85' title="bbox 1902 5628 2816 5696; baseline -0.005 -13"><span class='ocrx_word' id='word_1_555' title='bbox 1902 5638 2211 5683; x_wconf 88' lang='lat' dir='ltr'><strong>mentorum</strong></span> <span class='ocrx_word' id='word_1_556' title='bbox 2241 5628 2478 5696; x_wconf 89' lang='lat' dir='ltr'><strong>pondere</strong></span> <span class='ocrx_word' id='word_1_557' title='bbox 2507 5628 2816 5682; x_wconf 84' lang='lat' dir='ltr'><strong>lirmavero.</strong></span> 
     </span>
    </p>
   </div>
   <div class='ocr_carea' id='block_1_86' title="bbox 1971 5716 3479 5791">
    <p class='ocr_par' dir='ltr' id='par_1_86' title="bbox 1971 5716 3479 5791">
     <span class='ocr_line' id='line_1_86' title="bbox 1971 5716 3479 5791; baseline 0 -17"><span class='ocrx_word' id='word_1_558' title='bbox 1971 5721 2174 5791; x_wconf 74' lang='lat' dir='ltr'><strong>ll.Age</strong></span> <span class='ocrx_word' id='word_1_559' title='bbox 2230 5721 2342 5788; x_wconf 84' lang='lat' dir='ltr'><strong>jam</strong></span> <span class='ocrx_word' id='word_1_560' title='bbox 2378 5718 2637 5775; x_wconf 79' lang='lat' dir='ltr'><strong>Leontius</strong></span> <span class='ocrx_word' id='word_1_561' title='bbox 2681 5718 2891 5789; x_wconf 84' lang='lat' dir='ltr'><strong>patrios</strong></span> <span class='ocrx_word' id='word_1_562' title='bbox 2956 5717 3103 5774; x_wconf 85' lang='lat' dir='ltr'><strong>lares</strong></span> <span class='ocrx_word' id='word_1_563' title='bbox 3158 5716 3479 5777; x_wconf 81' lang='lat' dir='ltr'><strong>deseruisse</strong></span> 
     </span>
    </p>
   </div>
  </div>
