3928 6206
401 237 542 307 1183
1290 242 1392 304 DE
1430 243 1694 307 ιΕΤΑΤΕ
1729 248 1790 309 8.
1816 247 2001 312 ῦΒΕΕ

2105 252 2193 314 {II
2233 249 2708 315 AGRIGENTIN
2716 253 2744 314 Ι
3539 253 3720 325 1184

397 354 726 425 Gregorium
767 351 1142 424 Hierosolyma
1180 355 1509 426 cogitantem
1561 358 1755 415 scribit
1797 361 1974 431 pridie
2002 347 2047 422 Ᾰ
2077 378 2202 428 nus,
2237 362 2562 434 Epltt'eemus
2596 364 2974 421 Antiocltenus
2998 406 3014 431 ,
3058 362 3254 423 Petrus
3291 366 3717 440 «ιρι-0801ςωί-

400 443 521 501 Kal.
554 441 690 511 Jul.,
723 458 848 499 cum
892 458 1101 498 annum
1131 450 1318 514 ageret
1362 446 1450 512 18,
1481 448 1715 518 navique
1747 451 1979 521 intposi-
2080 456 2248 506 ‘Ianus
2284 451 2549 522 episcopi.
2583 451 2811 507 lubente
2838 469 2899 508 eo
2928 453 3056 523 (hoc
3093 463 3178 510 est
3212 451 3569 524 Iustiniano,
3612 460 3720 514 ait

403 544 518 591 tum
555 534 943 604 Carthaginem
974 534 1257 604 appulisse
1294 547 1416 607 post
1464 547 1578 595 tres
1629 541 1768 608 dies,
1796 543 1980 613 ibique
2085 542 2374 598 Liberatus
2398 559 2518 614 cap.
2555 544 2627 600 25
2657 544 2945 616 Brevisrii)
3004 548 3213 602 dictata
3246 557 3324 603 est
3374 550 3434 603 in
3475 549 3717 621 Orige-

414 627 653 697 linspitio
672 642 702 681 a
733 626 993 686 nauclero
1019 627 1137 696 ipso
1163 638 1473 699 exceptum,
1491 631 1585 700 qui
1623 646 1691 687 eo
1722 633 1977 700 duxerat,
2086 648 2222 696 nem,
2256 645 2307 688 et
2338 635 2437 688 illa
2473 636 2723 705 Capitula
2749 639 3107 693 anathemati:
3130 639 3410 694 damnatio
3448 683 3469 708 ,
3513 658 3717 711 quas:

403 718 589 773 tandiu
614 717 953 782 consedisse,
984 720 1164 787 quoad
1223 719 1438 775 Marcus
1471 724 1774 779 monachus
1808 723 1980 780 Roma
2084 723 2462 779 subscribentes
2510 741 2617 779 una
2678 740 2798 778 eum
2864 725 3019 780 Mena
3074 730 3480 796 archiepiscopo
3535 732 3713 797 apud

407 809 693 864 advenerit
718 823 845 863 cum
879 806 1202 878 Serapione,
1226 820 1281 866 et
1324 810 1576 878 Leontio,
1614 813 1707 883 qui
1732 813 1833 885 (sic
1864 830 1984 870 mo-
2087 813 2601 885 Constantinopolim
2634 820 2849 886 reperti,
2870 819 3064 873 deinde
3102 820 3307 874 directa
3339 831 3418 875 est
3479 821 3717 890 Vigilio

404 911 570 958 nente
612 900 746 970 Deo)
785 901 1165 973 Hierosolyma
1220 903 1546 960 deduceret:
1591 914 1901 961 transactos
1949 923 1983 964 a
2089 905 2329 960 Romano
2356 910 2617 977 episcopo,
2651 907 2804 964 Zailo
2846 908 3212 964 Alexandrino
3248 953 3263 975 ,
3318 911 3715 981 Euphrcnsio

404 991 756 1062 Carthaginis
781 993 1009 1047 decessu
1040 993 1108 1046 ad
1148 992 1656 1066 Hierosolymorum
1691 997 1984 1052 adventum
2089 997 2433 1063 Antiocheno,
2460 1008 2509 1053 el
2554 997 2713 1053 Petra
2759 998 3209 1070 Jerosolymitano
3241 1042 3258 1068 ,
3301 1002 3512 1071 quibus
3569 1019 3716 1055 ecus

408 1097 623 1137 menses
642 1080 694 1145 6.
731 1082 823 1137 ubi
854 1099 884 1137 a
915 1083 1154 1138 Macario
1184 1086 1303 1151 eius
1336 1088 1490 1143 urbis
1523 1088 1782 1157 episcopo
1818 1088 1982 1160 297
2089 1085 2464 1153 accipientibus
2488 1084 2739 1156 Origenes
2764 1086 3051 1141 damnatus
3100 1096 3180 1141 est
3238 1101 3493 1143 mortuus
3531 1129 3553 1157 ,
3601 1092 3715 1159 qui

408 1171 726 1228 Pentecoste
755 1213 771 1239 ,
826 1190 948 1244 qua:
1007 1177 1256 1245 proxime
1290 1178 1551 1244 obvenit,
1588 1180 1852 1235 diaconus
1868 1180 1988 1236 l'ue-
2091 1177 2236 1231 vivus
2275 1176 2404 1230 olim
2435 1175 2614 1245 fuerat
2649 1186 2769 1230 ante
2813 1176 3122 1232 damnatus.
3166 1176 3440 1233 Baronius
3484 1179 3713 1235 isthac

390 1264 482 1335 ﬁt
507 1266 771 1320 initiatus:
792 1267 1024 1321 subinde
1048 1283 1178 1323 vero
1199 1269 1382 1325 abisse
1420 1269 1476 1324 itt
1527 1269 1799 1326 Olivetum
1826 1288 1987 1329 mon-
2091 1267 2378 1335 consignat
2401 1265 2469 1320 ad
2498 1280 2705 1319 annum
2734 1266 2855 1332 546,
2889 1266 2982 1323 sed
3008 1266 3174 1337 Pagio
3204 1268 3493 1323 assentior
3518 1310 3541 1335 ,
3596 1270 3711 1339 qui

413 1364 545 1419 tem,
582 1357 675 1411 ubi
703 1373 907 1412 annum
937 1359 1208 1428 integrum
1240 1360 1587 1417 diversatus:
1620 1362 1746 1418 inde
1782 1363 1837 1417 in
1868 1379 1988 1419 ere-
2093 1356 2315 1412 bieﬂllio
2339 1356 2607 1425 εηιὶεἱραι
2641 1357 2731 1426 (ad
2764 1371 2893 1410 ann-
2928 1356 3078 1427 544).
3114 1356 3215 1422 Qui
3240 1357 3410 1426 igitur
3446 1357 3711 1427 Caietae-

413 1462 561 1505 mum
589 1449 909 1513 secessisse,
929 1450 983 1503 in
1003 1465 1111 1519 qua
1133 1466 1308 1506 annos
1330 1468 1383 1505 tv
1403 1451 1991 1510 delituitzhincﬂiero-
2093 1462 2201 1503 nus
2234 1445 2700 1518 Ierosolymnrum
2729 1447 2887 1504 nobis
2915 1447 3235 1517 episcopum
3268 1449 3537 1504 obtrudit
3572 1448 3710 1504 Ila-

414 1536 623 1606 solytna
649 1552 952 1601 reversum,
989 1537 1231 1593 Macario
1255 1540 1434 1595 adhuc
1474 1541 1765 1609 pontiﬁce,
1801 1558 1989 1598 mora-
2093 1537 2304 1593 carium
2356 1551 2447 1590 an.
2479 1536 2602 1601 542,
2640 1552 2763 1592 cum
2801 1536 2978 1592 adhuc
3024 1552 3169 1593 anno
3216 1538 3320 1593 514
3372 1540 3706 1610 episcopa-

414 1633 639 1696 tumque
696 1641 901 1682 annum
946 1644 1140 1693 unttm,
1209 1629 1334 1685 inde
1378 1629 1722 1687 Antiochiam
1776 1631 1990 1705 Syr-im]
2097 1635 2210 1680 tum
2237 1634 2447 1696 gereret
2471 1624 2826 1696 Petrnsiqui
2857 1625 3154 1695 Gregorius
3186 1643 3216 1682 a
3250 1626 3504 1682 Macario
3542 1643 3703 1682 non—

415 1713 760 1782 metropolim
810 1714 1151 1784 demigrasse
1192 1731 1247 1770 tv
1295 1716 1370 1771 ld.
1414 1717 1639 1787 Aprilis,
1668 1719 1855 1788 ibique
1889 1736 1989 1775 an-
2023 1715 2065 1771 Β
2093 1714 2222 1768 dum
2255 1714 2512 1784 episcopo
2532 1714 2800 1770 diaconus
2824 1717 3154 1771 constitutus
3178 1731 3323 1770 anno
3346 1718 3507 1771 543?
3541 1714 3704 1773 Sane

415 1821 544 1860 num
591 1805 798 1875 egisse;
828 1806 959 1862 hinc
977 1806 1533 1879 Constantinopolim,
1558 1810 1994 1883 interfuisseque

414 1897 628 1968 synodo
655 1898 1033 1961 (ecumcnicaa,
1081 1914 1256 1969 eaque
1319 1900 1545 1957 dimissa
1599 1901 1828 1957 Romam
1868 1919 1997 1974 pro-

417 1984 642 2053 fectum,
704 2002 816 2057 quo
873 1991 1121 2058 pervenit
1153 2006 1206 2044 st
1261 1987 1390 2045 Kal.
1416 1990 1732 2057 Quintileis,
1762 2008 1996 2063 moxque

416 2076 734 2144 episcopum
766 2076 1141 2146 Agrigentinus
1179 2076 1438 2136 Ecclesia;
1472 2082 1874 2138 renuntiatum.
1918 2083 1997 2139 Ex

418 2164 521 2218 hac
555 2164 766 2219 Leontii
815 2171 1133 2222 narratione
1199 2168 1348 2224 hunc
1406 2171 1600 2226 statuit
1636 2170 1999 2244 Chronologi-

419 2270 596 2311 smum
617 2256 913 2327 Cajetanus
938 2275 953 2312 :

493 2346 620 2401 512.
655 2364 789 2404 xvttt
820 2366 980 2420 agens
1023 2364 1223 2403 annum
1250 2349 1315 2403 ab
1350 2353 1536 2420 angelo
1565 2350 1795 2409 monitus
1828 2355 2000 2425 pridie

428 2435 557 2494 Kal.
584 2439 724 2494 Julii
775 2442 993 2512 fugam,
1035 2450 1086 2496 et
1138 2443 1616 2512 peregrinationem
1649 2443 2000 2517 Jerosolymi-

424 2542 605 2584 lanam
631 2534 875 2602 capessit.

494 2623 621 2677 5l5.
645 2624 776 2678 Post
808 2642 1006 2680 menses
1031 2626 1140 2695 fere
1172 2640 1225 2679 Vl
1246 2665 1261 2690 ,
1304 2622 1693 2695 Jerosolymam
1744 2628 1995 2695 peruenit,

426 2731 682 2786 sacraque
724 2715 841 2771 loca
902 2725 1208 2779 ueneratur,
1268 2715 1358 2768 ubi
1410 2718 1611 2770 sanctis
1665 2716 1998 2774 Pentecostes

427 2806 608 2861 diebus
651 2825 684 2860 a
717 2807 955 2862 Macario
988 2809 1230 2877 episcopo
1254 2804 1701 2878 Jerosolymitano
1744 2810 2001 2865 diaconus

427 2898 732 2952 ordinatur.

500 2988 628 3043 544.
670 2988 843 3042 Paulo
865 2998 982 3056 post
1013 2994 1204 3046 montis
1268 2991 1459 3049 Oliveti
1506 2988 1831 3044 monasteria
1868 2986 1998 3053 obit,

429 3091 586 3150 atque
610 3079 664 3131 in
695 3079 761 3131 iis
792 3096 990 3133 annum
1014 3080 1331 3137 diversatur.

498 3170 626 3225 549.
666 3168 749 3224 Ea:
802 3169 1004 3227 Oliueto
1069 3174 1123 3228 in
1160 3190 1392 3228 eremum
1444 3173 1745 3228 interiorem
1776 3171 2001 3239 secedit,

427 3253 475 3315 et
530 3278 699 3317 annos
778 3278 831 3315 tv
901 3267 1042 3334 apul
1094 3281 1270 3320 senem
1348 3264 1632 3335 quemdam
1690 3278 1996 3317 commora-

435 3363 540 3408 ων.

504 3444 630 3500 550.
661 3444 991 3518 Jerosolgma
1038 3448 1172 3501 redit
1218 3447 1286 3502 ad
1328 3445 1628 3501 Macarium
1668 3445 2005 3515 episcopum:

434 3536 519 3589 hic
565 3552 727 3589 unum
777 3554 973 3591 annum
1014 3538 1174 3607 agit:
1219 3552 1342 3592 mox
1385 3537 1721 3591 Antiochiam
1757 3535 2008 3607 proficis-

434 3625 576 3679 citur
607 3642 658 3680 tv
692 3624 822 3681 ldus
854 3627 1076 3696 Aprilis.
1647 3669 1653 3675 ο

507 3714 631 3770 552.
671 3714 771 3771 Ubi
800 3733 996 3772 annum
1019 3718 1316 3773 Antiochiae
1338 3719 1533 3789 exegit,
1560 3716 2008 3787 Constantinopo-

434 3806 527 3861 lim
560 3808 694 3863 adit.

507 3900 632 3955 555.
663 3898 746 3954 lbi
777 3900 977 3969 synodo
1018 3900 1261 3969 interfuit
1297 3941 1314 3966 ,
1360 3917 1477 3972 qua:
1528 3900 1711 3954 habita
1746 3909 1824 3955 est
1869 3915 2008 3954 anno

439 3988 638 4046 Christi
691 3989 814 4056 553,
861 4006 894 4043 α
923 3993 1121 4060 synodo
1171 3994 1353 4044 statim
1403 3990 1627 4045 Romam
1663 3990 1895 4058 pervenit
1953 4005 2008 4045 xt

441 4081 566 4138 Kal.
595 4080 750 4148 Julii,
784 4090 1089 4137 sanctorum
1132 4080 1493 4151 apostolorum
1518 4080 1761 4150 sepulcra
1796 4096 2009 4134 uenera-

444 4183 650 4315 mrggb.
711 4259 816 4315 Hic
871 4276 903 4313 a
948 4258 1189 4314 Romano
1242 4258 1491 4329 pontiﬁce
1552 4257 1837 4312 ordinatur
1898 4260 2010 4327 epi-

2027 3037 2074 3098 C

2095 1802 2312 1866 Petrus.
2343 1804 2436 1875 qui
2458 1802 2752 1859 Justiniani
2786 1805 2966 1861 edicto
3027 1808 3364 1876 astipulatus
3390 1850 3407 1874 ,
3448 1808 3698 1866 ieroso-

2094 1894 2393 1965 lymitanus
2426 1894 2671 1965 pontifex
2704 1896 2881 1950 audiit
2927 1911 3072 1951 anno
3112 1896 3219 1951 525
3241 1938 3259 1964 ,
3304 1912 3422 1967 quo
3455 1897 3693 1954 Joanni

2096 1988 2384 2043 successit.
2413 1986 2607 2043 Nullus
2631 1989 2798 2059 igitur
2829 1997 2957 2043 ante
2992 1988 3211 2043 Petrum
3242 1989 3560 2057 Macarius,
3594 1995 3695 2062 qui

2095 2077 2342 2133 diaconis
2392 2078 2711 2148 ascripserit
2758 2075 3107 2148 Gregorium.
3147 2077 3335 2149 Itaque
3382 2080 3699 2136 characte-

2096 2186 2212 2225 rem
2248 2169 2471 2225 Macarii
2518 2173 2871 2240 episcopatus
2904 2170 3265 2226 obsistentem
3311 2171 3423 2226 sibi
3472 2174 3693 2229 sentiat

2095 2263 2412 2334 Caietanus,
2443 2263 2539 2333 qui
2575 2261 2901 2334 Gregorium
2933 2262 3001 2317 ad
3029 2260 3327 2318 Justiniani
3365 2263 3391 2319 ι
3424 2273 3691 2336 tempora

2096 2356 2295 2410 elevat.

2168 2443 2259 2499 Ν.
2289 2443 2429 2511 Quid
2455 2457 2586 2499 vero
2627 2442 2770 2512 quod
2810 2440 3045 2505 Pascha,
3099 2443 3241 2512 quod
3282 2441 3691 2516 Hierosolymis

2096 2533 2333 2590 confecit
2362 2532 2683 2603 Gregorius,
2709 2534 2966 2589 convenit
3008 2534 3062 2588 in
3094 2532 3128 2588 6
3165 2533 3388 2603 Aprilis,
3431 2539 3691 2606 quando-

2098 2627 2316 2695 quidem
2364 2625 2523 2679 tradit
2581 2624 2877 2689 Leontius,
2933 2623 3085 2680 illinc
3139 2623 3378 2680 Marcum
3426 2624 3690 2697 Gregorii

2099 2719 2288 2773 ducem
2323 2717 2638 2772 discessisse
2660 2732 2772 2771 xvu
2829 2715 2954 2770 Kal.
3014 2714 3154 2770 Maii
3215 2716 3384 2771 altero
3450 2735 3487 2770 a
3553 2735 3691 2773 non

2102 2808 2381 2863 Dominica
2416 2824 2419 2829 ·
2460 2808 2547 2861 die
2574 2807 2601 2863 2
2673 2807 2818 2861 Nova
2884 2805 3165 2861 Dominica
3246 2809 3391 2876 apud
3462 2809 3691 2867 Graeca

2099 2902 2323 2972 perinde
2374 2899 2739 2969 erat',.atqne,
2757 2898 3077 2954 Latinorum
3127 2898 3412 2956 Dominica
3453 2902 3512 2954 in
3541 2902 3687 2958 albis

2102 2994 2353 3061 depositis
2375 3010 2395 3057 ;
2421 2993 2493 3046 ita
2518 3005 2646 3046 vero
2674 2991 2838 3059 dicta,
2875 2990 2992 3047 sive
3013 2991 3156 3061 quod
3183 2992 3445 3046 universa
3474 2993 3689 3049 hebdo-

2105 3100 2243 3151 mas,
2303 3098 2425 3154 quae
2498 3081 2707 3139 Pascha
2784 3085 3243 3150 consequebatur,
3293 3083 3733 3157 5taxatvlcpoc.

2107 3179 2177 3232 ab
2209 3179 2277 3233 iis
2307 3184 2611 3242 vocaretur,
2641 3190 2818 3246 eoque
2846 3190 2987 3229 nova
3023 3174 3231 3242 singula
3253 3174 3441 3242 eiusce
3479 3175 3689 3231 δώω-

2105 3269 2283 3325 madis
2321 3269 2460 3331 dies,
2491 3268 2608 3323 sive
2653 3267 2795 3336 quod
2830 3266 3238 3322 ecclesiasticus
3284 3282 3471 3323 annus
3503 3281 3537 3321 a
3585 3266 3689 3321 Pa-

2105 3358 2290 3414 schate
2351 3357 2552 3420 iniret,
2611 3356 2753 3427 quod
2807 3356 2926 3424 ipse
2981 3354 3159 3409 innuit
3212 3354 3507 3421 Leontius,
3558 3358 3685 3412 dum

2106 3448 2377 3511 dicturus,
2427 3447 2689 3517 postridie
2726 3444 3013 3502 Pascltatis
3041 3446 3427 3517 episcoporum
3466 3461 3687 3503 conses-

2107 3555 2225 3596 sum
2261 3539 2446 3595 Rotnaa
2485 3538 2814 3605 habendum,
2851 3538 2903 3593 in
2934 3552 3046 3607 quo
3074 3538 3307 3604 crimen,
3347 3539 3517 3608 cujus
3556 3539 3687 3595 Gre-

2106 3629 2290 3700 gorius
2338 3627 2707 3690 insimulatus,
2752 3627 3113 3694 judicaretur,
3142 3627 3445 3682 secundum
3478 3637 3683 3683 tantum

2107 3720 2248 3775 diem
2273 3718 2563 3787 designat:
2596 3718 2864 3787 Affirmant
2892 3716 2975 3770 illi
3027 3716 3332 3787 (inquiens)
3377 3718 3598 3772 audisse
3631 3733 3684 3771 ss

2108 3811 2172 3867 de
2204 3811 2474 3887 hominum
2504 3800 2732 3865 aduentu
2753 3827 2775 3864 :
2803 3821 2915 3864 erat
2956 3818 3134 3864 autem
3190 3809 3511 3874 Parasceve,
3567 3828 3683 3865 cura

2109 3899 2443 3956 aduenerant.
2465 3899 2943 3971 lgiturpontiﬁcem
2966 3899 3042 3951 sic
3064 3896 3410 3968 alloquuntur
3423 3901 3684 3967 episcopi:

2108 3990 2319 4046 Jubesis
2359 3991 2632 4060 episcopos
2681 3993 2819 4045 coire
2851 4004 3061 4053 omnes,
3099 4004 3163 4042 ac
3190 3990 3237 4043 si
3288 3989 3385 4043 Dei
3442 3992 3681 4044 uolunta

2111 4082 2414 4146 tulerit,die
2442 4080 2670 4135 secundo
2688 4079 2951 4133 decernito
2977 4095 2998 4144 ;
3023 4090 3077 4133 et
3105 4094 3230 4132 mox
3262 4094 3464 4134 nonum
3500 4095 3682 4134 nume-

2112 4182 2199 4229 rat
2225 4173 2389 4237 diem,
2414 4173 2506 4243 qui
2537 4180 2687 4227 certe
2733 4186 2761 4223 a
2788 4168 3056 4225 Paschate
3092 4186 3107 4224 :
3163 4167 3229 4223 Ut
3288 4179 3468 4224 autem
3518 4186 3679 4224 nanus

2113 4262 2288 4330 adfuit
2310 4262 2442 4324 dies,
2478 4260 2695 4313 mandat
2741 4257 2978 4328 pontifex
3027 4273 3135 4312 rem
3180 4258 3417 4311 diuinam
3475 4265 3678 4326 peragat

440 4371 632 4425 scapus
689 4355 985 4427 Agrigenti,
1038 4354 1177 4425 quod
1240 4371 1274 4409 a
1335 4352 1553 4424 Pelagio
1596 4353 1801 4424 factum
1854 4369 2008 4424 θρονο-
2041 4384 2087 4440 D
2116 4349 2418 4440 Gregorius.
2450 4346 2636 4417 Neque
2655 4345 2985 4440 aliter‘Gnlli
3017 4344 3279 4440 etiielgse
3308 4360 3512 4400 annum
3535 4361 3679 4400 suum

445 4446 569 4500 tuit.

444 4535 601 4592 Nunc
628 4537 811 4593 omnia
842 4536 909 4593 ad
936 4551 1166 4593 examen
1196 4550 1477 4591 vocemus.

2112 4438 2486 4499 ordiebantur,
2523 4436 2669 4504 quod
2722 4434 2937 4508 tandem
2980 4435 3048 4488 ab
3088 4433 3174 4487 bis
3202 4434 3527 4502 abrogatum
3550 4447 3680 4487 anno

2115 4530 2278 4595 1577,
2305 4529 2374 4583 ab
2407 4528 2515 4582 illis
2540 4541 2685 4582 anno
2713 4526 2873 4581 1564.
2904 4523 3056 4595 (Pag.
3077 4525 3132 4579 itt
3162 4523 3285 4579 Per.
3314 4523 3678 4579 Graeco—Dom.

519 4629 605 4687 lll.
660 4629 832 4686 Porro
884 4629 1179 4700 Cajetanus
1224 4629 1292 4685 ad
1348 4628 1571 4685 Macarii
1617 4628 1766 4700 quod
1823 4629 2019 4684 attinet
2115 4636 2268 4677 num.
2300 4619 2413 4688 15).
2441 4617 2560 4673 Jatn
2593 4618 2638 4673 si
2673 4619 2944 4673 secundus
2978 4618 3045 4670 ab
3075 4632 3211 4671 nova
3249 4616 3540 4671 Dominica
3574 4616 3680 4670 dies

447 4720 848 4791 pontiﬁcatum,
880 4722 956 4776 ait
999 4722 1197 4776 initum
1244 4721 1398 4777 illum
1423 4761 1441 4786 ,
1480 4720 1718 4777 Baronio
1768 4730 2001 4776 auctore.

2118 4711 2350 4766 incurrit
2373 4711 2426 4765 in
2457 4709 2524 4764 15
2544 4708 2769 4778 Aprilis,
2801 4722 2932 4777 ergo
2980 4705 3187 4761 Pascha
3241 4707 3296 4762 itt
3343 4707 3377 4761 6
3423 4707 3678 4777 ejusdem.

450 4829 593 4869 anno
623 4813 726 4868 διδ
756 4814 1002 4885 (emenda
1039 4815 1188 4885 546),
1235 4830 1304 4868 ax
1362 4814 1595 4868 aliorum
1645 4828 1774 4867 vero
1797 4820 2017 4867 serue“-
2118 4803 2200 4857 Αη
2236 4802 2415 4857 isthuc
2440 4800 2812 4871 expriutemus
2851 4815 2883 4853 a
2914 4798 3156 4868 Cajetani
3189 4798 3682 4867 CIIIODOlogismO?

452 4905 526 4959 tia
555 4918 697 4957 anno
721 4906 1034 4974 superiore;
1061 4906 1155 4960 sed
1198 4904 1294 4974 qui
1331 4913 1509 4958 tamen
1568 4903 1897 4974 repetendus
1946 4904 2001 4958 al

2121 4907 2210 4947 an.
2245 4892 2349 4947 545
2378 4891 2692 4962 agitabatur
2742 4888 2812 4943 20
2866 4888 3001 4959 cycli
3064 4886 3283 4951 solaris,
3344 4886 3413 4941 12
3471 4888 3679 4949 lunaris,

453 5009 601 5049 anno
628 4993 809 5047 saltim
846 4992 971 5055 542,
998 4994 1219 5063 quando
1265 5008 1413 5048 anno
1444 4994 1568 5054 545,
1605 5009 1716 5062 quo
1742 4991 2023 5065 Jcrosoly-
2123 4984 2352 5056 proinde
2374 4985 2557 5038 littera
2586 4980 2941 5036 Dominicalis
2969 4979 3034 5044 D,
3065 4981 3335 5034 terminus
3355 4978 3681 5034 Paschalist

456 5103 542 5143 ma
573 5087 850 5157 ingressus
898 5085 1201 5157 Gregorius
1242 5124 1259 5150 ,
1313 5086 1427 5155 jam
1490 5085 1750 5141 Ecclesia:
1793 5101 1999 5155 praeera

2122 5077 2348 5148 Aprilis,
2414 5075 2625 5130 Pascha
2676 5074 2745 5128 12
2773 5073 3043 5142 ejusdem.
3073 5088 3196 5125 nant
3233 5071 3502 5125 terminus
3537 5072 3589 5124 in
3616 5069 3679 5124 ie.

458 5179 748 5243 Macarius,
790 5176 1021 5233 Leontio
1058 5185 1228 5248 teste.
1260 5175 1359 5231 Hic
1394 5178 1574 5247 primo
1616 5177 1752 5232 mihi
1797 5194 1887 5233 res
1920 5178 2029 5233 erit
2128 5172 2264 5226 riam
2301 5169 2332 5223 7
2369 5168 2523 5231 exiit.
2564 5181 2738 5236 eoque
2770 5163 2986 5220 Pascha
3023 5162 3435 5218 dilfundendum
3484 5163 3536 5216 in
3568 5166 3680 5215 alle-

456 5284 585 5327 cum
613 5267 893 5337 Cajetano,
928 5268 1023 5338 qui
1065 5266 1362 5324 Macarium
1408 5266 1874 5339 Jerosolymorum
1911 5268 2030 5338 epi-
2126 5278 2244 5318 ram
2297 5260 2661 5326 Dontitticam,
2705 5272 2773 5312 ne
2799 5271 2922 5313 cum
2953 5254 3155 5310 ludatis
3178 5253 3589 5318 conveniretur,
3612 5250 3679 5305 vel

458 5377 684 5429 scopum
722 5367 870 5414 ratus
899 5374 1044 5413 anno
1072 5358 1197 5423 542,
1236 5359 1385 5428 quod
1436 5358 1667 5413 minime
1717 5357 2028 5415 ferendum.
2130 5355 2165 5411 5
2195 5353 2422 5425 Aprilis,
2453 5350 2721 5420 siquidem
2750 5365 2870 5404 mos
2898 5348 3002 5404 iste
3055 5346 3197 5416 apud
3249 5344 3677 5416 llierosolyntita-

462 5452 751 5508 Enimvero
781 5449 1177 5507 Justinianusl
1213 5464 1360 5505 anno
1403 5448 1528 5516 544,
1581 5450 1818 5504 edictum
1863 5448 2033 5504 edidit
2133 5463 2259 5503 nam
2294 5445 2591 5501 Ecclesiam
2619 5456 2728 5497 non
2754 5441 3074 5496 obtinuerit.
3113 5438 3479 5505 Quamobrem
3521 5436 3677 5492 Domi-

469 5550 732 5598 atlvcrsus
784 5544 888 5599 tria
943 5542 1189 5613 Capitula
1222 5584 1238 5609 ,
1315 5541 1405 5597 cui
1452 5540 1782 5609 ascriptores
1873 5538 2033 5595 luere
2136 5542 2255 5596 nica
2293 5552 2430 5593 nova
2462 5551 2585 5592 cum
2616 5533 2870 5588 inciderit
2894 5534 2979 5587 vel
3012 5534 3066 5586 in
3090 5532 3156 5587 19
3190 5532 3273 5585 vel
3302 5532 3357 5585 in
3386 5530 3453 5584 12
3484 5530 3673 5597 Aprilis,

477 5635 699 5689 Mennas
750 5636 1415 5704 Constantinopolitanus,
1473 5631 1658 5687 Zoilus
1715 5631 2034 5688 Alcxandri-
2140 5636 2216 5697 lit,
2256 5630 2437 5685 Marco
2468 5628 2772 5685 abeundum
2818 5623 3206 5693 Hierosolymis
3247 5622 3421 5677 luisse
3478 5623 3557 5675 vel
3602 5620 3670 5683 ξι,
