3882 6204
198 265 338 335 1185

1549 270 2073 334 DISSERTATIO.

3298 284 3436 352 1186

199 382 281 435 vel
313 377 384 433 14
408 376 518 444 die,
550 376 598 433 si
627 376 878 449 Caietani
905 349 1769 449 Chronologismoinbareamus,
1802 390 1849 447 Α
1875 381 2244 440 concedamus
2299 344 2559 452 interim,
2619 390 2764 461 quod
2822 390 3066 461 postulat
3123 344 3439 465 Caieta—tius;

200 487 309 527 non
340 471 413 526 i5
446 470 672 540 Aprilis,
704 478 770 525 ut
799 469 1063 527 Leontius
1087 468 1378 525 manifeste
1414 477 1662 527 testatus.
1689 471 1771 525 Ad

200 565 314 619 hac
367 563 436 619 15
491 564 717 633 Aprilis,
767 578 876 633 qua
919 561 1141 617 Marcus
1171 562 1340 617 abbas
1379 560 1773 635 Hierosolymis

199 656 500 725 digressus,
528 655 701 725 .298
731 655 1011 709 concurrit
1038 668 1167 709 cum
1199 652 1334 709 feria
1368 655 1444 720 ὃς
1483 655 1579 710 sed
1626 670 1774 711 anno

199 746 326 811 545,
351 762 474 801 cum
502 746 640 801 feria
669 747 723 800 ι.
751 744 1025 799 Paeoniam
1061 760 1287 800 manum
1331 754 1628 819 exspectat
1652 762 1776 817 qua

204 837 640 908 deploratissima
671 836 944 905 Cajetana
977 838 1260 892 sententia
1286 838 1510 893 vulnera
1538 854 1774 908 prasen-

205 931 346 985 tibus
373 928 556 983 succis
589 928 914 983 demulceat.
949 928 1055 982 Sed
1083 938 1280 983 eaters
1313 944 1700 999 exsequamur.

271 1020 335 1075 V.
370 1018 492 1087 Quo
529 1034 672 1074 anno
699 1019 1043 1074 Antiochiam
1079 1017 1550 1091 ahiitCregorius,
1585 1019 1774 1076 Eccle-

197 1112 339 1168 siam
402 1111 787 1165 moderabatur
848 1109 1193 1166 Eustathius.
1236 1110 1323 1165 Ita
1389 1110 1773 1182 Hierosolymis

199 1202 401 1273 (inquit
417 1200 700 1271 Leontius)
712 1217 945 1271 egressus
970 1216 1021 1254 tv
1046 1199 1175 1256 Idus
1191 1200 1411 1268 Aprilis,
1437 1201 1775 1259 Antiochiam

197 1293 579 1362 proﬁciscitur,
615 1307 717 1361 quo
755 1308 886 1345 cum
928 1293 1170 1357 uenisset,
1198 1291 1469 1346 domicilio
1499 1302 1712 1364 excepto
1740 1311 1787 1349 as

198 1394 404 1438 sancto-
421 1380 705 1436 Eustathio
737 1382 851 1452 ejus
878 1382 1024 1436 urbis
1046 1383 1504 1452 archiepiscopo...
1526 1384 1610 1439 Ab
1630 1400 1776 1442 anno

198 1471 405 1529 Justini
456 1474 599 1541 Aug.
646 1472 859 1538 ultimo,
914 1472 1019 1527 hoc
1058 1480 1155 1530 est
1200 1471 1405 1528 Christi
1445 1473 1776 1545 Dionysiano

200 1562 332 1627 526,
366 1578 477 1631 quo
506 1562 845 1632 Euphrasius
880 1562 1257 1618 Autiochenus
1308 1564 1600 1634 episcopus
1640 1564 1778 1636 lapi-

201 1655 368 1711 dibus
397 1656 626 1710 obrutus
661 1656 714 1708 in
743 1654 1086 1711 memorabili
1114 1654 1234 1725 ejus
1262 1656 1421 1711 urbis
1454 1663 1775 1712 terramotu

1875 469 2040 525 modo
2068 471 2358 542 intelligat,
2392 490 2555 545 quam
2595 479 2764 533 multa
2789 480 2918 546 sint,
2957 496 3081 551 qua
3127 482 3232 538 sibi
3275 499 3441 554 repu-

1873 572 2065 634 gnant.
2101 562 2245 634 Ergo
2273 566 2406 622 illud
2438 568 2759 638 aCajetano’
2796 583 2943 639 peto,
2992 574 3123 643 quid
3173 575 3278 630 sibi
3328 577 3446 631 hac

1873 649 2043 704 velint
2074 667 2088 703 :
2121 649 2391 707 Romanus
2413 653 2707 727 (Pontifex)
2738 658 2926 727 quippe
2955 662 3104 729 gravi
3125 662 3305 715 morbo
3348 664 3445 716 de-

1873 749 2046 795 tentus
2080 743 2316 797 libellum
2348 747 2515 800 mittit
2548 749 2765 817 propria
2808 766 2967 803 manu
2997 754 3351 821 conscriptum
3380 753 3445 808 de

1873 831 2135 883 sententia
2162 833 2576 889 orthodoxorum
2608 839 2909 892 antistitum
2936 841 3101 909 ipsius
3133 843 3305 897 locum
3331 859 3446 916 ser-

1874 924 2155 977 uantium?
2190 922 2331 989 Quid
2364 937 2420 980 et
2447 943 2570 996 qua
2601 945 2729 983 mox
2785 933 3124 986 succedunt:
3181 932 3286 988 Sed
3336 940 3447 1004 epi-

1871 1009 2018 1077 scopi
2046 1010 2102 1062 iu
2130 1012 2413 1063 concilium
2436 1029 2467 1065 a
2485 1015 2733 1084 pontiﬁce
2760 1017 2907 1069 missi
2938 1013 3178 1086 Gregorii
3200 1018 3446 1074 adventui
3532 1028 3539 1035 '

1874 1108 2252 1154 anteuertentes
2263 1102 2566 1171 pontiﬁcem
2591 1105 2761 1169 ipsum
2779 1108 3064 1161 docuerunt
3084 1106 3324 1179 Gregorii
3341 1112 3447 1165 uir-

1875 1194 2005 1254 tute,
2028 1205 2092 1242 ac
2129 1193 2417 1260 sapientia,
2452 1195 2821 1250 htereticorum
2857 1200 3162 1264 audaciam.
3201 1202 3448 1271 petulan-

1875 1277 2107 1349 tiamque
2146 1288 2484 1350 repressam?
2520 1284 2655 1339 Cum
2695 1286 3165 1360 Constantiuotioli
3204 1308 3446 1350 acume-

1877 1365 1997 1416 nica
2019 1380 2044 1416 v
2070 1366 2313 1436 synodus
2343 1371 2531 1435 coivit,
2562 1370 2791 1443 Vigilius
2818 1391 2952 1445 papa
2979 1378 3177 1434 ibidem
3199 1382 3447 1452 degebat,

1876 1452 2221 1513 Chalcedone
2253 1475 2286 1515 a
2326 1459 2645 1519 Justiniano
2694 1470 2928 1533 excitus,
2975 1484 3121 1526 anno
3164 1472 3293 1538 552,
3340 1491 3451 1545 quo

1877 1545 2168 1618 aufugerat
2195 1553 2467 1622 superiori
2488 1567 2634 1609 anno
2673 1555 3019 1627 imperatoris
3067 1562 3177 1618 iras
3209 1565 3451 1621 declina-

1880 1646 2064 1707 turus,
2088 1656 2227 1710 quas
2254 1644 2306 1696 in
2338 1659 2399 1698 se
2428 1647 2733 1702 concitarat
2757 1650 2932 1706 tribus
2961 1652 3225 1723 Capitulis
3254 1671 3454 1726 appro-

202 1746 416 1800 interiit
443 1744 714 1816 (TbeOph.
769 1745 838 1801 ad
898 1745 956 1799 h.
1016 1746 1116 1814 a.),
1150 1746 1217 1801 ad
1243 1746 1371 1814 546,
1416 1725 2037 1805 AntiochenaBbauso
2099 1747 2222 1801 (Ιυε
2273 1749 2421 1791 almo
2476 1738 2580 1793 547
2636 1740 2899 1810 ιπῑηοίρίε
2945 1746 3106 1811 acilio
3164 1725 3453 1818 indulgens

206 1837 472 1893 Ecclesia
533 1836 822 1905 impositus
893 1835 1236 1906 Ephramus,
1292 1838 1452 1907 eique
1513 1841 1779 1895 successit

206 1927 452 1983 Domnus
469 1926 629 1996 ll,qui
649 1945 678 1981 e
694 1928 831 1982 vivis
846 1929 1080 1984 excessit
1099 1943 1241 1983 anno
1260 1928 1382 1985 559.
1398 1930 1597 2001 Ecquis
1614 1933 1780 2001 igitur

202 2021 449 2089 gentium
482 2018 800 2074 Eustathius
844 2019 969 2083 iste,
1010 2019 1106 2090 qui
1137 2018 1395 2089 Caietano
1446 2030 1673 2079 auctore
1720 2024 1777 2079 in

202 2112 547 2168 Antiochena
574 2111 833 2167 cathedra
864 2112 1067 2167 sederit
1093 2126 1239 2168 anno
1291 2111 1438 2169 552?
1489 2116 1635 2171 Vidit
1678 2131 1779 2172 no-

202 2204 336 2259 dum
397 2202 718 2274 Caietanus,
775 2217 954 2273 neque
1005 2203 1114 2258 alio
1156 2203 1387 2258 extricat
1436 2206 1620 2269 modo,
1672 2206 1779 2262 nisi

203 2296 485 2360 dubitans,
532 2311 603 2349 an
656 2296 797 2350 inter
837 2294 1108 2364 Ephrarm,
1156 2304 1205 2350 et
1244 2294 1509 2350 Domuum
1551 2297 1770 2352 adminin

204 2390 401 2443 strauit
420 2403 537 2441 eam
569 2388 743 2441 sedem
773 2384 1082 2441 Eustathius
1107 2390 1134 2444 ?
1159 2403 1226 2441 an
1254 2385 1502 2442 Leontius
1525 2391 1778 2443 memoria

203 2480 394 2550 lapsus
419 2481 444 2535 7
472 2478 542 2532 At
559 2479 705 2534 enim
729 2478 775 2534 si
800 2493 899 2547 pro
920 2476 1164 2547 Cajetani
1185 2488 1312 2533 voto
1335 2487 1540 2533 starent
1562 2490 1775 2545 caetera,

201 2571 532 2628 dubitationi
550 2571 797 2626 cederem
824 2587 838 2625 :
862 2585 986 2625 cum
1007 2585 1133 2626 vero
1157 2570 1210 2625 in
1239 2580 1349 2626 tota
1370 2569 1580 2626 Leontii
1612 2572 1779 2627 histo-

205 2662 290 2717 ria
313 2663 450 2717 nihil
473 2663 698 2717 omnino
719 2663 957 2733 sit,quod
970 2661 1215 2732 Cajetani
1233 2662 1543 2732 opinionem
1560 2677 1666 2715 non
1681 2677 1780 2719 su-

207 2751 663 2825 gillet,piaculum
690 2753 761 2808 sit
786 2752 928 2807 inter
949 2751 1293 2821 prramum
1322 2761 1377 2807 et
1397 2752 1663 2806 Domuum
1688 2767 1780 2807 ac-

195 2860 432 2901 censere
445 2842 786 2898 Eustathium
804 2841 1156 2897 Antiochena
1173 2840 1428 2897 Ecclesia
1449 2840 1778 2911 pentilicem.

286 2935 369 2991 Vl.
405 2935 488 2989 Ad
523 2935 639 2990 hac
663 2933 921 2988 Leontius
959 2933 1150 2989 scribit
1177 2946 1195 2987 :
1225 2931 1457 3001 Impiam
1488 2933 1655 3003 igitur
1674 2932 1785 2987 hat-

1877 1821 2369 1897 Constantinopoli,
2406 1844 2516 1898 quo
2566 1843 2814 1900 vocatus,
2871 1835 3181 1891 damnarat.
3237 1837 3343 1894 Sed
3397 1849 3454 1895 et

1878 1914 2117 1971 concilio
2152 1933 2329 1988 neque
2360 1921 2551 1977 adesse
2603 1922 2722 1992 ipse
2771 1924 2961 1993 voluit,
3019 1943 3196 1997 neque
3247 1930 3454 2000 legatos

1879 2004 2139 2059 mittere:
2177 2008 2351 2062 semel
2380 2013 2527 2065 enim
2565 2012 2878 2085 iterumque
2917 2032 2949 2071 a
3008 2020 3206 2089 synodi
3258 2023 3453 2093 legatis

1879 2094 2163 2163 invitatus,
2198 2106 2259 2153 ut
2280 2099 2396 2169 ipse
2418 2116 2542 2156 cum
2567 2104 2839 2175 episcopis
2869 2108 3092 2178 reliquis
3114 2115 3451 2182 conveniret,

1879 2189 2043 2245 modo
2074 2190 2199 2257 hoc,
2250 2195 2413 2250 modo
2466 2196 2601 2253 illud
2633 2210 2914 2271 causatus,
2947 2207 3142 2262 adduci
3170 2224 3450 2280 nunquam

1878 2280 2081 2348 potuit,
2114 2291 2174 2337 ut
2203 2298 2264 2339 se
2312 2298 2581 2355 prasente
2628 2293 2920 2347 concilium
2981 2297 3291 2355 haberetur.
3349 2300 3455 2357 Ille

1878 2387 1998 2425 vero
2030 2378 2335 2443 (oratorum
2373 2382 2566 2451 synodi
2597 2384 2758 2438 verba
2787 2394 2935 2451 sunt,
2967 2389 3260 2444 collatione
3292 2392 3328 2446 5
3352 2408 3448 2448 es-

1878 2463 2078 2531 posita)
2113 2468 2383 2535 respondit
2410 2487 2512 2525 non
2542 2488 2695 2541 posse
2723 2490 2828 2527 una
2850 2478 3121 2531 nobiscum
3156 2488 3450 2547 convenire,

1878 2567 1937 2606 eo
1964 2556 2107 2623 quod
2125 2558 2348 2624 plurimi
2374 2562 2460 2615 hic
2483 2565 2695 2633 quidem
2722 2576 2845 2619 sunt
2872 2564 3167 2624 Orientales
3197 2575 3451 2642 episcopi,

1878 2647 2036 2714 pauci
2075 2664 2192 2702 vero
2224 2666 2344 2704 cum
2390 2668 2450 2706 eo
2478 2669 2499 2707 :
2532 2654 2711 2723 facere
2750 2669 2927 2711 autem
2976 2676 3069 2729 per
3115 2667 3452 2734 semetipsum

1880 2742 2218 2806 sententiam,
2255 2753 2305 2797 et
2336 2745 2519 2813 offerre
2550 2748 2791 2816 piissimo
2824 2751 3058 2806 domino.
3107 2757 3259 2819 Quod
3296 2758 3454 2825 plane

1882 2843 2218 2889 exsecutus:
2252 2837 2399 2891 misit
2428 2840 2575 2893 enim
2625 2839 2941 2899 Justiniano
2995 2846 3133 2917 Aug.
3187 2848 3453 2915 libellum,

1882 2930 2427 2994 quem.constitutum
2454 2933 2616 3001 dixit,
2655 2935 2707 2989 in
2732 2951 2843 3008 quo
2861 2939 2992 3008 quid
3014 2940 3080 2993 de
3109 2941 3284 3007 tribus
3326 2958 3455 2997 sen-

194 3026 371 3080 s'esim
396 3023 649 3094 Gregorio
679 3024 851 3094 aperit
908 3022 1568 3094 (Constantinopolitanus
1600 3024 1781 3078 archi-
1806 3053 1852 3115 ο
1887 3014 2012 3070 life!
2064 3018 2332 3089 Capitulis
2376 3026 2611 3093 aperuit,
2660 3043 2896 3097 eumque
2943 3029 3129 3085 Graece
3179 3046 3392 3087 vei-sum
3424 3049 3455 3089 a

188 3115 522 3186 episcopus)
546 3124 794 3184 qualum
814 3116 1088 3168 exstiterat
1112 3111 1318 3184 Sergio,
1348 3111 1505 3183 Cyro,
1529 3122 1578 3167 et
1607 3112 1779 3169 Paulo
1813 3107 1851 3115 ’⁷
1889 3107 2251 3167 Constantino
2272 3117 2414 3171 sacri
2448 3121 2632 3188 palatii
2676 3131 2947 3191 quastore
2977 3114 3175 3179 fretum
3204 3126 3371 3180 voluit
3401 3128 3454 3180 in

196 3206 667 3277 perniciosissimis
711 3204 1037 3259 auctoribus.
1073 3203 1165 3259 Ita
1218 3205 1414 3258 multas
1470 3207 1651 3259 beatus
1706 3208 1787 3260 vir

200 3297 377 3352 edidit
410 3312 529 3351 cum
566 3296 636 3351 ad
679 3297 994 3360 docendum,
1038 3304 1149 3349 tum
1197 3296 1267 3351 ad
1298 3296 1627 3354 laudandum
1652 3314 1788 3354 com-

207 3392 412 3456 positas
461 3392 751 3456 orationes,
801 3399 857 3444 ut
912 3391 990 3445 uel
1045 3389 1115 3443 ad
1165 3391 1394 3459 piissimi
1451 3392 1787 3462 imperatoris

200 3483 385 3537 nostri
414 3498 568 3536 aures
597 3482 763 3552 ipsius
789 3482 936 3551 fama
960 3484 1269 3551 pervaserit.
1304 3480 1439 3537 Inde
1457 3497 1569 3549 post
1595 3487 1785 3539 multos

207 3575 326 3627 dies
382 3573 581 3627 adsunt
631 3573 860 3643 episcopi
913 3572 1341 3636 Alexandrinus,
1403 3573 1782 3641 Antiochenus,

202 3665 518 3723 Orientales
546 3682 746 3720 omnes.
779 3665 1049 3720 Romanus
1077 3682 1197 3720 vero
1226 3666 1415 3735 quippe
1433 3670 1581 3737 graui
1607 3669 1785 3723 morbo

192 3761 455 3814 detentus
492 3758 724 3813 libellum
756 3760 920 3814 mittit
970 3761 1186 3828 propria
1230 3775 1393 3812 manu
1435 3763 1788 3831 conscriptum

196 3848 278 3903 de
329 3851 1043 3905 sententia'ortltodozorum
1098 3852 1398 3906 antistitum
1421 3852 1585 3919 ipsius
1617 3852 1790 3907 locum

208 3942 561 3997 serpentium.
592 3940 719 3997 Non
747 3945 836 3998 hic
858 3943 1006 3997 litem
1032 3942 1305 3997 intendam
1328 3940 1613 4013 Cajetano,
1644 3942 1789 4012 quod

204 4042 408 4102 aperte
433 4033 650 4090 dicatur
680 4035 863 4090 habita
896 4035 1137 4105 synodus
1164 4034 1567 4105 proscribenda
1602 4033 1793 4089 Mono-

211 4123 536 4178 thelitarum
568 4125 784 4191 haresi,
815 4134 980 4194 atque
1008 4125 1144 4180 adeo
1194 4125 1347 4195 nigro
1382 4124 1529 4179 theta
1572 4125 1793 4196 signan-
1828 4111 1837 4115 ’

211 4213 304 4269 dis
333 4212 549 4285 Sergio,
578 4214 743 4287 Cyro,
777 4214 951 4270 Paulo
983 4216 1250 4271 haretica
1285 4215 1539 4270 factionis
1582 4216 1791 4271 antesi-

211 4307 436 4376 gnanis.
464 4308 736 4377 Quidquid
761 4308 867 4363 hoc
884 4318 991 4374 est,
1024 4307 1166 4378 quod
1190 4317 1336 4363 certe
1361 4322 1635 4378 magnum,
1667 4323 1791 4364 cau-

1887 3202 2098 3269 synodo
2129 3204 2446 3276 imperator,
2479 3220 2538 3265 ut
2564 3214 2619 3265 in
2651 3213 2945 3271 collatiou<-
2975 3215 3007 3269 7
3036 3215 3290 3270 traditur.
3322 3219 3454 3271 Cum

1886 3286 2054 3359 igitur
2090 3291 2559 3368 Constantinopoli
2610 3312 2924 3357 versaretur
2960 3301 3210 3370 Vigilius,
3246 3310 3457 3362 animo-

1886 3398 1994 3450 que
2016 3383 2317 3442 instituerit
2341 3426 2357 3452 ,
2397 3389 2603 3445 nullam
2648 3391 2873 3461 injicere
2905 3395 3288 3471 auctoritatem
3325 3412 3461 3473 con-.

1888 3473 2037 3540 cilio,
2069 3477 2215 3545 quod
2245 3480 2355 3545 sui,
2388 3480 2493 3535 hoc
2522 3491 2627 3549 est,
2649 3484 3005 3539 ecclesiastici
3038 3495 3264 3541 senatus
3303 3488 3463 3556 prin-

1891 3565 2030 3634 cipis
2047 3570 2332 3635 prasentia
2349 3582 2582 3636 careret,
2604 3590 2709 3629 non
2731 3585 2871 3641 erat,
2895 3593 2994 3632 cur
3011 3577 3160 3632 viros
3180 3580 3460 3649 deligeret,

1890 3656 1981 3724 qui
2030 3670 2159 3712 suas
2207 3669 2388 3727 partes
2442 3663 2746 3732 legatorum
2800 3683 3026 3722 munere
3080 3668 3461 3738 fungerentur,

1892 3750 2035 3800 unde
2089 3747 2384 3817 legitimam
2433 3754 2699 3823 synodum
2752 3757 3066 3811 necessario
3111 3758 3340 3810 diceret.
3395 3759 3461 3812 Et

1888 3840 2108 3909 quidem
2149 3855 2217 3894 ex
2270 3841 2404 3911 ipsis
2442 3845 2664 3899 concilii
2711 3846 2866 3901 Actis
2918 3846 3193 3910 elicimus,
3253 3847 3459 3900 nullum

1888 3929 2058 3986 fuisse
2091 3930 2327 3988 Romani
2366 3934 2606 4005 episcopi
2634 3936 2892 4007 legatum,
2926 3936 3070 4006 quod
3125 3938 3463 3992 ecclesiasti-

1889 4038 2076 4078 carum
2107 4039 2292 4080 rerum
2325 4027 2671 4097 indagatores
2693 4029 2933 4082 l‘atentur
2956 4041 3167 4091 onlnes,
3196 4038 3463 4097 docetque

1891 4116 1982 4187 (ne
2014 4117 2135 4174 sine
2159 4102 2331 4196 veteri
2368 4121 2685 4176 testimonio
2717 4136 2807 4175 res
2830 4120 3205 4190 transigatur)
3250 4119 3462 4174 indicu-

1891 4208 1978 4265 lus
2000 4210 2091 4267 ille
2124 4213 2178 4267 in
2211 4214 2359 4283 regia
2388 4212 2723 4269 Parisiorum
2757 4212 3087 4267 bibliotheca
3112 4227 3241 4269 ms..
3273 4210 3460 4266 lauda-

1895 4311 2089 4374 Iusque
2116 4319 2146 4359 a
2174 4305 2239 4360 V.
2285 4305 2367 4362 Cl.
2399 4306 2676 4377 Stephano
2731 4305 2958 4361 Baluzio
3000 4305 3056 4360 in
3091 4305 3358 4375 supplent.
3392 4304 3461 4358 ad
3513 4316 3520 4322 '

212 4409 448 4467 sanique
490 4397 705 4468 jugulat
749 4397 1016 4467 Cajetani,
1073 4405 1388 4468 suspectum
1430 4397 1533 4474 ille
1581 4397 1784 4462 habet;
1818 4386 1865 4446 ο
1891 4396 1989 4451 lib.
2024 4412 2052 4449 v
2079 4395 2158 4451 De
2180 4414 2327 4452 conc.
2356 4414 2469 4452 sac.
2508 4409 2559 4452 et
2589 4400 2742 4469 imp.,
2775 4414 2897 4469 cap.
2938 4398 3031 4463 2l,
3078 4397 3133 4451 in
3167 4396 3325 4465 cujus
3358 4395 3464 4449 line

209 4494 269 4540 et
304 4493 491 4542 tamen
520 4504 630 4543 non
661 4490 819 4545 video
859 4505 1025 4560 quam
1058 4503 1207 4544 vere.
1256 4486 1415 4542 Paria
1467 4497 1656 4543 narrat
1704 4486 1792 4543 Si—

211 4593 376 4633 meon
416 4577 832 4650 Metapbrastes,
869 4596 1030 4652 quem
1062 4589 1244 4636 tamen
1279 4594 1386 4635 non
1429 4579 1643 4634 dubitat
1682 4580 1787 4636 sibi

212 4670 597 4729 concinentem
631 4674 858 4729 laudare
878 4691 899 4728 ι
930 4674 1081 4743 paria
1110 4672 1235 4728 vita
1260 4670 1647 4741 Epitomastes.
1675 4670 1783 4727 Sed

1621 4868 1789 4921 Κελε-

1604 4941 1803 5001 στῑνος.

848 4875 943 4927 καὶ
990 4871 1124 4925 Ἰού-

917 4944 1049 5005 λιος.

278 4877 465 4931 uastat
511 4872 521 4931 1
560 4872 752 4925 Σὶλόεο

565 4960 747 5015 στρος.

1223 4870 1500 4941 Δάμασος.

1602 5172 1807 5244 sopit-

1642 5243 1752 5306 λός.

244 5199 482 5251 τοποτη-
507 5177 519 5251 Ι
543 5182 581 5232 Β
596 5200 700 5235 των
724 5179 824 5235 καὶ
846 5177 1139 5241 Βιγέντιος.

279 5254 470 5322 ρηταί.

278 4877 465 4931 narrat
560 4872 752 4925 Σὶλόεο
848 4875 943 4927 καὶ
990 4871 1124 4925 Ἰού·
1223 4870 1500 4941 Δάμασος.
1621 4868 1789 4921 Κελε-
1938 4866 2121 4920 Λέων.
2259 4863 2557 4933 Βιγίλλιος.
2665 4868 2937 4938 Ἁγάθων.
3057 4871 3360 4943 ’Δδριανό;.

565 4960 747 5015 στρος.
917 4944 1049 5005 λιος.
1604 4941 1803 5001 στῑνος.

244 5199 482 5251 τοποτη-
543 5182 700 5235 Βτων
724 5179 824 5235 καὶ
846 5177 1139 5241 Βιγέντιος.
1602 5172 1807 5244 Κύριλ-
1921 5171 2141 5224 Πασκαο
2650 5171 2942 5244 Γεώργιος.
3107 5178 3311 5243 Πέτρος

279 5254 470 5322 ρηταί,
931 5276 938 5283 ο
1642 5243 1752 5306 λος.
1941 5241 2111 5302 σίνος.
2695 5243 2905 5297 Θεόδω-
3034 5247 3132 5302 καὶ
3174 5245 3397 5314 Πέτρος.

1929 5311 2128 5365 Λουκίο
2748 5333 2841 5401 po;

1954 5398 2091 5445 σιος.
2659 5386 2931 5454 Γεωργιος

2639 5456 2733 5508 καὶ
2763 5455 2947 5510 Ἰωάν-

2741 5542 2862 5594 νηςο
3191 5586 3203 5605 ,

1894 4487 2460 4558 Romanipontiﬂces,
2494 4491 2598 4545 sub
2643 4491 2845 4559 quibus
2900 4500 3032 4545 acta
3111 4487 3465 4544 (ecumenica

1895 4579 2110 4650 synodi,
2139 4588 2551 4648 percensentur,
2576 4589 2694 4635 tum
2718 4596 2908 4635 eorum
2935 4578 3178 4643 nomina,
3196 4575 3291 4645 qui
3314 4576 3465 4645 ipso-

1891 4685 2013 4723 rum
2045 4684 2335 4739 personant
2362 4670 2417 4724 in
2449 4671 2518 4726 lis
2548 4671 2929 4726 sustinuerint.
2965 4670 3046 4724 En
3078 4669 3230 4725 illum
3258 4682 3273 4718 :

1938 4866 2121 4920 Λέων.
2198 4863 2210 4943 Ι
2259 4863 2557 4933 Βιγίλλιος.
2608 4863 2618 4943 Ι
2665 4868 2937 4938 Ἁγάθων.
2982 4863 2992 4943 Ι
3057 4871 3360 4943 ’Δδριανό;.

1921 5171 2117 5224 [laeua
2131 5203 2141 5211 ο

1941 5241 2111 5302 σίνος.

1929 5311 2099 5365 Δουκι
2109 5336 2128 5351 ο

1954 5398 2091 5445 σιος.
