3882 6204
527 295 668 364 1187

1425 299 1525 358 DE
1565 295 1824 358 ᾸΞΤΑΤΕ
1863 295 1924 354 S.
1949 291 2326 355 GREGORII
2365 291 2869 352 AGRIGENTINI

3538 283 3629 348 liii

595 405 975 480 299'Viden’
1007 415 1065 460 ut
1094 407 1198 461 sub
1223 405 1458 462 Damaso
1479 417 1528 462 et
1563 406 1759 478 \‘igilio
1785 403 2102 474 nulliappa-
2128 409 2175 467 Α
2203 411 2356 472 puto,
2380 401 2524 471 quod
2579 414 2774 470 reapse
2821 395 3049 468 Vigilius
3075 407 3203 466 papa
3236 393 3412 466 synodo
3439 393 3634 464 maluerit

524 505 682 550 reant
716 496 899 566 legati,
935 509 1077 559 quos.
1105 493 1325 564 synodis
1349 491 1967 562 Constantinopolitanis
1997 505 2012 544 ι
2037 495 2095 544 et

527 605 566 643 ιι
593 588 844 644 miserim
875 586 994 641 illi?
1022 585 1178 641 Nunc
1202 587 1318 642 haec
1350 601 1476 642 cum
1503 585 1820 642 Leontianis
1845 583 2094 640 confera-

527 695 672 735 mus.
711 679 768 734 Si
827 678 1024 750 legatis
1069 679 1261 749 synodi
1314 679 1595 750 respondit
1642 676 1871 748 Vigilius
1924 678 2097 748 facere

527 785 618 838 per
647 770 984 839 semetipsum
1014 770 1345 831 sententiam,
1367 780 1417 824 et
1447 771 1636 840 offerre
1669 771 1906 840 piissimo
1922 769 2098 824 domi-

529 877 617 926 no,
649 870 710 914 ut
743 872 892 915 certe
914 861 1132 921 obtulit,
1157 861 1250 930 qui
1289 875 1420 930 rogo
1453 861 1566 916 haec
1595 869 1892 916 consonent
1920 857 2098 914 Leon-

529 952 678 1006 tiano
707 949 1040 1013 testimonio,
1077 965 1186 1018 quo
1244 951 1489 1019 proditur
1525 950 1744 1004 misisse
1787 946 2096 1003 Romanum

527 1042 842 1112 episcopum
879 1046 1076 1109 synodo
1119 1039 1350 1093 libellum
1386 1043 1448 1094 de
1475 1039 1730 1094 sententia
1775 1038 2098 1091 orthodoxa-

531 1145 647 1185 rum
671 1131 975 1184 antistitum
1026 1131 1193 1200 ipsius
1222 1130 1393 1184 locum
1438 1128 1798 1185 seruantium?
1826 1127 1924 1183 Hic
1950 1127 2102 1183 libel-

530 1223 618 1278 lus
685 1223 920 1276 mittitur
973 1229 1383 1276 arrte’cooctam
1423 1223 1722 1292 synodum,
1778 1236 1886 1291 quo
1934 1221 2101 1275 animi

531 1313 614 1370 sui
655 1314 982 1367 sententiam
1027 1313 1268 1367 declarat
1301 1313 1538 1381 pontifex
1563 1350 1579 1379 ,
1639 1313 1752 1366 illic
1790 1309 2104 1382 imperatori

532 1403 788 1458 daturum
814 1419 874 1458 se
913 1404 1124 1473 recipit,
1153 1403 1430 1472 deditque,
1463 1405 1590 1457 dum
1625 1403 1802 1458 adhuc
1833 1403 1901 1459 de
1929 1403 2106 1459 tribus

531 1495 798 1565 Capitulis
841 1494 897 1548 in
961 1495 1194 1548 concilio
1232 1495 1648 1564 disceptaretur.
1694 1495 1776 1550 Ad
1805 1497 1921 1550 haec
1948 1495 2106 1566 ecqui

533 1585 608 1638 illi
636 1599 918 1640 sacrorum
977 1584 1272 1650 antistites,
1335 1585 1562 1640 liowani
1613 1586 1886 1655 pontiﬁcis
1927 1597 2108 1657 partes

533 1681 819 1740 obeuntes,
838 1677 884 1731 si
916 1677 1049 1730 nulli
1077 1691 1142 1730 eo
1177 1677 1228 1729 in
1251 1676 1483 1732 concilio
1504 1678 1672 1747 ipsius
1693 1678 1853 1748 legati
1877 1678 2104 1750 ?Siqne,

532 1783 658 1822 cum
729 1768 930 1821 indicta
991 1766 1266 1838 synodus,
1317 1765 1780 1838 Constantinopoli
1843 1769 2107 1826 intererat

534 1858 788 1929 Vigilius,
811 1857 902 1926 qui
933 1857 1218 1928 episcopos
1253 1859 1516 1922 mitteret,
1571 1860 1664 1930 qui
1715 1861 1922 1931 synodo
1951 1861 2107 1916 ades-

533 1948 697 2004 sent?
753 1947 1296 2016 ConstantinOpoline
1341 1947 1870 2020 Constantinopolim
1926 1954 2109 2006 mitte-

535 2048 619 2094 ret
651 2038 978 2108 episcopos?
1027 2036 1314 2094 Postremo
1373 2032 1570 2110 ecquid
1607 2039 1771 2105 illud,
1803 2040 1947 2110 quod
1989 2041 2106 2111 epi-

535 2131 685 2200 scopi
713 2145 744 2185 e
801 2128 1008 2201 synodo
1057 2137 1396 2187 revertentes
1439 2131 1754 2201 pontiﬁcem
1787 2133 1981 2203 ipsum,
2007 2133 2110 2188 sub

441 2287 448 2294 .
536 2235 648 2288 quo
673 2218 858 2273 habita
888 2219 1148 2290 synodus,
1183 2217 1670 2291 Romae-docebant
1720 2221 1962 2293 Gregorii
2003 2223 2110 2277 uir-

538 2321 652 2366 tute
693 2325 756 2362 ac
793 2311 1051 2378 sapientia
1109 2311 1470 2366 luereticorum
1534 2312 1812 2366 audaciam
1867 2313 2112 2384 petulan-

541 2406 769 2474 tiamque
807 2420 1098 2472 repressam
1124 2445 1140 2471 ,
1185 2419 1309 2460 cum
1367 2404 1624 2461 Ecclesiis
1657 2407 1770 2464 suis
1804 2407 2113 2464 Occidentis

539 2491 812 2560 episcopis
839 2491 1102 2546 restitutis
1131 2506 1277 2546 anno
1311 2491 1437 2555 555.
1469 2495 1548 2548 vel
1585 2493 1780 2565 partim
1805 2495 1966 2549 etiam
1984 2495 2111 2559 554,

541 2583 702 2638 exsul
730 2586 781 2638 in
807 2583 1029 2639 Oriente
1058 2581 1224 2638 vitam
1259 2582 1481 2654 degeret
1514 2583 1759 2656 Vigilius,
1790 2601 1965 2656 neque
2004 2586 2116 2642 Ro-

540 2691 688 2730 mam
749 2675 982 2744 amplius
1017 2673 1263 2729 inviserit
1291 2691 1306 2728 :
1343 2675 1538 2730 exsilio
1565 2677 1710 2730 enim
1743 2685 2025 2734 revocatus
2047 2676 2116 2732 ab

537 2765 849 2821 Iustiniano
875 2765 1015 2836 Aug.
1077 2762 1305 2819 Romam
1368 2765 1647 2836 profectus
1697 2767 1916 2837 appellit
1949 2766 2115 2822 iuSi-

535 2858 744 2920 ciliam,
769 2857 955 2926 ibique
976 2855 1169 2910 calculi
1198 2855 1388 2910 morbo
1438 2856 1622 2911 interit
1661 2869 1805 2912 anno
1830 2856 1894 2912 P.
1928 2858 1988 2912 C.
2015 2858 2116 2912 Ba-

541 2948 649 3003 silii
678 2947 740 3001 V.
767 2946 828 3003 C.
857 2961 988 3012 xvii,
1022 2946 1126 3000 hoc
1174 2954 1257 3000 est
1278 2945 1481 3001 Christi
1517 2946 1848 3018 Dionysiauo
1880 2947 2006 3014 558,
2039 2949 2120 3004 uti

2193 493 2841 562 Constantinopolitanae:
2886 503 2995 545 non
3044 499 3214 545 tamen
3244 487 3529 542 tecumenicu
3549 491 3634 542 anni

2195 587 2322 655 553,
2348 586 2443 643 sed
2489 601 2610 656 qua:
2670 585 2875 640 coaluit
2931 596 3072 638 anno
3109 581 3209 637 548
3249 597 3307 635 ex
3335 579 3396 634 '0
3422 579 3634 649 episcopis.

2199 677 2371 733 tribus
2399 675 2668 747 Capitulis
2721 673 3126 728 examinandis:
3169 685 3376 740 cumque
3405 667 3452 723 in
3483 668 3636 724 eanihil

2197 767 2364 823 fuerit
2409 767 2788 832 deliberatum,
2817 763 3042 831 factum,
3074 772 3131 817 ut
3165 761 3360 816 celebre
3383 760 3490 814 illud
3514 761 3638 815 eliciet

2195 860 2509 916 ludicatum
2536 857 2787 930 Vigilius,
2855 871 2965 928 quo
3014 855 3112 910 tria
3137 853 3423 924 proscripsit
3449 851 3638 922 Capitula.

2198 951 2562 1020 Quamobrem
2593 949 2726 1004 illud
2762 956 2997 1012 maneat,
3047 945 3194 1002 nullo
3221 953 3365 1014 pacto
3408 943 3569 998 leontii
3593 951 3642 997 te-

2199 1043 2515 1100 stimonium
2535 1039 2884 1111 ’detorqueri
2941 1053 3100 1108 posse
3122 1038 3186 1091 ad
3208 1033 3640 1102 Constantinopolita-

2201 1148 2323 1186 nam
2347 1147 2387 1189 tt
2411 1131 2674 1204 synodum
2723 1129 3137 1191 meumenicam,
3197 1140 3355 1196 neque
3382 1123 3439 1179 ad
3467 1120 3646 1193 Vigilinu

2201 1222 2460 1278 Romamn
2495 1221 2751 1276 Ecclesia:
2783 1221 3116 1290 episcopum.

2275 1313 2386 1372 Vll.
2416 1313 2600 1379 Pergit
2642 1312 2906 1368 Leontius
2955 1326 2970 1364 :
3005 1307 3158 1374 Post,
3194 1307 3279 1362 ubi
3318 1304 3506 1360 Patrum
3527 1303 3648 1357 ιιιιὶ-

2206 1403 2332 1456 tudo
2367 1403 2422 1456 in
2453 1401 2702 1470 templum
2727 1413 3023 1464 conuenere,
3041 1397 3215 1452 sedent
3237 1410 3573 1464 omnes,magno
3596 1394 3651 1444 is-

2208 1495 2360 1547 terim
2385 1494 2436 1548 in
2456 1509 2669 1563 magna,
2702 1501 2861 1560 atque
2889 1493 3020 1544 adeo
3063 1488 3348 1558 prodigiose
3371 1487 3544 1540 condito
3569 1483 3652 1536 sris

2206 1599 2334 1654 pace
2359 1583 2576 1654 vigente.
2604 1579 2689 1635 Ibi
2721 1579 3028 1650 Gregorium
3075 1576 3258 1632 Patres
3304 1576 3550 1639 hortantur,
3569 1587 3654 1625 nte-

2207 1675 2445 1745 dentque,
2495 1673 2739 1727 thronum
2769 1672 3026 1726 obtineat
3069 1670 3288 1740 episcopi
3319 1666 3518 1723 Serdica
3561 1663 3654 1719 Coa-

2207 1763 2423 1817 stantiar
2469 1759 2662 1832 Cypri;
2686 1767 2743 1816 ‘et
2807 1763 2921 1826 ipse
2961 1761 3216 1831 siquidem
3261 1763 3522 1830 tegrotattat.
3554 1753 3655 1822 Quod

2205 1856 2504 1926 Gregorius
2553 1869 2846 1924 personam
2899 1853 2954 1908 in
3023 1853 3228 1924 synodo
3280 1845 3545 1905 sustinuerit
3585 1844 3657 1915 epi-

2208 1948 2360 2018 scopi
2396 1942 2637 2001 Sardicaa
2663 1944 3002 2001 Constantia
3038 1943 3218 2021 Cypri,
3240 1956 3421 1997 novum
3440 1938 3658 2008 suppeditat

2208 2047 2615 2110 argumentum,
2661 2050 2773 2107 quo
2815 2036 3061 2107 Cajetani
3105 2033 3355 2090 sententia
3392 2043 3564 2099 pessum
3587 2033 3656 2080 est.

2211 2130 2366 2184 Haud
2407 2127 2543 2184 mihi
2589 2128 2868 2199 negaverit
2911 2126 3228 2199 Cajetanus,
3274 2133 3326 2180 et
3377 2121 3594 2176 Sat-dicam
3625 2125 3661 2171 et

2209 2219 2588 2274 Constantiam
2627 2217 2792 2289 300
2813 2217 3196 2287 episcoporum
3220 2213 3364 2269 sedes
3389 2209 3541 2265 fuisse.
3569 2203 3660 2259 Satb
3776 2203 3777 2274 ξ

2211 2311 2344 2368 dicat
2377 2311 2672 2381 episcopus
2709 2309 2919 2364 honore
2959 2305 3314 2378 metropolitte
3345 2301 3600 2369 iungebatur
3625 2297 3660 2349 is

2165 2439 2178 2446 ρ
2211 2401 2490 2474 provincia
2525 2399 2703 2456 Daciae
2732 2397 3150 2460 Mediterranea,
3181 2411 3298 2466 qua:
3332 2408 3422 2449 una
3447 2407 3502 2445 ex
3523 2395 3658 2458 septas

2215 2495 2358 2550 unde
2373 2492 2716 2549 coalescebat
2728 2506 2792 2546 ex
2799 2490 2984 2546 arcbia
2998 2488 3272 2551 Acbridis,
3286 2481 3661 2542 sivelustinianat,

2217 2585 2502 2640 Dardaniae
2529 2583 2944 2654 metropolis,ab
2973 2581 3283 2637 Justiniano
3310 2578 3326 2632 l
3350 2578 3550 2634 instituta
3570 2585 3662 2628 anno

2217 2679 2342 2745 555,
2379 2679 2444 2732 V.
2465 2677 2528 2732 C.
2556 2675 2822 2732 Belisario
2853 2689 2968 2732 cos.
2989 2673 3081 2746 (Υ.
3103 2671 3297 2730 Justin.
3325 2685 3436 2726 nov.
3455 2683 3516 2730 xt,
3543 2664 3662 2720 tollat.

2213 2772 2268 2838 2,
2305 2771 2388 2827 tit.
2417 2769 2495 2839 6).
2525 2767 2861 2823 Constantia:
2899 2781 3056 2835 vero,
3086 2781 3205 2838 qua
3253 2762 3402 2835 Cypri
3427 2753 3662 2826 metropolis

2217 2876 2450 2934 quaeque
2476 2859 2710 2916 subinde
2749 2859 2819 2914 ab
2853 2857 3172 2914 Iustiniano
3215 2855 3260 2912 ll
3280 2854 3547 2911 Justinian:
3565 2857 3663 2901 note
3776 2859 3777 2872 π

2221 2966 2381 3010 nacta
2410 2969 2631 3020 nomen,
2661 2950 2905 3024 pontifex
2926 2967 3038 3006 non
3063 2948 3388 3020 metropolita
3417 2943 3541 3000 modo
3561 2934 3661 3010 επ)ιὶ
3776 3021 3777 3024 η

527 3037 732 3093 'Victor
754 3037 1142 3120 Tunnunensis
1177 3037 1492 3106 episcOpus,
1533 3039 1652 3108 ejus
1683 3038 1942 3109 temporis
1981 3041 2112 3094 scri-

2218 3045 2492 3111 audiebat,
2527 3045 2624 3100 sed
2677 3044 2842 3100 etiam
2905 3043 3272 3114 αὒτοκέφαλος
3318 3035 3660 3104 πὼίθιιὶεοορω.

538 3134 685 3197 ptor,
717 3110 915 3196 prodit.
939 3125 994 3178 in
1032 3124 1240 3180 Chron.
1279 3122 1461 3200 Quare
1506 3125 1665 3192 nauci
1698 3134 1848 3191 sunt,
1879 3141 2001 3196 qua:
2048 3127 2112 3182 ad

538 3219 820 3274 laudatum
864 3215 1079 3271 Leontii
1117 3215 1482 3270 testimonium
1514 3217 1766 3270 observat
1793 3217 2117 3287 Cajetanus:

543 3313 704 3374 Erat,
739 3309 1014 3376 inquiens,
1052 3308 1098 3360 is
1157 3304 1378 3377 Vigilius
1400 3323 1552 3378 quem
1603 3296 1988 3377 Metaphras'tes
2042 3309 2120 3362 ait

541 3401 748 3454 misisse
778 3401 1038 3452 hominem
1070 3399 1238 3452 sacris
1286 3398 1475 3451 litteris
1505 3400 1796 3464 eruditum,
1829 3401 1920 3471 qui
1951 3401 2121 3470 ipsius

539 3491 676 3545 vices
710 3487 970 3556 impleret.
1037 3486 1198 3540 Errat
1229 3487 1410 3566 igitur
1450 3486 1712 3555 Zonaras,
1745 3491 1835 3560 qui
1873 3489 2118 3560 Vigilium

544 3581 848 3652 pontiﬁcem
931 3577 1228 3633 Romanum
1249 3579 1472 3634 concilio
1527 3583 1893 3651 praesidentem
1957 3582 2120 3652 facit;

543 3685 696 3738 quem
713 3669 965 3738 abfuisse,
988 3678 1181 3737 praeter
1197 3667 1472 3723 Leontium
1492 3679 1542 3725 et
1569 3669 2002 3740 Metaphrastem,
2027 3672 2123 3724 do-

537 3771 658 3814 cent
690 3761 852 3814 etiam
879 3759 1164 3830 Euagrius,
1223 3759 1573 3831 Nicephorus,
1632 3760 1880 3828 Photius,
1927 3760 2122 3818 Cedro-

544 3869 666 3918 rtus,
693 3852 810 3906 alii.
856 3850 1134 3922 Principio
1187 3851 1588 3924 Metapbrastes
1643 3853 1698 3908 in
1729 3852 1974 3924 Gregorii
2001 3851 2121 3909 Vita

544 3959 615 3998 ne
639 3943 743 4014 γρὺ
779 3944 997 4014 quidem
1030 3944 1209 4000 innuit
1237 3945 1306 4002 de
1335 3947 1527 4018 Vigilio
1570 3963 1584 3998 :
1612 3954 1822 4002 tantum
1850 3947 1948 4011 ait,
1975 3947 2121 4002 Con-

545 4056 1045 4126 stantinopolitanae
1074 4058 1284 4128 synodo
1299 4059 1560 4112 adversus
1590 4056 1812 4130 Cyrum,
1846 4059 2120 4126 Sergium,

542 4147 832 4220 i’yrrhum,
859 4149 1086 4203 Paulum
1120 4147 1496 4204 Monothelitas
1529 4150 1784 4222 cogenda:
1814 4153 2037 4208 missum
2088 4167 2120 4208 a

545 4237 792 4294 Romano
816 4239 1069 4309 pontiﬁce
1103 4239 1362 4310 legatum,
1384 4241 1476 4310 qui
1523 4241 1694 4310 ipsius
1731 4243 1976 4311 partibus
2000 4241 2122 4298 fun-

544 4340 787 4401 geretur,
817 4330 960 4398 qnod
990 4329 1054 4383 ad
1081 4339 1322 4384 nostram
1354 4345 1575 4385 causam
1601 4329 1876 4399 conducit,
1913 4338 1972 4386 ut
1993 4332 2118 4387 dein

2220 3141 2325 3194 hoc
2357 3145 2442 3192 est
2468 3135 2660 3192 iisdem
2716 3135 2945 3192 aﬂectus
2990 3135 3213 3206 juribus
3239 3143 3390 3203 atque
3413 3123 3660 3201 patriatdte:

2220 3229 2354 3285 nulli
2382 3229 2526 3283 enim
2555 3227 2751 3282 throno
2771 3228 3016 3293 suberat,
3033 3228 3260 3298 ejusque
3278 3225 3471 3280 libertas
3486 3214 3666 3273 vindicit:

2220 3339 2252 3378 a
2279 3322 2536 3378 Patribus
2557 3320 2881 3392 Ephesinmt
2910 3320 3105 3392 synodi
3122 3317 3445 3376 tecumenicae
3463 3324 3572 3369 anno
3590 3302 3668 3366 65h

2221 3416 2486 3470 adversus
2501 3410 2734 3468 Joannis
2758 3410 3096 3466 Antiocheni
3118 3403 3481 3480 archiepiscopi
3503 3406 3668 3456 conatus.

2220 3507 2461 3579 Cyprum
2523 3504 2762 3560 insulam
2797 3503 3147 3574 patriarchite
3187 3516 3298 3558 sua:
3324 3497 3673 3569 portionemcou

2223 3597 2496 3654 tendentis
2515 3595 2602 3666 (ν.
2633 3610 2830 3652 canon.
2851 3595 2930 3666 8),
2955 3604 3074 3649 tum
3095 3601 3317 3666 praetera
3332 3605 3358 3644 a
3375 3587 3550 3643 Zenone
3565 3581 3672 3645 Αυε..

2221 3689 2314 3760 qui
2365 3689 2527 3743 Petro
2577 3687 2853 3758 Cnapbaao
2907 3687 3252 3742 Antiocheno
3301 3677 3507 3754 pontiﬁci
3532 3667 3675 3744 jurtin

2221 3781 2475 3853 Cypriam
2536 3779 2838 3835 Ecclesium
2888 3781 3159 3849 repetenti
3203 3763 3407 3838 restitit,
3443 3766 3674 3826 incolumem
3776 3763 3777 3836 ᾗ

2216 3871 2418 3939 iubens
2453 3869 2792 3926 Constantia:
2820 3872 3188 3940 metropolitte
3237 3862 3675 3934 αὺιυκεφαλιανιωιυ

2223 3963 2488 4030 maxime,
2546 3960 2692 4032 quod
2729 3976 2796 4016 eo
2846 3961 2989 4031 ipso,
3049 3978 3162 4034 quo
3214 3957 3440 4016 vindicia:
3462 3945 3672 4023 postulati.

2223 4067 2367 4108 anno
2390 4062 2666 4123 repertum
2698 4052 2754 4106 in
2781 4050 2962 4124 Cypro
2995 4051 3259 4108 Barnabas
3293 4043 3498 4120 apostoli
3527 4045 3673 4104 corpus

2223 4145 2383 4214 cujus
2439 4153 2661 4215 pectore
2697 4143 2932 4200 Matthxi
2969 4145 3211 4202 cubabat
3238 4137 3540 4208 Evangelium
3562 4125 3672 4197 ipsis!

2225 4237 2489 4293 Barnabas
2545 4253 2710 4292 manu
2745 4237 3093 4308 descriptum
3127 4235 3360 4309 (Niceph.
3391 4231 3471 4286 lib.
3495 4229 3671 4284 attuli

2225 4329 2355 4400 57);
2407 4345 2518 4400 quo
2549 4329 2853 4400 respiciunt
2893 4344 3020 4384 cum
3069 4329 3179 4385 Leo
3212 4328 3344 4397 Aug.
3367 4324 3416 4378 in
3454 4333 3532 4376 sua
3562 4312 3673 4400 diali"

539 4395 1056 4486 demonstrabimus,
1091 4419 1406 4490 Cajetanam
1459 4422 1697 4478 funditus
1735 4395 1952 4489 evertit.
1974 4427 2119 4480 Rur-
2149 4441 2196 4498 ι)
2221 4395 2360 4492 posi,
2393 4395 2506 4476 tum
2539 4395 2693 4476 Nilus
2723 4421 3088 4490 Doxopatrius
3117 4421 3172 4476 in
3201 4395 3327 4474 Τειίί
3353 4395 3673 4498 ὶιπριιοτυφ

532 4528 635 4568 -sus
689 4511 972 4577 Evagrius,
1010 4509 1365 4580 Nicephorus,
1405 4511 1653 4579 Photius,
1689 4513 2002 4582 Cedrenus,‘
2023 4517 2115 4572 alii

541 4618 671 4659 vera
704 4603 926 4674 quidem
952 4603 1262 4674 perhibent,
1293 4619 1416 4660 cum
1459 4606 1708 4661 scribunt
1729 4605 2118 4664 Constantino-

540 4697 799 4766 politanae
837 4712 876 4750 ιι
907 4696 1115 4767 synodo
1159 4695 1510 4752 mcumenictn
1554 4696 1858 4754 Romanum
1903 4702 2118 4770 pontiﬁ-

533 4798 661 4837 cem
690 4784 833 4838 haud
871 4784 1182 4840 interfuisse
1206 4801 1222 4849 ;
1245 4788 1342 4842 sed
1377 4787 1557 4843 isthnc
1579 4785 1804 4853 factum,
1837 4805 1944 4845 non
1977 4791 2119 4861 quod

535 4867 1017 4940 Constantinopoli
1065 4875 1282 4927 abesset
1331 4871 1582 4944 Vigilius,
1615 4877 1708 4932 sed
1741 4878 1882 4948 quod
1921 4893 2119 4937 munus

540 4959 676 5014 illud
700 4961 1218 5031 dt-trectarit,ithue
1246 4963 1349 5032 ipsi
1385 4965 1703 5034 planissime
1740 4965 1998 5024 fatentur.
2023 4969 2121 5023 At-

543 5051 639 5123 qui
674 5049 922 5105 Romano
949 5051 1208 5121 pontiﬁci,
1251 5057 1352 5109 sub
1379 5069 1488 5124 quo
1519 5065 1740 5125 peracta
1770 5059 2032 5130 synodus,
2063 5061 2118 5116 in

541 5159 650 5215 qua
672 5151 862 5198 contra
919 5143 1210 5201 haereticos
1243 5145 1540 5215 disputavit
1577 5147 1888 5220 Gregorius,
1918 5154 2118 5222 quippe

543 5235 695 5308 gravi
721 5234 912 5290 inorbo
985 5233 1171 5292 Romae
1203 5237 1448 5304 detento,
1501 5241 1771 5311 integrum
1825 5243 1967 5299 haud
2015 5243 2120 5301 fuit

541 5330 854 5394 convenire,
882 5329 1125 5384 idcirco:
1174 5327 1432 5382 Libellum
1493 5332 1634 5385 misit
1685 5333 1901 5402 prapria
1956 5351 2116 5389 manu

541 5423 902 5486 conscriptum
949 5421 1015 5476 de
1050 5423 1310 5477 sententia
1365 5423 1781 5479 orthodoxorum
1816 5427 2119 5483 antistitum

541 5517 708 5585 ipsius
763 5516 936 5570 locum
991 5517 1336 5570 servantium.
1393 5514 1660 5570 Zonaram
1716 5518 1860 5587 quod
1899 5519 2116 5587 attinet,

543 5609 633 5675 qui
662 5593 913 5678 Vigilium
933 5607 1148 5662 concilii
1185 5605 1464 5678 praesidem
1497 5607 1625 5662 dicit
1647 5607 1722 5678 (in
1757 5608 1897 5664 idem
1923 5625 2114 5665 saxum

545 5697 762 5768 impegit
791 5697 988 5769 ClyCas
1019 5711 1204 5758 noster
1231 5699 1425 5756 Annal.
1457 5709 1596 5772 part.
1626 5703 1722 5771 tv),
1747 5699 1943 5758 falsum
1965 5719 2028 5758 ex
2048 5719 2113 5759 eo

2220 4491 2327 4581 qua
2353 4523 2534 4568 tamen
2591 4528 2877 4584 perperam
2939 4513 3146 4584 legitur
3199 4509 3362 4568 Marci
3405 4519 3486 4576 Ρτο
3511 4491 3672 4554 "ww

2221 4604 2604 4676 anngelium)
2631 4647 2646 4672 ,
2683 4607 2776 4676 qui
2815 4621 2936 4660 eam
2984 4606 3056 4662 ob
3093 4618 3305 4660 causam
3339 4601 3494 4654 datam
3516 4584 3670 4662 prtia“Il
3776 4589 3777 4640 1

2219 4696 2620 4765 αὐτοκεφαλίαν
2690 4695 2892 4768 Cyprio
2969 4695 3357 4766 metropolila,
3412 4699 3512 4758 qua:
3553 4685 3668 4732 tamen
3776 4705 3777 4768 Ε

2219 4803 2410 4858 reapse
2439 4803 2573 4844 sane
2608 4803 2776 4859 quam
2829 4787 3134 4858 antiquior.
3173 4785 3288 4842 Jam
3321 4783 3466 4853 igitur
3505 4775 3541 4830 si
3580 4775 3668 4821 unus

2221 4879 2476 4948 idemque
2503 4879 2798 4950 episcopus
2815 4877 3084 4948 Sardicae,
3110 4879 3202 4949 qui
3227 4887 3280 4932 et
3313 4866 3668 4930 Constantis.”

2220 4978 2396 5041 paret,
2419 4969 3010 5040 Constantinopolitaui
3043 4969 3257 5026 concilii
3283 4955 3554 5022 meumenici
3580 4959 3666 5041 ιω·

2219 5035 2350 5134 pore
2390 5063 2444 5118 in
2476 5035 2861 5118 Sardicensem
2885 5061 3184 5118 Ecclesiam
3207 5040 3665 5116 Conslantiensisjaﬂ

2219 5154 2460 5211 derivata
2485 5172 2500 5209 :
2525 5155 2736 5222 quoties
2752 5154 2897 5209 enim
2927 5144 3194 5220 Ecclesia,
3223 5163 3336 5224 qua
3357 5134 3667 5225 singulari

2221 5247 2402 5301 stabat
2420 5244 2708 5314 dignitate,
2733 5261 2760 5294 a
2789 5241 3046 5298 Barbaris
3071 5249 3430 5310 occuparetur,
3445 5223 3666 5319 Christi-Ilus

2219 5336 2448 5399 exactis,
2480 5336 2565 5391 vel
2629 5335 2806 5391 sacris
2896 5334 3234 5392 czeremoniis
3287 5326 3482 5385 omnino
3533 5319 3664 5369 νείιυεν

2221 5429 2369 5484 illius
2394 5429 2537 5498 jura,
2571 5443 2640 5482 ne
2670 5429 2830 5498 plane
2870 5427 3268 5492 interciderent,
3309 5423 3359 5476 in
3388 5417 3519 5472 aliam
3549 5412 3663 5499 mnf

2221 5491 2594 5576 cribebantur.
2625 5491 2814 5589 Itaque
2849 5520 2900 5574 in
2937 5517 3074 5573 Τειλί
3122 5521 3420 5574 thronorurn
3446 5491 3663 5589 mctIOPOll‘

2221 5623 2498 5680 tanorum,
2532 5628 2698 5683 quam
2725 5581 2798 5666 ad
2827 5629 2929 5667 ms.
2969 5610 3176 5666 codicis
3216 5602 3434 5662 Vaticani
3456 5581 3664 5687 ﬁdem'fdil‘

2221 5705 2299 5760 dit
2331 5703 2390 5758 V.
2428 5669 2510 5760 Cl.
2545 5669 2868 5761 Emmanuel
2901 5703 3251 5766 Schelstrate,
3285 5708 3322 5753 ι.
3355 5693 3390 5750 ΙΙ
3412 5669 3660 5752 Αιιιὶφετίίο
