3882 6204
217 282 326 350 1189

1533 280 2054 343 DISSERTATIO.

3283 278 3421 345 119.)

214 393 386 449 Illustr.
413 406 534 463 pag.
586 390 711 456 784.
761 393 912 461 legas
961 390 1428 462 Philadelphiensl
1486 392 1744 461 episeopo
1776 399 1818 455 Α
1847 391 2083 462 liquum,
2139 401 2200 446 ut
2261 389 2411 446 omni
2449 389 2610 461 plane
2659 391 3064 448 asseveratione
3094 375 3423 446 aliirmemus

211 483 514 540 Sardicensis
539 483 754 553 Lydiaz,
798 482 1140 538 Heracleensi
1180 482 1338 537 Ponti
1366 483 1740 554 Claudiopoli-

210 577 302 632 tani
322 575 654 643 llonoriadis,
683 573 982 630 Attaliensi
1014 573 1306 646 Pergensis
1336 576 1670 648 Pamphylia:
1698 577 1745 632 ιι

210 667 634 736 metropolitarum
680 665 808 733 jura
859 665 1296 736 dignitatemque
1339 674 1613 734 arrogata,
1646 666 1744 736 qui

208 755 584 827 priusipsorum
615 753 832 807 fuerant
881 751 1253 824 ἐπαρχιῶταιο
1303 751 1543 823 itemque
1571 752 1743 809 Thes-

207 845 500 902 salonicensi
537 844 778 900 exarebo
809 844 1083 915 Anryrani
1128 842 1356 899 Galatiae
1382 845 1744 914 metropolitae

205 938 308 1007 iura
321 937 586 992 attributa.
614 934 766 990 Nunc
781 936 920 991 scire
933 935 1193 1006 pervelim
1211 952 1242 990 a
1257 935 1539 1006 Cajetano,
1557 937 1746 1006 ecquis

207 1042 413 1097 unquam
435 1025 1103 1093 tradideritJustinianOI
1133 1028 1454 1096 imperante
1503 1027 1745 1098 Cyprum

207 1120 411 1174 insulam
439 1117 711 1175 Barbaros
762 1117 1074 1182 incessisse,
1137 1119 1346 1174 abactis
1399 1118 1525 1174 inde
1585 1119 1747 1174 Chri-

208 1210 398 1275 stianis,
445 1210 518 1264 ita
560 1219 621 1265 ut
665 1208 1000 1266 Constantia;
1029 1209 1152 1279 jura
1185 1210 1451 1266 cessetint
1483 1209 1539 1264 in
1573 1211 1749 1266 Daciae

204 1303 580 1357 Ilediterranea!
600 1301 1002 1370 metropolitam
1025 1301 1050 1354 ‘l
1076 1299 1133 1356 Si
1157 1300 1416 1356 historias
1434 1282 1751 1358 evolvamus

202 1404 386 1452 omnes,
421 1403 702 1458 nunquam
730 1388 844 1455 ﬁet,
878 1398 936 1442 ut
976 1390 1132 1444 nobis
1163 1389 1295 1455 illud
1315 1401 1592 1452 occurrat,
1617 1395 1747 1462 quin

196 1480 430 1552 expresse
472 1482 734 1552 scriptum
785 1497 816 1536 a
869 1481 1228 1538 Constantino
1255 1482 1395 1553 Aug.
1435 1483 1750 1554 Porpher-

201 1583 405 1643 genneta
433 1573 525 1626 lib.
562 1587 576 1627 ι
608 1573 791 1628 Them.
828 1573 922 1629 ubi
963 1573 1031 1629 de
1065 1574 1242 1644 Cypro
1270 1587 1286 1626 :
1315 1574 1423 1627 Τοῦ
1451 1575 1646 1646 χρόνου
1690 1574 1748 1628 δὲ

201 1661 645 1733 παραδραμόντος,
681 1663 778 1716 καὶ
820 1663 929 1717 τῶν
973 1663 1303 1733 Ῥωμαϊκῶν
1347 1664 1529 1731 ὅπλων
1564 1682 1750 1719 κακω-

1843 485 2161 550 concilium,
2188 484 2242 538 in
2285 498 2395 554 quo
2426 498 2666 553 praesens
2691 484 2864 539 adfuit
2894 483 3190 555 Gregorius
3211 525 3227 550 ,
3276 486 3421 540 nulla

1853 575 2070 633 ratione
2099 574 2766 644 Constantinopolitanom
2803 575 2939 630 illud
2987 577 3422 648 intelligendum,

1842 666 1987 737 quod
2016 675 2197 721 actum
2255 681 2322 721 ex
2365 663 2667 720 Justiniani
2697 664 3115 722 lauetoritate?
3161 668 3332 738 quid?
3360 683 3424 724 ea

1845 759 1900 812 in
1931 763 2143 828 synodo
2169 758 2332 814 nullas
2367 756 2585 812 dividiae
2609 757 2676 812 de
2700 757 2982 828 religionis
3011 760 3255 830 negatio,
3291 758 3426 814 nulli

1844 849 2106 913 haeretici,
2134 865 2374 920 quorum
2411 840 2650 919 impetus
2694 849 2890 903 nefarii
2936 851 3427 909 contnnderentur.

1847 937 1920 993 De
1944 937 2049 994 Iba:
2098 949 2306 994 tantum
2349 938 2580 1003 Edessa.
2643 937 2917 996 Theodori
2967 939 3338 1010 Mopsuestia,
3370 950 3428 996 et

1847 1027 2174 1085 Theodoreti
2207 1029 2334 1100 Cyri
2382 1029 2768 1099 episcoporum
2808 1029 3134 1084 orthodoxia
3179 1032 3427 1100 disputa-

1848 1130 1998 1176 tum:
2036 1121 2102 1172 ad
2143 1121 2257 1173 haec
2287 1119 2356 1173 de
2389 1119 2644 1185 Origene,
2671 1117 2924 1189 Didyme,
2957 1117 3192 1188 Evagrio
3222 1129 3428 1186 actum,

1848 1212 1938 1282 qui
1971 1227 2081 1266 uno
2119 1212 2363 1265 omnium
2390 1209 2614 1265 Patrum
2647 1211 2878 1270 conﬂati:
2941 1211 3203 1265 damnati.
3250 1212 3429 1267 Unum

1849 1318 1960 1374 prae
2011 1303 2270 1358 ontnibus
2319 1311 2509 1357 testem
2561 1304 2847 1356 audiamus
2901 1301 3218 1371 Gregorium
3261 1302 3323 1357 Ρ.
3354 1302 3429 1359 Μ.

1849 1401 2217 1462 cognomento
2246 1391 2499 1461 Magnum
2535 1390 2823 1460 (praetereo
2849 1390 3020 1460 ipsius
3055 1393 3252 1462 synodi
3287 1402 3430 1457 acta,

1849 1485 1994 1538 unde
2025 1491 2082 1538 et
2117 1483 2248 1536 illud
2287 1481 2513 1552 liqueat)
2550 1481 2664 1536 haec
2695 1481 2852 1551 301
2895 1481 2964 1534 ad
3010 1480 3432 1537 Constantinum

1850 1572 2308 1628 Mediolanensem
2328 1574 2646 1642 episcopum
2674 1572 3006 1626 scribentem
3039 1571 3136 1627 lib.
3155 1587 3242 1638 ιιι,
3267 1575 3432 1642 epist.

1851 1665 1952 1721 57:
1986 1664 2139 1730 Quod
2179 1676 2356 1718 autem
2393 1664 2707 1733 scripsistis,
2767 1662 2906 1733 quod
2949 1663 3228 1731 epistolam
3264 1680 3436 1718 meum

201 1754 380 1808 θέντων
413 1754 473 1822 ἐξ
517 1753 798 1824 ἀμελείας,
825 1753 1140 1826 ἐκράτησαν
1172 1756 1346 1828 αὐτῆς
1377 1759 1430 1810 oi
1460 1758 1751 1828 Σαῤῥακηο

1863 1758 2048 1830 reginae
2103 1755 2145 1810 Τ
2148 1755 2478 1810 Ιιεοάοιὶηάιε
2533 1753 2890 1808 transmittere
2943 1755 3158 1808 minime
3196 1754 3434 1808 voluistis

199 1845 294 1911 νοὶ,
343 1847 448 1900 ἀπὸ
507 1845 608 1917 τῆς
653 1846 933 1917 βασιλείας
991 1847 1338 1918 Ἡρακλείου,
1391 1851 1485 1903 καὶ
1538 1849 1752 1922 πρῶτος

197 1939 252 1991 ἐν
298 1937 424 2008 αὐτῇ
474 1937 723 2008 περάσας
767 1937 1172 2009 ’Δϐουὸἁχαρος
1225 1931 1310 2008 (οὗ
1367 1940 1460 1993 καὶ
1501 1939 1603 2009 τῆς
1659 1941 1754 1994 θυ-

195 2028 380 2099 γατρὸς
407 2029 466 2080 ὲν
493 2029 632 2098 αὐτῇ
661 2029 831 2098 τάφος
861 2028 1156 2099 φαίνεται),
1177 2030 1385 2101 ταύτης
1427 2031 1750 2102 ἐκράτησεν.

201 2117 449 2188 Temporis
471 2135 752 2190 progressu
780 2118 1144 2174 Romanorum
1196 2123 1360 2173 armis
1389 2135 1452 2174 ea
1487 2119 1752 2191 negligen-

196 2211 287 2275 tia,
307 2210 522 2276 attritis,
545 2221 866 2279 occuparunt
889 2226 1004 2264 eam
1021 2209 1302 2280 (Cyprum)
1322 2209 1629 2275 Sarraceni,
1650 2207 1758 2263 lie-

195 2297 349 2352 raclio
394 2305 660 2366 regnante.
721 2295 999 2350 Enimuero
1064 2299 1274 2367 primus
1331 2313 1447 2351 eam
1494 2297 1755 2350 incessens

192 2387 559 2442 Abubocharus
617 2387 811 2456 (cujus
833 2397 882 2442 et
917 2387 1048 2456 [ilice
1088 2387 1165 2442 ibi
1192 2387 1489 2458 sepulcrum
1523 2386 1758 2442 ostendi-

193 2480 323 2552 tur),
339 2497 429 2534 suo
445 2479 687 2536 submisit
712 2481 952 2550 imperio.
969 2480 1361 2548 Abubachar,A
1373 2480 1558 2536 rabum
1576 2481 1760 2535 Amer-

194 2588 455 2647 mummes
501 2571 568 2640 ll,
631 2573 918 2643 imperium
965 2573 1246 2643 ingressus
1302 2586 1446 2626 anno
1477 2571 1571 2626 55!
1631 2569 1760 2641 (He-

194 2665 343 2722 raclii
384 2664 488 2736 21)
557 2679 666 2735 quo
727 2663 1100 2719 Mnbammath
1163 2664 1436 2734 impuram
1510 2662 1756 2717 animam

189 2757 426 2816 evomuit
455 2755 522 2811 l6
573 2754 761 2822 Junii;
791 2756 1138 2825 obtinuitque
1194 2768 1368 2810 annos
1396 2754 1431 2807 2
1475 2767 1694 2808 menses
1727 2752 1760 2807 6

192 2847 462 2921 (Theoph.
499 2849 553 2904 in
615 2849 964 2918 Chronogr.).
996 2845 1114 2902 Non
1176 2846 1344 2917 igitur
1387 2855 1516 2900 ante
1554 2860 1758 2899 annum

187 2940 290 2996 821
325 2941 432 2996 ulla
479 2941 534 2995 in
586 2938 826 3010 Cyprum
872 2939 1016 2994 facta
1049 2938 1416 2993 Barbarorum
1449 2937 1758 3008 impressio,

188 3033 335 3088 unde
360 3032 803 3088 Christianorum
841 3031 1140 3088 everterint
1187 3029 1509 3086 Ecclesiam.

1852 1865 1948 1918 pro
1980 1865 2040 1902 eo
2065 1847 2204 1918 quod
2233 1847 2416 1916 quinta
2470 1846 2701 1917 synodus
2727 1845 2784 1898 in
2831 1860 2892 1898 ea
2955 1845 3352 1910 nominabatur,
3387 1846 3435 1899 si

1852 1957 1968 1994 eam
2019 1939 2207 1993 exinde
2245 1937 2606 1992 scandalizari
2647 1953 2798 2007 posse
2829 1935 3152 1998 credidistis,
3184 1945 3320 1990 recte
3345 1936 3434 2006 fa-

1855 2042 1994 2086 ctum
2033 2041 2132 2097 est,
2167 2040 2222 2084 ut
2255 2030 2468 2084 minime
2503 2028 2956 2082 transmitteretis.
2981 2025 3128 2081 Unde
3156 2045 3293 2096 nunc
3321 2029 3430 2081 ista

1854 2110 2105 2194 facimus,
2151 2132 2208 2176 ut
2262 2121 2408 2176 vobis
2436 2120 2660 2190 placuit,
2703 2129 2773 2196 ut_
2790 2128 3024 2190 quatuor
3047 2119 3272 2189 synodos
3310 2127 3434 2173 tan-

1857 2214 2123 2268 tummodo
2173 2211 2514 2265 laudaremus
2543 2224 2562 2262 :
2595 2210 2660 2264 de
2707 2209 2805 2262 illa
2845 2217 3022 2262 autem
3066 2211 3290 2280 synodo,
3319 2226 3438 2282 quas

1854 2305 2185 2376 postmodum
2241 2300 2703 2371 Constantinopoli
2747 2301 2892 2370 facta
2919 2311 3018 2363 est,
3041 2318 3158 2374 qua:
3189 2318 3221 2355 a
3254 2301 3435 2356 multis

1855 2396 2042 2467 quinta
2091 2395 2416 2459 nominatur,
2449 2396 2584 2448 scire
2636 2407 2722 2446 eos
2768 2391 2902 2457 volo,
2934 2395 3058 2463 quia
3090 2394 3226 2447 nihil
3252 2403 3436 2446 contra

1857 2488 2220 2542 sanctissimas
2251 2489 2478 2558 synodos
2505 2485 2858 2549 constitueiit,
2897 2485 2977 2538 vel
3017 2485 3255 2550 senserit,
3286 2487 3439 2556 quip-

1856 2593 1918 2646 pe
1938 2577 2062 2648 quia
2093 2577 2147 2630 in
2171 2593 2233 2630 ea
2279 2577 2341 2630 de
2397 2576 2634 2646 personis
2681 2574 3064 2638 tantummodo,
3108 2590 3212 2627 non
3261 2583 3438 2626 autem

1858 2668 1920 2721 de
1957 2668 2063 2736 [ide
2105 2667 2306 2736 aliquid
2350 2666 2561 2736 jus-sunt
2587 2676 2700 2732 est;
2747 2675 2798 2720 et
2830 2667 2896 2720 de
2945 2667 3026 2720 his
3079 2669 3339 2733 personis,
3371 2670 3439 2722 de

1859 2761 2045 2830 quibus
2079 2760 2133 2813 in
2149 2757 2558 2812 Chalcedonensi
2581 2758 2782 2828 synodo
2821 2757 2956 2812 nihil
2986 2761 3319 2823 continetur;
3348 2758 3442 2812 sed

1858 2860 1972 2920 post
1999 2865 2272 2918 expressas
2303 2847 2558 2918 synodos,
2591 2865 2681 2902 seu
2698 2847 2938 2902 Canones
2977 2849 3125 2917 facta
3155 2849 3437 2912 contentio,

1859 2951 1909 2997 et
1933 2951 2170 2996 extrema
2200 2941 2340 2994 actio
2366 2940 2430 2994 de
2449 2939 2691 3009 personis
2723 2939 2977 2992 ventilata
3000 2947 3098 2992 est.
3131 2937 3188 2992 Si
3229 2948 3440 2992 tantum

1863 3033 2028 3104 igitur
2057 3033 2111 3086 in
2153 3047 2184 3086 v
2230 3033 2440 3103 synodo
2481 3031 2822 3086 meumenica
2857 3041 3064 3096 actum,
3097 3040 3278 3084 utrum
3315 3047 3443 3100 pro-

259 3139 397 3198 VIII.
423 3141 528 3197 Sed
560 3140 739 3196 adhuc
767 3148 1016 3210 superest
1041 3138 1185 3210 quod
1206 3138 1441 3204 evincat,
1471 3137 1758 3210 synodum,
1789 3096 1832 3154 ε
1865 3096 2142 3181 scribendi
2189 3096 2358 3178 necne
2389 3121 2568 3178 forent
2591 3121 2711 3178 lbas
2737 3122 2978 3193 epistolae
3001 3125 3068 3178 ad
3095 3124 3288 3180 Marini
3313 3096 3443 3183 ἰδον-

185 3251 299 3307 qua
326 3237 394 3290 de
438 3234 626 3290 scribit
678 3233 970 3298 Leontius,
1019 3233 1170 3288 nullo
1226 3233 1388 3286 modo
1431 3231 1760 3295 habendam,

184 3344 313 3402 qua
375 3336 700 3398 congregata
747 3324 1044 3382 Justiniani
1105 3323 1125 3379 1
1195 3339 1385 3393 regio.
1446 3322 1540 3378 Sic
1597 3321 1765 3392 igitur

181 3420 456 3477 Leontius
485 3438 499 3474 :
531 3417 621 3472 Ita
643 3419 698 3472 in
725 3433 866 3482 eam,
892 3431 1010 3485 qui:
1038 3415 1131 3469 diu
1155 3424 1340 3469 exorta
1370 3415 1568 3483 fuerat,
1598 3412 1766 3466 haere-

177 3514 288 3568 sim
339 3511 738 3583 fraudulentam
790 3517 958 3578 coepta
1009 3507 1325 3577 disputatio,
1381 3505 1654 3575 multaque
1697 3502 1763 3557 ab

175 3604 500 3659 orthodoxis
553 3617 613 3656 eo
663 3602 750 3656 die
800 3602 853 3654 in
896 3600 1167 3654 hrereticos
1210 3603 1458 3668 probata.
1503 3597 1765 3650 Craterum

177 3697 500 3768 Gregorius,
561 3695 714 3766 quasi
743 3693 976 3746 omnium
1024 3691 1314 3746 vilissimus
1362 3686 1495 3772 nihil
1555 3687 1624 3740 ad
1657 3686 1767 3740 hcec

174 3787 557 3858 respondebat.
597 3784 731 3839 Inde
756 3782 1020 3838 Catholici
1073 3797 1192 3834 cum
1222 3771 1500 3843 sedisse’nt,
1532 3776 1769 3831 hwretici
1833 3821 1850 3840 ,

174 3891 378 3938 contra
429 3880 638 3944 (aderat
687 3884 864 3931 autem
915 3871 1440 3944 ingensmultitudo)
1475 3869 1764 3939 superbire,

169 3975 397 4028 animos
427 3968 690 4033 attollere,
713 3977 762 4022 et
789 3965 942 4036 quasi
983 3963 1083 4018 alis
1115 3963 1347 4017 subvehi.
1384 3959 1470 4014 Ibi
1508 3971 1616 4013 tum
1646 3969 1771 4012 san-

171 4065 252 4118 cti
314 4063 557 4131 Spiritus
583 4060 761 4130 gratia
799 4057 1106 4112 illustrante
1129 4052 1413 4124 Gregorius
1441 4051 1594 4121 coepit
1620 4050 1770 4121 quie-

172 4157 290 4210 tius
322 4169 483 4223 agere
507 4161 696 4205 contra
727 4148 1010 4203 malesana:
1031 4145 1222 4223 mentis
1245 4144 1536 4214 episcopos,
1553 4141 1775 4210 dogma-

171 4249 287 4301 tica
317 4219 559 4314 primum
607 4257 734 4296 usus
777 4239 1014 4293 oratione
1038 4239 1102 4290 de
1131 4219 1338 4298 sancta,
1361 4235 1688 4302 incorrupta,
1719 4237 1773 4284 et

168 4337 543 4409 inseparabili
571 4333 856 4398 Trinitate,
888 4332 1084 4400 partim
1125 4329 1190 4382 iis
1217 4329 1286 4381 ad
1323 4327 1536 4396 singula
1559 4338 1768 4394 respon-

1863 3233 1979 3274 sam
2007 3229 2217 3278 auctor,
2243 3224 2356 3270 tum
2385 3213 2732 3279 Theodorus,
2753 3213 2914 3284 cujus
2942 3215 3232 3270 exstabant
3251 3215 3443 3287 dispu-

1865 3309 2102 3360 tationes
2178 3303 2444 3358 adversus
2511 3300 2843 3355 Eunomium
2921 3309 2978 3356 et
3033 3302 3440 3371 Apollinarem,

1862 3393 2300 3452 Nestorianismo
2349 3391 2678 3454 laborantes,
2730 3401 3006 3460 postremo
3043 3389 3440 3460 Theodoretus,

1863 3488 1956 3557 qui
1982 3485 2052 3540 12
2109 3485 2378 3555 capitibus
2443 3481 2728 3552 Ephesius:
2760 3481 2884 3536 ﬁdei
2925 3498 2954 3536 a
2977 3481 3180 3553 Cyrillo
3207 3482 3444 3538 Alexan-

1864 3579 2028 3634 drino
2049 3577 2308 3646 episcopo
2341 3575 2672 3644 conscriptis
2703 3573 2959 3643 stigmata
3001 3569 3226 3638 inussit,
3249 3575 3295 3630 si
3313 3571 3442 3630 Ori-

1865 3685 2049 3741 genes,
2103 3669 2386 3738 Didymus,
2447 3666 2733 3736 Evagrius,
2799 3667 3154 3721 dissentiente
3203 3669 3442 3730 nemine,

1869 3759 2345 3817 anatbetnatismis
2370 3756 2631 3826 perculsi,
2657 3772 2917 3824 quorsum
2943 3757 3098 3824 illud,
3117 3757 3443 3826 Gregorium

1867 3861 2191 3925 spumantes
2216 3849 2499 3904 audaciam
2561 3848 2850 3903 haereticos
2895 3848 3316 3916 compressisse,
3349 3848 3446 3902 iis-

1867 3960 1975 4016 que
1990 3942 2208 3998 tandem
2233 3940 2493 4010 pudorem
2511 3939 2856 4008 imposuisse,
2877 3939 2922 3993 si
2943 3939 3161 4009 quidem
3186 3939 3396 4009 synodo
3415 3956 3444 3992 ν
3549 3927 3555 3933 ’

1869 4034 2220 4094 metimeuicze
2270 4029 2624 4090 interfuerit?
2661 4031 2812 4086 nulla
2867 4029 2980 4084 illic
3023 4043 3148 4085 cum
3176 4029 3448 4085 lusereticis

1869 4137 2019 4196 gesta
2059 4141 2167 4192 res,
2197 4127 2290 4181 sed
2323 4125 2391 4182 de
2417 4123 2688 4180 haereticis
2743 4119 2998 4190 Origene,
3029 4119 3277 4190 Didymo,
3311 4117 3451 4172 Eva-

1870 4219 2011 4288 grio,
2040 4217 2137 4274 sed
2165 4218 2232 4273 de
2273 4219 2444 4273 tribus
2472 4214 2768 4287 episcopis,
2804 4226 3039 4282 quorum
3071 4220 3128 4264 ut
3153 4211 3316 4280 impia
3347 4210 3450 4264 do-

1871 4309 2093 4372 ctrina,
2149 4309 2224 4362 ita
2273 4307 2534 4363 memoria
2591 4306 2883 4367 incertum,
2929 4300 3327 4365 damnandane,
3379 4313 3451 4353 an

165 4389 384 4494 dendo,
417 4428 617 4496 partim
679 4389 998 4493 postulando
1048 4430 1213 4483 utea,
1238 4434 1352 4488 qua:
1397 4389 1651 4477 dicerent,
1679 4417 1756 4467 de-

1877 4399 2239 4464 observanda,
2275 4395 2712 4468 quandoquidem
2737 4393 2847 4464 pie,
2893 4393 3058 4462 inque
3078 4389 3452 4444 ecclesiastica

163 4527 584 4576 monstrarent.
634 4516 712 4570 Ac
777 4511 986 4570 tantum
1038 4511 1144 4582 ipsi
1189 4509 1504 4579 sapientiae,
1565 4517 1772 4562 tantum

161 4609 563 4680 intelligentia
599 4606 786 4660 datum
827 4613 926 4670 est,
950 4612 1007 4656 ut
1024 4617 1174 4656 nemo
1213 4599 1422 4672 quidem
1445 4599 1677 4652 omnium
1709 4613 1774 4653 ea:

157 4722 237 4760 ea
283 4703 458 4759 turba
477 4699 786 4771 respondere
809 4698 940 4752 satis
969 4703 1143 4766 posset
1177 4693 1246 4746 ad
1272 4709 1334 4746 ea
1367 4693 1543 4756 verba,
1571 4707 1689 4760 qua:
1711 4691 1776 4746 de

156 4796 366 4853 sacris
392 4792 612 4846 Litteris
641 4791 882 4858 decerpta
907 4783 1225 4857 proferebat.
1251 4781 1342 4837 Sic
1361 4793 1538 4836 autem
1565 4781 1776 4835 htereti-

154 4903 380 4944 corum
435 4882 688 4954 oppilavit
741 4896 860 4944 ora,
898 4889 956 4931 ut
999 4875 1187 4930 Patres
1213 4889 1388 4928 omnes
1405 4873 1561 4942 plane
1590 4870 1777 4926 obstu-

153 4986 487 5052 pescerent.
523 4975 684 5029 talem
727 4971 927 5027 homini
979 4986 1012 5023 α
1063 4968 1237 5022 sancti
1275 4965 1508 5035 Spiritus
1538 4963 1778 5018 illustra-

155 5075 336 5127 tione
376 5069 632 5124 collatam
670 5061 1135 5138 gratiam.1taque
1173 5077 1277 5114 non
1302 5059 1459 5126 pauci
1479 5072 1544 5110 ex
1575 5057 1642 5110 iis
1688 5055 1781 5127 qui

155 5162 464 5233 principes
488 5160 628 5213 inter
678 5157 950 5212 hareticos
976 5154 1309 5217 uidebantur,
1343 5150 1462 5220 jam
1499 5158 1630 5215 tum,
1661 5163 1781 5202 cum

155 5273 264 5312 eos
288 5252 598 5324 Gregorius
627 5267 720 5321 per
744 5249 950 5310 titulos.
969 5246 1276 5315 libellosque
1316 5243 1564 5307 coercuit,
1597 5241 1667 5294 ad
1697 5257 1782 5295 or-

155 5343 495 5398 thodoxam
551 5339 842 5397 Catholica:
881 5335 1132 5389 Ecclesiae
1177 5331 1336 5402 ﬁdem
1370 5330 1669 5409 confugere.
1701 5325 1782 5382 Ea:

153 5453 230 5490 eo
256 5450 444 5502 porro
467 5433 552 5486 die
601 5447 664 5484 ne
703 5427 1152 5498 mutire‘quidem
1197 5424 1443 5477 adversus
1479 5419 1782 5478 Catholicos

151 5526 308 5578 nisi
359 5530 488 5576 sunt
541 5519 711 5588 impii,
755 5518 1039 5584 inanesque
1095 5528 1158 5566 ac
1211 5510 1584 5580 fraudulentas
1635 5522 1783 5562 voces

151 5612 429 5675 iactare,
477 5623 597 5678 quis
647 5613 995 5667 tentaverant,
1030 5616 1221 5671 aspera
1262 5599 1501 5668 foedaque
1555 5596 1786 5651 evenisse

149 5701 708 5758 animaduertentes.
748 5695 892 5751 Deos
924 5688 1284 5748 immortalis!
1334 5687 1462 5757 quid
1492 5686 1667 5740 adhuc
1700 5699 1787 5738 re-

1878 4491 2287 4546 consociatione
2321 4489 2690 4544 decesserant.
2749 4484 2930 4540 Unum
2955 4483 3059 4538 hoc
3090 4482 3144 4535 in
3173 4487 3452 4536 certamen

1880 4581 2168 4646 veniebat;
2198 4594 2324 4635 nam
2380 4577 2515 4632 nulli
2565 4575 2792 4631 dubium
2840 4589 2871 4628 e
2899 4571 3156 4625 Patribus
3185 4571 3236 4623 in
3267 4569 3451 4624 conci-

1883 4674 2016 4728 lium
2053 4671 2344 4740 cooptatis,
2383 4667 2516 4738 quin
2570 4681 2690 4736 quas
2729 4665 2850 4719 Ibas
2877 4663 2934 4718 in
2979 4661 3231 4732 epistola,
3273 4659 3456 4714 Theo-

1881 4766 2072 4832 dorus,
2103 4775 2270 4834 atque
2311 4759 2690 4816 Tlteodoretus
2755 4757 2808 4810 in
2857 4752 3297 4826 hypomnematis
3337 4752 3454 4807 suis

1882 4858 2146 4913 adversus
2193 4853 2542 4916 Eunomium,
2585 4848 2976 4920 Apollinarem,
3024 4845 3284 4916 Cyrillum
3314 4841 3452 4898 effu-

1881 4949 2088 5013 tierint,
2146 4946 2392 5018 putidam
2454 4941 2705 4998 haeresim
2741 4941 2973 4993 olerent.
3001 4933 3198 4990 Fateor
3237 4935 3455 5005 quidem

1883 5057 1990 5096 non
2030 5041 2149 5095 sine
2202 5035 2454 5098 consilio,
2489 5035 2589 5088 hoc
2619 5040 2704 5086 est
2744 5028 3054 5093 vaferrimo,
3099 5027 3454 5097 scelestnque,

1881 5127 2231 5183 Camarinam
2263 5125 2412 5179 illam
2443 5121 2512 5177 ab
2565 5118 2858 5190 Acepbalis
2907 5126 3140 5183 motam;
3196 5131 3262 5171 eo
3310 5118 3454 5168 enim

1883 5219 2228 5288 spectabant,
2253 5227 2314 5272 ut
2342 5216 2556 5272 demtis
2579 5229 2769 5268 eorum
2801 5213 3181 5282 episcoporum
3207 5205 3458 5262 manibus

1884 5309 2354 5366 Chalcedonensis
2379 5305 2572 5380 synodi
2609 5307 2908 5361 auctoritas
2940 5304 3264 5362 elevaretur,
3289 5309 3460 5366 eoque

1888 5403 2060 5459 tutius
2093 5401 2398 5456 teterrlmas
2415 5399 2785 5468 blasphemias
2811 5403 3158 5452 evomerent:
3192 5389 3284 5444 sed
3313 5387 3460 5442 enim

1887 5495 1940 5548 in
1969 5484 2205 5548 concilio
2233 5490 2363 5546 nulli
2399 5491 2453 5544 in
2485 5500 2721 5543 mentem
2749 5488 2900 5541 venit
2937 5483 3022 5538 vel
3053 5483 3106 5534 in
3147 5486 3461 5532 controver-

1888 5585 2024 5640 siam
2049 5599 2248 5640 vocare
2305 5576 2834 5638 Chalcedonensium
2871 5577 3092 5631 Patrum
3130 5567 3458 5632 doctrinam,

1888 5679 1972 5733 vel
2006 5677 2130 5744 Ihm,
2157 5675 2427 5732 Theodori
2457 5684 2512 5732 et
2537 5669 2866 5730 Theodoreti
2911 5680 3128 5724 errores
3151 5663 3454 5720 vindicare:
