3882 6204
540 269 672 335 1191

1451 264 1548 326 DE
1583 265 1845 326 ᾸίΤΑΤΕ
1886 265 1948 327 8.
1986 264 2364 327 GREGORII
2401 261 2916 324 AGRIGENTINI

3550 266 3643 334 1192

536 378 1018 454 persuasissimum
1066 374 1349 438 omnibus,
1418 373 1475 428 in
1527 388 1718 430 orcum
1777 374 2115 430 detrudenda
2143 374 2191 431 Δ
2217 388 2392 430 annos
2423 383 2589 429 natus
2614 372 2706 440 65,
2741 387 2866 429 cum
2895 370 3168 428 Theodora
3188 372 3351 446 orbus)
3368 383 3645 453 novoshyme.

537 489 730 531 eorum
782 472 1056 541 dogmata,
1110 482 1230 535 quae
1258 467 1418 539 vulgo
1449 466 1691 533 ipsorum
1748 466 1955 521 elibris
1984 466 2122 521 hau-

541 569 842 622 riebantur.
870 562 1055 629 Quare
1088 561 1172 614 vel
1208 575 1406 614 novam
1455 560 1620 629 ﬁngat
1650 558 1946 628 Cajetanus
1974 572 2120 613 cecu-

540 660 808 715 menicam
833 658 1099 728 synodum
1126 653 1228 706 sub
1247 649 1559 707 Iustiniano
1595 650 1612 703 1
1648 658 1916 716 coactam,
1952 650 2038 703 cui
2065 657 2123 703 et

542 751 774 806 Romani
804 748 1047 818 episcopi
1097 747 1254 817 legati
1306 743 1675 808 ittterl‘uerint,
1708 742 1801 812 qui
1821 741 1942 811 ejus
1975 740 2123 796 libel-

540 840 652 895 lum
688 840 1001 903 detulerint,
1040 838 1093 890 in
1140 851 1249 906 quo
1286 836 1454 889 animi
1506 834 1591 888 sui
1643 849 1800 889 sensa
1832 833 1978 888 circa
2009 848 2120 898 res,

541 946 665 1002 qua:
687 932 740 984 in
781 930 1136 999 quaestionem
1165 928 1475 988 veniebant,
1530 925 1897 994 depromeret,
1930 923 2122 980 simul‘

541 1040 651 1095 que
715 1025 863 1078 missi
924 1024 993 1077 ab
1040 1024 1157 1092 ipso
1214 1020 1446 1076 Romam
1496 1029 1689 1091 agente
1716 1019 1998 1091 episcopi,
2030 1021 2122 1093 qui

546 1104 913 1168 Orientalibus
951 1119 1396 1182 aggregarentur,
1436 1109 1638 1178 quique
1688 1108 1916 1162 reduces
1944 1108 2122 1179 ipsum

547 1203 834 1259 docuerint
856 1212 1058 1270 quanta
1082 1200 1311 1269 gesserit
1333 1198 1629 1269 Gregorius
1655 1214 1670 1263 ;
1694 1205 1808 1252 tum
1827 1197 2126 1268 Gregorius

546 1295 683 1350 adeo
735 1294 941 1349 ascitus
990 1290 1229 1346 Sardicze
1272 1290 1606 1346 Constantia
1646 1289 1886 1359 episcopi
1940 1300 2127 1360 partes

546 1385 763 1449 obiens,
791 1383 996 1453 quique
1027 1392 1135 1436 tam
1168 1381 1342 1435 multa
1374 1390 1426 1434 et
1466 1378 1701 1433 illustria
1748 1377 1801 1430 in
1836 1376 2128 1432 haereticos

548 1477 863 1547 dispularit,
914 1483 974 1529 ut
1018 1490 1206 1529 eorum
1264 1471 1481 1528 tandem
1534 1468 1823 1540 pervicerit
1846 1467 2124 1537 furorem;

549 1570 630 1625 vel
655 1570 876 1623 demum
909 1568 1165 1629 fateatur,
1208 1565 1264 1619 in
1305 1563 1412 1617 alia
1442 1559 1842 1616 amandandum
1883 1570 2125 1629 tempora

549 1662 892 1730 Gregorium,
921 1667 1086 1728 atque
1114 1656 1230 1726 ipse
1277 1653 1572 1716 censuerit,
1605 1666 1782 1720 neque
1809 1650 2122 1721 ﬁeriposse,

2223 479 2372 520 meos
2404 465 2712 521 celebrasse
2727 465 2753 519 τ

2292 554 2389 609 XI.
2424 555 2664 610 Tandem
2707 555 2841 610 illud
2894 555 3231 626 expendatur,
3266 555 3524 629 Gregorium
3545 573 3650 632 post-

2223 656 2388 711 quam
2427 642 2789 698 Paschalibus
2840 642 2997 699 feriis
3028 658 3059 698 a
3088 644 3257 715 culpa.
3289 647 3423 716 cujus
3452 664 3648 707 summum

2222 746 2319 802 per
2356 733 2536 789 scelus
2575 742 2894 799 accusatus,
2949 749 3112 805 purus
3142 737 3385 806 judicatus
3425 739 3652 808 estllvma,

2225 821 2317 877 ubi
2352 836 2525 876 annos
2554 822 2609 888 2,
2634 838 2854 879 menses
2886 823 2938 889 5,
2972 825 3266 880 carceribus
3291 842 3319 880 a
3356 830 3570 897 pontiﬁce,
3594 836 3650 886 cui

2224 912 2466 968 delatum
2496 913 2728 980 crimen,
2761 916 3103 984 mancipatus
3150 916 3278 988 egit,
3304 916 3655 991 Constantinopo-

2225 1002 2319 1058 llm
2354 1004 2600 1073 petiisse,
2627 1005 2813 1074 ibique
2828 1005 3038 1060 Pascha
3075 1007 3655 1080 celehrasse,302dcinde

2224 1090 2294 1145 ab
2350 1092 2479 1160 imp.
2530 1089 2847 1146 Iustiniano
2883 1092 3164 1148 dimissum
3220 1092 3420 1149 Romam
3448 1099 3657 1155 revertisse

2225 1198 2323 1237 xut
2368 1181 2489 1273 Kal.
2554 1183 2812 1253 Augusti,
2868 1183 3101 1253 indeque
3127 1184 3179 1239 in
3221 1185 3429 1241 Siciliain
3454 1189 3657 1259 navigasse

2227 1282 2394 1344 atque
2428 1273 2497 1328 ad
2536 1274 2902 1344 Acragantem
2964 1274 3181 1329 ﬂuvium
3219 1278 3488 1346 pervenisse
3515 1295 3554 1334 tv
3578 1278 3658 1337 Idus
3764 1273 3765 1346 ἦ

2227 1363 2601 1434 Septembris;
2659 1375 2783 1435 post
2850 1366 2965 1420 haec
3017 1365 3231 1421 ﬂuvium
3279 1367 3533 1438 ingressum
3575 1372 3658 1425 hora

2225 1454 2334 1510 diei
2375 1456 2533 1510 tertia
2563 1454 2632 1510 ad
2670 1455 3148 1527 Agrigentinorum
3192 1460 3571 1528 emporium,quo
3595 1463 3659 1515 iter

2226 1552 2821 1613 eratpraeterpropter
2871 1545 3184 1614 sesquidiei,
3239 1547 3473 1616 appulisse
3498 1547 3661 1603 Sabbato

2227 1633 2481 1697 die,.hoc
2515 1643 2600 1688 est
2629 1648 2691 1688 ιιι
2749 1632 2876 1689 ldus
2925 1634 3268 1704 Septembris,
3311 1638 3527 1706 postridie
3553 1653 3659 1705 quam

552 1764 611 1808 ,η
638 1722 779 1807 iam.
836 1722 1027 1822 δέηοάί
1077 1767 1111 1804 ν
1135 1722 1508 1804 ’ωσυηιεηίοω
1563 1748 1915 1801 αδηερεεοτεε
1964 1742 2129 1799 [σει-ξι
2158 1722 2203 1780 Β
2229 1724 2295 1778 ad
2318 1723 2680 1822 Acragantem
2710 1740 2928 1822 amnem
2966 1725 3120 1780 navis
3145 1725 3440 1782 advenerat:
3467 1728 3660 1782 nonenim

551 1854 973 1901 annumeratus.

621 1978 715 2035 IX.
745 1976 932 2045 Neque
980 1977 1095 2031 haec
1133 1982 1343 2029 tantum
1390 1983 1545 2042 sunt,
1600 1991 1723 2046 quae
1745 1971 2132 2045 Cajetaniopi-

553 2072 772 2127 nionem
828 2068 1066 2134 diﬁlent;
1113 2077 1167 2121 et
1212 2066 1320 2121 alia
1376 2058 1664 2130 accedunt,
1692 2083 1815 2137 quae
1851 2065 2131 2120 mantissa‘.

558 2165 676 2218 Ιοι·ο
702 2164 917 2217 addam.
961 2159 1103 2214 lntcr
1128 2160 1435 2229 episcopos,
1484 2158 1579 2227 qui
1619 2174 1646 2211 a
1672 2157 2133 2226 Constantinopo-

557 2254 727 2309 litano
766 2253 1074 2323 patriarcha
1110 2250 1364 2320 delegati,
1409 2248 1660 2319 Gregorii
1692 2264 1913 2305 causam
1947 2246 2134 2318 cogni-

556 2347 666 2403 turi
703 2363 824 2401 cum
852 2343 1105 2398 Romano
1140 2343 1417 2413 pontilice,
1452 2341 1770 2396 Corinthius
1794 2350 2130 2396 recensetur.

559 2438 994 2505 Archiepiscopus
1033 2435 1154 2487 item
1196 2433 1324 2505 (hoc
1350 2440 1435 2488 est
1472 2432 2130 2501 ConstantinOpolitanuS.

561 2530 739 2601 inquit
766 2527 1045 2595 Leontius)
1090 2525 1368 2579 accersitos
1403 2522 1584 2594 Cyzici
1631 2532 1681 2576 et
1740 2520 1981 2577 Corinthi
2017 2524 2135 2591 epi-

559 2637 744 2690 scopos
770 2617 989 2672 Romam
1020 2616 1144 2670 inde
1166 2615 1344 2669 mittit.
1383 2612 1491 2668 Sed
1532 2629 1695 2683 quem
1721 2623 2008 2683 praztereat
2034 2614 2137 2669 sub

559 2711 870 2769 Iustiniano
895 2708 935 2775 Ι,
960 2722 1240 2776 annosque
1273 2706 1479 2775 aliquot
1511 2713 1634 2775 post
1649 2704 1898 2760 Corinthi
1931 2705 2140 2775 episco-

561 2821 689 2876 pum
734 2802 1008 2863 Hellados,
1049 2808 1104 2854 et
1152 2797 1372 2853 Achaia:
1400 2798 1696 2852 exarchum
1740 2796 2000 2852 Romanae
2027 2812 2138 2868 pa-

563 2895 856 2956 triarchiae,
886 2887 1345 2962 quemadmodum
1404 2897 1460 2942 et
1507 2886 1933 2954 Thessalonicae,
1969 2896 2021 2942 et
2044 2887 2140 2942 Iu-

562 2986 814 3041 stinianae
842 2984 862 3035 ι
887 2981 1131 3045 exarchi,
1151 2978 1450 3044 subditum,
1477 2993 1652 3048 eoque
1673 2979 1890 3034 nomine
1906 2978 2136 3035 Romani

563 3075 835 3145 pontiﬁcis
876 3074 932 3127 in
983 3086 1081 3126 sua
1129 3071 1386 3125 exarchia
1422 3070 1689 3123 vicarium
1748 3071 2005 3139 gessisse,
2029 3085 2135 3139 qua
2163 3052 2206 3108 (ἶ

562 3167 825 3237 dignitate
872 3162 1034 3218 macti
1090 3160 1228 3215 adeo
1265 3175 1389 3214 cum
1443 3156 1986 3223 Thessalonicensis,
2023 3168 2138 3214 tum

562 3252 989 3311 Iustinianensis
1061 3250 1345 3305 Dardania:
1390 3249 1674 3320 episcOpi?
1706 3248 1793 3318 (V.
1847 3247 2038 3303 Baluz.
2084 3249 2138 3304 in

565 3346 845 3418 Supplem.
886 3343 955 3397 ad
983 3342 1079 3397 lib.
1116 3358 1148 3397 v
1180 3342 1245 3396 de
1282 3340 1545 3397 Concord.
1577 3357 1689 3395 sae.
1728 3348 1779 3395 et
1815 3341 1968 3409 imp.,
2016 3354 2141 3410 cap.

564 3437 656 3499 29,
681 3453 736 3490 n.
774 3434 882 3502 ll.)
927 3432 1032 3498 Qui
1089 3431 1257 3499 igitur
1287 3430 1513 3496 factum,
1553 3440 1614 3486 ut
1644 3431 2139 3501 Constantinopoli-

567 3534 731 3579 tanus
765 3520 1074 3591 patriarcha
1101 3534 1282 3573 rerum
1317 3518 1541 3573 domino
1565 3516 1875 3575 Iustiniano
1899 3517 1919 3572 l
1948 3516 2145 3573 Corin-

568 3612 646 3666 thi
673 3609 1012 3677 episcOpum,
1033 3606 1087 3659 in
1119 3620 1279 3674 quem
1299 3604 1509 3659 nullum
1537 3605 1639 3661 sibi
1678 3606 1769 3675 jus
1794 3606 2139 3670 attributum,

570 3701 624 3753 in
684 3701 870 3751 urbem
928 3702 1250 3754 arcesseret,
1300 3691 1648 3764 juberetque,
1716 3703 1776 3748 ut
1839 3693 2000 3762 legati
2057 3692 2142 3763 sui

571 3799 794 3841 munere
845 3789 1070 3837 ornatus
1112 3778 1343 3835 Romam
1374 3790 1673 3852 appeteret,
1701 3777 1949 3853 Gregorii
1973 3779 2183 3852 judex.

571 3873 829 3933 iuturus?

638 4017 708 4074 Χ.
737 4016 815 4071 Ad
839 4016 954 4071 haec
979 4014 1117 4070 falso
1144 4010 1374 4069 crimine
1403 4009 1619 4066 solutus
1635 4008 1828 4066 Roma
1848 4008 2147 4079 Gregorius

569 4106 1100 4176 Constantinopolim
1133 4103 1269 4165 abit.
1325 4101 1514 4171 ibique
1541 4108 1597 4155 et
1649 4101 1718 4154 ab
1766 4100 1897 4171 imp.
1931 4100 2146 4158 Caesare

570 4197 905 4259 Iustiniano,
956 4196 1104 4249 etab
1149 4191 1393 4259 Augusta
1427 4189 1830 4245 liberalissimis
1854 4190 2015 4246 donis
2044 4207 2147 4247 cu-

574 4291 832 4345 mulatur.
865 4285 1045 4355 Neque
1078 4298 1193 4338 vero
1234 4280 1435 4352 (inquit
1463 4278 1747 4350 Leontius)
1771 4280 2016 4348 piissimo
2034 4281 2147 4336 Att-

2227 1831 2374 1872 unus
2430 1816 2680 1886 idemque
2732 1816 2852 1871 dies
2886 1817 3144 1887 appulsus
3188 1819 3468 1888 Acragantis
3511 1827 3553 1873 et
3586 1834 3660 1873 em-

2230 1905 2408 1977 porii;
2446 1920 2606 1961 secus
2644 1907 2790 1961 enim
2823 1908 3191 1963 characterem
3235 1908 3662 1964 Sabbatoindicasset

2229 1995 2494 2051 Leontius
2535 1997 2604 2051 ad
2630 2012 2696 2051 ‘IV
2725 1996 2851 2053 ldus
2905 1999 3253 2069 Septembris,
3305 2016 3412 2056 cum
3452 2001 3496 2054 in
3519 2015 3659 2054 suum

2230 2089 2515 2159 pervenit;
2569 2104 2748 2159 neque
2794 2098 2934 2156 erat,
2978 2107 3080 2147 cur
3124 2100 3232 2147 tum
3281 2093 3548 2164 designaret,
3586 2107 3661 2147 cum

2231 2182 2465 2252 emporii
2533 2182 2685 2238 littus
2759 2183 2962 2254 attigit,
3024 2186 3243 2255 perinde
3286 2200 3345 2240 ac
3384 2200 3439 2240 eo
3475 2186 3556 2249 die,
3582 2184 3661 2253 quia

2235 2270 2560 2347 Sabbatum,
2591 2274 2815 2346 dignum
2849 2277 3152 2347 quidpiam,
3201 2277 3335 2348 quod
3359 2277 3519 2334 litteris
3537 2276 3663 2347 prode-

2233 2373 2404 2428 retur,
2445 2366 2697 2434 gesserit.
2754 2366 2836 2423 En
2892 2367 3105 2426 Leontii
3145 2371 3298 2425 verba
3359 2378 3494 2439 prout
3543 2367 3661 2422 Latine

2233 2473 2392 2513 versa
2418 2457 2615 2513 :Roma
2636 2461 2799 2530 igitur
2818 2464 3064 2532 proiecti,
3088 2464 3305 2534 atquein
3329 2459 3661 2527 Siciliomappshi

2234 2549 2578 2620 Agrigentum
2632 2552 2841 2605 veniunt
2899 2568 2954 2607 tv
3011 2552 3144 2607 Idus
3194 2552 3657 2622 Septembriusicrm

2236 2642 2434 2695 volente
2478 2641 2608 2704 Deo,
2656 2644 2745 2714 qui
2775 2659 2980 2712 semper
3025 2654 3073 2699 et
3112 2652 3348 2707 servarat,
3383 2652 3425 2697 et
3463 2641 3658 2710 adjuveth

2236 2733 2452 2803 ﬂuvium
2483 2734 2661 2787 ineunt
2695 2734 2752 2787 in
2811 2733 3142 2801 suburbium,
3194 2734 3320 2804 quod
3347 2733 3569 2801 emporium
3586 2726 3661 2780 diti

2239 2831 2353 2889 tur,
2379 2822 2448 2874 ad
2486 2824 2693 2876 tertiam
2730 2823 2833 2876 diei
2859 2822 3090 2877 horam:
3143 2831 3251 2876 erat
3287 2836 3424 2891 porro
3458 2816 3661 2876 Sabinus,

2238 2928 2356 2967 cum
2384 2912 2512 2967 illuc
2566 2914 2834 2983 appulere.
2887 2911 3016 2969 Iam
3055 2929 3184 2970 vero
3231 2914 3295 2968 ab
3315 2926 3444 2968 anno
3481 2908 3570 2970 551,
3606 2904 3661 2974 qni

2238 3005 2635 3060 (ecumenicam
2668 3021 2704 3060 v
2741 3006 3013 3078 synodum
3037 3014 3270 3073 secutus,
3301 3003 3363 3059 ad
3386 2999 3659 3067 565,ultinunt

2237 3093 2529 3150 Iustiniani
2560 3096 2581 3148 l
2618 3096 2781 3165 Aug.,
2813 3113 2869 3152 ιι
2900 3096 3240 3168 Septembris
3264 3096 3369 3151 dies
3397 3096 3443 3149 in
3469 3091 3659 3146 Sabbura

2239 3186 2472 3242 incurrit
2500 3186 2663 3241 annis
2689 3186 2795 3242 555
2824 3196 2878 3242 et
2915 3188 3064 3255 560;
3109 3202 3247 3242 anno
3277 3186 3405 3242 enim
3447 3181 3528 3238 555
3550 3195 3570 3233 ι
3590 3174 3662 3229 Eal-

2237 3276 2516 3334 Ianuariis
2553 3280 2673 3335 iniit
2689 3280 2825 3352 cycli
2866 3281 3075 3336 solaris
3093 3296 3264 3335 annus
3283 3281 3332 3345 4,
3360 3277 3542 3345 ideoque
3561 3272 3667 3324 littera

2242 3371 2593 3427 Dominicalis
2613 3372 2652 3424 ι)
2677 3390 2694 3440 ;
2725 3388 2871 3427 anno
2892 3372 3031 3440 560,
3050 3372 3186 3444 cycli
3217 3371 3393 3427 solaris
3410 3380 3544 3422 annus
3559 3363 3596 3425 9,
3615 3358 3670 3411 lit-

2241 3468 2354 3516 tera
2388 3459 2739 3517 Dnminicalis
2755 3459 2798 3514 D
2821 3461 2897 3529 C;
2923 3477 3108 3534 coque
3133 3462 3303 3518 disces
3341 3461 3620 3516 characterem
3639 3459 3674 3499 ιι

2240 3552 2348 3608 diei
2363 3551 2697 3622 Septembris
2714 3552 2887 3608 fuisse
2909 3554 3110 3609 feriam
3127 3553 3177 3608 7.
3202 3553 3266 3606 At
3288 3544 3532 3605 annu3555
3546 3541 3673 3595 idm

2241 3656 2353 3696 non
2386 3649 2490 3706 est,
2510 3650 2621 3695 tum
2649 3642 2795 3711 quod
2825 3641 3158 3715 Gregorium
3202 3642 3299 3697 hoc
3320 3654 3445 3695 anno
3464 3636 3676 3705 θρίποριιιιι

2243 3733 2632 3804 inauguratttm
2672 3734 3161 3805 putatCajetanus,
3185 3744 3293 3788 tum
3325 3729 3449 3801 quod
3470 3742 3494 3781 ιι
3514 3715 3675 3790 Grrgorii

2243 3824 2508 3883 Romanis
2545 3826 2782 3882 vinculis
2818 3828 2887 3883 ad
2922 3829 3160 3883 reditum
3194 3825 3424 3881 Ecclesia:
3461 3833 3546 3877 sua
3562 3805 3677 3870 IIII!“

2243 3917 2677 3982 intercesserint,
2744 3907 3031 3987 simulque
3094 3925 3298 3974 certum
3347 3910 3478 3973 illud,
3522 3902 3679 3959 audiisse

2244 4007 2567 4081 Gregorium
2615 4008 3105 4079 Agrigentinorum
3160 4009 3447 4078 episcopum
3476 4004 3567 4070 post
3584 4004 3679 4047 ωου-

2244 4093 2514 4156 inenicam
2552 4100 2824 4170 synodum
2850 4095 3500 4166 Constantinopolitanatu,
3519 4088 3593 4138 hoc
3616 4087 3678 4138 θείς
3764 4146 3765 4163 ξ

2245 4190 2410 4267 paulo
2439 4198 2560 4261 post
2606 4205 2812 4245 annum
2882 4191 3017 4258 555,
3052 4205 3151 4262 pro
3188 4184 3410 4256 Caietani
3439 4173 3679 4239 sententia!

2248 4294 2357 4348 quo
2380 4279 2447 4334 ad
2488 4278 2593 4334 555
2614 4278 2897 4335 biennium
2946 4288 3160 4334 tantum
3192 4287 3441 4332 numeres.
3469 4267 3548 4322 Sed
3572 4270 3679 4328 παιω

572 4391 729 4453 gusta
780 4378 888 4431 viro
940 4373 1213 4442 quidpiam
1263 4370 1443 4437 cessit,
1463 4369 1552 4424 sed
1584 4385 1704 4424 uero
1748 4369 1929 4424 multis
1950 4367 2144 4441 Grego-
2176 4379 2220 4437 ι)
2248 4386 2427 4427 annus
2457 4369 2562 4427 560
2612 4385 2791 4426 causa:
2841 4381 3053 4427 nostrae
3115 4365 3377 4427 conducit.
3410 4359 3681 4453 Vigilatst

574 4474 713 4526 rium
743 4468 958 4521 donavit
989 4461 1313 4527 muneribus,
1351 4476 1484 4516 auro
1536 4471 1874 4531 argentoque,
1913 4462 2050 4532 quod
2076 4463 2146 4517 ad

574 4560 829 4617 Ecclesia:
887 4572 1013 4612 vasa
1064 4550 1389 4622 ronﬁcienda
1449 4561 1579 4605 esset
1605 4536 1757 4606 satis.
1803 4549 1986 4623 Ecqua
2016 4568 2146 4610 vero

571 4652 689 4709 bazc
716 4652 959 4721 Augusta
1006 4643 1300 4701 Iustiniani
1349 4643 1371 4696 ι
1434 4641 1615 4695 uxor?
1657 4639 1884 4697 Unicatn
1921 4644 2146 4700 historia

569 4741 864 4797 Iustiniani
922 4738 941 4792 1
990 4736 1275 4806 c0njugem
1322 4733 1488 4787 tradit
1521 4731 1884 4797 Theodoram,
1916 4748 2038 4802 qua:
2064 4743 2147 4788 ta-

575 4847 699 4886 men
735 4829 1114 4884 mortalitatem
1150 4826 1383 4896 explevit
1435 4841 1577 4879 anno
1608 4824 1809 4879 Christi
1837 4823 2150 4891 548,Iusti-

575 4923 770 4976 nianaei
814 4920 1025 4990 imperii
1044 4919 1135 4985 εἰ,
1172 4934 1354 4971 mense
1375 4916 1560 4981 Iunio,
1585 4917 1882 4972 indictione
1908 4918 1996 4983 ll,
2029 4929 2088 4972 ttt
2115 4933 2148 4972 a

576 5013 909 5082 Theophane
966 5010 1242 5080 proditum
1293 5008 1348 5061 in
1378 5007 1707 5075 Chronogr.,
1732 5016 1787 5061 et
1815 5017 1940 5062 ante
1971 5009 2145 5078 ipsum

575 5124 607 5162 a
641 5105 932 5175 Procopio,
961 5117 1066 5171 quo
1104 5101 1394 5168 superstite
1440 5099 1672 5153 excessit
1710 5096 2018 5166 Tlteodora,
2050 5101 2144 5158 lib.

575 5217 626 5257 tv
650 5197 787 5254 Belli
835 5191 1014 5249 Gotth.
1062 5190 1208 5245 Vidit
1265 5190 1543 5259 scopulum
1597 5187 1925 5258 Cajetantts,
1975 5207 2150 5262 neque

576 5289 857 5349 evadendo
886 5300 982 5357 par
1016 5283 1139 5338 fuit.
1196 5280 1408 5335 Etenim
1460 5280 1767 5351 profitetur.
1839 5286 2150 5353 incomper.

576 5393 691 5441 tum
715 5383 843 5447 sibi,
875 5368 1125 5451 quaenam
1156 5384 1270 5430 tum
1309 5374 1570 5441 temporis
1609 5374 1851 5443 regnarit
1877 5372 2147 5445 Augusta,

576 5491 703 5533 cum
747 5468 1220 5538 Constantinopoli
1277 5466 1547 5536 hospitem
1580 5465 1771 5521 statuit
1823 5464 2147 5536 Gregorium

580 5566 910 5635 episcOpnm.
961 5560 1125 5617 Eccui
1176 5558 1394 5613 tandem
1433 5556 1598 5611 fuerit
1639 5569 2000 5628 compertum,
2025 5573 2149 5613 cum

579 5669 771 5710 omnes
827 5655 1048 5709 omnino
1096 5653 1294 5709 sileant
1345 5648 1629 5704 historiae?
1668 5666 1793 5705 cum
1817 5664 1991 5719 neque
2021 5664 2151 5705 vero

581 5745 765 5802 simile
798 5745 910 5813 ilat,
966 5746 1336 5806 Iustinianum
1388 5749 1603 5801 senecta
1636 5738 1793 5799 actate
1831 5742 1970 5814 (erat
1996 5742 2140 5798 enim

2246 4462 2449 4517 obiittv
2480 4460 2603 4517 ldus
2619 4459 2912 4517 Ianuarias
2940 4462 3075 4517 anni
3112 4460 3176 4517 P.
3205 4459 3263 4515 C.
3289 4454 3452 4511 Basilii
3474 4450 3539 4512 l7,
3562 4453 3681 4507 nempe

2245 4551 2447 4608 Christi
2493 4551 2811 4624 Dionysiani
2867 4551 2996 4618 568,
3035 4562 3172 4607 teste
3216 4547 3437 4606 omnium
3476 4531 3682 4597 ωιιεείωο

2249 4646 2467 4704 Victore
2504 4646 2867 4702 Tunnunensi
2916 4648 3214 4717 episcopo,
3256 4644 3346 4714 qui
3396 4635 3554 4707 Vigilio
3588 4631 3682 4681 τωο

2247 4754 2493 4809 compar,
2536 4737 2827 4810 adfuitque
2856 4726 3453 4808 ConstantinOpolitana:
3483 4720 3681 4816 synodum

2259 4829 2569 4902 Vigilioque
2593 4834 2738 4902 regia
2769 4832 2822 4885 in
2853 4832 2995 4887 urbe
3026 4828 3319 4887 consuevit.
3366 4817 3682 4902 ’Δνὺπαταὶξηθ

2247 4897 2376 4976 anni
2410 4897 2558 4976 nullo
2623 4897 2848 4976 consule
2894 4920 3172 4992 designati
3219 4912 3486 4973 secundum
3515 4897 3680 4992 Basilina

2247 5025 2464 5079 θωρθτθ
2490 5010 2557 5064 ab
2612 5024 2756 5063 anno
2792 5009 2897 5064 542
2950 4989 3339 5077 desieruntque
3377 5013 3496 5056 anno
3523 4989 3683 5086 566...qu

2246 5076 2670 5170 primusIustini
2731 5098 2775 5154 ll
2806 5100 2974 5171 Aug.,
3007 5110 3066 5155 ut
3115 5114 3179 5153 ex
3204 5076 3367 5152 Fastis
3398 5076 3681 5174 consolati”?

2248 5192 2593 5263 potissimum
2624 5208 2753 5249 vero
2777 5192 3126 5249 Heraclianis
3168 5198 3385 5246 constat.
3415 5163 3681 5266 Porro

2248 5260 2604 5339 emortualem
2650 5300 2854 5339 annum
2925 5282 3354 5355 componendum
3406 5287 3508 5331 cum

2251 5374 2586 5445 Dionysiano
2611 5373 2891 5441 558,adeo
2922 5352 3171 5431 solemne
3196 5370 3430 5427 traditum
3459 5367 3501 5418 in
3531 5352 3684 5445 anuliuls

2250 5442 2628 5523 Romanorum
2664 5470 2985 5538 pontiﬁcum
3016 5470 3306 5539 Catalogis,
3331 5442 3681 5518 utJoannt‘sCG“
3764 5470 3765 5519 ἶ

2250 5558 2519 5624 canensis,
2539 5560 2633 5628 qui
2676 5572 2865 5617 caetera
2911 5561 3300 5618 Chronotaxim
3329 5542 3684 5629 pontiﬁcum"?
3764 5556 3765 5595 1

2250 5663 2358 5718 ιιυθ
2410 5627 2587 5720 deque
2630 5651 2897 5722 .Scripsit,‘
2948 5653 3006 5707 in
3051 5652 3160 5708 alia
3192 5627 3339 5707 abire
3375 5639 3494 5700 haud
3515 5627 3683 5728 polﬂfﬂi‘

2249 5738 2431 5807 om“
2461 5742 2696 5813 "idem":
2729 5759 2895 5818 quam
2933 5746 3180 5804 suaviter
3216 5741 3316 5803 sibi
3358 5728 3524 5807 imponi
3543 5726 3683 5797 P‘“’“'
3764 5734 3765 5759 ³
