3882 6204
359 235 386 256 δ

178 312 310 390 1193

1523 303 2060 381 biSSERTATIO.

3266 267 3400 374 ttat

174 446 288 498 tur;
316 431 410 503 qui
460 429 528 484 iis
590 427 894 492 ascribunt,
947 441 978 482 e
1025 408 1164 483 viris
1197 435 1445 498 ereptum
1478 424 1735 497 Vigilium
1768 431 1811 485 Α
1839 408 1999 494 303
2059 420 2334 485 cmuxere,
2389 405 2512 475 cum
2547 416 2750 474 Christi
2794 402 3158 490 Dionysianis,
3189 426 3249 470 nt
3279 419 3405 472 inde

173 537 318 580 anno
346 521 452 578 554
480 519 880 576 dictitantibus.
909 516 1028 572 Jam
1083 517 1283 587 Vigilio
1303 515 1744 571 successitPela‘s

172 611 294 684 gius
329 609 514 664 Idibus
549 605 754 677 Aprilis
799 605 1043 674 ejusdem
1078 605 1208 658 anni
1239 604 1364 666 558,
1393 604 1487 684 qui
1523 603 1735 658 exstino

175 713 316 767 ctus,
337 702 414 756 uti
433 697 668 754 ostendit
692 697 912 768 Pagius,
935 712 1080 752 anno
1093 697 1202 752 560
1218 698 1301 752 vel
1319 691 1448 762 561,
1477 695 1738 766 quemad-

169 793 394 849 modum
434 791 526 846 alii
566 790 829 856 sentiunt,
863 805 911 845 tv
949 787 1137 846 Nonas
1167 788 1408 844 Martias.
1441 787 1499 842 Si
1535 787 1740 856 Greg‘o-

172 885 290 941 rius
359 884 523 954 igitnr
585 881 772 936 Romae
823 880 1082 936 ocelusus
1137 879 1456 934 carceribus
1493 892 1668 932 annos
1703 876 1740 930 2

171 991 388 1033 menses
410 977 444 1030 5
483 972 766 1044 exegit;si
814 972 1032 1043 cognita
1069 969 1312 1041 Gregorii
1347 985 1511 1025 causa
1539 968 1740 1038 postri-

173 1069 264 1124 die
309 1065 611 1128 Paschalis,
658 1068 805 1116 certe
861 1060 1158 1116 Ecclesiam
1205 1058 1296 1114 ille
1324 1074 1477 1114 suam
1508 1058 1742 1113 revisere

176 1158 387 1228 nequiit
407 1170 552 1211 anno
592 1152 715 1216 560,
757 1151 861 1206 nisi
907 1152 1154 1212 Romam,
1178 1164 1288 1220 quo
1318 1165 1348 1203 a
1389 1149 1608 1203 Tiberio
1631 1147 1742 1202 Ro-

175 1249 324 1304 mani
352 1245 623 1318 pontiﬁcis
663 1243 718 1298 in
752 1241 940 1296 Sicilia
991 1242 1231 1296 exarcho
1264 1240 1361 1310 (ita
1388 1240 1622 1309 appellat
1643 1239 1743 1294 Le-

175 1341 381 1405 ontius,
429 1339 523 1409 qui
589 1336 729 1392 forte
791 1335 1054 1390 Romanae
1104 1323 1358 1408 Echt-size
1379 1332 1652 1397 defensor,
1677 1335 1744 1388 de

175 1445 286 1501 quo
341 1430 470 1485 alibi
535 1428 735 1497 dicam)
779 1426 1126 1490 amendatos,
1161 1425 1391 1482 subierit
1444 1441 1588 1478 anno
1615 1425 1740 1488 556,

177 1537 366 1576 mense
395 1518 690 1574 Novembri
715 1519 732 1581 ζ
758 1518 826 1571 ab
850 1532 916 1570 eo
949 1511 1092 1570 enim
1130 1517 1194 1570 ad
1233 1505 1357 1570 ldus
1378 1515 1589 1585 Aprilis
1615 1515 1740 1580 559,

177 1625 306 1666 cum
332 1609 704 1664 Christianum
747 1602 956 1661 Pascha
991 1601 1322 1664 celebratum
1375 1605 1540 1676 (quod
1574 1607 1743 1662 disci-

178 1716 306 1756 mus
331 1699 578 1775 exgcyclo
612 1691 744 1752 Solis
773 1697 826 1762 8,
857 1697 1000 1750 lunae
1030 1697 1083 1761 9,
1122 1697 1302 1752 littera
1332 1697 1648 1752 Dominicali
1677 1681 1740 1760 Ε,

181 1792 422 1848 termino
462 1790 729 1856 Paschali,
761 1789 795 1844 6
847 1791 1070 1860 Aprilis)
1130 1801 1277 1844 recte
1315 1789 1536 1859 colliges
1571 1799 1744 1843 annos

174 1885 234 1949 2,
267 1898 482 1938 menses
508 1882 561 1945 5,
602 1879 659 1935 ut
683 1894 928 1936 reversus
955 1875 1170 1935 tandem
1213 1877 1565 1950 Agrigentum
1601 1887 1745 1933 almo

176 1975 488 2046 insequenti
530 1974 693 2027 fuerit
750 1973 898 2042 regia
929 1987 991 2026 ex
1022 1967 1184 2036 Urbe,
1231 1972 1321 2026 ubi
1371 1971 1578 2026 Pascha
1619 1988 1741 2040 pet"-

178 2068 310 2137 egit.
343 2064 506 2135 Atqui
564 2065 693 2118 vero
745 2064 888 2117 anno
925 2059 1028 2117 556
1063 2057 1116 2116 et
1157 2059 1529 2132 pontilieatum
1561 2063 1748 2117 obibat

181 2151 439 2225 Vigilius,
479 2163 534 2208 et
579 2149 1054 2222 Constantinopoli
1127 2152 1376 2223 degebat,
1429 2162 1480 2204 ut
1520 2152 1748 2220 proinde

173 2249 502 2317 Gregorium
531 2249 717 2301 Romae
747 2247 800 2300 in
831 2259 1077 2300 carceres
1127 2245 1360 2299 condere
1385 2233 1526 2297 haud
1559 2249 1747 2312 quive-

180 2341 274 2403 rit,
309 2353 486 2408 neque
525 2337 792 2407 accipere,
835 2351 972 2406 quas
1013 2331 1264 2392 Tiberius
1303 2337 1577 2392 exarcbus
1609 2337 1748 2392 scri-

174 2436 402 2496 pserat,
445 2425 656 2478 litteras
677 2464 693 2489 ,
746 2422 966 2492 quando
990 2437 1068 2478 ea:
1116 2425 1326 2479 traditae
1357 2425 1621 2493 pontiﬁci,
1651 2428 1748 2497 qui

177 2515 373 2568 [totum
399 2515 734 2567 versabatur.
767 2511 948 2578 Quare
981 2511 1108 2567 cum‘
1139 2529 1284 2569 anno
1307 2514 1411 2570 556
1440 2513 1748 2570 Romanum

175 2606 492 2675 pontiﬁcem
522 2614 734 2674 gereret
764 2603 1013 2674 Vigilius,
1041 2620 1164 2660 cum
1193 2622 1338 2662 anno
1361 2607 1465 2662 559
1492 2608 1748 2678 Pelagius

177 2691 443 2752 Romanae
502 2695 759 2752 Ecclesia:
832 2697 1043 2752 clavum
1105 2704 1448 2767 temperaret,
1511 2715 1748 2772 cumque

173 2791 446 2858 insuper,
476 2789 567 2856 qui
615 2786 933 2856 Gregorium
988 2786 1236 2853 absolvit,
1289 2787 1430 2842 idem
1487 2805 1661 2846 annos
1691 2792 1748 2860 2,

174 2893 398 2933 menses
442 2877 476 2930 5
530 2876 762 2930 vinculis
821 2885 876 2930 et
925 2876 1170 2930 custodia
1230 2879 1552 2944 coercuerit,
1600 2881 1749 2949 quod

169 2970 524 3040 apertissime
558 2977 788 3022 testatur
828 2968 1109 3028 Leontius,
1170 2981 1510 3039 consequens
1553 2980 1654 3034 est,
1692 2971 1748 3026 in

1837 516 1916 568 rei
1946 513 2150 568 veritas
2182 508 2440 582 emergat.
2471 509 2626 576 Quod
2675 507 2972 580 Agrigento
3018 507 3402 579 Carthaginem

1839 603 2060 660 s'olverit
2085 601 2385 674 Gregdrius
2410 601 2583 672 pridie
2613 585 2733 657 Kal.
2773 601 2966 668 .lulias,
3001 616 3176 674 eoque
3211 612 3404 672 perve-

1837 695 1978 748 nerit
2003 701 2123 764 post
2146 694 2262 750 dies
2297 695 2352 758 5,
2383 693 2437 748 in
2479 694 2903 750 controversiam
2937 694 3044 749 non
3077 693 3242 757 venit,
3278 708 3401 747 nam

1839 802 1902 840 ex
1945 786 2220 842 luculento
2269 784 2482 842 Leontii
2534 785 2848 840 testimonio
2910 785 3193 840 discimus.
3247 776 3404 850 Quod

1837 877 2023 932 itidem
2059 873 2388 948 Carthagine
2413 892 2538 932 cum
2578 872 2780 939 ﬂaret),
2821 865 3138 948 Serapione,
3175 864 3407 930 Leontio

1845 961 2128 1024 monachis
2153 957 2426 1039 profectus
2459 962 2722 1038 Tripolim
2759 967 3056 1030 advenerit,
3093 967 3322 1036 exp‘etis
3349 954 3407 1020 in

1842 1059 2035 1116 itinere
2063 1060 2254 1116 diebus
2274 1060 2364 1126 20,
2408 1059 2592 1130 ibique
2619 1059 2929 1114 diversalus
2982 1073 3223 1112 mensem
3277 1058 3409 1110 inte-

1841 1163 2020 1220 grnm,
2064 1148 2302 1218 indeque
2354 1147 2552 1202 iterum
2587 1146 2874 1216 navigans,
2911 1157 3258 1214 quatuorque
3283 1145 3406 1198 na‘vi

1844 1241 2136 1312 impositus
2158 1254 2374 1295 menses
2400 1239 2661 1308 exegerit,
2683 1236 3011 1306 tandemque
3035 1233 3408 1306 Hierosolyma

1843 1331 2092 1396 subierit,
2135 1331 2208 1385 ita
2260 1339 2379 1384 uta
2423 1328 2771 1398 Carthaginis
2803 1328 2950 1382 abitu
2987 1329 3050 1381 ad
3104 1327 3410 1396 Hierosoly-
3486 1364 3506 1370 —

1843 1425 2058 1478 murum
2089 1423 2396 1494 ingressum
2427 1433 2642 1477 menses
2679 1414 3091 1505 inter‘ee’sseriut
3128 1412 3160 1475 6
3192 1422 3273 1503 vtl
3314 1421 3412 1473 ali-

1843 1503 1973 1584 Quid
2015 1511 2285 1584 amplius,
2341 1511 2603 1569 Leontius
2640 1525 2795 1583 atque
2831 1503 3098 1584 perhibet,
3141 1522 3200 1567 ut
3229 1515 3411 1568 nullus

1843 1603 1936 1658 hic
1999 1603 2305 1674 ambigendi
2368 1603 2524 1658 lo‘cus
2581 1603 2838 1671 supersit,
2896 1602 3052 1670 Quod
3102 1613 3232 1658 vero
3287 1601 3412 1658 inde

1845 1685 2140 1752 Caietanus
2165 1694 2420 1748 conﬁciat
2463 1687 2832 1764 Hierosolyma
2881 1693 3198 1764 Gregorium
3244 1710 3411 1765 peuc-

1845 1792 2022 1840 trasse
2052 1783 2290 1838 nondum
2319 1799 2464 1838 anno
2493 1783 2697 1852 elapso,
2731 1797 2794 1837 ex
2825 1798 2934 1852 quo
2962 1783 3134 1852 patria
3157 1783 3409 1846 evaserit,

1848 1892 1948 1932 nec
1977 1875 2134 1945 longe
2182 1891 2212 1928 a
2266 1871 2552 1934 Pas‘cba'te,
2608 1874 2752 1944 quod
2797 1871 3052 1928 Leontius
3102 1868 3410 1930 coniectum

1847 1965 2160 2022 memoratﬁ
2191 1961 2412 2035 Aprilis,
2433 1965 2581 2020 nullo
2605 1966 2766 2020 modo
2787 1965 3104 2036 probamus,
3129 1967 3172 2020 si
3194 1969 3410 2038 quier

1847 2059 2041 2114 ducem
2065 2053 2276 2112 Leontii
2313 2055 2621 2121 hismriam,
2657 2068 2714 2111 ut
2749 2056 2974 2112 omnino
3005 2050 3088 2114 ius
3127 2067 3229 2126 est,
3257 2062 3422 2130 sequi

1850 2151 2121 2216 velimus;
2167 2148 2294 2218 quid
2347 2147 2534 2202 enim?
2561 2145 2778 2204 Marcus
2807 2149 2999 2217 abbas,
3031 2151 3126 2222 qui
3160 2151 3415 2208 Hieroso-

1848 2235 1992 2315 lyma
2041 2233 2363 2310 Gregorium
2417 2241 2640 2296 deduxit
2670 2241 2758 2295 die
2792 2243 3029 2298 set-unda
3069 2259 3100 2298 a
3133 2261 3270 2315 nova
3308 2245 3415 2300 Do-

1849 2313 2071 2397 minica,
2094 2346 2216 2402 quae
2243 2330 2463 2386 unicum
2495 2328 2728 2396 Pascha,
2759 2329 2902 2400 quod
2947 2333 3142 2414 ibidem
3171 2313 3414 2400 celebra-

1848 2423 1945 2492 vit,
1973 2432 2184 2489 secuta,
2211 2421 2473 2494 Tripolim
2498 2421 2666 2492 Syria:
2697 2421 2988 2492 demigrat,
3041 2441 3152 2496 quo
3198 2427 3413 2482 devenit

1848 2515 1975 2570 Kal.
2009 2513 2208 2579 Juniis,
2249 2513 2340 2569 ubi
2377 2527 2680 2568 conscensa
2710 2515 2856 2577 nari,
2891 2515 2945 2569 in
2981 2514 3221 2576 Siciliam
3257 2521 3411 2574 navi-

1850 2616 1942 2680 gat
1973 2626 1988 2675 ;
2026 2623 2138 2663 xvrt
2167 2605 2288 2660 Kal.
2317 2595 2492 2660 Julias
2526 2604 2592 2659 ad
2629 2603 2979 2662 Pleuthiadas
3009 2623 3134 2662 oras
3171 2593 3412 2678 appellit,

1851 2701 2088 2773 indeque
2125 2695 2483 2771 Aeragan‘tem
2531 2692 2776 2763 ﬁuvinm,
2822 2708 2988 2768 atque
3037 2700 3164 2756 ldnc
3205 2693 3414 2764 Subiit-,-

1849 2795 2000 2851 bium
2048 2791 2244 2862 primo,
2297 2790 2443 2862 quod
2484 2790 2786 2858 emporium
2819 2790 3291 2868 Agrigentinorum
3328 2781 3415 2846 illa

1850 2893 2019 2949 ctum,
2041 2884 2165 2938 dein
2184 2883 2374 2937 urbem
2396 2881 2716 2952 ingreditur,
2739 2880 2918 2951 ibique
2940 2883 3027 2936 die
3053 2885 3415 2940 sanctissimi.-

1848 2979 2115 3050 apostolis
2140 2978 2300 3032 Petro
2333 2985 2384 3032 et
2406 2966 2578 3032 Paulo
2606 2991 2760 3031 sacra
2810 2976 3218 3046 religiosissime
3245 2981 3414 3038 culta.

166 3076 386 3116 annum
421 3060 524 3116 560
559 3059 792 3115 conferri
835 3073 940 3112 non
976 3072 1138 3127 posse
1187 3059 1433 3130 Gregorii
1461 3061 1527 3114 ad
1560 3062 1742 3116 Eccle=~

1846 3073 2104 3144 postridie
2146 3070 2398 3140 contigit,
2447 3075 2507 3122 ut
2563 3067 2803 3139 Gregorii
2853 3081 3091 3138 parentes
3137 3070 3206 3124 ad
3237 3071 3414 3124 urbem

169 3153 319 3207 siam
347 3165 500 3206 suam
531 3151 784 3204 reditum.
813 3148 948 3202 Cum
973 3163 1100 3204 vero
1128 3149 1184 3204 in
1231 3151 1454 3220 reliquis
1482 3151 1747 3208 Iustinia-

169 3237 234 3297 ni
268 3243 289 3296 Ξ
319 3242 480 3296 annis
518 3255 796 3309 nunquam
829 3239 1036 3294 incidat
1077 3240 1132 3293 Il
1173 3239 1507 3310 Septembris
1543 3244 1662 3298 dies
1692 3245 1748 3298 in

171 3334 373 3386 feriam
404 3331 458 3397 7,
515 3343 660 3386 anno
711 3331 856 3386 enim
909 3331 1005 3386 56l
1073 3333 1330 3386 'convenit
1382 3333 1436 3386 in
1466 3333 1659 3389 feriam
1693 3331 1746 3398 Ι,

165 3437 328 3476 armo
347 3421 453 3476 562
483 3421 536 3474 in
577 3419 768 3475 feriam
800 3422 855 3486 2,
885 3431 1031 3474 anno
1067 3419 1171 3474 565
1197 3420 1251 3474 in
1294 3420 1479 3477 feriam
1511 3425 1564 3490 5,
1605 3439 1748 3478 anno

167 3513 283 3570 564
309 3516 364 3567 in
404 3511 596 3568 feriam
630 3511 686 3576 5,
715 3519 860 3566 anno
887 3513 993 3567 565
1022 3513 1077 3566 in
1113 3495 1300 3568 fcriam
1327 3513 1382 3578 6,
1408 3513 1600 3568 doceat
1626 3525 1747 3569 Ian-

165 3608 303 3660 dem
338 3604 658 3668 Caietanus,
685 3619 857 3675 ecqua
880 3604 1116 3660 ineunda
1149 3607 1254 3668 via,
1293 3621 1400 3676 qua
1426 3605 1744 3676 Gregorium

167 3697 663 3766 Agrigentinorum
717 3697 1040 3765 'episc0pum
1097 3696 1150 3750 in
1219 3697 1512 3752 Justiniani
1569 3693 1746 3768 Magni

166 3797 428 3858 tempora
475 3790 984 3850 conferamus,cutn
1017 3793 1126 3842 tam
1178 3791 1366 3852 multa,
1407 3804 1581 3859 eaque
1609 3800 1745 3859 pon-

166 3882 328 3934 deris
385 3878 696 3950 gt‘avissimi
743 3879 1020 3950 comperta
1079 3879 1239 3935 nobis
1289 3884 1420 3946 sint,
1473 3896 1594 3950 qua:
1624 3880 1748 3936 inde

166 3971 480 4039 abjiciant?

246 4063 364 4117 XII.
399 4061 551 4118 Nunc
571 4061 827 4134 quoniam
855 4078 962 4118 non
997 4064 1177 4119 stabili
1211 4064 1398 4118 nititur
1426 4063 1747 4120 fundamen-

165 4165 232 4209 to
259 4153 506 4221 Cajetani
535 4153 721 4224 Opinio
751 4151 818 4208 de
845 4153 1090 4246 Gregorii
1113 4195 1127 4218 ,
1159 4155 1245 4209 cui
1272 4155 1523 4224 imputat,
1563 4147 1743 4218 aetate,

165 4244 530 4300 commodum
584 4243 750 4308 venit,
787 4248 844 4296 ut
895 4242 1023 4312 quid
1056 4243 1156 4298 hac
1184 4242 1252 4298 de
1287 4258 1346 4298 re
1370 4245 1624 4310 sentiam,
1653 4246 1745 4300 ali-

164 4334 401 4406 quando
451 4334 667 4388 tandem
719 4348 1040 4402 propulsant.
1075 4333 1218 4402 Quid
1258 4349 1386 4389 vero
1417 4343 1738 4405 proponant,

1849 3163 2076 3216 venerint
2103 3159 2399 3214 necessaria
2428 3157 2740 3226 defer-entes,
2763 3167 2820 3210 ut
2839 3171 2960 3211 nato
2977 3158 3130 3227 justa
3155 3160 3412 3230 facerent;

1847 3270 1906 3307 eo
1935 3252 2190 3322 siquidem
2217 3251 2300 3303 die
2353 3248 2636 3319 Gregorius
2702 3249 2824 3303 inde
2877 3249 3198 3305 abscesserat
3243 3245 3414 3322 prin?!

1847 3338 1972 3398 Kal.
1993 3341 2196 3396 Julius.
2229 3339 2506 3413 Lacrymis
2535 3341 2701 3412 igitur
2755 3341 3082 3413 planctuque
3111 3343 3235 3398 dum
3281 3344 3413 3400 infe-

1848 3437 1960 3490 rias
1985 3436 2206 3492 solvunt
2228 3434 2360 3499 ﬁlio,
2389 3449 2552 3504 quem
2575 3434 2907 3488 exstinctum
2933 3443 3242 3500 autumant,
3275 3435 3416 3490 Mar-

1849 3543 1948 3583 cus
1977 3528 2284 3582 monarbus
2299 3527 2474 3582 luctus
2491 3541 2712 3594 causam
2737 3527 2806 3582 ab
2828 3527 3082 3598 episcopo
3103 3527 3417 3599 Potamione

1848 3609 2384 3686 sciscitatum—eique
2417 3615 2706 3686 episc0pus
2739 3616 2920 3670 :Audi
2949 3617 3194 3688 (inquit),
3233 3620 3415 3683 Itater,

1834 3694 1968 3774 jam.
1991 3717 2040 3761 te
2069 3707 2197 3776 quid
2227 3706 2326 3760 hac
2357 3707 2411 3760 in
2438 3705 2566 3759 urbe
2600 3707 2804 3760 duobus
2841 3707 3031 3760 abhinc
3082 3710 3234 3762 antris
3291 3726 3416 3763 con-

1849 3799 2044 3870 tigerit,
2103 3797 2344 3851 edocebo.
2407 3795 2547 3850 'I'um
2605 3812 2720 3850 rem
2772 3799 3111 3866 exsequitur,
3164 3813 3412 3859 narrans,

1845 3903 1988 3959 quos
2017 3889 2268 3959 lugentes
2311 3887 2542 3953 videret,
2576 3881 2829 3956 parentes
2867 3902 2986 3942 esse
3025 3886 3270 3958 Gregorii
3321 3898 3416 3944 cna

1839 3979 2060 4050 .jusdam
2085 3977 2302 4032 eximiae
2326 3976 2438 4047 spei
2469 3976 2853 4058 adolescentis,
2903 3976 2995 4045 qui
3045 3965 3414 4032 archidiaconi

1843 4072 2152 4142 disciplina:
2185 4069 2532 4126 conereditus
2571 4071 2655 4124 e‘x‘
2674 4068 2906 4124 civitatis
2937 4069 3110 4123 oculis
3155 4070 3414 4138 eruperit.

1846 4166 1958 4236 Age
1977 4161 2090 4234 jam
2135 4162 2179 4218 si
2209 4161 2507 4232 Gregorius
2567 4162 2760 4232 patriis
2812 4161 3012 4215 ﬁnibus
3058 4159 3194 4215 abiit
3244 4161 3418 4231 pridie

1850 4255 1970 4310 Kal.
2027 4254 2222 4320 Julias,
2255 4255 2299 4308 si
2341 4254 2588 4324 sequenti
2616 4269 2762 4308 anno
2805 4240 3020 4310 Marcus
3079 4255 3245 4310 abbas
3290 4269 3417 4310 cum
3503 4303 3522 4320 ,

1849 4347 2113 4418 Gregorio
2155 4347 2548 4416 Hierosolymis
2577 4348 2866 4402 Pascbatis
2899 4347 3160 4402 solemnia
3187 4349 3412 4418 peregit,

164 4427 284 4482 nisi
309 4425 452 4492 quod
479 4435 546 4480 ex
597 4425 904 4495 Menologio
973 4424 1157 4480 Basilii
1192 4425 1376 4496 lAug.
1422 4430 1823 4488 auctoritate-1)
1851 4439 2132 4508 alteroque
2162 4452 2192 4492 ει
2222 4453 2362 4492 nova
2399 4437 2678 4491 Dominica
2709 4437 2797 4492 die
2839 4437 2965 4492 inde
3010 4437 3286 4508 digressus
3323 4439 3412 4490 de-

161 4517 440 4581 (11110,οΧ
479 4514 794 4570 Snmmario
838 4515 1186 4586 Gregoriaoae
1239 4518 1363 4569 vita:
1385 4515 1570 4572 Graece
1611 4517 1749 4573 scri-

159 4616 291 4676 pto,
325 4617 392 4659 ex
441 4605 627 4660 Niceta
665 4607 935 4662 munacho
989 4607 1220 4672 Studite,
1269 4621 1333 4662 ex
1371 4606 1598 4662 Leontio
1651 4623 1748 4663 no-

159 4705 316 4758 stro,
347 4711 412 4749 ex
443 4695 807 4765 Mctaphraste
837 4697 1144 4761 haurimus,
1185 4696 1251 4750 ad
1278 4711 1340 4751 ea
1379 4697 1588 4752 scilicet
1603 4695 1748 4752 rele-

157 4783 408 4840 rendam
442 4794 687 4854 tempora
727 4783 1047 4854 Gregorium
1081 4826 1098 4851 ,
1133 4785 1334 4854 quibus
1358 4783 1750 4840 Constantino-

157 4875 289 4948 poli
325 4879 664 4931 tecumenica
701 4893 752 4932 vi
801 4881 1046 4948 synodus
1075 4878 1334 4932 adversus
1363 4877 1748 4934 Llonothelitas

155 4975 393 5034 coacta,
423 4967 760 5038 proindeqne
802 4969 1006 5024 vixisse
1057 4970 1157 5024 sub
1185 4969 1357 5041 Aug‘g.
1389 4967 1749 5026 Constantino

160 5057 486 5128 PogOnato,
532 5070 586 5114 'et
643 5058 959 5114 Justiuiano
993 5053 1059 5123 Il,
1091 5060 1176 5114 cui
1215 5069 1245 5114 'a
1289 5062 1480 5116 recisis
1521 5063 1746 5117 naribus

158 5163 324 5202 anno
351 5146 460 5203 695
501 5149 570 5204 ab
634 5149 882 5212 Leontio,
937 5150 1028 5219 qui
1077 5151 1224 5220 regio
1279 5164 1310 5204 e
1353 5147 1744 5216 thronoejeei,

159 5239 517 5296 Rhinotmeti
569 5249 873 5312 cegnOmen
935 5237 1200 5295 inditum?
1247 5239 1390 5294 Nihil
1423 5243 1588 5312 igitur
1620 5244 1746 5296 novi

159 5331 441 5397 atteram;
495 5339 708 5388 tantum
753 5333 1002 5398 eﬁiciatb,
1038 5345 1104 5386 ne
1161 5339 1322 5402 quem
1363 5331 1606 5402 Cajetani
1650 5347 1748 5388 no-

164 5421 347 5477 minis
368 5425 692 5490 auctoritas,
755 5440 878 5496 quas
907 5424 1125 5496 quidem
1165 5435 1397 5485 summa,
1427 5441 1458 5478 e
1486 5426 1593 5480 veri
1633 5434 1748 5478 tra-

163 5515 309 5568 mite
355 5501 657 5586 propulset.

245 5605 392 5661 XIII.
424 5604 704 5676 Principio
739 5607 1100 5677 componendi
1149 5605 1280 5662 mihi
1315 5604 1558 5674 Gregorii
1597 5610 1744 5674 anni,

164 5696 270 5764 qni
300 5712 328 5748 a
358 5699 552 5768 patrize
581 5697 826 5753 discessu
860 5699 927 5751 ad
982 5697 1229 5766 episcopi
1274 5697 1744 5770 inaugurationem

501 5791 766 5852 Ριιτιιῡι..
810 5791 902 5852 (in
965 5789 1143 5852 XCVI
1157 5778 1228 5853 li.

1851 4530 2066 4584 sinente
2085 4526 2249 4584 Juuio
2273 4529 2626 4598 Agrigentum
2664 4528 2928 4594 pervenit,
2975 4529 3260 4596 pridieque
3295 4525 3412 4583 Kal.

1849 4620 2020 4676 Iulias
2050 4618 2300 4690 Gregorii
2333 4626 2585 4688 parentes
2613 4617 2760 4671 videt
2787 4617 2934 4686 justa
2971 4617 3082 4672 tilio
3133 4619 3413 4680 facientes,

1849 4715 1996 4779 certe
2019 4707 2236 4776 quidem
2266 4721 2332 4762 eo
2361 4707 2451 4760 die
2496 4721 2638 4761 unus
2691 4707 3062 4762 numerandus
3109 4723 3308 4775 annus,
3349 4725 3414 4762 ex

1849 4811 1958 4867 quo
1983 4797 2246 4851 Chariten
2298 4805 2353 4850 et
2391 4794 2666 4852 Theodoto
2693 4795 3073 4851 dulcissimum
3120 4800 3414 4869 optimum-

1848 4903 1956 4958 que
1989 4889 2185 4957 pignus
2224 4887 2550 4942 amiserunt.
2585 4887 2796 4942 Atenitn
2825 4888 3112 4958 episcopus
3137 4889 3414 4944 biennium

1850 4985 2036 5030 narrat
2063 4993 2076 5028 :
2103 4960 2388 5047 perperam
2423 4977 2591 5048 igitur
2621 4977 2910 5032 Caietanus
2937 4981 3157 5034 nniCnm
3194 4997 3418 5050 percen-

1848 5076 1930 5120 set
1969 5079 2288 5131 annum,'ex
2329 5083 2440 5138 quo
2480 5057 2778 5138 Gregorius
2813 5069 2988 5140 patria
3025 5071 3190 5128 domo
3229 5087 3415 5128 exces-
3475 5085 3481 5090 ·

1849 5156 2002 5219 serit,
2039 5171 2094 5212 et
2120 5157 2331 5214 Marcus
2353 5158 2602 5231 Gregorii
2640 5159 2834 5214 ductor
2866 5160 3412 5232 llierosolymitanam

1852 5248 1918 5302 ad
1962 5251 2456 5318 peregrinatidnetn
2489 5251 2840 5324 Agrigentum
2889 5251 3281 5322 Hierosolymis
3323 5273 3364 5303 ιι·
3390 5275 3415 5295 ς

1849 5342 2016 5396 venit.
2044 5339 2207 5408 Quid,
2245 5343 2652 5413 QIIO'it‘jusdetll
2685 5344 2888 5400 biennii
2931 5343 3279 5411 manifestum
3321 5361 3413 5400 cx-

1848 5438 1958 5486 slat
1981 5431 2269 5500 vestigium
2295 5433 2348 5486 in
2380 5447 2580 5497 rerum,
2607 5449 2744 5504 quas
2777 5432 3038 5504 Leontius
3072 5433 3412 5510 exsequitur,

1848 5521 2161 5576 narratione
2191 5537 2220 5576 a
2273 5521 2522 5594 G'regorii
2557 5538 2783 5579 excessu
2809 5524 2875 5578 ad
2913 5523 3410 5593 Hierosolymorum

1851 5611 2164 5676 adventum,
2195 5614 2378 5686 ibique
2406 5625 2531 5669 acta
2572 5616 2846 5684 paschalia
2876 5615 2899 5669 ?
2931 5615 3019 5668 Ait
3049 5616 3246 5686 primo,
3281 5615 3406 5671 Gre«

1850 5703 2062 5774 gorinm
2091 5705 2413 5778 Carthagine
2455 5707 2686 5776 hospitio
2725 5716 3007 5776 exceptum
3035 5707 3103 5760 ah
3129 5707 3405 5779 ipSO’natt‘

2931 5802 3005 5862 38
