3882 6204
170 308 283 379 1197

1465 299 1993 372 DISSERTATIO.

3243 302 3384 369 1198

156 417 288 474 illum
331 414 647 487 episcopum
703 416 950 488 perbibet
979 433 1008 473 a
1039 414 1275 491 Pelagio,
1309 419 1401 487 qui
1441 419 1707 475 successit
1735 425 1780 480 Α
1865 413 2026 468 XVII.
2059 413 2226 468 Venio
2250 427 2395 468 nunc
2423 412 2487 467 ad
2506 410 2787 469 Paschalis
2807 411 3201 477 characterem,
3222 425 3387 484 atque

153 510 347 582 Vigilio,
381 510 484 565 sub
522 525 632 581 quo
662 509 906 582 synodus
933 527 964 564 v
1011 512 1346 567 acumenica
1396 510 1711 566 Constanti-

157 605 313 674 nopoli
341 614 601 675 peracta:
644 612 704 659 ut
746 603 966 660 interim
1029 605 1301 672 omittam,
1357 605 1498 677 quod
1557 604 1707 659 illum

153 693 329 770 Vigilio
373 695 661 754 suﬂ‘ectum
716 695 884 752 edicit
933 713 1079 751 anno
1130 698 1274 762 555,
1336 714 1461 753 cum
1521 712 1712 767 reapse

155 791 332 847 factum
380 791 564 846 isthuc
614 805 761 845 anno
801 790 926 854 558,
975 784 1117 861 quod
1174 800 1333 845 antea
1367 792 1709 846 demonstra-

156 880 350 948 vimus;
404 881 500 936 sed
563 881 669 936 hoc
726 880 944 953 ingloco
988 881 1145 935 venia
1181 881 1381 951 dignus
1418 881 1711 936 Caietanus

156 973 384 1038 Baronio,
416 972 646 1042 aliisque
697 972 989 1042 ascriptus,
1043 973 1137 1042 qui
1188 972 1467 1027 funebrem
1527 970 1710 1045 Vigilii

116 1072 121 1080 ‘
150 1079 335 1120 annum
364 1064 585 1120 voluere
609 1062 813 1119 Christi
845 1063 1234 1134 Dionysianum
1258 1063 1386 1118 555.

215 1153 344 1210 XVI.
380 1152 538 1209 Nunc
565 1168 635 1208 an
675 1152 1132 1225 Chronologismo
1172 1163 1367 1210 nostro
1394 1152 1570 1207 ullum
1628 1153 1713 1208 fa-

148 1255 315 1302 cessat
366 1245 642 1315 negotium
692 1243 909 1300 Leontii
964 1247 1414 1314 commentarius,
1444 1246 1711 1317 quemad-

150 1338 356 1393 modum
377 1336 641 1392 Caietano
672 1337 969 1407 contigisse
998 1339 1255 1408 vidimus,
1279 1356 1348 1395 an
1370 1355 1498 1395 vero
1527 1341 1712 1395 omnia

151 1430 206 1483 in
229 1427 312 1482 illo
337 1433 525 1482 exacta
564 1426 631 1481 ad
665 1425 981 1483 Leontiana
1005 1428 1245 1485 historia
1269 1444 1543 1494 normam,
1576 1445 1713 1485 con-

149 1520 504 1576 siderandum.
534 1517 803 1599 Primum,
837 1519 982 1589 quod
1021 1519 1283 1576 Caietano
1330 1523 1710 1592 opposuimus,

149 1611 356 1667 Macarii
401 1610 505 1665 fuit
546 1610 1071 1683 Hierosolymitanus
1107 1613 1470 1683 episcopatus,
1511 1614 1604 1683 qui
1657 1614 1710 1667 in

1814 507 1901 562 hic
1931 506 2011 561 vel
2038 521 2161 561 cum
2193 504 2421 560 Hercule
2459 520 2654 561 manus
2681 519 2969 561 conseram
3016 523 3031 559 :
3059 504 3387 561 adeo_victn-

1814 599 1910 653 ria
1928 610 2134 653 certus.
2151 597 2270 663 Quo
2298 611 2443 651 anno
2470 595 2765 666 Gregorius
2788 595 3180 668 Hierosolymis
3203 612 3388 653 versa-

1814 691 1976 744 batur
2031 705 2153 743 cum
2209 689 2386 743 tribus
2442 689 2728 743 monachis
2775 688 2996 753 Marco,
3055 688 3387 759 Serapione,

1812 781 2082 844 Leontio,
2123 779 2420 835 Paschales
2467 778 2617 835 feria
2648 795 2931 850 occoepere
2969 781 3001 835 6
3045 782 3280 851 Aprilis,
3330 791 3391 834 nt

1810 870 2072 933 Leontius
2106 879 2292 925 noster
2331 870 2624 939 signiﬁcat.
2665 868 2787 924 Ja‘m
2832 886 2960 947 cum
2999 887 3147 925 anno
3187 872 3389 926 Christi

1810 961 2145 1032 Dionysiano
2173 960 2271 1014 671
2310 975 2377 1015 ex
2412 961 2548 1031 cycli
2589 961 2786 1016 solaris
2820 976 2968 1014 anno
2994 960 3028 1015 8
3048 1001 3063 1024 ,
3094 961 3304 1016 lunaris
3334 962 3389 1016 7.

1812 1053 1989 1108 littera
2014 1052 2333 1107 Dominicali
2359 1052 2422 1115 E,
2449 1054 2738 1107 terminum
2778 1052 3090 1108 Paschalem
3115 1053 3184 1106 50
3210 1051 3388 1105 Martii

1811 1145 2234 1209 nanciscamur,
2266 1144 2619 1215 intelligimus
2665 1145 2854 1214 ejusce
2901 1145 3029 1198 anni
3073 1143 3279 1199 Pascha
3335 1145 3388 1197 in

1811 1236 1844 1290 6
1889 1235 2090 1306 Aprilis
2136 1235 2497 1298 convenisse,
2542 1250 2667 1289 nam
2723 1236 2992 1290 terminus
3037 1236 3091 1289 in
3132 1235 3323 1290 feriam
3364 1238 3385 1289 Ι

1811 1326 1969 1381 exiit.
1990 1325 2178 1396 Neque
2204 1325 2329 1397 quis
2352 1325 2666 1380 subdubitet
2690 1326 2756 1380 de
2780 1336 3000 1396 peracto
3024 1336 3137 1381 tum
3163 1327 3394 1381 Pascha-

1811 1430 1866 1473 te
1908 1418 2295 1489 Hierosolymis
2327 1418 2635 1473 eademmet
2662 1419 2784 1483 die,
2832 1435 2939 1488 qua
2983 1419 3126 1489 apud
3171 1429 3394 1475 cateras

1809 1508 2248 1564 Christianorum
2285 1506 2597 1572 Ecclesias,
2646 1509 2774 1577 quia
2822 1509 2961 1563 forte
3001 1508 3395 1579 Hierosolymi-

1812 1610 1935 1655 tana
1959 1601 2143 1656 lunari
2171 1616 2319 1656 anno
2350 1600 2657 1672 Calippico,
2685 1603 3148 1671 quemadmodum
3182 1602 3395 1657 Hebrai

148 1718 240 1760 eos
267 1717 367 1757 non
399 1701 685 1757 concurrit
725 1717 919 1769 annos,
968 1718 1107 1773 quos
1155 1704 1448 1758 Caietanus
1490 1703 1710 1773 degisse
1746 1766 1781 1773 _
1812 1708 2003 1748 omnes
2031 1701 2278 1749 extorres
2303 1693 2388 1748 vel
2420 1693 2684 1749 hodierno
2707 1694 2817 1758 die,
2840 1704 3123 1759 uteretur;
3154 1696 3297 1750 unde
3324 1709 3392 1749 ex

147 1793 528 1864 Hierosolymis
553 1773 705 1850 ralus
727 1766 1071 1865 Gregorium.
1104 1793 1273 1864 Atqui
1301 1792 1491 1848 Canon
1528 1766 1714 1848 noster

1823 1782 2032 1836 diversa
2057 1781 2185 1836 anni
2226 1779 2404 1837 forma
2447 1782 2697 1838 diversus
2735 1784 2806 1837 ab
2837 1798 2941 1851 eo,
2978 1799 3139 1854 quem
3176 1786 3397 1854 reliqua

150 1886 220 1941 ab
237 1886 332 1939 bac
368 1883 620 1939 molestia
662 1885 819 1940 liber.
863 1886 947 1939 Ah
977 1900 1123 1940 anno
1156 1884 1362 1940 Christi
1392 1884 1517 1949 656,
1547 1883 1715 1939 Hera-

152 1978 239 2034 clii
270 1977 404 2046 Aug.
464 1974 556 2040 26,
602 1992 735 2047 quo,
766 1976 1099 2045 Theophane
1148 1983 1305 2038 teste,
1340 1975 1509 2029 vitam
1565 1976 1717 2031 exuit

150 2069 482 2140 Sophronius
515 2068 636 2138 ejus
689 2067 949 2124 Ecclesia
1006 2067 1337 2137 patriarcha,
1391 2067 1458 2121 ad
1494 2068 1719 2123 Anasta-

148 2162 309 2226 sium,
356 2159 448 2230 qui
502 2158 665 2214 desiit
716 2173 860 2213 anno
916 2158 1040 2221 709,
1099 2157 1716 2230 Hierosolymitanorum

150 2248 462 2320 pontiﬁcum
484 2246 1082 2325 Catalogum‘mutilum
1118 2248 1397 2314 habemus,
1429 2251 1588 2318 eique
1629 2247 1717 2302 in-

145 2339 405 2412 tegrando
439 2339 683 2393 nondum
714 2337 1224 2394 Ecclesiasticarum
1271 2354 1450 2394 rerum
1484 2339 1720 2408 scripto-

148 2431 302 2486 ribus
325 2430 533 2485 datum.
568 2426 685 2483 Hoc
706 2428 861 2494 vidit,
900 2428 1219 2498 monuitque
1258 2438 1381 2483 ante
1422 2426 1718 2484 Baronium

149 2519 220 2577 γ.
245 2520 325 2577 Cl.
354 2518 709 2589 llonupbrius
727 2518 1021 2575 Pauvinius
1040 2520 1116 2590 (in
1146 2520 1349 2575 Chron.
1369 2519 1437 2574 ad
1458 2535 1548 2574 an.
1568 2519 1717 2592 656),

147 2614 238 2672 cui
266 2613 558 2669 secundum
590 2612 957 2683 Sophronium
991 2628 1097 2666 non
1125 2611 1215 2666 alii
1246 2612 1448 2667 saeulo
1477 2627 1548 2666 vtt
1578 2626 1721 2667 com-

148 2706 292 2777 perti
345 2701 845 2774 Hierosolymorum
904 2703 1167 2773 episcOpi,
1227 2703 1333 2757 nisi
1377 2702 1717 2769 Theodorus,

148 2793 315 2858 Elias,
355 2792 613 2851 Joannes.
653 2794 761 2849 Sed
791 2794 845 2848 in
876 2793 1051 2849 lucem
1105 2794 1354 2863 prolatis,
1409 2809 1530 2863 qua
1584 2793 1721 2849 deli-

148 2893 362 2939 tuerant
389 2882 638 2937 Panvinii
666 2891 848 2949 atate,
878 2883 1267 2945 monumentis,
1301 2884 1571 2938 succrevit
1619 2884 1720 2938 ali-

146 2983 352 3045 quanto
390 2989 673 3039 numerus,
715 2973 786 3028 ita
823 2981 881 3028 ut
920 2974 1034 3028 hac
1082 2973 1587 3044 llierosolymitana
1617 2974 1719 3030 Ec-

1815 1869 2254 1928 Christianurum
2316 1871 2572 1928 Ecclesia
2618 1872 2899 1939 colerent,
2946 1874 3232 1932 Paschatis
3278 1878 3395 1931 dies

1786 1970 2138 2031 ’emergeret.
2172 1963 2307 2017 Cum
2334 1964 2477 2018 enim
2517 1980 2585 2018 ex
2622 1962 2876 2022 Mosaica
2908 1966 3044 2036 legis
3083 1967 3395 2035 prascripto
3475 2011 3477 2014 a

1821 2054 2202 2109 celebrandum
2229 2054 2434 2111 Pascha
2464 2056 2530 2111 I5
2556 2055 2865 2122 die'Nisan,
2898 2056 3189 2113 Palastina
3209 2057 3397 2115 Eccle-

1821 2144 1900 2199 sia
1924 2184 1940 2209 ,
1975 2152 2030 2199 et
2050 2145 2513 2206 veterisinstituti
2548 2157 2826 2213 constans,
2858 2156 2912 2202 et
2945 2147 3147 2204 Nicani
3176 2150 3396 2205 concilii

1820 2238 2051 2294 audiens
2076 2238 2314 2304 decreto,
2342 2248 2557 2309 poterat
2578 2239 2864 2295 Judaicum
2890 2240 3067 2296 Pliase
3091 2254 3203 2312 {ra
3225 2242 3398 2296 oculis

1819 2328 2022 2384 habere
2043 2368 2060 2395 ,
2107 2337 2167 2384 ut
2197 2328 2410 2385 Pascha
2457 2329 2666 2387 diceret
2699 2330 3046 2388 Dotninicum
3078 2334 3222 2387 diem
3242 2372 3258 2399 ,
3306 2334 3396 2402 qui

1820 2419 2068 2489 proxime
2109 2418 2242 2473 illud
2290 2429 2637 2489 sequeretur.
2691 2420 2796 2475 Sed
2840 2437 2962 2486 na,
3002 2422 3249 2491 quisquis
3285 2423 3400 2478 hac

1820 2507 2168 2575 suspicatur,
2237 2507 2485 2577 ignorat,
2557 2507 2884 2576 castigatam
2936 2507 3231 2564 Christiani
3294 2509 3400 2564 Ρα-

1820 2599 2024 2654 schatis
2070 2600 2379 2655 doctrinam
2424 2616 2531 2656 non
2594 2600 2700 2658 alio
2752 2617 2818 2657 ex
2865 2602 3016 2658 fonte
3054 2604 3397 2665 dimanasse.

1824 2692 1930 2749 nisi
1958 2706 2023 2746 ex
2052 2707 2195 2747 anno
2223 2692 2421 2758 lunari,
2456 2693 2548 2762 qui
2575 2706 2743 2763 penes
2768 2694 3024 2749 Hebraos
3042 2696 3310 2760 obtinuit,
3341 2704 3402 2751 ut

1824 2782 2003 2837 adhuc
2031 2783 2240 2839 obtinet
2260 2824 2275 2849 ,
2303 2785 2399 2839 sed
2426 2787 2714 2841 emendato
2739 2795 2919 2841 tamen
2947 2803 2978 2841 a
3010 2785 3179 2842 Ilabbi
3209 2788 3360 2842 Adda
3380 2827 3397 2854 ,

1822 2875 1914 2945 qui
1960 2874 2187 2929 biduum
2217 2875 2454 2942 exemit,
2490 2875 2753 2932 absolutis
2793 2892 2937 2933 anno
2966 2878 3166 2934 Christi
3202 2877 3404 2949 Diony~

1823 2968 1976 3022 siano
1996 2966 2099 3021 297
2122 2977 2244 3023 octo
2266 2966 2500 3038 periodis
2516 2967 2827 3039 Calippicis,
2848 2971 2951 3026 hoc
2986 2982 3074 3026 est
3096 2968 3200 3025 608
3220 2973 3397 3036 annis,

144 3066 331 3121 clesiaz
353 3066 737 3136 episcoporum
797 3065 968 3120 series
1022 3080 1089 3121 eo
1126 3066 1179 3119 in
1233 3065 1433 3121 smcnlo
1468 3065 1716 3121 feratur;
1753 3105 1798 3164 ο
1832 3060 1905 3114 ita
1939 3071 1997 3114 ttt
2023 3060 2058 3115 4
2104 3060 2192 3114 die
2235 3060 2571 3129 Septembris
2606 3062 2726 3132 ejus
2771 3064 2901 3117 anni
2936 3078 3109 3119 novus
3140 3063 3278 3118 Tisri
3318 3064 3402 3118 itt-

145 3157 471 3212 Anastasius
489 3155 578 3219 IV,
599 3156 857 3222 Joannes,
878 3155 1222 3220 Theodorus,
1244 3157 1530 3224 Eusebius,
1551 3157 1723 3225 Elias,

145 3245 490 3308 Theodorus,
525 3244 675 3302 Elias
709 3246 934 3311 iterum,
971 3245 1231 3304 Joannes.
1270 3247 1410 3313 Quid
1453 3248 1636 3317 igitur,
1677 3249 1727 3303 si

145 3351 260 3392 nou
294 3339 517 3407 vulgare
547 3338 872 3394 beneﬁcium
910 3337 1137 3395 Leontio
1186 3348 1469 3410 acceptum
1528 3341 1729 3397 relera-

142 3442 295 3494 mus,
330 3437 585 3501 suggesto
614 3430 773 3484 nobis
820 3429 1087 3500 Macario,
1114 3445 1225 3497 quo
1283 3430 1533 3486 lacunam
1579 3432 1726 3501 illam

140 3520 333 3577 saeculi
361 3500 447 3574 vni
472 3535 536 3575 ex
577 3529 730 3590 parte
763 3520 1141 3590 compleamus
1169 3522 1193 3574 ?
1220 3521 1359 3587 Quid
1404 3523 1455 3578 si
1515 3531 1569 3577 ct
1618 3500 1727 3578 alio

137 3608 371 3664 nomine
399 3608 634 3662 devincti
657 3608 733 3662 illi
760 3609 955 3671 simus,
981 3609 1405 3665 subministrato
1443 3612 1728 3666 Enstathio

137 3697 454 3753 Antiochia
498 3697 779 3768 episcopo,
826 3698 917 3766 qui
962 3698 1243 3767 praecessit
1288 3697 1584 3753 Macarium
1634 3714 1728 3753 ca-

136 3789 341 3846 thedra
369 3789 601 3857 ejectum
632 3804 776 3844 anno
820 3789 949 3854 68I,
982 3805 1044 3844 ex
1105 3791 1295 3859 synodi
1352 3793 1725 3857 acumenica,

137 3899 270 3955 qua
306 3882 488 3937 habita
522 3881 1000 3952 Constantinopoli
1033 3884 1296 3937 adversus
1323 3882 1729 3947 Monothelitas,

136 3972 499 4037 auctoritate,
520 3971 815 4040 subrogato
832 3972 1163 4041 Theophane
1189 3969 1358 4028 Siculi
1382 3973 1727 4038 monasterii,

135 4064 295 4135 quod
328 4062 472 4133 Baja
509 4063 743 4128 dictum,
779 4062 1014 4119 abbate?
1043 4063 1170 4119 Post
1199 4064 1524 4134 Gregorium
1554 4064 1594 4119 II
1624 4064 1730 4122 Ec-

131 4157 331 4214 clesia
357 4156 672 4225 pontiﬁcem
703 4154 817 4211 fato
858 4153 1105 4211 functum
1141 4172 1286 4211 anno
1320 4156 1448 4223 629,
1478 4139 1732 4213 ecclesia-

131 4248 287 4304 stica
321 4247 553 4303 historia
589 4246 693 4301 hos
723 4255 947 4301 enarrat
984 4262 1364 4314 successores,
1389 4248 1550 4319 305
1580 4249 1731 4304 Ana-

128 4338 379 4393 stasium
432 4334 524 4402 Ill,
581 4334 985 4400 Macedonium,
1036 4345 1090 4390 et
1123 4336 1441 4400 Maearium,
1495 4339 1563 4392 de
1621 4353 1731 4408 quo

1832 3155 2155 3222 grederetur
2182 3168 2306 3207 cum
2341 3168 2447 3206 non
2487 3153 2774 3210 sollicitata
2800 3155 2866 3210 de
2897 3157 3074 3225 prisca
3106 3157 3233 3212 sede
3269 3174 3402 3212 neo-

1833 3242 2012 3296 menia
2034 3279 2051 3305 ,
2095 3240 2364 3295 iucundus
2392 3241 2483 3296 ille
2511 3240 2705 3297 fuisset
2725 3241 2759 3296 6
2789 3244 3027 3314 ejusdem

1900 3330 2090 3388 XVIII.
2122 3328 2414 3389 Enimvero
2433 3333 2568 3388 vidit
2609 3334 2760 3388 Adda
2792 3336 3127 3405 comparatis
3169 3337 3310 3392 inter
3345 3353 3406 3392 se

1831 3424 1898 3480 I6
1920 3425 2476 3481 enneadccaeterlbus
2508 3424 2788 3481 lunaribus
2804 3424 3100 3497 Calippicis
3122 3467 3139 3494 ,
3175 3438 3230 3483 ct
3270 3428 3405 3483 soli-

1830 3518 2050 3572 (laribus
2069 3516 2317 3584 Julianis;
2344 3531 2669 3588 exsuperare
2691 3517 2743 3573 in
2769 3520 2926 3574 annis
2953 3519 3081 3585 504,
3114 3529 3246 3591 quot
3269 3537 3407 3577 con-

1830 3618 1976 3663 stant
2002 3607 2069 3662 I6
2103 3610 2647 3665 enneadecaeteridcs
2683 3610 2897 3666 lunares
2919 3651 2934 3676 ,
2967 3612 3149 3668 solare
3181 3614 3408 3669 ratioci.

1832 3699 1978 3750 nium
2007 3714 2171 3766 supra
2198 3699 2386 3754 lunare
2409 3700 2548 3755 diem
2586 3716 2782 3765 unmn,
2807 3717 2981 3771 eoque
3012 3704 3065 3757 in
3101 3704 3171 3758 52
3207 3719 3409 3767 ennea-

1832 3790 2205 3843 decacteribns
2229 3830 2243 3853 ,
2283 3791 2395 3843 sive
2433 3786 2672 3859 periodis
2695 3791 2728 3842 8
2763 3792 3047 3848 lunaribus
3080 3808 3407 3863 supergres-

1831 3895 1951 3935 squ
1992 3881 2107 3935 ﬁeri
2139 3881 2370 3935 solaretn
2396 3896 2559 3951 supra
2591 3882 2837 3935 lunarem
2876 3883 3087 3936 dierum
3114 3884 3197 3938 II.
3221 3884 3408 3953 Itaque

1832 3975 1878 4027 si
1912 3988 2056 4027 anno
2092 3974 2113 4027 I
2160 3974 2364 4043 periodi
2410 3975 2431 4026 I
2473 3973 2764 4044 Calippica
2796 3974 3001 4028 lunaris
3033 3973 3176 4029 Tisti
3225 3977 3346 4030 iniit
3373 3980 3407 4029 ti

1832 4066 2190 4135 Septembris,
2223 4080 2366 4137 anno
2393 4066 2498 4121 305
2525 4067 2903 4135 conjiciendus
2941 4067 3029 4122 ille
3065 4068 3117 4121 in
3154 4067 3189 4122 5
3222 4068 3366 4122 diem
3388 4112 3402 4132 ,

1834 4171 1977 4212 anno
2002 4156 2106 4211 609
2129 4156 2179 4210 in
2211 4157 2276 4224 4,
2309 4170 2451 4212 anno
2472 4155 2579 4211 6I3
2606 4157 2657 4211 in
2690 4156 2724 4211 5
2744 4197 2760 4223 ,
2792 4166 2847 4211 et
2876 4158 2954 4212 sic
2977 4158 3254 4228 deinceps.
3300 4160 3408 4213 Sed

1832 4250 1977 4301 enim
2012 4248 2177 4301 Adda
2208 4264 2313 4303 non
2340 4252 2564 4303 onlniuo
2598 4249 3030 4318 obtemperatum
3064 4265 3093 4304 a
3135 4250 3411 4321 populari-

1833 4334 1936 4391 bus
1963 4338 2100 4390 suis.
2137 4337 2495 4392 Detraxerunt
2526 4338 2582 4393 hi
2610 4338 2826 4406 quidem
2860 4339 3083 4393 biduum
3128 4340 3256 4393 illud
3304 4342 3411 4394 rei-

127 4436 412 4492 diximus.
480 4435 550 4488 At
611 4446 786 4502 neque
845 4432 1155 4497 Anastasii,
1207 4447 1383 4501 neque
1429 4431 1731 4487 Macedonii
1765 4440 1809 4495 ι)
1838 4428 2017 4483 culum
2064 4445 2129 4484 ex
2174 4445 2318 4483 anno
2371 4446 2469 4486 suo
2500 4473 2515 4497 ,
2569 4432 2664 4485 sed
2712 4432 2768 4485 in
2816 4432 3117 4501 postetima
3165 4443 3409 4503 tempora

120 4524 472 4579 emortualis
538 4536 718 4579 annus
775 4522 1128 4591 exploratus,
1184 4536 1361 4591 neque
1421 4520 1738 4577 Macedonio
1842 4519 2019 4574 nullus
2053 4520 2274 4588 insuper
2319 4520 2436 4574 dies
2470 4533 2796 4590 expunctus.
2842 4522 3053 4575 lllustre
3105 4523 3205 4576 hac
3242 4524 3309 4577 de
3353 4540 3412 4576 re

121 4615 451 4671 Macarium
480 4614 689 4669 scimus
716 4613 903 4668 statim
933 4612 1220 4667 suﬂ‘ectum
1251 4630 1267 4679 ;
1326 4622 1535 4668 tantum
1604 4613 1736 4667 illud
1843 4610 2205 4663 testimonium
2233 4608 2495 4662 habemus
2536 4626 2563 4663 a
2598 4610 2905 4679 Nicvplmro
2935 4610 3169 4679 Gregorn
3194 4651 3207 4674 ,
3233 4613 3323 4680 qui
3359 4615 3411 4667 in

121 4707 403 4761 norimus
457 4712 581 4759 ante
636 4704 932 4759 Macarium
1007 4704 1286 4759 exstitisse
1352 4702 1733 4758 Macedouium
1840 4704 2093 4765 computo
2135 4712 2235 4751 suo
2269 4697 2425 4751 tmltis
2464 4699 2665 4763 tradit,
2717 4714 2861 4753 anno
2904 4699 3106 4755 Christi
3151 4701 3286 4755 l5l8
3316 4699 3412 4755 Jtto

116 4795 465 4871 quemdam,
500 4795 593 4866 qui
617 4794 1015 4851 Antiochenam
1045 4790 1345 4849 Ecclesium
1382 4792 1738 4848 administra-
1837 4788 1985 4844 daos
2018 4788 2224 4843 Pascha
2263 4790 2572 4845 celebrasse
2609 4792 2678 4845 20
2721 4790 2810 4846 die
2844 4790 3056 4856 Martii,
3094 4808 3213 4846 cum
3252 4792 3412 4848 Chri-

116 4890 229 4941 rit.
300 4886 493 4955 Igitur,
557 4882 789 4940 Leontio
848 4892 1094 4947 auctore,
1148 4892 1351 4954 praeut
1409 4881 1735 4940 Eustathius
1838 4879 2096 4935 alianiﬁi
2121 4881 2341 4949 Aprilis.
2377 4881 2506 4936 Erat
2535 4896 2711 4937 annus
2745 4882 3084 4940 Seleucidum
3118 4872 3273 4951 1628,
3309 4887 3413 4942 hoc

116 4980 490 5043 Macarium.
542 4994 704 5051 quem
779 4992 1150 5033 successorem
1218 4986 1411 5032 nactus
1466 4985 1587 5047 post
1636 4992 1736 5031 an-
1837 4982 1917 5025 est
1952 4972 2022 5026 55
2068 4973 2272 5042 periodi
2313 4972 2385 5027 εἰ
2427 4972 2752 5044 Calippica;
2802 4974 2943 5030 Tisri
2987 4976 3057 5032 55
3093 4977 3412 5049 Calippicns

115 5087 274 5124 num
329 5070 511 5124 saltim
563 5069 688 5133 677,
744 5066 965 5138 quando
1002 5068 1105 5122 hoc
1167 5081 1308 5122 anno
1352 5082 1469 5122 eam
1509 5067 1735 5123 curabat
1838 5063 2042 5131 periodi
2075 5064 2096 5118 I
2142 5065 2431 5133 incepitlﬁ
2469 5064 2824 5135 Septembris,
2855 5067 3011 5136 cujus
3042 5070 3319 5125 character
3353 5074 3408 5131 2.

113 5161 456 5218 Ecclesiam
523 5159 880 5225 Eustathius,
931 5159 1132 5212 interea
1194 5156 1323 5212 dum
1382 5159 1618 5212 certiora
1665 5173 1732 5213 ex
1837 5150 1903 5211 9.
1959 5151 2128 5216 1066,
2178 5154 2280 5207 hoc
2321 5162 2403 5207 est
2453 5153 2583 5209 feria
2629 5157 2725 5217 ll.
2768 5158 2900 5212 hora
2947 5158 3020 5221 9,
3061 5158 3410 5214 monumenta

112 5253 455 5309 reconditis
495 5252 672 5306 adhuc
720 5249 1088 5305 monumentis
1134 5258 1537 5320 exspectemus,
1571 5251 1719 5320 queis

1838 5241 1977 5296 I066
2001 5286 2015 5308 ,
2053 5258 2284 5312 quorum
2336 5246 2491 5313 i080,
2525 5248 2713 5303 horam
2742 5251 3095 5306 constituunt.
3128 5249 3269 5304 Tisri
3303 5250 3412 5301 Ad-

106 5343 625 5407 contieiamus,an
659 5340 1120 5411 postCregorinm
1150 5340 1191 5394 Il
1242 5342 1332 5395 uni
1386 5341 1730 5408 Anastasius,
1835 5339 1981 5389 «laus
2024 5332 2125 5399 55,
2179 5338 2384 5406 periodi
2430 5339 2462 5393 9
2502 5380 2517 5404 ,
2567 5355 2598 5394 e
2640 5356 2747 5409 qua
2794 5341 3012 5397 biduum
3056 5351 3363 5408 exetnptnm
3392 5375 3405 5401 ,

108 5435 530 5499 Hacedonius,
586 5444 641 5490 et
697 5433 1015 5489 Eustathius
1076 5433 1426 5489 Antiochena
1478 5433 1734 5490 Ecclesiae
1837 5428 1904 5484 I0
1939 5428 2316 5501 Septembris,
2351 5431 2579 5502 ejusque
2619 5436 2904 5493 character
2940 5421 3009 5498 αι’,
3037 5434 3093 5487 II
3123 5475 3138 5497 .
3174 5431 3298 5488 666.
3339 5434 3410 5489 Iit

105 5531 368 5583 clavum
403 5528 691 5589 moderati,
730 5542 797 5579 an
851 5524 943 5578 alii
995 5524 1218 5592 insuper
1265 5526 1729 5592 succenturiamli,
1838 5524 2001 5595 igitur
2048 5529 2329 5578 neomenia
2365 5526 2625 5596 Calippici
2671 5525 2812 5581 Tisri
2863 5526 2987 5578 anni
3036 5525 3106 5580 55
3149 5526 3351 5594 periodi
3392 5568 3405 5589 ,

104 5635 243 5689 quo
293 5620 514 5689 integra
543 5620 664 5688 ejus
696 5616 880 5673 saeculi
914 5617 1380 5672 Antioehcnorum
1412 5618 1729 5687 pontiﬁcum
1836 5626 2086 5671 manente
2128 5616 2182 5670 in
2230 5616 2295 5669 12
2329 5615 2680 5687 Septembris,
2711 5615 2878 5670 Nisan
2906 5618 3167 5670 inclaoarit
3204 5617 3237 5671 8
3274 5618 3410 5671 Μαι-ρ

102 5711 320 5767 scrics
353 5719 586 5780 prostct.
1824 5710 1893 5763 'tii
1921 5749 1935 5775 ,
1975 5709 2049 5763 ita
2076 5709 2303 5765 addictis
2326 5721 2585 5780 perpetuo
2620 5708 2879 5767 auspiciis
2910 5708 3034 5762 anui
3064 5710 3130 5763 35
3164 5711 3403 5780 periodi.
