3928 6206
375 255 378 262 ’
455 271 598 338 1203
1345 279 1444 339 DE
1481 275 1846 341 IBTATE'S.
1891 281 2035 374 ens

2138 282 2267 341 lRlI
2303 279 2814 342 AGRIGENTINI
2975 325 2998 376 ,ι
3570 268 3725 335 12M
3874 307 3877 400 ἐ

411 382 422 406 ⁸
450 388 660 459 periodi
701 389 790 455 55,
841 386 930 454 52,
965 387 1052 456 7i,
1103 389 1198 460 qui
1237 391 1459 456 lunares
1497 409 1689 450 omnes
1734 393 2020 458 ordinarii,
2054 399 2095 452 A
2122 403 2176 448 et
2191 393 2334 458 ,mihi
2360 407 2468 447 non
2490 391 2720 453 dederit.
2752 391 3020 462 quidquid
3041 391 3262 448 tandem
3279 390 3348 446 de
3369 405 3430 444 re
3451 387 3724 459 paschali

451 496 562 536 non
612 495 756 535 anno
812 481 910 548 H,
941 483 1036 551 qui
1079 482 1452 556 ὑπερήμερος.
1512 485 1635 540 liae
1679 499 1878 550 causa,
1922 500 2022 540 cur
2124 499 2154 538 a
2203 484 2434 539 summis
2483 483 2923 538 Christianorum
2973 480 3232 538 Ecclesiis
3276 490 3595 546 statutum,
3654 494 3730 534 ex

449 587 559 626 non
608 571 776 626 semel
817 571 1034 626 termini
1085 575 1368 643 paschales
1415 575 1855 631 Christianorum
1911 591 2023 631 uno
2125 573 2404 629 Hebraicis
2434 572 2678 628 fontibus
2704 575 2988 644 erupisse?

451 662 540 716 die
587 663 672 716 vel
727 663 908 718 serius
963 664 1047 718 vel
1095 665 1259 722 citius
1305 665 1560 723 diﬁ‘erant
1601 669 1672 723 ab
1705 667 2019 723 Iudaeorum
2195 666 2360 722 XXII.
2399 667 2576 735 Atque
2622 667 2830 721 utinam
2881 682 2982 721 nec
3031 680 3158 722 sero
3207 665 3564 736 profectum,
3617 675 3734 715 nec

449 749 644 808 Phase.
1055 817 1074 826 ν
1463 825 1468 831 ἡ
2122 759 2372 830 puditum
2418 759 2710 828 aliquando
2751 757 2917 813 fuerit
2969 759 3192 813 lunares
3231 757 3558 812 Judaorum
3613 753 3736 822 epi-

522 841 664 895 XXl.
699 841 780 896 Ad
813 843 1091 912 paschalis
1123 845 1268 914 quod
1316 845 1509 901 attinet
1545 845 1954 900 translationem
1989 859 2021 900 a
2125 850 2388 920 logismos
2425 847 2478 902 in
2509 849 2772 910 auxilium
2810 863 3110 912 arcessere,
3142 847 3358 917 quoties
3388 848 3443 900 in
3470 845 3730 900 dubium

447 931 615 988 Nisan
642 934 708 987 ad
731 931 866 998 Jiar,
901 935 1116 1004 quoties
1137 933 1314 991 Phase
1336 937 1606 1006 praecedat
1633 937 2020 1006 aequinoctium
2123 947 2418 1004 vocaretur
2451 953 2749 1009 germanus
2777 937 3068 994 Paschalis
3096 939 3244 994 dies!
3277 939 3591 993 Enimvero
3627 949 3734 989 ne-

450 1025 692 1090 vcrnale,
725 1040 834 1079 non
870 1026 972 1080 hoc
1018 1027 1256 1096 primum
1301 1027 1634 1083 Christianis
1683 1027 1737 1082 in
1785 1035 2022 1082 mentem
2125 1045 2233 1100 que
2263 1039 2371 1084 tam
2395 1031 2549 1084 multi
2572 1029 2746 1084 bonas
2771 1030 2936 1084 horas
2967 1029 3212 1100 improbe
3243 1029 3521 1084 locassent
3552 1028 3732 1082 novis

449 1116 618 1182 venit,
658 1116 752 1170 sed
779 1115 1092 1172 Judaorum
1144 1119 1392 1189 exemplo
1419 1118 1642 1175 factum.
1688 1119 1899 1174 Etenim
1943 1119 2020 1184 hi,
2123 1130 2290 1192 atque
2331 1120 2488 1175 novis
2516 1121 2814 1176 condendis
2843 1121 3175 1186 eanonibus,
3207 1121 3407 1190 quibus
3455 1119 3542 1174 nil
3579 1131 3733 1188 pra-

449 1198 572 1260 r'nm
609 1207 739 1262 illud
765 1208 1130 1281 contingeret,
1159 1213 1326 1265 veteri
1353 1211 1610 1282 religione
1639 1212 1886 1266 obstricti
1913 1225 2021 1265 non
2110 1203 2272 1268 ’terea
2303 1211 2670 1280 impetratum,
2702 1212 2808 1266 nisi
2847 1221 2908 1266 ut
2935 1197 3108 1267 tutius
3137 1221 3494 1282 peccaretur;
3531 1226 3734 1280 neque

448 1299 713 1372 putabant
759 1299 972 1356 Pascha
1023 1303 1386 1358 omittendum
1423 1318 1611 1358 mense
1653 1301 1858 1369 Nisan;
1895 1303 2024 1372 quia
2125 1311 2208 1360 tot
2268 1303 2442 1358 turbis
2505 1301 2766 1358 Ecclesia
2826 1303 3262 1357 Christianorum
3330 1303 3729 1356 laborassent.

451 1407 576 1449 vero
605 1401 686 1448 tot
716 1406 843 1450 ante
873 1395 1090 1451 saeculis
1139 1411 1418 1465 nunquam
1470 1395 1664 1467 iegalia
1703 1410 1891 1466 azyma
1929 1409 2023 1449 co-
2126 1398 2284 1454 Anno
2311 1397 2438 1463 H7,
2465 1412 2588 1468 qua
2619 1397 2916 1452 certamina
2965 1398 3322 1452 intercessere
3363 1397 3510 1452 inter
3547 1397 3734 1450 Inuo-

451 1484 767 1550 inedissent,
804 1485 907 1540 nisi
945 1495 1067 1557 post
1103 1488 1320 1542 vernale
1359 1486 1771 1560 aequinoctium,
1818 1485 2024 1542 idcirco
2127 1487 2367 1544 centium
2398 1485 2726 1550 Romanum,
2751 1495 2804 1540 et
2828 1485 3092 1556 Cyrillum
3124 1486 3570 1540 Alexandrinum
3603 1487 3732 1554 epi-

453 1573 779 1645 Azymorum
798 1575 1116 1630 manda-tum
1141 1592 1334 1630 rursus
1349 1573 1869 1646 exsequebanturlii
1886 1572 2022 1638 liar,
2126 1591 2322 1645 scopos
2342 1617 2356 1641 ,
2410 1577 2562 1630 illum
2609 1577 2818 1632 Pascha
2860 1576 3312 1632 determinanlem
3355 1575 3432 1630 22
3463 1576 3727 1646 Aprilis,

452 1665 530 1719 ila
566 1674 624 1720 ut
662 1680 772 1720 uno
820 1680 967 1720 anno
1007 1665 1204 1736 duplex
1253 1665 1460 1721 Pascha
1498 1674 1844 1731 occurreret;
1878 1665 2028 1736 quod
2127 1668 2274 1723 hunc
2319 1668 2389 1722 25
2422 1666 2642 1722 Martii?
2686 1669 2885 1724 Eadem
2929 1679 3114 1724 renata
3155 1685 3302 1724 anno
3334 1669 3477 1733 444,
3525 1668 3732 1724 Leone

451 1755 674 1826 sugilial
730 1771 963 1827 magnus
1011 1755 1196 1812 Casar
1242 1756 1634 1812 Constantinus
1683 1758 1736 1810 in
1793 1755 2020 1825 epistola
2056 1763 2098 1820 Β
2129 1753 3728 1827 RomanoPaschadecernentediem26Martii,Theophila

449 1847 684 1916 quadam
746 1847 814 1902 ad
880 1847 1152 1903 Ecclesias
1180 1887 1197 1910 ,
1253 1863 1418 1917 quam
1471 1847 1691 1904 exhibet
1752 1846 2024 1902 Eusebius
2121 1848 2492 1904 Alexandrino
2511 1849 2583 1902 25
2607 1848 2844 1918 Aprilis;
2877 1863 3054 1923 neque
3074 1863 3233 1904 secus
3253 1862 3400 1902 anno
3426 1847 3565 1913 ‘55,
3589 1863 3726 1903 cn

454 1937 554 1990 lib.
581 1953 642 1990 ιιι
671 1937 791 2006 eius
831 1937 968 1993 Vita
997 1953 1119 2006 cap.
1160 1938 1248 1992 Η.
1281 1938 1552 1993 Caeterum
1583 1939 1628 1994 si
1662 1938 1720 1992 in
1751 1937 2022 2006 antiquis-

451 2028 592 2082 sima
649 2027 977 2082 Christiana
1031 2025 1290 2083 Ecclesia
1347 2035 1592 2098 tempora
1640 2025 2022 2097 inquiramus,

451 2117 806 2183 manifestum
838 2119 1000 2175 nobis
1031 2119 1158 2186 erit,
1194 2119 1464 2175 terminos
1489 2119 1776 2189 paschales
1807 2117 2023 2172 habitos

453 2208 590 2262 adeo
631 2207 752 2264 dies
801 2209 1326 2279 antaquinoctiales,
1375 2209 1524 2278 quod
1567 2209 1918 2280 potissimum
1957 2207 2027 2262 li-

454 2309 586 2370 quet
646 2316 713 2356 ex
783 2299 1308 2357 heccadecaeteride
1372 2299 1646 2372 Hippolyti
1706 2297 2026 2354 Portuensis

455 2393 696 2463 episcopi
743 2409 889 2448 anno
913 2393 1119 2450 Christi
1158 2393 1266 2447 222
1294 2393 1627 2463 conscripta,
1674 2391 1730 2446 in
1770 2405 1876 2462 qua
1919 2398 2025 2446 ter-

456 2485 678 2540 minalis
724 2485 997 2554 praebetur
1045 2486 1164 2541 dies
1214 2485 1280 2540 17
1318 2484 1500 2540 Martii
1546 2484 1706 2541 annis
1749 2485 1804 2552 6,
1848 2492 1900 2540 et
1936 2483 2024 2548 l4,

405 2588 422 2596 ’
458 2575 602 2630 unde
653 2577 707 2630 in
770 2577 1032 2632 laterculo
1077 2575 1399 2632 Dominicali
1453 2585 1916 2646 reprasentatur,
1980 2575 2027 2630 si

459 2667 730 2722 terminus
785 2667 988 2722 incidat
1033 2667 1086 2721 in
1137 2667 1219 2734 A,
1257 2667 1364 2722 hoc
1415 2673 1499 2722 est
1537 2665 1730 2721 feriam
1764 2682 1779 2720 ι
1818 2663 2028 2721 Pascha

458 2756 846 2812 celebrandum
877 2757 949 2812 25
977 2755 1188 2823 Martii;
1221 2757 1269 2814 si
1292 2757 1347 2812 in
1383 2756 1444 2822 Ζ,
1471 2757 1576 2812 hoc
1599 2765 1682 2812 est
1711 2755 1907 2812 feriam
1927 2770 2028 2822 vn,

455 2846 526 2900 26
553 2846 773 2914 Martii;
799 2847 845 2903 si
871 2848 926 2902 in
962 2847 1022 2913 S,
1059 2848 1164 2904 hoc
1194 2858 1278 2903 est
1313 2847 1499 2902 feriam
1531 2863 1611 2912 vl,
1642 2846 1712 2901 20
1736 2845 1947 2912 Martii;
1983 2846 2029 2902 si

457 2939 512 2990 in
545 2937 604 3002 E,
639 2941 742 2993 hoc
781 2948 864 2994 est
891 2939 1083 3017 feriam
1117 2957 1172 3007 v,
1213 2941 1278 2994 2i
1313 2939 1522 3006 Martii;
1549 2939 1596 2994 si
1629 2940 1682 2992 in
1713 2941 1772 3003 Δ,
1807 2937 1912 2993 hoc
1947 2946 2032 2994 est

459 3027 652 3084 feriam
683 3046 758 3095 Iv,
803 3031 872 3086 22
918 3033 1124 3098 Martii;
1175 3032 1228 3088 si-
1262 3033 1316 3088 in
1356 3032 1418 3098 Γ,
1452 3032 1558 3087 hoc
1597 3039 1682 3086 est
1716 3030 1908 3085 feriam
1937 3041 2024 3092 ut,

2124 1939 2266 1994 idem
2311 1939 2650 2008 Theophilus
2690 1939 2900 1994 Pascha
2943 1939 3245 2010 coniecerit
3273 1941 3328 1994 in
3365 1940 3444 1994 24
3477 1940 3722 2010 Aprilis.

2123 2030 2218 2084 sed
2263 2027 2372 2084 Leo
2414 2029 2468 2084 in
2515 2027 2582 2084 l7
2623 2028 2892 2100 ejusdem.
2939 2031 3098 2084 Anno
3143 2030 3246 2085 577
3277 2045 3376 2104 par
3414 2030 3724 2086 dissensus

2124 2118 2328 2184 Gallos,
2356 2129 2411 2176 et
2443 2119 2718 2191 Hispanos
2756 2121 2998 2178 amicitia
3037 2121 3328 2191 disjunxit,
3371 2121 3462 2176 his
3495 2120 3719 2177 Pascha

2123 2211 2532 2268 conferentibus
2576 2214 2630 2267 in
2659 2211 2731 2268 25
2773 2212 2997 2283 Aprilis,
3035 2213 3200 2284 308
3230 2213 3338 2268 illis
3376 2214 3434 2268 in
3468 2213 3542 2268 18
3573 2215 3722 2284 ejus-

2125 2302 2272 2367 dem,
2298 2301 2528 2357 Victorii
2547 2303 2768 2372 gentilis
2789 2303 2875 2358 sui
2902 2303 3071 2374 cyclis
3092 2304 3392 2360 obsecutis.
3419 2303 3594 2378 Anno
3613 2304 3722 2360 τω

2125 2404 2407 2464 peccatum
2443 2394 2496 2450 in
2525 2392 2746 2469 Oriente
2766 2394 3008 2462 paschali
3035 2395 3126 2450 die
3154 2395 3504 2452 conﬁciendo
3534 2414 3554 2451 :
3589 2410 3716 2452 nam

2127 2485 2216 2538 alii
2245 2483 2375 2538 illud
2417 2485 2704 2539 coluerunt
2727 2481 2782 2546 6,
2825 2483 2916 2536 alii
2945 2484 3012 2536 l5
3041 2483 3260 2553 Aprilis.
3295 2483 3376 2538 Ex
3415 2483 3714 2546 laterculo,

2126 2591 2288 2646 quem
2331 2574 2773 2636 construximus.
2809 2585 2924 2631 tute
2969 2575 3086 2646 ipse
3133 2575 3574 2645 dijudicaveris.
3628 2577 3717 2630 cui

2127 2681 2296 2722 causa
2327 2666 2395 2720 iis
2425 2665 2480 2720 in
2509 2665 2704 2737 litigiis
2728 2665 2958 2726 steterit.
2999 2665 3164 2720 modo
3185 2666 3416 2728 Christi,
3440 2682 3593 2736 quos
3621 2665 3712 2721 tibi

2127 2756 2502 2828 proposueris,
2539 2756 2698 2812 annis
2739 2771 2968 2826 aggeras
2993 2757 3118 2824 5H,
3146 2771 3286 2827 quos
3312 2755 3712 2828 Dionysianan

2128 2849 2334 2904 Christi
2389 2848 2651 2918 epocham
2692 2847 2987 2902 antecessit
3035 2847 3710 2916 Calippico-Seleuciana.

2131 2950 2298 3009 atque
2331 2939 2458 2994 inde
2487 2937 2578 3003 76,
2607 2939 2787 3008 quoad
2821 2939 3060 3002 licuerit,
3105 2939 3354 3004 eximas;
3383 2940 3540 3006 quod
3572 2939 3709 2992 enim

2131 3031 2424 3098 reliquum,
2469 3044 2670 3082 annum
2715 3027 2921 3098 periodi
2952 3028 3316 3089 demonstrat,
3361 3028 3464 3096 qui
3495 3039 3554 3082 et
3575 3026 3708 3081 Tisri

455 3120 529 3174 25
561 3119 772 3188 Martii;
823 3122 870 3177 si
919 3123 973 3176 in
1010 3122 1080 3185 Β.
1120 3122 1225 3177 hoc
1269 3130 1355 3176 est
1392 3120 1582 3176 feriam
1619 3136 1678 3182 ιι,
1719 3119 1792 3174 24
1827 3117 2024 3172 Martii.
2060 3105 2100 3161 C
2139 3121 2443 3191 superioris
2495 3122 2624 3174 anni
2655 3119 3008 3190 \Septembri,
3077 3119 3163 3174 vel
3192 3122 3451 3190 Augusto
3485 3121 3630 3181 initi,
3661 3128 3710 3172 et

457 3212 622 3282 Quid,
653 3213 801 3284 quod
837 3213 922 3268 vel
952 3227 1096 3267 anno
1123 3212 1230 3268 405
1261 3211 1502 3268 Ecclesia
1542 3210 1789 3297 Romana
1818 3201 2041 3279 piaculo'

460 3305 608 3360 haud
633 3303 790 3358 duxit
817 3305 885 3359 ad
925 3304 1454 3373 antaquinoctialem
1500 3303 1790 3358 terminum
1821 3300 2029 3356 Pascha

344 3405 350 3412 '
460 3413 621 3452 suum
651 3395 1017 3466 componere?
1048 3395 1185 3450 Tum
1227 3406 1447 3450 strenue
1482 3389 1744 3464 pugnavit
1767 3393 2032 3448 Innocen-

461 3487 571 3540 tius
601 3485 659 3538 P’.
700 3483 769 3537 M.
814 3473 912 3552 pro
942 3483 1234 3538 indicendo
1261 3482 1530 3538 Paschate
1550 3481 1621 3536 22
1655 3482 1858 3544 Martii,
1885 3481 2030 3550 quod

465 3576 642 3630 “10tii5
676 3575 934 3630 omnibus
963 3574 1314 3645 oppugnabat
1342 3572 1678 3644 Theophilus
1712 3571 2033 3626 Alexandri-

465 3683 573 3724 nus
605 3667 918 3738 episcopus,
947 3682 1125 3736 neque
1147 3681 1362 3736 passus,
1404 3675 1464 3721 ut
1492 3665 1543 3720 id
1574 3680 1670 3720 sua
1705 3665 1760 3718 in
1789 3661 2036 3718 Ecclesia

462 3760 936 3826 committeretur;
963 3774 1087 3814 cum
1117 3773 1282 3814 verus
1304 3756 1592 3823 Paschalis
1605 3757 1722 3813 dics
1754 3756 1857 3811 sibi
1882 3755 2034 3810 visus

462 3853 534 3908 29
562 3853 768 3908 Martii.
791 3849 862 3908 Ut
888 3851 1171 3922 paschalia
1189 3859 1572 3920 peragerentur
1601 3849 1670 3903 22
1695 3848 1894 3914 Martii,
1923 3862 2034 3901 non

465 3945 641 4016 potuit
697 3943 966 3998 terminus
1005 3943 1078 3998 20
1104 3941 1282 3998 Martii
1335 3940 1512 3997 serior:
1556 3941 1777 4005 haberi;
1824 3953 1947 3994 nam
1986 3936 2034 3992 si

469 4039 520 4090 in
556 4035 619 4089 2|
655 4035 1046 4098 concurrisset,
1102 4033 1264 4088 nulla
1303 4031 1536 4090 fuissent
1567 4031 1776 4086 dissiilii
1812 4043 2033 4086 causa:

466 4146 590 4183 cum
631 4128 778 4183 enim
822 4127 884 4181 2i
923 4125 1101 4180 Martii
1137 4117 1426 4180 character
1464 4123 1628 4178 fuerit
1667 4122 1799 4178 feria
1829 4137 1900 4176 vn
1939 4135 2036 4190 pro

466 4219 852 4288 antiquissimo
890 4216 1150 4270 Romana
1184 4213 1438 4269 Ecclesia
1472 4227 1644 4280 more,
1673 4215 1763 4282 qui
1802 4212 1885 4268 vel
1907 4211 2040 4284 Hip-

469 4309 636 4380 polyti
679 4305 995 4362 Portuensis
1044 4319 1160 4360 avo
1211 4304 1464 4375 vigebat,
1517 4313 1578 4359 ut
1621 4313 1765 4374 patet
1807 4319 1876 4360 ex
1918 4303 2038 4373 ejus

467 4413 700 4464 canone,
729 4397 1134 4470 prorogandum
1174 4395 1388 4452 Pascha
1435 4395 1504 4450 ad
1535 4395 1872 4452 Do'minicam
1907 4393 2041 4450 alte-

470 4507 610 4555 ram,
643 4504 816 4560 coque
846 4498 1004 4560 pacto
1034 4487 1281 4544 Romana
1304 4502 1427 4543 cum
1456 4486 1821 4541 Alexandrina
1843 4499 2038 4541 conve-

472 4586 642 4638 nisset
680 4581 942 4636 Ecclesia.
979 4579 1260 4636 Paschalis
1299 4579 1462 4650 igitur
1490 4577 1786 4647 terminus,
1821 4576 1908 4632 cui
1951 4591 2041 4630 re-

473 4677 649 4746 spexit
673 4673 1046 4734 Innocentius.
1081 4673 1467 4743 aequinoctium
1502 4670 1815 4740 pracessit;
1864 4667 2042 4739 siqui-

472 4769 593 4823 dem
627 4767 839 4822 Pascha
857 4764 1199 4834 consignavit
1228 4763 1294 4818 ad
1321 4762 1393 4817 22
1419 4761 1618 4818 Martii.
1661 4760 1794 4828 Qua
1817 4776 1938 4816 cum
1969 4760 2042 4814 ita

475 4857 603 4918 sint,
651 4855 774 4925 quis
817 4853 1032 4910 inﬁcias
1086 4853 1264 4920 iverit,
1292 4854 1601 4922 paschalem
1644 4853 1796 4908 illum
1844 4851 2046 4907 saltum

473 4945 762 5002 Iudaicum
780 4945 950 5000 fuisse
971 4945 1248 5004 inventum
1273 4954 1397 5001 ante
1419 4944 1698 5001 Nicanum
1727 4943 2042 5008 concilium,

396 5052 412 5066 ‘
476 5023 600 5094 cuin
641 5037 839 5092 multos
871 5043 995 5106 post
1027 5051 1201 5092 annos
1259 5037 1496 5091 nondum
1537 5049 1658 5089 mos
1694 5035 1784 5089 ille
1818 5049 1849 5089 a
1888 5033 2046 5091 Chri-

478 5129 672 5186 stianis
718 5126 963 5182 ascitus?
1007 5141 1132 5180 nam
1181 5125 1328 5196 quod
1381 5139 1527 5178 anno
1570 5122 1676 5178 405
1716 5122 2047 5194 TheOphilus

476 5219 754 5289 paschalia
790 5218 1055 5274 solemnia
1075 5215 1369 5274 contulerit
1399 5216 1454 5269 in
1474 5213 1544 5269 29
1572 5213 1776 5279 Martii,
1801 5214 1855 5270 in
1881 5230 2050 5270 causa

477 5311 600 5374 fuit,
637 5311 783 5382 quod
826 5311 1129 5382 legitimum
1182 5305 1467 5364 Paschatis
1507 5309 1801 5364 terminum
1830 5307 2050 5366 duxerit

476 5402 548 5456 2:!
579 5401 782 5466 Martii,
831 5401 994 5472 idque
1043 5416 1110 5454 ex
1156 5398 1278 5469 ejus
1325 5398 1480 5470 cyclo
1525 5408 1864 5471 patetzcum
1903 5400 2049 5454 enim

479 5509 660 5550 annus
701 5493 736 5548 4
783 5492 944 5548 fuerit
983 5490 1122 5564 cycli
1174 5490 1384 5560 lunaris
1427 5492 1804 5558 Alexandrini,
1837 5493 2052 5548 novilu-

485 5587 637 5642 nium
677 5585 934 5656 paschale
973 5585 1274 5656 ascriptum.
1301 5583 1369 5640 l5
1390 5585 1756 5655 Phamcnoth,
1785 5587 1818 5642 9
1847 5585 2049 5652 Martii,

483 5667 723 5751 indeque
767 5677 1038 5735 terminus
1079 5675 1148 5734 26
1178 5675 1540 5748 Phamcnoth,
1591 5678 1770 5736 Martii
1794 5679 1887 5736 22.
1917 5677 2053 5750 Quis

2127 3212 2294 3266 Nisan
2326 3211 2666 3266 neomcniam
2704 3210 2922 3273 Martio,
2958 3211 3041 3265 vel
3064 3211 3237 3282 Aprili
3267 3212 3320 3264 in
3355 3225 3578 3272 mense,
3603 3219 3710 3264 tun

2129 3305 2305 3360 Phase
2349 3304 2486 3358 diem
2537 3303 2804 3364 docuerit,
2856 3303 2999 3357 unde
3048 3303 3280 3373 adeptus
3331 3302 3710 3358 characterem

2129 3395 2280 3451 feria
2302 3397 2421 3464 ejus
2445 3395 2548 3450 diei
2581 3411 2644 3450 es
2671 3395 2804 3466 cycli
2837 3393 3042 3450 Solaris
3063 3409 3228 3460 anno,
3259 3395 3355 3464 qui
3380 3403 3506 3448 tum
3529 3402 3710 3459 actus,

2129 3505 2318 3546 verum
2354 3488 2636 3544 Paschalis
2659 3488 2800 3542 diem
2829 3502 3148 3556 cognosces.

2205 3580 2388 3636 XXIII.
2428 3574 2548 3634 1am
2576 3579 2744 3650 igitur
2770 3579 2854 3647 (ut
2875 3578 2935 3652 in_
2954 3577 3096 3632 viam
3130 3575 3372 3647 redeam)
3398 3575 3452 3631 si
3484 3575 3714 3645 pascha-

2133 3674 2213 3730 les
2239 3673 2678 3730 Christianorum
2715 3669 2974 3735 termini,
3011 3669 3159 3740 itque
3201 3667 3508 3732 emendati,
3550 3669 3713 3738 ipsis-

2134 3765 2272 3820 sima
2297 3774 2420 3820 sunt
2443 3761 2754 3817 Judaorum
2785 3760 2984 3820 Phase,
3013 3775 3045 3814 a
3072 3759 3272 3830 quibus
3293 3767 3514 3813 tantum
3537 3773 3717 3827 quan-

2133 3856 2314 3926 doque
2341 3855 2630 3911 discedunt
2654 3853 2740 3908 vel
2771 3852 2842 3908 ob
2877 3851 3106 3908 bissexti
3135 3851 3510 3904 interventum
3549 3847 3716 3903 solari

2135 3947 2192 4002 in
2221 3938 2630 4008 anno’Juliano,
2666 3944 2748 3998 vel
2779 3943 2848 4000 ob
2875 3942 3142 3999 omissum
3180 3940 3325 3996 diem
3352 3939 3714 3994 embolimum

2137 4037 2316 4094 lunari
2367 4038 2419 4092 in
2453 4052 2618 4099 anno,
2650 4048 2820 4089 causa
2865 4039 3113 4102 superest
3148 4031 3318 4094 nulla,
3352 4030 3502 4085 unde
3533 4029 3717 4100 suspi-

2136 4145 2346 4194 cemur,
2369 4142 2514 4182 anno
2533 4126 2629 4180 671
2659 4139 2766 4180 non
2791 4124 3044 4179 eumdem
3073 4122 3360 4177 Palastina
3389 4122 3446 4176 in
3472 4121 3713 4176 Ecclesia

2136 4219 2421 4278 Paschatis
2461 4218 2602 4277 diem
2631 4214 2835 4278 luisse,
2867 4224 3029 4284 atque
3079 4213 3136 4267 in
3186 4213 3413 4282 reliquis
3444 4211 3714 4267 Christia-

2139 4327 2355 4368 norum.
2410 4309 2475 4364 Et
2505 4309 2664 4380 plane
2709 4307 2757 4362 si
2809 4305 3125 4360 laterculnm
3172 4304 3558 4368 consulamus,
3606 4318 3712 4358 rem

2141 4404 2316 4474 ipsam
2337 4403 2642 4473 loquentem
2659 4398 3149 4469 deprehendamus.
3170 4397 3299 4450 Erat
3313 4396 3710 4452 anuusille928

2144 4493 2476 4551 Seleuciana
2493 4490 2734 4562 epocha,
2757 4487 3088 4559 proindeque
3107 4487 3414 4556 70periodi
3438 4487 3529 4542 i5.
3549 4487 3712 4541 Phasc

2141 4585 2307 4656 igitur
2357 4565 2642 4638 Iudaicum
2685 4595 2810 4636 cum
2857 4578 3150 4634 incurrerit
3192 4577 3250 4631 in
3295 4577 3372 4632 50
3424 4575 3631 4639 Martii,
3665 4587 3710 4629 et

2142 4673 2359 4742 quidem
2406 4663 2684 4731 feriam't,
2736 4667 3047 4723 necessario
3092 4666 3346 4736 sequitur
3386 4665 3706 4720 celebratu-

2145 4762 2532 4834 Hierosolymis
2557 4759 2767 4816 Pascha
2805 4760 2840 4815 6
2887 4759 3084 4830 Aprilis
3105 4799 3120 4824 ,
3149 4756 3297 4829 quod
3327 4755 3599 4812 Leontius
3635 4755 3706 4809 di-

2145 4865 2290 4913 serte
2336 4863 2584 4912 testatus.
2618 4851 2981 4919 Quamobrem
3021 4851 3124 4906 etsi
3165 4851 3368 4918 quovis
3416 4847 3709 4904 aliodesti-

2147 4959 2364 5004 tuamur
2417 4946 2648 5010 auxilio,
2697 4945 2840 5000 unde
2877 4943 3229 4999 ostendamus
3277 4941 3609 5012 Gregoriu
3651 4939 3706 4992 all

2147 5040 2444 5100 Justiniani
2475 5037 2493 5092 l
2525 5047 2680 5094 atate
2704 5038 3114 5102 semovendum,
3144 5035 3250 5090 hoc
3271 5050 3386 5089 uno
3411 5031 3706 5090 testimonia

2149 5131 2309 5202 plane
2341 5145 2565 5186 causam
2599 5129 2850 5184 vicimus.
2881 5125 3099 5182 Nullum
3139 5127 3288 5182 enim
3318 5127 3374 5182 in
3402 5127 3535 5182 totis
3568 5125 3704 5180 annis

2148 5221 2441 5278 Iustiniani
2467 5219 2486 5274 Ι
2511 5219 2721 5288 imperii
2747 5217 2990 5275 occurrit
3011 5215 3243 5282 Pascha,
3269 5219 3419 5287 quod
3444 5223 3703 5286 peractu-

2151 5325 2183 5366 a
2209 5309 2538 5366 Christianis
2563 5312 2597 5366 6
2637 5307 2860 5379 Aprilis.
2893 5306 3181 5367 Enimvero
3205 5321 3317 5362 non
3351 5315 3536 5376 potest
3564 5300 3704 5359 Chri-

2153 5411 2270 5460 stus
2311 5401 2378 5458 de
2431 5409 2606 5456 morte
2655 5399 3000 5470 triumphans
3049 5398 3156 5454 cali
3187 5396 3222 5452 6
3249 5397 3480 5468 Aprilis,
3522 5395 3623 5452 nisi
3661 5394 3705 5445 in

2155 5494 2313 5550 annis
2343 5493 2479 5566 cycli
2533 5491 3030 5548 enneadecaeterici
3063 5493 3114 5556 7,
3155 5490 3210 5555 8,
3243 5489 3334 5554 i5,
3371 5490 3429 5555 ι,
3465 5490 3552 5552 l2,
3595 5498 3705 5540 cura

2156 5586 2374 5644 termini
2420 5585 2704 5656 paschales
2757 5581 2825 5638 26
2880 5592 2936 5639 et
2982 5583 3092 5641 50“
3103 5579 3284 5636 Martii
3359 5581 3513 5642 (imo
3557 5587 3612 5633 et
3644 5574 3701 5629 5|

2153 5693 2300 5737 anno
2329 5677 2400 5735 59
2428 5675 2658 5748 periodi,
2699 5675 2791 5748 qui
2831 5675 2896 5734 l5
2926 5672 3105 5746 cycli)
3138 5673 3188 5743 Ι,
3215 5673 3272 5744 2,
3305 5671 3341 5732 4
3371 5663 3614 5745 Aprilis;
3637 5665 3709 5724 rei
