3882 6204
192 173 333 236 1205
374 193 382 202 ·

1568 185 1644 244 1)]
1654 183 2090 248 SSEBTATIO.

3300 178 3432 243 1206

186 287 356 344 etiam
387 304 535 344 anno
569 287 588 342 1
626 291 785 362 cycli,
815 294 906 362 qui
937 295 1230 352 terminum
1266 299 1457 356 statuit
1483 299 1758 368 5Aprilis,
1789 303 1836 362 Α
1864 299 2062 365 bravit,
2110 299 2490 356 testimonium
2543 298 2688 354 dicat
2739 295 2986 351 omnium
3037 293 3431 359 certissimum,
3465 289 3486 306 ⁹

189 376 358 432 m'odo
378 379 520 450 apud
541 378 842 439 Orientales
885 383 1159 442 Ecclesias
1179 402 1298 443 mos
1319 387 1408 444 ille
1431 387 1576 444 haud
1597 389 1763 445 unde-

190 483 412 540 quaque
442 471 729 528 invaluerit
760 474 1069 543 prolatandi
1097 475 1421 533 Pascha'ad
1465 479 1760 536 secundam

192 559 558 627 Dominicam,
577 564 791 634 quoties
815 556 1082 622 terminus
1097 557 1360 623 incideret
1377 569 1429 622 in
1449 568 1640 624 feriam
1665 587 1759 636 vn,

189 663 303 722 qua
336 652 498 708 de're
535 654 715 712 nobile
765 658 1073 727 exemplum
1104 658 1373 714 habemus
1417 658 1474 714 in
1501 659 1766 718 Paschate

189 741 326 796 anni
353 737 458 797 769
483 745 618 815 cycli
647 746 856 807 lunaris
887 747 909 800 1
941 764 956 814 ;
991 756 1123 804 tunc
1149 749 1296 804 enim
1335 751 1622 806 orthodoxi
1661 768 1763 806 au-

191 831 350 888 diere
389 835 483 903 qui
513 836 792 906 paschalia
820 847 1114 908 exegerunt
1166 840 1198 892 ϐ
1235 837 1460 910 Aprilis,
1491 851 1680 896 contra
1711 843 1779 897 in‘

192 919 586 980 Hareticorum
640 944 863 984 censum
909 930 1132 1000 repositi
1179 931 1273 1002 qui
1322 931 1388 986 l5
1429 933 1644 1003 Aprilis,
1672 935 1762 1006 (V.

191 1009 444 1082 Theoph.
505 1013 801 1087 Chronogr.
849 1027 1010 1088 atque
1060 1018 1211 1074 Pauli
1261 1021 1473 1076 diaconi
1533 1023 1762 1079 miscell.

191 1101 294 1158 lib.
325 1107 465 1174 xm)
515 1122 622 1162 non
655 1123 765 1178 quo
813 1112 1351 1180 compercndinatum
1391 1110 1602 1169 Pascha
1639 1130 1768 1184 pro-

192 1202 322 1264 pter
347 1196 638 1252 terminum
668 1199 724 1252 in
749 1197 882 1254 feria
909 1217 1006 1266 ι-ιι,
1039 1202 1131 1256 sed
1159 1203 1286 1272 quia
1309 1205 1402 1274 qui
1425 1205 1491 1260 ad
1523 1207 1592 1260 l5
1612 1208 1769 1277 Apri-

192 1284 265 1342 lis
289 1277 572 1353 distulere,
601 1289 896 1346 terminum
923 1293 1236 1365 paschalem
1260 1295 1534 1351 habebant
1556 1297 1588 1350 6
1610 1297 1768 1368 Apri-

191 1378 290 1446 lis,
321 1389 381 1434 nt
409 1381 463 1434 in
491 1397 654 1438 omne
685 1392 898 1454 tempus
928 1387 1118 1441 statuit
1148 1388 1491 1444 Antiochena
1527 1389 1768 1448 Ecclesia

191 1469 252 1524 in
311 1470 532 1526 Canone
595 1489 699 1528 suo
739 1492 751 1528 :
796 1490 986 1545 reapse
1039 1487 1219 1532 tamen
1267 1494 1444 1550 neque
1507 1491 1768 1551 perpetuo

190 1576 385 1616 verum
417 1579 558 1618 anno
592 1565 618 1618 1
655 1566 790 1635 cycli
825 1567 1032 1641 lunaris
1071 1570 1412 1626 terminalem
1443 1573 1582 1626 diem
1609 1588 1768 1630 assu-

1863 404 1976 460 quo
1999 390 2069 446 ab
2093 405 2158 446 ea
2200 401 2358 446 aetate
2385 388 2714 447 sevocetur?
2743 386 2879 442 Tam
2919 385 3102 442 nobile
3143 401 3434 465 argumen-

1867 491 1981 538 tum
2027 482 2310 552 copiosam
2343 483 2508 538 nobis
2551 480 2786 552 praebuit
2813 479 3131 549 disputandi
3172 485 3432 547 segetem,

1867 582 1928 627 ut
1975 573 2126 628 nullo
2175 573 2350 629 luctor
2391 574 2688 642 impeditus
2731 569 3069 640 praeiudicio.
3107 583 3290 624 causa:
3332 582 3444 622 no-

1865 673 1994 720 stra:
2025 665 2153 734 jura
2189 673 2430 720 tueatur.
2461 662 2618 718 Nunc
2650 661 2860 732 reliqua
2889 674 3212 730 prosequar.
3507 723 3521 732 _

1935 754 2128 811 XXIV.
2171 756 2468 826 Caietanus
2511 755 2693 810 nervis
2723 753 2980 808 omnibus
3007 751 3238 806 certavit
3267 751 3434 806 intor-
3513 741 3522 816 ξ

1869 843 2038 900 fuisse
2083 842 2409 914 Gregorium
2461 841 2672 914 synodo
2701 857 2733 892 v
2790 841 3178 904 oecumeuicae,
3207 855 3243 892 ιι
3295 837 3440 894 Cont-

1867 935 2388 1006 stantinopolitante,
2415 949 2587 1004 eaque
2632 935 2852 1002 propter
2898 939 3155 1000 suspecta
3185 930 3439 984 vendita-

1870 1025 1983 1092 vit,
2038 1041 2163 1097 qute
2217 1027 2273 1081 in
2334 1012 2550 1082 Leontii
2603 1023 3012 1079 Commentario
3071 1021 3324 1092 leguntur
3372 1023 3439 1076 de

1872 1117 2088 1188 Sergio,
2121 1118 2286 1190 Cyro,
2311 1130 2365 1174 et
2394 1119 2562 1174 Paulo
2595 1116 3074 1174 Monothelitarum
3102 1111 3266 1188 309
3289 1122 3443 1168 ante»

1869 1209 2137 1279 signanis,
2167 1216 2222 1264 et
2251 1209 2304 1262 in
2335 1190 2572 1264 concilio
2614 1207 3076 1264 anathematismo
3119 1203 3443 1264 confodien-

1869 1301 1977 1365 dis,
2011 1299 2155 1370 quod
2198 1301 2360 1371 plane
2412 1298 2723 1356 conlectum
2759 1298 2812 1352 in
2849 1313 2900 1352 vt
2947 1297 3156 1369 synodo
3197 1313 3442 1354 acume-

1871 1390 2016 1446 nica.
2050 1387 2182 1454 Nos,
2218 1405 2342 1460 quae
2384 1389 2436 1442 in
2469 1387 2718 1446 Caictani
2757 1386 3082 1468 sententiam
3114 1394 3438 1456 pugnarent,

1873 1480 2179 1546 attulimus,
2217 1489 2280 1534 ut
2317 1488 2470 1535 certe
2517 1496 2626 1537 non
2661 1479 3000 1545 dubitemus,
3042 1479 3198 1549 quin,
3243 1477 3291 1532 si
3327 1478 3441 1532 cla-

1875 1573 2128 1628 rissimus
2155 1571 2240 1626 vir
2269 1571 2445 1628 lucem
2500 1569 2664 1626 hodie
2708 1569 3036 1634 intueretur,
3082 1585 3150 1624 ex
3183 1567 3440 1638 opinione

190 1654 740 1726 mendumSAprilis,
767 1670 824 1714 ut.
848 1660 1109 1726 liomana,
1134 1662 1764 1733 Constantinopolitana,
1799 1647 2398 1718 l31llscederet.’Nunc
2443 1675 2572 1714 vero
2613 1674 2714 1729 par
2751 1668 2837 1715 est
2865 1658 3328 1721 demonstremus,
3371 1672 3442 1712 ne

189 1745 560 1802 Alexandrina
603 1747 868 1816 Ecclesia,
905 1753 987 1808 vel
1021 1752 1054 1808 6
1083 1753 1306 1822 Aprilis,
1328 1742 1395 1810 ἰιι
1427 1755 1764 1813 Antiochena

190 1839 378 1892 sanxit
423 1838 688 1904 Ecclesia,
734 1842 826 1898 sed
881 1844 1076 1912 partim
1125 1843 1177 1910 5,
1225 1847 1422 1914 partim
1463 1847 1496 1900 6
1540 1847 1764 1918 Aprilis.

189 1930 354 1983 Anno
379 1927 598 2000 quidem
628 1933 834 2003 periodi
859 1935 891 1987 7
916 1943 970 1990 et
993 1935 1084 2002 64,
1108 1951 1271 1992 verus
1293 1938 1555 1995 terminus
1571 1939 1688 1995 dies
1709 1940 1764 2006 5,

189 2034 340 2074 anno
369 2016 439 2074 26
463 2031 518 2076 et
548 2022 640 2087 45,
672 2023 788 2081 dies
821 2025 854 2080 6
877 2025 1103 2096 Aprilis.
1131 2029 1234 2082 Sed
1262 2029 1406 2084 enim
1439 2043 1583 2086 anno
1607 2029 1767 2086 Chri-

189 2117 264 2163 sti
303 2107 406 2166 760
447 2111 756 2182 agitabatur
799 2113 1144 2172 Seleucidum
1183 2119 1341 2186 1071,
1383 2119 1476 2190 qui
1504 2120 1534 2173 7
1559 2118 1767 2190 periodi

197 2197 264 2252 15
289 2197 596 2270 Calippicte.
624 2205 960 2277 proindeque
987 2206 1259 2279 legitimus
1283 2209 1555 2279 paschalis
1578 2211 1766 2267 terrui-

128 2348 146 2356 ,
191 2305 302 2345 nus
347 2291 380 2345 5
426 2293 650 2380 Aprilis.
699 2293 818 2350 Jam
863 2297 1255 2356 Justinianusl
1295 2301 1433 2373 Aug.
1477 2303 1766 2374 imperium

190 2381 320 2435 iniit
366 2397 508 2436 anno
541 2383 747 2440 Christi
795 2386 1134 2459 Dionysiano
1164 2389 1288 2456 527,
1333 2408 1520 2450 mense
1565 2396 1764 2462 sextili,

190 2483 427 2527 exeunte
441 2471 476 2527 2
495 2473 700 2543 periodi
724 2473 788 2530 l2
807 2473 1114 2550 Calippicae,
1138 2481 1232 2552 qui
1255 2481 1600 2541 Seleucidum
1625 2485 1730 2542 858
1749 2505 1763 2554 ;

191 2561 349 2616 exuit
370 2579 496 2619 vero
527 2564 635 2620 fato
655 2567 960 2626 exstinctus
986 2587 1132 2626 anno
1164 2571 1290 2639 565,
1326 2591 1512 2632 mense
1541 2576 1768 2633 Novem-

193 2651 320 2720 bri;
367 2655 459 2723 qui
494 2670 667 2712 nurus
706 2657 766 2712 il
802 2657 1011 2728 periodi
1060 2661 1129 2715 12
1172 2661 1485 2734 Calippicee,
1524 2665 1762 2723 Seleuci-

194 2741 328 2798 dum
361 2745 487 2800 877.
519 2747 578 2800 ιιι
609 2748 709 2804 hoc
760 2765 1032 2806 annorum
1084 2754 1358 2808 curriculo
1399 2754 1578 2810 idonei
1614 2758 1770 2814 insti-

197 2844 316 2890 tuto
357 2846 546 2892 nostro
578 2841 861 2909 paschales
909 2843 1124 2898 termini
1173 2859 1293 2900 sese
1329 2845 1566 2902 oli'ernnt
1613 2849 1769 2906 aunis

196 2925 404 3032 periodi
437 2929 492 2994 5,
527 2929 582 3032 Z,
1027 2935 1243 3032 21,Δ21,
1277 2937 1381 3032 29,
1413 2939 1504 3005 52,
1535 2940 1629 3009 37,
1671 2943 1762 2998 40.
1796 2975 1839 3032 c

207 3015 316 3074 Sed
349 3035 492 3076 anno
523 3023 578 3088 5,
613 3024 815 3082 Christi
861 3025 984 3095 550,
1025 3029 1178 3101 cyclo
1209 3030 1341 3086 solis
1371 3031 1421 3095 7,
1455 3031 1630 3088 littera
1663 3032 1770 3090 Do-

198 3108 441 3166 minicali
487 3112 570 3176 F,
627 3117 896 3175 terminus
956 3119 1012 3176 in
1073 3119 1206 3176 feria
1260 3137 1313 3176 ν.
1366 3121 1508 3194 Ergo
1561 3123 1770 3183 Pascha

196 3201 263 3256 31
307 3201 507 3260 Martii.
555 3207 716 3263 Anno
755 3211 809 3278 7,
849 3209 1051 3268 Christi
1081 3213 1208 3277 552,
1245 3217 1418 3286 cyclo-
1439 3217 1572 3273 solis
1598 3217 1652 3283 9,
1685 3218 1774 3273 lit-

197 3303 315 3350 tera
373 3299 694 3356 Dominicali
745 3300 880 3369 DC,
917 3305 1184 3360 terminus
1237 3307 1288 3361 in
1340 3306 1473 3364 feria
1516 3325 1576 3366 ιι.
1630 3309 1772 3380 Ergo

200 3385 410 3442 Pascha
442 3390 502 3444 11
528 3390 754 3460 Aprilis.
779 3392 938 3449 Anno
964 3393 1052 3461 10,
1071 3385 1626 3468 Christi’Dionysiano
1642 3399 1773 3466 555,

195 3479 357 3550 cyclo
394 3481 528 3536 solis
576 3481 660 3550 12,
706 3484 886 3540 littera
927 3485 1251 3542 Dominicali
1297 3487 1365 3553 G,
1415 3489 1685 3546 terminus
1717 3491 1774 3546 in

199 3569 336 3654 feria
360 3585 456 3625 vn.
486 3570 630 3642 Ergo
655 3571 866 3630 Pascha
902 3575 938 3631 5
967 3577 1049 3632 vel
1079 3575 1142 3630 10
1173 3577 1378 3648 Aprilis
1411 3577 1559 3649 (nam
1599 3581 1774 3636 nesci-

199 3661 348 3728 mus,
397 3679 519 3734 quae
565 3664 1070 3740 Hierosolymitanze
1115 3669 1372 3727 Ecclesia:
1410 3673 1774 3740 consuetudo,

197 3769 327 3810 cum
357 3755 627 3812 terminus
655 3759 830 3814 exiret
866 3760 918 3814 in
947 3760 1134 3816 teriam
1162 3760 1277 3831 vn).
1309 3761 1468 3818 Auno
1491 3763 1577 3826 l5,
1617 3764 1776 3820 Chri-

199 3847 274 3904 sti
309 3848 436 3912 558,
467 3851 619 3922 cyclo
657 3851 789 3908 solis
820 3853 911 3920 15,
943 3853 1119 3909 littera
1143 3853 1460 3912 Dominicali
1493 3853 1556 3919 C,
1589 3858 1778 3912 termi-

201 3952 310 3993 nus
337 3939 412 3994 'in
455 3939 590 3996 feria
622 3958 702 3998 ιιι.
752 3942 893 4014 Ergo
924 3944 1132 4000 Pascha
1157 3945 1192 3998 4
1228 3945 1448 4016 Aprilis.
1498 3946 1658 4002 Anno
1686 3948 1776 4010 18,

199 4029 410 4086 Christi
450 4031 578 4099 545,
620 4031 777 4104 cyclo
822 4033 956 4089 solis
1003 4031 1094 4100 20,
1123 4033 1303 4090 littera
1353 4032 1674 4091 Dominicali
1708 4034 1774 4101 D,

202 4122 474 4178 terminus
497 4122 552 4176 in
579 4121 714 4177 feria
735 4139 788 4178 ν.
811 4121 952 4194 Ergo
970 4121 1183 4179 Pascha
1207 4125 1237 4178 7
1261 4125 1484 4195 Aprilis.
1505 4125 1775 4189 Anno2l,

200 4211 410 4268 Christi
451 4213 577 4280 546,
611 4215 766 4286 cyclo
811 4215 942 4270 solis
985 4213 1077 4282 25,
1123 4215 1300 4272 littera
1347 4215 1666 4272 Dominicali
1707 4215 1776 4279 G,

1867 1749 1952 1806 vel
1995 1749 2167 1804 hilum
2197 1749 2418 1819 quidem
2450 1749 2614 1804 nobis
2643 1747 2846 1820 opponi
2869 1747 3228 1803 Lcontianam
3263 1747 3440 1802 histo-

1868 1841 2032 1908 riam,
2063 1839 2197 1911 quin
2219 1840 2426 1910 potius,
2453 1855 2577 1911 quae
2602 1839 2670 1896 ad
2701 1840 2846 1896 hanc
2871 1856 2987 1896 rem
3019 1848 3207 1894 narrat
3230 1838 3438 1901 omnia,

1867 1933 2086 2003 pondus
2115 1931 2316 1988 addere
2345 1931 2730 2002 gravissimum
2784 1930 3092 1993 sententiae,
3127 1943 3289 2000 quam
3339 1943 3440 1982 ex-

1869 2023 2179 2093 posuimus.
2227 2022 2319 2077 Ait
2366 2023 2534 2092 igitur
2585 2021 2871 2086 Leontius,
2914 2019 3264 2090 Gregorium,
3311 2031 3436 2074 cum

1868 2111 2347 2182 ConstantinOpoli
2415 2121 2767 2175 versaretur,
2825 2111 3169 2180 Romamque
3231 2110 3440 2189 cogita-

1871 2209 1976 2270 ret,
2011 2215 2042 2256 a
2063 2199 2667 2270 ConstantinOpolitano
2691 2200 3105 2270 archiepiscopo
3132 2199 3438 2266 detentum,

1869 2293 2170 2362 quominus
2201 2301 2309 2346 tam
2351 2291 2655 2347 subitoire‘t
2691 2309 2704 2347 :
2739 2290 3007 2346 nefarium
3048 2291 3124 2345 illi
3153 2291 3440 2347 hazretieo-
3539 2334 3544 2340 .

1871 2399 1992 2438 rum
2039 2381 2280 2438 furorem
2333 2382 2636 2447 detexisse,
2686 2381 2778 2453 qui
2830 2381 3039 2452 Sergii,
3085 2381 3250 2452 Cyri,
3289 2381 3440 2438 Pauli

1870 2471 2074 2527 addicti
2101 2473 2349 2540 partibus
2375 2472 2622 2528 lunestas
2661 2472 2716 2528 in
2749 2472 2986 2528 Ecclesia
3021 2471 3317 2542 tragtedias
3345 2488 3441 2526 ex-
3543 2468 3552 2476 ’

1870 2565 2402 2635 οἱιιιιειιιις,(ιιιὶιιιιε
2449 2565 2665 2620 obviam
2713 2565 2973 2630 eundum,
3021 2579 3198 2634 eoque
3227 2565 3440 2634 jussam

1871 2653 2164 2726 synodum.
2189 2651 2309 2710 Jazn
2343 2669 2408 2710 ex
2437 2665 2633 2710 nostro
2659 2654 2881 2710 Canone
2903 2655 3149 2724 Gregorii
3177 2656 3443 2711 adventus

1869 2743 2404 2816 Constantinopolim
2453 2745 2684 2816 contigit
2737 2760 2880 2800 anno
2915 2745 3040 2811 678,
3077 2760 3189 2816 quo
3235 2761 3444 2816 inagna:

1873 2837 1949 2892 illi
1987 2845 2218 2908 praeerat
2251 2835 2506 2892 Ecclesiae
2554 2834 2880 2892 Theodorus
2925 2837 3213 2906 piissimus
3277 2846 3444 2906 atque

1871 2930 2216 3002 orthodoxus
2257 2929 2582 3000 episcopus,
2631 2927 2722 2998 qui
2770 2943 2836 2984 eo
2883 2929 3002 2999 ipso
3047 2943 3192 2986 anno
3243 2931 3444 2984 throno

1873 3032 2128 3090 exactus,
2170 3022 2472 3093 subrogato
2517 3020 2750 3093 Georgio
2792 3021 3270 3078 Monothelitarum
3317 3037 3443 3080 cum

1872 3129 1952 3179 re,
2000 3123 2118 3169 tum
2157 3115 2418 3184 dignitate
2453 3106 2720 3185 principe,
2754 3128 3067 3184 quanquam
3117 3114 3336 3170 tandem
3387 3115 3442 3170 in

1872 3206 2085 3278 synodo
2114 3206 2441 3277 sacrilegum
2478 3221 2722 3263 errorem
2753 3207 3002 3278 ejurarit.
3041 3205 3105 3262 Et
3149 3207 3442 3262 concilium

1871 3299 2096 3370 quidem
2115 3300 2220 3355 sub
2237 3297 2528 3355 Theodoro
2543 3299 2858 3369 patriarcha
2875 3299 3140 3376 indictum
3161 3312 3306 3353 anno
3317 3295 3442 3360 678,

1872 3391 1998 3447 licet
2027 3401 2278 3447 coactum
2313 3389 2596 3447 desinente
2627 3405 2774 3446 anno
2795 3389 2902 3456 680
2929 3397 3078 3460 patet
3107 3399 3176 3444 ex
3213 3389 3446 3443 Anasta-

1873 3483 1942 3538 sii
1964 3479 2226 3539 Romanae
2245 3482 2508 3540 Ecclesia:
2537 3481 2936 3538 bibliothecarii
2968 3480 3303 3545 testimonio,
3331 3479 3446 3533 hanc

1874 3580 1930 3633 in
1987 3577 2290 3646 Agathonis
2333 3577 2460 3631 vita-
2502 3575 2796 3632 scribentis
2846 3570 3166 3629 :Dcderant
3218 3571 3446 3642 piissimi

1872 3671 2136 3740 principes
2168 3657 2572 3732 Constantinus,
2597 3665 2898 3731 Heraclius,
2919 3674 2969 3718 et
3005 3661 3248 3718 Tiberius
3274 3660 3446 3729 Augg.

1875 3763 2084 3815 litteras
2119 3775 2210 3829 per
2247 3757 2628 3828 Epiphaniam,
2650 3757 2741 3826 qui
2788 3763 2902 3809 crat
2933 3755 3000 3808 iis
3041 3771 3074 3806 a
3105 3751 3340 3813 secretis,
3378 3750 3446 3803 ad

1877 3851 2106 3912 Donusa,
2137 3865 2290 3918 quem
2332 3848 2506 3901 adhuc
2551 3847 2884 3914 superstitem
2923 3842 3181 3908 putabant
3215 3838 3449 3908 Agatho-

1877 3942 1959 3996 nis
2000 3950 2405 4003 antecesserant,
2447 3937 2638 4008 quibus
2679 3933 3055 3998 hortabantur,
3095 3929 3243 3984 uellet
3274 3930 3450 3999 ponti-

1878 4033 1966 4103 fex
2013 4031 2334 4096 sacerdotes,
2369 4028 2565 4084 aliosve
2608 4028 2664 4082 in
2696 4025 2876 4081 urbem
2925 4025 3123 4095 regiam
3157 4021 3329 4092 legare
3378 4025 3448 4076 ad

1867 4123 2149 4187 Ecclesia
2179 4115 2469 4194 aliquando
2503 4117 2903 4175 consociandas.
2939 4115 3038 4170 His
3063 4114 3290 4184 acceptis
3310 4114 3450 4184 Aga-

1881 4215 1970 4270 tho
2003 4222 2212 4270 tantum
2251 4229 2356 4268 rem
2394 4213 2628 4283 segnius,
2676 4219 2770 4264 aut
2808 4207 3002 4263 lentius
3043 4204 3302 4275 agendam
3344 4219 3448 4257 non

203 4304 475 4360 terminus
499 4305 556 4360 in
576 4304 710 4362 feria
737 4321 779 4364 ι.
803 4308 946 4378 Ergo
964 4305 1176 4362 Pascha
1201 4306 1234 4362 8
1256 4307 1478 4376 Aprilis.
1503 4309 1664 4362 Anno
1681 4307 1776 4376 24,
1808 4309 1851 4367 D
1877 4307 2104 4375 putavit.
2136 4304 2298 4376 Legat
2331 4305 2498 4375 igitur
2540 4301 2801 4371 extemplo
2828 4299 3226 4353 Abundantium
3264 4295 3451 4350 Pater-

199 4397 409 4453 Christi
442 4397 568 4463 549,
615 4399 769 4470 cyclo
811 4400 946 4457 solis
989 4399 1082 4466 26,
1125 4400 1308 4455 littera
1359 4400 1679 4456 Dominicali
1712 4399 1776 4466 C,

205 4491 474 4547 terminus
533 4492 589 4547 in
640 4490 776 4548 feria
837 4509 896 4548 ιι.
967 4489 1109 4562 Ergo
1181 4489 1395 4547 Pascha
1455 4492 1492 4546 4
1547 4493 1774 4562 Aprilis.

199 4583 367 4667 Anno
413 4581 504 4650 29,
549 4579 754 4640 Christi
798 4583 925 4652 554,
973 4583 1128 4655 cyclo
1179 4583 1310 4638 solis
1353 4583 1408 4647 5,
1453 4583 1628 4639 littera
1677 4585 1782 4655 Do-

75 4737 86 4746 ,
203 4674 448 4730 minicali
491 4675 572 4742 D,
628 4676 896 4730 terminus
952 4674 1008 4729 in
1066 4672 1202 4729 feria
1240 4689 1302 4730 ιι.
1363 4673 1508 4744 Ergo
1559 4673 1773 4730 Pascha

203 4766 239 4820 8
275 4766 499 4838 Aprilis.
545 4767 706 4824 Anno
749 4768 852 4836 52,
909 4767 1113 4824 Christi
1148 4767 1282 4833 557,
1334 4767 1492 4838 cyclo
1539 4767 1674 4824 solis
1711 4768 1778 4832 6,

206 4860 387 4914 littera
432 4861 758 4917 Dominicali
805 4860 872 4926 G,
923 4861 1196 4918 terminus
1235 4860 1291 4914 in
1340 4857 1472 4914 feria
1513 4874 1590 4914 vr.
1635 4856 1782 4928 Ergo

206 4949 418 5007 Pascha
451 4951 476 5006 1
515 4952 742 5024 Aprilis.
785 4953 948 5008 Anno
986 4953 1078 5019 57,
1109 4951 1315 5008 Christi
1346 4950 1472 5017 562,
1503 4949 1658 5024 cyclo
1691 4965 1782 5006 so-

203 5045 276 5098 iis
299 5044 388 5104 11.
435 5044 613 5100 littera
648 5043 972 5100 Dominicali
1017 5043 1081 5112 Α,
1124 5043 1398 5100 terminus
1440 5043 1496 5096 in
1526 5041 1665 5096 feria
1695 5056 1778 5097 ιιι.

206 5133 352 5203 Ergo
382 5133 592 5189 Pascha
623 5134 655 5186 7
688 5133 914 5205 Aprilis.
940 5133 1098 5190 Anno
1121 5133 1216 5200 40,
1244 5133 1451 5189 Christi
1477 5131 1786 5203 565,,cyclo

204 5224 340 5280 solis
371 5218 461 5291 14,
489 5224 672 5280 littera
701 5223 1032 5281 Dominicali
1064 5223 1129 5292 D,
1161 5223 1431 5280 terminus
1456 5222 1510 5277 in
1543 5219 1681 5277 feria
1705 5237 1780 5276 tv.

204 5316 351 5387 Ergo
393 5315 606 5373 Pascha
651 5317 685 5373 5
721 5317 949 5388 Aprilis.
981 5316 1208 5388 Ecquod
1249 5315 1470 5370 tandem
1514 5316 1787 5386 supererit

203 5411 456 5484 asylum,
501 5424 614 5482 quo
665 5409 950 5482 confugiat
994 5408 1292 5465 Caietanus
1344 5407 1670 5478 Gregorium
1717 5406 1782 5459 ad

205 5501 510 5562 Iustiniani
543 5503 562 5559 l
601 5513 844 5574 tempora
898 5516 1185 5568 revocans,
1239 5515 1366 5557 cum
1404 5510 1512 5556 tam
1553 5497 1786 5556 illustris

205 5597 498 5654 character
541 5594 847 5663 Paschalis,
893 5593 1038 5667 quod
1082 5592 1480 5662 Hierosolymis
1523 5591 1614 5648 ille
1647 5589 1784 5646 cele-

1881 4414 2114 4460 nenscm,
2149 4396 2412 4452 Joannem
2456 4395 2770 4466 Rheginum,
2817 4402 2867 4448 et
2889 4391 3150 4447 Joannem
3187 4387 3455 4442 Parmen—

1880 4505 1986 4543 sem
2017 4489 2286 4558 episcopos
2307 4527 2323 4550 ,
2359 4485 2686 4540 Theodorum
2717 4492 2971 4552 prwtcrea
2995 4522 3011 4546 ,
3045 4492 3094 4534 et
3141 4477 3449 4548 Gregorium

1879 4581 2232 4651 presbyteros,
2276 4579 2538 4632 Joannem
2575 4579 2894 4640 diaconum,
2945 4583 2992 4628 et
3041 4569 3451 4628 Constantianus

1880 4669 2282 4734 subdiaconum,
2324 4667 2656 4724 Theodorum
2702 4667 2826 4721 item
2856 4665 3218 4734 presbyterum
3245 4657 3452 4714 Rauen-

1882 4771 2081 4825 natem,
2113 4771 2164 4814 et
2208 4761 2491 4816 monachos
2531 4759 2629 4814 Dei
2677 4774 2872 4814 servos.
2909 4756 3112 4810 Abeunt
3145 4753 3454 4810 Constanti-

1881 4855 2136 4924 nopolim,
2168 4854 2232 4908 ab
2272 4855 2588 4923 imperatore
2625 4851 2910 4920 honoriﬁce
2949 4850 3302 4920 accipiuntur,
3342 4866 3454 4903 mo-

1882 4955 2104 5008 uentur,
2157 4961 2219 5000 ne
2261 4959 2353 5013 per
2407 4941 2690 4996 tumultum
2742 4939 3054 5008 turbasque,
3099 4936 3189 4990 sed
3246 4937 3456 5007 placide

1884 5038 2254 5106 moderateque
2280 5035 2546 5105 negotium
2576 5034 2901 5103 transigant.
2941 5028 3304 5098 lnterfuerunt
3331 5044 3457 5097 syn-

1883 5128 1985 5182 odo
2020 5136 2212 5196 prteter
2255 5128 2625 5194 imperatorem
2676 5123 2948 5178 Macarius
2987 5121 3362 5180 Antiocheam,
3407 5127 3454 5169 et

1887 5219 2142 5290 CeorgLus
2193 5218 2507 5287 patriarcha
2561 5214 3211 5283 Constantinopolitanus.
3257 5208 3456 5277 ipsique

1886 5311 2192 5380 apostolicae
2241 5309 2383 5364 sedis
2423 5307 2606 5378 legati,
2632 5315 2681 5360 et
2724 5321 2788 5361 ea:
2819 5303 3031 5359 Oriente
3074 5299 3303 5370 episcopi
3330 5295 3454 5352 150.

1887 5404 2207 5470 Quasnam,
2236 5411 2292 5455 ut
2323 5402 2685 5469 explicaretur
2715 5397 2974 5467 apertius,
3017 5411 3086 5448 an
3120 5393 3240 5446 duc
3261 5388 3370 5443 sint
3402 5391 3468 5442 in.

1888 5496 2101 5551 Christo
2154 5493 2378 5548 Domino
2441 5492 2754 5546 voluntates.
2815 5487 2934 5540 .Iam
2993 5485 3158 5554 igitur
3211 5495 3457 5537 acume-

1890 5589 2013 5646 nica
2045 5603 2095 5642 ιί
2127 5586 2392 5657 synodus,
2421 5601 2530 5656 qua
2565 5583 2630 5640 de
2661 5581 2849 5638 scribit
2875 5575 3227 5644 Anastasius,
3251 5568 3468 5628 indictas
