3928 6206
401 153 534 218 1207

1279 168 1376 228 DE
1415 169 1673 230 mare
1713 172 1772 228 s.
1811 171 2188 231 onseonn
2219 155 2730 238 AGRIGENTINI

3498 173 3650 245 1208

389 271 494 320 sub
523 264 676 320 Dono
707 266 967 360 Enniana:
997 270 1256 328 Ecclesiae
1285 277 1570 345 pontiﬁce,
1604 278 1694 332 cui
1725 294 1844 333 eam
1884 280 1952 333 ad
1982 289 2026 341 Α
2121 280 2312 337 XXVI.
2372 283 2513 355 Ergo
2571 286 2794 358 subjicit
2819 331 2834 354 ,
2898 245 3205 344 humanum
3258 288 3594 360 episcopum
3624 330 3648 358 ,

393 371 507 410 rem
541 359 756 428 scriptae
779 359 1010 428 litteris,
1048 378 1169 432 quae
1199 374 1382 422 tamen
1419 367 1648 425 Bonnam
1679 385 1786 430 non
1822 371 1951 428 alla-

328 509 341 523 .
390 457 480 512 tua,
529 449 633 502 nisi
683 450 804 520 ipso
854 451 964 509 vita
998 453 1280 521 defuncto,
1334 458 1490 529 sique
1533 459 1716 515 Donus
1759 475 1954 516 exces-

390 538 465 590 sit
503 554 555 593 tv
597 539 725 593 ldus
763 541 965 610 Aprilis
1011 545 1140 598 anni
1170 543 1294 614 678,
1337 547 1461 616 quis
1507 548 1954 619 negaverit’indi-

389 637 532 689 ctam
573 629 842 700 synodum
891 632 992 687 hoc
1019 634 1138 704 ipso
1171 651 1336 701 anno,
1368 653 1480 710 quo
1519 640 1846 698 Theodorus
1887 639 1952 694 ad

389 719 758 790 gubernacula
810 721 1430 794 Constantinopolitanae
1476 729 1732 786 Ecclesia:
1775 730 1956 785 adhuc

389 811 654 866 sedebat?
693 811 989 868 Panvinius
1026 815 1078 869 in
1119 817 1249 879 Chr.
1295 817 1440 874 Eccl.
1477 819 1824 876 Theodorum
1857 837 1956 892 pa-

390 903 748 957 triarchatum
779 903 969 960 iniisse
1009 907 1204 962 scribit
1230 923 1375 964 anno
1407 909 1533 977 680,
1579 927 1812 987 eumque
1840 929 1955 983 ges-

391 993 534 1049 sisse
577 994 750 1049 annos
803 995 859 1060 2,
923 1011 1142 1053 menses
1170 999 1224 1052 3.
1285 999 1609 1071 Quanquam
1653 1003 1856 1070 isthuc,
1905 1005 1953 1058 si

387 1083 608 1152 quidem
639 1100 850 1150 verum,
896 1087 1104 1142 nullum
1137 1091 1421 1146 sententiae
1451 1102 1652 1148 nostrae
1686 1094 1955 1164 inﬂigeret

388 1175 622 1241 vulnus;
689 1175 744 1232 in
795 1189 1047 1248 promptu
1107 1180 1252 1235 enim
1311 1180 1452 1236 foret
1499 1185 1700 1250 dicere,
1739 1187 1955 1242 venisse

386 1267 609 1336 quidem
654 1267 1186 1341 ConstantinOpolim
1231 1271 1553 1342 Gregorium
1609 1289 1756 1330 anno
1814 1276 1951 1343 678,

389 1357 488 1414 sed
539 1375 570 1414 a
627 1359 918 1418 Theodoro
965 1363 1242 1418 detentum
1286 1379 1434 1420 anno
1483 1365 1626 1430 680,.
1661 1369 1954 1436 quominus

389 1449 618 1505 Romam
669 1452 882 1518 abiret;
936 1455 1287 1512 dissimulare
1336 1468 1514 1512 tamen
1553 1471 1659 1512 non
1700 1473 1950 1528 possum,

385 1542 603 1612 egregie
643 1543 698 1597 in
731 1557 796 1598 eo
834 1543 1034 1600 falsum
1065 1545 1410 1602 Panvinium.
1449 1547 1664 1602 Etenim
1695 1549 1740 1604 si
1775 1548 1952 1603 Theo-

2053 373 2255 464 quippe
2301 375 2576 446 aﬂectum,
2601 379 2828 464 \synodo
2871 379 3114 436 libellum
3157 381 3375 437 misisse
3409 383 3648 452 propria

2053 463 2220 535 310
2243 482 2403 520 manu
2424 471 2784 538 conscriptum
2819 472 2884 526 de
2912 473 3176 528 sententia
3209 474 3649 528 orthodoxonun

2056 557 2358 617 antistitum
2401 559 2570 624 ipsius
2598 559 2774 613 locum
2797 563 3142 622 serpentium.
3166 561 3306 629 Quid
3345 565 3542 618 verius
3571 564 3652 617 de

2053 646 2336 716 Agathone
2357 647 2462 725 dici
2495 651 2772 718 potuerit?
2804 649 2904 706 Hic
2931 652 3212 708 enimvero
3238 653 3446 721 legatos
3479 655 3652 708 misit

2053 733 2466 792 Abundantium
2519 739 2925 802 Paternensem.
2963 725 3248 800 lloannem'
3286 742 3647 814 Rheginutn,

2053 833 2107 883 et
2133 823 2395 882 Joannem
2423 829 2780 886 Portuensem
2827 832 3133 902 episcopos,
3171 835 3264 904 qui
3305 834 3392 890 sui
3432 848 3649 904 perso-

2054 930 2180 970 nam
2234 917 2292 971 in
2344 918 2554 989 synodo
2599 931 2884 990 gererent,
2935 923 3210 994 simulque
3259 923 3646 994 synodicam.

2055 1009 2142 1062 cui
2174 1007 2278 1063 120
2311 1011 2550 1081 episcopi
2591 1013 2934 1082 patriarchiaa
2973 1031 3088 1072 sua:
3132 1016 3649 1080 obnoxiifsubscri.

2054 1113 2232 1168 pscre,
2269 1101 2348 1154 uti
2385 1103 2548 1156 modo
2581 1102 2837 1160 laudatus
2867 1105 3194 1160 Anastasius
3226 1105 3414 1160 tradit.
3443 1104 3650 1159 Haca-

2056 1187 2193 1239 rium
2216 1202 2335 1240 vero
2359 1189 2700 1256 pertinacem,
2731 1205 2823 1243 nec
2853 1189 2922 1244 ad
2965 1191 3276 1260 sgnodicam
3299 1192 3642 1260 Agathonis,

2055 1277 2141 1330 cui
2169 1275 2592 1346 subscripserunt
2637 1277 2939 1338 Occidentis
2977 1281 3208 1350 episcopi
3239 1281 3363 1346 £20,
3407 1283 3643 1351 acquie-

2054 1376 2302 1430 scentem,
2344 1365 2817 1433 anathematizant,
2871 1381 2900 1420 ε
2929 1369 3126 1440 synodo
3165 1366 3475 1437 exturbant,
3526 1364 3643 1421 Ro-

2055 1470 2296 1524 mamque
2323 1470 2442 1508 cum
2479 1455 2590 1509 suis
2620 1455 2838 1522 ejiciunt
2871 1454 2925 1508 in
2955 1455 3223 1510 exsilium.

2127 1543 2334 1599 XXVII.
2378 1545 2454 1600 Ea
2499 1545 2554 1600 in
2599 1547 2826 1616 synodo-
2851 1545 3114 1618 Gregorio
3155 1557 3343 1604 nostro
3393 1546 3642 1606 deman-

385 1632 556 1688 dorus
595 1648 768 1688 annos
815 1635 872 1702 2,
921 1650 1138 1691 menses
1187 1637 1241 1702 '5,
1293 1637 1950 1708 Constantinopolitanam
1983 1613 2194 1690 Bdata:
2247 1644 2430 1705 partes
2474 1613 2718 1706 episcopi
2769 1613 3008 1692 εει*ᾶὶεῷ
3049 1636 3386 1695 ConStantic
3433 1638 3642 1708 Cypri,

388 1733 530 1778 rem
555 1723 880 1792 EcclesiAm,
913 1726 958 1782 si
983 1727 1227 1796 pontifex
1265 1729 1418 1783 audit
1445 1743 1591 1783 anno
1611 1727 1734 1796 680,
1765 1744 1953 1786 conse-

386 1829 562 1878 quens
614 1822 719 1876 est,
773 1824 1026 1869 exactum
1080 1815 1230 1870 illllll
1284 1817 1604 1886 pontiﬁcatu
1649 1833 1793 1872 anno
1825 1817 1949 1872 682.

383 1903 548 1973 Atqui
575 1913 732 1958 extra
757 1904 1147 1959 controversiae
1179 1905 1353 1959 aleam
1383 1904 1621 1974 positum
1651 1912 1756 1971 est,
1785 1903 1953 1958 Geor-

385 1996 534 2066 gium
580 1995 964 2066 .patriarcham
1023 1996 1233 2066 synodo
1289 1996 1615 2066 prandisse,
1681 2011 1804 2064 quae
1869 1997 1951 2050 in-

385 2087 579 2150 choata
611 2103 685 2141 vu
734 2085 863 2142 Idus
907 2085 1239 2143 Novembres
1277 2087 1402 2141 anni
1454 2087 1578 2154 680,
1628 2086 1786 2142 desiit
1821 2099 1950 2140 vero

385 2193 530 2234 anno
556 2177 683 2234 68l.
725 2179 832 2233 Aut
858 2177 1024 2249 igitur
1063 2194 1174 2233 uno
1229 2179 1533 2248 eodemque
1564 2187 1809 2246 tempore
1843 2177 1951 2230 duo

386 2270 442 2323 in
474 2267 1096 2338 Constantittopolilana:
1120 2266 1376 2322 Ecclesiae
1403 2267 1659 2321 cathedra
1691 2263 1952 2320 sedebant

385 2359 651 2428 episcopi,
682 2349 787 2414 aut'
813 2359 1040 2412 omnino
1071 2357 1267 2412 falsum
1309 2359 1455 2427 quod
1483 2358 1550 2412 de
1588 2373 1730 2412 anno
1761 2372 1950 2415 susce-

387 2451 464 2520 pti
498 2465 529 2504 a
569 2448 856 2504 Theodoro
885 2447 1238 2518 pontiﬁcatus
1271 2449 1442 2503 sensit
1487 2445 1808 2502 Panvinius.
1843 2446 1951 2502 Ita-

386 2557 496 2612 que
547 2541 770 2611 explosa
815 2541 938 2611 ejus
984 2540 1266 2609 opinione,
1313 2539 1528 2593 illorum
1579 2538 1948 2594 inhaerendum

385 2633 654 2702 vestigiis,
695 2617 787 2702 qui
835 2640 1102 2696 Statuunt,
1149 2630 1470 2700 pontiﬁcatu
1501 2630 1733 2700 ejectum
1769 2628 1950 2685 Theo-

385 2725 578 2780 dorum
624 2737 769 2777 anno
815 2722 941 2788 678,
973 2737 1134 2791 quem
1181 2721 1376 2775 iterum
1428 2719 1625 2774 adierit
1667 2733 1812 2775 anno
1847 2718 1952 2774 685

385 2813 773 2885 mortalitatem
803 2821 966 2869 exuto
988 2811 1241 2880 Georgio.

2051 1726 2250 1796 quippe
2273 1727 2367 1796 qui
2390 1727 2582 1782 morbo
2607 1735 2918 1798 urgeretur.
2948 1727 3014 1784 Et
3044 1743 3176 1786 vero
3195 1729 3498 1800 quominus
3523 1728 3638 1784 hac

2053 1824 2370 1884 tempestate
2409 1814 2743 1872 Constantia:
2767 1815 2952 1888 Cy'pri,
2983 1827 3038 1874 et
3063 1817 3306 1875 Sardicae
3325 1819 3640 1890 episcopus

2051 1919 2194 1959 unus
2229 1903 2484 1974 idemque
2528 1903 2716 1970 fuerit,
2757 1906 3029 1976 adoptatis
3051 1907 3264 1963 scilicet
3299 1906 3369 1962 ad
3403 1914 3636 1976 tempus

2051 2007 2080 2047 a
2109 1992 2420 2050 Sardicensi
2467 1995 2705 2050 Ecclesia
2735 1995 3179 2054 Constantiensis
3212 1997 3458 2068 juribus,
3485 1996 3636 2054 nihil

2049 2097 2164 2154 est,
2234 2087 2380 2157 quod
2437 2087 2747 2158 prohibeat.
2811 2087 3022 2144 Etenim
3077 2103 3226 2143 anno
3274 2088 3310 2142 8
3380 2085 3634 2142 Heraclii

2049 2179 2366 2236 Constantis
2395 2177 2439 2232 ll
2478 2180 2646 2250 Aug.,
2693 2178 2900 2236 Christi
2947 2179 3274 2250 Dionysiano
3319 2179 3449 2246 6&8,
3497 2178 3633 2232 Bar-

2051 2271 2170 2327 bari
2215 2271 2355 2326 duce
2401 2269 2654 2326 Muhavia
2681 2270 2902 2343 Egypti
2949 2271 3160 2340 Amira,
3201 2272 3297 2342 qui
3337 2271 3630 2342 deinceps,

2050 2364 2318 2419 exstincto
2344 2362 2607 2428 Hoamen,
2638 2364 2754 2419 sive
2780 2362 3332 2428 Othmano,Arabum
3360 2361 3400 2415 ν
3430 2364 3632 2416 Amer-

2047 2469 2302 2510 mumnes
2343 2453 2892 2522 (Amiral-mumanin
2932 2455 3039 2526 ipsi
3089 2455 3329 2522 vocant),
3374 2453 3628 2526 Cypru

2013 2543 2285 2598 ‘insulam
2334 2545 2612 2612 invasere,
2666 2543 2996 2600 Christianis
3044 2544 3170 2608 inde
3224 2545 3487 2599 omnibus
3527 2544 3628 2598 de-

2048 2635 2226 2707 pulsis
2251 2616 2520 2728 (Tlieopli.
2551 2636 2604 2689 in
2639 2635 2769 2691 Chr.
2788 2635 2828 2706 ),
2862 2635 2958 2706 qui
2983 2635 3039 2690 in
3071 2634 3278 2706 patrios
3309 2633 3466 2690 focos
3509 2649 3629 2688 non

2050 2727 2288 2790 reversi,
2311 2727 2417 2781 nisi
2449 2725 2594 2781 anno
2625 2729 2648 2780 l
2681 2725 2981 2782 Justiniam
3013 2727 3353 2782 Rhinotmeti
3379 2725 3442 2784 ll.
3469 2725 3630 2780 Hal)-

2050 2816 2318 2872 dimelcch
2367 2815 2609 2869 Arabum
2656 2815 3065 2869 Amermumnis
3089 2811 3230 2878 Vlll,
3253 2811 3459 2868 Christi
3490 2810 3660 2876 685,‘

414 2893 418 2897 ’
454 2901 638 2999 ΧΠ.-
663 2901 850 2972 Neque
876 2917 1024 2970 vero,
1048 2905 1194 2972 quod
1234 2911 1425 2958 auctor
1454 2902 1715 2958 Breviarii
1745 2901 1951 2973 Grego-
1976 2941 2018 2999 ε
2053 2920 2164 2976 quo
2190 2908 2334 2961 inter
2360 2915 2623 2988 utrosque
2645 2904 2924 2974 principes
2951 2919 3057 2974 pax
3087 2903 3220 2958 inita
3252 2903 3320 2956 iis
3351 2901 3630 2956 conditio-

388 2995 556 3050 riana:
597 2991 734 3048 Vitae
779 2993 1016 3060 scribat,
1069 2993 1303 3063 Georgio
1343 2993 1951 3063 Constantinopolitanae
1982 2991 2018 2999 '
2053 2998 2236 3058 nibus,
2267 3011 2406 3066 quas
2433 2993 2796 3064 Theophanes
2838 2995 3036 3048 recitat
3063 2993 3128 3048 ad
3159 3008 3364 3046 annum
3393 2993 3416 3044 I
3448 2991 3628 3046 Justi-

303 3113 308 3122 ι
387 3085 648 3141 Ecclesia
688 3084 813 3152 jura
855 3086 1037 3149 dante,
1075 3083 1398 3154 Gregorium
1445 3079 1696 3136 no’strum
1742 3081 1949 3151 regiam

391 3177 583 3232 urbem
631 3175 886 3244 petiisse,
942 3173 1236 3228 consilium
1295 3183 1516 3227 mutem.
1569 3171 1734 3226 Multa
1771 3187 1836 3226 ea
1895 3171 1950 3226 in

386 3272 623 3339 cpitome
659 3273 1074 3336 porcensentur,
1097 3281 1220 3336 quae
1259 3266 1329 3320 ab
1362 3263 1576 3320 Leontii
1604 3265 1954 3319 Commenta-

388 3361 513 3424 rio,
569 3359 794 3429 proinde
852 3373 884 3412 a
929 3372 1058 3412 vero
1113 3356 1418 3412 discedunt.
1467 3356 1557 3410 Ait
1603 3356 1954 3426 epitomastes

387 3452 711 3523 Gregorium
754 3452 1101 3520 lB-agentem
1145 3463 1348 3504 annum
1390 3449 1538 3504 clero
1574 3450 1871 3518 ascriptum
1921 3465 1954 3502 a

388 3543 711 3601 Potainione
735 3541 1213 3612 Agrigentinorum
1243 3541 1498 3610 episcopo
1529 3557 1544 3594 :
1573 3539 1668 3595 sed
1692 3540 1955 3594 Leontius

392 3641 663 3689 memorat
701 3631 906 3686 factum
939 3629 1138 3692 istbuc,
1175 3643 1297 3684 cum
1329 3643 1500 3684 annos
1548 3629 1634 3682 ille
1672 3636 1834 3686 natus
1865 3627 1952 3692 12,

395 3739 541 3788 anno
569 3737 700 3777 vero
735 3721 804 3777 l8
829 3737 859 3776 e
889 3723 1062 3791 patria
1092 3720 1418 3776 excessisse.
1451 3717 1665 3788 Excipit
1693 3719 1957 3788 epitoma-

393 3825 526 3880 stes,
573 3813 898 3884 Gregorium
949 3815 1090 3884 apud
1138 3811 1379 3867 Marcum
1421 3812 1671 3866 abbatem
1710 3811 1744 3864 4
1782 3823 1956 3864 annos

394 3909 724 3964 diversatum
757 3903 1120 3974 Carthagine,
1156 3919 1186 3959 a
1217 3917 1332 3974 quo
1363 3919 1516 3959 sacra
1557 3901 1843 3970 disciplina
1874 3901 1959 3954 in-

395 4001 638 4056 stitutus.
676 3996 878 4052 Verum
922 3995 1183 4052 Leontius
1219 3996 1352 4050 nihil
1399 3995 1504 4049 tale
1541 3993 1827 4064 signiﬁcat,
1861 3991 1957 4048 sed

391 4091 798 4164 quatriennium
828 4091 931 4144 hoc
959 4098 1210 4144 exactum
1235 4087 1416 4157 prodit
1438 4085 1493 4139 in
1519 4085 1731 4138 Oliveto
1749 4091 1956 4148 monte,

393 4191 679 4254 jmstquam
716 4179 1106 4251 Hierosolymis
1144 4179 1322 4248 primo
1362 4175 1674 4246 emigravit,
1705 4174 1796 4230 ubi
1828 4187 1957 4234 vere

2053 3085 2222 3142 niani.
2260 3083 2406 3138 Inter
2445 3082 2690 3152 reliquos
2731 3092 2980 3136 extorres
3015 3079 3254 3136 Joannes
3283 3079 3628 3136 Constanti:

2056 3177 2502 3246 archiepiscopus
2541 3181 2973 3240 annumeratus,
3023 3172 3118 3242 qui
3167 3170 3399 3242 proinde
3459 3169 3627 3224 titqu

2055 3273 2215 3320 tenus
2263 3263 2706 3332 archiepiscOpus
2751 3262 3138 3330 usurpabatur.
3185 3259 3428 3315 ﬂoccine
3495 3272 3627 3313 vero

2052 3356 2260 3412 diutius
2313 3355 2621 3417 ferendum,
2671 3369 2839 3422 quum
2887 3351 3235 3422 potissimum
3289 3351 3344 3405 in
3397 3349 3628 3405 Oriente

2054 3462 2176 3502 mos
2213 3445 2565 3510 iucrebuerit,
2610 3452 2670 3498 ut
2695 3443 2988 3498 devastatis
3028 3441 3396 3496 Barbarorum
3435 3440 3630 3494 furore

2053 3541 2322 3605 ecclesiis,
2377 3554 2500 3609 quae
2554 3538 2919 3608 principatum
2973 3537 3028 3590 in
3075 3535 3464 3606 provinciales,
3511 3535 3630 3589 sive

2054 3630 2373 3684 dimeeticas
2418 3635 2650 3696 gereret,
2691 3626 2811 3696 ejus
2836 3626 2962 3695 jura
2993 3625 3046 3679 in
3087 3625 3249 3678 aliam
3293 3627 3628 3679 transcribe-

2055 3721 2280 3775 reutur?
2324 3719 2460 3774 Ecce
2491 3733 2660 3783 anno,
2697 3731 2806 3787 quo
2837 3717 3096 3788 synodus,
3135 3719 3204 3772 de
3231 3731 3340 3787 qua
3385 3715 3625 3786 agimus,

2056 3814 2277 3880 habita,
2329 3828 2362 3868 e
2423 3792 3036 3882 Constantinopolitana
3100 3809 3432 3882 patriarchia
3498 3806 3629 3863 Hel-

2056 3907 2336 3977 lespontus
2375 3907 2654 3975 provincia
2683 3907 2892 3972 avulsa,
2937 3921 3113 3975 eaque
3135 3905 3334 3958 Joauzni
3361 3903 3630 3958 Constano

2059 3998 2146 4054 tiae
2184 3997 2594 4066 archiepiscopo
2635 3997 2916 4060 attributa,
2965 3996 3059 4050 ubi
3109 3994 3270 4064 jura,
3319 3993 3522 4064 quibus
3569 3994 3630 4046 in

2057 4087 2237 4160 Cypro
2294 4099 2460 4150 usus,
2511 4094 2808 4141 exerceret.
2861 4084 3104 4140 Canonis
3163 4071 3270 4148 39,
3323 4097 3434 4153 quo
3494 4081 3630 4136 illud

2063 4189 2334 4246 sanctum,
2366 4179 2481 4234 haec
2503 4179 2666 4233 verba
2691 4195 2706 4232 :
2732 4178 2838 4231 Τοῦ
2868 4175 3120 4247 ἀδελφοῦ,
3156 4177 3254 4230 καὶ
3287 4174 3630 4244 συλλειτουρ-

393 4279 536 4347 apud
578 4277 772 4330 Senem
819 4270 1105 4342 quemdam
1149 4277 1388 4324 ascetam
1417 4267 1448 4320 4
1489 4265 1622 4320 vivit
1653 4279 1848 4330 annos,
1889 4265 1955 4320 ab

2057 4271 2156 4341 γοῢ
2197 4271 2353 4342 ἡμῶν
2403 4272 2646 4324 Ἰωάννου
2693 4269 2788 4323 τοῦ
2846 4268 2946 4338 τῆς
2983 4267 3235 4338 Κυπρίου
3279 4267 3450 4340 νήσου
3495 4282 3633 4336 προσ

393 4382 571 4437 eoque
622 4364 837 4418 divinas
890 4376 978 4416 res
1027 4359 1273 4414 edoctus.
1337 4356 1501 4412 Addit
1559 4357 1956 4424 epitomastes,

393 4457 715 4529 Gregorium
743 4471 852 4511 una
883 4469 1006 4509 cuin
1032 4451 1216 4506 Marco
1246 4448 1577 4518 Carthagine
1612 4446 1957 4500 Antiochiam

394 4551 718 4624 profectum,
750 4555 912 4618 atque
948 4544 1078 4600 inde
1109 4541 1506 4612 Hierosolyma,
1549 4539 1640 4594 ubi
1664 4554 1694 4592 a
1719 4537 1958 4592 Macario

395 4645 654 4713 opiscOpo
710 4641 854 4694 inter
901 4637 1162 4692 diaconos
1215 4634 1539 4702 repositus:
1575 4639 1632 4684 at
1690 4630 1836 4684 enim
1891 4642 1960 4682 ex

395 4735 625 4790 Leontio
669 4740 902 4796 constat,
935 4742 1213 4798 nunquam
1245 4723 1570 4794 Gregorium
1609 4737 1737 4776 cum
1777 4719 1962 4776 Marco

397 4825 594 4880 abbate
619 4823 977 4878 Antiochiam
1012 4819 1289 4878 invisisse,
1332 4816 1428 4872 sed
1473 4813 1682 4869 adiisse
1719 4821 1956 4876 tantum,

397 4926 686 4988 postquam
737 4909 1132 4980 Hierosolymis
1182 4905 1427 4961 secundo
1458 4905 1764 4972 digressus,
1817 4901 1962 4956 Con-

397 5003 809 5074 stantinopolim
847 5000 1214 5072 profecturus.
1244 4995 1376 5050 Tam
1419 4995 1588 5050 multa
1615 5009 1740 5049 cum
1781 4993 1963 5047 tradat

395 5099 789 5170 epitomastcs,
845 5108 968 5164 qua:
1003 5105 1138 5146 vero
1207 5087 1351 5144 haud
1404 5086 1607 5150 allinia,
1651 5085 1698 5140 si
1741 5084 1962 5154 quidem

399 5191 764 5250 certissimam
792 5188 950 5244 fidem
981 5184 1300 5240 Lentianae
1331 5178 1573 5237 historiae
1600 5176 1964 5241 vindicemus,

399 5284 481 5342 uti
555 5283 674 5338 sine
741 5279 912 5336 dubio
963 5277 1328 5340 vindicanda,
1389 5271 1484 5342 qui
1555 5268 1634 5324 illi
1701 5267 1966 5338 astipuler

401 5373 730 5446 pet-bibenti,
773 5365 1393 5436 Constantinopolitanae.
1425 5358 1678 5419 Ecclesiae
1705 5357 1963 5413 thronum

401 5465 671 5524 insedisse
697 5461 1012 5532 Georgium,
1042 5472 1164 5513 cum
1196 5453 1491 5524 Gregorius
1528 5450 1730 5521 regiam
1775 5448 1970 5504 urbem

406 5555 722 5636 ingressus?
753 5552 860 5612 Sed
889 5551 954 5608 ad
980 5546 1268 5612 Leontium
1299 5544 1461 5606 redeo

2059 4365 2236 4437 έδρου,
2271 4363 2385 4434 ἅμα
2410 4362 2488 4434 τῷ
2537 4363 2721 4433 οἰκείῳ
2771 4362 2885 4432 λαῷ
2934 4362 3029 4414 ἐπὶ
3063 4363 3162 4431 τὴν
3217 4358 3632 4431 Ἑλλησπόντιον

2061 4457 2352 4526 ἐπαρχίαν.
2405 4455 2494 4508 διά
2523 4471 2583 4508 τε
2632 4453 2726 4506 τοῦ
2778 4452 3120 4526 βαρϐαρικοῦ
3157 4452 3406 4522 ἐφόδους,
3453 4451 3548 4504 διὰ
3573 4468 3630 4504 τι

2059 4546 2120 4601 τὸ
2168 4547 2268 4615 τῆς
2311 4544 2531 4615 ὲθνικῆς
2577 4543 3012 4621 ἑλευθερωθῆναι
3057 4544 3340 4608 δουλείας,
3390 4546 3488 4597 καὶ
3535 4561 3633 4595 κι-

2061 4635 2240 4706 θαρῶς
2276 4626 2391 4698 τοῖς
2444 4635 2746 4708 σκήπτροις
2784 4635 2880 4690 τοῦ
2904 4636 3444 4706 Χριστιανικωτάτου
3494 4635 3631 4702 upi-

2059 4742 2186 4788 τους
2243 4719 2582 4794 ὑποταῖῆναι
2609 4768 2625 4791 ,
2689 4727 2788 4798 τῆς
2846 4727 3146 4798 εἰρημένης
3199 4725 3634 4796 μεταναστάντος

2061 4815 2247 4885 νήσου,
2293 4817 2520 4886 προνοίᾳ
2547 4813 2640 4868 τοῦ
2669 4815 3053 4885 φιλανθρώπου
3085 4814 3247 4878 Θεοῦ,
3299 4815 3396 4868 καὶ
3447 4815 3634 4884 μόχθῳ

2059 4906 2155 4964 τοῦ
2195 4907 2543 4979 φιλοχριστου
2577 4909 2670 4962 καὶ
2705 4909 2966 4973 εὐσεϐοῦς
2991 4909 3150 4980 ἡμῶν
3182 4909 3449 4979 βᾶσιλέως
3508 4925 3634 4960 συν-

2061 4999 2278 5071 ορῶμεν
2307 5000 2446 5054 time
2484 5000 2886 5070 ὰκαινοτόμητα
2919 4999 3354 5070 διαφυλαχθῆναι
3377 5001 3449 5052 τὰ
3482 4998 3637 5066 παρὰ

2061 5093 2172 5146 τῶν
2201 5095 2259 5146 ὲν
2299 5093 2506 5163 Ἐφέσῳ
2541 5093 2603 5146 τὺ
2647 5082 2910 5163 πρότερον
2951 5091 3314 5146 συνελθόντων
3359 5089 3642 5160 θεοφόρων

2063 5185 2325 5256 Πατέρων
2377 5185 2456 5256 τῷ
2498 5184 2674 5256 θρόνῳ
2735 5183 2831 5238 τοῦ
2883 5183 3384 5255 προγεγραμμένου
3445 5181 3636 5252 ἀνδρὸς

2067 5277 2480 5348 παραηεθὲντα
2507 5277 2777 5348 προνόμια
2797 5294 2812 5308 ·
2849 5276 2992 5331 ὥστε
3017 5277 3117 5348 τὴν
3146 5275 3274 5330 νέαν
3324 5275 3634 5328 Ἰουστινιαο

2065 5367 2318 5421 νούτιολιν
2355 5367 2416 5420 τὸ
2443 5367 2648 5420 δίκαιον
2676 5366 2821 5438 ἔχειν
2851 5367 2966 5437 τῆς
2984 5365 3634 5428 Κωνσταντινουπόλεως,

2066 5459 2161 5514 καὶ
2189 5458 2282 5511 τὸν
2331 5459 2418 5511 ἐπ’
2446 5461 2583 5528 αὐτῇ
2615 5443 3008 5527 καθιστάμενον
3053 5456 3471 5525 θεοφιλέστατον
3513 5455 3628 5510 tti-

2071 5565 2270 5603 σκοπον
2293 5549 2509 5604 πάντων
2533 5547 2876 5617 προεδρεύειν
2909 5547 3005 5618 τῆς
3022 5548 3433 5616 Ἕλλησι-πόντων
3461 5550 3632 5618 ἐπαρ-
