3882 6204
270 237 383 314 tan
819 235 830 244 ’
1571 233 1579 240 ’
1627 265 2150 329 DISSERTATIU.
2295 273 2306 279 ·
3351 267 3491 332 1210

269 373 386 429 χιας.
418 355 628 410 καὶῦπδ
655 355 762 412 τῶν
781 359 1000 414 οἰκείων
1027 362 1348 418 ἐπισκόπων
1387 369 1809 438 χειροτονεῖσθαι
1839 381 1882 434 Α
1913 375 2156 444 μουμνῇ,
2190 372 2279 426 ἵνα
2313 371 2404 426 τὸν
2442 375 2500 427 ὲν
2535 373 2715 445 Συρίᾳ
2743 374 2871 427 ὄντα
2899 372 3028 432 λαὸν
3053 374 3151 444 τῆς
3183 375 3348 447 νήσου
3379 378 3494 430 Κύ-

268 449 382 503 uari
393 449 489 520 τὴν
505 449 644 520 ἅρχᾶ
653 453 738 506 ίαν
757 453 1062 525 συνήθειαν.
1073 453 1183 510 Hoc
1200 465 1282 511 est
1303 477 1316 513 :
1338 456 1532 514 Fratre
1547 461 1807 533 et'collega

1919 479 2050 534 πρου
2081 463 2344 518 ἀπολύσει
2386 467 2470 530 εἰς
2511 466 2609 520 τὸν
2640 465 2772 519 ἴδιον
2809 465 3000 521 τόπον.
3037 469 3146 521 Καὶ
3176 467 3496 532 ὑπακούσας

267 550 420 594 nostro
441 540 646 596 Joanne
677 543 840 614 Cypri
856 545 1246 617 archiepiscopo
1261 565 1366 604 una
1396 567 1514 608 cunt
1543 553 1685 623 plebe
1710 570 1810 608 sua

1919 554 1938 606 5
1987 555 2408 626 Ἀμερμουμνὴς
2448 559 2514 627 τῇ
2547 553 2650 609 τοῦ
2680 554 2944 620 βασιλέως
2967 560 3179 628 γραφῇ,
3207 557 3496 612 ἀπέστειλε

267 631 312 684 in
329 629 716 704 Hellespontum
745 637 1090 703 provinciam,
1126 645 1178 690 et
1205 649 1420 708 propter
1447 639 1808 698 Barbarorum

1919 645 2049 698 κατὰ
2067 645 2246 715 πάσης
2265 646 2366 716 τῆς
2383 646 2582 718 Συρίας
2605 646 2855 712 ἐνδόξους
2875 648 3282 718 Σαρρακηνοὺς,
3301 649 3398 702 ἐπε
3407 650 3496 701 σό-

267 721 584 786 incursiones,
615 731 664 776 et
703 732 760 776 ut
805 725 871 777 ab
915 725 1244 780 ethnicorum
1287 730 1604 786 eximeretur
1643 733 1810 786 servi-

275 819 382 875 tute,
408 821 711 883 sceptroque
751 824 960 868 tantum
993 814 1438 873 Christianissimi
1475 823 1684 891 imperii
1717 838 1811 891 pa-

268 910 407 968 reret,
453 903 600 957 dicta
647 920 712 958 ea:
756 906 934 960 insula
981 917 1342 979 transgresso,
1392 911 1663 968 clementis
1715 913 1812 968 Dei

265 995 586 1064 providentia,
621 1014 876 1070 operaque
907 999 1179 1056 Christum
1213 1005 1447 1058 amantis
1503 1005 1680 1076 piique
1712 1005 1812 1058 int-

265 1087 493 1154 peratoris
521 1090 711 1156 nostri,
741 1090 1088 1156 decrevimus,
1119 1103 1175 1146 ut
1203 1094 1362 1163 firma
1389 1105 1660 1162 maneant,
1694 1114 1812 1167 qua:

265 1175 322 1229 ab
363 1179 552 1232 sanctis
587 1179 840 1236 Patribus
872 1181 1064 1251 Ephesi
1097 1184 1222 1240 olint
1261 1189 1588 1257 congregatis
1625 1189 1811 1242 throno

265 1265 448 1322 laudati
495 1270 876 1340 archiepiscopi
921 1289 1168 1329 concessa
1207 1285 1329 1330 sunt
1367 1278 1666 1348 priuilegia,
1711 1281 1806 1332 Ita-

267 1358 460 1430 heatque
501 1377 638 1416 nova
673 1361 1117 1434 lustinianopolis
1155 1367 1250 1435 jus
1295 1365 1806 1437 Constantinopolis,

265 1449 432 1519 quique
487 1451 571 1506 illi
627 1454 908 1522 impositus
967 1457 1340 1512 sanctissimus
1390 1459 1662 1528 episcopus
1713 1460 1810 1512 toti

263 1548 422 1614 prcsit
469 1547 800 1618 Hellesponti
837 1552 1138 1620 provinciae,
1191 1563 1240 1606 et
1293 1551 1359 1605 ab
1404 1553 1518 1607 suis
1557 1553 1810 1622 episcopis

263 1653 430 1692 manus
470 1639 857 1707 impositionem
885 1657 981 1712 pro
1021 1644 1181 1698 ueteri
1214 1660 1355 1697 more
1395 1645 1643 1716 accipiat.
1683 1644 1809 1701 Hanc

261 1727 366 1798 ipsa
411 1730 590 1783 omnia
637 1731 861 1802 attingit
907 1733 1188 1803 Augustus
1237 1735 1474 1804 scriptor
1541 1738 1810 1792 Constan-
1843 1722 1882 1778 Β

261 1819 394 1874 linus
421 1819 936 1893 Porphyrogenneta
967 1823 1061 1880 lib.
1103 1825 1170 1880 de
1211 1826 1358 1880 adm.
1398 1827 1528 1897 imp.
1557 1843 1679 1898 cap.
1713 1830 1805 1895 47,

261 1910 347 1965 sed
391 1908 550 1981 (quae
590 1922 847 1984 perpetua
892 1915 1053 1970 istius
1089 1915 1254 1970 libelli
1303 1917 1619 1985 calamitas)
1669 1921 1809 1976 mite

248 1999 310 2075 in
335 2017 596 2058 annorum
627 2002 1009 2076 designatione
1043 2007 1392 2063 librariorum
1431 2009 1586 2080 culpa
1612 2027 1808 2079 pecca-

257 2105 382 2150 tum.
426 2093 516 2152 Sic
556 2098 722 2169 igitur
761 2100 982 2172 inquit:
1013 2101 1122 2174 Τῆς
1162 2105 1328 2174 νήσου
1363 2103 1671 2174 άλωθείσης
1702 2107 1808 2160 ὑπὸ

254 2187 355 2240 τῶν
395 2189 797 2262 Σαρῤακηνῶν,
862 2193 958 2246 καὶ
1005 2193 1100 2246 ἐπὶ
1147 2195 1287 2248 ἑπτὰ
1331 2195 1510 2250 ἔτεσιν
1551 2199 1806 2269 ἀοικήτου

257 2277 540 2349 μεινάσης,
595 2281 692 2334 nat
737 2281 832 2336 τοῦ
872 2284 1308 2356 ἀρχιεπισκόπου
1373 2287 1622 2342 Ἰωάννου
1672 2289 1809 2359 μετὰ

252 2365 340 2420 τοῦ
365 2367 492 2422 λαοῦ
532 2369 700 2424 αὑτοῦ
733 2371 870 2442 πρὸς
909 2373 1008 2445 τὴν
1051 2371 1441 2444 βασιλεύουσαν
1477 2376 1810 2432 καταλαϐόν-

252 2475 368 2524 τος,
397 2460 608 2531 ἐγένετο
639 2463 920 2534 οἰκονομίᾳ
970 2465 1122 2534 παρά
1151 2465 1244 2519 τοῦ
1285 2465 1553 2536 βασιλέως
1589 2470 1811 2522 ἰουστιο

251 2549 422 2602 νιανοῦ
450 2551 508 2604 ὲν
534 2553 600 2623 τῇ
635 2553 769 2624 ἁγίᾳ
801 2552 936 2626 ἕκτῃ
963 2555 1165 2626 συνόδῳ
1197 2555 1292 2609 τοῦ
1318 2557 1416 2624 τὴν
1445 2552 1678 2622 Κύζινον
1710 2575 1813 2612 πα-

254 2639 498 2717 ραλαϐεῖν
526 2643 664 2714 μετὰ
711 2643 820 2698 τῶν
869 2646 1185 2700 ἐπισκόπων
1221 2647 1385 2700 αὑτοῦ
1429 2646 1522 2702 καῖ⁵
1567 2649 1662 2704 τοῦ
1681 2637 1811 2704 λαοῦ

249 2731 342 2801 τῆς
365 2732 550 2802 νήσου,
593 2733 689 2786 καὶ
714 2733 986 2788 ποιεῖσθαι
1033 2737 1127 2790 καὶ
1163 2739 1497 2809 χειροτονίας
1537 2739 1700 2811 ἡνίκα
1746 2741 1811 2794 ἂν

251 2821 401 2894 λςίψῃ
441 2823 758 2892 ἐπίσκοπος,
788 2827 926 2900 πρὸς
958 2826 1021 2880 τὸ
1069 2826 1144 2900 μὴ
1191 2828 1468 2882 διαπεσεῖν
1497 2829 1596 2900 τὴν
1621 2829 1814 2886 αὐθεν-

251 2915 365 2969 τὶαν
393 2914 487 2968 καὶ
517 2917 587 2970 τὰ
609 2917 797 2972 δίκαια
841 2921 942 2990 τῆς
974 2918 1202 2992 Κύπρου
1229 2937 1244 2950 ο
1276 2921 1370 2975 καὶ
1401 2921 1509 2992 γὰρ
1537 2921 1630 2976 καὶ
1652 2921 1814 2986 αὐτὸς

1913 751 2071 805 ρευσε
2098 737 2306 800 πάντας
2333 736 2458 800 τοὺς
2479 738 2792 807 Κυπρίους,
2843 738 2937 790 καὶ
2960 737 3281 809 διεπέρασεν
3300 739 3380 802 είς
3403 739 3496 792 τὸν

1913 826 2042 883 ῐδιον
2066 827 2230 880 τόπον
2255 843 2269 858 ⁸
2302 827 2596 880 ἀπέστειλε
2635 827 2695 880 δὲ
2725 826 2820 878 καὶ
2849 829 2878 879 ὁ
2911 811 3164 896 βασιλεὺς
3193 825 3492 898 βασιλικὸν,

1909 901 2005 971 καὶ
2037 917 2330 988 διεπέρασε
2350 959 2366 982 ,
2409 920 2502 972 καὶ
2536 918 2665 982 τοὺς
2708 919 2770 970 ἐν
2804 917 3088 988 Ῥωμανίᾳ
3124 918 3454 987 οἰκήσαντας
3475 955 3493 982 ,

1909 1005 2076 1077 ἤγουν
2097 1005 2155 1060 ἐν
2192 1023 2252 1060 τε
2288 1011 2354 1078 τῇ
2383 1007 2627 1078 Κυζίκῳ,
2659 1009 2756 1062 καὶ
2794 1007 2873 1077 τῷ
2909 996 3368 1078 Κιϐυρραιωτῶν,
3401 1007 3496 1060 καὶ

1909 1093 1988 1165 τῷ
2003 1095 2318 1168 Θρακησίῳ,
2339 1097 2433 1149 καὶ
2448 1097 2718 1168 ἐνιρκίσθη
2737 1099 2772 1166 ὴ
2791 1097 2977 1166 νῆσος.
2994 1097 3108 1152 Hoc
3133 1105 3218 1151 est
3236 1115 3248 1150 :
3276 1093 3402 1148 Post
3420 1111 3492 1149 vn

1911 1201 2076 1240 annos
2127 1188 2380 1255 (auctore
2416 1187 2564 1258 Deo)
2605 1189 2749 1242 stetit
2793 1189 3103 1257 imperatori
3138 1189 3496 1256 redintegrare

1911 1277 2110 1330 civibus
2139 1277 2392 1347 Cyprum.
2427 1277 2601 1332 Proin
2629 1280 2773 1332 misit
2799 1279 2869 1332 ad
2902 1280 3320 1333 Amermumnem
3352 1277 3485 1348 Bag-

1911 1369 2018 1422 dad
2040 1380 2144 1423 tres
2169 1386 2196 1423 e
2219 1370 2479 1438 primaria
2506 1371 2782 1424 nobilitate
2811 1369 2976 1439 Cypri
2996 1367 3495 1439 indigenas_(Phan-

1913 1477 2090 1530 gumes
2129 1463 2484 1528 vocabantur)
2524 1463 2709 1516 addito
2753 1478 2780 1516 e
2825 1463 3083 1516 comitatu
3121 1477 3216 1515 suo
3263 1460 3411 1530 gravi
3446 1470 3493 1512 et

1911 1553 2108 1608 illustri
2136 1554 2248 1609 uiro
2267 1594 2283 1619 ,
2306 1555 2536 1607 scribens
2579 1555 2940 1607 Amermumni
2958 1594 2974 1620 ,
3016 1561 3073 1606 ut
3118 1549 3370 1620 Cyprium
3398 1565 3498 1618 po-

1909 1645 2093 1714 pulum
2135 1645 2189 1698 in
2225 1643 2384 1715 Syria
2415 1644 2994 1698 exsulantem~domum
3037 1643 3346 1696 dimitteret.
3380 1643 3494 1693 An-

1911 1735 2025 1790 nuit
2070 1736 2408 1806 imperatoris
2451 1737 2584 1790 votis
2623 1739 3066 1798 Amermumnes,
3110 1733 3356 1802 misitque
3404 1747 3496 1800 per

1912 1830 2206 1882 universam
2235 1827 2448 1898 Syriam
2495 1829 2690 1881 summi
2742 1829 2970 1882 nominis
3020 1826 3315 1880 Saracenos
3343 1862 3358 1888 ,
3405 1821 3497 1892 qui

1909 1918 2129 1990 Cyprios
2161 1937 2337 1974 omnes
2365 1921 2726 1990 perquirerent
2749 1958 2764 1984 ,
2793 1935 2980 1988 eosque
3006 1919 3057 1971 in
3089 1917 3328 1985 patriam
3349 1915 3494 1992 alite-,-

1908 2019 2115 2079 garent.
2146 2012 2226 2063 Ad
2261 2009 2368 2066 lucc
2407 2011 2548 2066 misit
2592 2011 2882 2080 imperator
2909 2025 2975 2064 ex
3007 2008 3132 2062 aula
3165 2009 3369 2072 uirum,
3404 2012 3500 2076 qui

1907 2103 1964 2156 in
1985 2103 2240 2172 pristinas
2260 2105 2405 2158 sedes
2433 2105 2772 2168 amandaret,
2802 2113 3056 2174 quotquot
3085 2119 3112 2156 e
3139 2101 3354 2174 Cypriis
3385 2097 3488 2154 Ro-

1909 2195 2162 2258 maniam,
2190 2193 2461 2265 Cyzicum,
2491 2195 2664 2248 thema
2691 2193 3184 2265 Cibyrrhazoticum,
3217 2209 3278 2246 ac
3317 2189 3492 2244 Thra—

1909 2285 2103 2337 cesium
2141 2285 2418 2356 degerent,
2457 2287 2636 2356 sicque
2678 2285 2851 2340 insula
2897 2285 3090 2338 iterum
3134 2284 3488 2353 frequentata.

1909 2381 2099 2432 Aunus
2129 2377 2342 2446 scripta:
2385 2379 2532 2445 pacis
2577 2377 2722 2431 inter
2771 2376 3141 2432 Justinianum
3191 2385 3244 2429 et
3282 2374 3485 2432 llabdi-

1913 2467 2118 2520 nteleclt
2167 2465 2266 2520 fuit
2309 2467 2514 2536 primus
2542 2465 2839 2523 Justiniani
2865 2505 2882 2530 ,
2914 2482 3023 2534 quo
3063 2465 3213 2521 solus
3263 2480 3491 2535 regnare

1910 2559 2105 2628 cwpit.
2134 2559 2238 2613 hoc
2265 2569 2348 2612 est
2377 2557 2579 2613 Christi
2617 2559 2978 2628 Dionysianus
3031 2557 3137 2612 6:35
3158 2597 3173 2620 ,
3221 2557 3484 2627 quemad-

1912 2650 2128 2702 modum
2162 2651 2228 2703 ab
2257 2650 2672 2703 accuratissime
2699 2647 3030 2717 TheOphane
3059 2647 3313 2701 traditum
3342 2663 3358 2712 ;
3387 2661 3490 2700 an«

1913 2752 2018 2792 nus
2041 2740 2230 2809 synodi
2257 2739 2383 2796 680.
2417 2741 2498 2794 Ab
2527 2747 2738 2810 synodo
2767 2739 2928 2806 igitur
2951 2737 3016 2791 ad
3044 2739 3232 2806 patriae
3261 2737 3488 2792 reditum

1913 2833 2234 2902 Cypriorum
2272 2833 2637 2886 intercessere
2660 2830 2784 2884 anni
2817 2829 2879 2894 5,
2903 2829 2995 2898 qui
3039 2828 3396 2895 restituendi,
3435 2837 3494 2880 ut

1912 2928 2120 2996 legatur
2152 2924 2290 2996 μετὰ
2335 2923 2498 2976 πέντε
2527 2921 2623 2992 ἔτη
2675 2936 2773 2991 pro
2807 2920 2946 2992 μετὰ
2977 2920 3117 2973 ἑπτὰ
3149 2921 3268 2990 ἐτη.
3306 2917 3508 2987 Nequc'

249 3005 279 3056 ό
325 3005 694 3072 Ἰουστινιανδς
747 3008 999 3079 βασιλεὺς
1057 3009 1304 3082 Κύπριος
1357 3007 1446 3081 ἦν,
1487 3010 1670 3075 καθὼς
1721 3012 1815 3066 καί

1919 3019 2129 3082 dubita,
2164 3017 2293 3086 quin
2321 3014 3046 3085 cpitogismusinstituendus
3077 3013 3261 3066 habita
3281 3011 3493 3066 ratione

251 3096 398 3167 παρὰ
425 3097 532 3151 τῶν
563 3099 810 3153 παλαιῶν
853 3099 1120 3171 Κυπρίων
1147 3103 1178 3155 ό
1209 3100 1364 3170 λόγος
1395 3101 1556 3173 μέχρι
1586 3103 1686 3172 τῆς
1723 3103 1817 3172 σήν

253 3203 422 3259 μερον
471 3191 870 3263 ἐπεκράτησεν.
909 3191 1079 3246 Ὥστε
1111 3193 1206 3246 καὶ
1245 3193 1456 3264 ὡρίσθη
1485 3194 1544 3247 ὲν
1582 3196 1648 3264 τῇ
1687 3193 1820 3266 ἁγίᾳ

247 3277 378 3350 ἕκτῃ
409 3280 610 3350 συνόδῳ
635 3285 956 3354 χειροτονεῖν
989 3283 1081 3336 τδν
1122 3281 1550 3354 άρχιεπίσκοπον
1587 3282 1818 3353 Κύπρου

235 3370 340 3423 ’τδν
371 3371 470 3440 τῆς
492 3369 736 3436 Κυζίκου
761 3373 1024 3453 πρόεδρον
1049 3388 1064 3404 ⁸
1093 3373 1274 3437 καθὼς
1295 3375 1350 3428 ὲν
1371 3375 1447 3444 τῷ
1465 3371 1547 3426 τθ¹
1565 3373 1698 3446 (lege
1719 3372 1820 3448 λίιν)

253 3462 536 3534 κεφαλαίῳ
560 3464 665 3535 τῆς
695 3465 867 3536 αὐτῆς
891 3466 1053 3534 ἁγίας
1077 3465 1244 3538 ἕκτης
1269 3466 1487 3522 συνόδου
1515 3469 1822 3540 ἀναγέγρα-

245 3571 404 3610 πται.
455 3555 570 3613 Hoc
600 3549 684 3614 est
718 3575 732 3613 :
783 3557 1052 3629 Occupata
1081 3559 1260 3615 insula
1297 3559 1362 3613 ab
1405 3560 1741 3627 Sarracenis,
1771 3569 1822 3616 et

247 3655 424 3704 annos
451 3665 526 3705 ut
559 3652 671 3705 sine
705 3651 968 3722 indigenis
1013 3663 1274 3716 manente,
1311 3669 1431 3708 cum
1469 3653 1824 3709 diversaretur

242 3743 484 3798 Joannes
539 3744 958 3816 archiepiscopus
1016 3762 1117 3800 sua
1171 3761 1290 3799 cum
1344 3744 1490 3816 plebe
1564 3746 1710 3816 regia
1767 3746 1823 3803 in

243 3835 398 3902 urbe,
443 3850 510 3890 ea:
550 3838 870 3892 auctoritate
899 3835 1196 3892 Iustiniani
1231 3837 1367 3907 Aug.
1421 3837 1474 3890 in
1547 3845 1732 3891 sancta
1767 3853 1822 3893 Vt

241 3928 452 3998 synodo
494 3927 781 3992 decretum,
831 3936 890 3982 ut
933 3926 1126 4000 Cyzico
1167 3939 1580 3999 pra'poneretur,
1612 3929 1826 4001 ejusque

237 4017 538 4086 provincia
561 4017 841 4087 episcopis,
868 4033 930 4072 ac
949 4017 1162 4087 populo,
1199 4034 1492 4090 manusque
1522 4019 1826 4089 impositio-

239 4127 367 4164 nem
403 4119 794 4180 exsequeretur,
845 4125 908 4164 ne
947 4110 1220 4180 deﬁciente
1265 4111 1508 4180 episcopo
1553 4111 1825 4167 interirent

236 4201 492 4268 deinceps
527 4199 820 4254 auctoritas
861 4209 912 4255 et
938 4201 1062 4270 iura
1101 4200 1286 4272 Cypri.
1329 4199 1454 4271 Ipse
1480 4205 1620 4257 enim
1647 4203 1824 4259 Justi-

214 4291 449 4357 ,nianus
499 4289 724 4360 Cyprius
767 4298 904 4356 erat,
939 4301 993 4344 ut
1044 4291 1186 4344 avita
1217 4287 1536 4364 Cypriorum
1581 4291 1731 4362 fama
1770 4295 1826 4350 in

1919 3109 2047 3164 anni
2084 3107 2274 3178 synodi
2303 3122 2377 3171 vt,
2411 3123 2518 3160 non
2551 3121 2680 3160 vero
2715 3104 3046 3174 quinisestze
3067 3144 3084 3170 ,
3117 3114 3320 3158 coactte
3346 3117 3494 3158 anno

1919 3199 2045 3264 69l,
2068 3213 2188 3264 quae
2211 3197 2356 3267 quod
2379 3195 2816 3266 supplementum
2842 3209 2870 3247 v
2899 3203 2952 3248 et
2979 3209 3026 3246 vt
3049 3195 3262 3264 synodi,
3290 3193 3493 3248 idcirco

1921 3289 1976 3342 in
2011 3304 2061 3342 vt
2088 3287 2297 3357 synodo
2321 3296 2568 3342 sanctum
2594 3283 2697 3338 dici
2729 3284 3005 3355 potuerit,
3035 3287 3178 3351 quod
3219 3298 3406 3353 reapse
3440 3285 3494 3337 in

1922 3379 2228 3449 qniuisexta
2259 3419 2275 3444 ,
2306 3378 2467 3432 annis
2496 3376 2706 3432 scilicet
2739 3377 2799 3430 ιι
2841 3385 2982 3446 post.
3017 3375 3071 3430 ld
3113 3378 3156 3431 si
3191 3377 3492 3438 arbitrere.

1921 3482 2017 3526 aut
2059 3471 2300 3540 stuporis
2357 3483 2555 3538 arguas
2604 3467 2979 3522 doctissimum
3037 3467 3343 3532 Caesarem,
3401 3477 3498 3522 aut

1923 3571 2166 3617 monstra
2199 3559 2295 3620 tibi
2331 3560 2530 3628 paries.
2567 3559 2708 3625 Quid
2753 3557 2938 3612 enim?
2975 3557 3318 3614 Justinianus
3363 3574 3496 3612 con~

1924 3657 2110 3712 stitnta
2153 3653 2323 3710 semel
2369 3667 2500 3722 pace
2547 3666 2671 3704 cum
2734 3650 3126 3704 llabdnnclech
3173 3664 3314 3704 atmo
3355 3649 3496 3714 685,

1924 3762 2067 3802 anno
2096 3745 2234 3811 690,
2273 3744 2364 3814 qui
2398 3743 2433 3796 6
2465 3742 2583 3810 ejus
2615 3742 2758 3810 regni
2792 3741 2859 3794 ab
2877 3755 3108 3795 excessu
3143 3741 3490 3794 Constantini

1926 3839 2118 3908 patris,
2152 3836 2312 3903 fregit
2342 3835 2512 3897 illaut,
2537 3833 2809 3902 iussitque
2842 3831 3142 3901 demigrare
3170 3833 3364 3886 iterum
3393 3833 3500 3903 Cy-

1927 3931 2074 4000 prios
2106 3944 2173 3984 ex
2203 3927 2403 3992 insula,
2435 3939 2555 3996 qua
2589 3925 2786 3994 partim
2819 3922 2947 3987 sibi,
2979 3925 3174 3992 partim
3208 3922 3500 3979 llabdime~

1925 4020 2042 4075 lecb
2069 4018 2319 4083 serviret,
2349 4015 2495 4086 quod
2527 4029 2698 4070 unum
2727 4029 2790 4068 ex
2819 4013 2966 4083 pacis
2995 4013 3172 4067 fuerat
3192 4011 3503 4081 capitibus?

1927 4111 2194 4184 (Tlteoplt.
2239 4111 2310 4169 in,
2337 4106 2568 4178 Chron.)
2619 4105 2737 4184 Jaut
2773 4107 2820 4160 si
2856 4120 3000 4160 anno
3035 4101 3138 4160 690
3171 4106 3318 4174 pacis
3357 4105 3503 4176 leges

1927 4203 2175 4268 violata,
2209 4200 2482 4270 domoque
2513 4196 2721 4268 egressi
2759 4195 2976 4266 Cyprii,
3016 4194 3061 4250 si
3094 4209 3237 4248 anno
3268 4192 3368 4248 69l
3405 4193 3504 4248 ha-

1927 4291 2326 4364 bita'synodus
2374 4289 2722 4359 quinisexta,
2781 4286 2872 4339 ubi
2931 4285 3274 4354 septenniuut
3336 4284 3500 4348 illud,

233 4381 387 4437 hunc
428 4398 592 4453 usque
633 4383 773 4437 diem
809 4383 1087 4454 prcedicat.
1123 4382 1397 4438 Statutum
1433 4386 1637 4453 pariter
1687 4387 1825 4442 iu'u
1859 4389 1902 4444 Ι)
1932 4385 2074 4453 quod
2139 4398 2170 4438 a
2233 4381 2560 4452 Cypriorum
2635 4375 3035 4448 μεταναστάσει
3105 4377 3175 4432 ad
3231 4377 3501 4447 synodum

231 4483 445 4530 sancta
469 4475 691 4544 synodo,
732 4484 791 4528 ut
831 4477 920 4546 qui
959 4473 1142 4546 Cynici
1173 4475 1336 4546 fuerit
1365 4476 1725 4544 metropolita,
1759 4478 1824 4532 ab

237 4567 653 4635 archiepiscopo
697 4565 858 4637 Cypri
901 4568 1336 4638 inauguraretur,
1383 4568 1824 4638 quemadmodum

229 4674 365 4728 cap.
397 4659 472 4714 39
491 4659 656 4729 ipsius
687 4671 888 4714 sancta:
940 4658 1130 4730 synodi
1179 4659 1456 4728 scriptum.
1491 4658 1630 4714 Cum
1662 4675 1827 4731 syno-

227 4750 352 4806 dus
383 4765 444 4804 v1
491 4749 718 4805 coiverit
747 4765 894 4806 anno
917 4749 1044 4814 680,
1091 4765 1215 4804 cum
1251 4748 1434 4820 Cyprii
1460 4749 1624 4805 domo
1653 4750 1829 4806 demi-

226 4843 468 4914 grarint
503 4857 651 4898 anno
681 4842 806 4906 648.
839 4857 948 4898 non
982 4843 1060 4896 illi
1097 4841 1168 4898 ab
1193 4857 1338 4897 anno
1373 4845 1829 4914 μεταναστάσεως

225 4953 364 4994 sua:
391 4937 484 4992 ad-
504 4939 772 5008 synodum
815 4937 964 4992 illam
997 4951 1289 4990 numerare
1339 4935 1615 5005 potuerint
1645 4937 1828 4992 minus

223 5027 420 5082 annis
451 5027 541 5082 δὲ.
582 5027 772 5096 Itaque
799 5041 898 5097 pro
923 5040 1012 5088 eo,
1047 5024 1191 5094 quod
1214 5032 1393 5078 exstat
1428 5021 1521 5078 ἐπὶ
1549 5023 1594 5088 ζ’
1629 5023 1829 5087 ἐτεσιν,

220 5117 660 5174 emendandum
705 5117 798 5170 ἐπὶ
840 5117 921 5186 λβ¹
951 5115 1147 5176 ἐτεσιν.
1183 5111 1365 5184 Pergit
1394 5112 1785 5168 Constantinus
1816 5133 1829 5168 :

215 5210 408 5266 Μετὰ
437 5209 498 5263 δὲ
533 5208 672 5263 ἑπτά
711 5207 808 5280 ἐτη
838 5207 1056 5277 θελήσει
1087 5203 1222 5260 Θεοῦ
1251 5203 1476 5275 ἐκινήθη
1510 5205 1540 5256 ό
1579 5204 1834 5275 βασιλεὺς

217 5301 423 5356 Ιπάλιν
459 5301 686 5370 οἰκῆσαι
717 5300 816 5370 τὴν
845 5297 1093 5369 Κύπρον,
1133 5297 1227 5350 καὶ
1257 5295 1542 5350 ἀπέστειλε
1574 5296 1713 5367 πρὸς
1744 5295 1834 5350 τὸν

230 5391 697 5464 ’Δμερμουμνὴν
718 5389 812 5443 τοῦ
839 5387 1052 5457 Βαγδὰδ
1089 5387 1247 5457 311
1275 5389 1424 5460 τρεῖς
1459 5387 1568 5440 τῶν
1607 5386 1832 5454 ἐνδόξων

213 5483 548 5554 Κυπρίων,
575 5480 902 5552 αὐτόχθονας
927 5478 1030 5550 τῆς
1053 5478 1224 5547 αὐτῆς
1247 5479 1412 5546 νήσου
1445 5479 1832 5547 τυγχάνοντας,

207 5576 394 5638 τοὺς,
427 5573 766 5644 λεγομένους
807 5569 1182 5640 φαγγουμεῖς,
1235 5567 1375 5636 μετὰ
1419 5569 1512 5621 καὶ
1553 5568 1834 5640 βασιλικοῦ

203 5684 398 5732 τινος
453 5664 674 5738 ἀγχίνοι)
723 5663 816 5718 τοῦ
863 5663 956 5717 καὶ
1002 5660 1211 5728 ὲνῖόξου
1249 5659 1460 5732 γράψας
1510 5659 1585 5732 τῷ
1631 5661 1828 5732 Ἀμερ-

1929 4481 2184 4532 uumerat
2205 4469 2599 4527 Constantinus
2619 4467 2645 4521 1’
2661 4465 2766 4520 Sed
2794 4464 2894 4520 lioc
2910 4466 3026 4520 leve
3047 4483 3062 4519 :
3082 4467 3302 4534 gravius
3317 4479 3500 4534 urgeo.

1927 4567 2010 4620 Ab
2051 4577 2196 4618 anno
2229 4561 2367 4627 690,
2415 4575 2522 4630 quo
2565 4573 2718 4613 nova:
2763 4559 2968 4613 oborta:
3011 4557 3320 4611 sintuuates
3363 4557 3505 4611 inter

1927 4651 2297 4706 Justinianum
2365 4655 2421 4706 et
2491 4645 2908 4710 l‘labdimeleclt,
2959 4659 3236 4713 nunquam
3277 4645 3508 4714 amplius

1929 4743 2106 4806 bella,
2149 4739 2388 4808 odiaque
2428 4740 2604 4806 posita
2642 4739 2710 4796 ab
2752 4737 2992 4793 Arabum
3033 4735 3506 4807 Protosyntbolis,

1929 4846 1984 4890 et
2025 4829 2646 4900 Constantinopolitanis
2678 4830 2986 4886 Caesaribus
3007 4870 3024 4896 ,
3069 4831 3212 4885 unde
3241 4829 3512 4886 Christia-

1932 4939 2126 4980 norum
2170 4937 2257 4978 res
2281 4921 2592 4997 deteriores
2615 4920 2670 4975 in
2704 4920 2818 4977 dies
2843 4920 3040 4984 factae,
3078 4921 3255 4978 donec
3293 4923 3508 4978 tandem

1931 5017 2091 5071 sedes
2113 5014 2227 5083 ipsa
2254 5011 2464 5082 imperii
2495 5003 2818 5082 Byzantium
2849 5013 2900 5066 in
2935 5011 3294 5068 Bnrbarorum
3321 4997 3509 5085 tyran-

1933 5107 2113 5162 nidem
2152 5106 2441 5162 concessit.
2480 5094 2739 5173 Itaque’si
2776 5120 2922 5160 anno
2947 5104 3053 5160 690
3091 5107 3284 5162 iterum
3319 5105 3510 5176 Cyprii

1933 5182 2495 5270 patria'exsularunt,
2543 5198 2634 5267 qui
2680 5196 3020 5255 lustiuianus
3057 5199 3342 5268 septennia.
3385 5209 3505 5268 post

1934 5290 2194 5362 paciﬁcos
2235 5288 2501 5358 delegat-it
2541 5289 2912 5344 internuntios
2957 5289 3028 5344 ad
3081 5288 3504 5355 liabdimelecb,

1934 5385 2153 5458 quando
2173 5397 2298 5438 cum
2331 5397 2417 5448 eo,
2443 5382 2595 5451 jacto
2625 5383 2794 5438 semel
2831 5382 3243 5438 inimicitiarum
3277 5381 3512 5449 semine,

1936 5489 2217 5546 nunquam
2271 5473 2507 5542 amplius
2549 5473 2602 5526 itt
2673 5473 2974 5527 amicitiam
3022 5471 3291 5535 reditum,
3331 5485 3511 5553 aeque

1937 5583 2079 5622 anno
2109 5565 2210 5620 697
2248 5567 2361 5643 ipse
2388 5563 2734 5643 Iustinianus
2768 5563 3352 5632 Constantinortolitani
3387 5579 3507 5618 δειε-
3614 5556 3638 5576 ‘

1937 5659 2042 5732 ptri
2059 5657 2358 5736 potiretur,
2387 5657 2477 5713 scd
2510 5655 2766 5729 Leontius
2789 5697 2804 5722 ,
2845 5672 2871 5710 a
2902 5669 3014 5726 quo
3040 5669 3208 5726 regno
3248 5653 3506 5725 abactusl
