3882 6204
389 255 520 321 1211

1268 254 1366 314 DE
1388 255 1649 315 ΑΞΤΑΤΕ
1683 255 1744 316 S.
1779 254 2154 315 GREGORII
2196 251 2706 314 AGRIGENTINI

2745 127 2764 156 \

3496 244 3640 314 121!

382 361 452 416 Ut
499 359 662 432 igitur
697 367 840 414 stent
859 401 876 426 ,
921 374 1045 429 qua:
1077 358 1470 416 Constantinus
1493 361 1709 431 prodit,
1737 363 1960 416 omnino
1987 374 2033 430 Α
2061 376 2140 431 9a:
2163 361 2389 430 episcopi
2411 369 2602 430 priesto
2630 367 2797 413 essent
2823 359 2890 412 ad
2917 357 3174 412 radicitus
3197 357 3492 421 ecelltnda,
3519 376 3630 428 (με

381 449 786 516 amrmandum,
813 447 1040 520 Cyprios
1066 449 1242 504 exsilii
1277 451 1382 516 sui,
1409 451 1568 520 cujus
1597 451 1802 520 epocha
1837 451 1958 504 iniit

379 557 525 596 anno
541 540 667 604 648,
691 555 860 594 annos
893 539 964 594 3'2
1011 541 1390 606 censentibus,
1415 543 1762 614 praepositum
1789 541 1956 596 Ioan-

383 649 504 688 nem
537 631 700 703 Cypri
731 631 1201 701 archiepiscopum
1233 632 1590 701 Hellesponto
1621 633 1916 703 provincite
1937 673 1954 700 ,

385 727 440 782 in
483 739 590 793 qua
615 707 1022 790 ἁύτοκεφαλίας
1046 723 1169 792 jura
1209 735 1510 788 exerceret,
1535 725 1696 794 idque
1727 739 1854 778 vero
1893 739 1955 777 ex

383 815 706 866 auctoritate
753 810 970 864 concilii
1032 826 1082 864 vr
1132 811 1450 864 mcumenici
1485 813 1611 863 antri
1661 808 1764 862 680
1797 809 1958 876 quin-

384 901 627 970 quennio
656 907 798 969 post,
833 914 978 954 anno
1009 897 1221 953 scilicet
1255 895 1360 951 685
1392 897 1604 964 patrios
1639 894 1780 949 lares
1818 892 1958 947 revi-

387 993 531 1048 sisse
569 991 700 1057 imp.
735 989 1024 1045 Iustiniani
1063 1001 1228 1055 opera
1251 1025 1265 1050 ,
1299 987 1392 1056 qui
1428 1000 1546 1040 eam
1581 987 1648 1038 ad
1677 999 1792 1037 rem
1829 998 1963 1038 ora~

389 1091 536 1136 tores
575 1080 783 1134 miserit
819 1080 884 1132 ad
926 1078 1311 1132 Hahdimelech
1333 1117 1348 1141 ,
1373 1076 1578 1146 quibus
1603 1073 1832 1130 feliciter
1861 1073 1958 1127 ad-

389 1170 606 1224 modum
639 1170 773 1224 exiit
813 1169 1030 1234 legatio.
1079 1168 1420 1236 Quapropter
1459 1167 1560 1236 (ut
1605 1166 1657 1220 itt
1695 1165 1836 1218 viam
1880 1177 1971 1216 rev

387 1260 545 1314 deam
593 1260 680 1326 (si
725 1275 932 1330 passus-
975 1259 1606 1328 Constavttinopolltanus
1654 1255 1892 1326 pontifex
1930 1268 1962 1312 e

391 1352 719 1420 patriarchia
765 1366 860 1406 sua
891 1351 1074 1405 divelli
1125 1351 1415 1403 maximam
1461 1345 1792 1414 Hellesponti
1835 1360 1962 1415 pro-

391 1441 624 1496 vinciam
655 1480 671 1504 ,
704 1443 757 1494 in
792 1456 894 1508 qua
925 1437 1163 1493 Ioannes
1201 1436 1719 1506 archiepiscOpalem
1751 1445 1961 1505 gereret

391 1533 794 1600 magistratum,
830 1530 1020 1599 quidni
1051 1569 1066 1594 ,
1097 1536 1388 1597 antequam
1420 1538 1625 1581 mactus
1661 1527 1747 1580 illa
1776 1524 1958 1590 fuerit,

395 1622 666 1678 exstincto
697 1619 936 1676 Sardicae
965 1622 1222 1690 episcopo
1240 1661 1254 1683 ,
1279 1635 1340 1673 ea
1373 1618 1474 1673 sibi
1509 1617 1749 1672 Ecclesia
1775 1615 1961 1671 crede-

2060 451 2369 505 exstitrrant
2402 450 2636 503 zizania.
2666 447 2896 518 Insuper
2938 461 3061 502 cum
3118 447 3234 502 haec
3280 462 3406 501 mos
3446 447 3630 512 addit,

2059 539 2336 608 praeterito
2399 539 2621 606 insuper
2671 535 2901 607 Augusti
2965 535 3188 590 nomine
3231 553 3246 589 :
3299 533 3395 590 Ita
3445 535 3636 591 multas

2059 627 2517 697 Constantinopoli
2547 633 2728 695 beatus
2759 627 2836 682 vir
2863 625 3028 680 edidit
3059 642 3178 680 cum
3209 625 3284 680 ad
3309 627 3592 680 dicendum
3619 668 3636 690 ,

2059 731 2168 774 tum
2199 721 2268 778 ad
2306 719 2634 774 laudandum
2677 723 2992 790 compositas
3037 721 3421 786 orationes,-ut
3459 719 3536 774 uel
3570 720 3640 774 ad

2059 810 2294 878 piissimi
2335 810 2672 877 imperatoris
2721 811 2889 863 nostri
2924 825 3078 872 aures
3125 809 3272 877 fama
3312 809 3642 880 pervaderet.

2063 899 2343 956 Hactenus
2371 915 2434 954 ea
2462 900 2527 954 de
2556 900 2818 970 Gregorio
2841 908 3032 955 narrat
3051 898 3343 966 Leonius,
3365 916 3492 969 qua
3515 911 3647 956 ante

2059 989 2353 1045 concilium
2402 999 2597 1060 gesta;
2649 1005 2776 1042 nam
2821 989 3005 1069 statim
3053 989 3298 1059 excipit:
3345 987 3482 1044 Inde
3523 1001 3646 1059 post

2061 1080 2251 1136 muitos
2287 1080 2397 1134 dies
2425 1075 2626 1134 adsunt
2653 1081 2888 1150 episcopi
2906 1079 3322 1151 Alexandrinus,
3357 1081 3649 1134 Antioche-

2061 1189 2179 1239 nus,
2213 1172 2509 1228 Orientales
2542 1189 2720 1227 omnes
2747 1191 2762 1227 :
2805 1173 3078 1227 Romanus
3103 1174 3458 1242 vero,quippe
3494 1172 3652 1242 graui

2061 1263 2239 1317 morbo
2277 1263 2549 1325 detentus,
2585 1262 2819 1316 libellum
2863 1263 3025 1316 mittit
3053 1263 3270 1332 propria
3298 1277 3466 1314 manu
3523 1271 3657 1314 coss;

2059 1353 2467 1424 scriptum-Sed
2507 1353 3038 1427 aliquandotandem
3066 1354 3412 1424 imperatoris
3433 1367 3653 1407 nomen

2061 1447 2266 1516 prodit,
2289 1461 2415 1499 cum
2438 1458 2498 1498 ea
2522 1443 3004 1515 exsequitur,qua
3023 1454 3145 1515 post
3173 1445 3444 1515 synodum
3475 1453 3608 1498 acta
3633 1451 3673 1498 ς’

2063 1535 2314 1605 Confecta
2351 1551 2506 1604 porro
2541 1534 2861 1604 (inquiens)
2897 1545 3240 1590 sacrosancta
3278 1537 3478 1606 synodo
3513 1534 3660 1590 Gre-

2059 1625 2208 1698 gorio
2224 1640 2400 1678 omnes
2419 1625 2778 1694 gratulari....
2803 1633 2858 1678 at
2875 1633 3070 1694 preter
3088 1636 3303 1680 crateras
3336 1625 3672 1680 incredibile-

391 1724 545 1770 retur
567 1754 582 1777 ,
633 1714 726 1768 ubi
768 1713 1238 1781 archiepiscopum
1275 1719 1491 1780 ageret,
1535 1722 1708 1778 eoque
1748 1707 1918 1775 συθείς
1941 1743 1957 1768 r
1991 1714 2032 1768 Β
2062 1719 2194 1787 cepit
2226 1733 2292 1770 ea:
2322 1717 2531 1771 homine
2562 1717 2881 1771 desiderium
2915 1718 3186 1787 piissimus
3222 1719 3513 1786 imperator
3549 1734 3680 1770 κου’

393 1805 540 1875 quod
567 1814 678 1860 tum
715 1805 982 1872 temporis
1005 1803 1328 1858 Iustiniano:
1355 1803 1370 1855 1
1403 1800 1658 1856 exarchia
1692 1815 1726 1853 a
1757 1797 1958 1853 Roma-

2057 1819 2164 1864 ster
2191 1806 2554 1872 Iustinianus,
2588 1817 2904 1877 senatusque
2924 1810 3222 1862 universus.
3245 1806 3326 1861 Ex
3355 1808 3460 1862 hoc
3496 1809 3654 1878 quod

393 1895 816 1968 napatriarchia
845 1893 1136 1958 defecerat,
1170 1888 1958 1962 atqueConstantinOpoIitana:
2054 1895 2351 1953 caietan'us
2410 1897 2615 1967 ρυιει-ῑι
2648 1937 2665 1962 ,
2732 1899 2985 1952 eumdem
3046 1897 3193 1954 hunc
3253 1899 3654 1968 imperatorem

393 1991 733 2060 adjudieata,
783 1988 860 2041 uti
909 2002 1029 2040 mox
1075 1986 1288 2040 dicam?
1330 1983 1452 2036 Ilaec
1484 1983 1662 2036 lucum
1703 1995 1808 2035 non
1858 1979 1958 2034 ha-

391 2083 522 2136 bent
555 2079 906 2134 mcumenicse
934 2093 962 2126 v
996 2075 1184 2146 synodi
1217 2073 1582 2144 temporibus;
1623 2086 1747 2126 cum
1778 2069 1959 2140 Cypro

393 2171 538 2225 nulla
569 2170 862 2239 importata
899 2182 926 2220 a
956 2167 1206 2220 liarbaris
1229 2165 1534 2228 calamitas,
1565 2151 1966 2229 mansne'toque

391 2258 980 2329 Constantinopolitaui
1033 2257 1381 2326 imperatoris
1429 2266 1644 2325 sceptro
1689 2253 1954 2308 obediret.

390 2350 533 2418 Quid
561 2351 728 2419 igitur
749 2357 917 2404 restat
937 2386 952 2412 ,
979 2357 1037 2401 ut
1075 2347 1232 2416 plane
1259 2347 1610 2425 amrmemus,
1643 2344 1958 2416 Gregorium

391 2445 604 2515 synodo
625 2457 678 2496 vr
707 2441 1056 2496 meumenictu
1080 2438 1392 2494 interfuisse
1413 2480 1427 2501 ,
1459 2437 1512 2491 in
1543 2453 1651 2508 qua
1681 2437 1960 2498 Mortotheo

393 2535 612 2588 litarum
642 2531 864 2587 haeresis
896 2530 1222 2600 proscripta,
1254 2538 1416 2598 atque
1449 2543 1580 2583 orco
1613 2527 1790 2582 devoti
1829 2525 1958 2580 Ser-

392 2629 535 2698 gius,
572 2625 836 2698 Pyrrhus,
861 2623 1085 2688 Paulus,
1121 2622 1314 2677 Petrus
1341 2619 1957 2690 Constantinopolitani,

393 2721 566 2792 tlyrns
594 2717 1034 2783 Alexandrinus,
1079 2716 1402 2770 Theodorus
1439 2714 1804 2769 Faranitanus
1845 2712 1961 2782 epi-

391 2809 540 2879 scopi
560 2807 1031 2862 Monothelitarum
1053 2805 1254 2874 capita,
1271 2811 1506 2873 quorum
1535 2803 1742 2872 aliquot
1759 2801 1962 2856 diserte

397 2900 662 2963 nominat,
698 2913 824 2952 cum
859 2895 1691 2964 Leontius,tumMetaphrastes,
1721 2903 1774 2948 et
1791 2895 1966 2963 epito-

397 3001 604 3045 mastes
655 2991 828 3044 Vitae:
887 2997 944 3042 nt
993 2987 1198 3042 frustra
1247 2988 1320 3042 sit
1363 2986 1677 3050 Caietanus,
1717 2986 1810 3054 qui
1860 2985 1963 3039 hoc

395 3073 577 3153 ipsum
603 3121 618 3146 ,
649 3080 794 3152 quod
835 3079 902 3134 ad
933 3094 1152 3135 causam
1187 3093 1343 3134 suam
1372 3091 1479 3132 non
1509 3077 1871 3143 conduceret,
1906 3075 1962 3130 in

395 3171 768 3242 suspicionem
807 3168 1059 3224 vocarit?

473 3261 708 3316 XXVIII.
753 3259 858 3316 Sed
887 3274 1013 3315 ecce
1044 3299 1058 3322 ,
1098 3257 1276 3323 inquit
1302 3257 1614 3318 Caietanus,
1649 3253 1832 3310 adhuc
1858 3251 1965 3306 fui.

397 3369 551 3410 crum
577 3360 862 3422 superest,
899 3365 1009 3419 quo
1035 3347 1300 3403 sententia
1332 3347 1588 3401 fulciatur
1623 3344 1690 3398 de
1717 3342 1963 3418 Gregorii

400 3443 520 3498 Vita
545 3445 648 3498 sub
671 3441 979 3495 Iustiniano
1001 3442 1023 3493 I
1050 3441 1187 3510 Aug.
1219 3453 1472 3508 procusa,
1494 3444 1778 3506 quatenus
1795 3435 1849 3488 in
1871 3449 1966 3489 eo-

403 3535 524 3586 dem
560 3529 774 3585 Leontii
807 3527 1213 3582 Commentario
1249 3535 1356 3578 tam
1399 3521 1690 3578 manifesto
1730 3519 1964 3590 legitur,

401 3624 552 3680 illum
601 3623 704 3678 sub
757 3635 824 3675 eo
872 3617 1184 3676 Iustiniano
1221 3617 1458 3680 vixisse,
1511 3628 1621 3685 quo
1667 3615 1970 3684 imperante

401 3731 602 3785 magna
641 3711 884 3784 synodus
919 3709 1104 3764 habita
1150 3705 1670 3776 Constantinopoli,
1714 3705 1860 3776 quod
1900 3705 1968 3760 de

400 3819 512 3860 uno
533 3799 843 3856 Iustiniano
873 3799 893 3853 I
920 3795 1176 3852 aIIirmari
1203 3795 1398 3865 possit,
1422 3794 1528 3849 sub
1553 3809 1662 3864 quo
1689 3801 1906 3864 peracta
1936 3808 1967 3845 v

401 3894 646 3969 synodus
670 3889 1038 3954 meumenica;
1068 3903 1194 3942 nam
1228 3903 1276 3942 vt
1313 3887 1599 3951 convenit,
1630 3901 1755 3942 cum
1786 3901 1966 3942 rerum

399 3983 871 4052 Constantinopoli
903 3982 1170 4052 potiretur
1197 3979 1595 4036 Constantinus
1631 3979 1981 4051 Pogonatus..

402 4085 629 4140 Scilicet
671 4081 778 4137 hoc
815 4093 1048 4149 magnus
1075 4076 1164 4130 ille
1207 4076 1444 4130 Achilles
1483 4085 1927 4145 argumentorum
1950 4114 1966 4140 ,

399 4195 510 4252 quo
541 4169 832 4235 C'aietanus
854 4174 938 4230 vel
960 4173 1108 4228 mille
1137 4173 1397 4228 Hectoras
1419 4180 1763 4241 prosternere
1793 4172 1989 4229 conti-.

401 4273 501 4327 dit.
531 4269 670 4337 Quid
697 4270 863 4338 igitur
883 4265 1077 4338 agam?
1111 4265 1330 4320 Christe
1356 4263 1498 4319 Deus
1521 4305 1536 4328 ,
1587 4263 1746 4318 Iidem
1783 4274 1930 4318 tuam
1951 4304 1967 4328 ,

2059 1989 2224 2044 fuisse
2278 1989 2370 2058 qui
2413 1989 2681 2060 Gregorio
2709 1988 3035 2058 gratulatus,
3061 1996 3226 2058 atque
3254 1989 3410 2044 illum
3452 1991 3547 2058 qui
3601 1999 3656 2044 et

2057 2079 2346 2134 concilium
2368 2079 2550 2148 jussit,
2590 2085 2646 2133 et
2679 2078 2746 2133 de
2779 2077 3028 2149 Gregorii
3070 2079 3276 2134 virtute
3311 2079 3510 2133 famam
3543 2094 3650 2134 ex-

2059 2170 2298 2240 ceperit,
2331 2179 2389 2224 ιιι
2422 2169 2548 2224 inde
2583 2168 2838 2226 conﬁciat
2861 2207 2876 2234 ,
2911 2168 3221 2225 Iustiniano
3271 2170 3288 2224 1
3327 2169 3655 2226 Constanti-

2060 2261 2240 2331 nopoli
2285 2261 2592 2330 imperante
2620 2259 2810 2315 eadem
2844 2258 2898 2314 in
2941 2260 3076 2315 urbe
3110 2260 3460 2315 diversatum
3501 2259 3644 2318 Gre.

2059 2353 2306 2424 goritnn,
2345 2365 2520 2420 eoque
2561 2351 2872 2406 interfuisse
2917 2351 3125 2422 synodo
3166 2367 3199 2405 v
3247 2353 3652 2416 mcumenicse,

2063 2443 2214 2499 nullo
2250 2443 2413 2498 modo
2458 2440 2797 2510 probandus.
2840 2441 2898 2497 Si
2929 2441 3220 2496 Iustiniani
3266 2442 3402 2512 Aug.
3436 2456 3652 2496 nomen

2061 2533 2380 2604 protulisset
2421 2532 2721 2599 Leontius,
2753 2551 2878 2589 cum
2917 2535 3002 2588 vel
3041 2535 3310 2604 synodum
3342 2532 3654 2598 indixisse.

2059 2625 2145 2680 vel
2177 2624 2377 2679 famam
2418 2625 2696 2680 inaudisse
2723 2625 2972 2694 Gregorii
3001 2634 3268 2680 memorat
3290 2663 3308 2688 ,
3332 2633 3483 2679 certe
3512 2625 3646 2694 qui-

2061 2716 2184 2773 dem
2215 2729 2393 2780 esset,
2422 2733 2519 2772 cur
2555 2717 2753 2772 met-ito
2791 2717 3201 2772 sanctissimum
3248 2716 3528 2772 hominem
3575 2716 3650 2771 ad

2062 2807 2354 2865 Iustiniani
2381 2807 2400 2862 l
2429 2818 2670 2878 tempora
2695 2818 3010 2865 revocaret:
3045 2809 3308 2864 sedenim
3333 2807 3478 2880 quod
3503 2807 3648 2862 illud

2061 2911 2294 2968 usurpat
2331 2901 2384 2953 in
2421 2915 2604 2954 rerum
2645 2901 2980 2964 narratione,
3017 2913 3139 2969 quae
3171 2913 3422 2969 magnam
3467 2913 3644 2968 syno-

2065 2991 2190 3044 dum
2223 3001 2528 3046 consecuta:
2552 3032 2566 3057 ,
2627 2992 2795 3046 libere
2852 2991 3119 3055 dicimus,
3158 2989 3459 3047 foedissimo
3499 2988 3648 3044 vitio

2064 3080 2314 3136 laborare
2333 3081 2536 3152 egregii
2565 3083 2665 3136 viri
2695 3081 3036 3153 Opinionem.
3063 3081 3236 3137 Porro
3265 3080 3401 3138 illud
3422 3092 3648 3137 constat

2064 3185 2130 3226 ex
2151 3169 2478 3241 Theophane
2499 3173 2909 3228 accuratissime
2931 3171 3242 3239 Graecarum
3269 3187 3454 3228 rerum
3501 3171 3649 3227 scri-

2065 3269 2244 3334 ptore,
2274 3259 2647 3318 Iustinianttm
2675 3261 2721 3317 ll
2744 3279 2772 3316 a
2801 3273 2955 3334 patre
2977 3265 3338 3318 Constantino
3359 3262 3650 3332 Pogonato

2066 3354 2375 3426 Augustum
2407 3355 2800 3420 renuntiatum,
2836 3371 2901 3410 ea
2956 3355 3224 3426 dignitate
3251 3353 3445 3424 ejectis
3474 3351 3652 3406 Hera-

2067 3446 2176 3502 clio
2235 3454 2287 3500 et
2331 3443 2552 3500 Tiberio
2603 3445 2869 3501 fratribus
2897 3485 2912 3510 ,
2957 3461 3102 3500 anno
3138 3444 3354 3514 imperii
3403 3445 3492 3498 sui
3543 3444 3654 3506 1‘5,

2067 3537 2212 3604 quod
2261 3537 2395 3606 iniit}
2439 3551 2589 3592 anno
2655 3536 2796 3602 668,
2847 3551 3037 3592 mense
3079 3534 3242 3591 Iulio.
3289 3535 3428 3589 Cum
3479 3535 3656 3604 igi.ur

2069 3642 2253 3682 mense
2273 3625 2417 3682 Iulio
2440 3627 2565 3680 anui
2597 3627 2701 3682 680
2751 3627 3146 3682 Constantinus
3192 3627 3333 3695 Aug.
3367 3625 3524 3697 regni
3561 3625 3653 3680 sui

2068 3733 2270 3772 annum
2317 3719 2384 3772 t5
2433 3717 2739 3780 inchoarit,
2784 3720 2972 3772 eodem
3017 3731 3160 3771 anno
3203 3715 3519 3778 desinente,
3566 3715 3654 3768 vei

2068 3823 2213 3866 novo
2253 3809 2350 3864 081
2397 3809 2450 3864 in
2497 3809 2708 3878 imperii
2759 3809 3097 3864 consortium
3131 3807 3340 3863 ascitus
3377 3804 3656 3860 Iustinia-

2069 3917 2174 3956 nus
2208 3899 2270 3956 F.
2307 3910 2545 3967 apatre,
2579 3901 2680 3954 hoc
2708 3911 2812 3964 εει,
2848 3900 3090 3954 nondum
3129 3898 3340 3971 synodo
3372 3895 3652 3950 confecta.

2072 3993 2186 4048 Huc
2211 4003 2278 4059 let
2314 3993 2442 4046 illud
2477 3991 2717 4058 accedit,
2760 3991 2942 4046 datam
2981 3990 3178 4046 Iuanni
3232 3988 3398 4060 Cypri
3461 3987 3654 4042 archi-

2077 4083 2336 4154 episcopo
2385 4082 2788 4152 Hellespontum
2831 4082 3167 4153 provinciam
3220 4095 3271 4134 vr
3302 4079 3354 4141 in
3395 4078 3649 4150 synodo,

2071 4185 2294 4229 auctore
2337 4159 2645 4229 Iustiniano
2679 4171 3071 4236 Rhinutmeto,
3111 4172 3255 4242 quod
3291 4170 3494 4224 diserte
3531 4177 3654 4222 tra-

2071 4266 2244 4322 ditum
2299 4281 2330 4320 a
2372 4265 2734 4322 Constantino
2789 4263 3303 4336 Porphyrogenneta
3354 4260 3530 4328 capite
3577 4259 3653 4314 Π

398 4361 619 4418 Christe
665 4358 832 4423 Deus,
869 4372 972 4428 ago
1017 4355 1114 4412 tibi
1156 4355 1393 4427 gratias,
1441 4369 1611 4423 supra
1668 4369 1833 4425 quam
1875 4353 1985 4410 diei
2016 4367 2062 4424 υ
2089 4357 2162 4411 De
2213 4357 2358 4410 adm.
2407 4356 2534 4426 imp.
2583 4371 2613 4409 a
2665 4355 2823 4410 nobis
2867 4363 3025 4408 antea
3077 4353 3284 4423 integre
3330 4349 3596 4421 producto
3633 4365 3652 4400 :

401 4461 582 4524 queat,
609 4452 797 4506 maxin
813 4466 874 4505 as
899 4465 912 4481 ·
986 4463 1182 4502 am'atn
1209 4463 1407 4502 numen
1435 4447 1609 4502 sentio
1638 4459 1817 4514 tuum,
1857 4463 1971 4518 quo

403 4545 656 4615 perfusus
685 4539 928 4598 Caretani
967 4554 1130 4594 veroa
1175 4540 1321 4593 nullo
1355 4539 1578 4594 omnino
1621 4539 1823 4595 diluam
1873 4554 1973 4595 ne-

403 4635 570 4706 gotio.
616 4633 944 4689 Evnlvamus
977 4629 1190 4686 Leontii
1233 4628 1552 4698 Ilistoriam,
1581 4615 1837 4702 illudque
1876 4646 1973 4686 ex-

404 4728 723 4796 pendamus,
755 4725 1037 4797 ecquando
1066 4724 1230 4794 312
1251 4724 1602 4805 imperatoris
1629 4738 1827 4778 nomen
1857 4722 1971 4792 pri-

405 4833 496 4872 mo
523 4818 839 4886 prodiderit,
867 4825 927 4871 ut
953 4816 1171 4870 tandem
1202 4815 1332 4868 illud
1357 4823 1556 4884 pateat,
1581 4830 1744 4884 quam
1769 4815 1974 4884 impro-

407 4910 472 4962 be
499 4908 788 4964 Caietanus
811 4924 879 4963 ex
901 4924 966 4962 eo
991 4909 1351 4972 contenderit,
1373 4907 1696 4977 Gregorium
1725 4915 1970 4963 nostrum

405 5001 626 5066 duxisse
647 5017 820 5054 actutm
863 5000 968 5055 sub
989 4997 1294 5053 Iustiniano
1323 4997 1362 5051 Ι.
1415 4997 1558 5054 Sane
1590 4999 1970 5068 imperatorem

404 5095 582 5166 primo
618 5091 802 5146 laudat
822 5089 1103 5152 Leontius,
1137 5091 1300 5144 tacito
1333 5098 1512 5144 tamen
1551 5091 1773 5144 nomine
1799 5131 1814 5154 ,
1848 5107 1970 5144 cum

407 5185 598 5240 scrihit
623 5203 636 5238 :
667 5181 798 5237 Inde
821 5189 936 5253 post
968 5181 1169 5250 aliquot
1196 5180 1306 5236 dies
1335 5197 1426 5251 per
1455 5177 1860 5236 Constantinum
1887 5199 1973 5252 pe-

407 5278 490 5334 tiit
532 5273 900 5346 (Gregorius)
931 5271 996 5326 ab
1031 5265 1452 5343 archiepiscopo,
1505 5283 1560 5326 ut
1589 5273 1757 5353 ipsum
1793 5274 1975 5342 fausta

404 5378 651 5440 precatus
691 5367 979 5422 dimitteret
1014 5379 1034 5419 :
1081 5365 1125 5418 is
1170 5382 1285 5419 vero
1317 5363 1624 5437 Gregorium
1661 5368 1974 5420 accersitum

409 5473 578 5529 rogat,
615 5473 916 5530 exspectare
946 5458 1065 5513 velit
1103 5458 1534 5528 aliquantulum:
1577 5459 1844 5512 inimicum
1880 5458 1974 5510 Ito-3

405 5548 600 5604 minent
635 5549 688 5602 in
717 5548 884 5602 medio
921 5547 1084 5600 tritici
1115 5545 1385 5600 catholij
1417 5544 1664 5600 Ecclesim
1694 5546 1994 5600 seminasse-

418 5638 623 5692 tisania
649 5641 962 5696 :mundassc
983 5639 1278 5710 piissimum
1312 5639 1695 5710 imperatorem,
1731 5649 1784 5692 ut
1823 5637 1973 5692 colle-

2072 4441 2320 4518 Ἐγένετο
2339 4447 2619 4524 οικιινομιᾳ
2643 4445 2793 4517 παρὰ
2818 4443 2914 4499 τοῦ
2946 4444 3215 4515 βασιλέως
3247 4437 3634 4495 Ἱουστινιανοῧ

2071 4541 2130 4594 ὲν
2157 4542 2224 4612 τῇ
2250 4539 2382 4610 ἁγίᾳ
2403 4539 2536 4610 ἕκτῃ
2566 4537 2787 4609 συνόδῳ.
2819 4537 2950 4592 Inde
2980 4537 3040 4592 ﬁt
3067 4533 3468 4596 Iustinianum,
3490 4539 3650 4584 ante

2072 4644 2235 4701 quam
2280 4630 2522 4700 synodus
2555 4629 2962 4694 dimitteretur,
3001 4627 3115 4697 jam
3150 4621 3430 4694 Augustali
3469 4635 3648 4675 orna-

2071 4732 2186 4778 tum
2216 4719 2473 4791 dignitate
2493 4757 2507 4782 ,
2539 4720 2594 4774 in
2626 4719 2785 4788 cujus
2813 4719 3043 4788 gratiam
3094 4716 3410 4772 Constantia
3438 4713 3642 4783 Cypri,

2074 4800 2398 4867 Iustiniana:
2447 4811 2562 4865 sive
2589 4809 3046 4878 Iustinianopolis
3080 4824 3236 4863 nova:
3258 4817 3412 4862 nacta
3438 4818 3641 4859 nomen

2073 4900 2261 4957 eadem
2299 4903 2351 4956 in
2383 4899 2610 4972 synodo.
2639 4900 2812 4970 Negat
2847 4900 2952 4954 hoc
2978 4897 3318 4968 Nicephorus
3353 4896 3445 4950 lib.
3481 4908 3600 4947 ms
3620 4932 3639 4955 ,

2073 5008 2195 5063 cap.
2233 4991 2305 5046 28
2353 4991 2424 5046 Η.
2458 4990 2526 5045 Ε.
2553 5033 2568 5056 ,
2611 4992 2704 5061 qui
2752 4992 2820 5044 ab
2841 4989 3160 5067 Iustiniano
3206 4989 3226 5044 l
3271 4991 3458 5044 nomen
3494 4984 3638 5038 illud

2076 5085 2500 5156 partumfscribit
2523 5085 2746 5138 honoris
2769 5098 2898 5154 ergo
2925 5083 3234 5138 Theodorus
3251 5083 3450 5139 uxoris,
3467 5091 3636 5146 quam

2073 5175 2236 5231 domo
2269 5175 2520 5246 Cypriani
2553 5174 2816 5244 perhibet.
2859 5172 3066 5227 Verum
3091 5189 3200 5227 non
3236 5189 3303 5227 ea
3331 5169 3426 5224 viri
3447 5176 3636 5220 aucto-

2077 5269 2229 5334 ritas,
2284 5276 2345 5323 ut
2373 5267 2454 5320 vel
2484 5265 2733 5336 ingratiis
2767 5281 3059 5320 assensum
3113 5282 3144 5320 a
3177 5281 3264 5342 me
3293 5265 3628 5328 extorqueat.

2074 5359 2162 5414 Ait
2203 5359 2320 5422 ille,
2355 5357 2724 5422 Constanti-at,
2756 5357 2898 5426 quod
2942 5355 3250 5412 Theudor-ae
3283 5357 3415 5423 Aug.
3456 5363 3629 5402 cultas

2075 5452 2403 5522 prtehuerit,
2445 5451 2586 5506 idem
2618 5451 2934 5505 usuvcnisse
2957 5491 2974 5515 ,
3025 5465 3193 5518 atque
3226 5445 3436 5502 Achridi
3459 5439 3626 5495 Iasti-

2077 5544 2225 5598 niani
2265 5543 2404 5612 Aug.
2437 5541 2646 5611 patrias,
2672 5540 3118 5610 archiepiscopali
3149 5540 3352 5594 scilicet
3383 5530 3618 5589 affectam

2077 5633 2336 5704 dignitate
2379 5633 2446 5688 ab
2479 5630 2782 5688 Iustiniano
2815 5631 2866 5699 I,
2907 5631 3050 5702 quod
3086 5629 3368 5685 manifeste
3405 5623 3618 5682 falsum;
