3928 6206
252 291 266 310 ο
361 273 500 338 12:3
603 355 608 360 θ

1732 259 2266 368 DlSSEltTA’l‘lO-

3472 317 3613 382 12M

354 403 480 495 eum
523 391 686 502 longe
737 407 870 502 ante
919 413 1164 474 tempore
1205 407 1544 466 Constantius
1592 417 1941 484 metropolita
1972 429 2170 482 AJiem
2195 423 2260 476 ad
2290 421 2901 496 Iustinianilteutpora
2923 429 3208 497 elevantts,
3236 404 3634 502 opermtamcu

353 483 728 555 αῠτυκέφαλος
759 493 1206 568 archiepiscopus
1231 501 1466 556 audierit
1490 543 1506 564 .
1537 506 1683 573 quod
1715 522 1744 560 a
1778 483 1941 564 nobis

353 573 815 636 demonstratum.
845 583 901 638 Si
925 586 1112 655 lapsus
1137 589 1190 644 in
1221 591 1304 648 via
1327 601 1436 648 tam
1465 595 1649 662 plana,
1674 598 1806 667 quid
1839 599 1941 654 uii-

353 679 502 734 tum,
534 671 622 726 ubi
652 674 918 754 salebrae?
939 677 1126 750 Neque
1150 682 1351 740 desunt
1380 685 1606 754 indicia,
1633 706 1755 758 quae
1777 689 1940 748 Nice-

350 759 513 832 phori
551 765 1032 842 hallucinationem
1061 774 1340 844 detegant.
1367 777 1657 836 Enimvero
1696 790 1806 838 tres
1837 799 1940 837 nu-

354 865 640 912 merantur
661 856 984 918 Justinianae
1017 883 1031 918 ε
1061 867 1282 932 Achris,
1305 869 1424 936 qua:
1453 868 1474 923 ι
1499 909 1516 934 ,
1555 871 1790 942 Cyprus,
1822 874 1938 929 sive

352 945 708 1016 Constantia,
759 968 880 1021 quae
932 954 1010 1023 ll,
1075 956 1350 1029 Carthago
1380 1001 1398 1027 ,
1453 978 1574 1030 quae
1613 961 1716 1032 Ill,
1759 981 1936 1036 eoque

353 1037 550 1128 ordine
603 1056 633 1095 a
687 1039 925 1115 Georgio
975 1046 1188 1104 Cottion
1235 1062 1623 1120 percensentnr
1663 1072 1678 1108 :
1735 1055 1930 1128 Πρώτη

353 1125 714 1220 ’1ουστινιανὴ
755 1136 952 1207 ’Λχρις
975 1177 990 1196 .
1029 1139 1260 1211 δευτέρα
1300 1143 1332 1214 ἡ
1366 1143 1614 1216 Κύπρος,
1643 1147 1740 1201 καὶ
1772 1125 1932 1220 splen,

351 1219 387 1288 ἠ
432 1221 758 1296 Καρχηδὼν.
801 1229 1090 1284 Achridetn
1113 1274 1128 1298 ,
1160 1241 1216 1290 et
1241 1233 1624 1306 Carthaginem
1657 1239 1726 1294 ab
1761 1219 1932 1296 Iusti?

353 1311 521 1370 niano
553 1311 582 1370 Ἰ
631 1333 828 1373 novum
877 1322 1188 1380 obtinuisse
1245 1342 1444 1383 nomen
1504 1338 1652 1399 patet
1701 1347 1766 1386 ex
1812 1333 1932 1403 ejus

351 1404 533 1459 novel.
570 1423 646 1471 xr,
673 1409 858 1464 collat.
891 1411 946 1476 ἓ,
983 1429 1037 1471 n.
1072 1415 1126 1481 6,
1160 1423 1276 1474 tum
1302 1432 1368 1472 ex
1392 1417 1486 1473 lib.
1520 1433 1572 1483 ι,
1614 1435 1664 1476 c.
1696 1421 1772 1476 De
1797 1423 1927 1492 ofﬁc.

348 1495 504 1564 praef.
562 1509 718 1565 praet.
775 1501 895 1571 Afr.
957 1501 1051 1558 Lis
1101 1503 1270 1576 igitur
1317 1507 1386 1563 de
1435 1524 1540 1564 una
1587 1509 1928 1568 Constantia.

350 1587 515 1657 Atqui
545 1603 668 1644 eum
701 1591 816 1646 haec
858 1594 1050 1650 ordine
1079 1597 1294 1653 dicatur
1333 1599 1370 1653 2
1393 1637 1409 1664 ,
1449 1592 1647 1657 cum‘a
1676 1601 1928 1659 Patribns

2043 514 2274 580 pretium
2312 513 2585 570 facturum
2623 531 2709 572 me
2739 518 2904 583 duco,
2942 521 2989 575 si
3033 521 3265 591 reliqua,
3301 537 3425 592 quae
3455 523 3617 581 Caie-

2044 611 2174 659 tano
2206 605 2460 674 opposui,
2496 607 2629 660 mihi
2664 622 2772 663 non
2811 625 2967 680 aeque
2999 611 3222 668 adversa
3259 615 3613 672 ostenderim.

2040 695 2218 765 Atque
2246 697 2490 751 omnium
2519 699 2754 768 primum
2775 701 3148 758 characterem
3174 703 3494 761 illuml'eriae
3516 723 3610 773 νη,

2039 803 2148 856 quo
2181 789 2410 860 insignis
2443 791 2560 846 dies
2609 791 2669 845 11
2720 792 3091 862 Septembris,
3147 811 3274 850 cum
3317 791 3611 867 Gregorius

2038 877 2209 934 Roma
2244 882 2412 934 redux
2447 881 2498 934 in
2527 882 3005 954 Agrigentinorum
3041 887 3348 955 emporium
3379 891 3608 958 appulit,

2036 985 2220 1026 causa
2259 981 2460 1027 nostrae
2508 983 2842 1030 momentum
2879 975 3076 1030 addere
3120 991 3229 1030 non
3279 977 3414 1040 leve,
3463 980 3612 1035 dete-

2034 1079 2194 1132 gam;
2239 1075 2470 1136 eamque
2499 1067 2572 1122 ob
2605 1082 2828 1123 causam
2869 1082 3070 1122 novum
3107 1067 3390 1124 instituam
3430 1069 3610 1126 Cano-

2035 1171 2158 1210 nem
2193 1157 2262 1212 ab
2293 1173 2439 1212 anno
2469 1157 2597 1222 682,
2631 1157 2682 1212 in
2729 1174 2840 1230 quo
2881 1160 3092 1229 primus
3139 1159 3440 1216 absolvitur
3471 1161 3608 1217 Cre~

2033 1247 2171 1317 gorii
2227 1249 2578 1318 pontiﬁcatus
2639 1265 2852 1314 annus,
2913 1249 2979 1303 ad
3039 1249 3172 1310 711.
3226 1250 3320 1320 qui
3380 1253 3607 1310 ultimus
3699 1255 3707 1258 ’

2030 1337 2328 1408 Iustiniani
2370 1340 2416 1396 ιι
2463 1345 2624 1412 Ang.,
2664 1341 2720 1396 in
2751 1356 2929 1412 eoque
2967 1336 3224 1409 statuam,
3259 1358 3381 1413 qua:
3405 1358 3605 1414 propo-

2029 1431 2138 1488 sito
2171 1442 2364 1488 nosu‘o
2396 1433 2730 1490 conducant.

2100 1525 2202 1580 An.
2237 1526 2365 1582 Chr.

2099 1616 2224 1673 682.
2267 1617 2476 1674 Desinit
2513 1619 2727 1689 Agatho
2772 1619 2834 1675 P.
2884 1619 2956 1675 Μ.
2988 1619 3078 1676 die
3124 1619 3193 1674 19
3223 1619 3465 1676 Januarii
3509 1636 3604 1677 ca-

353 1693 403 1781 νξ
433 1681 628 1781 εἵηράί
667 1699 803 1781 [δὀνίι
833 1688 1144 1781 θνρειιεέως
1164 1687 1482 1781 διιθιὶυίθὶιει
1509 1709 1636 1749 call-
1667 1695 1758 1760 39.
1785 1695 1927 1752 ὥστε
1961 1769 2001 1781 ,ι
2029 1709 2248 1781 ruitque
2301 1681 2836 1776 RomanmvEcclesia
2901 1728 3222 1768 successore
3273 1728 3476 1768 annum
3540 1714 3602 1778 1,

348 1765 448 1838 τὴν
493 1769 622 1824 νέαν
673 1770 1216 1832 Ἰουστινιανούπολιν
1265 1780 1327 1834 τὸ
1377 1781 1587 1837 δίκαιον
1647 1784 1788 1856 ἔχων
1830 1785 1926 1856 τῆς

352 1856 419 1878 II-
440 1874 547 1878 γη..-
576 1877 581 1878 ,
825 1865 861 1878 η
1305 1871 1324 1878 -
1426 1877 1432 1878 ,
1481 1877 1488 1878 κ
1638 1876 1646 1878 _
1821 1877 1826 1878 ,

2055 1817 2108 1856 n.
2141 1765 2194 1866 7',
2218 1803 2274 1856 d.
2333 1805 2452 1872 5.(
2478 1765 2995 1860 Aegiensi;
3024 1765 3118 1860 {.r
3137 1765 3604 1878 agant—ﬂanti

351 1856 764 1947 Ῐξωνσταντινου
777 1865 983 1932 πόλεως
1001 1912 1018 1936 ,
1051 1881 1106 1924 ut
1133 1887 1266 1926 nova
1287 1871 1602 1930 lustiuiana
1619 1876 1711 1947 jus
1737 1877 1929 1933 habeat

355 1945 843 2024 Constantimpolis
865 1997 882 2022 ,
917 1973 1025 2014 non
1057 1960 1336 2020 immerito
1374 1965 1504 2020 hinc
1535 1945 1794 2032 coniicio,
1828 1966 1929 2023 Iu-

351 2040 642 2100 stinianam
665 2046 869 2104 dictam
895 2049 1277 2110 Constantiam
1296 2057 1364 2112 ab
1386 2055 1698 2116 Iustiniano
1721 2059 1788 2126 ll,
1819 2077 1927 2118 non

349 2131 392 2188 Ι.
425 2132 484 2188 Si
513 2136 658 2192 enim
684 2153 716 2192 a
740 2139 782 2204 1,
817 2141 962 2198 haud
995 2160 1189 2200 novam
1223 2147 1373 2204 illam
1405 2153 1926 2208 vocassentconcilii

349 2222 576 2294 Patres,
607 2231 830 2299 quando
858 2249 978 2289 eam
1021 2238 1214 2294 ordine
1248 2241 1582 2310 sequebatur
1609 2242 1882 2312 Carthago
1907 2283 1924 2308 ,

346 2330 469 2386 quae
500 2333 625 2374 vere
651 2336 809 2392 nova,
844 2323 1112 2394 siquidem
1170 2327 1488 2386 Constantia
1518 2331 1590 2386 ab
1613 2331 1926 2388 Iustiniano

344 2406 768 2470 ldenominata.
810 2413 968 2482 Quod
1007 2417 1176 2487 igitur
1218 2421 1412 2490 synodi
1451 2438 1498 2476 vi
1549 2421 1748 2478 Patres
1779 2425 1924 2478 Con-

343 2503 602 2556 stantiam
633 2503 821 2561 dicant
846 2507 977 2561 νέαν
1007 2508 1554 2567 ’ἰθυπτινιανυύπολιν
1594 2527 1922 2585 argumento

345 2601 469 2658 est,
506 2611 711 2650 novum
754 2597 888 2653 illud
938 2597 1113 2656 fuisse
1143 2617 1379 2670 nomen,
1422 2620 1534 2674 quo
1566 2615 1678 2660 tum
1724 2608 1922 2662 donata

344 2683 669 2747 Constantia
680 2728 718 2768 ᾖ
743 2704 972 2760 eamque
1005 2691 1216 2750 idcirco
1253 2695 1550 2751 secundam
1580 2697 1783 2756 dictam
1823 2699 1921 2754 Iu-

345 2777 668 2844 stinianam,
687 2796 809 2850 qua:
833 2797 1019 2838 revera
1048 2786 1308 2854 temporis
1331 2798 1582 2857 respectu
1607 2793 1921 2862 tertia.quia

341 2869 521 2938 patria
564 2871 830 2943 Augusti,
894 2890 1003 2944 quo
1051 2879 1278 2934 nomine
1342 2883 1703 2950 prtuponenda
1759 2883 1924 2938 fuerit

343 2960 689 3034 Carthagini,
715 2965 981 3024 incolumi
1015 2978 1270 3025 manente
1302 2971 1526 3026 Achridi
1549 2969 1870 3032 Iustittianae
1901 2977 1920 3030 l

345 3061 783 3126 nomenclatura,
814 3062 942 3133 quia
973 3062 1268 3120 Iustiniani
1299 3066 1316 3120 Ι
1361 3057 1558 3136 patria.
1591 3067 1708 3122 Non
1739 3069 1915 3126 solum

347 3149 536 3219 igitur,
566 3152 708 3221 quod
735 3132 1079 3210 Iustinianus
1112 3154 1149 3208 tl
1174 3170 1202 3209 a
1235 3132 1428 3228 synodi
1457 3173 1505 3212 vi
1537 3157 1788 3216 Patribus
1819 3176 1917 3216 vo-
1945 3132 1989 3190 ο

352 3243 518 3297 luerit
555 3243 788 3300 dandam
839 3245 1005 3318 Cypri
1050 3248 1465 3320 archiepiscopo
1513 3251 1918 3322 Hellespontum

346 3335 686 3404 provinciam
719 3353 844 3393 cum
883 3339 1291 3416 αὐτοκεφαλίας
1336 3337 1491 3412 jure,l
1529 3344 1803 3412 ostendit,
1853 3360 1920 3401 eo

347 3436 463 3482 tum
500 3437 743 3500 tempore
767 3431 878 3502 jam
911 3433 1220 3504 Augustum
1255 3435 1554 3492 salutatum
1591 3437 1782 3511 illum,
1824 3439 1920 3494 sed

345 3521 515 3576 etiam
563 3523 710 3592 quod
761 3523 830 3578 ab
883 3523 1080 3580 iisdem
1137 3527 1391 3583 Patribus
1445 3530 1541 3583 νέα
1606 3531 1920 3584 ’1ουστινια-

345 3614 599 3678 νούπολις
627 3624 926 3687 usurpetur
953 3617 1279 3675 Constantia
1309 3663 1322 3685 ,
1363 3636 1488 3676 eum
1516 3637 1656 3677 nova
1691 3622 1921 3678 urbibus

351 3707 575 3763 nomina
619 3708 690 3764 ab
723 3707 990 3780 Augustis
1023 3711 1662 3782 imponerentur.’Proin
1699 3730 1824 3770 cum
1865 3715 1920 3770 in

348 3784 713 3856 Anastasiana
745 3802 1045 3870 Agathonis
1088 3805 1198 3858 vita
1236 3806 1508 3876 legimus:
1561 3805 1652 3859 Ita
1697 3805 1922 3861 discidio

349 3889 560 3944 sublato
590 3889 856 3961 (loquitur
881 3906 1012 3947 vero
1035 3892 1104 3948 de
1129 3895 1294 3950 rebus
1319 3895 1373 3948 in
1405 3896 1615 3966 synodo
1639 3895 1920 3964 Trullana,

351 3979 458 4034 hoc
483 3990 566 4034 est
597 3997 650 4036 vt
681 3983 1019 4038 eecumenica
1047 3985 1214 4054 gestis
1239 3986 1258 4056 )
1325 3985 1569 4058 civilique
1597 3987 1736 4042 inter
1763 3987 1922 4044 Chri-

350 4069 549 4126 stianos
573 4073 706 4127 bello
737 4077 1045 4146 composito,
1069 4076 1302 4133 Joannes
1325 4081 1596 4149 episcOpus
1618 4078 1922 4135 Parmensis

349 4161 436 4216 die
457 4161 751 4232 Pasclrate,
799 4181 977 4221 coram
1032 4169 1267 4238 principe
1310 4169 1471 4242 313
1515 4187 1576 4224 ac
1609 4167 1924 4226 Patriarcha

347 4255 405 4306 in
452 4251 690 4308 Ecclesia
723 4254 892 4312 beatw
945 4255 1160 4327 Sophia
1207 4260 1422 4314 missam
1483 4260 1650 4315 latine
1697 4260 1924 4316 celebrat

347 4347 588 4400 omnibus
617 4347 1036 4404 acclamantibus
1060 4351 1525 4424 piissimarumque
1569 4354 1753 4408 laudes
1787 4370 1925 4424 pra:-

347 4437 702 4504 dicantibus;
741 4439 910 4496 hosce
961 4419 1240 4513 Augusios
1283 4419 1510 4499 omnino
1570 4419 1923 4514 interpretere

345 4529 773 4587 Constantinum
794 4543 1028 4604 patrem,
1047 4543 1102 4589 et
1138 4533 1512 4591 Iustinianum
1541 4536 1735 4602 lilium,
1764 4538 1858 4608 qui
1891 4555 1924 4594 a

347 4632 509 4692 patre
567 4623 788 4694 imperii
841 4625 1052 4696 collega
1102 4628 1493 4692 renuntiatus.
1551 4629 1608 4684 in
1655 4630 1922 4700 privatam

345 4716 514 4770 vitam
540 4717 750 4774 abactis
775 4716 1025 4776 Heraclio
1079 4729 1134 4774 et
1155 4718 1378 4776 Tiberio
1427 4719 1713 4776 fratribus.
1743 4721 1926 4789 Quare

347 4809 494 4878 quod
532 4809 807 4866 Caietanae
840 4811 1129 4868 sententia:
1167 4811 1544 4868 firmissimum
1575 4821 1694 4868 erat
1722 4812 1922 4870 funda-

348 4907 595 4952 mentum
618 4939 635 4966 ,
667 4900 854 4970 plane-
885 4901 1098 4956 corruit
1125 4941 1142 4966 ,
1182 4917 1304 4956 cum
1333 4899 1676 4957 Iustinianus
1704 4941 1720 4966 ,
1760 4917 1922 4972 quem

347 4992 624 5062 praecipue
674 4994 926 5050 nominat
961 4993 1225 5050 Leontius
1260 5003 1315 5049 et
1347 4993 1782 5066 Metaphrastes,
1817 5010 1924 5051 non

346 5099 580 5154 magnus
625 5086 718 5141 ille
757 5087 1042 5143 habendus
1069 5129 1084 5151 ,
1135 5087 1237 5143 sub
1283 5103 1397 5158 quo
1447 5087 1843 5143 er'menicum
1893 5105 1926 5142 ν

347 5177 641 5232 concilium
679 5189 930 5235 coactum
957 5219 972 5243 ,
1011 5181 1105 5236 sed
1145 5178 1494 5235 Constantini
1528 5178 1791 5248 Pogonati
1823 5179 1884 5235 F.
1907 5219 1925 5246 ,

346 5281 459 5340 quo
506 5269 560 5325 in
619 5271 774 5342 regni
817 5273 1158 5329 consortium
1213 5287 1243 5328 a
1288 5282 1443 5344 patre
1489 5287 1681 5330 recens
1731 5280 1934 5330 vocato

346 5375 544 5422 magna
571 5363 817 5434 synodus
843 5380 896 5420 vr
929 5363 1201 5422 coniecta.

417 5451 610 5510 XXIX.
647 5455 972 5528 Quanquam
1023 5456 1180 5528 plura
1219 5471 1327 5512 non
1361 5455 1762 5518 desiderantur,
1817 5469 1927 5526 quo

347 5542 556 5612 liqueat
583 5549 864 5614 omnibus,
895 5547 1217 5620 Gregorium
1245 5548 1349 5604 sub
1375 5547 1686 5602 Iustiniano
1713 5547 1756 5601 ll
1783 5545 1926 5603 Con-

353 5637 581 5692 stantini
611 5641 785 5710 patris
814 5640 1025 5711 collega
1049 5657 1103 5696 vt
1137 5642 1344 5712 synodo
1375 5641 1728 5698 oecunmnicze
1756 5639 1925 5694 inter-

356 5727 552 5797 fuisse,
581 5747 756 5804 eoque
785 5733 1011 5790 omnino
1029 5733 1425 5805 cxplodeudam
1451 5732 1696 5789 Caietani
1717 5732 1926 5806 opinio-

2029 1891 2232 1948 Chron.
2279 1893 2644 1962 Fossanovaa,
2684 1911 3000 1966 quanquam
3047 1906 3194 1953 erret
3227 1898 3278 1950 in
3314 1896 3602 1952 emortuali

2029 1997 2174 2038 anno
2204 1985 2561 2055 designanda,
2595 1985 2733 2056 alii.)

2099 2074 2224 2130 683.
2261 2073 2372 2130 Leo
2403 2073 2445 2130 ll
2485 2075 2706 2132 Siculus
2743 2075 2804 2130 P.
2853 2075 2923 2131 M.
2958 2083 3177 2130 creatur
3206 2075 3294 2130 die
3324 2076 3391 2130 10
3431 2076 3596 2146 Aug.,

2027 2165 2119 2236 qui
2161 2166 2533 2236 pontiﬁcatum
2579 2168 2746 2238 gessit
2789 2183 2864 2222 m.
2913 2167 3002 2234 10,
3043 2169 3100 2224 d.
3153 2169 3242 2224 18.
3275 2168 3507 2239 (Anast.
3543 2167 3597 2222 in

2027 2257 2221 2326 Leon.)

2097 2349 2222 2404 684.
2264 2349 2373 2406 Leo
2407 2350 2448 2405 ll
2481 2351 2596 2406 obit
2626 2351 2697 2406 28
2731 2351 2904 2416 Iunii,
2948 2352 3038 2408 cui
3083 2353 3331 2408 succedit
3361 2359 3483 2420 post
3512 2350 3597 2403 in-

2025 2441 2445 2510 terpontiticium
2488 2443 2760 2498 mensium
2801 2445 2856 2510 5,
2901 2445 2958 2500 d.
3025 2445 3112 2511 18,
3165 2445 3502 2523 Benedictus,
3533 2443 3595 2498 ll.

2027 2530 2248 2600 mem.)
3203 2605 3209 2612 .
3349 2595 3358 2604 .

2095 2623 2220 2677 685.
2249 2622 2482 2678 Moritur
2512 2625 2840 2682 Benedictus
2871 2625 2914 2680 ll
2948 2627 3012 2682 15
3041 2627 3241 2695 Martii,
3269 2629 3428 2698 eique
3451 2627 3598 2682 suﬂi-

2024 2713 2166 2768 citur
2190 2713 2430 2769 Joannes
2461 2715 2525 2776 V,
2554 2717 2625 2770 25
2653 2715 2804 2770 Julii.
3256 2703 3264 2711 ’

2093 2805 2216 2858 686.
2271 2805 2488 2860 Dcccdit
2544 2804 2786 2862 Ioannes
2841 2805 2905 2868 V,
2967 2807 3032 2861 15
3086 2806 3222 2875 Aug.
3279 2800 3595 2875 Ceutposito

2023 2893 2260 2963 partium
2297 2893 2527 2948 dissidio
2569 2895 2947 2963 pontiﬁcatum
2993 2895 3095 2948 init
3141 2897 3333 2948 Conon
3374 2894 3596 2949 Siculus

2021 2985 2082 3040 2|
2125 2981 2378 3039 Octobris

2093 3075 2217 3130 687.
2261 3075 2406 3132 Vixit
2441 3076 2628 3132 Conon
2665 3079 2936 3146 usquead
2981 3077 3054 3132 22
3098 3075 3456 3145 Septembris,
3499 3089 3598 3130 ex-

2022 3166 2332 3237 stinctaque
2393 3166 2686 3222 schismate
2730 3165 2792 3222 P.
2842 3167 2912 3222 M.
2967 3167 3309 3222 renuntiatur
3373 3165 3596 3236 Sergius

2020 3258 2443 3314 Panormitanus
2479 3259 2547 3313 18
2587 3259 2920 3313 Decembris.

2090 3347 2817 3406 688......

2090 3439 3594 3496 689............

2092 3529 3594 3586 690............

2092 3621 2218 3679 691.
2254 3622 2438 3678 Mense
2486 3621 2706 3678 Octobri
2756 3621 2986 3676 Romam
3034 3607 3599 3692 navigat‘Grcgorius

2023 3716 2196 3784 stupri
2229 3713 2464 3777 delatus,
2517 3714 2576 3768 P.
2608 3713 2750 3768 Max.
2785 3711 3054 3781 judicium
3092 3711 3402 3775 subiturus,
3430 3727 3592 3780 quam

2023 3806 2307 3877 ingressus
2349 3802 2646 3858 Novembri
2680 3817 2893 3866 mense,
2943 3803 3128 3872 ibique
3159 3803 3346 3857 statim
3384 3803 3439 3857 in
3471 3817 3595 3857 car-

2023 3910 2177 3951 ceres
2207 3893 2495 3965 conjicitur
2525 3909 2556 3947 a
2589 3893 2800 3976 Sergio.

2093 3985 2300 4040 69?...
2415 4024 2431 4039 .
2541 4027 2555 4040 .
2669 4025 2684 4039 .

2097 4167 2220 4224 691.
2261 4168 2333 4223 20
2372 4168 2604 4239 Aprilis,
2658 4171 2764 4225 hoc
2818 4181 2902 4225 est
2953 4169 3218 4238 postridie
3273 4169 3595 4234 Paschalis,

2027 4261 2261 4318 concilio
2291 4260 2506 4318 sistitur
2533 4261 2852 4334 Gregorius,
2885 4263 3212 4333 cognitaque
3241 4276 3405 4315 causa
3437 4262 3598 4315 inno-

2025 4370 2158 4411 cens
2184 4355 2483 4425 judicatur,
2519 4355 2644 4410 inde
2678 4355 2793 4410 abit
2827 4353 3384 4424 Constantinopolim.

1961 4481 2004 4534 υ
2097 4445 2237 4534 695.
2263 4444 2482 4534 Peragit
2531 4446 2738 4500 Pascha
2767 4445 3280 4534 Constantinopoli;
3323 4445 3451 4534 hinc
3487 4442 3602 4498 Ro-

2030 4547 2172 4588 mam
2188 4533 2440 4600 discedit,
2455 4549 2564 4603 quo
2579 4533 2824 4601 pervenit
2840 4531 3074 4590 EOIulii.
3092 4532 3330 4588 Tandem
3347 4533 3414 4588 ad
3433 4535 3603 4589 eccle-

2029 4623 2166 4678 siam
2186 4640 2339 4680 suam
2358 4625 2746 4694 proticiscitur,
2769 4625 2990 4695 adpellit
3009 4625 3074 4678 ad
3099 4625 3458 4696 Acragantem
3494 4625 3600 4681 ﬂu-

2024 4716 2170 4768 vium
2188 4713 2253 4768 10
2269 4713 2485 4784 Septem
2495 4713 2898 4784 bris,postridie
2922 4714 3033 4769 abit
3048 4715 3100 4768 in
3115 4714 3600 4784 Agrigentinorum

2023 4805 2348 4874 emporium,
2381 4807 2526 4877 quod
2563 4806 2747 4878 attigit
2775 4807 3084 4862 eademtnet
3111 4805 3222 4872 die,
3261 4805 3396 4863 feria
3428 4825 3525 4864 vn.

2094 4897 2208 4954 Hoc
2235 4914 2379 4954 anno
2406 4897 2752 4955 Iustinianus
2791 4899 2834 4953 Il
2864 4899 3004 4972 Aug.
3059 4915 3228 4972 regno
3276 4901 3498 4972 pellitur
3533 4902 3608 4957 ab

2021 4990 2274 5055 Leontio,
2307 5007 2494 5066 mense
2517 4991 2684 5048 Iulio.
2717 4990 3030 5064 (Theoph.)

2041 5085 3600 5148 ‘696..........‘..

2095 5267 2222 5323 698.
2259 5267 2584 5326 Absimarus
2626 5268 2883 5327 Tiberius
2931 5268 3097 5340 Aug.,
3123 5278 3314 5324 exacto
3343 5266 3599 5324 Leontio.

2027 5359 2253 5432 (idem)

2095 5451 3203 5512 699.........

2097 5543 2220 5597 7N).
2283 5583 2296 5596 .
2412 5585 2425 5598 .

2099 5635 2218 5692 70!.
2254 5637 2481 5710 Sergius
2507 5637 2569 5692 ι’.
2600 5637 2741 5692 Max.
2767 5655 2797 5693 e
2823 5639 2960 5694 vivis
2991 5639 3202 5698 excedit
3234 5640 3302 5697 9.9
3326 5636 3583 5696 Octobris

2027 5731 2184 5803 eique
2223 5729 2551 5800 subrogatur
2586 5727 2822 5788 Ioannes
2855 5729 2921 5785 γι
3555 5727 3582 5746 “’

2348 6008 2374 6041 \
