3928 6206
420 255 557 320 1215

483 365 609 419 702.
679 403 696 419 .

486 456 615 511 705.
679 496 693 511 .

486 547 1863 610 701...........

485 638 609 693 705.
645 636 890 693 Joannes
939 638 1003 693 Vl
1047 640 1156 694 fato
1198 640 1447 712 fungitur
1496 644 1525 695 7
1570 643 1859 714 Januarii,
1904 647 1994 703 cui

414 729 536 785 Kal.
575 729 785 784 Martiis
817 732 1064 786 succedit
1092 731 1338 789 Joannes
1370 733 1481 790 νυ.

482 820 832 878 Justinianus
870 821 910 875 II
946 823 1142 880 iterum
1176 838 1387 896 regnat.

484 913 1862 976 706...........

485 1004 589 1059 707
651 1003 901 1061 Joannes
930 1004 1022 1060 VII
1056 1016 1291 1085 mortem
1322 1008 1434 1063 obit
1474 1009 1540 1062 I7
1574 1008 1830 1068 Octobris
1858 1031 1874 1068 :
1904 1013 1995 1070 die

411 1098 666 1173 quuenti
699 1114 991 1155 successor
1018 1101 1240 1171 eligitur
1272 1101 1550 1167 Sisinnus,
1590 1105 1684 1172 qui
1714 1104 1990 1162 hominem

409 1188 561 1242 exuit
594 1190 658 1243 16
689 1188 1049 1258 Novembris;
1096 1202 1210 1246 tum
1255 1192 1326 1247 25
1370 1193 1680 1249 Decembris
1717 1194 1991 1253 Constan-

408 1280 563 1337 tinus
596 1279 656 1336 P.
691 1281 763 1337 M.
802 1285 1092 1339 salutatur.

488 1371 617 1427 708.
677 1410 695 1428 .

487 1455 614 1514 709.
678 1501 693 1514 .

483 1551 607 1606 7l0.
668 1551 1067 1610 Constantinus
1118 1556 1361 1626 pontifex
1423 1559 1621 1630 migrat
1672 1559 1992 1616 Constanti-

411 1645 676 1714 nopolim.

484 1735 608 1790 7H.
650 1738 794 1793 Idem
825 1737 1052 1795 Romam
1081 1742 1389 1810 regreditur
1418 1743 1489 1797 24
1515 1743 1788 1801 Octobris.
1819 1743 1991 1814 Hujus
2023 1734 2062 1789 Β

404 1827 537 1880 anni
576 1829 726 1882 exitu
753 1868 767 1894 ,
812 1829 898 1884 vel
940 1833 1227 1901 sequentis
1272 1834 1431 1891 initio
1464 1834 1811 1892 Justinianus
1843 1838 1984 1908 Aug.

403 1920 698 1976 occiditur.
1762 1984 1775 1997 κ

478 2010 649 2065 XXX.
682 2014 841 2092 Nunc
869 2013 924 2068 in
956 2016 1277 2074 memoriam
1313 2028 1622 2082 revocetur,
1653 2019 1799 2089 quod
1826 2028 1986 2075 antea

409 2104 678 2169 diximus,
710 2105 1036 2176 Gregorium
1071 2124 1288 2164 menses
1321 2110 1615 2165 admodum
1648 2113 1680 2167 5
1702 2127 1866 2181 supra
1891 2127 1988 2166 an-

408 2211 513 2251 nos
546 2196 581 2249 2
618 2195 805 2252 Romae
855 2214 887 2254 a
928 2200 1189 2269 pontifice
1227 2201 1509 2257 detentum
1555 2204 1870 2259 carceribus
1919 2203 1989 2257 ob

408 2288 652 2343 delatum
689 2291 867 2359 stupri
914 2291 1033 2361 ejus
1076 2307 1297 2347 nomen.
1329 2294 1489 2350 Certe
1525 2296 1767 2365 quidem,
1799 2311 1924 2350 cum
1956 2310 1987 2348 a
2009 2282 2031 2299 ¹

409 2382 677 2453 Gregorio
709 2385 1052 2440 siziscitatum
1084 2385 1250 2441 fuerit
1279 2388 1350 2442 ab
1388 2388 1660 2458 episcopis
1697 2389 1905 2460 Cyzici,
1933 2396 1990 2443 et

410 2473 683 2539 Corinthi,
712 2477 807 2545 qui
839 2474 1031 2533 Roma:
1057 2478 1344 2555 aderant_a
1372 2479 1988 2555 ConStantinopolitano

334 2580 346 2592 -
417 2568 574 2623 missi
605 2567 922 2636 patriarcha
962 2567 1073 2638 iuri
1116 2554 1356 2624 dicundo
1405 2569 1462 2623 in
1512 2568 1765 2640 Gregorii
1813 2554 1990 2640 ipsius

412 2671 605 2724 causa,
633 2669 767 2728 quot
793 2674 972 2715 annos
1001 2659 1054 2714 in
1084 2660 1363 2730 ergastulo
1387 2660 1763 2731 transcgisset,
1791 2660 1991 2717 fatetur

412 2749 505 2803 ille
534 2763 713 2806 annos
755 2750 811 2816 ε,
860 2766 1077 2807 menses
1116 2752 1171 2806 4.
1209 2750 1319 2806 Sed
1362 2760 1475 2806 tum
1518 2761 1695 2806 tamen
1732 2767 1763 2808 e
1801 2752 1989 2808 Sicilia

411 2841 688 2898 delatores
718 2843 963 2899 nondum
995 2844 1351 2910 advenerant,
1395 2844 1489 2914 qui
1535 2860 1642 2899 una
1687 2859 1813 2900 cum
1851 2843 1988 2901 Gre-

413 2934 570 3003 gorio
604 2935 657 2990 in
681 2935 951 3006 judicium
988 2936 1239 2992 vocandi.
1290 2938 1359 2992 At
1392 2952 1517 2993 cum
1544 2938 1660 2993 dies
1687 2937 1904 2992 tandem
1936 2947 1991 2993 et

414 3025 701 3097 Gregorio,
727 3038 782 3082 et
807 3028 1247 3093 accusatoribus,
1271 3036 1325 3083 et
1351 3027 1720 3093 mulierculae,
1751 3042 1986 3097 quacum
2017 3050 2065 3116 ον

418 3115 715 3170 conﬁctam
766 3115 1137 3180 consuevisse,
1168 3115 1334 3180 dicta,
1376 3115 1520 3171 dicta
1569 3130 1699 3170 vero
1724 3114 1992 3184 postridie

413 3207 727 3275 I‘ascliatis,
762 3207 1140 3279 impurissima
1171 3207 1263 3262 illa
1297 3208 1517 3271 mulier,
1546 3222 1668 3278 quae
1697 3207 1841 3261 malo
1883 3207 1995 3261 dte-

415 3313 575 3353 mone
613 3298 861 3353 districta
894 3298 1058 3369 paulo
1119 3306 1248 3354 ante
1289 3313 1457 3369 quam
1497 3297 1791 3370 Gregorius
1836 3298 1994 3369 Agri-

415 3401 578 3460 gento
625 3388 863 3444 solveret
925 3389 1157 3444 Romam
1208 3388 1614 3460 perducendus,
1653 3404 1884 3459 quaeque
1925 3404 1994 3444 eo

417 3480 538 3552 ipso
567 3478 679 3542 die,
721 3494 831 3547 quo
875 3490 930 3535 et
978 3479 1308 3551 Gregorius,
1341 3490 1395 3535 et
1427 3480 1728 3544 delatores,
1777 3489 1833 3535 et
1875 3480 1992 3550 ipsa

420 3572 560 3627 adeo
588 3571 823 3627 concilio
850 3569 1018 3643 314
1051 3571 1330 3636 adstitere,
1367 3571 1512 3627 fassa
1546 3572 1760 3628 tandem
1786 3572 1995 3628 calum-

418 3664 591 3728 niam,
627 3662 876 3734 Gregorii
915 3664 1173 3735 precibus
1207 3663 1322 3719 Deo
1358 3664 1555 3721 solutis
1584 3664 1829 3719 daemone
1862 3663 1997 3718 Iibe-

418 3764 594 3819 ratur,
632 3755 854 3825 planum
879 3755 1137 3810 omnibus
1161 3754 1312 3821 fecit,
1341 3770 1401 3811 se
1423 3770 1596 3812 annos
1617 3755 1672 3822 2,
1695 3770 1916 3811 menses
1936 3754 1995 3819 6,

419 3857 562 3903 tetro
604 3847 764 3919 genio
788 3856 1117 3917 correptam,
1143 3863 1253 3918 quo
1281 3858 1389 3903 tam
1419 3848 1644 3917 perditae
1677 3847 1997 3915 impostura:

419 3955 613 4009 pinnas
646 3940 839 3994 lueret.
877 3939 991 4008 Age
1023 3940 1211 4010 igitur,
1265 3940 1311 3994 si
1358 3937 1517 3994 furiis
1555 3939 1759 4009 agitata
1794 3937 1993 3993 femina

423 4047 599 4087 annos
636 4030 693 4094 2,
736 4046 951 4085 menses
993 4030 1048 4095 6,
1104 4030 1151 4085 si
1180 4039 1339 4099 capta
1374 4030 1480 4086 illis
1512 4029 1673 4099 paulo
1703 4039 1992 4097 antequam

354 4186 359 4191 η
420 4122 721 4193 Gregorius
745 4120 975 4175 Romam
1007 4121 1307 4189 navigaret,
1338 4122 1520 4174 exime
1553 4134 1795 4174 mensem
1824 4134 1993 4173 unum

420 4228 487 4266 ex
528 4225 649 4277 sex,
706 4211 801 4281 qui
847 4211 982 4267 satis
1031 4211 1327 4266 admodum
1373 4211 1445 4266 sit
1497 4212 1776 4266 maritimo
1812 4211 1995 4266 itineri

422 4303 786 4365 conﬁciendo,
836 4311 1206 4371 apparetque,
1263 4300 1586 4371 Gregorium
1626 4301 1993 4370 mancipatum

1302 262 1399 321 DE
1436 262 1696 324 .‘ETATE
1733 266 1794 326 S.
1825 266 2203 329 GREGORII
2242 272 2760 334 AGRIGENTINI

1976 415 1991 429 .
2025 385 2068 439 Α
2102 380 2175 432 ita
2216 388 2274 434 ut
2312 395 2488 436 annos
2519 397 2690 452 prope
2720 385 2753 438 4
2789 384 2982 453 procul
3010 385 3081 441 ab
3125 385 3364 443 Ecclesia
3395 405 3482 444 sua
3513 413 3618 448 exeo

1975 504 1993 522 .
2097 471 2253 542 gerit.
2293 470 2420 527 Haec
2455 488 2524 528 ex
2560 473 2775 529 Leontii
2809 476 3073 531 Historia.
3108 474 3231 531 Jam
3276 478 3342 533 ab
3381 495 3508 534 anno
3541 484 3621 539 682

1976 593 1992 607 ο
2096 562 2163 616 ad
2192 562 2318 627 7H,
2338 566 2431 633 qui
2462 565 2691 621 ultimus
2720 565 3017 623 Justiniani
3042 568 3088 623 Il
3114 584 3310 635 annus,
3336 569 3395 625 ll
3419 571 3620 643 Septem-

3504 282 3611 350 1216

2096 652 2211 707 bris
2249 656 2367 710 dies
2405 655 2459 709 in
2511 656 2703 712 feriam
2759 675 2833 712 vit
2887 660 3122 716 incurrit
3173 676 3317 715 anno
3362 662 3457 717 689
3503 667 3622 736 cyclo

2094 743 2229 798 solis
2266 746 2358 810 26,
2396 761 2555 801 anno
2577 746 2684 802 695
2719 748 2872 819 cyclo
2905 749 3040 805 solis
3084 751 3140 815 ι,
3185 765 3329 806 anno
3364 750 3462 806 700
3500 755 3620 824 cyclo

2092 836 2225 890 solis
2265 836 2329 899 9,
2375 853 2520 893 anno
2551 839 2654 894 706
2697 841 2852 911 cyclo
2901 841 3033 897 solis
3069 841 3162 896 I5.
3196 842 3361 913 Atqui
3387 858 3515 897 anno
3540 844 3621 900 689

1973 962 1989 976 .
2093 925 2340 998 Gregorii
2369 930 2578 985 reditus
2606 932 2673 987 ad
2714 930 3018 989 Ecclesiam
3050 948 3214 988 suam
3242 933 3523 1004 adiudicari
3546 953 3621 992 ue-

2092 1018 2246 1088 quit;
2295 1020 2339 1076 si
2381 1022 2527 1076 enim
2563 1037 2820 1080 reversus
2853 1025 3215 1095 Agrigentum
3247 1042 3395 1079 anno
3417 1026 3527 1091 689,
3555 1029 3621 1081 in-

2090 1110 2272 1164 didem
2303 1110 2471 1181 igitur
2499 1112 2763 1169 discessit
2781 1129 2930 1171 anno
2962 1115 3072 1171 685
3106 1127 3369 1182 exeunte,
3390 1116 3619 1189 simulque

2086 1201 2356 1272 judicium
2411 1205 2480 1260 de
2540 1220 2607 1261 co
2669 1206 2984 1262 institutum
3049 1208 3321 1277 postridie
3379 1208 3618 1266 Pascbatis

2089 1295 2221 1350 anni
2255 1295 2381 1353 688.
2421 1298 2492 1351 At
2520 1298 2665 1352 enim
2698 1313 2733 1353 a
2762 1282 3042 1369 principite
3071 1316 3165 1353 an.
3193 1299 3307 1355 685
3324 1300 3388 1354 ad
3411 1299 3504 1354 688
3530 1312 3616 1357 tres

1974 1419 1989 1433 ι
2089 1396 2452 1442 numerantur
2478 1388 2781 1458 pontiﬁces,
2806 1387 3050 1445 Joannes
3074 1390 3143 1455 ν,
3174 1388 3380 1456 Conon,
3404 1389 3615 1460 Sergius;

1973 1510 1987 1524 ο
2090 1490 2216 1531 cum
2256 1486 2435 1533 tamen
2472 1480 2576 1534 sub
2610 1495 2721 1533 uno
2751 1480 3020 1547 duntaxat
3052 1477 3366 1549 Gregorius
3390 1488 3439 1533 et
3468 1495 3616 1535 caree-

2089 1566 2241 1623 ribus
2280 1567 2571 1632 occlusus,
2628 1577 2684 1623 et
2734 1569 3009 1624 calumnia
3067 1568 3288 1622 tandem
3334 1567 3621 1623 vindicatus.

2089 1653 2280 1725 Neque
2307 1672 2487 1713 annus
2527 1658 2632 1715 700
2679 1658 2748 1713 ad
2795 1674 3019 1714 causam
3053 1669 3298 1714 nostram
3333 1657 3493 1713 facit‘:
3530 1674 3614 1729 quo

2090 1747 2234 1802 enim
2285 1764 2433 1804 anno
2463 1749 2942 1821 Constantinopoli
2985 1750 3219 1806 Romani
3265 1751 3417 1806 rediit
3450 1749 3608 1820 Grego-

2090 1839 2230 1903 rius,
2260 1855 2444 1895 rerum
2481 1842 2790 1911 potiebatur
2815 1843 3169 1900 Justinianus
3208 1842 3283 1909 ll,
3327 1857 3441 1897 cum
3470 1849 3609 1895 tamen

2090 1931 2160 1985 ab
2192 1945 2338 1986 anno
2364 1931 2470 1987 698
2502 1934 2568 1989 ad
2614 1934 2718 1990 705
2747 1936 3074 1991 Absimarus
3113 1934 3361 1990 Tiberius
3390 1934 3610 1989 Constare

2091 2022 2321 2093 tinopoli
2354 2024 2670 2095 imperaret.
2698 2028 3013 2082 Contumax‘
3036 2026 3224 2082 itidem
3242 2035 3325 2081 est
3344 2040 3501 2080 annus
3515 2023 3607 2089 706,

2089 2128 2156 2169 ex
2187 2129 2255 2169 eo
2281 2115 2627 2173 enim~ﬁeret
2668 2119 2722 2173 in
2751 2118 3024 2189 judicium
3057 2127 3312 2174 vocatum
3340 2116 3607 2189 Gregorium

2089 2221 2235 2262 anno
2289 2207 2392 2262 705
2426 2208 2496 2263 ab
2542 2205 2757 2265 Joanne
2790 2207 2916 2274 VII,
2972 2211 3069 2280 qui
3122 2208 3365 2281 pontifex
3410 2209 3608 2262 audierat

2090 2314 2298 2370 paucos
2338 2309 2466 2357 ante
2498 2296 2638 2366 dies,
2691 2302 2797 2358 boc
2845 2312 2931 2357 est
2981 2301 3103 2357 Kal.
3147 2302 3374 2366 Martiis,
3419 2316 3522 2356 cum
3556 2315 3604 2352 ex

2090 2388 2321 2446 Leontio
2353 2392 2654 2458 discamus,
2708 2393 3021 2463 pontiﬁcem
3058 2394 3233 2457 illum,
3280 2392 3369 2462 qui
3405 2391 3541 2461 iudex
3566 2390 3603 2442 in

2089 2480 2326 2536 concilio
2352 2472 2597 2551 praefuit,
2627 2482 2682 2537 in
2718 2498 2829 2553 quo
2860 2483 3115 2556 Gregorii
3147 2497 3313 2539 causa
3343 2481 3603 2552 diiudicata,

2093 2586 2207 2628 non
2233 2572 2402 2627 alium
2435 2573 2504 2628 ab
2529 2588 2595 2629 eo
2623 2573 2817 2641 fuisse,
2849 2576 2941 2645 qui
2987 2576 3043 2629 in
3093 2576 3369 2631 custodias
3403 2570 3601 2640 coniecit.

2090 2664 2283 2719 Restat
2311 2663 2479 2732 igitur
2506 2680 2685 2720 annus
2711 2665 2836 2731 695,
2867 2667 2962 2736 qui
3006 2666 3178 2721 nullis
3222 2665 3484 2727 intricatus
3519 2675 3600 2715 am-

2090 2754 2342 2825 bagibus.
2378 2755 2462 2811 Ab
2490 2756 2556 2809 18
2582 2755 2899 2812 Decembris
2926 2757 3062 2812 anni
3094 2757 3197 2812 687
3225 2757 3289 2810 ad
3318 2755 3384 2809 29
3407 2751 3601 2808 Octobris

2091 2845 2219 2901 anni
2253 2844 2356 2899 700
2385 2846 2695 2901 Romanum
2724 2836 2971 2917 g’esserat
2999 2847 3373 2917 pontiﬁcatum
3413 2840 3597 2912 Sergitn.

2091 2936 2367 3007 simulque
2396 2937 2463 2992 ad
2494 2952 2737 2993 mensem
2770 2936 2972 2992 Julium
3010 2938 3143 2993 anni
3178 2938 3284 2992 695
3318 2936 3369 2990 in
3391 2933 3604 2989 Constan-

2092 3027 2483 3097 tinopolitanos
2522 3042 2610 3083 res
2653 3028 2969 3084 dominatus
3011 3026 3357 3084 Justinianus
3407 3023 3472 3088 ll,
3500 3020 3604 3077 unde

2092 3118 2354 3188 intelligis
2374 3157 2389 3182 ,
2441 3134 2607 3189 quam
2639 3119 2808 3174 nullis
2835 3120 3137 3189 impeditus
3166 3120 3237 3175 sit
3262 3114 3603 3175 diﬁicultatibus

2091 3209 2583 3280 Cbronologismus
2615 3218 2824 3265 noster.
2874 3210 3032 3265 Patet
3088 3209 3233 3265 enim
3266 3214 3437 3263 exacta
3461 3199 3600 3259 omnia

2092 3297 2197 3353 sub
2224 3312 2338 3352 uno
2368 3282 2633 3368 pontiﬁce.
2674 3296 2890 3370 Sergio,
2930 3313 3175 3370 vereque
3194 3288 3600 3359 Constantinopoli

2093 3388 2276 3444 adhuc
2317 3389 2621 3458 imperasse
2655 3386 3030 3445 Justinianum
3083 3387 3152 3457 Il,
3200 3402 3322 3444 cum
3361 3384 3470 3440 inde
3503 3380 3602 3435 Gre-

2093 3482 2280 3552 gorius
2317 3481 2566 3546 recessit,
2596 3480 2829 3536 Romam
2862 3483 3161 3550 petiturus.
3206 3478 3337 3533 Nam
3374 3475 3415 3530 si
3440 3483 3600 3542 regres-

2093 3589 2188 3629 sus
2222 3572 2450 3628 Romam
2481 3571 2545 3626 2!
2576 3569 2726 3636 Julii,
2774 3570 3247 3639 Constantinopoli
3276 3565 3516 3638 profectus
3542 3567 3600 3614 est

2094 3680 2280 3721 mense
2326 3664 2614 3719 minimum
2663 3664 2869 3727 Junio,
2919 3678 3047 3719 cum
3102 3673 3282 3718 tamen
3324 3656 3609 3713 Justiniauus

2094 3758 2324 3827 imperio
2348 3756 2541 3827 pulsus
2574 3757 2643 3812 ab
2680 3755 2911 3811 Leontio
2950 3770 3144 3811 mense
3171 3752 3334 3808 Julio.‘
3370 3750 3439 3804 En
3476 3745 3601 3815 igitur

2093 3864 2195 3919 pro
2223 3848 2381 3903 nobis
2408 3848 2535 3903 unis
2570 3855 2805 3903 stantem
2833 3847 3210 3902 characterem
3237 3845 3380 3899 illum
3404 3839 3523 3895 feria:
3541 3847 3595 3885 \‘II

2094 3954 2220 3995 cum
2256 3940 2315 3993 Il
2357 3937 2692 4011 Septembris
2720 3938 3137 4003 concurrentis,
3172 3934 3264 4005 qui
3286 3974 3300 3999 ,
3331 3932 3402 3987 uti
3423 3930 3596 3985 demon-

2095 4030 2413 4096 stravimus,
2449 4030 2502 4083 in
2533 4028 2829 4085 Justiniani
2864 4028 2879 4083 I
2910 4029 3073 4084 annis
3098 4024 3338 4083 Caietani
3375 4015 3595 4079 sententi:

2097 4137 2377 4191 nunquam
2415 4120 2768 4193 suffragatus.
3507 4196 3517 4209 _

2166 4209 2383 4263 XXXII.
2418 4208 2509 4275 At,
2545 4208 2797 4279 inquies,
2850 4207 2897 4262 si
2944 4222 3093 4263 anno
3129 4206 3234 4262 695
3277 4203 3593 4259 Constantino-

2097 4304 2207 4374 poli
2254 4302 2534 4373 digressus
2584 4298 2882 4370 Gregorius
2930 4299 3157 4354 dimidia
3191 4291 3447 4368 Agrigenti
3484 4292 3594 4357 Ρπίθ

424 4396 612 4469 Romae
644 4393 962 4449 carceribus
1021 4407 1196 4448 annos
1218 4392 1273 4456 2,
1297 4407 1515 4448 menses
1544 4392 1596 4447 5.
1616 4391 1796 4461 Atque
1815 4391 1995 4447 istliue
2023 4383 2071 4443 ι)
2097 4397 2336 4451 donatus
2363 4394 2431 4448 ab
2463 4393 2593 4462 imp.
2627 4390 2941 4446 Justiniano
2974 4389 3045 4455 II,
3079 4390 3222 4443 unde
3250 4394 3473 4453 sumptus

426 4496 540 4551 est,
592 4483 738 4557 quod
775 4494 961 4539 nostra
998 4485 1051 4539 in
1084 4499 1250 4539 causa
1291 4493 1511 4539 maneat
1540 4498 1784 4551 necesse,
1821 4498 1997 4553 eoque

427 4577 650 4631 midens
686 4574 870 4640 confit,
926 4576 1298 4633 characterem
1356 4574 1508 4628 illum
1574 4573 1728 4629 feria:
1784 4589 1879 4638 vn,
1941 4573 1995 4625 in

429 4683 592 4738 quam
635 4666 824 4720 incidit
870 4666 925 4720 Η
982 4665 1321 4736 Septembris
1369 4665 1507 4727 dies.
1549 4679 1656 4735 quo
1708 4664 2000 4735 Gregorius

429 4756 497 4808 ad
549 4756 1027 4826 Agrigentinorum
1068 4755 1374 4825 einporinin
1416 4756 1678 4825 pervenit,
1721 4756 1775 4809 in
1827 4768 1998 4809 unum

430 4862 633 4906 annum
669 4846 771 4901 695
805 4833 1156 4909 concurrere,
1191 4860 1349 4915 quem
1403 4844 1608 4899 frustra
1663 4846 1716 4899 in
1754 4843 1999 4899 Caietani

430 4937 887 5006 (ibronnlogismo
918 4937 1367 5005 pcrquisivimus.

500 5026 693 5084 XXXI.
717 5028 887 5082 Porro
906 5026 1201 5097 Gregorius
1217 5028 1532 5084 carceribus
1547 5029 1797 5083 addictus
1818 5028 2004 5085 Romae

434 5120 636 5176 mansit
679 5120 784 5175 sub
821 5135 951 5185 uno,
978 5119 1133 5190 quod
1169 5128 1293 5176 ante
1326 5121 1585 5182 vidimus.
1623 5120 1879 5189 pontifice
1906 5136 2005 5175 an-

435 5231 536 5277 nos
568 5214 642 5279 2,
678 5229 894 5270 menses
947 5213 1000 5268 5.
1052 5212 1132 5267 Ex
1175 5212 1394 5268 concilii
1439 5214 1707 5266 sententia
1741 5212 2005 5267 innocens

430 5302 712 5378 judicatus
761 5304 1027 5378 postridie
1090 5303 1413 5369 Paschatis,
1470 5301 2003 5372 Constantinopolim

436 5398 598 5475 paulo
628 5406 752 5468 post.-
783 5396 1167 5467 prollciscitur,
1206 5395 1297 5449 ubi
1323 5393 1533 5449 Pascha
1562 5395 1819 5456 celebrat,
1851 5394 2009 5448 inde-

435 5503 544 5559 que
579 5497 834 5557 regnante
866 5489 1047 5541 adhuc
1069 5485 1384 5540 Justiniano
1406 5483 1444 5539 Il
1470 5484 1698 5539 Romani
1735 5485 1872 5550 abit,
1896 5500 2007 5556 quo

438 5580 685 5648 pervenit
715 5581 786 5632 30
816 5578 968 5642 Julii,
1014 5587 1179 5647 atque
1216 5577 1341 5647 hinc
1394 5578 1447 5632 in
1501 5577 1741 5632 Siciliain
1791 5579 2009 5633 solvens

1700 4937 1731 4953 κ

308 5656 331 5675 ’
439 5664 921 5735 Agrigentinormn
961 5668 1107 5723 subit
1162 5669 1463 5740 emporium
1509 5668 1566 5724 ll
1630 5669 2011 5738 Septembris,

2097 4493 2340 4558 peterent
2375 4498 2519 4539 novo
2563 4482 2800 4552 templo,
2858 4479 3214 4551 episcopique
3265 4469 3435 4530 domui
3465 4462 3594 4558 adifi-

2098 4556 2309 4641 candis,
2343 4591 2514 4646 ecqua
2549 4576 2637 4629 illa
2673 4574 2944 4646 Augusta,
2972 4588 3096 4645 qua:
3126 4570 3226 4626 viri
3247 4564 3471 4624 aemulata
3497 4556 3593 4612 libe-

2100 4670 2392 4732 ralitatem,
2419 4676 2475 4723 et
2510 4684 2609 4724 sua
2641 4667 2859 4723 addidit.
2878 4663 3143 4735 Gregorio
3175 4670 3407 4720 munera,
3437 4647 3616 4737 scilicet.

2100 4756 2476 4829 amplissima?
2526 4755 2625 4812 llic
2669 4765 2822 4811 certe
2867 4755 3087 4818 haereo,
3121 4764 3244 4807 cum
3283 4760 3366 4802 me
3392 4735 3598 4797 destituat

2102 4851 2354 4908 historia.
2383 4849 2719 4905 Memoratur
2738 4848 2961 4919 quidem
2991 4855 3107 4901 tum
3137 4839 3381 4911 temporis
3404 4831 3592 4900 Aldus”

2103 4944 2412 5010 Anastasis,
2454 4942 2548 4998 sed
2595 4957 2718 5012 quae
2751 4949 2934 4995 tamen
2985 4932 3273 4993 Justiniani
3321 4933 3487 4988 mater,
3515 4926 3590 4969 ιιοη

2104 5052 2262 5092 uxor.
2304 5035 2628 5093 Perbibetur
2662 5034 2826 5088 etiam
2863 5026 3165 5086 Justiniani
3194 5020 3385 5091 coniux
3403 5013 3599 5105 Αυςυειξ

2106 5128 2414 5194 Tlieodora,
2454 5126 2699 5198 Chagani
2725 5112 3331 5181 Cliazariiesororrsed
3358 5120 3462 5198 eam
3479 5101 3597 5155 duxit

2107 5234 2254 5275 anno
2274 5218 2399 5284 705,
2423 5233 2547 5273 eum
2583 5197 2754 5287 regno
2786 5214 3083 5275 exsularet,
3114 5210 3146 5264 6
3168 5216 3360 5262 annum
3385 5197 3593 5292 οοιιξιαξις

2107 5310 2335 5380 tmopoli
2370 5315 2636 5375 regnante
2667 5306 2960 5360 Alisimaro
2998 5300 3235 5361 Tiberio,
3273 5287 3597 5380 coronavit"??-

2111 5377 2373 5456 uuavcum
2415 5398 2637 5453 Tiberio
2671 5395 2742 5471 Ε.
2775 5412 2919 5450 anno
2949 5394 3078 5455 705,
3107 5403 3214 5461 quo
3245 5378 3448 5452 imperio
3470 5377 3590 5471 restis

2111 5501 2263 5548 tutus
2318 5489 2601 5561 (Theopli.
2656 5466 2714 5543 in
2763 5484 3090 5557 Cbrouogr.)
3124 5458 3357 5547 sumptis
3403 5477 3505 5522 cum
3545 5458 3595 5561 de

2113 5558 2363 5645 Leontio,
2402 5558 2519 5635 tum
2550 5581 2619 5635 de
2656 5579 2945 5633 Absiinaro
2980 5572 3286 5645 suppliciis,
3324 5573 3436 5618 sane
3466 5558 3589 5646 (ιυξιυι

2114 5671 2418 5730 horrendis.
2450 5668 2599 5737 Quid
2640 5669 2837 5740 igitur"
2882 5664 3122 5739 nunquid
3168 5659 3231 5717 in.
3274 5650 3481 5714 eamdem
3523 5650 3587 5691 ω’
