3882 6204
257 325 398 391 "1227

1604 312 2126 398 DISSERTATIQ.

261 442 438 514 gressi
472 452 713 504 nassam,
753 444 913 507 atque
943 434 1280 491 Caietanns?
1331 433 1436 490 Sed
1469 433 1611 519 yide,
1668 449 1832 504 quiam
1872 437 1910 492 Α
1940 445 2087 484 nextr
2120 439 2297 501 ttaqtte
2333 430 2558 498 Sicilire,
2599 431 2880 488 Calabrae.
2925 445 3221 505 semitrth
3247 433 3512 492 Severian!

263 534 422 591 facile
463 531 763 592 elabamue,
810 527 955 598 quod
985 527 1248 580 Caietano
1275 539 1384 580 non
1419 523 1669 594 contigit.
1699 523 1835 590 Quis

263 625 367 682 sibi
402 621 648 684 suadeat,
675 617 1048 674 Iustinianum
1079 617 1225 672 hunc
1257 615 1326 670 ab
1363 631 1508 670 anno
1542 615 1647 670 685
1668 657 1682 680 ,
1725 629 1836 684 quo

263 715 416 772 solus
453 725 684 782 regnare
723 709 890 778 coepit
932 708 1201 763 exstincto
1247 715 1402 776 patre
1447 704 1836 771 Constantino,

263 812 320 860 et
345 803 566 874 quidem
607 805 739 852 natu
768 796 883 867 jam
925 797 1208 868 grandem,
1257 796 1322 850 ad
1355 795 1480 859 695,
1530 810 1640 864 quo
1689 794 1838 864 regio
1873 809 1886 820 κ

266 904 466 951 exutus
513 893 742 962 imperio
795 905 826 944 a
872 888 1121 953 Leontio,
1166 887 1378 942 nullum
1411 887 1603 943 iniisse
1649 887 1840 956 conjus

266 985 438 1057 gium,
491 989 840 1052 exspectasse
901 979 1118 1035 tandem
1166 978 1462 1043 exsilium,
1516 993 1627 1049 quo
1687 977 1839 1032 taedis

267 1073 650 1145 copularetur?
697 1071 804 1128 Sed
847 1071 993 1126 enim
1027 1086 1151 1124 cum
1203 1068 1546 1124 Justinianus
1595 1067 1616 1122 ι
1659 1067 1840 1122 Theo-

266 1167 402 1222 dora
444 1167 716 1228 viduatus,
751 1179 954 1218 annum
991 1161 1185 1232 agebat
1219 1161 1323 1226 66,
1364 1161 1502 1216 vixit
1545 1161 1689 1216 enim
1739 1175 1840 1214 an-

270 1271 372 1310 nos
402 1256 492 1316 82.
534 1255 782 1326 regnavit
811 1254 900 1319 58,
937 1256 1152 1308 menses
1179 1252 1234 1319 7,
1259 1253 1376 1308 dies
1401 1251 1488 1318 10,
1523 1262 1710 1322 erepta
1735 1249 1839 1305 sibi

268 1345 384 1402 fato
419 1345 707 1403 Theodora
762 1359 908 1400 anno
947 1345 1097 1416 regni
1129 1344 1215 1400 sui
1247 1344 1339 1410 22,
1373 1355 1432 1398 ut
1471 1359 1533 1399 ea
1585 1344 1640 1398 in
1681 1353 1840 1398 aetate

270 1453 400 1492 vero
431 1437 658 1508 propius
688 1451 795 1491 non
827 1435 918 1501 sit,
953 1437 1171 1506 nuptias
1199 1449 1512 1492 renovasse.
1565 1435 1746 1502 Quare
1779 1443 1840 1489 ut

270 1528 660 1584 historicorum
717 1527 995 1583 silentium
1046 1525 1112 1580 de
1151 1540 1292 1580 nova
1341 1533 1462 1596 post
1489 1524 1834 1580 Theodoram

269 1617 514 1686 Augusta
546 1615 843 1672 Justiniani
879 1614 899 1668 ι
940 1615 1082 1671 favet
1111 1615 1384 1682 viduitati,
1440 1615 1496 1670 in
1534 1631 1663 1685 qua,
1709 1616 1837 1670 sub-

271 1710 376 1763 lata
423 1707 526 1762 sibi
573 1706 882 1772 Theodora,
926 1705 995 1760 ad
1044 1713 1272 1760 mortem
1323 1721 1498 1776 usque
1548 1707 1835 1770 manserit,

1937 521 2084 574 sedes
2113 522 2299 575 throno
2323 521 2916 590 Constantinopolitano
2951 543 2983 579 a
3027 526 3257 582 Romano
3286 531 3504 592 avttlsa'.

1936 628 2052 665 cum
2073 612 2632 690 ’Barbarideprehenso
2649 633 2788 684 papa
2811 616 3032 670 Romam
3049 620 3278 687 spolium
3306 620 3508 689 factam

1935 703 1992 756 in
2039 705 2282 774 proprios
2333 721 2460 758 usus
2513 715 2920 774 converterunt,
2969 709 3408 778 quemadmodum
3457 719 3511 764 et

1937 791 2096 848 Creta
2135 795 2232 848 sub
2265 795 2506 850 Romano
2539 813 2658 850 cum
2704 807 2875 859 esset,
2931 797 3514 868 Constantinopolitani

1936 883 2087 952 facta
2125 895 2225 938 est.
2265 884 2629 939 Nihilominus
2659 887 2900 955 pontifex
2930 887 3053 940 viles
3087 891 3346 958 quasdam
3370 907 3509 959 par-

1938 984 2014 1028 tes
2035 1015 2049 1038 ,
2082 983 2133 1028 et
2171 975 2510 1044 episcopatus
2543 976 2823 1029 nonnullos
2852 978 2909 1030 in
2939 977 3149 1040 Sicilia,
3181 989 3230 1032 et
3257 979 3512 1033 Calabria

1939 1065 2128 1120 habere
2155 1069 2596 1136 deprehenditur;
2631 1069 2942 1138 metropoles
2970 1071 3132 1134 enim,
3177 1079 3227 1124 et
3272 1073 3423 1126 urbes
3454 1075 3510 1124 in

1937 1157 2119 1212 eadem
2144 1159 2466 1216 illustriores
2491 1173 2556 1216 ac
2600 1164 2866 1233 digniores
2885 1161 3510 1231 ConstantinOpolitam-s

1936 1250 2236 1319 possidebat
2263 1268 2424 1320 usque
2445 1255 2514 1306 ad
2538 1251 2872 1307 Francorum
2900 1247 3202 1307 adventum.
3240 1253 3330 1308 Sic
3349 1257 3511 1308 etinn't

1936 1343 1994 1394 in
2021 1341 2391 1412 Longobardia
2422 1345 2565 1412 (hoc
2601 1354 2704 1412 est,
2741 1345 3181 1416 transtyberina)
3213 1356 3261 1400 et
3293 1331 3506 1414 Apulia,

1935 1443 1988 1488 et
2033 1437 2086 1488 in
2117 1436 2358 1490 omnibus
2404 1438 2472 1492 iis
2535 1439 2834 1506 regionibus
2885 1440 3146 1492 maximas
3198 1439 3512 1508 metropolcs

1938 1538 2062 1582 ante
2106 1529 2408 1596 possidebat
2447 1529 3095 1600 Constantinopolitanus,
3146 1532 3372 1601 reliquas
3403 1527 3511 1585 lio-4

1937 1635 2148 1683 manus,
2190 1631 2247 1673 ut
2305 1621 2536 1690 regiones
2588 1622 2698 1676 illte
2729 1636 2823 1690 per
2850 1633 3028 1692 partes
3076 1625 3516 1691 possiderentur:

1941 1726 2164 1780 namque
2185 1713 2420 1767 melodus
2443 1729 2505 1766 ac
2529 1723 2684 1782 poeta
2699 1716 2947 1768 dominus
2965 1707 3179 1769 Marcus
3199 1733 3228 1768 a
3249 1715 3513 1770 Constan-

269 1799 344 1853 ita
378 1797 589 1853 nullum
619 1797 780 1854 nobis
814 1797 1037 1854 facessit
1067 1797 1368 1868 negotium,
1413 1798 1708 1868 quominus
1739 1813 1839 1866 ptt-
1871 1777 1911 1833 Β
1943 1777 2299 1871 tinopolitano
2328 1777 2540 1857 missas
2566 1805 2735 1872 fuisse
2774 1806 3119 1874 comperitttr.
3167 1805 3299 1860 Cum
3335 1815 3513 1860 autem

267 1900 469 1956 temus,
519 1903 630 1943 non
679 1889 918 1956 unicam,
971 1903 1083 1944 non
1145 1889 1379 1958 primam
1430 1888 1743 1943 Justiniano
1791 1887 1838 1942 ll

267 1989 496 2050 nuptam
524 1979 891 2046 Theodoram,
943 1995 1122 2050 neque
1175 1981 1322 2034 hunc
1373 1981 1625 2036 czelibem
1673 1980 1838 2036 vitam

267 2069 494 2140 duxisse
521 2069 588 2122 ad
617 2082 818 2122 annum
859 2081 1034 2139 usque
1077 2067 1204 2136 705,
1237 2083 1348 2140 quo
1377 2070 1551 2125 artatis
1583 2085 1841 2125 numera-

267 2159 365 2214 bat
380 2139 480 2224 34,
516 2159 738 2229 quippe,
773 2174 900 2226 cuin
927 2159 1080 2214 solus
1113 2174 1340 2230 regnare
1371 2161 1554 2230 cmpit,
1586 2159 1651 2216 16
1675 2168 1838 2216 natus

269 2261 444 2302 annos
469 2255 605 2301 erat.
637 2247 916 2318 (Theoph.
955 2248 1114 2321 ibid.)

339 2321 580 2392 χχχιιι.
605 2337 745 2404 Quid
769 2353 915 2394 nunc
927 2340 1148 2394 tandem
1169 2340 1238 2396 de
1257 2338 1541 2396 Corinthio
1558 2343 1837 2412 episcOpo,

269 2428 366 2498 qui
395 2429 982 2499 Constantinopolitani
1013 2431 1336 2500 patriarchas
1360 2473 1376 2498 ,
1413 2433 1519 2488 hoc
1557 2442 1642 2486 est
1668 2434 1839 2488 Calli-

267 2519 383 2572 nici
409 2519 618 2590 legatus
643 2516 830 2574 Romae
852 2516 1018 2588 judex
1044 2521 1251 2576 assedit
1280 2522 1335 2576 in
1361 2520 1607 2590 Gregorii
1633 2536 1799 2578 causa
1816 2521 1840 2563 ν

263 2607 468 2664 Notum
513 2609 680 2677 illud,
723 2609 985 2665 Romanae
1030 2611 1513 2680 patriarchizetres
1563 2612 1828 2682 singulari

261 2702 391 2774 iure
432 2701 679 2772 paruisse
725 2701 996 2758 exarchos
1041 2701 1098 2756 in
1141 2699 1396 2768 Oriente,
1454 2701 1835 2769 Corinthium,

1941 1893 2201 1948 unirerstc
2239 1891 2624 1964 Longobardia:
2660 1895 2908 1960 ducatus,
2963 1913 3084 1964 qua:
3137 1906 3280 1950 cetus
3328 1895 3544 1956 Helias,

1937 1995 2076 2052 erat,
2107 1984 2202 2038 sub
2233 1987 2550 2050 imperatore
2581 1995 2698 2040 erat
2729 1987 3345 2054 Constantinopolitano,
3374 2002 3514 2056 papa

1939 2091 2058 2131 vero
2089 2087 2368 2143 separatus
2397 2076 2493 2130 sub
2527 2077 2654 2130 aliis
2700 2077 2942 2143 gentibus
2982 2077 3515 2146 vivebat,.propterea

1938 2167 2254 2237 patriarcha
2293 2167 2564 2221 Ecclesias
2623 2166 2930 2232 obtinebat;
2979 2185 3101 2221 nam
3151 2167 3515 2222 Brundusirm

1937 2267 1989 2313 et
2019 2257 2306 2312 Tarentum
2341 2275 2374 2311 a
2406 2256 3002 2328 Constantinopolitano
3035 2259 3336 2339 sacerdotes
3367 2261 3512 2313 acci-

1938 2350 2175 2414 piebant,
2205 2349 2362 2420 idque
2387 2349 2594 2404 nullum
2627 2349 2777 2404 latet.
2815 2349 2949 2404 Cum
2977 2367 3096 2406 vero
3130 2349 3334 2404 Franci
3373 2353 3514 2405 hunc

1937 2442 2192 2496 ducatum
2247 2450 2594 2509 occuparunt,
2650 2451 2775 2495 tunc
2832 2439 3098 2496 Romanus
3159 2442 3214 2496 in
3263 2441 3516 2498 omnibus

1938 2531 2082 2585 hisce
2107 2529 2345 2584 ecclesiis
2369 2531 2736 2586 ordinationes
2761 2534 2961 2597 tenuit;
2993 2535 3046 2587 in
3075 2535 3142 2588 iis
3170 2535 3309 2588 enim
3343 2535 3514 2608 regio-

1937 2618 2112 2682 nibus,
2169 2635 2302 2688 quas
2349 2618 2975 2689 Constantinopolitanus
3028 2624 3321 2692 imperator
3377 2625 3513 2678 obti-

1937 2712 2112 2775 nebat,
2147 2709 2226 2763 vel
2258 2719 2441 2776 postea
2481 2728 2513 2764 a
2563 2711 2804 2767 barbaris
2835 2712 3078 2783 gentibus
3131 2717 3507 2785 recuperabat.

265 2789 1020 2862 Thessalonicensem,315
1044 2789 1584 2860 atqueJustinianam
1613 2792 1654 2861 Ι,
1679 2794 1837 2862 cujus
1929 2799 2054 2868 jure
2093 2785 2405 2869 patriarcha
2467 2799 3089 2878 Constantinopolitanus
3145 2807 3512 2861 ordinationes

255 2883 490 2954 quidem
514 2881 772 2937 esarcbia
801 2897 867 2936 ex
891 2891 1044 2950 parte
1069 2879 1578 2940 Thessalonicensis
1607 2885 1833 2949 coaluit,

1939 2888 2186 2948 habebat,
2222 2905 2341 2942 cum
2375 2888 2540 2942 Roma
2580 2891 2750 2946 modis
2795 2895 3036 2947 omnibus
3065 2911 3097 2948 a
3135 2894 3511 2950 Constantina-

269 2977 434 3045 idque
466 2989 532 3030 ex
557 2968 856 3028 Iustiniani
885 2971 928 3036 Ι,
969 2973 1113 3044 quod
1158 2981 1286 3028 ante
1329 2959 1690 3043 ostendimus,
1742 2993 1842 3032 au-
1891 3028 1904 3040 χ
1940 2981 2052 3048 poli
2089 2981 2326 3035 alienata
2379 2981 2504 3035 aliis
2561 3000 2673 3036 sese
2729 2983 3080 3040 submisisset.
3134 2985 3340 3057 Papam
3391 3000 3515 3042 vero

267 3067 540 3122 ctoritate.
592 3063 696 3120 Sed
749 3063 984 3118 Romani
1034 3065 1276 3136 episcopi
1337 3066 1392 3120 in
1446 3064 1771 3122 Justiniante
1817 3067 1837 3122 l
1864 3110 1907 3168 ο
1939 3085 2118 3142 partes
2173 3071 2386 3140 aliquas
2433 3083 2588 3126 antea
2637 3075 2692 3128 in
2741 3073 2932 3129 Sicilia
2979 3075 3291 3145 obtinuisse,
3332 3076 3512 3132 mani-

267 3155 583 3211 exarehiam
626 3155 752 3224 jura
798 3153 1042 3218 desiere,
1097 3155 1452 3223 pessumdata
1505 3171 1536 3210 a
1585 3156 1837 3229 Bulgaris

261 3245 534 3312 Ecclesia,
569 3245 661 3316 qui
695 3259 790 3301 eas
821 3255 1162 3314 occuparunt
1199 3247 1452 3317 regiones
1491 3265 1506 3302 :
1545 3263 1674 3303 cum
1706 3265 1838 3304 vero

265 3353 416 3401 anno
447 3335 545 3391 86!
588 3337 780 3406 religio
829 3335 884 3390 in
914 3335 1194 3417 \Bulgaria
1248 3338 1508 3394 restituta
1555 3338 1838 3396 Michaelis

265 3433 415 3503 τίείς
449 3447 636 3502 opera,
681 3431 1014 3486 reclamante
1056 3431 1266 3486 frustra
1321 3433 1571 3486 Romano
1603 3433 1839 3502 patriar-

259 3525 394 3588 cha,
430 3524 648 3578 subdita
689 3522 1048 3592 Bulgarorum
1084 3523 1328 3579 Ecclesia
1373 3525 1836 3594 Constatttitmpo-
1869 3540 1886 3594 ι

265 3615 440 3670 litano
471 3615 924 3686 archiepiscopo,
973 3631 1146 3686 eaque
1177 3615 1245 3670 de
1283 3631 1342 3670 re
1381 3617 1663 3671 decretum
1700 3619 1836 3672 scri-

265 3717 418 3776 ptum
455 3722 597 3760 anno
639 3705 746 3761 859
799 3708 855 3762 in
889 3707 1104 3777 synodo
1132 3723 1226 3762 vm
1260 3708 1596 3764 (ecumenica
1619 3747 1636 3773 ,
1687 3709 1836 3764 Con-

263 3799 752 3868 stantinopolitana
794 3813 866 3853 vn
896 3839 910 3860 ,
981 3799 1365 3854 ohnitentihus
1416 3799 1542 3854 licet
1601 3799 1835 3857 Romani

261 3891 546 3960 pontiﬁcis
575 3891 790 3960 legatis.
818 3889 1060 3944 Tandem
1094 3905 1224 3944 vero
1252 3891 1356 3944 sub
1396 3889 1598 3945 Basilio
1628 3892 1669 3946 ll
1704 3891 1838 3946 Por-

262 3979 696 4050 phyrogenneta,
717 3979 1001 4044 Achridis,
1028 3979 1144 4034 sive
1165 3976 1490 4034 Jostiniana:
1516 3979 1535 4032 l
1561 3981 1834 4036 exarchus

259 4069 638 4140 αὐτοκέφαὶρς
661 4069 854 4134 audiit,
882 4071 952 4124 ita
986 4081 1042 4123 ut
1073 4070 1206 4124 nulli
1240 4080 1456 4140 pareret
1485 4070 1832 4141 patriarchae,

259 4163 345 4217 uti
377 4163 648 4218 discimus
671 4178 738 4216 ex
759 4161 867 4217 Nili
897 4162 1217 4233 Doxopatrii
1253 4163 1450 4218 netitia
1485 4163 1833 4234 patriarcha-

260 4269 444 4321 suum,
474 4269 636 4322 quam
679 4255 853 4310 edidit
886 4253 1209 4324 Stephanus
1242 4253 1493 4326 Moynius
1527 4255 1580 4308 in
1625 4254 1834 4324 sylloge

257 4350 546 4405 variorum
572 4349 991 4418 opusculorum.
1026 4347 1601 4406 Thessalonicensem.
1634 4355 1688 4402 et
1719 4348 1832 4402 Co-

1939 3164 2133 3233 festum
2184 3163 2244 3233 ﬁt
2275 3181 2340 3219 ea:
2399 3163 2520 3217 Vita
2560 3167 2732 3218 sancti
2767 3165 3008 3236 (ἕτερογῇ
3056 3168 3510 3239 Agrigentinorum

1939 3255 2111 3317 urbis,
2151 3271 2268 3323 qua:
2309 3272 2448 3308 nunc
2501 3253 2837 3325 Cregentium
2891 3257 3106 3324 dicitur,
3151 3260 3379 3328 episcopi
3409 3277 3428 3312 :
3457 3263 3508 3314 in

1937 3361 1997 3398 ea
2028 3344 2285 3411 siquidem
2315 3336 2572 3412 sci-iptum
2597 3355 2675 3399 est
2709 3363 2901 3416 papam
2931 3358 3168 3402 sanctum
3199 3349 3510 3421 Gregorium

1939 3436 2405 3506 Agrigentinorum
2440 3439 2742 3507 episcopum
2795 3437 3109 3502 ordinasse;
3156 3439 3247 3493 sed
3275 3455 3336 3494 eo
3381 3449 3511 3493 tent-

1936 3540 2062 3593 pore
2109 3524 2278 3581 Roma
2327 3527 2561 3581 nondum
2602 3527 2810 3596 penitus
2859 3538 3108 3594 separata
3145 3540 3257 3583 erat
3293 3547 3326 3583 a
3373 3529 3508 3584 Con-

1937 3619 2310 3688 stantinopoli.
2344 3617 2575 3673 Tenebat
2613 3620 2792 3690 itaque
2843 3622 3036 3674 multos
3083 3622 3147 3674 ab
3187 3622 3309 3675 hinc
3343 3639 3509 3676 annos

1938 3707 2566 3778 Constantinopolitanus
2606 3727 2672 3764 ea:
2699 3720 2848 3774 parte
2877 3722 2926 3765 et
2967 3711 3235 3778 Siciliam,
3264 3723 3314 3766 ct
3343 3713 3508 3768 Cala-

1937 3799 2134 3865 briam,
2163 3809 2212 3854 et
2245 3816 2384 3868 papa
2412 3799 2646 3869 paucula
2677 3800 2946 3870 qua'dam,
2975 3801 3423 3868 quemadmodum
3457 3811 3511 3854 et

1935 3888 1991 3942 in
2029 3886 2422 3958 Longobardia,
2467 3903 2630 3956 usque
2657 3887 2728 3940 ad
2760 3890 3184 3956 separationem;
3215 3899 3338 3942 tunc
3368 3893 3505 3944 enim

1934 3989 2212 4047 separatus
2257 3987 2338 4031 est
2393 3978 2458 4030 ab
2509 3977 2592 4031 Itis
2657 3977 2955 4046 regionibus
3012 3994 3154 4048 papa
3209 3990 3372 4048 usque.
3432 3981 3504 4032 ad

1937 4066 2268 4122 Francorum
2336 4069 2636 4122 adventum.
2700 4065 2856 4121 Haud
2910 4083 3032 4122 sum
3083 4079 3342 4136 gravatus
3395 4079 3502 4124 tam

1936 4159 2108 4213 multa
2157 4160 2376 4224 alterm,
2419 4158 2552 4228 quia
2601 4175 2707 4213 non
2742 4175 2912 4229 pauca
2947 4161 2999 4214 in
3047 4161 3116 4216 iis
3157 4163 3504 4218 animadver-

1935 4249 2090 4306 sione
2129 4249 2480 4320 dignissima.

2006 4339 2244 4394 XXXIV.
2284 4339 2562 4408 Principio
2597 4337 2718 4394 falsi
2752 4347 3085 4410 arguuntur,
3122 4341 3215 4410 qui
3243 4340 3504 4396 Romanae

249 4441 525 4495 ﬁmhiam
561 4441 899 4502 εςπειιίεηι,
941 4439 1402 4510 quemadmodum
1451 4449 1520 4493 ει.
1557 4440 1826 4501 Siciliam,
1862 4459 1906 4513 υ
1936 4431 2284 4501 patriarchia:
2325 4431 2746 4486 distractionem
2789 4429 2861 4484 ab
2904 4430 3106 4486 Leonis
3151 4432 3322 4488 lsauri
3365 4441 3504 4487 tem-

244 4539 314 4589 et
349 4530 688 4594 Calabriam,
721 4545 752 4585 e
782 4529 1029 4584 Romana
1053 4530 1388 4599 patriarchia
1419 4531 1643 4586 avulsas
1667 4531 1831 4602 vulgo

245 4621 453 4679 volunt
501 4623 570 4674 ab
604 4619 786 4676 Leone
816 4621 957 4690 Aug.
1002 4619 1266 4686 Isaurico,
1299 4635 1410 4690 quo
1458 4621 1716 4690 injuriam
1749 4623 1832 4676 ul-

243 4713 564 4770 cisceretur
587 4727 616 4765 a
643 4709 908 4780 Gregorio
939 4709 982 4764 ll
1015 4690 1262 4765 Romano
1286 4710 1545 4780 episcoivo
1571 4711 1676 4765 sibi
1711 4710 1832 4764 illa-

244 4818 394 4868 tam,
419 4803 580 4873 cujus
614 4818 779 4872 opera
805 4801 1020 4857 Italiam
1049 4801 1120 4857 ab
1155 4817 1220 4858 eo
1243 4801 1510 4857 defecisse
1540 4803 1828 4857 traditum.

249 4895 366 4952 Sed
403 4896 562 4964 longe
591 4903 718 4948 ante
757 4894 872 4948 tuaac
906 4904 1150 4962 tempora
1187 4893 1446 4948 laudatus
1485 4894 1650 4947 modo
1676 4891 1832 4948 Nilus

247 4988 464 5045 factum
508 4985 692 5040 isthuc
727 4984 946 5050 scribit,
981 4984 1050 5040 de
1082 4983 1694 5053 Constantinopolitano
1735 4999 1831 5053 pu-

245 5077 502 5134 triarcha
532 5077 833 5139 disserens,
853 5076 1012 5144 cujus
1047 5075 1162 5130 hinc
1197 5075 1368 5129 recito
1404 5073 1560 5129 Latio
1590 5075 1826 5130 donata:

241 5172 460 5226 Rursus
495 5185 559 5222 ex
605 5167 938 5224 Occidentuli
971 5167 1180 5221 dioecesi
1213 5165 1318 5218 duo
1378 5165 1593 5220 exarchi
1637 5165 1832 5218 simili-

244 5276 352 5329 ter,
383 5263 601 5334 reliquis
627 5258 1054 5330 metropolitanis
1079 5255 1352 5325 subjectis,
1375 5255 1540 5309 multo
1563 5267 1828 5325 prtestan-

243 5360 413 5413 tiores
465 5371 518 5410 se
563 5343 935 5422 subiecerunt,
995 5347 1478 5403 Thessalonicensis
1528 5364 1730 5418 nempe,
1778 5357 1828 5402 et

242 5447 590 5508 Cerinthitts,
625 5463 756 5515 quos
795 5444 961 5497 secuti
1001 5449 1122 5496 sunt
1153 5440 1503 5510 metropolita:
1538 5440 1750 5504 reliqui,
1779 5451 1828 5494 et

242 5540 658 5605 archiepiscopi,
687 5537 778 5606 qui
802 5534 896 5589 sub
923 5532 1029 5586 illis
1053 5543 1298 5586 erant....
1331 5531 1526 5586 Sicilia
1548 5541 1824 5600 prwterea.

241 5641 297 5684 et
333 5627 591 5684 Calabria
622 5641 677 5679 se
705 5623 1295 5690 Constantinopolitano
1334 5619 1744 5692 supposuerunt.
1777 5636 1826 5678 et

175 5761 194 5770 -
241 5730 442 5778 sancta
475 5719 760 5783 Seuerino,
795 5734 912 5790 quae
953 5729 998 5772 et
1046 5715 1322 5786 Nicopolis
1351 5715 1664 5770 dicitur“...
1713 5715 1824 5770 An-

1937 4523 2162 4594 poribus
2210 4531 2510 4591 repetunt,
2553 4537 2680 4576 cum
2735 4521 2910 4576 multo
2973 4533 3262 4592 antequam
3327 4523 3501 4582 Roma

1936 4615 2156 4684 penitus
2209 4629 2240 4666 a
2292 4611 2908 4682 Constantinopolitano
2973 4613 3302 4690 imperat/ore
3349 4615 3503 4670 (lt-le-

1933 4707 2122 4773 cisset,
2160 4705 2275 4772 jam
2350 4703 2484 4757 illud
2547 4704 2868 4760 usurenisse
2924 4703 3116 4760 doceat
3165 4707 3352 4766 bitus;
3403 4725 3500 4764 ne~

1933 4814 2037 4868 que
2073 4806 2252 4852 tamen
2296 4795 2386 4849 illa
2442 4793 2724 4860 deiecerit,
2782 4796 2884 4851 nisi
2933 4797 3036 4852 sub
3085 4796 3262 4854 Leone
3315 4801 3504 4858 Isauro

1933 4905 2078 4944 anno
2109 4887 2232 4954 726,
2266 4902 2376 4958 quo
2407 4887 2628 4946 ducem.
2677 4886 2765 4941 cui
2810 4901 2992 4941 rerum
3026 4905 3241 4948 sumina
3274 4893 3502 4960 credita,

1933 4981 2036 5036 sibi
2093 4990 2321 5037 senatus
2365 4979 2714 5049 papulasque
2764 4979 2949 5049 elegit,
2997 4995 3330 5053 quamquam
3380 4997 3504 5053 post

1934 5073 1987 5127 in
2019 5073 2259 5128 cilicium
2297 5073 2495 5126 iterum
2549 5071 2792 5137 redacta,
2844 5071 3020 5128 donec
3055 5090 3200 5130 anno
3230 5075 3332 5128 774
3363 5077 3505 5130 Con-

1932 5165 2174 5219 stantino
2203 5163 2554 5234 Copronymo
2585 5163 2727 5232 Aug.
2769 5163 2977 5234 regium
3013 5166 3304 5234 imperium
3340 5180 3501 5234 pror-

1931 5270 2026 5311 sus
2054 5255 2382 5318 excusserit,
2419 5255 2474 5308 in
2508 5254 2786 5323 pontiﬁcis
2826 5255 2912 5308 sui
2953 5254 3082 5324 jura
3119 5270 3244 5310 sese
3295 5253 3500 5309 dedens

1935 5344 2032 5416 (γ.
2063 5345 2193 5415 Pag.
2237 5345 2305 5398 ad
2341 5363 2431 5400 an.
2469 5345 2573 5400 796
2615 5355 2671 5399 et
2713 5345 2892 5416 799);
2941 5347 3072 5415 quin
3121 5354 3310 5418 aperte
3349 5343 3502 5400 Nilus

1933 5445 2189 5504 testatur,
2225 5438 2526 5492 accessisse
2561 5436 2830 5499 Siciliam,
2883 5437 3232 5500 Calabriam,
3279 5435 3500 5490 Cretam

1929 5527 2540 5597 Constantinopolitano
2578 5528 2930 5600 patriarchae,
2977 5542 3102 5602 eum
3141 5525 3372 5581 Barbari
3410 5529 3502 5583 de-

1927 5623 2181 5691 prehenso
2211 5637 2348 5692 papa
2391 5621 2608 5674 Romam
2656 5618 2883 5687 spolium
2931 5617 3129 5686 {uetant
3162 5619 3216 5672 in
3259 5621 3500 5690 proprios

1929 5730 2056 5770 usus
2121 5723 2516 5776 converterunt;
2588 5695 2884 5780 itidemque
2931 5710 3125 5766 SCtiiIil
3176 5711 3228 5766 in
3287 5709 3498 5778 Longo-

3369 315 3507 387 tets
3604 303 3608 307 ’
