3928 6206
385 345 390 350 _
445 269 583 335 ιρις)

1333 223 1456 350 :DE
1487 268 1748 329 mare
1783 268 1844 328 s.
1871 266 2246 328 ensconn
2285 265 2798 334 AGRIGENTINI

3527 271 3626 336 19.20

445 384 635 439 hardia
685 381 1094 448 transtiberina,
1150 381 1458 452 Apuliaque
1498 383 1778 453 principes
1827 372 2016 437 Eccle-
2045 390 2085 442 Λ
2118 381 2360 468 rinthius
2392 381 2706 451 episcopus.
2750 376 2917 444 Quid,
2956 375 3102 446 quod
3139 377 3480 468 secessionem
3513 382 3625 439 illam

446 474 561 530 sias
607 468 1224 542 Constantinopolitano
1265 471 1527 542 episcopo
1558 472 1878 536 adhaesisse,
1911 471 2021 526 Ro-

441 577 610 619 mano
663 561 927 617 Barbaris
973 561 1214 616 maxime
1266 561 1534 630 obnoxio,
1591 563 1814 632 haecque
1863 564 1916 616 in
1957 577 2022 618 ea

343 661 362 670 ’
444 655 790 711 conveniunt
818 663 1091 724 tempora,
1125 669 1250 724 quae
1290 655 1528 708 Leonem
1577 654 1830 710 lsaurum
1881 671 2024 722 prae-

353 789 357 794 .
443 747 737 808 cesserint,
768 761 894 801 cum
948 746 1166 801 scilicet
1197 745 1546 816 Longobardi
1589 761 1745 814 reges
1784 746 2021 808 Italiam,

445 847 612 909 atque
659 839 836 913 ipsam
871 837 1008 892 adeo
1057 837 1286 891 Romam
1329 837 1600 892 aerumnis
1645 837 2020 892 cumularunt.

444 929 607 984 Certe
638 943 786 984 anno
820 927 947 994 658,
995 943 1126 982 cum
1172 927 1381 982 Paulus
1427 927 1771 997 metropolita
1825 926 2022 992 Cretae,

445 1033 573 1088 qua
631 1017 1145 1082 Thessalonicensis
1201 1017 1476 1072 exarchia
1532 1019 1750 1089 portio,
1814 1019 2024 1072 irritam

447 1105 709 1161 habuerit
757 1104 990 1161 Joannis
1021 1105 1326 1176 Loppensis
1369 1094 1476 1160 sua
1515 1106 1568 1160 in
1601 1107 1876 1176 provincia
1913 1108 2027 1177 epi—

445 1198 600 1268 scopi
638 1199 1086 1268 provocationem
1137 1197 1203 1252 ad
1246 1196 1582 1253 Vitalianum
1627 1207 1844 1269 papam,
1895 1201 2026 1270 quid

447 1287 553 1342 hoc
579 1297 685 1354 est,
718 1289 826 1343 nisi
861 1290 914 1342 in
951 1287 1232 1343 Vitaliano
1262 1289 1592 1358 patriarchae
1621 1291 1707 1343 sui
1735 1303 2026 1359 personam

446 1378 593 1434 haud
624 1380 950 1450 agnovisse?
986 1380 1210 1435 Adeone
1239 1395 1425 1433 rerum
1452 1379 1787 1450 imperitum,
1819 1381 1902 1435 vel
1943 1380 2030 1434 in-

447 1483 644 1524 sanum
687 1470 846 1524 nobis
885 1469 1038 1524 illum
1077 1471 1351 1538 fingamus
1379 1508 1395 1534 ,
1445 1486 1606 1539 quem
1662 1471 1745 1524 vel
1799 1470 2025 1540 fugerit,

443 1559 592 1628 quod
625 1569 681 1614 et
713 1557 1004 1621 Caesareis,
1031 1569 1084 1614 et
1111 1561 1505 1616 ecclesiasticis
1538 1571 1753 1615 cantum
1795 1561 2026 1632 legibus,

445 1651 614 1706 licere
640 1651 900 1720 episcopo
929 1667 959 1705 a
995 1653 1353 1721 metropolitae
1374 1652 1580 1720 judicio
1606 1654 1671 1706 ad
1701 1653 2028 1722 patriar-ehi-

445 1757 571 1797 cum
595 1741 833 1796 tribunal
855 1742 1148 1812 appellare,
1175 1743 1281 1808 vel,
1306 1757 1432 1796 cum
1458 1742 1587 1796 illud
1619 1747 1786 1813 probe
1818 1752 2020 1810 nosset,

444 1832 788 1902 prohibuerit
821 1841 1001 1887 tamen
1043 1833 1344 1903 legitimum
1387 1833 1720 1903 judiciorum
1759 1833 2025 1888 cursum?

447 1923 504 1977 Si
543 1922 660 1978 hac
687 1939 794 1978 non
823 1923 1038 1988 demus,
1071 1907 1448 1978 aﬂirmandum
1482 1923 1729 1991 tandem,
1755 1924 2022 1981 Joannem

446 2011 784 2083 Loppensem
815 2014 1128 2082 episcopum
1163 2028 1269 2066 non
1304 2013 1426 2068 ideo
1463 2015 1529 2069 ad
1564 2013 1892 2069 Vitalianum
1927 2029 2025 2085 ap-

444 2101 698 2169 pellasse,
724 2103 868 2171 quod
905 2101 957 2154 in
983 2116 1051 2157 eo
1079 2103 1161 2155 sui
1195 2104 1584 2172 patriarcham,
1607 2105 1698 2159 sed
1729 2105 1872 2174 quod
1905 2107 2026 2160 uni-

443 2203 621 2244 versa
654 2187 1092 2244 Christianorum
1124 2189 1290 2261 316
1315 2190 1574 2246 Ecclesia
1605 2204 1763 2263 caput
1799 2195 2028 2263 protite—

447 2289 642 2346 retur;
679 2280 1059 2334 intercessisse
1076 2279 1306 2334 Paulum
1333 2283 1708 2352 appellationi,
1741 2284 1868 2353 quia
1901 2299 2025 2339 raro

445 2371 513 2426 ad
545 2370 853 2426 Romanum
891 2373 1200 2440 pontiﬁcem
1237 2383 1588 2442 provocatum
1612 2375 1680 2428 ab
1716 2375 1782 2430 iis
1811 2376 2024 2446 episco-

445 2463 550 2532 pis,
569 2464 662 2531 qui
680 2463 768 2515 alii
791 2461 1437 2530 subessentpalriarcha,
1457 2464 1584 2532 quin
1603 2464 1773 2518 turha
1789 2472 2022 2540 exorta;

451 2552 674 2620 quando
714 2549 1001 2603 invidiosa
1031 2564 1245 2618 semper
1279 2551 1672 2619 appellationes
1711 2553 1776 2606 ad
1825 2552 2026 2607 Roma-

447 2657 580 2698 num
609 2644 926 2712 episcopum
950 2659 964 2704 ;
992 2642 1131 2712 adeo
1172 2649 1229 2694 ut
1258 2656 1324 2695 ne
1355 2642 1456 2711 ipsi
1497 2641 1715 2712 quidem
1755 2642 1872 2698 Afri
1903 2645 2025 2702 illas

445 2732 671 2788 siverint
697 2747 712 2798 ;
745 2743 800 2785 et
839 2742 1022 2786 tamen
1047 2748 1234 2786 ιοΓυιιιι
1253 2729 1494 2787 Ecclesia
1512 2731 1770 2788 Romana
1797 2735 2026 2804 patriar-

446 2825 584 2877 chia
629 2823 977 2888 contributa;
1035 2824 1164 2892 quia
1217 2824 1407 2893 primis
1469 2822 1726 2880 Ecclesia
1784 2827 2021 2894 saculis,

446 2915 670 2984 perinde
697 2929 756 2969 se
781 2923 1070 2984 gesserunt
1091 2913 1576 2984 Carthaginienses
1613 2916 1852 2986 episcopi
1877 2915 2024 2970 Afri-

445 3021 600 3060 cana
630 3005 887 3060 Ecclesia
931 3005 1150 3059 exarchi
1176 3046 1192 3069 ,
1243 3017 1406 3075 atque
1432 3007 1572 3062 .suis
1603 3007 1659 3061 iu
1693 3006 2024 3064 dioecesibus

445 3095 828 3163 Alexandrini,
869 3097 1238 3164 Antiocheni,
1274 3093 1534 3165 Ephosini
1561 3136 1577 3163 ,
1634 3097 2025 3166 Casarienses,

449 3186 847 3252 lleraclienses,
881 3187 1104 3257 quando
1136 3187 1346 3242 nullum
1373 3187 1658 3258 imperium
1678 3205 1844 3261 supra
1865 3205 2028 3246 exar-

445 3279 663 3332 chicum
697 3279 876 3348 majus
913 3296 926 3332 :
964 3293 1145 3348 neque
1179 3279 1401 3332 tandem
1425 3279 1703 3349 subjectos
1751 3297 1872 3336 sese
1913 3280 2027 3338 Βο-

447 3385 612 3423 manu
645 3369 969 3438 patriarcha
1001 3383 1243 3435 sensere,
1273 3369 1379 3424 nisi
1407 3385 1471 3424 ex
1504 3371 1826 3426 auctoritate
1851 3372 2026 3428 Justi-

447 3459 644 3514 nianil
683 3459 853 3528 Aug.,
887 3459 978 3526 qui
1034 3458 1303 3512 novellam
1357 3459 1528 3514 edidit
1578 3461 2023 3518 constitutionem

447 3549 556 3604 1‘23
577 3587 594 3614 ,
646 3565 754 3617 qua
787 3546 1048 3602 Romana
1080 3548 1429 3618 patriarchia:
1453 3550 1579 3620 jura
1631 3551 1684 3606 in
1739 3555 2026 3612 universas

446 3636 762 3693 Occidentis
794 3635 1072 3692 Ecclesias
1101 3677 1116 3701 ,
1170 3636 1225 3690 in
1256 3652 1488 3707 quarum
1521 3654 1746 3695 censum
1783 3645 2024 3712 reposita

445 3726 700 3784 Africana
723 3767 739 3793 ,
770 3727 966 3782 diil‘usa
987 3769 1003 3795 ,
1039 3728 1500 3798 quemadmodum
1535 3747 1632 3802 par
1665 3731 1833 3788 iatnm
1863 3743 2023 3790 antea

448 3819 684 3874 tulerant
723 3818 924 3884 Miana,
949 3817 1192 3882 Pontica,
1211 3819 1474 3876 'l'hracica
1496 3821 1758 3892 Ecclesia,
1789 3839 2020 3894 quarum

445 3909 667 3964 exarrhi
727 3908 1340 3980 Constantinopolitano
1405 3913 1730 3982 patriarchae
1780 3917 2022 3973 cervices

445 4000 760 4064 subdidere,
803 4001 895 4070 qui
933 4003 1176 4071 ipsorum
1208 4003 1333 4073 jura
1367 4005 1681 4074 adoptavit,
1719 4023 1842 4061 cum
1871 4009 2022 4078 prius

447 4105 632 4146 merus
654 4089 788 4146 foret
815 4091 1143 4164 suffragator
1161 4093 1452 4164 cpiscopus
1474 4095 1702 4165 Europa
1731 4099 2022 4166 provincia

445 4181 824 4249 tnetropolita,
860 4182 962 4236 hoc
989 4191 1069 4234 est
1106 4181 1488 4239 Heracleensis
1520 4186 1758 4256 episcopi
1783 4227 1798 4252 ,
1824 4189 1917 4256 qui
1946 4188 2020 4243 si-

445 4275 558 4327 mul
588 4273 858 4326 exarehus
881 4271 1129 4348 Thracia
1151 4274 1452 4329 diaceseos
1477 4292 1542 4330 ex
1573 4277 1808 4347 Europa,
1839 4277 2020 4333 Thra-

2123 465 2371 542 Gregorii
2399 471 2569 528 nostri
2599 477 2936 539 tempestate,
2959 481 3121 538 quem
3139 465 3305 522 Leoni
3342 469 3506 526 lsauro
3527 489 3629 543 pre-

2127 559 2296 618 ivisse
2330 577 2490 616 nemo
2519 561 2760 626 dubitat,
2794 559 2993 614 factam
3021 559 3133 628 jam
3162 557 3314 613 Nilus
3333 561 3628 631 demonstrat,

2123 668 2234 722 quo
2259 653 2530 707 scribente
2548 650 2842 706 notissima
2864 648 3110 718 exempla
3141 661 3340 711 omnia,
3367 665 3474 718 qua
3492 652 3629 716 nobis.

2125 740 2350 796 amissis
2383 748 2690 808 temporum
2727 737 2928 808 injuria
2953 737 3318 791 monumentis
3341 778 3356 803 ,
3403 737 3538 806 plane
3561 740 3632 794 ob-

2081 849 2086 852 ·
2125 847 2330 895 scura;
2380 829 2518 885 adeo
2553 837 2614 884 ut
2645 845 2714 884 ne
2741 827 3074 900 Hydruntini
3113 818 3217 897 ipsi
3247 865 3262 890 ,
3300 827 3386 896 qui
3429 828 3634 884 Ecclesia

2061 1723 2100 1778 Β

2055 3063 2098 3122 C

2125 937 2243 978 sua
2275 937 2363 977 res
2396 936 2522 976 cum
2554 919 2904 975 Ferdinando
2933 919 3166 988 Ughello
3204 919 3633 984 communicatum.

2128 1011 2337 1082 aliquid
2370 1010 2694 1066 subodorati
2722 1011 2788 1065 de
2815 1011 3005 1065 Marco
3031 1009 3305 1080 episcopo,
3334 1024 3487 1076 eoque
3509 1012 3634 1067 omis-

2129 1117 2227 1157 sus
2263 1102 2334 1156 ab
2367 1099 2648 1170 Ughello?

2131 1177 2147 1194 ‘
2198 1191 2415 1248 xxxv.
2455 1192 2660 1248 Deinde
2685 1207 2750 1246 ex
2783 1205 2870 1257 eo,
2919 1189 3066 1262 quod
3097 1190 3278 1254 Nilus,
3338 1199 3392 1245 ιιι
3437 1193 3636 1248 ostendat

2129 1283 2341 1354 aliquot
2379 1283 2432 1336 in
2475 1283 2662 1338 Sicilia
2711 1281 2986 1340 Ecclesias
3015 1276 3383 1352 supei'stitisse
3423 1299 3527 1351 qua
3555 1283 3634 1338 lio-

2145 1391 2309 1430 mano
2345 1374 2587 1444 pontiﬁci
2627 1381 2904 1445 parerent,
2944 1372 3194 1444 Gregorii
3221 1373 3668 1444 Agrigentinorum-

2129 1465 2370 1536 episcopi
2389 1466 2657 1536 producat
2675 1465 3154 1536 inaugurationem
3171 1480 3201 1518 a
3219 1464 3442 1519 Romana
3453 1467 3636 1534 patriar-

2137 1557 2240 1613 cha
2267 1567 2544 1627 peractam
2574 1599 2590 1623 ,
2622 1573 2824 1613 novum
2850 1557 3104 1613 elicimus
3148 1570 3533 1629 argumentum,
3556 1575 3635 1630 quo

2137 1649 2308 1718 ipsius
2345 1657 2560 1703 atatem
2587 1689 2604 1716 ,
2659 1658 2852 1703 contra
2902 1662 3070 1718 quam
3130 1647 3415 1703 Caietanus
3460 1649 3630 1704 sentiat.

2131 1737 2606 1792 constabiliamus.
2663 1736 2834 1792 Nemo
2892 1737 3026 1791 mihi
3087 1737 3391 1808 negaverit,
3441 1737 3633 1808 Gregorii

2131 1827 2309 1905 ἱξεεηί
2343 1836 2590 1899 tempore
2619 1828 2818 1884 Sicilia
2845 1830 3118 1884 universa
3150 1827 3410 1884 Ecclesias
3446 1829 3527 1882 uni
3558 1827 3634 1882 Ro-

2132 1933 2294 1972 mano
2348 1919 2671 1986 patriarcha:
2723 1920 3174 1990 obtemperasse,
3226 1920 3363 1996 quod
3407 1935 3464 1973 ex
3505 1919 3630 1988 ipsius

2130 2009 2377 2078 epistolis
2442 2020 2674 2065 constat.
2742 2009 2908 2079 Atqui
2962 2008 3260 2082 Gregorius
3327 2007 3629 2078 pontiﬁcatum

2131 2100 2433 2155 maximum
2468 2101 2750 2170 ingressus
2780 2113 2928 2154 anno
2961 2099 3092 2167 590,
3125 2099 3194 2156 ab
3225 2099 3495 2155 Jnstiniani
3528 2097 3630 2154 lex-

2131 2206 2286 2246 cessu
2317 2192 2407 2248 25.
2441 2191 2498 2246 Si
2531 2193 2696 2263 igitur
2714 2191 3014 2263 Gregorius
3051 2193 3429 2264 Agrigentinus
3457 2191 3542 2247 sub
3562 2189 3630 2244 Ju-

2131 2285 2374 2340 stiniano
2409 2287 2546 2356 Aug.
2576 2285 2732 2350 visit,
2761 2296 2814 2339 et
2846 2301 2912 2340 eo
2941 2287 3166 2355 quidem
3225 2284 3506 2341 Justiniano
3553 2298 3631 2354 quo

2133 2391 2313 2428 rerum
2337 2375 3084 2446 ConstantinOpolitauarum
3112 2377 3332 2432 domino
3354 2375 3512 2430 Sicilia
3539 2389 3628 2443 par-

2132 2466 2228 2521 tim
2259 2467 2904 2538 Constantinopolitano,
2942 2469 3150 2538 partim
3198 2466 3430 2522 Romano
3469 2465 3628 2520 subdita

2132 2557 2474 2627 patriarcha,
2501 2559 2547 2614 si
2579 2559 2682 2612 suh
2712 2557 3030 2614 Justiuiano
3062 2558 3081 2612 l
3143 2559 3286 2613 nulla
3309 2557 3507 2614 omnino
3528 2555 3626 2610 Sici-

2132 2647 2216 2702 lia
2243 2647 2487 2703 licclesia
2517 2664 2546 2702 a
2580 2649 2815 2704 Romani
2853 2650 3140 2719 pontilicis
3176 2650 3298 2716 jure
3332 2648 3514 2712 avulsa,
3543 2646 3627 2714 quis

2132 2723 2239 2793 non
2286 2731 2784 2811 intelligat,’nnius
2825 2739 3124 2797 Justiniani
3164 2740 3210 2795 ll
3245 2741 3383 2796 atati
3415 2737 3624 2794 vindican-

2130 2828 2307 2884 dum?
2338 2829 2494 2897 Quod
2529 2832 2574 2888 si
2607 2847 2734 2886 vero
2751 2829 3304 2902 JustinianollAug.,
3331 2841 3383 2886 et
3409 2832 3456 2884 in
3475 2828 3625 2889 Sicilia.

2129 2929 2184 2977 et
2219 2922 2274 2976 in
2305 2921 2686 2990 Longobardia
2719 2923 3149 2996 transtyberina,
3181 2932 3237 2978 et
3265 2923 3403 2987 alibi,
3429 2921 3627 2977 diminuta

2130 3010 2363 3067 Romani
2414 3013 2741 3082 patriarcha
2766 3013 2914 3084 jura,
2954 3029 3082 3084 qua
3115 3013 3216 3070 sibi
3251 3010 3628 3077 Constantinopa

2135 3104 2344 3160 litanus
2377 3108 2668 3178 arrogarit,
2700 3107 2892 3178 quidni
2921 3124 3081 3179 aque
3122 3107 3382 3164 fateamur
3419 3108 3535 3161 idem
3570 3102 3626 3158 fa-

2127 3205 2276 3250 ctum
2297 3195 2350 3250 in
2371 3195 2850 3253 Thessalonicensi
2875 3207 2930 3254 et
2978 3198 3330 3254 Corinthiaco
3354 3196 3624 3268 potissimum

2125 3279 2381 3338 esaréhia
2413 3322 2427 3346 ,
2487 3285 2709 3354 quando
2754 3285 3018 3342 Leontius
3070 3286 3400 3342 certissimus
3455 3282 3626 3352 scriptor

2133 3374 2294 3428 nobis
2347 3376 2569 3445 prodit,
2630 3376 2975 3434 Corinthium
3008 3379 3324 3448 episcopum
3367 3392 3396 3430 e
3421 3381 3623 3431 conventu

2127 3463 2935 3540 fuisseConstantinOpolitano
2963 3470 3070 3524 sub
3082 3459 3343 3524 Callinico
3367 3463 3625 3539 patriarcha,

2125 3569 2156 3609 a
2181 3572 2288 3624 quo
2325 3557 2484 3626 legati
2513 3558 2597 3612 sui
2630 3573 2857 3614 munere
2874 3557 3106 3613 Romam
3134 3559 3352 3626 missus,
3387 3567 3438 3610 ut
3460 3556 3515 3610 de
3532 3551 3626 3608 Grc.

2127 3648 2260 3716 gorii
2287 3649 2540 3711 crimine,
2579 3650 2736 3717 cujus
2770 3649 3154 3715 insimulatus,
3187 3647 3474 3721 iudicaret?

2196 3741 2439 3798 XXXVI.
2471 3743 2738 3808 Equidem
2769 3746 2815 3802 si
2843 3747 3054 3816 aliquid
3092 3746 3197 3802 hoc
3229 3745 3347 3801 loco
3370 3742 3623 3812 conjectum

2123 3832 2385 3900 dandum,
2413 3850 2521 3888 non
2551 3836 2695 3891 male
2719 3834 2974 3902 dixerim,
3007 3836 3367 3893 defectionem
3403 3833 3524 3889 illam
3550 3826 3620 3883 Ec-

2123 3924 2417 3980 clesiarum
2467 3923 2708 3996 Illyrici,
2761 3925 3016 3992 Achaia,
3069 3928 3289 3994 Sicilia,
3323 3924 3547 3981 Calabria
3574 3915 3620 3970 ad

2121 4013 2795 4084 Constantinopolitanum
2851 4017 3266 4087 patriarcham,
3326 4015 3502 4071 factam
3549 4006 3621 4064 sub

2122 4104 2380 4158 Heraclio
2413 4104 2713 4161 Constante
2741 4105 2787 4160 ll
2807 4147 2822 4172 ,
2868 4117 2924 4162 et
2955 4105 3166 4179 Pyrrho
3198 4100 3620 4172 Constantinopoli-

2123 4204 2249 4249 lano
2269 4194 2551 4264 episcopo,
2569 4195 3052 4253 Monothelitarum
3080 4197 3353 4269 signifero.
3367 4196 3502 4266 cujus
3515 4187 3616 4262 quod

2121 4284 2338 4338 ἔκθεσιν
2392 4295 2448 4339 et
2475 4283 2644 4340 τύποὺ
2675 4289 3158 4346 anathematismis
3203 4290 3486 4346 devovisset
3514 4283 3617 4337 Mar-

443 4363 550 4426 cia,
593 4363 970 4426 lla'mimonte,
998 4362 1281 4433 Rhodope,
1311 4363 1495 4420 Moesia
1531 4366 1592 4428 li.
1627 4367 2015 4438 Scythia'pro-
2044 4390 2088 4443 ι)
2124 4376 2269 4428 tinus
2299 4389 2459 4444 papa,
2492 4391 2637 4430 anno
2683 4377 2819 4446 649,
2877 4379 2931 4432 in
2989 4379 3199 4434 Nasum
3245 4379 3459 4436 insulam
3490 4374 3616 4444 primo

2065 4496 2080 4502 -
2121 4473 2433 4533 asportatos
2461 4505 2475 4532 ,
2530 4467 2654 4522 inde
2706 4468 3242 4540 Constantinopolim
3272 4511 3286 4536 ,
3336 4470 3418 4523 ubi
3452 4462 3615 4534 injuriis

443 4543 744 4614 politanum
778 4543 1142 4610 patriarcham
1184 4545 1472 4600 ordinandi
1518 4557 1780 4618 perpetuo
1815 4551 2018 4604 mansit
2115 4555 2376 4611 omnibus
2405 4557 2719 4614 cumulatus
2754 4559 2807 4612 in
2840 4559 3249 4616 Chersonesum
3283 4559 3474 4614 tandem
3502 4548 3615 4608 exsul

442 4451 639 4506 vineiis
665 4458 960 4518 compactae
983 4491 998 4516 ,
1029 4466 1204 4520 eoque
1239 4455 1457 4509 nomine
1503 4455 1592 4525 jus
1622 4455 2014 4512 Constantino-

443 4631 498 4684 in
531 4629 882 4685 Heracleensi
917 4631 1211 4700 episcopo,
1264 4632 1357 4701 qui
1408 4633 1636 4689 honoris
1676 4651 1806 4706 ergo
1833 4636 2016 4690 dictus

443 4720 702 4790 προέδρος
730 4720 838 4774 τῶν
860 4721 1198 4792 ὑπερτίμων.
1230 4722 1410 4788 Quare
1445 4725 1830 4780 concludimus
1870 4741 2014 4780 anno

441 4809 548 4864 658
574 4809 791 4864 Cretam
823 4812 1184 4880 provinciam,
1215 4828 1336 4882 qua
1375 4828 1481 4866 una
1511 4830 1575 4868 ex
1630 4813 1663 4868 6
1713 4816 1855 4870 unde
1880 4831 2014 4870 con-

440 4899 568 4954 ﬂata
600 4897 1104 4954 Thessalonicensis
1133 4902 1411 4966 exarehia,
1452 4903 1771 4960 distractam
1820 4921 1850 4960 a
1903 4907 2014 4962 lio-

441 4990 590 5046 mani
624 4989 950 5061 patriarcha
976 4990 1364 5058 jurisdictione
1387 5029 1402 5054 ,
1451 5007 1626 5063 eoque
1659 4999 1906 5066 exempio
1931 5001 2014 5054 di-

443 5085 630 5138 vinare
656 5095 973 5152 possumus,
1011 5093 1078 5134 an
1103 5097 1254 5152 aque
1285 5092 1397 5137 tum
1429 5088 1688 5154 temporis
1715 5089 2012 5148 defecerint

439 5173 1047 5244 Consmntinopohtano
1078 5174 1402 5242 patriarcha
1447 5178 1741 5247 provincia
1791 5181 2009 5252 reliqua

395 5301 398 5308 -
441 5273 624 5338 cjusce
651 5267 942 5328 exarchia,
975 5267 1080 5322 hoc
1125 5277 1206 5323 est
1254 5266 1567 5324 Macedonia
1598 5270 1642 5329 i.
1699 5272 2006 5339 Thessalia,

439 5357 637 5430 ιενῖι-υε
666 5371 844 5425 verus,
883 5360 1081 5431 Epirus
1112 5375 1268 5423 nova,
1298 5370 1352 5414 et
1383 5359 1708 5419 Macedonia
1749 5367 2006 5424 salutaris

439 5465 588 5521 pars,
633 5460 748 5526 tum
780 5451 914 5506 adeo
943 5451 1146 5507 Achaia
1172 5490 1186 5514 ,
1223 5467 1343 5522 qua
1375 5457 1648 5522 quondam
1677 5471 1804 5526 pars
1834 5457 2007 5514 Thes-

438 5533 834 5610 salonicensis,
890 5545 1003 5600 sive
1033 5543 1348 5618 Illyricianzc
1381 5546 1720 5614 dimccseos;
1776 5551 2006 5606 subinde

441 5644 570 5687 vero
602 5635 892 5705 singularis
927 5635 1098 5690 audiit
1131 5637 1382 5692 evarehia
1409 5678 1425 5702 ,
1487 5637 1574 5692 cui
1623 5649 1850 5708 pra-crat
1890 5643 1997 5696 tio-

2115 4642 2349 4698 tnittitur
2373 4683 2388 4708 ,
2436 4645 2518 4699 sic
2560 4644 2857 4701 Constante
2887 4648 3028 4718 Aug.
3055 4649 3310 4717 jubente,
3361 4646 3441 4716 qui
3471 4639 3613 4713 Pyrrhi

2114 4743 2298 4802 partes
2343 4735 2707 4804 haresimque
2776 4737 3051 4794 tuebatur.
3086 4737 3218 4792 Tam
3263 4737 3470 4793 sceleste
3495 4731 3614 4802 igitur

2113 4825 2341 4880 animati
2371 4843 2497 4880 cum
2539 4826 2769 4884 fuissent
2805 4829 2859 4882 in
2897 4829 3192 4886 Martinam
3217 4845 3336 4886 cum
3369 4829 3482 4895 imp.
3511 4821 3614 4876 Cou-

2111 4927 2284 4983 stans,
2312 4927 2426 4972 tum
2459 4919 2698 4990 Pyrrhus
2737 4922 3042 4992 patriarcha
3063 4964 3078 4989 ,
3117 4922 3301 4994 quidni
3333 4921 3394 4976 ad
3423 4926 3608 4973 ratem.

2111 5008 2312 5076 quibus
2345 5010 2432 5062 ille
2463 5009 2688 5067 aﬂ‘ectus
2712 5053 2727 5078 ,
2785 5013 3016 5082 injurias
3046 5015 3174 5088 illud
3236 5009 3525 5070 accesserit,
3562 5002 3608 5056 ad

2109 5098 2469 5156 deiectionem
2507 5104 2782 5179 excitatas
2809 5105 3010 5160 Sicilia
3036 5147 3050 5172 ,
3104 5105 3389 5168 Calabria,
3419 5096 3607 5156 Achaia.

2110 5191 2418 5262 lllyriciqne
2450 5193 2766 5250 Ecciesias?
2812 5195 2953 5252 Ecce
2985 5198 3246 5254 Martinus
3285 5200 3389 5268 ipse
3412 5200 3514 5264 post
3537 5187 3607 5242 da-

2111 5291 2351 5336 mnatam
2383 5285 2650 5349 ectbcsin,
2683 5297 2732 5341 et
2763 5295 2950 5358 typum
2975 5290 3190 5360 Pyrrhi,
3217 5287 3458 5344 Joannem
3477 5277 3607 5336 Phila-

2107 5372 2337 5442 delphia
2363 5375 2678 5446 episcopum
2715 5379 2982 5435 vicarium
3031 5396 3189 5436 suum
3243 5381 3294 5434 in
3325 5379 3516 5433 Oriente
3549 5382 3606 5423 re-

2108 5465 2342 5532 nuntiat,
2388 5469 2520 5536 quid
2556 5468 2660 5524 hoc
2691 5480 2807 5536 est,
2869 5472 2972 5528 nisi
3001 5472 3443 5528 evidentissimum
3489 5473 3606 5529 argu-

2109 5565 2370 5622 mentum,
2401 5559 2695 5615 descivisse
2725 5562 2792 5615 ah
2825 5577 2915 5628 eo,
2949 5573 3002 5618 et
3033 5557 3603 5620 Tliessalouicensrm,c1

2105 5644 2446 5737 Corinthium
2479 5653 2746 5708 marches
2772 5693 2786 5718 ,
2842 5655 3036 5724 quibus
3083 5664 3336 5726 perpetuo
3376 5649 3600 5720 injuncllﬂ
