3882 6204
310 256 433 322 1221

1693 261 2222 324 DISSERTATIO.

3432 256 3573 324 I222

307 373 540 428 Romani
578 372 900 442 patriarcha:
928 369 995 428 ;iu
1019 371 1243 429 Oriente
1267 371 1588 437 vicariatus,
1637 372 1882 442 adeoque
1913 384 1956 438 Α
1985 371 2177 423 damus
2209 385 2302 437 pro
2337 369 2597 429 omnibus,
2634 384 2750 436 quu'
2780 368 2927 422 nobis
2976 365 3110 422 Deus
3137 381 3228 437 per
3251 379 3300 424 te
3335 371 3570 427 tribuit?

302 464 527 518 dubiam
556 477 749 518 eorum
780 462 1193 534 episcoporum,
1221 463 1312 533 qui
1357 461 1426 517 iis
1449 471 1724 532 parerent,
1757 462 1883 532 qui-

286 568 414 625 .que
444 553 627 609 adhuc
661 561 847 623 aperte
887 568 996 608 non
1048 555 1430 618 rebellassent,
1475 552 1634 607 tidem
1687 552 1882 620 fuisse,

305 655 366 700 ut
395 645 448 699 id
492 644 711 699 tandem
761 660 961 700 munus
995 645 1434 701 demandandum
1467 644 1633 699 fuerit
1670 644 1886 714 provin-

291 737 407 791 ciae
435 736 699 807 episcopo
729 746 888 792 extra
917 752 1012 792 eas
1037 725 1323 792 exat-cbias
1356 738 1568 806 posito;
1597 745 1713 790 erat
1737 735 1883 790 enim

303 824 699 896 Philadelphia
729 826 1025 898 cpiscopus
1051 843 1081 882 e
1108 830 1322 899 synodo
1352 826 1538 900 Lydiae
1563 828 1880 896 provinciae,

300 930 430 984 quas
484 916 1106 984 Constantinopolitanae
1148 916 1497 984 patriarcbiaz
1547 915 1882 971 contributa.

307 1006 436 1062 Haec
460 1020 586 1060 cum
620 1007 696 1060 ita
736 1007 872 1070 sint,
898 1007 1114 1062 desinat
1135 1007 1435 1064 Caietanus
1475 1007 1655 1062 dicam
1704 1007 1886 1061 dicere

235 1113 248 1124 ’
304 1098 559 1166 Leontio,
587 1098 733 1168 quod
769 1099 994 1175 anxium
1044 1100 1214 1154 animi
1247 1098 1595 1164 Pontiﬁcem,
1641 1098 1770 1170 quid
1801 1113 1886 1153 re-

258 1193 269 1200 ’
307 1206 430 1245 rum
464 1198 700 1260 gereret,
743 1189 820 1244 uti
857 1189 1150 1246 manifesta
1185 1191 1288 1246 sibi
1321 1190 1473 1246 ﬁeret
1509 1176 1756 1260 Gregorii
1810 1191 1885 1244 iu-

305 1281 560 1336 nocentia
585 1298 600 1348 ;
637 1281 752 1336 haec
784 1281 1128 1337 consuluisse
1154 1281 1304 1336 dicat
1331 1281 1582 1336 Marcum
1610 1281 1882 1344 abbatem,

305 1371 400 1442 qui
432 1370 708 1442 quondam
755 1367 1130 1444 Hierosolyma
1175 1371 1500 1442 Gregorium
1545 1371 1878 1427 deduxerat:

309 1463 452 1516 Audi
485 1477 564 1516 me
585 1504 601 1528 ,
656 1463 902 1527 domine,
959 1464 1136 1532 tuique
1164 1465 1300 1518 serui
1345 1463 1622 1518 consilium
1656 1463 1832 1532 accipe
1863 1478 1883 1516 :

308 1569 472 1622 neque
497 1554 634 1607 enim
663 1553 729 1608 de
761 1554 970 1608 homine
1001 1570 1094 1608 nos
1121 1555 1260 1624 ferre
1287 1553 1556 1624 judicium
1581 1569 1878 1622 possumus,

308 1645 416 1698 nisi
453 1644 831 1714 archiepiscopi
858 1643 1438 1714 Constantinopolitani
1462 1685 1478 1710 ,
1507 1645 1732 1714 itemque
1752 1642 1884 1711 piis-

1988 467 2064 516 Ac
2095 462 2235 514 nosti
2268 460 2380 528 iam
2411 461 2690 514 dimidiam
2722 470 2922 515 nostrae
2952 461 3100 515 urbis
3125 473 3327 531 partem
3357 503 3373 528 ,
3415 465 3571 518 item-

1987 568 2086 624 que
2114 553 2478 622 episcopatum
2535 561 2720 606 sancto
2777 569 2840 606 ac
2889 553 3118 622 principi
3164 553 3440 621 apostolo,
3483 556 3578 625 qui

1987 643 2072 697 hic
2101 653 2200 709 est,
2225 643 2543 712 subiacere?
2575 641 2698 696 Rem
2730 660 2950 714 prorsus
2983 645 3060 697 ita
3113 644 3300 699 habere
3346 647 3572 716 aﬂirmat

1989 735 2292 806 Gregorius.
2321 733 2388 787 At
2417 734 2680 803 pontifex,
2713 734 2918 788 Mecum
2949 735 3059 804 ipse
3105 737 3268 788 statui
3286 735 3426 804 jam,
3453 751 3580 805 quae

1986 824 2272 894 peculiaris
2301 824 2448 878 nobis
2490 833 2591 888 est,
2632 823 2858 877 mediam
2904 825 3050 878 urbis
3081 837 3277 879 nostris
3302 837 3506 894 partem
3538 844 3570 880 a

1986 899 2192 979 sancto,
2220 915 2422 976 divino,
2450 916 2868 984 sempiternaque
2886 915 3045 968 laude
3073 915 3232 984 digno
3255 917 3578 984 imperatore

1987 1018 2168 1062 nostro
2205 1005 2560 1063 Constantino
2613 1007 2971 1075 apostolorum
3021 1007 3251 1076 principi
3293 1009 3566 1070 donatam,

1984 1113 2078 1167 per
2109 1106 2158 1150 te
2189 1111 2330 1150 nunc
2366 1095 2493 1154 Deo.
2521 1095 2815 1164 temploque
2855 1095 2946 1148 abs
2979 1105 3027 1148 te
3067 1093 3384 1164 ediﬁcando
3410 1097 3570 1148 attri-

1985 1191 2140 1243 buere
2165 1227 2180 1242 .
2211 1228 2224 1242 .
2252 1227 2270 1244 .
2313 1187 2435 1241 inde
2461 1187 2708 1242 advocati
2733 1204 2766 1239 a
2795 1187 3048 1255 ponti/ice
3082 1185 3336 1260 Ecclesia:
3365 1187 3566 1247 dilecti,

1983 1283 2342 1352 primoresque
2369 1278 2515 1332 urbis
2541 1318 2556 1342 ,
2617 1295 2838 1348 cumque
2868 1278 3226 1341 assedissent,
3284 1294 3392 1331 una
3446 1295 3567 1332 cum

1983 1353 2228 1443 pontiﬁce
2255 1373 2507 1440 scripsere
2545 1369 2762 1430 librum.
2805 1385 2957 1440 quem
2993 1386 3024 1423 a
3059 1370 3246 1440 synodi
3282 1371 3571 1440 episcopis,

1984 1474 2272 1536 cunctaque
2288 1463 2530 1518 Ecclesia
2551 1462 2886 1531 obsignatum
2911 1461 3062 1515 beato
3086 1461 3336 1531 Gregorio
3354 1461 3562 1516 dedere.

1986 1557 2086 1612 Hic
2110 1557 2408 1611 Caietanus
2434 1556 2676 1609 vitiatam
2711 1549 2998 1609 lectidnem
3035 1555 3285 1621 incusat;
3320 1569 3425 1608 non
3462 1570 3568 1624 pu-

1987 1658 2102 1714 tat,
2155 1663 2264 1702 non
2304 1649 2507 1718 patitur
2539 1645 2853 1716 pontiﬁcem
2904 1653 3012 1698 tam
3071 1645 3220 1715 large
3262 1644 3560 1698 liberalem.

307 1735 431 1788 simi
465 1733 625 1806 317
657 1736 993 1805 imperatoris
1031 1736 1306 1792 accedente
1331 1735 1553 1790 consilio
1580 1775 1593 1788 .
1615 1773 1630 1788 .
1656 1772 1671 1786 .
1695 1773 1709 1788 .
1745 1732 1886 1786 Ρω-
1916 1725 1959 1780 B
1986 1739 2148 1796 Audit
2188 1739 2606 1810 Metaphrastem
2644 1752 2767 1791 cum
2817 1735 3042 1790 Leontio
3081 1737 3409 1798 convenire;
3463 1751 3564 1789 nec

307 1827 468 1880 batur
501 1826 742 1894 pontiﬁci
763 1824 1066 1890 consilium,
1090 1841 1251 1896 quare
1267 1825 1478 1880 litteras
1503 1826 1572 1878 ad
1587 1825 1883 1895 piissimum

300 1918 680 1985 imperatorem
706 1926 948 1970 nostrum
973 1913 1885 1985 Iustinianum,.sanctissimumque

304 2007 756 2076 archiepiscopum
787 2005 1427 2075 Constantinopolitanum
1467 2015 1714 2059 accurate
1749 2007 1883 2060 scri-

300 2097 402 2162 bit,
433 2097 795 2168 advocansque
823 2099 954 2152 duos
979 2098 1270 2168 episcopos,
1295 2098 1386 2166 qui
1407 2112 1525 2150 cum
1555 2105 1734 2151 sancto
1761 2095 1884 2151 Gre-

295 2189 454 2259 goria
478 2191 530 2242 in
567 2189 789 2241 concilio
847 2189 942 2258 (h.
987 2203 1038 2244 e.
1067 2187 1714 2258 Constantinopolitano)
1775 2203 1881 2240 una

302 2280 540 2351 fuerant,
571 2280 714 2332 datis
763 2295 879 2348 quia
907 2279 975 2332 ad
1005 2281 1104 2334 iter
1147 2281 1266 2334 usui
1291 2263 1524 2349 fuerant,
1573 2277 1878 2334 Constanti-

304 2371 534 2440 nopolim
559 2370 806 2426 dimittit.
837 2371 954 2426 Non
973 2372 1087 2427 haec
1106 2374 1360 2428 concoxit
1373 2371 1704 2438 Caietanus;
1736 2371 1879 2437 Quid

303 2464 446 2516 enim
491 2463 748 2533 (inquit)
809 2462 1046 2516 Romano
1093 2464 1335 2533 pontiﬁci
1389 2479 1509 2516 cum
1564 2464 1878 2532 imperatore

301 2551 541 2608 Orientis
578 2563 630 2607 et
692 2555 996 2623 patriarcha
1031 2553 1640 2624 Constantinopolitano,
1693 2557 1748 2608 in
1786 2555 1874 2619 iis,

299 2661 422 2714 qua
435 2645 506 2697 ad
523 2645 731 2714 judicia
753 2654 1069 2714 spectarent,
1095 2661 1213 2698 cum
1238 2647 1512 2714 episcopis.
1541 2655 1591 2699 et
1618 2645 1878 2714 prwcipue

1985 1831 2205 1887 duobus
2234 1838 2416 1886 tamen
2449 1829 2678 1884 testibus
2704 1844 2868 1898 pcnt-s
2905 1829 3054 1882 illum
3091 1827 3245 1882 Ildes.
3278 1826 3340 1880 Et
3358 1838 3560 1892 tamen,
3645 1868 3656 1874 .

1989 1931 2217 1990 excepta
2245 1919 2578 1989 suscipione,
2612 1919 2797 1972 nullus
2838 1918 2912 1972 illi
2941 1917 3124 1983 ensis,
3158 1932 3268 1987 quo
3307 1916 3559 1971 testimo-

1983 2010 2137 2066 nium
2169 2009 2399 2081 jugulet.
2435 2011 2671 2064 Tantum
2701 2008 2968 2072 concedit,
3009 2007 3341 2076 e'argitama
3375 2008 3558 2076 ponti-

1984 2102 2085 2158 llce
2114 2102 2440 2172 praediorum
2472 2109 2702 2172 partem,
2747 2113 2984 2168 quorum
3038 2097 3279 2152 Romana
3320 2095 3559 2152 Ecclesia

1985 2196 2036 2247 in
2063 2191 2250 2248 Sicilia
2284 2192 2571 2261 potiretur.
2601 2189 2786 2262 Neque
2813 2188 3086 2260 pontificis
3133 2189 3296 2244 modo
3325 2189 3562 2243 liberali.

1983 2294 2144 2340 tatem
2165 2293 2404 2349 coercet,
2434 2284 2528 2338 sed
2555 2283 2719 2338 etiam
2751 2281 3115 2352 imperatoris.
3172 2279 3307 2333 Cum
3353 2280 3557 2345 Grego-

1981 2373 2098 2428 rius
2127 2370 2298 2427 Roma
2331 2363 2452 2426 sese
2494 2371 3024 2439 Constantinopolim
3075 2367 3434 2432 contulisset,
3491 2383 3558 2420 ro

1979 2463 2358 2519 admirationis
2415 2462 2515 2516 fuit
2561 2460 2874 2516 Justiniano
2903 2461 3077 2530 Aug.,
3115 2464 3173 2512 ut
3225 2471 3346 2511 cum
3392 2457 3461 2510 ab
3490 2471 3558 2511 eo

1979 2559 2226 2630 petiisset
2263 2559 2440 2612 locum
2475 2556 2575 2611 sibi
2610 2557 2664 2609 in
2708 2555 3061 2624 Agrigentina
3109 2552 3243 2606 urbe
3273 2551 3554 2614 tribueret,

1976 2650 2070 2704 ubi
2106 2664 2307 2704 novum
2335 2655 2558 2718 poneret
2583 2645 2890 2714 episcOpale
2941 2645 3200 2714 templum
3226 2681 3244 2708 ,
3307 2642 3555 2712 quando-

299 2730 414 2790 sedi
449 2736 694 2791 Romam:
730 2737 996 2806 subjectis,
1042 2736 1223 2806 quales
1253 2737 1416 2806 fuisse
1443 2737 1707 2805 episcopos
1734 2734 1874 2788 Sici-
1975 2740 2192 2811 quidem
2219 2739 2360 2808 quod
2383 2744 2686 2806 supererat,
2711 2735 3010 2805 sacrilegiis
3044 2731 3552 2789 incestaveratLeu-

297 2827 391 2880 tite
412 2843 612 2880 certum
639 2837 720 2881 est
741 2844 800 2881 eo
833 2829 1105 2896 tempore?
1135 2827 1298 2897 Atqui
1328 2828 1470 2896 quod
1501 2836 1706 2881 certum
1731 2839 1873 2896 praa-
1973 2825 2091 2880 cius
2121 2825 2340 2893 quidam
2373 2821 2658 2877 luereticus
2698 2823 2750 2875 in
2803 2821 3123 2876 Laodiceusi
3165 2821 3377 2892 synodo
3419 2835 3550 2890 pro.

305 2916 446 2970 dicat
484 2915 800 2982 Caictanus,
851 2915 952 2970 hoc
992 2917 1167 2984 ipsum
1198 2923 1284 2970 est
1334 2914 1482 2985 quod
1520 2914 1679 2984 plane
1708 2927 1865 2984 nega-
1972 2918 2232 2987 scriptus,
2266 2917 2381 2985 qui,
2411 2931 2469 2970 se
2492 2914 2737 2980 absente,
2776 2913 3328 2984 pseudo-episcupum
3369 2925 3550 2981 gesse-

301 3020 448 3066 mus,
471 3007 514 3061 si
533 3007 752 3075 quidem
769 3005 1206 3068 adJustiniauill
1225 3017 1465 3076 tempora
1489 3002 1868 3075 respiciamus.
1900 3046 1943 3103 ο
1975 3017 2062 3063 rat
2084 3023 2097 3060 :
2117 3005 2274 3070 Ecce,
2312 3004 2826 3074 inquit,imperator,
2845 3004 3126 3058 dimidiam
3155 3003 3296 3056 urbis
3323 3011 3548 3070 partem.

303 3096 460 3151 Tunc
497 3098 773 3152 enimvero
813 3097 996 3152 omnis
1052 3097 1221 3152 ferme
1261 3097 1568 3152 Siculorttm
1628 3095 1872 3152 Ecclesia
1906 3093 1943 3103 “”
1975 3115 2092 3168 quin
2129 3098 2220 3166 pia
2259 3095 2432 3150 subest
2458 3096 2678 3164 imperio
2705 3103 2920 3159 nostro,
2969 3109 3061 3162 per
3092 3103 3141 3146 te
3184 3093 3294 3148 Deo
3337 3093 3548 3157 damus,

297 3187 892 3255 Constantinopolitaui
920 3188 1160 3257 episcopi
1207 3187 1517 3244 auctoritati
1543 3186 1872 3256 obsequens,
1975 3191 2335 3258 dicamusque,
2364 3187 2446 3242 uti
2493 3187 2655 3241 wdem
2688 3185 2796 3240 Deo
2843 3186 3075 3256 ﬁdelem,
3108 3187 3552 3255 episcopiumque,

299 3277 898 3347 IicetqueAgrigentina
919 3277 1384 3333 Romanasadhuc
1403 3286 1587 3348 partes
1609 3285 1872 3340 tueretur,
1974 3280 2158 3336 ubiubi
2193 3280 2432 3346 libuerit,
2471 3279 2768 3334 instaures.
2829 3276 2957 3332 Inde
3014 3277 3222 3331 decerni
3263 3277 3554 3346 donarique

301 3377 486 3421 tamen
523 3367 797 3423 nescimus
823 3383 947 3437 quae
988 3361 1191 3423 ididem
1218 3370 1285 3424 ab
1309 3378 1541 3440 utroque
1566 3369 1874 3439 patriarcha

302 3471 516 3520 sancta,
536 3458 901 3528 undejurium
926 3459 1060 3515 lines
1087 3460 1501 3530 circumscripti.
1533 3459 1716 3530 Neque
1744 3461 1875 3515 illud

303 3565 520 3614 rerum,
549 3551 692 3620 quod
724 3560 1002 3621 tantopere
1031 3560 1322 3622 exaggerat
1353 3550 1650 3606 Caietanus
1676 3552 1730 3606 in
1761 3551 1876 3622 cpi-

301 3656 598 3710 scoporum
639 3642 860 3711 judiciis
910 3641 1045 3696 nihil
1093 3641 1512 3712 imperatoribus
1569 3642 1872 3696 tributum:

304 3735 418 3786 into
443 3745 570 3786 vero
599 3733 822 3787 nimium
856 3741 1124 3802 quantum
1149 3733 1218 3788 iis
1242 3733 1526 3796 tribututn,
1559 3739 1615 3786 ut
1639 3731 1872 3796 licuerit,

299 3834 354 3879 ct
392 3825 678 3894 episcopos
705 3824 984 3895 delegare,
1014 3825 1106 3894 qui
1136 3839 1330 3879 causas
1358 3830 1773 3894 cognoscerent,
1822 3829 1878 3876 et

302 3915 634 3984 appellantes
663 3915 871 3980 audire,
905 3915 1080 3985 iisque
1100 3915 1405 3970 consulere.
1443 3912 1536 3983 (V.
1562 3913 1758 3969 Euseb.
1803 3911 1872 3966 E.

307 4003 382 4056 ΙΙ.
415 4003 510 4057 lib.
555 4020 607 4068 x,
638 4020 758 4072 cap.
787 4003 850 4066 5;
884 4003 1122 4058 Marcam
1143 4043 1159 4068 ,
1217 4001 1295 4058 De
1325 4019 1470 4058 conc.
1509 4019 1618 4058 sac.
1657 4013 1706 4058 et
1742 4004 1872 4072 imp.

303 4093 400 4148 lib.
437 4111 531 4156 vtt,
561 4109 682 4164 cap.
740 4095 820 4164 9.)
867 4093 1059 4148 Nonne
1093 4094 1200 4150 hoc
1237 4095 1392 4159 satis,
1419 4103 1478 4148 ut
1504 4094 1724 4149 cordate
1753 4108 1875 4149 sese

303 4187 542 4254 gessisse
589 4187 829 4241 Marcum
864 4187 1114 4241 abbatem
1163 4201 1286 4240 cum
1337 4184 1582 4240 Romano
1621 4185 1873 4255 pontiﬁce

1976 3373 2228 3444 Gregorio
2267 3362 2440 3426 locum
2481 3370 2778 3440 multasque
2824 3371 3178 3439 possessiones
3225 3367 3396 3438 jubet.
3429 3365 3548 3421 Non

1977 3463 2091 3518 Itatc
2121 3463 2379 3516 historica
2412 3459 2518 3515 (Ide
2543 3461 2746 3530 scripta
2773 3468 2960 3516 censet
2975 3458 3286 3524 Caietanus,
3305 3457 3396 3513 sed
3424 3472 3552 3510 ora-

1976 3555 2133 3618 torie,
2177 3554 2278 3607 hoc
2309 3561 2393 3608 est
2426 3552 2828 3623 ὑπερϐολικῶς.
2861 3550 2971 3607 Nos
3007 3559 3221 3611 contra,
3249 3565 3371 3606 cum
3401 3548 3551 3602 nullo

1976 3645 2255 3698 videamus
2281 3644 2456 3698 fulcro
2479 3643 2683 3697 ﬁrmari
2710 3641 2957 3698 Caietani
2985 3642 3378 3710 suspicionem,
3412 3655 3548 3704 rem,

1976 3743 2035 3788 ut
2063 3735 2218 3802 plane
2248 3741 2432 3794 sonat,
2475 3732 2919 3803 interpretamur.
2947 3731 3052 3787 Sed
3076 3731 3219 3799 quod
3253 3731 3306 3784 in
3325 3745 3547 3786 causam

1974 3824 2143 3888 venit,
2178 3823 2606 3880 consideremus.

2045 3912 2336 3968 XXXVIII.
2380 3914 2467 3966 Ait
2491 3913 2656 3984 igitur
2677 3911 2901 3982 Sergius
2917 3912 3156 3984 pontifex
3179 3912 3323 3968 dono
3341 3913 3410 3968 ab
3427 3929 3550 3970 sese

1974 4004 2165 4062 donari
2199 4001 2519 4072 Gregorium
2548 4017 2612 4055 ex
2644 4000 2928 4056 dimidiata
2955 3999 3127 4054 Roma
3154 4042 3168 4065 ,
3194 4013 3316 4072 quas
3341 4013 3372 4054 a
3411 4001 3550 4057 Gon—

1974 4095 2218 4150 stantiuo
2274 4093 2521 4162 Angusto
2576 4091 2947 4162 apostolorum
3013 4091 3243 4160 principi
3298 4091 3548 4158 elargita,

1975 4187 2206 4242 mediam
2237 4193 2469 4256 partem.
2509 4184 2614 4238 Sed
2654 4184 2800 4254 quis,
2833 4199 2954 4247 oro,
3003 4183 3105 4238 iste
3129 4182 3546 4245 Constantinus.

302 4277 570 4336 dicamus.
589 4277 679 4346 qui
711 4286 905 4330 auctor
936 4292 1047 4331 rem
1077 4274 1352 4332 deferendi
1373 4277 1440 4332 ad
1467 4278 1869 4346 imperatorem,
1971 4277 2066 4349 qui
2092 4277 2292 4332 donum
2327 4276 2456 4330 illud
2485 4275 2720 4330 obtulit?
2751 4273 3004 4345 Nunquid
3035 4272 3262 4344 Magnus
3290 4275 3377 4328 ille
3401 4313 3416 4336 ,
3455 4275 3549 4343 qui

299 4366 542 4437 quando,
575 4367 737 4422 modo
758 4367 956 4438 volupe
983 4367 1059 4420 illi
1095 4366 1278 4431 fuerit,
1308 4367 1624 4437 episcopum
1654 4375 1867 4437 poterat
1900 4385 1943 4440 ι)
1971 4369 2284 4424 Christiano
2333 4367 2531 4437 popqu
2587 4367 2736 4436 pacis
2802 4375 3011 4422 astrum
3063 4363 3262 4419 atluls'u
3283 4366 3308 4418 ?
3365 4365 3551 4433 Longe

297 4459 556 4527 deligere,
587 4459 680 4528 qui
704 4457 967 4529 Gregorio
978 4457 1070 4526 jus
1085 4459 1304 4523 diceret,
1329 4457 1460 4526 quin
1493 4473 1558 4512 eo
1583 4458 1637 4510 in
1660 4458 1866 4526 judicio
1967 4459 2170 4514 abeunt
2227 4459 2332 4511 hoc
2373 4457 2666 4511 indicando
2695 4455 2993 4510 Leontiana
3029 4457 3212 4508 verba.
3259 4453 3542 4524 Perpende

300 4550 384 4602 vel
434 4549 719 4617 minimum
763 4549 868 4603 sibi
919 4554 1198 4617 arrogaret
1247 4545 1527 4604 Romanus
1585 4547 1868 4618 pontifex?

297 4641 641 4708 Quapropter
661 4639 836 4694 videat
860 4639 1175 4702 Caietanus,
1208 4651 1384 4708 ecquo
1404 4639 1526 4708 jure
1556 4647 1865 4710 suspectam

299 4732 594 4787 venditarit
654 4731 862 4786 Leontii
920 4733 1287 4787 narrationem
1318 4771 1332 4793 .
1389 4746 1552 4802 quam
1591 4731 1864 4794 crambem

297 4826 566 4891 recoquit,
607 4825 822 4895 quoties
853 4825 1026 4879 resin
1063 4825 1392 4880 sententiam
1425 4839 1580 4880 suam
1619 4838 1728 4877 non
1778 4837 1868 4877 ce-

295 4917 454 4968 dunt.
498 4914 690 4972 Utrum
721 4915 824 4970 hoc
852 4915 1210 4985 probandum,
1231 4915 1472 4985 judicent
1510 4913 1748 4969 subacta:
1771 4912 1868 4966 doc

295 5006 489 5061 ctrina:
513 5007 690 5076 capita
726 5024 740 5061 :
771 5021 872 5077 ego
901 5007 1082 5076 magni
1105 5006 1208 5061 viri
1233 5006 1487 5061 manibus
1513 5015 1715 5060 aeterno
1747 5014 1867 5060 stu-

295 5100 388 5152 dio
419 5098 684 5161 addictus,
712 5113 833 5167 qua:
868 5114 899 5154 e
937 5115 993 5153 re
1031 5115 1147 5154 mea
1183 5107 1330 5161 sunt,
1359 5113 1650 5168 exsequar.

366 5187 635 5244 XXXVII.
669 5189 960 5260 Postquam
994 5201 1100 5244 tam
1135 5190 1304 5244 multa
1332 5189 1563 5244 dixerim
1588 5189 1868 5244 vindican-

295 5281 380 5334 das
417 5280 670 5350 Gregorii
713 5281 855 5335 aetati
881 5321 896 5347 ,
953 5281 1082 5350 quid
1120 5281 1297 5334 adhuc
1354 5288 1641 5350 superest,
1675 5279 1780 5334 nisi
1811 5289 1868 5334 ut

293 5371 622 5426 mantissam
649 5371 794 5436 dem,
817 5387 928 5441 quo
965 5379 1178 5445 tantupt
1206 5370 1479 5439 negotium
1508 5369 1872 5425 'couliciatur?

296 5465 412 5532 Age
443 5477 571 5517 vero
601 5463 822 5534 Sergius
852 5462 1091 5532 pontifex
1119 5502 1133 5525 ,
1184 5471 1464 5532 perspecta
1492 5460 1741 5531 Gregorii
1788 5461 1872 5515 in~

299 5551 572 5615 nocentia,
593 5553 868 5623 simulque
885 5535 1168 5608 sanctitate
1189 5552 1556 5623 prodigiorum
1578 5551 1868 5616 eﬂ’ectrire,

299 5643 452 5698 illum
485 5644 587 5698 sibi
614 5644 1162 5713 acccrsit,et:tQuid
1195 5644 1290 5698 tibi
1303 5644 1658 5714 (inquit),ﬁti,
1687 5658 1870 5712 repen-

1970 4550 2085 4604 Itaec
2109 4545 2304 4616 Sergii,
2338 4561 2461 4617 quae
2485 4545 2779 4616 protulisse
2806 4545 2964 4600 docet
2998 4543 3276 4609 Leontius,
3318 4544 3550 4614 impera-

1971 4648 2080 4692 tore
2117 4647 2294 4691 nostro
2325 4636 2717 4702 Constantino,
2774 4647 2886 4690 tum
2943 4632 3183 4698 videris,
3239 4636 3550 4693 donationis

1970 4739 2246 4784 auctorem
2272 4727 2692 4783 Constantinum
2717 4725 2954 4796 aliquem
2990 4723 3414 4795 praedicandum,
3438 4743 3551 4797 quo

1971 4820 2275 4887 imperante
2324 4825 2378 4872 et
2409 4816 2635 4893 sergius
2700 4828 2754 4872 et
2824 4816 3120 4888 Gregorius
3153 4816 3421 4885 vixerint;
3455 4820 3550 4890 qui

1969 4910 2114 4965 enim
2145 4917 2379 4963 nostrum
2413 4909 2612 4964 dixerit
2653 4910 3022 4979 imperatorem
3073 4908 3298 4978 Sergius
3323 4951 3339 4976 ,
3393 4911 3551 4977 cujus

1971 5001 2226 5071 potestati
2259 5015 2538 5071 nunquam
2575 4999 2740 5056 fuerit
2789 5001 3102 5056 obnoxius?
3127 4997 3302 5055 Porro
3334 5001 3551 5053 (.‘aieta-

1972 5108 2095 5158 nus,
2130 5091 2415 5147 Leontium
2442 5090 2702 5161 Gregorio
2731 5101 2890 5147 aetate
2917 5091 3180 5162 aqualem
3206 5090 3548 5144 demonstra-

1972 5195 2149 5252 turus,
2179 5201 2244 5240 eo
2279 5186 2515 5240 maxime
2537 5187 2737 5241 nititur
2765 5197 3106 5256 argumento,
3139 5183 3283 5254 quod
3310 5184 3468 5250 imper
3483 5197 3547 5235 a-

1971 5285 2144 5331 torem
2163 5274 2531 5331 Justiniauum
2551 5277 2844 5332 nominans
2873 5287 3110 5330 nostrum
3135 5281 3377 5342 usurpet,
3401 5273 3544 5343 quod

1973 5381 2134 5422 nemo
2171 5366 2464 5421 damnarit.
2507 5363 2890 5423 iurisconsulti
2943 5365 3232 5437 Ulpianum
3281 5367 3544 5420 stmuuad

1973 5458 2232 5514 Antonini
2255 5457 2552 5520 Caracallae
2586 5460 2831 5514 referunt
2861 5469 3124 5528 tempora,
3154 5455 3296 5526 quml
3329 5457 3379 5508 iu
3413 5455 3448 5510 l.
3475 5455 3546 5510 '52

1977 5553 2053 5606 De
2091 5553 2478 5608 donationibus
2517 5554 2658 5606 inter
2691 5553 2863 5606 virum
2904 5561 2954 5605 ct
2993 5565 3215 5603 ιιςογιοιιι
3244 5590 3257 5609 ,
3308 5559 3544 5600 instruu-

1945 5643 2123 5725 [dicat
2155 5644 2306 5698 illum
2338 5645 2718 5715 imperatorem
2747 5659 2762 5698 :
2791 5643 3088 5713 Imperator
3119 5654 3289 5696 uoster
3325 5642 3546 5694 Anton.-
