3928 6206
424 213 560 274 1223

1336 205 1435 269 DE
1479 205 1738 268 IETA'I‘E
1761 199 2182 270 SfGREGORl
2247 211 2754 273 .X'GRIGENTINI

3507 213 3612 287 liti

423 345 522 386 nus
555 328 690 396 Aug.
724 333 844 379 ante
877 341 1142 380 excessum
1173 323 1346 378 Seueri
1384 325 1552 394 patris
1595 325 1716 389 sui,
1753 325 1990 378 oratione
2018 337 2061 392 Α
2094 325 2322 380 Romani
2344 327 2630 396 pontiﬁces
2655 328 2983 398 pedetentim
3014 327 3322 400 principale
3337 330 3612 401 jusinrase—

423 423 480 476 in
512 427 699 476 senatu
737 419 946 483 habita,
976 418 1077 486 fuit
1103 427 1289 470 auctor
1318 417 1580 481 censendi,
1613 426 1670 469 ut
1699 416 1902 486 aliquid
1930 432 1995 470 ea:

416 515 562 584 juris
603 514 776 583 rigore
827 511 1079 574 laxetur;
1110 525 1294 579 neque
1332 509 1438 563 alia
1471 507 1745 564 incessum
1799 509 1885 561 via
1939 508 1992 562 in

319 604 338 614 ’
425 606 656 660 aliorum
707 611 866 658 aelate
907 601 1235 656 deﬁnienda.
1293 601 1474 670 Itaque
1517 600 1562 653 si
1605 599 1996 654 Constantinus

429 697 535 759 ille,
561 697 651 766 qui
672 694 970 751 Romanam
1013 693 1308 748 Ecclesium
1335 693 1562 748 dimidia
1584 681 1719 746 urbe
1739 691 1993 746 donatam

337 807 340 820 ι
427 787 618 853 voluit,
644 787 770 854 jura
796 786 950 850 dixit,
981 799 1104 838 curn
1127 783 1349 853 Sergius
1375 799 1492 838 aevo
1526 781 1819 842 frueretur.
1853 797 1997 834 nuu-

427 892 593 947 qnam
618 876 982 945 impetraverit
999 874 1314 937 Caietanus,
1339 881 1397 927 ut
1415 872 1710 942 Gregorius
1730 871 1996 926 Justinia-

431 968 485 1020 ni
522 968 542 1018 1
579 961 745 1036 318
782 963 1116 1034 temporibus
1141 962 1500 1032 adiudicclur.
1528 959 1722 1014 Nullus
1753 966 1878 1013 ante
1899 957 1996 1011 Ju-

431 1057 730 1111 stinianum
756 1054 1181 1122 [Constantinus
1199 1055 1360 1123 Aug.,
1385 1053 1476 1120 qui
1518 1052 1572 1104 in
1606 1067 1692 1106 res
1720 1051 1996 1106 Romanas

429 1148 763 1208 dominatus.
800 1145 906 1200 nisi
932 1143 1158 1214 Magnus
1189 1143 1303 1206 ille,
1348 1137 1780 1197 Christianarum
1814 1155 1994 1196 rerum

430 1237 744 1309 praesidium
775 1255 788 1290 :
825 1251 948 1290 nam
983 1235 1048 1290 ad
1073 1235 1494 1290 Constantinum
1527 1233 1698 1286 ﬁlium
1735 1231 1880 1301 quod
1913 1240 1996 1284 at—
2040 1255 2045 1264 ι

432 1333 586 1391 tinet.
631 1330 836 1396 nullum
867 1328 941 1382 illi
975 1327 1259 1396 imperium
1288 1327 1474 1380 datum
1508 1325 1562 1378 in
1594 1323 1767 1387 ltalia,
1814 1321 1920 1380 sed
1941 1321 1994 1375 in

433 1421 644 1486 Galliis,
675 1419 977 1484 Britannia,
1006 1428 1168 1486 atque
1193 1414 1376 1470 Africa
1412 1409 1812 1484 proconsulari.
1840 1406 1996 1476 Quod

433 1515 480 1570 si
511 1513 580 1568 ab
609 1528 754 1567 anno
777 1508 902 1576 537,
929 1509 1038 1580 {tuo
1075 1507 1468 1563 Constantinus
1487 1503 1715 1574 Magnus
1739 1501 1992 1564 excessit,

434 1605 502 1660 ad
535 1606 671 1670 5'60,
709 1613 834 1658 ante
863 1617 1022 1672 quem
1075 1599 1338 1669 Gregorio
1374 1598 1518 1651 diem
1565 1595 1752 1649 Roma:
1796 1594 1994 1648 dictam

433 1712 543 1751 non
570 1705 718 1765 putat
746 1694 1060 1757 Caietanus,
1092 1691 1220 1744 anni
1251 1688 1475 1742 omnino
1505 1685 1851 1740 intercedunt
1871 1672 1998 1750 223,

323 1809 330 1824 ι
434 1785 583 1839 nullo
617 1793 772 1852 pacto
816 1779 1170 1835 ascribendus
1208 1766 1503 1845 Gregorius
1526 1773 1684 1827 annis
1702 1769 1996 1826 Iustiniani

432 1867 478 1941 Ι,
511 1875 614 1930 sub
645 1887 758 1944 quo
789 1887 965 1941 neque
997 1871 1323 1940 ipse,neque
1351 1864 1628 1920 Romanus
1653 1857 1891 1932 pontifex
1918 1859 2003 1945 dl:

432 1967 578 2020 xisse
602 1971 872 2034 poterant,
894 1963 1025 2028 imp.
1055 1959 1196 2014 Caes.
1229 1955 1590 2012 Constantino
1614 1953 1806 2023 Magno
1833 1966 2004 2020 quon-

435 2056 562 2111 dam
623 2055 890 2124 paruisse.
924 2051 1080 2117 Quod
1135 2049 1180 2104 si
1220 2051 1286 2102 ad
1333 2044 1625 2102 Iustiniani
1677 2035 1716 2096 ιι
1759 2048 2000 2110 tempora

431 2147 752 2203 diﬂ‘eramus
782 2142 1126 2214 Gregorium,
1160 2141 1346 2194 statim
1397 2143 1649 2192 occltrret
1690 2131 2002 2188 Constanti-

421 2227 540 2292 ’nus
572 2237 709 2306 Aug.
750 2233 1042 2288 Justiniani
1094 2235 1265 2300 pater,
1301 2227 1588 2297 piissimus
1617 2229 1776 2289 vere,
1823 2220 2002 2275 Eccle-

434 2327 636 2394 siaeque
667 2323 809 2378 bono
841 2331 1002 2376 natus
1023 2355 1039 2382 ,
1069 2333 1230 2389 quem
1265 2319 1619 2386 imperantem
1655 2310 1922 2366 coluerint
1947 2309 2001 2362 et

437 2414 680 2482 Sergius,
711 2422 765 2464 et
795 2407 1113 2476 Gregorius.
1159 2405 1256 2458 llic
1282 2406 1448 2474 igitur
1470 2399 1864 2456 Constantinus
1895 2397 2003 2466 pri-

436 2517 560 2558 mus
587 2500 832 2556 omnium
873 2497 1044 2559 dedit.
1084 2495 1410 2563 donavitque
1456 2491 1518 2545 Β.
1554 2489 1714 2545 Petro
1753 2486 2002 2558 apostolo

434 2593 729 2649 dimidium
763 2583 978 2652 Roma,
1036 2587 1139 2640 hoc
1185 2591 1273 2640 est
1328 2582 1436 2636 τῶν
1494 2581 1816 2653 ὡρισμένων
1865 2596 1994 2632 συν-

432 2684 654 2756 ηθειῶν,
684 2683 797 2737 sive
819 2680 1082 2739 Canonis.
1105 2691 1266 2747 quem
1291 2681 1702 2744 reprmsentaret
1721 2671 2002 2725 Romanus

435 2777 699 2850 populus,
731 2773 874 2828 unde
904 2779 1155 2839 sumptus
1186 2766 1496 2847 sufﬁcerent
1519 2803 1536 2828 ,
1575 2765 1732 2833 queis
1761 2760 2001 2816 Ecclesia

265 2871 280 2886 '
383 2897 396 2908 ε
433 2878 553 2924 eral.
577 2881 736 2936 opus,
772 2878 879 2919 non
911 2877 1072 2919 secus
1141 2867 1304 2929 atque
1342 2857 1538 2912 deinde
1564 2851 1906 2909 Justinianus
1938 2849 1998 2904 F.

433 2957 799 3028 Agrigentina:
829 2952 1116 3017 Ecclesiae,
1145 2965 1256 3020 quo
1289 2963 1490 3003 novum
1531 2955 1586 2999 et
1634 2943 1916 3012 templum,
1949 2946 2002 2994 et

434 3047 676 3121 episcopi
715 3046 856 3100 aedes
897 3051 1348 3106 exstruerentur,
1397 3037 1680 3092 dimidiam
1721 3031 2001 3104 Agrigenti

434 3127 846 3214 partem‘dedit,
877 3137 931 3190 in
979 3149 1104 3204 qua,
1140 3147 1305 3202 super
1337 3131 1563 3194 tributa,
1595 3141 1716 3197 quae
1765 3123 1997 3214 populus

435 3213 710 3304 penderet,
738 3229 814 3283 nil
835 3227 1054 3282 demum
1095 3223 1406 3292 intelligas,
1466 3233 1589 3274 nam
1634 3217 1820 3271 datum
1863 3213 1998 3268 adeo

436 3321 760 3392 imperiijus
789 3317 1056 3388 suspicari
1089 3330 1196 3370 non
1237 3314 1402 3377 licet,
1445 3325 1568 3366 eum
1625 3321 1732 3361 una
1789 3305 2002 3360 eadem-

435 3429 543 3486 que
566 3413 762 3469 civitas
797 3410 1010 3463 duobus
1038 3421 1232 3477 parere
1251 3402 1490 3459 detninis
1507 3402 1666 3471 plane
1687 3408 2000 3452 monstruo-

435 3483 581 3566 sum,
602 3515 780 3570 neque
809 3499 1013 3554 donum
1039 3498 1300 3550 donatum
1329 3506 1426 3546 seu
1451 3491 1714 3554 Romano,
1738 3502 1832 3542 seu
1854 3483 2004 3554 Agri-

437 3593 659 3664 gentino
687 3589 966 3660 episcopo,
1007 3586 1100 3642 sed
1123 3582 1285 3640 Petro
1304 3591 1356 3638 et
1378 3579 1509 3645 Deo,
1543 3589 1601 3634 ut
1629 3576 1883 3632 Ecclesiae
1908 3576 2004 3629 im-

439 3684 624 3754 pensis
659 3680 1040 3736 consuleretur
1071 3694 1086 3744 ;
1127 3675 1273 3748 quod
1319 3673 1521 3728 diserte
1561 3671 1617 3726 in
1650 3667 2001 3740 Agrigentina

436 3775 729 3829 donatione
759 3770 1125 3842 signiﬁcatum
1147 3805 1163 3836 ,
1221 3782 1396 3836 neque
1428 3765 1612 3820 secius
1644 3763 1711 3818 de
1755 3760 2003 3836 Romana

438 3861 843 3916 uﬂirlnandum.

916 3929 928 3952 Ι

508 3971 755 4028 XXXIX.
795 3971 974 4040 Atque
1004 3969 1092 4024 hic
1117 3966 1380 4038 gratulari
1422 3965 1556 4020 mihi
1596 3964 1756 4020 liccat
1805 3961 2006 4019 litteraa

439 4073 616 4120 torum
634 4062 866 4126 civitati,
889 4059 1153 4130 singulari
1169 4067 1373 4112 ornata:
1399 4057 1659 4110 beneﬁcio
1681 4056 1749 4110 ab
1778 4053 2006 4110 Leontio

440 4162 652 4217 nostro,
684 4151 776 4206 cui
797 4150 984 4221 gratiae
1007 4164 1073 4202 eo
1109 4148 1333 4202 nomine
1365 4160 1498 4201 sane
1531 4160 1696 4214 quam
1728 4145 1879 4199 inira:
1905 4145 2003 4198 lia-

438 4245 646 4300 bendaa.
678 4243 890 4308 Quotus
920 4241 1068 4294 enim
1107 4239 1340 4309 quisque
1369 4247 1472 4301 est,
1489 4238 1580 4306 qui
1613 4238 1837 4299 nesciat,
1867 4251 2005 4307 quas

437 4335 668 4390 dividias
729 4331 983 4388 excitauit
1029 4328 1370 4386 Constantini
1421 4327 1562 4398 Aug.
1603 4327 1844 4392 donatio,
1895 4341 2001 4396 qua

437 4434 599 4480 aucta
637 4423 809 4479 fertur
846 4422 1094 4476 Romana
1121 4417 1556 4474 Ecclesia?Sunt
1589 4415 1681 4486 qui
1720 4415 1867 4470 illam
1908 4415 2002 4484 hy-

439 4517 815 4588 pobolimteam
849 4513 1128 4585 sugilleut,
1161 4517 1290 4566 sunt
1319 4508 1412 4580 qui
1445 4518 1504 4564 ut
1533 4506 2002 4578 germanissimain

436 4605 781 4663 Constantini
807 4605 1134 4678 scripturam
1179 4601 1580 4672 amplexantur,
1625 4606 1754 4654 sunt
1780 4596 1875 4668 qui
1905 4595 2003 4651 de-

439 4703 719 4765 pravatum
753 4694 1060 4765 legitimum
1107 4707 1245 4762 opus
1292 4690 1578 4755 dictitent,
1627 4687 1720 4744 sed
1754 4687 1854 4753 iis,
1911 4684 2003 4756 qui

439 4785 771 4840 subditivam
799 4785 948 4838 illam
977 4785 1190 4848 volunt,
1213 4781 1456 4838 nondum
1471 4790 1806 4850 compertum
1831 4792 2006 4846 ecquo

406 4891 472 4952 ,e
499 4874 650 4942 fonte
688 4875 874 4930 fabula
897 4877 984 4930 illa
1003 4877 1262 4946 eruperit.
1303 4873 1540 4927 Tandem
1563 4887 1693 4928 vero
1712 4871 2008 4940 aliquando

435 4967 615 5023 facem
653 4967 804 5020 hisee
834 4966 1074 5021 tenebris
1115 4965 1446 5034 depellendis
1480 4963 1720 5032 praetulit
1746 4961 2005 5016 Leontius

391 5043 398 5050 ’
439 5065 626 5114 noster
666 5056 981 5112 testimonio
1005 5094 1020 5119 ,
1075 5057 1221 5126 quod
1275 5069 1410 5109 auro
1463 5062 1656 5109 contra
1689 5053 2004 5123 pretiosius,

437 5147 697 5217 quodque
721 5144 928 5200 frustra
959 5144 1256 5199 Caietanus
1284 5143 1559 5198 sollicitat.
1594 5141 1668 5197 Ex
1708 5159 1774 5196 cu
1805 5141 2004 5196 intelli-

439 5239 640 5308 gimus,
661 5235 964 5290 Romanam
984 5234 1284 5290 Ecclesiam
1305 5249 1333 5289 a
1355 5233 1712 5290 Constantino
1731 5234 2006 5303 Pogonalo

437 5331 694 5384 donatam
719 5328 946 5382 dimidio
977 5327 1226 5392 canonis,
1255 5341 1415 5397 quem
1458 5326 1690 5396 populus
1724 5324 2005 5378 Romanus

439 5422 496 5477 in
529 5421 720 5476 ﬁscum
745 5420 1055 5476 Caesareum
1089 5418 1378 5475 inferebat.
1403 5419 1508 5474 Sed
1531 5419 1700 5483 enim,
1719 5433 1842 5473 cum
1881 5428 2008 5471 tem-

438 5514 586 5582 poris
618 5529 874 5583 processu
901 5513 1182 5571 Ctesarum
1231 5514 1487 5588 polentia
1528 5513 1580 5567 in
1610 5513 1785 5577 Italia,
1840 5523 2006 5582 atque

439 5603 554 5673 ipsa
586 5606 718 5660 urbe
745 5607 1062 5662 labefactata
1093 5617 1293 5673 rueret,
1325 5622 1428 5664 non
1454 5606 1585 5662 milii
1606 5605 2002 5675 tlubittln,quin

2095 417 2206 471 rint
2235 435 2248 470 :
2276 433 2511 489 cumque
2544 429 2751 474 certum
2784 419 2916 474 illud
2942 461 2958 486 ,
2997 417 3418 478 Constantinum
3459 443 3612 498 quem-

2093 507 2217 562 dam
2247 509 2514 565 Ctesarem
2541 510 2826 565 dimidium
2856 510 3042 567 Romae
3069 515 3384 582 apostolica!
3409 516 3620 579 Ecclesiae

2094 599 2376 668 tribuisse,
2415 601 2540 656 inde
2565 601 2707 658 bella
2729 611 2944 671 arrepta
2973 603 3194 658 occasio
3214 619 3404 660 novam
3424 611 3615 666 cadendi

2093 689 2440 746 donationem
2463 732 2478 757 ,
2503 692 2663 762 cujus
2701 703 2896 747 auctor
2923 707 3028 747 non
3068 692 3461 752 Constantinus
3489 697 3622 774 Pogo~

2094 793 2281 847 natus,
2321 783 2412 838 sed
2446 779 2676 853 Magnus
2705 783 3120 854 perbiberetur,
3161 785 3365 862 quique
3393 803 3489 843 non
3517 807 3621 847 con-

2097 873 2446 926 suetudinum
2476 873 2789 938 dimidium,
2816 874 2870 927 in
2899 887 3010 942 quo
3032 874 3260 928 dimidia
3298 875 3455 932 Roma
3485 880 3621 952 signi-

2077 962 2278 1026 ~ﬁcala,
2319 962 2548 1027 dederit,
2583 963 2682 1018 sed
2711 978 2930 1018 omnem
2953 963 3128 1033 plane
3172 963 3363 1020 urbem
3393 981 3505 1022 cum
3526 970 3623 1038 jure

2095 1053 2259 1124 gladii
2293 1070 2309 1108 :
2342 1069 2520 1124 neque
2550 1053 2781 1109 Romam
2808 1062 3038 1119 tantum,
3071 1053 3198 1121 sed,
3231 1065 3291 1110 ut
3319 1059 3624 1128 magniﬁcen-

2095 1144 2204 1198 tior
2244 1145 2470 1202 donatio
2521 1157 2844 1216 appareret,
2903 1146 3224 1214 provincias
3282 1162 3386 1202 non
3437 1165 3621 1219 paucas.

2096 1236 2296 1305 quibus
2332 1237 2436 1290 alia
2480 1237 2704 1307 insuper
2753 1237 3123 1306 supplementi
3176 1237 3300 1292 loco
3343 1239 3538 1305 addita,
3580 1239 3623 1295 ut

2097 1315 2329 1384 Romani
2356 1328 2628 1399 pontiﬁcis
2659 1328 2998 1398 principatus
3027 1327 3212 1399 aequis
3256 1330 3620 1388 conditionibus

2098 1419 2486 1475 illustraretur.
2525 1419 2708 1485 Quare
2749 1419 2817 1472 ad
2857 1426 3072 1481 caetera,
3109 1432 3236 1488 qua:
3265 1418 3618 1474 Consrantinia-

2045 1529 2060 1536 α
2097 1522 2222 1562 nam
2258 1507 2545 1578 proﬁigent
2571 1507 2928 1564 donationem
2956 1507 3120 1577 cujus
3147 1521 3260 1562 non
3287 1523 3391 1562 una
3418 1509 3617 1576 prostant

2097 1600 2445 1669 exemplaria,
2474 1599 2846 1655 testimonium
2869 1596 3086 1654 Leontii
3119 1597 3368 1662 accedat,
3391 1599 3519 1668 quod
3536 1613 3616 1654 non

2034 1695 2075 1752 Β
2103 1690 2265 1744 modo
2297 1689 2753 1759 impudentissimi
2786 1689 3108 1758 impostoris
3163 1689 3403 1744 fraudem
3437 1689 3612 1760 detegit,

2103 1777 2196 1833 sed
2227 1792 2402 1848 ecquo
2439 1792 2470 1833 e
2508 1778 2716 1834 semine
2750 1787 3061 1832 monstrum
3095 1777 3231 1833 illud
3267 1787 3466 1843 natum,
3505 1781 3613 1848 quoi

2103 1877 2183 1924 tot
2213 1870 2411 1924 saecula
2441 1869 2510 1924 ob
2537 1870 2728 1926 oculos
2758 1870 3040 1924 hominum
3085 1879 3356 1926 versatur.

2171 1953 2283 2012 XL.
2313 1960 2442 2014 Haec
2477 1974 2602 2014 cum
2637 1959 2711 2035 ita
2745 1959 2874 2022 sint,
2914 1959 3045 2030 quid
3073 1968 3265 2027 ‘reslat
3309 1959 3535 2029 amplius,
3569 1969 3612 2012 ut

2100 2049 2258 2104 eﬁ‘cta
2299 2049 2506 2106 viribus
2535 2051 2752 2107 dicatur
2795 2050 3038 2106 Caietani
3071 2051 3263 2119 opinio
3308 2051 3372 2106 de
3407 2051 3609 2120 Gregorio

2101 2139 2578 2219 agrigentinorum
2629 2141 2888 2212 episcopo
2934 2139 3255 2195 Justiniano
3306 2139 3326 2193 l
3371 2140 3608 2211 compare?

2102 2227 2233 2281 Tam
2265 2233 2433 2284 multa
2475 2245 2599 2286 cum
2653 2231 2816 2286 illam'
2863 2239 3204 2302 oppugnent,
3250 2239 3430 2286 contra
3469 2230 3604 2286 omnia

2100 2320 2418 2388 conspirent
2445 2321 2514 2374 ad
2542 2321 2952 2389 declarandum,
2987 2324 3160 2378 vitam
3187 2320 3488 2393 Gregorium
3511 2335 3603 2391 pro-

2100 2404 2324 2465 duxisse
2373 2411 2477 2465 sub
2509 2399 2824 2468 Justiniano
2861 2410 2924 2477 Il,
2956 2411 3084 2482 quis
3132 2423 3242 2469 tam
3286 2415 3458 2469 insane
3485 2411 3602 2466 obﬁr-

2101 2511 2248 2556 mato
2277 2501 2352 2556 sit
2380 2503 2586 2569 animo,
2621 2503 2715 2573 qui
2744 2503 2798 2556 in
2825 2502 3076 2578 Caietani
3117 2505 3282 2560 verba
3315 2504 3600 2558 nihilominus

2095 2593 2282 2664 juret?
2316 2593 2486 2648 Nemo
2520 2609 2662 2649 unus
2692 2609 2757 2649 ex
2800 2596 3032 2651 vetustis
3067 2596 3420 2666 scriptoribus
3453 2592 3598 2663 Grego-

2101 2683 2244 2737 rium
2296 2682 2366 2736 ad
2419 2673 2766 2738 lustinianil
2815 2693 3060 2754 tempora
3097 2685 3308 2755 rejecit,
3360 2683 3598 2752 Nicephoro'

2101 2775 2324 2831 Callisto
2372 2786 2618 2846 excepto,
2653 2775 2750 2831 lib.
2787 2793 2918 2843 xvn,
2952 2793 3075 2848 cap.
3113 2779 3182 2832 27
3235 2776 3306 2832 II.
3337 2775 3399 2830 E.
3427 2775 3484 2830 At
3511 2774 3596 2844 quis

2103 2869 2204 2924 iste
2225 2867 2606 2939 Nicephorus?
2632 2869 2826 2924 Saeculi
2854 2886 2941 2924 xiv
2971 2871 3230 2941 scriptor,
3263 2869 3351 2938 qui
3379 2877 3448 2922 tot
3465 2867 3596 2935 spltalé

2103 2969 2249 3016 mata
2283 2961 2559 3018 commisit
2587 2964 2640 3017 in
2695 2963 3093 3018 ecclesiasticis
3129 2963 3293 3018 rebus
3321 2959 3594 3018 enarrandis,

2104 3059 2162 3104 ut
2183 3051 2403 3105 nonnisi
2421 3067 2552 3119 ,cum
2585 3053 2743 3107 taedio
2776 3054 2844 3108 ab
2883 3043 3239 3121 acrisjud‘icii
3271 3052 3392 3106 viris
3419 3048 3594 3120 eiuslli-

2091 3145 2266 3200 storia
2308 3145 2539 3213 legatur.
2594 3145 2784 3202 Ausim
2820 3147 2982 3216 igitur
3016 3145 3366 3200 Leontianam
3394 3143 3524 3198 ﬁdem
3559 3141 3594 3190 in

2097 3233 2391 3290 discrimen
2427 3249 2622 3290 vocare
2655 3247 2762 3291 tam
2789 3236 3000 3291 lubrico
3041 3235 3368 3298 testimonio,
3398 3233 3592 3303 quodth

2097 3324 2204 3378 alia
2243 3325 2590 3396 rppugnant?
2648 3325 2845 3382 Praeter
2893 3327 3260 3396 Epitomasten
3324 3321 3595 3393 Gregorium

2099 3418 2245 3485 vitae,
2279 3429 2333 3473 et
2378 3421 2737 3491 Menulcgium
2787 3421 3147 3487 Basilianum,
3176 3421 3243 3476 ab
3279 3417 3478 3474 Leontio
3503 3420 3592 3466 sunt

2103 3509 2328 3565 Simeon
2355 3499 2772 3581 Slelaphrastes,
2817 3512 3184 3584 Lienologium
3225 3511 3446 3566 Graecum
3473 3522 3497 3558 a
3519 3503 3592 3558 Gu-

2101 3599 2286 3655 lielmo
2341 3602 2540 3659 birleto
2577 3602 2767 3657 Latine
2823 3620 3062 3667 versum,
3105 3603 3315 3659 Nicetes
3359 3595 3590 3653 monachus

2104 3687 2341 3756 Studita,
2382 3705 2522 3760 quos
2552 3701 2730 3746 tamen
2765 3692 3060 3748 Caietanus
3113 3690 3382 3774 septentiae
3415 3700 3505 3740 sua:
3523 3699 3590 3736 sua

2101 3790 2282 3836 ctores
2320 3781 2544 3838 laudare
2586 3797 2695 3838 non
2755 3793 2992 3838 veretur.
3045 3783 3292 3844 Haecine
3313 3774 3588 3848 εὐστομαχῶς

2102 3869 2380 3936 feremus,
2449 3887 2517 3926 an
2585 3886 2711 3927 cuin
2782 3871 3114 3930 Terentiano
3153 3861 3364 3929 Simone
3406 3872 3588 3926 dicamus

2104 3961 2182 4032 (in
2215 3961 2383 4015 Andr.
2413 3969 2521 4016 act.
2553 3978 2608 4027 v,
2640 3977 2720 4018 se.
2757 3965 2836 4034 5):

2312 4055 2404 4108 Ita
2435 4053 2738 4122 praedicat?
2765 4059 3025 4127 ingentem
3051 4053 3440 4128 conﬁdentiam!

2029 3020 2071 3076 C

2174 4143 2311 4200 XLI.
2347 4145 2742 4217 Metaphrastes
2768 4157 2878 4202 tam
2920 4149 3152 4219 liquido,
3199 4162 3349 4218 quam
3389 4145 3463 4198 lux
3489 4141 3583 4207 ipsa.

2104 4237 2366 4307 scripsit,
2445 4239 2759 4295 interfuisse
2823 4239 3143 4312 Gregorium
3210 4251 3398 4308 magna!
3435 4230 3584 4302 δῖυθδθ

2037 4330 2753 4411 DConstantinOpolitanae,
2808 4350 2932 4404 quae
2983 4334 3236 4391 convenit
3298 4320 3585 4385 Monolhelilis

2107 4436 2238 4477 orco
2294 4423 2646 4490 devovendis,
2689 4425 3036 4494 potissimum
3073 4441 3201 4482 vero
3242 4423 3389 4494 Cyro,
3430 4411 3582 4482 Sergio.

2101 4515 2333 4586 Pyrrho,
2351 4513 2521 4571 Paulo
2541 4513 3026 4571 Monotbelitarum
3049 4514 3356 4587 primipilis;
3379 4504 3584 4568 simulth

2103 4606 2270 4661 vitam
2297 4607 2476 4678 egisse
2503 4605 2816 4663 Iustiniano
2853 4609 2992 4684 Aug.
3041 4609 3344 4678 imperante.
3373 4595 3486 4664 Quid
3513 4592 3581 4684 huc

2103 4707 2208 4763 est,
2237 4691 2346 4754 nisi
2373 4699 2659 4756 nobiscum
2689 4703 2894 4757 sentire
2931 4693 3363 4772 Metaphrastem?
3387 4689 3464 4745 sed
3481 4683 3580 4738 enim

2105 4792 2258 4846 illum
2297 4802 2451 4848 ratus
2477 4791 2774 4863 Cajetanus
2805 4795 2872 4848 ad
2912 4810 3040 4850 suas
3071 4795 3343 4850 adductum
3376 4783 3430 4837 iri
3463 4776 3577 4832 ratio-

2107 4882 2224 4946 nes,"
2262 4883 2424 4938 modo
2482 4886 2910 4940 contaminatam
2950 4887 3154 4943 diceret
3198 4877 3509 4938 narrationem
3535 4863 3578 4916 de

2105 4973 2314 5044 synodo
2393 4975 2656 5032 adversus
2738 4977 3122 5033 Monotlielitas
3193 4978 3382 5028 coacta.
3438 4959 3576 5025 Εεφείν

2106 5066 2356 5136 (malum)
2386 5067 2672 5122 calamitas
2697 5068 2822 5132 ista,
2875 5085 2980 5139 qua
3029 5066 3255 5125 t-ﬂlictim
3281 5071 3468 5139 pressus
3492 5057 3576 5138 cull'

2107 5154 2368 5210 Leontius
2391 5196 2407 5220 ,
2479 5165 2593 5209 tum
2627 5138 3056 5226 Memphi-astes?
3114 5156 3386 5220 Corruptus
3423 5138 3573 5226 Lennlu

2105 5243 2565 5310 Commentarios,
2638 5246 2735 5300 ubi
2772 5225 3136 5316 ipercensctur
3184 5233 3437 5308 Gregorius
3479 5225 3579 5316 ill-lsi

2108 5333 2388 5404 theologos
2433 5344 2740 5404 cooptatus,
2770 5338 2862 5406 qui
2917 5353 3129 5390 summo
3162 5334 3210 5386 in
3243 5331 3459 5382 consessu
3491 5306 3568 5406 μιν

2109 5425 2400 5480 nothclitas
2425 5427 2825 5496 proscriberent
2847 5445 2864 5495 ;
2890 5429 3174 5499 depravata
3202 5423 3295 5486 hoc
3316 5415 3414 5484 ίΡδο
3432 5407 3472 5459 i“
3491 5401 3572 5499 mf"

2109 5515 2356 5588 Gregorii
2409 5518 2519 5572 Vita
2549 5559 2564 5580 .
2641 5535 2804 5590 quam
2853 5521 3235 5590 Metapliraslcs
3286 5493 3564 5590 concinnant:

2111 5608 2242 5663 Mira
2273 5624 2384 5681 res,
2417 5611 2502 5664 cui
2536 5625 2642 5664 non
2674 5611 2920 5680 credunt,
2955 5583 3059 5666 nisi
3094 5609 3178 5682 qui
3215 5597 3389 5658 fuerint
3412 5604 3434 5640 c
3457 5583 3566 5652 5W“

3767 1637 3769 1750 1
