3882 6204
155 365 294 428 1225

1522 343 2050 414 DISSERTATIO.

3259 340 3398 402 12.26

152 469 386 528 Meneni.
442 466 568 534 Sed,
619 475 674 520 ttt
731 465 845 518 Iure
896 463 1237 527 ottiittantur,
1271 460 1406 516 satis
1455 475 1724 530 superque
1755 467 1798 521 Α
1829 469 2034 546 noster,
2073 459 2163 528 qui
2196 457 2260 514 de
2295 458 2558 528 Gregorio
2591 458 2782 510 Roma‘
2807 454 3034 524 appulsu
3061 453 3316 506 Pauor-nn
3343 470 3394 507 ιιι

152 567 314 621 docet
367 559 766 630 hletaphrastes
815 555 1136 626 Gregorium
1191 562 1440 608 nostrum
1499 553 1551 606 in
1603 567 1724 620 eam

106 689 112 700 -
153 653 425 728 synodum
459 649 624 722 319
645 650 988 711 convenisse,
1038 647 1092 702 in
1123 661 1229 716 qua
1277 660 1364 700 res
1391 654 1513 700 acta
1539 655 1727 698 contra

156 745 542 802 Monothelitas
573 761 587 796 :
616 757 744 797 nam
765 742 852 796 ait
889 741 958 795 ab
995 756 1056 796 ea
1091 739 1335 816 abfuisse
1371 755 1494 797 cum
1521 738 1728 801 Romae,

156 853 273 898 tum
301 838 570 895 Sardiniae
593 829 906 907 episcopos,
931 834 1130 906 quippe
1161 833 1358 887 morbo
1385 831 1680 901 implicitos
1715 847 1727 882 :

97 915 113 934 ”
156 943 214 990 et
243 931 551 988 Romanum
579 915 1072 1001 quidem'legatum
1102 925 1340 990 misisse,
1367 925 1460 994 qui
1491 921 1576 977 sui
1610 937 1734 992 per-

1829 543 1954 600 cum
1987 545 2168 600 Felice
2199 546 2477 616 episcopo,
2511 562 2539 600 a
2572 562 2683 616 quo
2726 545 3078 614 Agrigentino
3116 544 3166 596 in
3201 543 3400 596 throno

1832 637 2124 703 locaretur,
2164 637 2412 694 scribens
2455 637 2573 692 haec
2620 637 2793 705 inquit
2827 655 2840 689 :
2880 633 3054 704 Igitur
3095 635 3150 688 in
3186 636 3400 703 proprio

1829 726 2090 796 epis-capio
2131 738 2544 792 commorantur,
2593 728 2678 780 cui
2708 726 2770 779 ab
2801 735 2985 779 sancto
3014 723 3267 795 Gregorio
3307 743 3404 778 no-

1835 834 1948 870 men
1973 829 2108 881 erat,
2142 818 2280 888 quod
2303 828 2438 872 certe
2465 817 2593 872 olim
2625 817 2980 887 Agrigentinus
3009 815 3260 870 It‘rclesite
3289 815 3405 884 {ue-

1835 917 1942 971 rat,
1971 907 2678 977 Libertinum-‘appellatum.
2706 904 3159 976 Agrigentinense
3188 903 3406 972 episco-

157 1039 350 1080 sonam
377 1021 574 1076 obiret.
598 993 732 1072 ilzec
763 1030 869 1070 non
892 993 1131 1078 ica‘dunt,
1161 1014 1266 1069 nisi
1295 1015 1349 1066 in
1388 993 1656 1084 synodum
1682 1027 1733 1065 vt

1868 999 1984 1052 iuni
2031 998 2290 1053 Panormi
2345 998 2606 1068 positum,
2661 994 3118 1066 quemadmodum
3171 993 3405 1048 Libeni-

156 1111 596 1175 metimenicam;
637 1123 762 1160 nam
791 1105 934 1176 quod
974 1119 1008 1158 ν
1045 1105 1258 1168 attinet,
1299 1081 1482 1172 neque
1504 1100 1662 1170 legati
1705 1115 1734 1154 a

1868 1105 1966 1142 tum
1999 1100 2156 1144 antea
2188 1089 2395 1143 dictum
2439 1081 2473 1143 ᾖ
2510 1087 2785 1142 Libet-tino
2812 1086 3067 1155 episcopo
3100 1083 3408 1153 Agrigenti-

161 1203 420 1273 ponti‘ice
472 1197 648 1260 missi,
681 1195 774 1266 qtti
812 1175 1032 1265 synodo
1074 1199 1394 1264 praeessent,
1423 1204 1600 1261 neque
1651 1189 1739 1244 hic
1839 1194 2031 1232 no:um
2065 1177 2264 1248 primo,
2298 1180 2369 1232 ita
2401 1178 2719 1249 Gregoriani
2764 1191 2960 1232 nomen
2996 1175 3408 1273 subinde‘exce-

163 1265 356 1347 home
391 1265 729 1348 considehat,
770 1286 864 1340 sed
905 1286 1020 1354 ipsa
1070 1285 1127 1338 in
1164 1285 1297 1339 urbe
1329 1283 1506 1350 regia,
1531 1281 1672 1351 quod
1707 1295 1738 1333 a
1839 1272 1984 1340 pisse
2013 1287 2042 1324 a
2069 1269 2341 1352 Gregorio
2378 1271 2614 1338 quodam
2655 1269 2840 1339 ejttsce
2879 1268 3120 1324 civitatis
3152 1265 3411 1336 episcopo.

163 1381 324 1441 nobis
347 1382 803 1436 demonstratum.
836 1375 952 1440 Qua
983 1390 1039 1428 re
1073 1373 1379 1444 improbum
1413 1388 1552 1442 opus
1581 1373 1742 1426 desu-

1843 1379 1948 1415 non
2006 1361 2279 1415 immerito
2329 1362 2590 1434 aucupari
2645 1361 2789 1414 licet.
2839 1359 3116 1414 Hunccine
3167 1356 3411 1412 celebrat

163 1471 260 1528 dat
282 1471 610 1534 Caietanus,
659 1481 784 1522 cum
827 1464 1248 1535 Metaphrastem
1285 1463 1340 1518 in
1375 1472 1564 1535 partes
1611 1477 1742 1518 suas
1845 1452 2174 1508 Sirletanum
2208 1451 2568 1520 Mcnologium
2607 1451 2672 1505 ad
2703 1452 2767 1506 19
2800 1449 3134 1512 Decembris,
3156 1463 3222 1503 an
3256 1447 3409 1502 illum

164 1563 492 1636 protrahere
521 1565 816 1630 pertentat.

237 1651 402 1708 XLII.
436 1650 623 1720 Neque
651 1647 941 1704 candidius
965 1644 1134 1701 I‘alum
1157 1653 1434 1715 expertus,
1467 1659 1592 1700 cum
1615 1659 1744 1713 sup-

166 1743 346 1813 petias
381 1739 614 1796 advocat
643 1753 675 1790 a
701 1735 892 1792 Graeco
914 1734 1224 1806 Menologio
1250 1733 1546 1797 Sirletano,
1571 1749 1608 1790 θ
1635 1750 1744 1805 quo

1844 1540 1911 1594 de
1939 1554 2048 1614 quo
2078 1539 2295 1594 laudata
2318 1539 2633 1610 Agrippinae
2667 1539 2916 1605 historia,
2947 1539 2990 1594 si
3020 1537 3239 1607 quidem
3269 1536 3412 1590 alius

1846 1631 1915 1685 ab
1953 1645 2040 1694 eo,
2088 1646 2248 1700 quem
2287 1630 2463 1684 obiter
2496 1630 2744 1684 nominat
2797 1629 3076 1694 Leontius,
3119 1643 3190 1682 an
3243 1626 3411 1682 alium

1849 1723 2122 1792 quemvis,
2157 1721 2315 1778 modo
2355 1736 2464 1776 non
2501 1730 2772 1789 nostrum,
2814 1723 2972 1789 cujus
3010 1720 3201 1774 nmitia
3245 1718 3415 1773 inter-

168 1801 292 1888 non,
309 1833 487 1896 video,
512 1829 641 1900 quid
665 1835 950 1896 emungat,
972 1827 1115 1896 quod
1133 1801 1208 1880 ad
1244 1841 1402 1880 suam
1426 1827 1590 1881 [sciat
1614 1801 1746 1880 ρέιυ-
1777 1801 1818 1855 Β
1846 1813 2010 1868 ierit?
2041 1812 2270 1883 Alliugat
2297 1813 2596 1883 Gaietauus
2625 1813 2728 1868 sub
2758 1805 3064 1866 Iustiniano
3092 1810 3114 1864 ι
3145 1819 3416 1880 quotquct

168 1938 314 1977 sam.
359 1919 434 1974 Ex
469 1935 533 1974 eo
563 1920 678 1973 haec
716 1913 930 1980 recitat,
963 1933 1083 1990 quae
1127 1917 1337 1974 scilicet
1387 1918 1645 1986 leguntur
1679 1915 1746 1970 ad

1868 1903 2078 1958 voluerit
2099 1900 2390 1974 Gregorios
2421 1902 2783 1974 Agrigentina:
2815 1901 3067 1957 Ecclesiae
3107 1902 3414 1970 episcopzzs,

168 2012 244 2064 23
274 2008 599 2065 Novembris
628 2025 642 2061 :
668 2005 1113 2062 Commemoratio
1163 2007 1335 2060 sancti
1371 2004 1610 2075 Gregorii
1641 2005 1750 2072 epi-

1848 1994 1977 2047 dum
2017 1991 2374 2048 Leontianum
2398 2009 2427 2047 a
2448 1991 2740 2046 Justinlani
2764 1989 2808 2045 Il
2831 2001 2987 2046 aetate
3007 2007 3115 2046 non
3140 1989 3414 2046 sollicitet.

171 2103 320 2170 scopi
348 2099 697 2171 Agrigentini.
724 2099 826 2153 Hic
853 2098 955 2167 fuit
992 2097 1087 2153 sub
1121 2099 1336 2166 imperio
1360 2095 1656 2152 Iustiniani
1685 2112 1750 2151 ea:
1849 2085 1895 2138 εί
1935 2093 2138 2139 sanam
2173 2094 2369 2140 ιεεῑθῐη
2419 2085 2547 2139 νθιίι
2589 2084 2901 2140 “milli-1'18
2947 2083 3196 2138 ηίδίονίω
3234 2081 3414 2136 “dem-

173 2195 306 2249 urbe
343 2194 649 2263 Agrigento,
691 2191 792 2260 piis
823 2199 977 2261 atque
1005 2189 1390 2260 hospitalitatis
1447 2199 1496 2244 et
1532 2189 1752 2244 eleemo-

173 2302 430 2358 sgnarum
471 2283 883 2338 studiosissimis
908 2283 1218 2352 parentibus
1248 2294 1417 2335 ortus.
1449 2285 1624 2335 Annos
1657 2297 1751 2334 na.

1851 2180 2028 2246 Atque
2054 2177 2166 2232 haec
2193 2177 2372 2232 locum
2396 2177 2662 2243 obtinent,
2703 2177 2750 2231 si
2779 2177 2995 2247 quidem
3036 2175 3295 2245 Caietano
3322 2175 3418 2228 de.-

1853 2285 1976 2326 mus
2004 2269 2348 2340 Gregorium,
2370 2271 2527 2340 cujus
2556 2269 2919 2340 Meuologium
2953 2268 3136 2323 Sit-leti
3174 2267 3422 2323 meminit

175 2389 264 2432 tus
303 2376 477 2431 decem
525 2384 575 2429 et
628 2383 746 2429 octo
798 2373 1060 2429 desiderio
1087 2372 1372 2428 venerandi
1410 2381 1594 2426 sancta
1638 2371 1754 2450 loca
1853 2362 1920 2415 ad
1954 2361 2020 2418 19
2052 2361 2392 2428 Decembris.
2425 2363 2591 2418 alium
2622 2364 2691 2417 ἀι)
2721 2377 2786 2417 00
2820 2377 2962 2426 esse.
3015 2361 3174 2432 cuius
3205 2375 3291 2415 res
3327 2375 3423 2429 ροι-

178 2467 613 2538 Hierosolymam
635 2467 812 2536 petiit,
853 2465 1027 2536 ibique
1070 2483 1103 2520 α
1131 2473 1314 2519 saneto
1354 2464 1596 2518 Macario
1636 2464 1756 2518 dia-

1854 2466 2069 2508 summa
2109 2453 2286 2521 capita
2313 2453 2386 2508 23
2407 2451 2734 2509 Novembris
2759 2463 3173 2522 pet-censentur.
3205 2451 3347 2518 Quid
3376 2452 3422 2505 si

176 2577 346 2616 conus
376 2560 550 2630 [iactus
585 2574 820 2614 reversus
847 2567 925 2613 est
951 2557 1306 2628 Byzantium;
1330 2569 1509 2628 postea
1535 2555 1757 2610 Romam

1868 2557 2001 2598 unus
2056 2541 2310 2614 idemque
2363 2542 2566 2599 fuerit?
2613 2547 2829 2614 quoties
2877 2545 2932 2598 In
2979 2541 3300 2614 Menologiis
3325 2557 3426 2600 oc-

178 2654 348 2718 renit,
380 2629 489 2706 ubi
530 2652 802 2722 episcopus
835 2653 1207 2722 Agrigentinus
1251 2661 1460 2706 creatus
1505 2660 1603 2713 est,
1657 2667 1758 2720 quo
1858 2629 2036 2722 currit
2062 2631 2449 2722 cumGrmcis,
2481 2642 2592 2687 tum
2632 2631 2862 2698 Latinis,
2890 2644 2949 2686 ut
2979 2632 3046 2686 de
3075 2645 3185 2686 uno
3216 2631 3426 2722 sancti-

180 2759 400 2798 munere
427 2719 682 2812 praeclare
706 2719 948 2812 functus,
969 2719 1160 2796 inultis
1179 2743 1336 2798 editis
1357 2719 1676 2807 miraculis,
1704 2741 1761 2795 in

1868 2721 1986 2776 tatis
2015 2719 2157 2776 fama
2183 2721 2383 2777 illustri
2415 2723 2632 2778 homine
2654 2723 2738 2778 bis
2786 2732 2934 2778 terve
2962 2723 3017 2778 in
3045 2737 3192 2778 anno
3221 2721 3429 2776 mentio

183 2853 398 2891 summa
429 2811 721 2890 ganeum?
746 2834 991 2906 migra“,
1048 2835 1118 2888 ad
1167 2833 1470 2890 Dominum.
1523 2833 1763 2892 Haecine
1862 2813 1997 2906 liat?i
2017 2811 2074 2906 Si
2096 2811 2414 2906 Gregorius,
2439 2815 2532 2906 qui
2559 2815 2896 2871 tantumdem
2926 2815 3197 2870 iudicatur
3231 2815 3298 2906 τε)
3330 2812 3431 2906 De-

187 2942 448 2998 magnum
490 2926 624 2982 illud
654 2903 1054 2988 testimonium,
1097 2941 1208 2995 quo
1242 2935 1524 2997 tantopere
1565 2929 1765 2998 gestiat
1862 2905 2222 2998 έθ¹¹¹¹⁵ξίξνξι³
2259 2903 2571 2998 θοίάίπθτίο
2603 2907 2763 2975 cuius
2813 2906 2922 2962 νίιθ
2953 2908 3180 2977 Praei“
3220 2903 3431 2998 ᾁθκνί·

185 3017 528 3088 Cajetanus?
573 3030 710 3072 eone
765 3015 987 3070 nomine
1033 3016 1192 3071 i-beIo
1241 3017 1464 3086 dignum
1517 3018 1762 3073 habitum

1865 2997 2012 3052 bitur
2030 2996 2100 3050 25
2124 2995 2473 3060 Novembris.
2495 3013 2596 3068 cur
2623 2999 2916 3055 illaudatus
2936 2997 3248 3054 omittitur?
3270 3013 3433 3068 opor-

187 3107 553 3180 Menologium
583 3107 754 3172 aliud,
787 3105 972 3164 Basilii
1003 3109 1144 3178 Aug.
1200 3109 1406 3164 editum
1435 3109 1616 3178 jussu,
1667 3110 1756 3165 ubi
1785 3119 1830 3180 ο
1869 3088 2015 3180 lebat
2063 3103 2196 3144 sane
2236 3095 2292 3143 et
2343 3089 2507 3158 hujus
2556 3105 2644 3144 res
2675 3097 2857 3160 gestas
2911 3089 3102 3144 leviter
3141 3089 3429 3161 attingere.

187 3178 444 3255 disertim
480 3197 687 3254 indicat
711 3197 914 3254 vixisse
961 3197 1282 3268 Gregorium
1315 3199 1418 3254 sub
1451 3198 1764 3256 Justiniano

1868 3178 2211 3252 QuaprOpter
2242 3181 2288 3238 si
2325 3197 2391 3237 ne
2420 3197 2561 3238 unco
2618 3183 2839 3254 quidem
2875 3182 3080 3253 raptari
3117 3197 3284 3256 queat
3314 3182 3432 3237 Sir-

175 3287 597 3344 Rhinotmeto?
647 3285 870 3356 perinde
921 3301 1050 3340 vero
1100 3301 1186 3351 ac,
1243 3287 1372 3356 quia
1433 3287 1765 3345 Sirletanum

142 3401 148 3405 ·
188 3377 556 3446 lenologium
607 3377 975 3434 Justinianum
1028 3377 1332 3433 nominavit
1359 3380 1528 3435 “nulla
1562 3395 1768 3451 ροειιοφ

194 3469 377 3524 menti
411 3469 749 3534 accessione,
789 3468 998 3524 idcirco
1029 3467 1454 3539 confugiendum
1485 3469 1555 3525 ad
1592 3470 1768 3527 Jus‘ti-

187 3562 422 3618 nianum
453 3560 497 3625 I,
524 3559 746 3616 excluso
771 3561 986 3630 penitus
1010 3559 1399 3616 Justinianoll.
1433 3559 1539 3617 Sed
1566 3576 1771 3634 cogno-

188 3667 307 3715 sce,
343 3667 463 3722 quae
492 3653 961 3718 comminiscetur,
999 3653 1078 3708 uti
1124 3667 1305 3719 suam,
1355 3667 1578 3722 quoquo
1608 3655 1770 3710 modo

189 3743 392 3812 possit,
434 3743 757 3796 sentcntiam
806 3751 1032 3798 tutetur.
1082 3740 1240 3798 Videt
1270 3741 1462 3799 eodem
1493 3744 1547 3798 in
1599 3744 1768 3800 Sirle-

191 3844 328 3888 tano
377 3833 682 3902 Menologio
713 3833 780 3888 ad
815 3833 882 3888 I9
921 3831 1238 3892 Decembris
1288 3834 1617 3890 mentionem
1655 3836 1770 3890 Iieri

191 3926 265 3978 de
291 3933 490 3978 sancto
523 3923 784 3993 Gregorio
813 3921 1190 3997 Agrigentino,
1231 3933 1394 3995 atque
1424 3912 1774 3981 hincistatuit

191 4015 340 4068 duos
376 4013 669 4082 Gregorios
712 4015 1188 4085 Agrigentinorum
1234 4017 1541 4088 episcopos,
1581 4032 1793 4081 unum,.

193 4105 306 4158 hoc
327 4102 826 4176 est-kondanum,
855 4107 949 4176 qui
982 4107 1177 4160 vixerit
1208 4104 1520 4162 Justiniano
1553 4105 1570 4160 Ι
1603 4106 1773 4178 Aug.,

191 4194 365 4263 eique
407 4203 626 4264 arrogat
656 4194 918 4263 elogium,
961 4195 1108 4265 quod
1136 4197 1204 4250 ad
1247 4196 1318 4251 25
1349 4194 1672 4252 Novembris
1718 4198 1771 4252 in

195 4285 479 4340 Sirletano
511 4284 816 4357 Henologio
851 4287 1088 4358 legitur;
1135 4289 1369 4344 alterum
1399 4277 1697 4345 Justiniani
1731 4288 1772 4344 ll

194 4388 376 4442 regno
404 4373 663 4440 vindicat,
687 4391 848 4446 quem
899 4363 1215 4433 meminisse
1242 4379 1382 4432 idem
1411 4377 1772 4447 Menologium

190 4476 360 4536 putat
401 4466 466 4520 ad
504 4468 570 4522 I9
609 4465 959 4534 Decembris;
1011 4484 1123 4538 quo
1168 4469 1488 4524 discrimine
1535 4471 1778 4538 neglecto

193 4557 413 4611 factum
467 4557 566 4621 ait,
604 4564 664 4612 ut
712 4557 880 4626 priori
917 4560 1111 4628 partim
1154 4561 1414 4628 imputata
1471 4559 1602 4622 sint,
1659 4574 1780 4627 qua:

113 4645 120 4651 ⁷
197 4645 379 4701 unius
405 4646 632 4700 secundi
669 4633 910 4718 propria.
943 4656 1104 4717 atque
1133 4663 1197 4702 ex
1239 4647 1452 4702 duobus
1487 4663 1628 4701 unus
1657 4659 1781 4701 coa-

191 4737 378 4792 Iuerit
421 4735 739 4808 Gregorius.
785 4741 988 4809 Argute
1019 4739 1175 4802 satis,
1232 4740 1326 4795 sed
1383 4754 1510 4794 vere
1541 4739 1694 4793 nihil.
1723 4739 1781 4792 Si

191 4827 570 4898 Menologinm
601 4830 932 4885 Sirletanum
960 4830 1028 4884 ad
1064 4832 1126 4886 I9
1149 4829 1465 4886 Decembris
1496 4831 1578 4884 vel
1619 4830 1781 4883 mini-

192 4934 363 4977 mum
391 4919 640 4974 indueret
660 4921 728 4975 de
745 4921 886 4991 ejus,
911 4937 1074 4992 quem
1105 4922 1314 4988 laudat,
1338 4920 1581 4992 Gregorii
1603 4929 1779 4986 etate,

193 5019 357 5068 esset
410 5011 552 5066 unde
603 5011 760 5066 nobis
801 5012 1205 5082 gratularemur
1241 5013 1310 5066 de
1343 5019 1624 5081 comperta
1661 5009 1782 5078 ejus

195 5097 462 5168 Gregorii
514 5108 696 5164 :etate,
735 5100 867 5169 quin
917 5109 1096 5155 tamen
1133 5099 1495 5155 Leontianum
1544 5115 1574 5153 tt
1604 5097 1776 5154 Justi-

193 5190 364 5245 niani
406 5184 450 5240 Il
476 5188 815 5256 temporibus
843 5188 1268 5243 dimoveremus.
1299 5187 1492 5253 Porro,
1521 5185 1785 5258 Gregorio

194 5287 410 5334 nostro
435 5278 716 5345 praeivisse
745 5278 860 5332 sive
894 5294 1086 5342 unutn,
1121 5279 1236 5332 sive
1268 5279 1450 5348 plures
1492 5275 1786 5347 Gregorius

195 5367 696 5436 Agrigentinorum
738 5365 938 5431 sidera,
996 5369 1154 5422 docet
1184 5382 1312 5420 cum
1345 5365 1570 5441 historia
1609 5375 1786 5420 trans-

196 5456 436 5511 Iatioois
471 5455 641 5511 beata:
670 5456 981 5526 Agrippina:
1015 5457 1084 5510 ab
1117 5457 1306 5511 eodem
1337 5455 1602 5524 Cajetano
1629 5455 1787 5510 exhi-

195 5549 322 5604 bita
353 5557 393 5602 t.
427 5547 446 5602 Ι
480 5548 726 5601 Vitarum
761 5546 860 5602 SS.
892 5547 1224 5609 Siculorum.
1255 5564 1378 5618 quae
1407 5548 1564 5604 nobis
1593 5561 1790 5618 suppe-

195 5641 352 5697 ditat
396 5639 502 5694 sub
540 5639 848 5707 Valeriano,
880 5649 936 5695 at
962 5640 1210 5696 Gallieno
1233 5640 1409 5711 Augg.
1467 5638 1788 5706 Gregorium

192 5728 508 5803 quemdam
525 5727 1005 5798 Agrigentinorum
1027 5730 1364 5800 episcopum,
1390 5737 1502 5783 tum
1531 5726 1790 5782 Leontius

617 5819 891 5882 Panos.
923 5821 1039 5882 Gn.
1070 5819 1345 5884 XCVIII.

1867 3271 2106 3328 Ietanum
2153 3271 2521 3344 Mcnologium
2573 3273 2904 3328 sustinendae
2943 3273 3188 3343 Cajetani
3231 3290 3433 3342 causm,

1868 3363 1913 3418 si
1947 3375 1998 3416 et
2031 3362 2210 3418 isthuc
2243 3361 2519 3418 Basiliano
2565 3362 2865 3440 recentius,
2918 3365 3126 3418 nullum
3161 3365 3310 3422 enim
3341 3366 3437 3420 illo

1869 3455 2171 3525 antiquius,
2205 3456 2332 3526 quis
2364 3465 2472 3510 tam
2525 3457 2794 3512 insubldae
2827 3459 3028 3512 mentis
3056 3457 3146 3523 sit,
3177 3457 3310 3528 quin
3353 3459 3438 3512 in-

1869 3547 2318 3619 telligat,-eadem
2372 3547 2706 3602 Sirletanum
2734 3547 2960 3612 dixisse,
3013 3557 3176 3618 atque
3213 3547 3440 3604 Basilia-

1870 3652 2002 3691 nnm
2055 3635 2444 3708 Menoiogium,
2498 3639 2838 3708 proindeque
2887 3653 3106 3695 nostras
3152 3641 3207 3695 in
3259 3652 3439 3710 partes

1873 3729 2074 3791 venire,
2114 3744 2143 3782 a
2181 3730 2457 3798 Gajetanis
2487 3731 2820 3784 abscedere?

1943 3816 2129 3872 XLIII.
2160 3817 2334 3874 Venio
2361 3819 2578 3874 tandem
2609 3819 2675 3874 ad
2714 3819 2980 3874 Nicetam.
3033 3808 3132 3875 llic
3161 3821 3206 3876 si
3243 3821 3440 3878 immo-

1874 3924 1984 3975 rer,
2037 3909 2178 3963 male
2211 3916 2426 3978 tempus
2481 3909 2663 3963 Iudam
2700 3923 2868 3962 :cum
2922 3911 3069 3962 enim
3110 3909 3198 3964 ille
3250 3910 3442 3980 prodat

1877 4001 1995 4072 (lib.
2037 3996 2237 4056 Contra
2271 3999 2486 4054 Latinos
2518 4009 2556 4054 t.
2592 3998 2656 4053 VI
2688 3999 2902 4070 Antigq.
2935 4002 3056 4054 lect.
3094 3999 3256 4054 Henr.
3280 3997 3443 4056 Cani-

1876 4093 1964 4162 sii)
2007 4091 2328 4163 Gregorium
2369 4092 2989 4162 Gonstautinopolitana
3031 4092 3242 4162 synodo
3273 4093 3442 4148 inter-

1877 4183 2065 4248 fuisse,
2096 4184 2228 4252 imp.
2265 4182 2404 4236 Caes.
2441 4180 2806 4246 Constantino
2850 4183 3150 4252 Pogonato.
3185 4181 3440 4252 pontiﬁce

1878 4291 2006 4330 vero
2034 4274 2269 4330 Maximo
2295 4276 2600 4346 Agathone,
2635 4291 2742 4330 non
2777 4291 3070 4345 possmnus
3104 4274 3314 4330 meliori
3345 4275 3444 4330 ad-

1879 4352 2166 4421 vocatione
2193 4380 2376 4420 causaa
2412 4373 2611 4420 nostra:
2651 4367 2778 4436 jura
2807 4366 3120 4422 defendere.
3155 4364 3444 4434 Cajetanus

1810 4445 1854 4499 Ῐ)
1883 4473 1982 4527 pro
2023 4473 2082 4512 se
2117 4466 2348 4512 stantem
2383 4457 2598 4514 dictitat
2628 4457 2892 4520 Nicetam,
2924 4459 3052 4528 quia
3102 4461 3168 4514 de
3196 4475 3264 4515 eo
3295 4460 3448 4514 locu-

1882 4557 1996 4601 tum
2028 4547 2291 4619 Gregorio
2320 4558 2512 4615 certat,
2540 4549 2634 4620 qui
2680 4550 2821 4605 alius
2857 4549 2927 4604 ab
2981 4549 3303 4606 Leontiano.
3344 4550 3444 4604 Ve-

1883 4655 2002 4693 rum
2041 4641 2322 4694 enimvero
2373 4638 2637 4696 Leontius
2685 4656 2795 4698 non
2843 4640 3010 4694 alium
3065 4639 3226 4696 nobis
3262 4639 3450 4696 laudat

1881 4729 2228 4800 Gregorium,
2261 4731 2367 4786 nisi
2413 4735 2507 4802 qui
2538 4732 2704 4787 vitam
2738 4732 2955 4788 duxerit
3008 4746 3226 4788 summo
3258 4733 3450 4788 humao

1884 4837 2076 4875 narum
2106 4837 2286 4876 rerum
2335 4821 2580 4892 Byzantii
2624 4823 2915 4893 praeposito
2949 4822 3316 4882 Constantino
3345 4825 3450 4881 Po-

1885 4921 2105 4981 gonato,
2151 4913 2380 4983 ejusque
2433 4912 2492 4969 F.
2544 4912 2856 4970 Justiniano
2886 4913 2931 4970 II
2976 4917 3125 4986 regni
3174 4929 3450 4978 consorte.

1884 5019 2166 5058 sacrorum
2197 5019 2328 5060 vero
2364 5005 2550 5060 Romae
2581 5007 2823 5061 antistite
2854 5008 3173 5078 Agathone;
3209 5017 3270 5064 ut
3290 5009 3456 5077 ipsis-

1886 5096 2058 5150 simus
2089 5096 2159 5150 sit
2188 5096 2388 5152 Nicetae
2427 5097 2744 5168 Gregorius,
2783 5108 2946 5168 atque
2986 5098 3220 5161 Leontii,
3277 5099 3454 5154 hunc-

1887 5199 1995 5252 que
2039 5184 2322 5254 duplicare
2367 5187 2522 5255 juxta
2570 5191 2662 5253 sit,
2695 5200 2857 5257 atque
2904 5204 3040 5243 nova
3089 5188 3454 5242 intermundia

1889 5273 2176 5343 Epicureis
2206 5292 2482 5347 oggerere.
2518 5277 2622 5332 Sed
2662 5280 2877 5334 desinat
2913 5278 3209 5349 aliquando
3241 5275 3458 5347 Gajeta-

1892 5381 1997 5421 nus
2019 5367 2278 5438 quoniam
2304 5369 2484 5440 gladio
2507 5368 2671 5440 320
2693 5371 2900 5440 nequit,
2927 5369 3166 5427 volsellis
3191 5383 3454 5439 pugnare,

1888 5459 2075 5512 conari
2103 5459 2317 5514 desinat
2346 5475 2604 5517 revocare
2643 5461 2963 5532 Gregorium
3011 5462 3077 5514 ad
3110 5458 3406 5515 Justiniani
3439 5461 3454 5514 l

1890 5557 2126 5611 :rtatem,
2153 5551 2298 5618 quod
2341 5561 2558 5607 strenue
2585 5563 2858 5622 oppugnat
2903 5551 3186 5615 Leontius,
3229 5565 3260 5605 e
3291 5551 3458 5621 cujus

1890 5645 2308 5706 commentario,
2363 5642 2630 5713 quidquid
2683 5643 2752 5696 de
2806 5651 2956 5698 tanto
3002 5641 3260 5712 episcopo
3309 5641 3460 5701 novit

1893 5732 2206 5800 posteritas,
2231 5733 2376 5789 velut
2414 5748 2554 5805 aqua
2579 5749 2608 5790 e
2635 5733 2800 5800 fonte,
2829 5733 3148 5788 dimanavit.

2857 5822 2936 5886 39
