3928 6206
392 242 521 305 19.151

1618 243 1962 305 ANONYMI
2005 192 2465 304 BECUCCIANI

3497 242 3615 310 lii!

382 350 541 405 Patre
569 358 694 405 ante
726 349 903 404 omnia
940 348 1133 405 saecula
1166 349 1367 419 absque
1401 357 1590 414 matre,
1626 350 1745 405 sine
1772 365 1960 404 corru-

2069 349 2154 403 τοῦ
2182 349 2396 418 Πατρὸς
2431 349 2538 419 πρὸ
2567 349 2784 404 πάντων
2832 351 2940 405 τῶν
2969 351 3181 406 αίώνων
3209 350 3622 423 ἀρῤεὗστιοςκαὶ

382 442 569 511 ptinne
616 450 780 510 atque
822 442 1100 509 passione,
1142 449 1198 496 et
1229 455 1325 509 per
1377 441 1551 512 ipsum
1604 442 1786 495 omnia
1820 440 1965 496 facta

383 543 531 591 sunt.
563 532 780 588 Ultimis
818 547 946 587 vero
992 533 1321 603 temporibus
1357 534 1632 589 voluntate
1679 531 1881 598 Patris,
1910 544 1967 588 et

388 625 770 686 cooueratiouc
836 621 1072 692 Spiritus
1119 624 1292 677 sancti
1343 624 1625 701 descendit
1677 621 1847 679 Filius
1890 630 1957 678 ‘et

395 710 624 767 Verbum
660 711 775 777 Dei,
815 721 869 767 et
917 713 1228 768 incarnatus
1268 723 1351 768 est
1383 730 1448 768 ex
1484 724 1671 770 sancta
1713 714 1961 783 Deipara,

389 816 707 870 semperque
729 802 937 870 virgine
958 798 1149 866 Maria,
1174 817 1281 857 non
1308 811 1543 859 mutatus
1566 804 1619 858 in
1649 803 1961 869 divinitate,

388 910 562 963 neque
583 895 874 949 ementitus
899 896 1145 949 humanae
1167 905 1370 949 natura:
1392 896 1847 966 assumptionem:
1871 895 1963 951 sed

385 984 530 1041 Deus
550 988 819 1040 exsislens
844 985 1135 1056 perfectus,
1162 985 1339 1041 factus
1367 996 1444 1042 est
1465 987 1735 1057 perfectus
1756 989 1919 1042 homo
1945 1025 1961 1051 ,

386 1078 765 1134 intellectualis
791 1088 845 1132 et
871 1081 1141 1134 animatus
1169 1096 1185 1146 ;
1215 1093 1319 1134 non
1348 1080 1597 1134 deferens
1624 1095 1846 1138 carnem
1879 1079 1960 1150 (θ)

384 1185 417 1224 e
445 1169 623 1235 caelo,
664 1178 721 1222 ut
772 1168 920 1238 impii
988 1168 1208 1237 quidam
1271 1169 1509 1224 haeretici
1577 1170 1903 1225 dictitarunt
1945 1208 1962 1234 ,

385 1277 560 1331 neque
586 1267 839 1331 tanquam
864 1275 959 1330 per
977 1261 1161 1314 tubum
1186 1261 1373 1317 exiens
1392 1276 1460 1315 ex
1490 1270 1677 1317 sancta
1699 1260 1963 1332 Deipara;

387 1354 481 1409 sed
514 1354 582 1408 ab
625 1354 943 1408 intemerata
973 1368 1094 1407 eam
1155 1355 1360 1423 accepit
1388 1352 1635 1423 Deipara,
1677 1362 1734 1409 et
1756 1369 1819 1408 ex
1852 1355 1965 1423 ipsa

387 1452 547 1497 natus
596 1452 679 1497 est
730 1456 957 1496 servans
1007 1443 1252 1496 eamdem
1315 1441 1587 1522 Virginem
1627 1444 1791 1498 etiam
1845 1452 1969 1514 post

386 1541 621 1602 partum,
675 1532 864 1587 matris
916 1533 1132 1601 quidem
1162 1538 1357 1600 expers
1410 1542 1592 1597 antea,
1627 1543 1782 1602 patre
1838 1548 1967 1589 vero

385 1636 578 1677 carens
606 1632 789 1691 ppstea
820 1637 836 1686 ;
873 1620 1015 1675 unde
1052 1621 1187 1676 duas
1216 1622 1387 1691 ipsius
1416 1622 1799 1690 generationes
1825 1637 1961 1678 cou-

2064 438 2314 503 ἀπαθῶς,
2348 440 2518 509 χωρὶς
2547 439 2776 510 μητρὸς,
2807 442 2900 494 καὶ
2929 441 2999 495 δι’
3029 441 3194 496 αὐτοῦ
3216 444 3293 497 τά
3323 444 3496 497 πάντα
3520 448 3619 515 ἐγέ-

2065 546 2204 584 νετο.
2240 531 2351 584 Καὶ
2388 531 2475 583 ἐπ’
2505 531 2754 600 ἐσχάτων
2797 532 2854 585 δὲ
2890 533 3002 585 τῶν
3044 534 3259 605 χρόνων
3286 535 3516 606 εὑδοιιίει⁵
3542 538 3621 591 τοῦ

2065 618 2280 689 Πατρὸς
2313 621 2406 672 καὶ
2454 621 2748 691 συνεργεία
2786 620 2880 674 τοῦ
2915 621 3075 689 ἀγίου
3102 623 3427 695 Πνεῦματος
3448 627 3622 695 κατῆλ-

2064 712 2157 766 θεν
2193 712 2221 764 ὁ
2256 711 2384 775 Υἱὸς
2434 713 2528 764 καὶ
2580 711 2755 780 Λόγος
2794 712 2888 765 τοῦ
2933 713 3093 778 Θεοῦ,
3126 715 3236 768 καὶ
3270 715 3551 787 ὲσαρκώθη
3572 720 3625 769 ἐκ

2063 803 2165 869 τῆς
2214 803 2378 872 ἀγίας
2430 802 2686 857 θεοτόκου
2722 803 2816 857 καὶ
2867 804 2957 857 ἀεὶ
2992 805 3274 877 Παρθένου
3315 808 3547 879 Μαρίας,
3571 810 3624 862 οὗ

2064 895 2295 965 τραπεὶς
2323 898 2389 966 τῇ
2422 894 2658 965 θεότητι,
2698 895 2825 949 οὐδὲ
2853 895 3136 966 φαντάσας
3161 897 3264 969 τήν
3290 899 3591 969 οἰκονομίαν
3611 916 3624 931 ⁸

2064 984 2200 1037 ἀλλά
2238 983 2372 1047 Θεὸς
2399 983 2475 1037 ὢν
2503 983 2728 1049 τέλειος,
2755 984 2951 1053 γέγονε
2979 986 3184 1050 τέλειος
3211 986 3519 1057 ἄνθρωπος,
3549 989 3625 1041 ἔν-

2066 1092 2190 1138 νους
2213 1116 2228 1141 ,
2288 1075 2381 1128 καὶ
2436 1074 2681 1146 ἔμψυχος
2704 1091 2719 1107 ’
2760 1077 2822 1129 οὐ
2870 1077 3219 1146 κατενεγκὼν
3257 1081 3359 1150 τὴν
3389 1080 3557 1149 σάρκα
3579 1082 3631 1147 ἐξ

2064 1164 2320 1237 οὐρανοῦ,
2349 1166 2425 1230 ώς
2452 1166 2600 1221 ἄθεοι
2641 1166 2854 1237 ἔφησάν
2876 1185 3024 1232 τινες
3045 1169 3157 1222 τῶν
3189 1169 3520 1239 αίρετικῶν,
3549 1176 3628 1227 καὶ

2066 1256 2141 1319 ώς
2167 1255 2256 1309 διά
2301 1255 2543 1325 σωλῆνος
2575 1254 2813 1311 ’διελθὼν
2859 1254 2976 1312 ’ἀπὸ
3005 1259 3106 1330 τῆς
3148 1260 3319 1329 ἀγίας
3348 1262 3592 1316 Θεοτόκου
3611 1281 3625 1295 ·

2066 1344 2225 1397 ἀλλά.
2263 1344 2372 1397 ἀπὸ
2420 1345 2522 1413 τῆς
2567 1347 2837 1417 ἀχράντου
2861 1346 3133 1403 Θεοτόκου
3161 1350 3377 1421 ταύτην
3406 1352 3624 1419 ἀνέλαϐε,

2067 1432 2159 1486 καὶ
2226 1433 2492 1503 ἐγεννήθη
2530 1434 2590 1499 ἐξ
2637 1436 2829 1505 αρτῆς,
2855 1436 3101 1504 φυλάξας
3130 1439 3349 1509 ταύτην
3381 1441 3625 1511 Παρθένον

2067 1522 2162 1576 καὶ
2199 1523 2337 1593 μετά
2367 1523 2644 1593 γέννησιν,
2680 1526 2916 1597 ἀμήτωρ
2964 1527 3065 1592 μὲν
3098 1526 3160 1580 τὸ
3185 1528 3480 1600 πρότερον,
3498 1531 3625 1584 ἀπά-

2068 1631 2181 1686 τωρ
2205 1614 2262 1669 δὲ
2285 1615 2346 1668 τὸ
2390 1614 2666 1687 δεύτερον.
2701 1616 2868 1671 Ὀθεν
2908 1616 3005 1671 δύο
3031 1617 3200 1672 αὐτοῦ
3236 1620 3339 1683 τάς
3376 1622 3625 1692 γεννήσεις

387 1714 623 1769 litemur.
676 1710 851 1766 Uttttttt
882 1711 1289 1782 quoqueipsum
1320 1712 1550 1767 dicimus
1582 1711 1831 1782 Deumet
1866 1715 1961 1769 lto-

2069 1703 2462 1776 όμολογοῦμεν.
2489 1704 2605 1759 Ἵνα
2633 1706 2730 1760 καὶ
2757 1706 2850 1761 τὸν
2878 1708 3044 1763 αὐτόν
3068 1725 3257 1779 φαμεν
3285 1710 3420 1762 Θεὸν
3441 1712 3529 1765 καὶ
3548 1713 3624 1764 ἀν-

387 1806 609 1868 miuem,
664 1818 770 1856 non
805 1810 982 1856 autem
1034 1803 1169 1857 duas
1216 1802 1455 1872 ejusdem
1486 1819 1611 1858 esse
1641 1805 1961 1875 hypostases

386 1898 762 1968 pt‘mdicmtus,
809 1894 952 1948 velut
989 1893 1186 1963 impius
1225 1892 1436 1948 ell‘utire
1469 1884 1635 1950 ausus
1654 1904 1736 1950 est
1768 1883 1959 1950 Nesto—

391 1989 502 2042 rius
540 2003 661 2041 cum
687 1986 913 2041 asseclis
940 2002 954 2050 ;
985 1987 1077 2041 sed
1107 2001 1267 2040 unam
1326 1985 1497 2055 ipsius
1533 1988 1762 2043 dicimus
1792 1990 1962 2058 hypo-

390 2080 560 2135 stasin
579 2080 740 2133 etiam
769 2086 892 2147 post
910 2077 1362 2131 incarnationem.
1390 2078 1593 2131 Sancta
1624 2080 1768 2132 enim
1801 2079 1955 2149 ejus-

394 2174 513 2229 dem
545 2186 673 2227 caro
703 2172 755 2225 in
789 2171 956 2239 ipsius
1000 2167 1161 2223 Verbi
1196 2167 1291 2222 Dei
1317 2169 1564 2224 subsistit
1614 2170 1887 2239 bypostasi
1941 2189 1956 2234 ;

389 2272 446 2319 et
486 2262 625 2317 hanc
650 2260 968 2334 hypostasin
1016 2260 1208 2314 habuit
1237 2269 1292 2314 et
1322 2259 1522 2323 habet;
1553 2276 1720 2329 quare
1745 2264 1967 2318 conlite-

394 2372 516 2410 mur
546 2369 710 2409 unum
743 2364 797 2408 et
848 2353 1027 2422 ipsum
1063 2350 1227 2406 Demn
1257 2359 1311 2405 et
1351 2350 1627 2406 hominem
1678 2352 1964 2408 Dominum

394 2461 641 2505 nostrum
687 2443 870 2501 Jesum
907 2443 1202 2499 Christum.
1235 2442 1355 2513 lpse
1393 2444 1538 2501 enim
1571 2452 1656 2501 est
1683 2459 1890 2514 ungens
1915 2455 1971 2511 et

396 2553 479 2596 cst
513 2550 709 2596 unctus
742 2556 755 2593 :
782 2552 989 2608 angens
1022 2537 1261 2606 quidem,
1299 2545 1356 2591 ttt
1383 2534 1524 2591 Deus
1554 2554 1570 2603 ;
1607 2546 1799 2593 unctus
1821 2553 1968 2605 vero,

398 2645 454 2687 ttt
489 2634 669 2687 homo.
720 2629 972 2685 Christus
1014 2626 1089 2698 (7)
1119 2627 1264 2683 enim
1309 2637 1532 2682 vocatus
1560 2629 1660 2682 fuit
1691 2630 1744 2682 in
1801 2631 1968 2684 altera

397 2722 633 2792 ejusdem
674 2719 1039 2790 generatione,
1065 2731 1172 2773 non
1199 2725 1400 2782 autem,
1428 2726 1485 2773 ut
1513 2718 1822 2789 Origeniani
1852 2718 1971 2774 dic-

400 2819 577 2877 titant,
621 2823 748 2868 ante
788 2810 1005 2867 saecula.
1057 2809 1298 2865 Dicimus
1319 2819 1496 2864 autem
1546 2819 1603 2865 et
1649 2810 1974 2868 confitemur

397 2924 522 2964 eum
546 2907 810 2973 duplicem
838 2912 1052 2966 natura,
1078 2900 1282 2955 scilicet
1309 2899 1614 2970 perlectum
1656 2900 1822 2956 Deum
1851 2916 1972 2972 per-

399 3000 711 3068 fectumque
791 2995 1110 3057 hominem,
1155 2993 1465 3063 passibilem
1514 2993 1731 3088 quidem
1794 2996 1969 3088 quoad
1997 3030 2041 3088 ο

400 3091 811 3153 humanitatem,
855 3084 1241 3153 intpassibilem
1285 3097 1412 3138 vero
1483 3083 1660 3152 quoad
1723 3083 1974 3163 divinita-

399 3196 506 3239 tem
534 3200 550 3250 ;
571 3181 887 3243 esurivisse,
906 3186 961 3231 et
981 3175 1238 3240 sitivisse,
1261 3184 1315 3230 et
1329 3174 1651 3241 comedisse,
1672 3183 1727 3229 et
1744 3175 1971 3241 bibisse,

398 3287 454 3331 et
488 3275 784 3340 laborasse,
822 3282 878 3327 et
918 3269 1241 3325 dormivisse
1257 3275 1450 3334 sponte
1468 3274 1524 3320 et
1550 3264 1848 3319 secundum
1874 3279 1972 3332 na-

403 3375 537 3419 tura:
558 3362 829 3432 legerinEt
847 3373 1103 3430 tanquam
1120 3358 1272 3412 Deus
1300 3357 1483 3412 divina
1510 3355 1638 3409 fecit
1664 3364 1720 3410 et
1764 3355 1969 3424 glorio-

401 3470 497 3508 sa:
536 3468 731 3521 aquam
782 3450 1021 3505 vertitin
1073 3449 1278 3512 vinum,
1308 3446 1498 3502 oculos
1533 3460 1676 3501 cmco
1724 3446 1972 3515 aperuit»,

403 3554 645 3598 mortuos
677 3542 743 3595 ad
781 3542 945 3593 vitam
993 3539 1265 3594 revocavit
1297 3577 1313 3603 ,
1355 3537 1517 3595 siccis
1545 3537 1775 3609 pedibus
1798 3552 1967 3609 super

402 3649 553 3688 mare
573 3631 897 3697 ambulavit,
938 3638 992 3684 et
1022 3640 1242 3685 extera.
1275 3629 1347 3686 Ut
1372 3630 1531 3684 homo
1562 3644 1689 3684 vero
1738 3632 1973 3685 humana

403 3726 669 3795 patravit..
710 3722 853 3776 Duas
907 3736 1041 3791 ergo
1086 3720 1390 3775 voluntates
1440 3719 1615 3789 ipsius
1656 3721 1971 3786 statuimus,

403 3818 647 3884 duasque
698 3813 1063 3883 operationes,
1117 3812 1356 3867 divinam
1418 3821 1578 3881 atque
1631 3812 1971 3869 humanam:

403 3917 614 3962 etcum
677 3906 812 3960 duas
861 3903 1100 3958 audieris
1128 3902 1181 3956 in
1244 3900 1468 3957 Domino
1494 3902 1829 3956 ‘voluntates
1857 3941 1872 3965 ,
1907 3917 1975 3956 ne

404 3996 845 4073 existimesesse
898 3994 1036 4048 inter
1070 4008 1130 4048 se
1178 4004 1480 4062 pugnantes
1523 4007 1586 4047 ac
1634 3993 1974 4058 contrarias;

408 4101 593 4141 verum
650 4100 712 4139 ea
770 4083 954 4139 volens
991 4081 1222 4137 faciebat
1279 4083 1516 4136 humana
1574 4089 1803 4145 natura,
1854 4095 1977 4151 quae

406 4179 584 4232 divina
621 4177 741 4247 ejus
768 4173 940 4231 voluit
980 4176 1226 4228 voluntas
1258 4191 1276 4227 :
1302 4187 1641 4241 quaecunque
1668 4172 1808 4227 enim
1835 4173 1979 4228 vole-

406 4270 518 4336 bat,
548 4276 776 4338 poterat,
808 4280 869 4320 ac
896 4263 1129 4320 faciebat
1152 4279 1168 4329 ;
1193 4277 1301 4321 non
1330 4265 1473 4319 enim
1514 4263 1740 4317 alterius
1762 4263 1973 4333 indige-

2063 1794 2300 1873 θρωπον.
2340 1797 2416 1851 Οὑ
2444 1796 2541 1850 δύο
2584 1798 2642 1852 δὲ
2685 1798 2851 1852 αὑτοῦ
2896 1798 3130 1870 λέγομεν
3166 1800 3272 1864 τάς
3307 1802 3621 1869 ὑποστάσει·,
3707 1855 3713 1863 _

2061 1889 2134 1954 ώς
2168 1892 2197 1943 ό
2230 1890 2438 1961 ἀσεϐὴς
2469 1890 2779 1963 ἐτόλμησεν
2807 1894 2985 1948 είπεῖν
3010 1892 3345 1967 ,Νεστόριος,
3376 1897 3468 1949 καὶ
3482 1900 3526 1950 oi
3546 1900 3623 1950 σὸν

2064 1982 2215 2053 αὐτῷ
2235 1999 2248 2014 ο
2279 1982 2414 2036 ἀλλά
2439 1984 2568 2054 μίαν
2604 1984 2772 2038 αὐτοῦ
2802 1985 3036 2056 λέγομεν
3076 1987 3175 2060 τήν
3212 1988 3508 2043 ὑπόστασιν
3532 1992 3623 2043 ικαὶ

2066 2072 2210 2143 μετά
2230 2074 2532 2141 σάρκωσιν.
2562 2074 2627 2127 Ἦ
2645 2076 2755 2147 γάρ
2769 2076 2902 2145 ἀγία
2922 2077 3091 2133 αὐτοῦ
3125 2078 3268 2152 σὰρξ
3308 2082 3368 2133 ἔν
3388 2083 3454 2152 τῇ
3486 2081 3621 2134 αὑτοῦ

2065 2163 2158 2217 τοῦ
2172 2163 2305 2217 Θεοῦ
2322 2164 2495 2234 Λόγου
2510 2166 2719 2239 ὑπέστη
2738 2167 3054 2236 ὑποστάσει,
3075 2171 3173 2224 καὶ
3192 2171 3402 2244 ταύτην
3420 2173 3533 2243 ἔσχε
3545 2176 3619 2226 καὶ

2067 2255 2180 2326 ἔχει
2207 2257 2506 2312 ὑπόστασιν
2532 2275 2547 2291 ·
2576 2258 2700 2313 ὅθεν
2735 2260 3108 2332 ὁμολογοῦμεν
3126 2261 3227 2317 ἕνα
3264 2265 3471 2319 καὶτὸν
3491 2265 3621 2317 αὐτὸν

2069 2346 2200 2401 Θεὸν
2217 2349 2312 2401 καὶ
2326 2349 2635 2421 ἄνθρωπον,
2653 2350 2745 2404 τὸν
2761 2351 2966 2422 Κύριον
2986 2353 3144 2425 ήμῶν
3172 2353 3385 2426 Ἰησοῦν
3399 2357 3615 2427 Χριστόν.

2070 2442 2241 2506 Αὐτὸς
2268 2444 2378 2515 γάρ
2412 2447 2559 2501 ἐστιν
2583 2449 2611 2500 ὁ
2631 2446 2801 2518 χρίων
2828 2450 2925 2502 καὶ
2951 2449 2980 2501 ό
3006 2448 3301 2519 χριόμενος
3319 2467 3336 2481 ·
3362 2452 3519 2520 χρίων
3544 2453 3617 2519 μὲν

2068 2534 2142 2598 ὡς
2167 2534 2320 2599 Θεὸς,
2345 2537 2634 2608 χριόμενος
2661 2537 2720 2591 δὲ
2740 2538 2817 2603 ώς
2844 2538 3160 2611 ἄνθρωπος.
3199 2541 3437 2612 Χριστὸς
3455 2541 3616 2595 δὲτότε

2069 2625 2274 2697 ἐκλήθη
2330 2629 2388 2679 ἐν
2425 2630 2491 2699 τῇ
2535 2628 2767 2701 δευτέρα
2796 2629 2964 2685 αὐτοῦ
3007 2633 3290 2704 γεννήσει,
3331 2635 3424 2687 sui
3455 2631 3614 2702 οὐχὼς

2084 2718 2484 2786 Ὠριγενιασταὶ
2543 2718 2786 2788 λέγουσι,
2821 2720 2929 2792 πρὸ
2976 2721 3087 2776 τῶν
3144 2723 3385 2780 αἰώνων.
3410 2723 3614 2792 Δὲγομεν

2043 2808 2125 2861 ’δὲ
2181 2811 2276 2864 καὶ
2323 2811 2701 2883 ὁμολογοῦμεν
2733 2812 2897 2867 αὐτὸν
2925 2813 3148 2868 διπλοῦν
3182 2818 3253 2886 τῇ
3309 2815 3485 2885 φύσει,
3512 2816 3611 2868 Bais

2070 2900 2278 2955 τέλειον
2319 2902 2414 2955 καὶ
2459 2903 2748 2975 ἄνθρωπον
2779 2905 2983 2959 τέηλειον
3002 2945 3018 2971 ,
3052 2905 3303 2977 παθητὸν
3342 2907 3440 2977 μὲν
3465 2910 3522 2978 τῇ
3546 2908 3613 2958 άν-

2075 2988 2413 3061 θρωπότητι,
2444 2990 2637 3063 ἀπαθῆ
2666 2992 2725 3046 δὲ
2768 2996 2835 3065 τῇ
2864 2994 3081 3067 θεότητι
3102 3011 3119 3029 ·
3155 2996 3419 3051 πεινάσαι
3463 3014 3514 3050 τε
3541 2998 3613 3047 tul

2072 3079 2314 3151 διψῆσαι,
2368 3083 2464 3137 καὶ
2502 3086 2726 3152 φαγεῖν,
2772 3085 2866 3139 καὶ
2914 3089 3084 3152 πιεῖν,
3111 3089 3213 3141 καὶ
3247 3086 3612 3153 κοπιάσαι,καῑ

2073 3173 2318 3227 ὑπνῶσαι
2374 3175 2641 3240 ἑκουσίως
2683 3177 2780 3241 καὶ
2835 3177 2986 3249 νόμῳ
3036 3177 3281 3248 φύσεως.
3309 3178 3509 3243 Καὶώς
3534 3179 3610 3248 μὲν

2071 3263 2204 3328 Θεὸς
2228 3264 2468 3335 ἔπραττε
2494 3266 2563 3319 τά
2595 3266 2717 3321 θεῖα
2749 3269 2843 3322 καὶ
2862 3268 3073 3337 ἔνδοξα,
3094 3270 3157 3324 τὸ
3180 3273 3406 3344 ποιῆσαι
3426 3270 3479 3324 τὸ
3498 3269 3608 3338 ὕδωρ

2072 3350 2235 3421 οἶνον,
2265 3356 2361 3410 καὶ
2390 3357 2452 3411 τὸ
2470 3357 2800 3429 ὀμματώσαι
2825 3360 3051 3429 τυφλὸν,
3070 3362 3167 3416 καὶ
3203 3362 3497 3434 ἀναστῆσαι
3513 3362 3609 3422 τοὺς

2072 3448 2319 3518 νεκροὺς,
2351 3448 2447 3502 καὶ
2488 3449 2751 3513 πεζεῦσαι
2800 3452 2894 3505 ἐπὶ
2932 3453 3032 3525 τῆς
3068 3452 3351 3527 Θαλάσσης
3397 3453 3607 3525 ἀὸράχοες

2073 3540 2225 3605 ποσὶ,
2278 3541 2373 3593 καὶ⁸
2426 3540 2494 3594 τά
2534 3540 2698 3614 λοιπά
2721 3558 2735 3573 ⁸
2771 3543 2846 3608 ὡς
2887 3542 3180 3616 ἄνθρωπος
3237 3548 3296 3602 δὲ
3325 3546 3538 3618 ἔπραττε
3556 3542 3608 3595 τὰ

2072 3627 2405 3699 ἀνθρώπινα.
2451 3630 2555 3685 Δύο
2599 3630 2656 3686 δὲ
2701 3632 2868 3687 αὐτοῦ
2905 3633 3209 3707 δοξάζομεν
3245 3637 3344 3700 τάς
3378 3635 3606 3705 θελήσεις,

2074 3720 2171 3773 καὶ
2200 3720 2298 3785 τὰς
2330 3722 2609 3793 ἐνεργείας
2625 3764 2640 3789 ,
2665 3723 2816 3778 θείαν
2845 3725 2940 3780 καὶ
2959 3717 3337 3799 ἀνθρωπίνην.
3360 3726 3608 3796 Θελήματα

2028 3822 2039 3828 ’
2074 3812 2130 3865 δὲ
2161 3811 2256 3864 δύο
2281 3811 2523 3875 ἀκούσας
2547 3813 2642 3868 ἐπὶ
2672 3812 2770 3866 τοῦ
2800 3815 3033 3887 Κυρίου,
3068 3818 3146 3887 μὴ
3182 3818 3479 3889 μαχόμενα,
3503 3812 3607 3884 μηδὲ

2016 3972 2019 3973 ν
2074 3902 2465 3973 ἐναντιούμενα
2518 3903 2771 3977 ἀλλήλοις
2796 3907 2945 3960 -νόει.
2992 3908 3155 3965 Ἀλλά
3216 3911 3386 3967 ταὺτά
3424 3909 3605 3962 θέλουσι

2075 3992 2343 4063 ἔπραττεν
2391 3996 2424 4063 ή
2480 3994 2801 4066 ἀνθρωπίνη
2844 3996 3031 4066 φύσις.
3063 3988 3210 4070 ἅπερ
3261 4002 3294 4073 ή
3342 3999 3452 4054 θεία
3478 3993 3604 4052 αὑτοῦ

2076 4082 2235 4154 ήθελε
2266 4082 2485 4155 θέλησις
2506 4101 2520 4118 ο
2557 4085 2657 4138 ὅσα
2678 4084 2785 4156 γάρ
2815 4085 3027 4157 ήθελεν,
3057 4088 3294 4158 ἠδύνατο
3322 4094 3411 4143 καὶ
3432 4086 3603 4142 ἐποίει·

2076 4174 2138 4226 οὐ
2168 4173 2277 4244 γάρ
2329 4173 2510 4228 ἐδέετο
2554 4174 2764 4246 ἑτέρου.
2800 4176 3016 4230 Ἔπαθε
3043 4176 3100 4230 δὲ
3125 4178 3406 4242 ἑκουσίως,
3436 4179 3603 4246 ἐφράτ-

2077 4265 2311 4337 γελώθη,
2348 4265 2679 4337 ὲνεπτύσθη.
2712 4269 2807 4321 καὶ
2837 4269 3159 4341 ἐσταυρώθη
3180 4309 3195 4330 .
3231 4268 3480 4340 ἐκεντήθη
3507 4267 3602 4331 λόγ-

412 4362 523 4414 bat.
560 4359 765 4427 Sponte
787 4363 973 4411 autem
1008 4369 1201 4423 passus
1238 4364 1345 4419 est,
1384 4353 1706 4425 ﬂagellatus,
1739 4370 1968 4425 conspu-

2077 4372 2147 4430 χῃ
2171 4357 2270 4429 τὴν
2329 4357 2594 4430 πλευρὰν,
2626 4359 2885 4428 ὲπήγασέ,
2923 4375 2981 4412 τε
3041 4360 3101 4424 ἐξ
3145 4360 3319 4431 αὐτῆς
3371 4353 3494 4428 αἷμα
3533 4352 3603 4407 καὶ

296 4431 313 4493 ί
409 4461 496 4506 tus
530 4457 584 4504 et
620 4448 935 4512 cruciﬁxus,
967 4445 1153 4502 lancea
1187 4447 1241 4502 itt
1273 4445 1442 4502 latere
1469 4446 1801 4511 vulneratus,
1827 4448 1971 4503 unde

402 4541 626 4615 sanguis
650 4552 702 4596 et
731 4556 872 4612 aqua
896 4539 1086 4602 exivit.
1119 4540 1311 4595 salutis
1340 4539 1702 4605 conciliatrix,
1741 4550 1795 4605 et
1828 4541 1973 4595 velut

407 4636 567 4688 hamo
607 4639 856 4686 mortuus
872 4639 975 4686 est.
1006 4628 1075 4684 Ut
1096 4627 1236 4686 Deus
1264 4643 1393 4685 vero
1416 4631 1653 4685 surrexit
1681 4645 1779 4685 sua
1803 4632 1975 4700 ipsius

403 4723 999 4788 voluntate,.escitans,
1044 4720 1194 4792 quia
1238 4721 1437 4777 amcqu
1467 4722 1835 4787 dormierant,
1865 4737 1971 4778 non

404 4826 639 4875 omnes,
701 4811 795 4865 sed
853 4811 1065 4881 dignos.
1113 4807 1487 4880 Quadraginta
1538 4817 1719 4865 autem
1781 4810 1974 4866 diebus

403 4919 511 4960 una
549 4911 902 4957 conversatus
944 4910 1027 4959 est
1079 4916 1202 4957 cum
1253 4900 1475 4956 sanetis-
1521 4902 1801 4971 discipulis
1860 4903 1974 4958 suis

400 5007 523 5067 post
594 4993 1080 5059 resurrectionem,
1131 5004 1187 5048 et
1211 5005 1540 5053 convescens
1575 5007 1698 5047 cum
1756 4993 1838 5048 eis
1890 5008 1976 5048 as-

399 5097 648 5158 sumptus
683 5093 765 5141 est
792 5083 846 5139 in
871 5083 1070 5140 cadum
1107 5098 1362 5141 unarcum
1419 5083 1770 5139 immaculato
1796 5098 1899 5139 suo
1923 5094 1977 5140 et

1470 5175 1775 5232 videntibus
1852 5192 1977 5231 san-

402 5179 648 5248 principe
742 5176 1039 5232 viventium
1115 5189 1382 5245 corpore,

399 5270 502 5325 clis
578 5270 747 5340 ipsius
814 5267 1115 5339 discipulis.
1172 5266 1458 5323 Credimus
1525 5280 1650 5321 vero
1723 5268 1971 5323 eumdem

398 5377 589 5417 rursus
616 5374 907 5417 venturum
953 5376 1076 5416 cum
1123 5358 1526 5430 incomparabili
1557 5358 1749 5428 gloria,
1794 5369 1850 5411 nt
1880 5359 1971 5428 ju-

475 5517 552 5588 (6t
582 5519 655 5574 De
691 5521 794 5575 hoe
818 5535 1008 5574 errore
1040 5516 1312 5575 Valentini
1347 5517 1466 5569 vilic
1497 5515 1573 5569 sis
1618 5514 1788 5585 Epiph
1839 5515 1971 5569 lncr.

400 5587 464 5644 ὅ]
498 5600 551 5641 et
584 5587 900 5644 Damascen.

473 5657 551 5729 (7)
591 5659 669 5711 Ex
692 5656 1030 5714 Damasceno
1060 5660 1155 5715 lib.
1186 5674 1242 5714 tv
1292 5656 1703 5726 Ortltad.,ﬁdei,
1739 5670 1860 5726 cap.
1910 5655 1966 5724 6,

2079 4446 2245 4518 ὕδωρ,
2275 4448 2552 4518 σωτηρίας
2573 4448 2858 4519 πρόξενον,
2886 4449 2981 4501 καὶ
3009 4450 3302 4514 ἀπέθανεν,
3334 4448 3404 4512 ὡς
3430 4444 3599 4516 ἀνθρω-

2077 4554 2197 4602 πος.
2238 4536 2326 4602 Ὦς
2354 4537 2410 4591 δὲ
2474 4538 2608 4602 Θεὸς
2658 4538 2857 4610 ἀνέστη
2902 4538 3307 4606 αὐτεξουσίως.
3342 4538 3601 4606 ἀναστήσας

2074 4628 2204 4693 τοὺς
2255 4629 2350 4683 ἀπ’
2379 4628 2575 4694 αἰῶνος
2624 4630 3099 4701 κεκοιμημένους,
3139 4632 3203 4686 οὐ
3254 4632 3468 4693 πάντας,
3494 4623 3599 4679 ἀλλά

2077 4720 2202 4783 τοὺς
2233 4718 2439 4784 ἀξίους.
2483 4720 2608 4773 Ἐπὶ
2651 4719 2891 4791 ἡμέραις
2920 4719 2978 4775 δὲ
3023 4723 3424 4794 τεσσαράκοντα
3446 4732 3597 4770 συναν-

2078 4809 2321 4882 εστράφη
2372 4811 2483 4873 τοῖς
2536 4809 2713 4878 ἁγίοις
2738 4809 2903 4863 αὐτοῦ
2939 4810 3230 4882 μαθηταῖς,
3275 4808 3412 4882 μετά
3438 4808 3522 4876 τὴν
3549 4805 3597 4855 ἐκ

2077 4900 2286 4974 νεκρῶν
2305 4901 2468 4956 αὐτοῦ
2490 4902 2807 4969 ἀνάστασιν,
2836 4903 3291 4975 συναυλιζόμενος
3317 4903 3499 4963 αὐτοῖς,
3525 4895 3597 4950 ul

2078 4994 2358 5065 ἀνελήφθη
2384 4996 2463 5058 εἰς
2494 4994 2760 5065 οὐρανοὺς
2789 4994 2928 5067 μετά
2950 4996 3046 5049 τοῦ
3067 4997 3336 5068 ἀχράντου
3358 4994 3443 5048 καὶ
3461 4991 3593 5055 Cmp-

2082 5084 2239 5157 χικοῦ
2286 5085 2451 5140 αὑτοῦ
2508 5084 2761 5157 σώματος
2784 5124 2799 5149 ,
2827 5085 3086 5158 ὁρώντων
3134 5088 3243 5141 τῶν
3282 5086 3439 5153 ἀγίων
3466 5072 3593 5133 αὐτοῦ

2086 5174 2361 5246 μαθητῶν.
2423 5173 2763 5240 Πιστεὺομεν
2806 5173 2862 5227 δὲ
2911 5174 3074 5229 πάλιν
3120 5174 3290 5228 ἐλθεῖν
3314 5169 3461 5226 αὑτὸν
3485 5158 3593 5234 μετᾶ

2080 5266 2239 5338 δόξης
2265 5265 2597 5337 ἀσυγκρίτου
2650 5268 2835 5332 κρῖναι
2866 5265 3076 5330 πάντας
3103 5266 3177 5328 ὼς
3216 5264 3362 5328 Θεὸς,
3389 5259 3470 5314 καί
3492 5258 3591 5308 ἀπο·

2087 5358 2272 5413 δοῦναι
2294 5359 2512 5430 ἑκάστῳ
2541 5359 2687 5413 κατά
2728 5361 2799 5412 τά
2831 5359 2967 5430 ἔργα
3001 5358 3193 5413 αὐτοῦ.
3228 5346 3591 5420 ΙΙροσκυνοῦειεν

2081 5531 2134 5585 ρ.
2171 5513 2297 5569 588.
2322 5504 2557 5570 consule
2592 5512 2878 5585 Suicrrnm
2900 5516 2953 5568 in
2979 5512 3110 5569 Lex.
3133 5529 3273 5571 vers.
3294 5504 3511 5585 Χρισῖόςο
3539 5495 3589 5585 εἴ

2079 5578 2340 5713 ξςῖξὶιὶυιιι
2374 5585 2472 5641 lib.
2503 5601 2532 5639 v
2573 5584 2776 5639 Contra
2823 5583 3169 5652 Eunomium,
3229 5578 3354 5639 tom.
3400 5578 3458 5642 ll.
3484 5582 3581 5643 ννὸθ
