  <div class='ocr_page' id='page_1' title='image "/cluster/home/n/w/nwhite01/storage/ocr_20150623/98/hvd.32044073502148/628.png"; bbox 0 0 3928 6206; ppageno 0'>
   <div class='ocr_carea' id='block_1_1' title="bbox 193 218 332 292">
    <p class='ocr_par' dir='ltr' id='par_1_1' title="bbox 193 218 332 292">
     <span class='ocr_line' id='line_1_1' title="bbox 193 218 332 292; baseline -0.05 0"><span class='ocrx_word' id='word_1_1' title='bbox 193 218 332 292; x_wconf 70' lang='lat'><strong>1255</strong></span> 
     </span>
    </p>
   </div>
   <div class='ocr_carea' id='block_1_2' title="bbox 1193 219 2450 285">
    <p class='ocr_par' dir='ltr' id='par_1_2' title="bbox 1193 219 2450 285">
     <span class='ocr_line' id='line_1_2' title="bbox 1193 219 2450 285; baseline 0.006 -7"><span class='ocrx_word' id='word_1_2' title='bbox 1193 219 1457 282; x_wconf 77' lang='lat' dir='ltr'><strong>SERMO</strong></span> <span class='ocrx_word' id='word_1_3' title='bbox 1498 221 1595 282; x_wconf 87' lang='lat' dir='ltr'><strong>DE</strong></span> <span class='ocrx_word' id='word_1_4' title='bbox 1626 220 2062 282; x_wconf 83' lang='lat' dir='ltr'><strong>LUMINIBUS</strong></span> <span class='ocrx_word' id='word_1_5' title='bbox 2112 223 2450 285; x_wconf 80' lang='lat' dir='ltr'><strong>SANCTIS.</strong></span> 
     </span>
    </p>
   </div>
   <div class='ocr_carea' id='block_1_3' title="bbox 3315 221 3451 286">
    <p class='ocr_par' dir='ltr' id='par_1_3' title="bbox 3315 221 3451 286">
     <span class='ocr_line' id='line_1_3' title="bbox 3315 221 3451 286; baseline 0 0"><span class='ocrx_word' id='word_1_6' title='bbox 3315 221 3451 286; x_wconf 66' lang='grc'>1246</span> 
     </span>
    </p>
   </div>
   <div class='ocr_carea' id='block_1_4' title="bbox 199 328 1773 408">
    <p class='ocr_par' dir='ltr' id='par_1_4' title="bbox 199 328 1767 404">
     <span class='ocr_line' id='line_1_4' title="bbox 199 328 1767 404; baseline 0.005 -24"><span class='ocrx_word' id='word_1_7' title='bbox 199 330 399 400; x_wconf 66' lang='grc' dir='ltr'>Ἀμνδς</span> <span class='ocrx_word' id='word_1_8' title='bbox 449 328 830 401; x_wconf 73' lang='grc' dir='ltr'><strong>παραγέγονας</strong></span> <span class='ocrx_word' id='word_1_9' title='bbox 869 330 1039 400; x_wconf 86' lang='grc' dir='ltr'>αῐρων</span> <span class='ocrx_word' id='word_1_10' title='bbox 1073 331 1174 402; x_wconf 86' lang='grc' dir='ltr'>τὴν</span> <span class='ocrx_word' id='word_1_11' title='bbox 1217 333 1494 404; x_wconf 78' lang='grc' dir='ltr'><strong>ἁμαρτίαν</strong></span> <span class='ocrx_word' id='word_1_12' title='bbox 1537 334 1631 386; x_wconf 80' lang='grc' dir='ltr'><strong>τοῦ</strong></span> <span class='ocrx_word' id='word_1_13' title='bbox 1672 334 1767 388; x_wconf 84' lang='grc' dir='ltr'>κό-</span> 
     </span>
    </p>
   </div>
   <div class='ocr_carea' id='block_1_5' title="bbox 1873 328 3451 408">
    <p class='ocr_par' dir='ltr' id='par_1_5' title="bbox 1873 337 3451 408">
     <span class='ocr_line' id='line_1_5' title="bbox 1873 337 3451 408; baseline 0.001 -19"><span class='ocrx_word' id='word_1_14' title='bbox 1873 337 2126 408; x_wconf 83' lang='lat' dir='ltr'><strong>ignorant</strong></span> <span class='ocrx_word' id='word_1_15' title='bbox 2151 339 2541 392; x_wconf 87' lang='lat' dir='ltr'><strong>eminentiam:</strong></span> <span class='ocrx_word' id='word_1_16' title='bbox 2587 352 2711 392; x_wconf 88' lang='lat' dir='ltr'><strong>nam</strong></span> <span class='ocrx_word' id='word_1_17' title='bbox 2739 351 2806 392; x_wconf 79' lang='lat' dir='ltr'><strong>ex</strong></span> <span class='ocrx_word' id='word_1_18' title='bbox 2859 345 3108 392; x_wconf 87' lang='lat' dir='ltr'><strong>materno</strong></span> <span class='ocrx_word' id='word_1_19' title='bbox 3138 342 3296 392; x_wconf 99' lang='lat' dir='ltr'><strong>utero</strong></span> <span class='ocrx_word' id='word_1_20' title='bbox 3343 354 3451 406; x_wconf 86' lang='lat' dir='ltr'><strong>qua</strong></span> 
     </span>
    </p>
   </div>
   <div class='ocr_carea' id='block_1_6' title="bbox 192 419 1772 492">
    <p class='ocr_par' dir='ltr' id='par_1_6' title="bbox 192 419 1772 492">
     <span class='ocr_line' id='line_1_6' title="bbox 192 419 1772 492; baseline 0.003 -20"><span class='ocrx_word' id='word_1_21' title='bbox 192 436 332 490; x_wconf 88' lang='grc' dir='ltr'>σμου</span> <span class='ocrx_word' id='word_1_22' title='bbox 353 436 367 450; x_wconf 84' lang='grc'><em>’</em></span> <span class='ocrx_word' id='word_1_23' title='bbox 407 419 562 487; x_wconf 83' lang='grc' dir='ltr'><strong>κάγὼ</strong></span> <span class='ocrx_word' id='word_1_24' title='bbox 590 422 689 489; x_wconf 75' lang='grc' dir='ltr'>τὴν</span> <span class='ocrx_word' id='word_1_25' title='bbox 723 419 822 490; x_wconf 79' lang='grc' dir='ltr'>σὴν</span> <span class='ocrx_word' id='word_1_26' title='bbox 860 420 998 490; x_wconf 70' lang='grc' dir='ltr'>μετὰ</span> <span class='ocrx_word' id='word_1_27' title='bbox 1029 421 1123 474; x_wconf 82' lang='grc' dir='ltr'>τοῦ</span> <span class='ocrx_word' id='word_1_28' title='bbox 1159 423 1365 492; x_wconf 76' lang='grc' dir='ltr'>κόσμου</span> <span class='ocrx_word' id='word_1_29' title='bbox 1406 423 1615 491; x_wconf 81' lang='grc' dir='ltr'>δωρεάν</span> <span class='ocrx_word' id='word_1_30' title='bbox 1640 425 1772 477; x_wconf 82' lang='grc' dir='ltr'>ἀνα-</span> 
     </span>
    </p>
   </div>
   <div class='ocr_carea' id='block_1_7' title="bbox 192 507 1774 581">
    <p class='ocr_par' dir='ltr' id='par_1_7' title="bbox 192 507 1774 581">
     <span class='ocr_line' id='line_1_7' title="bbox 192 507 1774 581; baseline 0.002 -18"><span class='ocrx_word' id='word_1_31' title='bbox 192 510 394 575; x_wconf 81' lang='grc' dir='ltr'>μέ.ων.</span> <span class='ocrx_word' id='word_1_32' title='bbox 439 507 582 577; x_wconf 77' lang='grc' dir='ltr'><strong>Ἐγὼ</strong></span> <span class='ocrx_word' id='word_1_33' title='bbox 613 509 807 580; x_wconf 83' lang='grc' dir='ltr'>χρείαν</span> <span class='ocrx_word' id='word_1_34' title='bbox 842 508 951 578; x_wconf 80' lang='grc' dir='ltr'><strong>ἔχω</strong></span> <span class='ocrx_word' id='word_1_35' title='bbox 990 509 1092 562; x_wconf 80' lang='grc' dir='ltr'><strong>ὐπὸ</strong></span> <span class='ocrx_word' id='word_1_36' title='bbox 1121 510 1214 563; x_wconf 84' lang='grc' dir='ltr'>σοῦ</span> <span class='ocrx_word' id='word_1_37' title='bbox 1249 511 1633 581; x_wconf 81' lang='grc' dir='ltr'><strong>βαπτισθῆναι,</strong></span> <span class='ocrx_word' id='word_1_38' title='bbox 1680 514 1774 566; x_wconf 77' lang='grc' dir='ltr'>καὶ</span> 
     </span>
    </p>
   </div>
   <div class='ocr_carea' id='block_1_8' title="bbox 193 599 1775 674">
    <p class='ocr_par' dir='ltr' id='par_1_8' title="bbox 193 599 1775 674">
     <span class='ocr_line' id='line_1_8' title="bbox 193 599 1775 674; baseline 0.002 -21"><span class='ocrx_word' id='word_1_39' title='bbox 193 601 258 653; x_wconf 74' lang='grc' dir='ltr'>σὺ</span> <span class='ocrx_word' id='word_1_40' title='bbox 288 599 422 670; x_wconf 79' lang='grc' dir='ltr'>ἔρχῃ</span> <span class='ocrx_word' id='word_1_41' title='bbox 451 601 588 672; x_wconf 84' lang='grc' dir='ltr'>πρός</span> <span class='ocrx_word' id='word_1_42' title='bbox 627 617 728 669; x_wconf 88' lang='grc' dir='ltr'>με;</span> <span class='ocrx_word' id='word_1_43' title='bbox 760 599 902 669; x_wconf 78' lang='grc' dir='ltr'>Πρὸς</span> <span class='ocrx_word' id='word_1_44' title='bbox 938 599 1026 654; x_wconf 83' lang='grc' dir='ltr'>τὸν</span> <span class='ocrx_word' id='word_1_45' title='bbox 1075 599 1245 670; x_wconf 79' lang='grc' dir='ltr'>πηλὸν</span> <span class='ocrx_word' id='word_1_46' title='bbox 1297 601 1325 653; x_wconf 90' lang='lat'><strong>6</strong></span> <span class='ocrx_word' id='word_1_47' title='bbox 1367 601 1604 672; x_wconf 82' lang='grc' dir='ltr'>χρυσός;</span> <span class='ocrx_word' id='word_1_48' title='bbox 1639 605 1775 674; x_wconf 84' lang='grc' dir='ltr'>πρὸς</span> 
     </span>
    </p>
   </div>
   <div class='ocr_carea' id='block_1_9' title="bbox 190 688 1773 771">
    <p class='ocr_par' dir='ltr' id='par_1_9' title="bbox 190 688 1773 771">
     <span class='ocr_line' id='line_1_9' title="bbox 190 688 1773 771; baseline 0.006 -31"><span class='ocrx_word' id='word_1_49' title='bbox 190 691 283 741; x_wconf 69' lang='grc' dir='ltr'>τὸν</span> <span class='ocrx_word' id='word_1_50' title='bbox 314 688 504 757; x_wconf 82' lang='grc' dir='ltr'>λύχνον</span> <span class='ocrx_word' id='word_1_51' title='bbox 541 691 570 741; x_wconf 97' lang='lat'><strong>6</strong></span> <span class='ocrx_word' id='word_1_52' title='bbox 596 689 788 758; x_wconf 73' lang='grc' dir='ltr'>ἥλιοςς</span> <span class='ocrx_word' id='word_1_53' title='bbox 843 689 977 761; x_wconf 79' lang='grc' dir='ltr'>πρὸς</span> <span class='ocrx_word' id='word_1_54' title='bbox 1022 690 1114 743; x_wconf 78' lang='grc' dir='ltr'>τὸν</span> <span class='ocrx_word' id='word_1_55' title='bbox 1149 689 1420 763; x_wconf 81' lang='grc' dir='ltr'>σπινθῆρα</span> <span class='ocrx_word' id='word_1_56' title='bbox 1463 689 1524 746; x_wconf 85' lang='grc' dir='ltr'>τὸ</span> <span class='ocrx_word' id='word_1_57' title='bbox 1563 695 1697 761; x_wconf 81' lang='grc' dir='ltr'>φῶς,</span> 
     </span>
    </p>
   </div>
   <div class='ocr_carea' id='block_1_10' title="bbox 193 779 1775 851">
    <p class='ocr_par' dir='ltr' id='par_1_10' title="bbox 193 779 1775 851">
     <span class='ocr_line' id='line_1_10' title="bbox 193 779 1775 851; baseline 0.005 -21"><span class='ocrx_word' id='word_1_58' title='bbox 193 779 348 850; x_wconf 72' lang='grc' dir='ltr'>πηγὴ</span> <span class='ocrx_word' id='word_1_59' title='bbox 405 780 540 848; x_wconf 80' lang='grc' dir='ltr'>πρὸς</span> <span class='ocrx_word' id='word_1_60' title='bbox 598 779 689 834; x_wconf 77' lang='grc' dir='ltr'>τὸν</span> <span class='ocrx_word' id='word_1_61' title='bbox 739 783 882 832; x_wconf 80' lang='grc' dir='ltr'>πιεῖν</span> <span class='ocrx_word' id='word_1_62' title='bbox 939 780 1331 850; x_wconf 75' lang='grc' dir='ltr'>ὲπειγόμενονς</span> <span class='ocrx_word' id='word_1_63' title='bbox 1383 784 1520 851; x_wconf 77' lang='grc' dir='ltr'>πρὸς</span> <span class='ocrx_word' id='word_1_64' title='bbox 1573 785 1666 837; x_wconf 71' lang='grc' dir='ltr'>τὸν</span> <span class='ocrx_word' id='word_1_65' title='bbox 1710 787 1775 838; x_wconf 82' lang='grc' dir='ltr'>ὲκ</span> 
     </span>
    </p>
   </div>
   <div class='ocr_carea' id='block_1_11' title="bbox 194 871 1776 944">
    <p class='ocr_par' dir='ltr' id='par_1_11' title="bbox 194 871 1776 944">
     <span class='ocr_line' id='line_1_11' title="bbox 194 871 1776 944; baseline 0.005 -22"><span class='ocrx_word' id='word_1_66' title='bbox 194 875 537 941; x_wconf 73' lang='grc' dir='ltr'>σπέρματος,</span> <span class='ocrx_word' id='word_1_67' title='bbox 568 873 596 924; x_wconf 84' lang='grc' dir='ltr'><strong>ό</strong></span> <span class='ocrx_word' id='word_1_68' title='bbox 623 873 686 924; x_wconf 81' lang='grc' dir='ltr'>ὲκ</span> <span class='ocrx_word' id='word_1_69' title='bbox 709 871 983 942; x_wconf 82' lang='grc' dir='ltr'><strong>Παρθένου</strong></span> <span class='ocrx_word' id='word_1_70' title='bbox 1011 871 1252 942; x_wconf 84' lang='grc' dir='ltr'>τεχθείς;</span> <span class='ocrx_word' id='word_1_71' title='bbox 1284 875 1446 944; x_wconf 84' lang='grc' dir='ltr'>ἀρκεῖ</span> <span class='ocrx_word' id='word_1_72' title='bbox 1469 893 1558 944; x_wconf 88' lang='grc' dir='ltr'><strong>μοι</strong></span> <span class='ocrx_word' id='word_1_73' title='bbox 1583 875 1646 928; x_wconf 82' lang='grc' dir='ltr'>τὸ</span> <span class='ocrx_word' id='word_1_74' title='bbox 1676 893 1776 930; x_wconf 74' lang='grc' dir='ltr'>καο</span> 
     </span>
    </p>
   </div>
   <div class='ocr_carea' id='block_1_12' title="bbox 192 957 1775 1030">
    <p class='ocr_par' dir='ltr' id='par_1_12' title="bbox 192 957 1775 1030">
     <span class='ocr_line' id='line_1_12' title="bbox 192 957 1775 1030; baseline 0.001 -19"><span class='ocrx_word' id='word_1_75' title='bbox 192 957 409 1012; x_wconf 75' lang='grc' dir='ltr'>λεῖσθαί</span> <span class='ocrx_word' id='word_1_76' title='bbox 438 975 530 1012; x_wconf 85' lang='grc' dir='ltr'><strong>σου</strong></span> <span class='ocrx_word' id='word_1_77' title='bbox 566 959 888 1030; x_wconf 77' lang='grc' dir='ltr'>πρόδρομον,</span> <span class='ocrx_word' id='word_1_78' title='bbox 923 959 1213 1029; x_wconf 84' lang='grc' dir='ltr'>προσκυνῶ</span> <span class='ocrx_word' id='word_1_79' title='bbox 1241 959 1339 1030; x_wconf 81' lang='grc' dir='ltr'>τὴν</span> <span class='ocrx_word' id='word_1_80' title='bbox 1371 963 1450 1023; x_wconf 78' lang='grc' dir='ltr'><strong>είς</strong></span> <span class='ocrx_word' id='word_1_81' title='bbox 1475 960 1632 1012; x_wconf 73' lang='grc' dir='ltr'>τοῦτο</span> <span class='ocrx_word' id='word_1_82' title='bbox 1657 960 1775 1013; x_wconf 89' lang='grc' dir='ltr'>δια-</span> 
     </span>
    </p>
   </div>
   <div class='ocr_carea' id='block_1_13' title="bbox 195 1047 1776 1124">
    <p class='ocr_par' dir='ltr' id='par_1_13' title="bbox 195 1047 1776 1124">
     <span class='ocr_line' id='line_1_13' title="bbox 195 1047 1776 1124; baseline 0.001 -21"><span class='ocrx_word' id='word_1_83' title='bbox 195 1051 406 1103; x_wconf 64' lang='grc' dir='ltr'>κονίαν.</span> <span class='ocrx_word' id='word_1_84' title='bbox 445 1050 511 1102; x_wconf 88' lang='grc' dir='ltr'>Τί</span> <span class='ocrx_word' id='word_1_85' title='bbox 547 1047 642 1103; x_wconf 79' lang='grc' dir='ltr'>οὖν</span> <span class='ocrx_word' id='word_1_86' title='bbox 682 1054 774 1104; x_wconf 70' lang='grc' dir='ltr'>καὶ</span> <span class='ocrx_word' id='word_1_87' title='bbox 809 1052 1018 1104; x_wconf 81' lang='grc' dir='ltr'>νίπτειν</span> <span class='ocrx_word' id='word_1_88' title='bbox 1056 1051 1217 1124; x_wconf 74' lang='grc' dir='ltr'>βιάζῃ</span> <span class='ocrx_word' id='word_1_89' title='bbox 1248 1056 1347 1123; x_wconf 82' lang='grc' dir='ltr'><strong>τῆς</strong></span> <span class='ocrx_word' id='word_1_90' title='bbox 1375 1051 1717 1120; x_wconf 81' lang='grc' dir='ltr'>δικαιοσύνης</span> <span class='ocrx_word' id='word_1_91' title='bbox 1748 1053 1776 1105; x_wconf 93' lang='lat'><strong>6</strong></span> 
     </span>
    </p>
   </div>
   <div class='ocr_carea' id='block_1_14' title="bbox 195 1139 1773 1216">
    <p class='ocr_par' dir='ltr' id='par_1_14' title="bbox 195 1139 1773 1216">
     <span class='ocr_line' id='line_1_14' title="bbox 195 1139 1773 1216; baseline 0.004 -24"><span class='ocrx_word' id='word_1_92' title='bbox 195 1141 389 1212; x_wconf 72' lang='grc' dir='ltr'>ῆιιος;</span> <span class='ocrx_word' id='word_1_93' title='bbox 429 1139 481 1195; x_wconf 89' lang='grc' dir='ltr'><strong>τί</strong></span> <span class='ocrx_word' id='word_1_94' title='bbox 522 1139 616 1196; x_wconf 72' lang='grc' dir='ltr'>οὖν</span> <span class='ocrx_word' id='word_1_95' title='bbox 666 1145 694 1196; x_wconf 88' lang='lat'><strong>6</strong></span> <span class='ocrx_word' id='word_1_96' title='bbox 741 1144 1018 1214; x_wconf 77' lang='grc' dir='ltr'><strong>Δεσπότης</strong></span> <span class='ocrx_word' id='word_1_97' title='bbox 1047 1145 1318 1215; x_wconf 89' lang='grc' dir='ltr'>Χριστός;</span> <span class='ocrx_word' id='word_1_98' title='bbox 1371 1163 1390 1196; x_wconf 76' lang='grc' dir='ltr'><strong>ι</strong></span> <span class='ocrx_word' id='word_1_99' title='bbox 1421 1143 1590 1214; x_wconf 74' lang='grc' dir='ltr'>Ἄφες</span> <span class='ocrx_word' id='word_1_100' title='bbox 1625 1145 1773 1216; x_wconf 82' lang='grc' dir='ltr'>ἄρτι.</span> 
     </span>
    </p>
   </div>
   <div class='ocr_carea' id='block_1_15' title="bbox 195 1231 1778 1306">
    <p class='ocr_par' dir='ltr' id='par_1_15' title="bbox 195 1231 1778 1306">
     <span class='ocr_line' id='line_1_15' title="bbox 195 1231 1778 1306; baseline 0.003 -21"><span class='ocrx_word' id='word_1_101' title='bbox 195 1231 356 1285; x_wconf 66' lang='grc' dir='ltr'>Οῧτω</span> <span class='ocrx_word' id='word_1_102' title='bbox 379 1234 486 1302; x_wconf 78' lang='grc' dir='ltr'>γάρ</span> <span class='ocrx_word' id='word_1_103' title='bbox 511 1233 722 1303; x_wconf 80' lang='grc' dir='ltr'>πρέπον</span> <span class='ocrx_word' id='word_1_104' title='bbox 753 1235 884 1305; x_wconf 78' lang='grc' dir='ltr'>ἡμῖν</span> <span class='ocrx_word' id='word_1_105' title='bbox 907 1235 1023 1288; x_wconf 75' lang='grc' dir='ltr'>ἔστι</span> <span class='ocrx_word' id='word_1_106' title='bbox 1053 1235 1342 1306; x_wconf 85' lang='grc' dir='ltr'>πληρῶσαι</span> <span class='ocrx_word' id='word_1_107' title='bbox 1369 1237 1549 1288; x_wconf 82' lang='grc' dir='ltr'>πᾶσαν</span> <span class='ocrx_word' id='word_1_108' title='bbox 1573 1233 1778 1290; x_wconf 80' lang='grc' dir='ltr'>δικαιο-</span> 
     </span>
    </p>
   </div>
   <div class='ocr_carea' id='block_1_16' title="bbox 199 1323 1774 1398">
    <p class='ocr_par' dir='ltr' id='par_1_16' title="bbox 199 1323 1774 1398">
     <span class='ocr_line' id='line_1_16' title="bbox 199 1323 1774 1398; baseline 0.004 -22"><span class='ocrx_word' id='word_1_109' title='bbox 199 1323 388 1392; x_wconf 71' lang='grc' dir='ltr'>σύεην.</span> <span class='ocrx_word' id='word_1_110' title='bbox 421 1343 438 1374; x_wconf 74' lang='grc' dir='ltr'><strong>ι</strong></span> <span class='ocrx_word' id='word_1_111' title='bbox 476 1327 646 1393; x_wconf 63' lang='lat' dir='ltr'><strong>&quot;Ages;</strong></span> <span class='ocrx_word' id='word_1_112' title='bbox 682 1325 828 1396; x_wconf 80' lang='grc' dir='ltr'>ἄρτι,</span> <span class='ocrx_word' id='word_1_113' title='bbox 865 1328 1164 1391; x_wconf 72' lang='grc' dir='ltr'>ἐπιεικείας</span> <span class='ocrx_word' id='word_1_114' title='bbox 1199 1345 1290 1398; x_wconf 84' lang='grc' dir='ltr'><strong>μοι</strong></span> <span class='ocrx_word' id='word_1_115' title='bbox 1332 1327 1528 1394; x_wconf 80' lang='grc' dir='ltr'>νῦν,οὐ</span> <span class='ocrx_word' id='word_1_116' title='bbox 1564 1327 1774 1393; x_wconf 82' lang='grc' dir='ltr'>δοξολο-</span> 
     </span>
    </p>
   </div>
   <div class='ocr_carea' id='block_1_17' title="bbox 197 1411 1776 1488">
    <p class='ocr_par' dir='ltr' id='par_1_17' title="bbox 197 1411 1776 1488">
     <span class='ocr_line' id='line_1_17' title="bbox 197 1411 1776 1488; baseline 0.007 -27"><span class='ocrx_word' id='word_1_117' title='bbox 197 1411 322 1476; x_wconf 76' lang='grc' dir='ltr'>γίας</span> <span class='ocrx_word' id='word_1_118' title='bbox 349 1413 377 1464; x_wconf 86' lang='grc' dir='ltr'><strong>ὁ</strong></span> <span class='ocrx_word' id='word_1_119' title='bbox 405 1413 618 1484; x_wconf 79' lang='grc' dir='ltr'>καιρὸς,</span> <span class='ocrx_word' id='word_1_120' title='bbox 654 1413 1004 1486; x_wconf 78' lang='grc' dir='ltr'>ἀνθρωπίνης</span> <span class='ocrx_word' id='word_1_121' title='bbox 1025 1415 1323 1480; x_wconf 83' lang='grc' dir='ltr'>πολιτείας,</span> <span class='ocrx_word' id='word_1_122' title='bbox 1353 1419 1412 1472; x_wconf 89' lang='grc' dir='ltr'><strong>οὐ</strong></span> <span class='ocrx_word' id='word_1_123' title='bbox 1437 1419 1776 1488; x_wconf 87' lang='grc' dir='ltr'>Δεσποτικῆς</span> 
     </span>
    </p>
   </div>
   <div class='ocr_carea' id='block_1_18' title="bbox 197 1503 1776 1580">
    <p class='ocr_par' dir='ltr' id='par_1_18' title="bbox 197 1503 1776 1580">
     <span class='ocr_line' id='line_1_18' title="bbox 197 1503 1776 1580; baseline 0.005 -26"><span class='ocrx_word' id='word_1_124' title='bbox 197 1503 505 1566; x_wconf 78' lang='grc' dir='ltr'>αὐθεντίας.</span> <span class='ocrx_word' id='word_1_125' title='bbox 542 1505 934 1576; x_wconf 75' lang='grc' dir='ltr'>Παρεγενόμην</span> <span class='ocrx_word' id='word_1_126' title='bbox 963 1507 1074 1578; x_wconf 85' lang='grc' dir='ltr'>γὰρ</span> <span class='ocrx_word' id='word_1_127' title='bbox 1114 1507 1183 1562; x_wconf 87' lang='grc' dir='ltr'><strong>δι’</strong></span> <span class='ocrx_word' id='word_1_128' title='bbox 1211 1509 1355 1578; x_wconf 79' lang='grc' dir='ltr'>ὑμᾶς</span> <span class='ocrx_word' id='word_1_129' title='bbox 1389 1509 1628 1580; x_wconf 82' lang='grc' dir='ltr'>Ἰωάννη,</span> <span class='ocrx_word' id='word_1_130' title='bbox 1659 1510 1776 1562; x_wconf 77' lang='grc' dir='ltr'>ἐτέ-</span> 
     </span>
    </p>
   </div>
   <div class='ocr_carea' id='block_1_19' title="bbox 197 1593 1773 1677">
    <p class='ocr_par' dir='ltr' id='par_1_19' title="bbox 197 1593 1773 1677">
     <span class='ocr_line' id='line_1_19' title="bbox 197 1593 1773 1677; baseline 0.006 -32"><span class='ocrx_word' id='word_1_131' title='bbox 197 1593 336 1677; x_wconf 75' lang='grc' dir='ltr'>χθην</span> <span class='ocrx_word' id='word_1_132' title='bbox 365 1597 428 1647; x_wconf 79' lang='grc' dir='ltr'>ἐκ</span> <span class='ocrx_word' id='word_1_133' title='bbox 455 1596 691 1666; x_wconf 84' lang='grc' dir='ltr'>γαστρὸς</span> <span class='ocrx_word' id='word_1_134' title='bbox 717 1597 1066 1668; x_wconf 81' lang='grc' dir='ltr'>ἀνθρωπίνης</span> <span class='ocrx_word' id='word_1_135' title='bbox 1090 1613 1105 1629; x_wconf 83' lang='lat'><strong><em>°</em></strong></span> <span class='ocrx_word' id='word_1_136' title='bbox 1137 1599 1604 1670; x_wconf 82' lang='grc' dir='ltr'>γαλακτοτροφίας</span> <span class='ocrx_word' id='word_1_137' title='bbox 1648 1617 1773 1671; x_wconf 89' lang='grc' dir='ltr'>μετ-</span> 
     </span>
    </p>
   </div>
   <div class='ocr_carea' id='block_1_20' title="bbox 197 1673 1845 1762">
    <p class='ocr_par' dir='ltr' id='par_1_20' title="bbox 197 1673 1845 1762">
     <span class='ocr_line' id='line_1_20' title="bbox 197 1673 1845 1762; baseline 0.004 -24"><span class='ocrx_word' id='word_1_138' title='bbox 197 1673 358 1754; x_wconf 77' lang='grc' dir='ltr'>έσχον</span> <span class='ocrx_word' id='word_1_139' title='bbox 382 1701 396 1714; x_wconf 85' lang='grc'><em>’</em></span> <span class='ocrx_word' id='word_1_140' title='bbox 430 1685 677 1758; x_wconf 81' lang='grc' dir='ltr'>ηὐξήθην</span> <span class='ocrx_word' id='word_1_141' title='bbox 706 1689 845 1742; x_wconf 83' lang='grc' dir='ltr'>κατὰ</span> <span class='ocrx_word' id='word_1_142' title='bbox 882 1685 1136 1758; x_wconf 88' lang='grc' dir='ltr'>σώματος</span> <span class='ocrx_word' id='word_1_143' title='bbox 1175 1689 1340 1758; x_wconf 87' lang='grc' dir='ltr'>νόμον</span> <span class='ocrx_word' id='word_1_144' title='bbox 1367 1705 1383 1720; x_wconf 88' lang='grc'><strong>·</strong></span> <span class='ocrx_word' id='word_1_145' title='bbox 1414 1689 1509 1762; x_wconf 80' lang='grc' dir='ltr'>τὴν</span> <span class='ocrx_word' id='word_1_146' title='bbox 1537 1691 1647 1744; x_wconf 86' lang='grc' dir='ltr'>τῶν</span> <span class='ocrx_word' id='word_1_147' title='bbox 1687 1707 1774 1744; x_wconf 83' lang='grc' dir='ltr'>νο·</span> <span class='ocrx_word' id='word_1_148' title='bbox 1803 1673 1845 1728; x_wconf 77' lang='grc' dir='ltr'><strong>Β</strong></span> 
     </span>
    </p>
   </div>
   <div class='ocr_carea' id='block_1_21' title="bbox 203 1776 1774 1851">
    <p class='ocr_par' dir='ltr' id='par_1_21' title="bbox 203 1776 1774 1851">
     <span class='ocr_line' id='line_1_21' title="bbox 203 1776 1774 1851; baseline 0.005 -23"><span class='ocrx_word' id='word_1_149' title='bbox 203 1778 388 1844; x_wconf 70' lang='grc' dir='ltr'>μίμων</span> <span class='ocrx_word' id='word_1_150' title='bbox 410 1776 654 1848; x_wconf 78' lang='grc' dir='ltr'>φυλακὴν</span> <span class='ocrx_word' id='word_1_151' title='bbox 683 1777 1080 1849; x_wconf 81' lang='grc' dir='ltr'>ἀπεπλήρωσα.</span> <span class='ocrx_word' id='word_1_152' title='bbox 1109 1779 1278 1832; x_wconf 84' lang='grc' dir='ltr'>Οὐδέν</span> <span class='ocrx_word' id='word_1_153' title='bbox 1309 1797 1399 1849; x_wconf 91' lang='grc' dir='ltr'><strong>μοι</strong></span> <span class='ocrx_word' id='word_1_154' title='bbox 1428 1781 1536 1833; x_wconf 85' lang='grc' dir='ltr'>τῶν</span> <span class='ocrx_word' id='word_1_155' title='bbox 1560 1783 1658 1851; x_wconf 85' lang='grc' dir='ltr'><strong>τῆς</strong></span> <span class='ocrx_word' id='word_1_156' title='bbox 1681 1783 1774 1836; x_wconf 80' lang='grc' dir='ltr'>άν-</span> 
     </span>
    </p>
   </div>
   <div class='ocr_carea' id='block_1_22' title="bbox 199 1867 1770 1943">
    <p class='ocr_par' dir='ltr' id='par_1_22' title="bbox 199 1867 1770 1943">
     <span class='ocr_line' id='line_1_22' title="bbox 199 1867 1770 1943; baseline 0.004 -24"><span class='ocrx_word' id='word_1_157' title='bbox 199 1867 479 1938; x_wconf 68' lang='grc' dir='ltr'>θρωπίνης</span> <span class='ocrx_word' id='word_1_158' title='bbox 500 1867 713 1936; x_wconf 83' lang='grc' dir='ltr'>φύσεως</span> <span class='ocrx_word' id='word_1_159' title='bbox 731 1871 1067 1943; x_wconf 82' lang='grc' dir='ltr'>παρελείφθη</span> <span class='ocrx_word' id='word_1_160' title='bbox 1089 1871 1520 1940; x_wconf 85' lang='grc' dir='ltr'>πολιτευμάτων.</span> <span class='ocrx_word' id='word_1_161' title='bbox 1539 1874 1770 1942; x_wconf 73' lang='grc' dir='ltr'>Δέξομαι</span> 
     </span>
    </p>
   </div>
   <div class='ocr_carea' id='block_1_23' title="bbox 195 1959 1773 2037">
    <p class='ocr_par' dir='ltr' id='par_1_23' title="bbox 195 1959 1773 2037">
     <span class='ocr_line' id='line_1_23' title="bbox 195 1959 1773 2037; baseline 0.003 -21"><span class='ocrx_word' id='word_1_162' title='bbox 195 1966 292 2016; x_wconf 72' lang='lat' dir='ltr'><strong>aut</strong></span> <span class='ocrx_word' id='word_1_163' title='bbox 337 1963 432 2016; x_wconf 82' lang='grc' dir='ltr'><strong>νῦν</strong></span> <span class='ocrx_word' id='word_1_164' title='bbox 475 1961 550 2026; x_wconf 86' lang='grc' dir='ltr'>ὡς</span> <span class='ocrx_word' id='word_1_165' title='bbox 577 1962 858 2033; x_wconf 76' lang='grc' dir='ltr'>ἄνθρωπος</span> <span class='ocrx_word' id='word_1_166' title='bbox 889 1959 1192 2034; x_wconf 81' lang='grc' dir='ltr'>βάπτισμα.</span> <span class='ocrx_word' id='word_1_167' title='bbox 1240 1965 1546 2037; x_wconf 80' lang='grc' dir='ltr'>Πραχθήτω</span> <span class='ocrx_word' id='word_1_168' title='bbox 1593 1967 1773 2020; x_wconf 82' lang='grc' dir='ltr'>πάντα</span> 
     </span>
    </p>
   </div>
   <div class='ocr_carea' id='block_1_24' title="bbox 193 2051 1764 2137">
    <p class='ocr_par' dir='ltr' id='par_1_24' title="bbox 193 2051 1764 2137">
     <span class='ocr_line' id='line_1_24' title="bbox 193 2051 1764 2137; baseline 0.003 -31"><span class='ocrx_word' id='word_1_169' title='bbox 193 2055 326 2120; x_wconf 79' lang='grc' dir='ltr'>παρ’</span> <span class='ocrx_word' id='word_1_170' title='bbox 361 2051 492 2123; x_wconf 76' lang='grc' dir='ltr'>ἐμοῦ</span> <span class='ocrx_word' id='word_1_171' title='bbox 527 2052 592 2106; x_wconf 80' lang='grc' dir='ltr'><strong>τά</strong></span> <span class='ocrx_word' id='word_1_172' title='bbox 635 2055 732 2123; x_wconf 83' lang='grc' dir='ltr'><strong>τῆς</strong></span> <span class='ocrx_word' id='word_1_173' title='bbox 771 2055 862 2137; x_wconf 73' lang='grc' dir='ltr'>τοῦ</span> <span class='ocrx_word' id='word_1_174' title='bbox 908 2053 1166 2124; x_wconf 82' lang='grc' dir='ltr'>σώματος</span> <span class='ocrx_word' id='word_1_175' title='bbox 1209 2055 1482 2110; x_wconf 74' lang='grc' dir='ltr'>ἀκόλουθα</span> <span class='ocrx_word' id='word_1_176' title='bbox 1520 2057 1764 2127; x_wconf 75' lang='grc' dir='ltr'>φύσεως.</span> 
     </span>
    </p>
   </div>
   <div class='ocr_carea' id='block_1_25' title="bbox 194 2137 1769 2219">
    <p class='ocr_par' dir='ltr' id='par_1_25' title="bbox 194 2137 1769 2219">
     <span class='ocr_line' id='line_1_25' title="bbox 194 2137 1769 2219; baseline 0.003 -22"><span class='ocrx_word' id='word_1_177' title='bbox 194 2145 271 2214; x_wconf 76' lang='grc' dir='ltr'>μὴ</span> <span class='ocrx_word' id='word_1_178' title='bbox 299 2144 442 2214; x_wconf 80' lang='grc' dir='ltr'>μάθῃ</span> <span class='ocrx_word' id='word_1_179' title='bbox 466 2141 532 2198; x_wconf 78' lang='grc' dir='ltr'>δι’</span> <span class='ocrx_word' id='word_1_180' title='bbox 551 2137 625 2198; x_wconf 83' lang='grc' dir='ltr'>ὧν</span> <span class='ocrx_word' id='word_1_181' title='bbox 641 2144 778 2218; x_wconf 81' lang='grc' dir='ltr'>λέγῃ</span> <span class='ocrx_word' id='word_1_182' title='bbox 805 2146 832 2198; x_wconf 90' lang='grc' dir='ltr'><strong>ό</strong></span> <span class='ocrx_word' id='word_1_183' title='bbox 862 2145 1106 2210; x_wconf 81' lang='grc' dir='ltr'>διάϐολος</span> <span class='ocrx_word' id='word_1_184' title='bbox 1133 2145 1230 2216; x_wconf 81' lang='grc' dir='ltr'>τὴν</span> <span class='ocrx_word' id='word_1_185' title='bbox 1251 2148 1646 2219; x_wconf 82' lang='grc' dir='ltr'>κεκρυμμένην</span> <span class='ocrx_word' id='word_1_186' title='bbox 1669 2165 1769 2219; x_wconf 81' lang='grc' dir='ltr'><strong>μου</strong></span> 
     </span>
    </p>
   </div>
   <div class='ocr_carea' id='block_1_26' title="bbox 193 2225 1770 2308">
    <p class='ocr_par' dir='ltr' id='par_1_26' title="bbox 193 2225 1770 2308">
     <span class='ocr_line' id='line_1_26' title="bbox 193 2225 1770 2308; baseline 0.003 -22"><span class='ocrx_word' id='word_1_187' title='bbox 193 2234 446 2304; x_wconf 82' lang='grc' dir='ltr'>θεότητα,</span> <span class='ocrx_word' id='word_1_188' title='bbox 483 2235 557 2304; x_wconf 83' lang='grc' dir='ltr'>μὴ</span> <span class='ocrx_word' id='word_1_189' title='bbox 591 2225 849 2303; x_wconf 72' lang='grc' dir='ltr'>φοὸηθεῖς</span> <span class='ocrx_word' id='word_1_190' title='bbox 891 2233 951 2287; x_wconf 82' lang='grc' dir='ltr'>τὸ</span> <span class='ocrx_word' id='word_1_191' title='bbox 985 2236 1306 2306; x_wconf 86' lang='grc' dir='ltr'>μυστήριον,</span> <span class='ocrx_word' id='word_1_192' title='bbox 1361 2237 1453 2290; x_wconf 78' lang='grc' dir='ltr'>καὶ</span> <span class='ocrx_word' id='word_1_193' title='bbox 1496 2231 1646 2308; x_wconf 67' lang='grc' dir='ltr'>φύγῃ</span> <span class='ocrx_word' id='word_1_194' title='bbox 1671 2237 1770 2308; x_wconf 82' lang='grc' dir='ltr'><strong>τὴν</strong></span> 
     </span>
    </p>
   </div>
   <div class='ocr_carea' id='block_1_27' title="bbox 191 2326 1770 2402">
    <p class='ocr_par' dir='ltr' id='par_1_27' title="bbox 191 2326 1770 2402">
     <span class='ocr_line' id='line_1_27' title="bbox 191 2326 1770 2402; baseline 0.004 -25"><span class='ocrx_word' id='word_1_195' title='bbox 191 2327 329 2392; x_wconf 71' lang='grc' dir='ltr'>πρὸς</span> <span class='ocrx_word' id='word_1_196' title='bbox 362 2326 461 2396; x_wconf 75' lang='grc' dir='ltr'><strong>ἐμὲ</strong></span> <span class='ocrx_word' id='word_1_197' title='bbox 488 2326 786 2398; x_wconf 77' lang='grc' dir='ltr'>συμϐολὴν,</span> <span class='ocrx_word' id='word_1_198' title='bbox 819 2327 912 2380; x_wconf 77' lang='grc' dir='ltr'>καὶ</span> <span class='ocrx_word' id='word_1_199' title='bbox 939 2327 1176 2398; x_wconf 79' lang='grc' dir='ltr'>κερδάνῃ</span> <span class='ocrx_word' id='word_1_200' title='bbox 1201 2327 1642 2398; x_wconf 82' lang='grc' dir='ltr'>δραπετεύουσαν</span> <span class='ocrx_word' id='word_1_201' title='bbox 1671 2330 1770 2402; x_wconf 76' lang='grc' dir='ltr'>τὴν</span> 
     </span>
    </p>
   </div>
   <div class='ocr_carea' id='block_1_28' title="bbox 187 2410 1766 2492">
    <p class='ocr_par' dir='ltr' id='par_1_28' title="bbox 187 2410 1766 2492">
     <span class='ocr_line' id='line_1_28' title="bbox 187 2410 1766 2492; baseline 0.004 -24"><span class='ocrx_word' id='word_1_202' title='bbox 187 2410 561 2489; x_wconf 50' lang='grc' dir='ltr'>ἦττανθΑζες</span> <span class='ocrx_word' id='word_1_203' title='bbox 581 2421 706 2488; x_wconf 79' lang='grc' dir='ltr'>ἄρτι</span> <span class='ocrx_word' id='word_1_204' title='bbox 728 2435 742 2450; x_wconf 74' lang='grc' dir='ltr'><strong>ο</strong></span> <span class='ocrx_word' id='word_1_205' title='bbox 764 2418 884 2488; x_wconf 71' lang='grc' dir='ltr'>ὄψει</span> <span class='ocrx_word' id='word_1_206' title='bbox 909 2436 1010 2488; x_wconf 91' lang='grc' dir='ltr'><strong>μου</strong></span> <span class='ocrx_word' id='word_1_207' title='bbox 1040 2419 1237 2490; x_wconf 70' lang='grc' dir='ltr'>μικρὸν</span> <span class='ocrx_word' id='word_1_208' title='bbox 1257 2418 1504 2491; x_wconf 82' lang='grc' dir='ltr'>ὕστερον,</span> <span class='ocrx_word' id='word_1_209' title='bbox 1524 2423 1766 2492; x_wconf 83' lang='grc' dir='ltr'>Ἰωάννη,</span> 
     </span>
    </p>
   </div>
   <div class='ocr_carea' id='block_1_29' title="bbox 189 2507 1770 2583">
    <p class='ocr_par' dir='ltr' id='par_1_29' title="bbox 189 2507 1770 2583">
     <span class='ocr_line' id='line_1_29' title="bbox 189 2507 1770 2583; baseline 0.001 -23"><span class='ocrx_word' id='word_1_210' title='bbox 189 2511 294 2576; x_wconf 71' lang='grc' dir='ltr'>τὴν</span> <span class='ocrx_word' id='word_1_211' title='bbox 353 2507 532 2574; x_wconf 82' lang='grc' dir='ltr'>δόξαν.</span> <span class='ocrx_word' id='word_1_212' title='bbox 595 2510 755 2578; x_wconf 68' lang='grc' dir='ltr'>Ὀψει</span> <span class='ocrx_word' id='word_1_213' title='bbox 796 2527 864 2579; x_wconf 89' lang='grc' dir='ltr'><strong>με</strong></span> <span class='ocrx_word' id='word_1_214' title='bbox 910 2509 1010 2581; x_wconf 85' lang='grc' dir='ltr'><strong>τῆς</strong></span> <span class='ocrx_word' id='word_1_215' title='bbox 1063 2511 1170 2564; x_wconf 84' lang='grc' dir='ltr'>τῶν</span> <span class='ocrx_word' id='word_1_216' title='bbox 1227 2509 1496 2582; x_wconf 81' lang='grc' dir='ltr'>δαιμόνων</span> <span class='ocrx_word' id='word_1_217' title='bbox 1542 2509 1770 2583; x_wconf 77' lang='grc' dir='ltr'>νικητὴν</span> 
     </span>
    </p>
   </div>
   <div class='ocr_carea' id='block_1_30' title="bbox 194 2598 1774 2673">
    <p class='ocr_par' dir='ltr' id='par_1_30' title="bbox 194 2598 1774 2673">
     <span class='ocr_line' id='line_1_30' title="bbox 194 2598 1774 2673; baseline 0.001 -21"><span class='ocrx_word' id='word_1_218' title='bbox 194 2601 584 2668; x_wconf 63' lang='grc' dir='ltr'>παρατάξεως·</span> <span class='ocrx_word' id='word_1_219' title='bbox 621 2598 738 2669; x_wconf 69' lang='grc' dir='ltr'>ὕψει</span> <span class='ocrx_word' id='word_1_220' title='bbox 769 2598 869 2670; x_wconf 82' lang='grc' dir='ltr'><strong>τὴν</strong></span> <span class='ocrx_word' id='word_1_221' title='bbox 904 2598 995 2652; x_wconf 79' lang='grc' dir='ltr'>τοῦ</span> <span class='ocrx_word' id='word_1_222' title='bbox 1031 2600 1157 2670; x_wconf 69' lang='grc' dir='ltr'>ᾅδου</span> <span class='ocrx_word' id='word_1_223' title='bbox 1200 2603 1329 2673; x_wconf 80' lang='grc' dir='ltr'>παρ’</span> <span class='ocrx_word' id='word_1_224' title='bbox 1353 2602 1484 2671; x_wconf 77' lang='grc' dir='ltr'>ἐμοῦ</span> <span class='ocrx_word' id='word_1_225' title='bbox 1519 2601 1774 2656; x_wconf 78' lang='grc' dir='ltr'>σκυλευο-</span> 
     </span>
    </p>
   </div>
   <div class='ocr_carea' id='block_1_31' title="bbox 197 2690 1768 2766">
    <p class='ocr_par' dir='ltr' id='par_1_31' title="bbox 197 2690 1768 2766">
     <span class='ocr_line' id='line_1_31' title="bbox 197 2690 1768 2766; baseline 0.004 -24"><span class='ocrx_word' id='word_1_226' title='bbox 197 2690 366 2761; x_wconf 78' lang='grc' dir='ltr'>μένην</span> <span class='ocrx_word' id='word_1_227' title='bbox 401 2691 702 2760; x_wconf 87' lang='grc' dir='ltr'>βασιλείαν.</span> <span class='ocrx_word' id='word_1_228' title='bbox 739 2691 896 2761; x_wconf 69' lang='grc' dir='ltr'>Ὄψει</span> <span class='ocrx_word' id='word_1_229' title='bbox 932 2709 1002 2762; x_wconf 85' lang='grc' dir='ltr'><strong>με</strong></span> <span class='ocrx_word' id='word_1_230' title='bbox 1035 2693 1285 2762; x_wconf 81' lang='grc' dir='ltr'>ἀγγέλων</span> <span class='ocrx_word' id='word_1_231' title='bbox 1321 2694 1588 2766; x_wconf 78' lang='grc' dir='ltr'>οὐρανίων</span> <span class='ocrx_word' id='word_1_232' title='bbox 1615 2694 1768 2760; x_wconf 76' lang='grc' dir='ltr'>δοξα-</span> 
     </span>
    </p>
   </div>
   <div class='ocr_carea' id='block_1_32' title="bbox 193 2781 1770 2858">
    <p class='ocr_par' dir='ltr' id='par_1_32' title="bbox 193 2781 1770 2858">
     <span class='ocr_line' id='line_1_32' title="bbox 193 2781 1770 2858; baseline 0.006 -26"><span class='ocrx_word' id='word_1_233' title='bbox 193 2781 440 2850; x_wconf 68' lang='grc' dir='ltr'>ζομένων</span> <span class='ocrx_word' id='word_1_234' title='bbox 489 2783 716 2852; x_wconf 72' lang='grc' dir='ltr'>δήμοιςσ</span> <span class='ocrx_word' id='word_1_235' title='bbox 767 2783 888 2852; x_wconf 73' lang='grc' dir='ltr'>ὄψει</span> <span class='ocrx_word' id='word_1_236' title='bbox 923 2798 991 2853; x_wconf 82' lang='grc' dir='ltr'><strong>με</strong></span> <span class='ocrx_word' id='word_1_237' title='bbox 1045 2787 1146 2853; x_wconf 76' lang='grc' dir='ltr'><strong>τῆς</strong></span> <span class='ocrx_word' id='word_1_238' title='bbox 1201 2785 1527 2856; x_wconf 80' lang='grc' dir='ltr'>οίκουμένης</span> <span class='ocrx_word' id='word_1_239' title='bbox 1577 2789 1770 2858; x_wconf 81' lang='grc' dir='ltr'>κριτὴν</span> 
     </span>
    </p>
   </div>
   <div class='ocr_carea' id='block_1_33' title="bbox 197 2869 1770 2948">
    <p class='ocr_par' dir='ltr' id='par_1_33' title="bbox 197 2869 1770 2948">
     <span class='ocr_line' id='line_1_33' title="bbox 197 2869 1770 2948; baseline 0.004 -24"><span class='ocrx_word' id='word_1_240' title='bbox 197 2872 645 2942; x_wconf 76' lang='grc' dir='ltr'>προκαθήμενον·</span> <span class='ocrx_word' id='word_1_241' title='bbox 688 2869 810 2942; x_wconf 69' lang='grc' dir='ltr'>ὕψει</span> <span class='ocrx_word' id='word_1_242' title='bbox 843 2889 908 2943; x_wconf 86' lang='grc' dir='ltr'><strong>με</strong></span> <span class='ocrx_word' id='word_1_243' title='bbox 949 2875 1099 2944; x_wconf 73' lang='grc' dir='ltr'>παρὰ</span> <span class='ocrx_word' id='word_1_244' title='bbox 1129 2875 1331 2938; x_wconf 81' lang='grc' dir='ltr'>παντὸς</span> <span class='ocrx_word' id='word_1_245' title='bbox 1374 2875 1770 2948; x_wconf 85' lang='grc' dir='ltr'>λατρευόμενον</span> 
     </span>
    </p>
   </div>
   <div class='ocr_carea' id='block_1_34' title="bbox 1874 428 3448 500">
    <p class='ocr_par' dir='ltr' id='par_1_34' title="bbox 1874 428 3448 500">
     <span class='ocr_line' id='line_1_34' title="bbox 1874 428 3448 500; baseline -0.001 -18"><span class='ocrx_word' id='word_1_246' title='bbox 1874 439 2097 498; x_wconf 85' lang='lat' dir='ltr'><strong>parente</strong></span> <span class='ocrx_word' id='word_1_247' title='bbox 2146 446 2297 486; x_wconf 87' lang='lat' dir='ltr'><strong>esses</strong></span> <span class='ocrx_word' id='word_1_248' title='bbox 2325 430 2656 496; x_wconf 73' lang='lat' dir='ltr'><strong>nasciturus,</strong></span> <span class='ocrx_word' id='word_1_249' title='bbox 2707 429 3058 500; x_wconf 76' lang='lat' dir='ltr'><strong>conSpicatus</strong></span> <span class='ocrx_word' id='word_1_250' title='bbox 3105 428 3448 482; x_wconf 71' lang='lat' dir='ltr'><strong>exclamavi:</strong></span> 
     </span>
    </p>
   </div>
   <div class='ocr_carea' id='block_1_35' title="bbox 1881 517 3450 578">
    <p class='ocr_par' dir='ltr' id='par_1_35' title="bbox 1881 517 3450 578">
     <span class='ocr_line' id='line_1_35' title="bbox 1881 517 3450 578; baseline -0.002 -5"><span class='ocrx_word' id='word_1_251' title='bbox 1881 540 1899 573; x_wconf 79' lang='grc' dir='ltr'><strong>ι</strong></span> <span class='ocrx_word' id='word_1_252' title='bbox 1948 519 2113 578; x_wconf 84' lang='lat' dir='ltr'><strong>Unde,</strong></span> <span class='ocrx_word' id='word_1_253' title='bbox 2144 523 2248 576; x_wconf 91' lang='lat' dir='ltr'><strong>hoc</strong></span> <span class='ocrx_word' id='word_1_254' title='bbox 2296 523 2431 576; x_wconf 92' lang='lat' dir='ltr'><strong>mihi</strong></span> <span class='ocrx_word' id='word_1_255' title='bbox 2473 533 2529 578; x_wconf 89' lang='lat' dir='ltr'><strong>ut</strong></span> <span class='ocrx_word' id='word_1_256' title='bbox 2560 521 2744 576; x_wconf 88' lang='lat' dir='ltr'><strong>veniat</strong></span> <span class='ocrx_word' id='word_1_257' title='bbox 2795 519 2969 575; x_wconf 83' lang='lat' dir='ltr'><strong>Mater</strong></span> <span class='ocrx_word' id='word_1_258' title='bbox 2999 518 3214 574; x_wconf 89' lang='lat' dir='ltr'><strong>Domini</strong></span> <span class='ocrx_word' id='word_1_259' title='bbox 3249 519 3352 572; x_wconf 89' lang='lat' dir='ltr'><strong>mei</strong></span> <span class='ocrx_word' id='word_1_260' title='bbox 3382 517 3450 571; x_wconf 89' lang='lat' dir='ltr'><strong>ad</strong></span> 
     </span>
    </p>
   </div>
   <div class='ocr_carea' id='block_1_36' title="bbox 1875 611 3449 683">
    <p class='ocr_par' dir='ltr' id='par_1_36' title="bbox 1875 611 3449 683">
     <span class='ocr_line' id='line_1_36' title="bbox 1875 611 3449 683; baseline -0.003 -17"><span class='ocrx_word' id='word_1_261' title='bbox 1875 613 2100 666; x_wconf 64' lang='lat' dir='ltr'><strong>me’?»</strong></span> <span class='ocrx_word' id='word_1_262' title='bbox 2144 613 2334 683; x_wconf 76' lang='lat' dir='ltr'><strong>Agnus</strong></span> <span class='ocrx_word' id='word_1_263' title='bbox 2379 621 2434 667; x_wconf 89' lang='lat' dir='ltr'><strong>tu</strong></span> <span class='ocrx_word' id='word_1_264' title='bbox 2503 613 2810 678; x_wconf 85' lang='lat' dir='ltr'><strong>accessisti,</strong></span> <span class='ocrx_word' id='word_1_265' title='bbox 2875 612 2968 681; x_wconf 86' lang='lat' dir='ltr'><strong>qui</strong></span> <span class='ocrx_word' id='word_1_266' title='bbox 3023 611 3181 666; x_wconf 91' lang='lat' dir='ltr'><strong>tollas</strong></span> <span class='ocrx_word' id='word_1_267' title='bbox 3251 623 3449 664; x_wconf 82' lang='lat' dir='ltr'><strong>noxam</strong></span> 
     </span>
    </p>
   </div>
   <div class='ocr_carea' id='block_1_37' title="bbox 1876 702 3452 774">
    <p class='ocr_par' dir='ltr' id='par_1_37' title="bbox 1876 702 3452 774">
     <span class='ocr_line' id='line_1_37' title="bbox 1876 702 3452 774; baseline -0.001 -18"><span class='ocrx_word' id='word_1_268' title='bbox 1876 703 2082 760; x_wconf 89' lang='lat' dir='ltr'><strong>mundi.</strong></span> <span class='ocrx_word' id='word_1_269' title='bbox 2125 702 2192 757; x_wconf 84' lang='lat' dir='ltr'><strong>Et</strong></span> <span class='ocrx_word' id='word_1_270' title='bbox 2221 719 2322 774; x_wconf 87' lang='lat' dir='ltr'><strong>ego</strong></span> <span class='ocrx_word' id='word_1_271' title='bbox 2353 720 2457 758; x_wconf 92' lang='lat' dir='ltr'><strong>una</strong></span> <span class='ocrx_word' id='word_1_272' title='bbox 2507 704 2873 759; x_wconf 84' lang='lat' dir='ltr'><strong>cum-mundo</strong></span> <span class='ocrx_word' id='word_1_273' title='bbox 2921 715 3074 758; x_wconf 91' lang='lat' dir='ltr'><strong>tuum</strong></span> <span class='ocrx_word' id='word_1_274' title='bbox 3127 711 3452 772; x_wconf 81' lang='lat' dir='ltr'><strong>exspectans</strong></span> 
     </span>
    </p>
   </div>
   <div class='ocr_carea' id='block_1_38' title="bbox 1874 783 3450 866">
    <p class='ocr_par' dir='ltr' id='par_1_38' title="bbox 1874 783 3450 866">
     <span class='ocr_line' id='line_1_38' title="bbox 1874 783 3450 866; baseline -0.002 -16"><span class='ocrx_word' id='word_1_275' title='bbox 1874 797 2100 861; x_wconf 89' lang='lat' dir='ltr'><strong>donum,</strong></span> <span class='ocrx_word' id='word_1_276' title='bbox 2137 811 2274 866; x_wconf 92' lang='lat' dir='ltr'><strong>opus</strong></span> <span class='ocrx_word' id='word_1_277' title='bbox 2298 783 2470 850; x_wconf 92' lang='lat' dir='ltr'><strong>habeo</strong></span> <span class='ocrx_word' id='word_1_278' title='bbox 2517 807 2629 850; x_wconf 92' lang='lat' dir='ltr'><strong>uta</strong></span> <span class='ocrx_word' id='word_1_279' title='bbox 2697 806 2748 852; x_wconf 92' lang='lat' dir='ltr'><strong>te</strong></span> <span class='ocrx_word' id='word_1_280' title='bbox 2807 797 3056 866; x_wconf 83' lang='lat' dir='ltr'><strong>baptizer</strong></span> <span class='ocrx_word' id='word_1_281' title='bbox 3083 813 3098 862; x_wconf 91' lang='lat'><strong>;</strong></span> <span class='ocrx_word' id='word_1_282' title='bbox 3129 806 3184 848; x_wconf 91' lang='lat' dir='ltr'><strong>tu</strong></span> <span class='ocrx_word' id='word_1_283' title='bbox 3224 811 3352 850; x_wconf 86' lang='lat' dir='ltr'><strong>vero</strong></span> <span class='ocrx_word' id='word_1_284' title='bbox 3381 793 3450 848; x_wconf 91' lang='lat' dir='ltr'><strong>ad</strong></span> 
     </span>
    </p>
   </div>
   <div class='ocr_carea' id='block_1_39' title="bbox 1876 885 3454 957">
    <p class='ocr_par' dir='ltr' id='par_1_39' title="bbox 1876 885 3454 957">
     <span class='ocr_line' id='line_1_39' title="bbox 1876 885 3454 957; baseline -0.002 -17"><span class='ocrx_word' id='word_1_285' title='bbox 1876 903 1962 941; x_wconf 90' lang='lat' dir='ltr'><strong>me</strong></span> <span class='ocrx_word' id='word_1_286' title='bbox 1996 887 2170 949; x_wconf 88' lang='lat' dir='ltr'><strong>venis,</strong></span> <span class='ocrx_word' id='word_1_287' title='bbox 2228 887 2295 940; x_wconf 90' lang='lat' dir='ltr'><strong>ad</strong></span> <span class='ocrx_word' id='word_1_288' title='bbox 2359 887 2554 952; x_wconf 87' lang='lat' dir='ltr'><strong>lutum,</strong></span> <span class='ocrx_word' id='word_1_289' title='bbox 2587 886 2829 942; x_wconf 85' lang='lat' dir='ltr'><strong>aurum?</strong></span> <span class='ocrx_word' id='word_1_290' title='bbox 2862 887 2929 940; x_wconf 89' lang='lat' dir='ltr'><strong>ad</strong></span> <span class='ocrx_word' id='word_1_291' title='bbox 2989 887 3270 957; x_wconf 85' lang='lat' dir='ltr'><strong>lychnum,</strong></span> <span class='ocrx_word' id='word_1_292' title='bbox 3320 885 3454 940; x_wconf 83' lang='lat' dir='ltr'><strong>sol?</strong></span> 
     </span>
    </p>
   </div>
   <div class='ocr_carea' id='block_1_40' title="bbox 1875 969 3448 1042">
    <p class='ocr_par' dir='ltr' id='par_1_40' title="bbox 1875 969 3448 1042">
     <span class='ocr_line' id='line_1_40' title="bbox 1875 969 3448 1042; baseline -0.003 -10"><span class='ocrx_word' id='word_1_293' title='bbox 1875 979 1940 1032; x_wconf 86' lang='lat' dir='ltr'><strong>ad</strong></span> <span class='ocrx_word' id='word_1_294' title='bbox 1971 978 2286 1042; x_wconf 71' lang='lat' dir='ltr'><strong>scintillam,</strong></span> <span class='ocrx_word' id='word_1_295' title='bbox 2315 977 2401 1032; x_wconf 86' lang='lat' dir='ltr'><strong>fax</strong></span> <span class='ocrx_word' id='word_1_296' title='bbox 2428 979 2451 1031; x_wconf 70' lang='grc' dir='ltr'><em>ἲ</em></span> <span class='ocrx_word' id='word_1_297' title='bbox 2484 969 2630 1034; x_wconf 71' lang='lat' dir='ltr'><strong>Fons</strong></span> <span class='ocrx_word' id='word_1_298' title='bbox 2689 979 2756 1033; x_wconf 86' lang='lat' dir='ltr'><strong>ad</strong></span> <span class='ocrx_word' id='word_1_299' title='bbox 2787 978 3060 1033; x_wconf 71' lang='lat' dir='ltr'><strong>sitientem</strong></span> <span class='ocrx_word' id='word_1_300' title='bbox 3089 977 3202 1029; x_wconf 86' lang='lat' dir='ltr'><strong>?ad</strong></span> <span class='ocrx_word' id='word_1_301' title='bbox 3259 985 3448 1028; x_wconf 89' lang='lat' dir='ltr'><strong>natum</strong></span> 
     </span>
    </p>
   </div>
   <div class='ocr_carea' id='block_1_41' title="bbox 1874 1065 3455 1136">
    <p class='ocr_par' dir='ltr' id='par_1_41' title="bbox 1874 1065 3455 1136">
     <span class='ocr_line' id='line_1_41' title="bbox 1874 1065 3455 1136; baseline -0.003 -14"><span class='ocrx_word' id='word_1_302' title='bbox 1874 1083 1941 1122; x_wconf 76' lang='lat' dir='ltr'><strong>ex</strong></span> <span class='ocrx_word' id='word_1_303' title='bbox 1982 1066 2212 1130; x_wconf 85' lang='lat' dir='ltr'><strong>semine,</strong></span> <span class='ocrx_word' id='word_1_304' title='bbox 2243 1067 2337 1136; x_wconf 86' lang='lat' dir='ltr'><strong>qui</strong></span> <span class='ocrx_word' id='word_1_305' title='bbox 2390 1081 2458 1120; x_wconf 83' lang='lat' dir='ltr'><strong>ex</strong></span> <span class='ocrx_word' id='word_1_306' title='bbox 2488 1065 2712 1135; x_wconf 82' lang='lat' dir='ltr'><strong>Virgine</strong></span> <span class='ocrx_word' id='word_1_307' title='bbox 2760 1077 2922 1122; x_wconf 89' lang='lat' dir='ltr'><strong>natus</strong></span> <span class='ocrx_word' id='word_1_308' title='bbox 2979 1065 3109 1120; x_wconf 81' lang='lat' dir='ltr'><strong>est?</strong></span> <span class='ocrx_word' id='word_1_309' title='bbox 3169 1065 3317 1119; x_wconf 86' lang='lat' dir='ltr'><strong>Satis</strong></span> <span class='ocrx_word' id='word_1_310' title='bbox 3369 1073 3455 1118; x_wconf 90' lang='lat' dir='ltr'><strong>est</strong></span> 
     </span>
    </p>
   </div>
   <div class='ocr_carea' id='block_1_42' title="bbox 1874 1156 3453 1226">
    <p class='ocr_par' dir='ltr' id='par_1_42' title="bbox 1874 1156 3453 1226">
     <span class='ocr_line' id='line_1_42' title="bbox 1874 1156 3453 1226; baseline -0.004 -12"><span class='ocrx_word' id='word_1_311' title='bbox 1874 1158 2006 1214; x_wconf 89' lang='lat' dir='ltr'><strong>mihi</strong></span> <span class='ocrx_word' id='word_1_312' title='bbox 2035 1167 2186 1212; x_wconf 91' lang='lat' dir='ltr'><strong>tuum</strong></span> <span class='ocrx_word' id='word_1_313' title='bbox 2220 1172 2306 1212; x_wconf 90' lang='lat' dir='ltr'><strong>me</strong></span> <span class='ocrx_word' id='word_1_314' title='bbox 2355 1157 2539 1212; x_wconf 85' lang='lat' dir='ltr'><strong>vocari</strong></span> <span class='ocrx_word' id='word_1_315' title='bbox 2572 1171 2994 1226; x_wconf 61' lang='lat' dir='ltr'><strong>praeursorem,</strong></span> <span class='ocrx_word' id='word_1_316' title='bbox 3025 1157 3096 1211; x_wconf 91' lang='lat' dir='ltr'><strong>ob</strong></span> <span class='ocrx_word' id='word_1_317' title='bbox 3141 1156 3284 1225; x_wconf 90' lang='lat' dir='ltr'><strong>quod</strong></span> <span class='ocrx_word' id='word_1_318' title='bbox 3321 1170 3453 1210; x_wconf 86' lang='lat' dir='ltr'><strong>sane</strong></span> 
     </span>
    </p>
   </div>
   <div class='ocr_carea' id='block_1_43' title="bbox 1873 1246 3448 1320">
    <p class='ocr_par' dir='ltr' id='par_1_43' title="bbox 1873 1246 3448 1320">
     <span class='ocr_line' id='line_1_43' title="bbox 1873 1246 3448 1320; baseline -0.004 -16"><span class='ocrx_word' id='word_1_319' title='bbox 1873 1249 2052 1320; x_wconf 87' lang='lat' dir='ltr'><strong>ipsum</strong></span> <span class='ocrx_word' id='word_1_320' title='bbox 2082 1249 2253 1304; x_wconf 87' lang='lat' dir='ltr'><strong>adoro</strong></span> <span class='ocrx_word' id='word_1_321' title='bbox 2283 1249 2672 1303; x_wconf 88' lang='lat' dir='ltr'><strong>ministerium.</strong></span> <span class='ocrx_word' id='word_1_322' title='bbox 2709 1248 2849 1314; x_wconf 86' lang='lat' dir='ltr'><strong>Quid</strong></span> <span class='ocrx_word' id='word_1_323' title='bbox 2873 1248 3039 1318; x_wconf 83' lang='lat' dir='ltr'><strong>igitur</strong></span> <span class='ocrx_word' id='word_1_324' title='bbox 3064 1248 3131 1300; x_wconf 89' lang='lat' dir='ltr'><strong>ad</strong></span> <span class='ocrx_word' id='word_1_325' title='bbox 3159 1246 3448 1300; x_wconf 87' lang='lat' dir='ltr'><strong>lavandum</strong></span> 
     </span>
    </p>
   </div>
   <div class='ocr_carea' id='block_1_44' title="bbox 1875 1337 3448 1410">
    <p class='ocr_par' dir='ltr' id='par_1_44' title="bbox 1875 1337 3448 1410">
     <span class='ocr_line' id='line_1_44' title="bbox 1875 1337 3448 1410; baseline -0.004 -12"><span class='ocrx_word' id='word_1_326' title='bbox 1875 1357 1934 1398; x_wconf 90' lang='lat' dir='ltr'><strong>se</strong></span> <span class='ocrx_word' id='word_1_327' title='bbox 1954 1356 2173 1410; x_wconf 90' lang='lat' dir='ltr'><strong>quoque</strong></span> <span class='ocrx_word' id='word_1_328' title='bbox 2202 1340 2482 1410; x_wconf 86' lang='lat' dir='ltr'><strong>compellit</strong></span> <span class='ocrx_word' id='word_1_329' title='bbox 2515 1339 2748 1410; x_wconf 65' lang='lat' dir='ltr'><strong>justitia:</strong></span> <span class='ocrx_word' id='word_1_330' title='bbox 2775 1338 2910 1394; x_wconf 88' lang='lat' dir='ltr'><strong>Sol?</strong></span> <span class='ocrx_word' id='word_1_331' title='bbox 2933 1337 3075 1404; x_wconf 85' lang='lat' dir='ltr'><strong>Quid</strong></span> <span class='ocrx_word' id='word_1_332' title='bbox 3097 1353 3229 1407; x_wconf 82' lang='lat' dir='ltr'><strong>ergo</strong></span> <span class='ocrx_word' id='word_1_333' title='bbox 3259 1337 3448 1392; x_wconf 86' lang='lat' dir='ltr'><strong>Domi-</strong></span> 
     </span>
    </p>
   </div>
   <div class='ocr_carea' id='block_1_45' title="bbox 1874 1429 3448 1499">
    <p class='ocr_par' dir='ltr' id='par_1_45' title="bbox 1874 1429 3448 1499">
     <span class='ocr_line' id='line_1_45' title="bbox 1874 1429 3448 1499; baseline -0.003 -13"><span class='ocrx_word' id='word_1_334' title='bbox 1874 1449 1978 1486; x_wconf 92' lang='lat' dir='ltr'><strong>nus</strong></span> <span class='ocrx_word' id='word_1_335' title='bbox 2033 1431 2326 1488; x_wconf 84' lang='lat' dir='ltr'><strong>Christus?</strong></span> <span class='ocrx_word' id='word_1_336' title='bbox 2376 1449 2395 1483; x_wconf 86' lang='grc'><strong><em>‹</em></strong></span> <span class='ocrx_word' id='word_1_337' title='bbox 2431 1431 2636 1486; x_wconf 83' lang='lat' dir='ltr'><strong>Omitte</strong></span> <span class='ocrx_word' id='word_1_338' title='bbox 2692 1446 2860 1497; x_wconf 88' lang='lat' dir='ltr'><strong>nunc,</strong></span> <span class='ocrx_word' id='word_1_339' title='bbox 2919 1430 3118 1499; x_wconf 85' lang='lat' dir='ltr'><strong>inquit,</strong></span> <span class='ocrx_word' id='word_1_340' title='bbox 3165 1429 3249 1484; x_wconf 89' lang='lat' dir='ltr'><strong>sic</strong></span> <span class='ocrx_word' id='word_1_341' title='bbox 3302 1429 3448 1483; x_wconf 90' lang='lat' dir='ltr'><strong>enim</strong></span> 
     </span>
    </p>
   </div>
   <div class='ocr_carea' id='block_1_46' title="bbox 1873 1520 3443 1592">
    <p class='ocr_par' dir='ltr' id='par_1_46' title="bbox 1873 1520 3443 1592">
     <span class='ocr_line' id='line_1_46' title="bbox 1873 1520 3443 1592; baseline -0.005 -12"><span class='ocrx_word' id='word_1_342' title='bbox 1873 1525 2027 1580; x_wconf 84' lang='lat' dir='ltr'><strong>decet</strong></span> <span class='ocrx_word' id='word_1_343' title='bbox 2079 1539 2200 1590; x_wconf 86' lang='lat' dir='ltr'><strong>nos,</strong></span> <span class='ocrx_word' id='word_1_344' title='bbox 2257 1532 2314 1578; x_wconf 91' lang='lat' dir='ltr'><strong>ut</strong></span> <span class='ocrx_word' id='word_1_345' title='bbox 2365 1523 2742 1592; x_wconf 86' lang='lat' dir='ltr'><strong>compleamus</strong></span> <span class='ocrx_word' id='word_1_346' title='bbox 2771 1537 2988 1576; x_wconf 88' lang='lat' dir='ltr'><strong>omnem</strong></span> <span class='ocrx_word' id='word_1_347' title='bbox 3045 1520 3443 1592; x_wconf 63' lang='lat' dir='ltr'><strong>justitiam&#39;.»</strong></span> 
     </span>
    </p>
   </div>
   <div class='ocr_carea' id='block_1_47' title="bbox 1874 1609 3446 1680">
    <p class='ocr_par' dir='ltr' id='par_1_47' title="bbox 1874 1609 3446 1680">
     <span class='ocr_line' id='line_1_47' title="bbox 1874 1609 3446 1680; baseline -0.002 -13"><span class='ocrx_word' id='word_1_348' title='bbox 1874 1612 2074 1668; x_wconf 86' lang='lat' dir='ltr'><strong>Omitte</strong></span> <span class='ocrx_word' id='word_1_349' title='bbox 2102 1629 2266 1678; x_wconf 87' lang='lat' dir='ltr'><strong>nunc,</strong></span> <span class='ocrx_word' id='word_1_350' title='bbox 2293 1613 2728 1668; x_wconf 89' lang='lat' dir='ltr'><strong>mansuetudinis</strong></span> <span class='ocrx_word' id='word_1_351' title='bbox 2757 1611 2894 1665; x_wconf 86' lang='lat' dir='ltr'><strong>mihi</strong></span> <span class='ocrx_word' id='word_1_352' title='bbox 2928 1625 3098 1676; x_wconf 90' lang='lat' dir='ltr'><strong>nunc,</strong></span> <span class='ocrx_word' id='word_1_353' title='bbox 3139 1625 3253 1664; x_wconf 86' lang='lat' dir='ltr'><strong>non</strong></span> <span class='ocrx_word' id='word_1_354' title='bbox 3273 1609 3446 1680; x_wconf 85' lang='lat' dir='ltr'><strong>glori-</strong></span> 
     </span>
    </p>
   </div>
   <div class='ocr_carea' id='block_1_48' title="bbox 1875 1701 3446 1782">
    <p class='ocr_par' dir='ltr' id='par_1_48' title="bbox 1875 1701 3446 1782">
     <span class='ocr_line' id='line_1_48' title="bbox 1875 1701 3446 1782; baseline -0.002 -22"><span class='ocrx_word' id='word_1_355' title='bbox 1875 1705 2144 1760; x_wconf 82' lang='lat' dir='ltr'><strong>ficationis</strong></span> <span class='ocrx_word' id='word_1_356' title='bbox 2181 1713 2395 1774; x_wconf 87' lang='lat' dir='ltr'><strong>tempus</strong></span> <span class='ocrx_word' id='word_1_357' title='bbox 2437 1713 2540 1768; x_wconf 88' lang='lat' dir='ltr'><strong>est,</strong></span> <span class='ocrx_word' id='word_1_358' title='bbox 2575 1702 2818 1756; x_wconf 80' lang='lat' dir='ltr'><strong>humano</strong></span> <span class='ocrx_word' id='word_1_359' title='bbox 2867 1701 3082 1782; x_wconf 73' lang='lat' dir='ltr'><strong>vivendi</strong></span> <span class='ocrx_word' id='word_1_360' title='bbox 3128 1716 3303 1765; x_wconf 82' lang='lat' dir='ltr'><strong>more,</strong></span> <span class='ocrx_word' id='word_1_361' title='bbox 3337 1716 3446 1757; x_wconf 89' lang='lat' dir='ltr'><strong>non</strong></span> 
     </span>
    </p>
   </div>
   <div class='ocr_carea' id='block_1_49' title="bbox 1873 1791 3446 1868">
    <p class='ocr_par' dir='ltr' id='par_1_49' title="bbox 1873 1791 3446 1868">
     <span class='ocr_line' id='line_1_49' title="bbox 1873 1791 3446 1868; baseline -0.004 -15"><span class='ocrx_word' id='word_1_362' title='bbox 1873 1797 2143 1868; x_wconf 84' lang='lat' dir='ltr'><strong>imperiali</strong></span> <span class='ocrx_word' id='word_1_363' title='bbox 2175 1803 2468 1865; x_wconf 86' lang='lat' dir='ltr'><strong>potestate.</strong></span> <span class='ocrx_word' id='word_1_364' title='bbox 2518 1793 2724 1864; x_wconf 60' lang='lat' dir='ltr'><strong>Adveni</strong></span> <span class='ocrx_word' id='word_1_365' title='bbox 2777 1791 2926 1848; x_wconf 90' lang='lat' dir='ltr'><strong>enim</strong></span> <span class='ocrx_word' id='word_1_366' title='bbox 2971 1800 3192 1862; x_wconf 82' lang='lat' dir='ltr'><strong>propter</strong></span> <span class='ocrx_word' id='word_1_367' title='bbox 3240 1805 3359 1854; x_wconf 87' lang='lat' dir='ltr'><strong>vos.</strong></span> <span class='ocrx_word' id='word_1_368' title='bbox 3412 1809 3446 1846; x_wconf 88' lang='grc' dir='ltr'><strong>υ</strong></span> 
     </span>
    </p>
   </div>
   <div class='ocr_carea' id='block_1_50' title="bbox 1848 1885 3446 1956">
    <p class='ocr_par' dir='ltr' id='par_1_50' title="bbox 1848 1885 3446 1956">
     <span class='ocr_line' id='line_1_50' title="bbox 1848 1885 3446 1956; baseline -0.001 -16"><span class='ocrx_word' id='word_1_369' title='bbox 1848 1889 2339 1956; x_wconf 73' lang='lat' dir='ltr'><strong>_.loannes,&#39;nalus</strong></span> <span class='ocrx_word' id='word_1_370' title='bbox 2382 1902 2446 1943; x_wconf 76' lang='lat' dir='ltr'><strong>ex</strong></span> <span class='ocrx_word' id='word_1_371' title='bbox 2493 1895 2652 1942; x_wconf 80' lang='lat' dir='ltr'><strong>utero</strong></span> <span class='ocrx_word' id='word_1_372' title='bbox 2699 1885 2961 1951; x_wconf 84' lang='lat' dir='ltr'><strong>humano,</strong></span> <span class='ocrx_word' id='word_1_373' title='bbox 2991 1885 3130 1954; x_wconf 75' lang='lat' dir='ltr'><strong>lacte</strong></span> <span class='ocrx_word' id='word_1_374' title='bbox 3181 1885 3446 1947; x_wconf 84' lang='lat' dir='ltr'><strong>nutritus,</strong></span> 
     </span>
    </p>
   </div>
   <div class='ocr_carea' id='block_1_51' title="bbox 1873 1975 3446 2052">
    <p class='ocr_par' dir='ltr' id='par_1_51' title="bbox 1873 1975 3446 2052">
     <span class='ocr_line' id='line_1_51' title="bbox 1873 1975 3446 2052; baseline -0.005 -16"><span class='ocrx_word' id='word_1_375' title='bbox 1873 1997 1972 2052; x_wconf 80' lang='lat' dir='ltr'><strong>pro</strong></span> <span class='ocrx_word' id='word_1_376' title='bbox 2005 1981 2253 2050; x_wconf 87' lang='lat' dir='ltr'><strong>corporis</strong></span> <span class='ocrx_word' id='word_1_377' title='bbox 2276 1980 2393 2050; x_wconf 89' lang='lat' dir='ltr'><strong>lege</strong></span> <span class='ocrx_word' id='word_1_378' title='bbox 2437 1986 2652 2041; x_wconf 84' lang='lat' dir='ltr'><strong>auctus,</strong></span> <span class='ocrx_word' id='word_1_379' title='bbox 2689 1985 3014 2032; x_wconf 90' lang='lat' dir='ltr'><strong>statutorum</strong></span> <span class='ocrx_word' id='word_1_380' title='bbox 3049 1975 3446 2030; x_wconf 73' lang='lat' dir='ltr'><strong>observantiam</strong></span> 
     </span>
    </p>
   </div>
   <div class='ocr_carea' id='block_1_52' title="bbox 1871 2066 3448 2128">
    <p class='ocr_par' dir='ltr' id='par_1_52' title="bbox 1871 2066 3448 2128">
     <span class='ocr_line' id='line_1_52' title="bbox 1871 2066 3448 2128; baseline -0.005 0"><span class='ocrx_word' id='word_1_381' title='bbox 1871 2080 2166 2128; x_wconf 79' lang='lat' dir='ltr'><strong>exsecutus</strong></span> <span class='ocrx_word' id='word_1_382' title='bbox 2221 2086 2364 2126; x_wconf 88' lang='lat' dir='ltr'><strong>sum.</strong></span> <span class='ocrx_word' id='word_1_383' title='bbox 2414 2069 2572 2124; x_wconf 81' lang='lat' dir='ltr'><strong>Nulla</strong></span> <span class='ocrx_word' id='word_1_384' title='bbox 2640 2069 2774 2123; x_wconf 89' lang='lat' dir='ltr'><strong>mihi</strong></span> <span class='ocrx_word' id='word_1_385' title='bbox 2827 2067 3079 2121; x_wconf 72' lang='lat' dir='ltr'><strong>humana:</strong></span> <span class='ocrx_word' id='word_1_386' title='bbox 3118 2066 3448 2124; x_wconf 82' lang='lat' dir='ltr'><strong>conditionis</strong></span> 
     </span>
    </p>
   </div>
   <div class='ocr_carea' id='block_1_53' title="bbox 1826 2162 3440 2234">
    <p class='ocr_par' dir='ltr' id='par_1_53' title="bbox 1826 2162 3440 2234">
     <span class='ocr_line' id='line_1_53' title="bbox 1826 2162 3440 2234; baseline -0.007 -15"><span class='ocrx_word' id='word_1_387' title='bbox 1826 2210 1829 2213; x_wconf 97' lang='lat'><strong>.</strong></span> <span class='ocrx_word' id='word_1_388' title='bbox 1872 2163 2237 2234; x_wconf 66' lang='lat' dir='ltr'><strong>praetermissa</strong></span> <span class='ocrx_word' id='word_1_389' title='bbox 2263 2162 2503 2231; x_wconf 72' lang='lat' dir='ltr'><strong>civilitas</strong></span> <span class='ocrx_word' id='word_1_390' title='bbox 2522 2169 2644 2215; x_wconf 87' lang='lat' dir='ltr'><strong>est:</strong></span> <span class='ocrx_word' id='word_1_391' title='bbox 2681 2173 2852 2229; x_wconf 84' lang='lat' dir='ltr'><strong>quare</strong></span> <span class='ocrx_word' id='word_1_392' title='bbox 2897 2174 3044 2212; x_wconf 90' lang='lat' dir='ltr'><strong>nunc</strong></span> <span class='ocrx_word' id='word_1_393' title='bbox 3091 2173 3314 2227; x_wconf 91' lang='lat' dir='ltr'><strong>quoque</strong></span> <span class='ocrx_word' id='word_1_394' title='bbox 3343 2169 3440 2212; x_wconf 87' lang='lat' dir='ltr'><strong>ceu</strong></span> 
     </span>
    </p>
   </div>
   <div class='ocr_carea' id='block_1_54' title="bbox 1873 2249 3445 2324">
    <p class='ocr_par' dir='ltr' id='par_1_54' title="bbox 1873 2249 3445 2324">
     <span class='ocr_line' id='line_1_54' title="bbox 1873 2249 3445 2324; baseline -0.004 -16"><span class='ocrx_word' id='word_1_395' title='bbox 1873 2256 2038 2310; x_wconf 88' lang='lat' dir='ltr'><strong>homo</strong></span> <span class='ocrx_word' id='word_1_396' title='bbox 2076 2255 2344 2324; x_wconf 87' lang='lat' dir='ltr'><strong>baptisma</strong></span> <span class='ocrx_word' id='word_1_397' title='bbox 2365 2252 2626 2321; x_wconf 86' lang='lat' dir='ltr'><strong>suscipio.</strong></span> <span class='ocrx_word' id='word_1_398' title='bbox 2661 2251 2864 2320; x_wconf 78' lang='lat' dir='ltr'><strong>Perage</strong></span> <span class='ocrx_word' id='word_1_399' title='bbox 2893 2263 2960 2304; x_wconf 88' lang='lat' dir='ltr'><strong>ea</strong></span> <span class='ocrx_word' id='word_1_400' title='bbox 2993 2264 3202 2303; x_wconf 88' lang='lat' dir='ltr'><strong>mecum</strong></span> <span class='ocrx_word' id='word_1_401' title='bbox 3260 2249 3445 2302; x_wconf 85' lang='lat' dir='ltr'><strong>omnia</strong></span> 
     </span>
    </p>
   </div>
   <div class='ocr_carea' id='block_1_55' title="bbox 1871 2335 3446 2416">
    <p class='ocr_par' dir='ltr' id='par_1_55' title="bbox 1871 2335 3446 2416">
     <span class='ocr_line' id='line_1_55' title="bbox 1871 2335 3446 2416; baseline -0.005 -18"><span class='ocrx_word' id='word_1_402' title='bbox 1871 2360 1992 2416; x_wconf 67' lang='lat' dir='ltr'><strong>quae</strong></span> <span class='ocrx_word' id='word_1_403' title='bbox 2044 2345 2290 2414; x_wconf 87' lang='lat' dir='ltr'><strong>corporis</strong></span> <span class='ocrx_word' id='word_1_404' title='bbox 2335 2353 2546 2396; x_wconf 72' lang='lat' dir='ltr'><strong>natura:</strong></span> <span class='ocrx_word' id='word_1_405' title='bbox 2577 2340 2932 2394; x_wconf 88' lang='lat' dir='ltr'><strong>conveniunt.</strong></span> <span class='ocrx_word' id='word_1_406' title='bbox 2969 2335 3049 2392; x_wconf 85' lang='lat' dir='ltr'><strong>Ne</strong></span> <span class='ocrx_word' id='word_1_407' title='bbox 3099 2339 3296 2403; x_wconf 84' lang='lat' dir='ltr'><strong>discat,</strong></span> <span class='ocrx_word' id='word_1_408' title='bbox 3352 2352 3446 2406; x_wconf 87' lang='lat' dir='ltr'><strong>per</strong></span> 
     </span>
    </p>
   </div>
   <div class='ocr_carea' id='block_1_56' title="bbox 1871 2429 3442 2506">
    <p class='ocr_par' dir='ltr' id='par_1_56' title="bbox 1871 2429 3442 2506">
     <span class='ocr_line' id='line_1_56' title="bbox 1871 2429 3442 2506; baseline -0.006 -17"><span class='ocrx_word' id='word_1_409' title='bbox 1871 2452 1993 2506; x_wconf 70' lang='lat' dir='ltr'><strong>qua:</strong></span> <span class='ocrx_word' id='word_1_410' title='bbox 2015 2436 2163 2490; x_wconf 87' lang='lat' dir='ltr'><strong>dicat</strong></span> <span class='ocrx_word' id='word_1_411' title='bbox 2197 2433 2448 2490; x_wconf 86' lang='lat' dir='ltr'><strong>diabolus</strong></span> <span class='ocrx_word' id='word_1_412' title='bbox 2471 2431 2847 2488; x_wconf 83' lang='lat' dir='ltr'><strong>absconditam</strong></span> <span class='ocrx_word' id='word_1_413' title='bbox 2872 2445 3052 2484; x_wconf 86' lang='lat' dir='ltr'><strong>meam</strong></span> <span class='ocrx_word' id='word_1_414' title='bbox 3079 2429 3442 2492; x_wconf 85' lang='lat' dir='ltr'><strong>divinitatem,</strong></span> 
     </span>
    </p>
   </div>
   <div class='ocr_carea' id='block_1_57' title="bbox 1871 2519 3441 2598">
    <p class='ocr_par' dir='ltr' id='par_1_57' title="bbox 1871 2519 3441 2598">
     <span class='ocr_line' id='line_1_57' title="bbox 1871 2519 3441 2598; baseline -0.006 -16"><span class='ocrx_word' id='word_1_415' title='bbox 1871 2545 1940 2582; x_wconf 88' lang='lat' dir='ltr'><strong>ne</strong></span> <span class='ocrx_word' id='word_1_416' title='bbox 1975 2525 2294 2598; x_wconf 82' lang='lat' dir='ltr'><strong>mysterium</strong></span> <span class='ocrx_word' id='word_1_417' title='bbox 2329 2533 2602 2589; x_wconf 88' lang='lat' dir='ltr'><strong>metuens,</strong></span> <span class='ocrx_word' id='word_1_418' title='bbox 2628 2536 2991 2594; x_wconf 81' lang='lat' dir='ltr'><strong>congressum</strong></span> <span class='ocrx_word' id='word_1_419' title='bbox 3037 2536 3216 2575; x_wconf 91' lang='lat' dir='ltr'><strong>meum</strong></span> <span class='ocrx_word' id='word_1_420' title='bbox 3249 2519 3441 2590; x_wconf 89' lang='lat' dir='ltr'><strong>fugiat,</strong></span> 
     </span>
    </p>
   </div>
   <div class='ocr_carea' id='block_1_58' title="bbox 1865 2611 3442 2690">
    <p class='ocr_par' dir='ltr' id='par_1_58' title="bbox 1865 2611 3442 2690">
     <span class='ocr_line' id='line_1_58' title="bbox 1865 2611 3442 2690; baseline -0.005 -18"><span class='ocrx_word' id='word_1_421' title='bbox 1865 2630 2034 2690; x_wconf 84' lang='lat' dir='ltr'><strong>atque</strong></span> <span class='ocrx_word' id='word_1_422' title='bbox 2059 2631 2306 2674; x_wconf 85' lang='lat' dir='ltr'><strong>aversam</strong></span> <span class='ocrx_word' id='word_1_423' title='bbox 2331 2631 2362 2670; x_wconf 88' lang='lat' dir='ltr'><strong>a</strong></span> <span class='ocrx_word' id='word_1_424' title='bbox 2393 2631 2453 2672; x_wconf 90' lang='lat' dir='ltr'><strong>se</strong></span> <span class='ocrx_word' id='word_1_425' title='bbox 2477 2624 2716 2685; x_wconf 82' lang='lat' dir='ltr'><strong>stragem</strong></span> <span class='ocrx_word' id='word_1_426' title='bbox 2763 2615 3028 2688; x_wconf 79' lang='lat' dir='ltr'><strong>lucretur.</strong></span> <span class='ocrx_word' id='word_1_427' title='bbox 3059 2611 3258 2666; x_wconf 84' lang='lat' dir='ltr'><strong>Omitte</strong></span> <span class='ocrx_word' id='word_1_428' title='bbox 3276 2627 3442 2674; x_wconf 86' lang='lat' dir='ltr'><strong>nunc,</strong></span> 
     </span>
    </p>
   </div>
   <div class='ocr_carea' id='block_1_59' title="bbox 1873 2701 3442 2775">
    <p class='ocr_par' dir='ltr' id='par_1_59' title="bbox 1873 2701 3442 2775">
     <span class='ocr_line' id='line_1_59' title="bbox 1873 2701 3442 2775; baseline -0.008 -11"><span class='ocrx_word' id='word_1_429' title='bbox 1873 2709 2083 2764; x_wconf 78' lang='lat' dir='ltr'><strong>videbis</strong></span> <span class='ocrx_word' id='word_1_430' title='bbox 2129 2722 2307 2764; x_wconf 87' lang='lat' dir='ltr'><strong>meam</strong></span> <span class='ocrx_word' id='word_1_431' title='bbox 2356 2707 2522 2775; x_wconf 86' lang='lat' dir='ltr'><strong>paulo</strong></span> <span class='ocrx_word' id='word_1_432' title='bbox 2572 2712 2717 2774; x_wconf 86' lang='lat' dir='ltr'><strong>post,</strong></span> <span class='ocrx_word' id='word_1_433' title='bbox 2771 2719 2805 2758; x_wconf 93' lang='grc' dir='ltr'><strong>ο</strong></span> <span class='ocrx_word' id='word_1_434' title='bbox 2853 2701 3118 2764; x_wconf 79' lang='lat' dir='ltr'><strong>Joannes,</strong></span> <span class='ocrx_word' id='word_1_435' title='bbox 3170 2701 3442 2770; x_wconf 78' lang='lat' dir='ltr'><strong>gloriam;</strong></span> 
     </span>
    </p>
   </div>
   <div class='ocr_carea' id='block_1_60' title="bbox 1871 2789 3443 2865">
    <p class='ocr_par' dir='ltr' id='par_1_60' title="bbox 1871 2789 3443 2865">
     <span class='ocr_line' id='line_1_60' title="bbox 1871 2789 3443 2865; baseline -0.006 -11"><span class='ocrx_word' id='word_1_436' title='bbox 1871 2801 2084 2856; x_wconf 83' lang='lat' dir='ltr'><strong>videbis</strong></span> <span class='ocrx_word' id='word_1_437' title='bbox 2116 2813 2202 2852; x_wconf 90' lang='lat' dir='ltr'><strong>me</strong></span> <span class='ocrx_word' id='word_1_438' title='bbox 2223 2797 2574 2851; x_wconf 72' lang='lat' dir='ltr'><strong>damoniaeae</strong></span> <span class='ocrx_word' id='word_1_439' title='bbox 2589 2793 2878 2865; x_wconf 75' lang='lat' dir='ltr'><strong>phalangis</strong></span> <span class='ocrx_word' id='word_1_440' title='bbox 2905 2794 3166 2846; x_wconf 81' lang='lat' dir='ltr'><strong>victorem</strong></span> <span class='ocrx_word' id='word_1_441' title='bbox 3192 2809 3206 2856; x_wconf 88' lang='lat'><strong>;</strong></span> <span class='ocrx_word' id='word_1_442' title='bbox 3235 2789 3443 2844; x_wconf 77' lang='lat' dir='ltr'><strong>videbis</strong></span> 
     </span>
    </p>
   </div>
   <div class='ocr_carea' id='block_1_61' title="bbox 1875 2871 3437 2956">
    <p class='ocr_par' dir='ltr' id='par_1_61' title="bbox 1875 2871 3437 2956">
     <span class='ocr_line' id='line_1_61' title="bbox 1875 2871 3437 2956; baseline -0.005 -10"><span class='ocrx_word' id='word_1_443' title='bbox 1875 2891 2093 2946; x_wconf 74' lang='lat' dir='ltr'><strong>Satanze</strong></span> <span class='ocrx_word' id='word_1_444' title='bbox 2129 2903 2161 2944; x_wconf 92' lang='lat' dir='ltr'><strong>a</strong></span> <span class='ocrx_word' id='word_1_445' title='bbox 2205 2871 2293 2942; x_wconf 86' lang='lat' dir='ltr'><strong>me</strong></span> <span class='ocrx_word' id='word_1_446' title='bbox 2337 2901 2566 2956; x_wconf 86' lang='lat' dir='ltr'><strong>regnum</strong></span> <span class='ocrx_word' id='word_1_447' title='bbox 2621 2885 3023 2954; x_wconf 77' lang='lat' dir='ltr'><strong>exspoliatum;</strong></span> <span class='ocrx_word' id='word_1_448' title='bbox 3077 2883 3287 2938; x_wconf 77' lang='lat' dir='ltr'><strong>videbis</strong></span> <span class='ocrx_word' id='word_1_449' title='bbox 3347 2897 3437 2938; x_wconf 87' lang='lat' dir='ltr'><strong>me</strong></span> 
     </span>
    </p>
   </div>
   <div class='ocr_carea' id='block_1_62' title="bbox 196 2963 1773 3057">
    <p class='ocr_par' dir='ltr' id='par_1_62' title="bbox 196 2963 1770 3043">
     <span class='ocr_line' id='line_1_62' title="bbox 196 2963 1770 3043; baseline 0.004 -27"><span class='ocrx_word' id='word_1_450' title='bbox 196 2963 383 3026; x_wconf 78' lang='grc' dir='ltr'>ἔθνους</span> <span class='ocrx_word' id='word_1_451' title='bbox 407 2980 420 2992; x_wconf 89' lang='grc'><strong>·</strong></span> <span class='ocrx_word' id='word_1_452' title='bbox 447 2964 567 3034; x_wconf 74' lang='grc' dir='ltr'>δψει</span> <span class='ocrx_word' id='word_1_453' title='bbox 604 2967 710 3043; x_wconf 78' lang='grc' dir='ltr'>πᾶν</span> <span class='ocrx_word' id='word_1_454' title='bbox 741 2965 872 3033; x_wconf 81' lang='grc' dir='ltr'>γόνυ</span> <span class='ocrx_word' id='word_1_455' title='bbox 904 2966 1244 3038; x_wconf 76' lang='grc' dir='ltr'>ἐπουρανίων</span> <span class='ocrx_word' id='word_1_456' title='bbox 1273 2971 1364 3021; x_wconf 77' lang='grc' dir='ltr'>καὶ</span> <span class='ocrx_word' id='word_1_457' title='bbox 1388 2969 1646 3036; x_wconf 80' lang='grc' dir='ltr'>ἐπιγείων</span> <span class='ocrx_word' id='word_1_458' title='bbox 1677 2971 1770 3023; x_wconf 71' lang='grc' dir='ltr'>καὶ</span> 
     </span>
    </p>
   </div>
   <div class='ocr_carea' id='block_1_63' title="bbox 1873 2963 3444 3057">
    <p class='ocr_par' dir='ltr' id='par_1_63' title="bbox 1873 2972 3444 3050">
     <span class='ocr_line' id='line_1_63' title="bbox 1873 2972 3444 3050; baseline -0.007 -13"><span class='ocrx_word' id='word_1_459' title='bbox 1873 2983 1940 3037; x_wconf 88' lang='lat' dir='ltr'><strong>ab</strong></span> <span class='ocrx_word' id='word_1_460' title='bbox 1972 2979 2214 3050; x_wconf 82' lang='lat' dir='ltr'><strong>angelica</strong></span> <span class='ocrx_word' id='word_1_461' title='bbox 2248 2977 2457 3034; x_wconf 85' lang='lat' dir='ltr'><strong>ccelcsti</strong></span> <span class='ocrx_word' id='word_1_462' title='bbox 2479 2977 2637 3032; x_wconf 90' lang='lat' dir='ltr'><strong>turba</strong></span> <span class='ocrx_word' id='word_1_463' title='bbox 2657 2976 2910 3030; x_wconf 88' lang='lat' dir='ltr'><strong>laudibus</strong></span> <span class='ocrx_word' id='word_1_464' title='bbox 2930 2973 3195 3030; x_wconf 86' lang='lat' dir='ltr'><strong>celebrari</strong></span> <span class='ocrx_word' id='word_1_465' title='bbox 3228 2992 3244 3041; x_wconf 91' lang='lat'><strong>;</strong></span> <span class='ocrx_word' id='word_1_466' title='bbox 3285 2972 3444 3028; x_wconf 80' lang='lat' dir='ltr'><strong>vide-</strong></span> 
     </span>
    </p>
   </div>
   <div class='ocr_carea' id='block_1_64' title="bbox 199 3057 1771 3134">
    <p class='ocr_par' dir='ltr' id='par_1_64' title="bbox 199 3057 1771 3134">
     <span class='ocr_line' id='line_1_64' title="bbox 199 3057 1771 3134; baseline 0.001 -22"><span class='ocrx_word' id='word_1_467' title='bbox 199 3057 570 3126; x_wconf 83' lang='grc' dir='ltr'>καταχθονίων</span> <span class='ocrx_word' id='word_1_468' title='bbox 609 3057 746 3130; x_wconf 75' lang='grc' dir='ltr'>πρὸς</span> <span class='ocrx_word' id='word_1_469' title='bbox 785 3058 884 3128; x_wconf 82' lang='grc' dir='ltr'>τὴν</span> <span class='ocrx_word' id='word_1_470' title='bbox 921 3059 1060 3129; x_wconf 76' lang='grc' dir='ltr'>ἐμὴν</span> <span class='ocrx_word' id='word_1_471' title='bbox 1085 3060 1431 3130; x_wconf 77' lang='grc' dir='ltr'>συγκεκυφὺς</span> <span class='ocrx_word' id='word_1_472' title='bbox 1464 3063 1771 3134; x_wconf 87' lang='grc' dir='ltr'>προσκύνη-</span> 
     </span>
    </p>
   </div>
   <div class='ocr_carea' id='block_1_65' title="bbox 200 3147 1767 3224">
    <p class='ocr_par' dir='ltr' id='par_1_65' title="bbox 200 3147 1767 3224">
     <span class='ocr_line' id='line_1_65' title="bbox 200 3147 1767 3224; baseline 0.004 -24"><span class='ocrx_word' id='word_1_473' title='bbox 200 3163 304 3204; x_wconf 84' lang='grc' dir='ltr'>σιν.</span> <span class='ocrx_word' id='word_1_474' title='bbox 335 3167 354 3199; x_wconf 76' lang='grc' dir='ltr'><strong>ι</strong></span> <span class='ocrx_word' id='word_1_475' title='bbox 397 3149 567 3216; x_wconf 78' lang='grc' dir='ltr'>’Ἄφες</span> <span class='ocrx_word' id='word_1_476' title='bbox 588 3147 734 3219; x_wconf 76' lang='grc' dir='ltr'>ᾷρτι,</span> <span class='ocrx_word' id='word_1_477' title='bbox 771 3148 916 3202; x_wconf 77' lang='grc' dir='ltr'>οὕτω</span> <span class='ocrx_word' id='word_1_478' title='bbox 941 3150 1052 3220; x_wconf 81' lang='grc' dir='ltr'>γὰρ</span> <span class='ocrx_word' id='word_1_479' title='bbox 1088 3151 1297 3222; x_wconf 85' lang='grc' dir='ltr'>πρέπον</span> <span class='ocrx_word' id='word_1_480' title='bbox 1323 3153 1456 3222; x_wconf 78' lang='grc' dir='ltr'>ἡμῖν</span> <span class='ocrx_word' id='word_1_481' title='bbox 1485 3152 1767 3224; x_wconf 83' lang='grc' dir='ltr'>πληρῶσαι</span> 
     </span>
    </p>
   </div>
   <div class='ocr_carea' id='block_1_66' title="bbox 198 3235 1772 3315">
    <p class='ocr_par' dir='ltr' id='par_1_66' title="bbox 198 3235 1772 3315">
     <span class='ocr_line' id='line_1_66' title="bbox 198 3235 1772 3315; baseline 0.004 -25"><span class='ocrx_word' id='word_1_482' title='bbox 198 3240 380 3290; x_wconf 75' lang='grc' dir='ltr'>πᾶσαν</span> <span class='ocrx_word' id='word_1_483' title='bbox 398 3235 762 3306; x_wconf 84' lang='grc' dir='ltr'>δικαιοσύνην.</span> <span class='ocrx_word' id='word_1_484' title='bbox 777 3256 796 3292; x_wconf 73' lang='grc' dir='ltr'><strong>ι</strong></span> <span class='ocrx_word' id='word_1_485' title='bbox 812 3238 1030 3292; x_wconf 82' lang='grc' dir='ltr'>Τούτων</span> <span class='ocrx_word' id='word_1_486' title='bbox 1057 3238 1193 3310; x_wconf 73' lang='grc' dir='ltr'>πρὸς</span> <span class='ocrx_word' id='word_1_487' title='bbox 1213 3239 1303 3292; x_wconf 73' lang='grc' dir='ltr'><strong>τὸν</strong></span> <span class='ocrx_word' id='word_1_488' title='bbox 1337 3241 1589 3313; x_wconf 83' lang='grc' dir='ltr'>Ἰωάννην</span> <span class='ocrx_word' id='word_1_489' title='bbox 1618 3243 1772 3315; x_wconf 71' lang='grc' dir='ltr'>παρὰ</span> 
     </span>
    </p>
   </div>
   <div class='ocr_carea' id='block_1_67' title="bbox 199 3325 1768 3403">
    <p class='ocr_par' dir='ltr' id='par_1_67' title="bbox 199 3325 1768 3403">
     <span class='ocr_line' id='line_1_67' title="bbox 199 3325 1768 3403; baseline 0.004 -22"><span class='ocrx_word' id='word_1_490' title='bbox 199 3325 436 3398; x_wconf 71' lang='grc' dir='ltr'>Χριστοῦ</span> <span class='ocrx_word' id='word_1_491' title='bbox 481 3327 846 3396; x_wconf 79' lang='grc' dir='ltr'>λαλουμένων,</span> <span class='ocrx_word' id='word_1_492' title='bbox 873 3329 966 3382; x_wconf 69' lang='grc' dir='ltr'>καὶ</span> <span class='ocrx_word' id='word_1_493' title='bbox 995 3330 1133 3401; x_wconf 82' lang='grc' dir='ltr'>πρὸς</span> <span class='ocrx_word' id='word_1_494' title='bbox 1161 3332 1323 3386; x_wconf 82' lang='grc' dir='ltr'>αὐτὸν</span> <span class='ocrx_word' id='word_1_495' title='bbox 1365 3335 1497 3403; x_wconf 82' lang='grc' dir='ltr'>παρ’</span> <span class='ocrx_word' id='word_1_496' title='bbox 1535 3333 1768 3401; x_wconf 79' lang='grc' dir='ltr'>ἐκείνου,</span> 
     </span>
    </p>
   </div>
   <div class='ocr_carea' id='block_1_68' title="bbox 196 3423 1769 3499">
    <p class='ocr_par' dir='ltr' id='par_1_68' title="bbox 196 3423 1769 3499">
     <span class='ocr_line' id='line_1_68' title="bbox 196 3423 1769 3499; baseline 0.004 -24"><span class='ocrx_word' id='word_1_497' title='bbox 196 3425 244 3475; x_wconf 88' lang='grc' dir='ltr'>οἱ</span> <span class='ocrx_word' id='word_1_498' title='bbox 293 3423 399 3476; x_wconf 78' lang='grc' dir='ltr'>τῶν</span> <span class='ocrx_word' id='word_1_499' title='bbox 454 3424 718 3478; x_wconf 82' lang='grc' dir='ltr'>Ἰουδαίων</span> <span class='ocrx_word' id='word_1_500' title='bbox 761 3427 1026 3497; x_wconf 65' lang='grc' dir='ltr'><strong>ἀκροατα)⁵</strong></span> <span class='ocrx_word' id='word_1_501' title='bbox 1091 3428 1534 3498; x_wconf 80' lang='grc' dir='ltr'>παρεστήκεισαν</span> <span class='ocrx_word' id='word_1_502' title='bbox 1582 3429 1769 3499; x_wconf 88' lang='grc' dir='ltr'>δῆμοι,</span> 
     </span>
    </p>
   </div>
   <div class='ocr_carea' id='block_1_69' title="bbox 197 3511 1774 3586">
    <p class='ocr_par' dir='ltr' id='par_1_69' title="bbox 197 3511 1774 3586">
     <span class='ocr_line' id='line_1_69' title="bbox 197 3511 1774 3586; baseline 0.002 -19"><span class='ocrx_word' id='word_1_503' title='bbox 197 3515 290 3567; x_wconf 62' lang='grc' dir='ltr'>καὶ</span> <span class='ocrx_word' id='word_1_504' title='bbox 319 3511 442 3566; x_wconf 80' lang='grc' dir='ltr'>καθ’</span> <span class='ocrx_word' id='word_1_505' title='bbox 469 3515 694 3576; x_wconf 78' lang='grc' dir='ltr'>ἑαυτοὺς</span> <span class='ocrx_word' id='word_1_506' title='bbox 717 3517 894 3584; x_wconf 75' lang='grc' dir='ltr'>σεωπῇ</span> <span class='ocrx_word' id='word_1_507' title='bbox 921 3514 1232 3585; x_wconf 76' lang='grc' dir='ltr'>διηπόρουν.</span> <span class='ocrx_word' id='word_1_508' title='bbox 1259 3516 1583 3586; x_wconf 77' lang='grc' dir='ltr'>Θαυμαστὸν</span> <span class='ocrx_word' id='word_1_509' title='bbox 1603 3517 1663 3570; x_wconf 81' lang='grc' dir='ltr'>τὸ</span> <span class='ocrx_word' id='word_1_510' title='bbox 1689 3533 1774 3585; x_wconf 85' lang='grc' dir='ltr'><strong>γι-</strong></span> 
     </span>
    </p>
   </div>
   <div class='ocr_carea' id='block_1_70' title="bbox 197 3605 1771 3680">
    <p class='ocr_par' dir='ltr' id='par_1_70' title="bbox 197 3605 1771 3680">
     <span class='ocr_line' id='line_1_70' title="bbox 197 3605 1771 3680; baseline 0.003 -23"><span class='ocrx_word' id='word_1_511' title='bbox 197 3605 442 3672; x_wconf 76' lang='grc' dir='ltr'>νόμενον,</span> <span class='ocrx_word' id='word_1_512' title='bbox 487 3605 800 3680; x_wconf 74' lang='grc' dir='ltr'>ἐκπλήξεως</span> <span class='ocrx_word' id='word_1_513' title='bbox 846 3607 907 3659; x_wconf 83' lang='grc' dir='ltr'>τὸ</span> <span class='ocrx_word' id='word_1_514' title='bbox 963 3605 1508 3676; x_wconf 71' lang='grc' dir='ltr'>φαινόμενονάξιον·</span> <span class='ocrx_word' id='word_1_515' title='bbox 1539 3609 1568 3660; x_wconf 89' lang='lat'><strong>6</strong></span> <span class='ocrx_word' id='word_1_516' title='bbox 1604 3609 1771 3678; x_wconf 87' lang='grc' dir='ltr'>Φαρι-</span> 
     </span>
    </p>
   </div>
   <div class='ocr_carea' id='block_1_71' title="bbox 199 3690 1773 3766">
    <p class='ocr_par' dir='ltr' id='par_1_71' title="bbox 199 3690 1773 3766">
     <span class='ocr_line' id='line_1_71' title="bbox 199 3690 1773 3766; baseline 0.002 -22"><span class='ocrx_word' id='word_1_517' title='bbox 199 3690 384 3755; x_wconf 81' lang='grc' dir='ltr'>σαίους</span> <span class='ocrx_word' id='word_1_518' title='bbox 425 3691 722 3762; x_wconf 77' lang='grc' dir='ltr'>βαπτίζων,</span> <span class='ocrx_word' id='word_1_519' title='bbox 774 3693 926 3765; x_wconf 75' lang='grc' dir='ltr'>παρὰ</span> <span class='ocrx_word' id='word_1_520' title='bbox 957 3692 1148 3746; x_wconf 86' lang='grc' dir='ltr'>τούτου</span> <span class='ocrx_word' id='word_1_521' title='bbox 1198 3693 1564 3766; x_wconf 81' lang='grc' dir='ltr'>βαπτισθῆναι</span> <span class='ocrx_word' id='word_1_522' title='bbox 1593 3712 1773 3764; x_wconf 79' lang='grc' dir='ltr'>παρα-</span> 
     </span>
    </p>
   </div>
   <div class='ocr_carea' id='block_1_72' title="bbox 196 3783 1773 3855">
    <p class='ocr_par' dir='ltr' id='par_1_72' title="bbox 196 3783 1773 3855">
     <span class='ocr_line' id='line_1_72' title="bbox 196 3783 1773 3855; baseline 0.001 -18"><span class='ocrx_word' id='word_1_523' title='bbox 196 3784 388 3837; x_wconf 71' lang='grc' dir='ltr'>καλεῖο</span> <span class='ocrx_word' id='word_1_524' title='bbox 413 3785 442 3836; x_wconf 89' lang='lat'><strong>6</strong></span> <span class='ocrx_word' id='word_1_525' title='bbox 465 3783 843 3844; x_wconf 78' lang='grc' dir='ltr'>Σαδδουκαίοις</span> <span class='ocrx_word' id='word_1_526' title='bbox 871 3785 1121 3854; x_wconf 79' lang='grc' dir='ltr'>φρικτὸς,</span> <span class='ocrx_word' id='word_1_527' title='bbox 1163 3783 1299 3855; x_wconf 80' lang='grc' dir='ltr'>πρὸς</span> <span class='ocrx_word' id='word_1_528' title='bbox 1327 3786 1427 3855; x_wconf 76' lang='grc' dir='ltr'>τὴν</span> <span class='ocrx_word' id='word_1_529' title='bbox 1455 3785 1646 3838; x_wconf 86' lang='grc' dir='ltr'>τούτου</span> <span class='ocrx_word' id='word_1_530' title='bbox 1677 3784 1773 3838; x_wconf 80' lang='grc' dir='ltr'>νῦν</span> 
     </span>
    </p>
   </div>
   <div class='ocr_carea' id='block_1_73' title="bbox 198 3875 1774 3949">
    <p class='ocr_par' dir='ltr' id='par_1_73' title="bbox 198 3875 1774 3949">
     <span class='ocr_line' id='line_1_73' title="bbox 198 3875 1774 3949; baseline 0.003 -21"><span class='ocrx_word' id='word_1_531' title='bbox 198 3876 398 3945; x_wconf 59' lang='grc' dir='ltr'>ἕστηκε</span> <span class='ocrx_word' id='word_1_532' title='bbox 454 3877 813 3946; x_wconf 78' lang='grc' dir='ltr'>συγκεκυφὼς</span> <span class='ocrx_word' id='word_1_533' title='bbox 858 3875 1112 3948; x_wconf 82' lang='grc' dir='ltr'>θεωρίαν.</span> <span class='ocrx_word' id='word_1_534' title='bbox 1165 3876 1222 3930; x_wconf 88' lang='lat'><strong>&#39;0</strong></span> <span class='ocrx_word' id='word_1_535' title='bbox 1265 3877 1566 3949; x_wconf 83' lang='grc' dir='ltr'>νηστευτὴς</span> <span class='ocrx_word' id='word_1_536' title='bbox 1621 3877 1774 3948; x_wconf 74' lang='grc' dir='ltr'>παρὰ</span> 
     </span>
    </p>
   </div>
   <div class='ocr_carea' id='block_1_74' title="bbox 199 3963 1774 4042">
    <p class='ocr_par' dir='ltr' id='par_1_74' title="bbox 199 3963 1774 4042">
     <span class='ocr_line' id='line_1_74' title="bbox 199 3963 1774 4042; baseline 0.003 -25"><span class='ocrx_word' id='word_1_537' title='bbox 199 3963 293 4018; x_wconf 63' lang='grc' dir='ltr'>τοῦ</span> <span class='ocrx_word' id='word_1_538' title='bbox 330 3967 404 4037; x_wconf 81' lang='grc' dir='ltr'>μὴ</span> <span class='ocrx_word' id='word_1_539' title='bbox 439 3967 789 4036; x_wconf 87' lang='grc' dir='ltr'>νηστεύοντος</span> <span class='ocrx_word' id='word_1_540' title='bbox 828 3967 983 4039; x_wconf 77' lang='grc' dir='ltr'>ζητεῖ</span> <span class='ocrx_word' id='word_1_541' title='bbox 1006 3968 1280 4037; x_wconf 79' lang='grc' dir='ltr'>εὐλογίας.</span> <span class='ocrx_word' id='word_1_542' title='bbox 1331 3968 1389 4022; x_wconf 87' lang='lat'><strong>&#39;0</strong></span> <span class='ocrx_word' id='word_1_543' title='bbox 1417 3969 1636 4042; x_wconf 76' lang='grc' dir='ltr'>τριχίνη</span> <span class='ocrx_word' id='word_1_544' title='bbox 1681 3987 1774 4022; x_wconf 86' lang='grc' dir='ltr'>κε-</span> 
     </span>
    </p>
   </div>
   <div class='ocr_carea' id='block_1_75' title="bbox 199 4057 1776 4137">
    <p class='ocr_par' dir='ltr' id='par_1_75' title="bbox 199 4057 1776 4137">
     <span class='ocr_line' id='line_1_75' title="bbox 199 4057 1776 4137; baseline 0.005 -31"><span class='ocrx_word' id='word_1_545' title='bbox 199 4057 475 4126; x_wconf 73' lang='grc' dir='ltr'>χρημένος</span> <span class='ocrx_word' id='word_1_546' title='bbox 513 4057 720 4128; x_wconf 83' lang='grc' dir='ltr'>ἐσθῆτι,</span> <span class='ocrx_word' id='word_1_547' title='bbox 755 4058 856 4127; x_wconf 81' lang='grc' dir='ltr'><strong>τῆς</strong></span> <span class='ocrx_word' id='word_1_548' title='bbox 887 4059 1040 4130; x_wconf 66' lang='grc' dir='ltr'>παρὰ</span> <span class='ocrx_word' id='word_1_549' title='bbox 1067 4057 1162 4113; x_wconf 80' lang='grc' dir='ltr'>τοῦ</span> <span class='ocrx_word' id='word_1_550' title='bbox 1190 4060 1354 4130; x_wconf 83' lang='grc' dir='ltr'>μηδὲν</span> <span class='ocrx_word' id='word_1_551' title='bbox 1377 4059 1618 4114; x_wconf 78' lang='grc' dir='ltr'>τοιοῦτον</span> <span class='ocrx_word' id='word_1_552' title='bbox 1651 4062 1776 4137; x_wconf 76' lang='grc' dir='ltr'>ἐπι-</span> 
     </span>
    </p>
   </div>
   <div class='ocr_carea' id='block_1_76' title="bbox 200 4145 1774 4222">
    <p class='ocr_par' dir='ltr' id='par_1_76' title="bbox 200 4145 1774 4222">
     <span class='ocr_line' id='line_1_76' title="bbox 200 4145 1774 4222; baseline 0.005 -24"><span class='ocrx_word' id='word_1_553' title='bbox 200 4147 501 4218; x_wconf 72' lang='grc' dir='ltr'>φερομένου</span> <span class='ocrx_word' id='word_1_554' title='bbox 534 4148 718 4218; x_wconf 79' lang='grc' dir='ltr'>ἱκέτης</span> <span class='ocrx_word' id='word_1_555' title='bbox 751 4145 1092 4220; x_wconf 84' lang='grc' dir='ltr'>καθάρσεως.</span> <span class='ocrx_word' id='word_1_556' title='bbox 1137 4149 1195 4204; x_wconf 80' lang='lat'><strong>&#39;0</strong></span> <span class='ocrx_word' id='word_1_557' title='bbox 1217 4152 1330 4214; x_wconf 78' lang='grc' dir='ltr'>τοῖς</span> <span class='ocrx_word' id='word_1_558' title='bbox 1359 4150 1469 4204; x_wconf 87' lang='grc' dir='ltr'><strong>τῶν</strong></span> <span class='ocrx_word' id='word_1_559' title='bbox 1502 4149 1774 4222; x_wconf 81' lang='grc' dir='ltr'>μελισσῶν</span> 
     </span>
    </p>
   </div>
   <div class='ocr_carea' id='block_1_77' title="bbox 199 4239 1776 4313">
    <p class='ocr_par' dir='ltr' id='par_1_77' title="bbox 199 4239 1776 4313">
     <span class='ocr_line' id='line_1_77' title="bbox 199 4239 1776 4313; baseline 0.004 -21"><span class='ocrx_word' id='word_1_560' title='bbox 199 4241 342 4292; x_wconf 60' lang='grc' dir='ltr'>κατὰ</span> <span class='ocrx_word' id='word_1_561' title='bbox 377 4241 476 4309; x_wconf 80' lang='grc' dir='ltr'>τὴν</span> <span class='ocrx_word' id='word_1_562' title='bbox 521 4239 726 4311; x_wconf 76' lang='grc' dir='ltr'>ἔρημον</span> <span class='ocrx_word' id='word_1_563' title='bbox 769 4241 955 4304; x_wconf 80' lang='grc' dir='ltr'>πόνοις</span> <span class='ocrx_word' id='word_1_564' title='bbox 979 4241 1072 4294; x_wconf 71' lang='grc' dir='ltr'><strong>καὶ</strong></span> <span class='ocrx_word' id='word_1_565' title='bbox 1100 4244 1214 4306; x_wconf 84' lang='grc' dir='ltr'>τοῖς</span> <span class='ocrx_word' id='word_1_566' title='bbox 1237 4241 1354 4295; x_wconf 84' lang='grc' dir='ltr'>τῶν·</span> <span class='ocrx_word' id='word_1_567' title='bbox 1375 4243 1613 4313; x_wconf 82' lang='grc' dir='ltr'>βοτανῶν</span> <span class='ocrx_word' id='word_1_568' title='bbox 1653 4260 1776 4298; x_wconf 86' lang='grc' dir='ltr'>συν-</span> 
     </span>
    </p>
   </div>
   <div class='ocr_carea' id='block_1_78' title="bbox 1873 3066 3442 3138">
    <p class='ocr_par' dir='ltr' id='par_1_78' title="bbox 1873 3066 3442 3138">
     <span class='ocr_line' id='line_1_78' title="bbox 1873 3066 3442 3138; baseline -0.009 -8"><span class='ocrx_word' id='word_1_569' title='bbox 1873 3075 1956 3130; x_wconf 90' lang='lat' dir='ltr'><strong>bis</strong></span> <span class='ocrx_word' id='word_1_570' title='bbox 2010 3089 2097 3128; x_wconf 90' lang='lat' dir='ltr'><strong>me</strong></span> <span class='ocrx_word' id='word_1_571' title='bbox 2147 3071 2429 3128; x_wconf 87' lang='lat' dir='ltr'><strong>terrestris</strong></span> <span class='ocrx_word' id='word_1_572' title='bbox 2489 3069 2642 3125; x_wconf 88' lang='lat' dir='ltr'><strong>orbis</strong></span> <span class='ocrx_word' id='word_1_573' title='bbox 2701 3068 2940 3138; x_wconf 82' lang='lat' dir='ltr'><strong>judicem</strong></span> <span class='ocrx_word' id='word_1_574' title='bbox 3011 3066 3442 3136; x_wconf 70' lang='lat' dir='ltr'><strong>praesidentem;</strong></span> 
     </span>
    </p>
   </div>
   <div class='ocr_carea' id='block_1_79' title="bbox 1873 3145 3447 3229">
    <p class='ocr_par' dir='ltr' id='par_1_79' title="bbox 1873 3145 3447 3229">
     <span class='ocr_line' id='line_1_79' title="bbox 1873 3145 3447 3229; baseline -0.006 -10"><span class='ocrx_word' id='word_1_575' title='bbox 1873 3164 2083 3220; x_wconf 82' lang='lat' dir='ltr'><strong>videbis</strong></span> <span class='ocrx_word' id='word_1_576' title='bbox 2120 3179 2207 3218; x_wconf 90' lang='lat' dir='ltr'><strong>me</strong></span> <span class='ocrx_word' id='word_1_577' title='bbox 2255 3161 2324 3216; x_wconf 81' lang='lat' dir='ltr'><strong>ab</strong></span> <span class='ocrx_word' id='word_1_578' title='bbox 2383 3145 2648 3215; x_wconf 76' lang='lat' dir='ltr'><strong>omnibus</strong></span> <span class='ocrx_word' id='word_1_579' title='bbox 2702 3158 2808 3212; x_wconf 89' lang='lat' dir='ltr'><strong>coli</strong></span> <span class='ocrx_word' id='word_1_580' title='bbox 2869 3158 3169 3229; x_wconf 75' lang='lat' dir='ltr'><strong>gentibus;</strong></span> <span class='ocrx_word' id='word_1_581' title='bbox 3235 3155 3447 3210; x_wconf 86' lang='lat' dir='ltr'><strong>videbis</strong></span> 
     </span>
    </p>
   </div>
   <div class='ocr_carea' id='block_1_80' title="bbox 1871 3249 3445 3326">
    <p class='ocr_par' dir='ltr' id='par_1_80' title="bbox 1871 3249 3445 3326">
     <span class='ocr_line' id='line_1_80' title="bbox 1871 3249 3445 3326; baseline -0.008 -14"><span class='ocrx_word' id='word_1_582' title='bbox 1871 3272 2035 3312; x_wconf 88' lang='lat' dir='ltr'><strong>omne</strong></span> <span class='ocrx_word' id='word_1_583' title='bbox 2066 3271 2205 3326; x_wconf 90' lang='lat' dir='ltr'><strong>genu</strong></span> <span class='ocrx_word' id='word_1_584' title='bbox 2245 3254 2577 3316; x_wconf 69' lang='lat' dir='ltr'><strong>caelestium,</strong></span> <span class='ocrx_word' id='word_1_585' title='bbox 2617 3252 2968 3308; x_wconf 82' lang='lat' dir='ltr'><strong>terrestrium</strong></span> <span class='ocrx_word' id='word_1_586' title='bbox 3000 3261 3055 3305; x_wconf 89' lang='lat' dir='ltr'><strong>et</strong></span> <span class='ocrx_word' id='word_1_587' title='bbox 3101 3249 3445 3305; x_wconf 70' lang='lat' dir='ltr'><strong>infernorum</strong></span> 
     </span>
    </p>
   </div>
   <div class='ocr_carea' id='block_1_81' title="bbox 1872 3338 3444 3412">
    <p class='ocr_par' dir='ltr' id='par_1_81' title="bbox 1872 3338 3444 3412">
     <span class='ocr_line' id='line_1_81' title="bbox 1872 3338 3444 3412; baseline -0.006 -12"><span class='ocrx_word' id='word_1_588' title='bbox 1872 3349 1936 3402; x_wconf 86' lang='lat' dir='ltr'><strong>ad</strong></span> <span class='ocrx_word' id='word_1_589' title='bbox 1973 3345 2314 3400; x_wconf 87' lang='lat' dir='ltr'><strong>adorandum</strong></span> <span class='ocrx_word' id='word_1_590' title='bbox 2351 3359 2437 3399; x_wconf 89' lang='lat' dir='ltr'><strong>me</strong></span> <span class='ocrx_word' id='word_1_591' title='bbox 2490 3343 2652 3399; x_wconf 82' lang='lat' dir='ltr'><strong>flecti.</strong></span> <span class='ocrx_word' id='word_1_592' title='bbox 2692 3361 2710 3394; x_wconf 77' lang='grc' dir='ltr'><strong>ι</strong></span> <span class='ocrx_word' id='word_1_593' title='bbox 2743 3341 2947 3398; x_wconf 89' lang='lat' dir='ltr'><strong>Omitte</strong></span> <span class='ocrx_word' id='word_1_594' title='bbox 2973 3357 3140 3405; x_wconf 89' lang='lat' dir='ltr'><strong>nunc,</strong></span> <span class='ocrx_word' id='word_1_595' title='bbox 3176 3340 3258 3394; x_wconf 87' lang='lat' dir='ltr'><strong>sic</strong></span> <span class='ocrx_word' id='word_1_596' title='bbox 3296 3338 3444 3412; x_wconf 83' lang='lat' dir='ltr'><strong>enim</strong></span> 
     </span>
    </p>
   </div>
   <div class='ocr_carea' id='block_1_82' title="bbox 1873 3423 3450 3506">
    <p class='ocr_par' dir='ltr' id='par_1_82' title="bbox 1873 3423 3450 3506">
     <span class='ocr_line' id='line_1_82' title="bbox 1873 3423 3450 3506; baseline -0.006 -14"><span class='ocrx_word' id='word_1_597' title='bbox 1873 3453 1974 3492; x_wconf 85' lang='lat' dir='ltr'><strong>nos</strong></span> <span class='ocrx_word' id='word_1_598' title='bbox 2004 3439 2156 3492; x_wconf 89' lang='lat' dir='ltr'><strong>decet</strong></span> <span class='ocrx_word' id='word_1_599' title='bbox 2185 3446 2242 3491; x_wconf 95' lang='lat' dir='ltr'><strong>ut</strong></span> <span class='ocrx_word' id='word_1_600' title='bbox 2271 3435 2648 3506; x_wconf 83' lang='lat' dir='ltr'><strong>compleamus</strong></span> <span class='ocrx_word' id='word_1_601' title='bbox 2681 3423 2901 3490; x_wconf 81' lang='lat' dir='ltr'><strong>omnem</strong></span> <span class='ocrx_word' id='word_1_602' title='bbox 2929 3431 3228 3502; x_wconf 75' lang='lat' dir='ltr'><strong>justitiam.</strong></span> <span class='ocrx_word' id='word_1_603' title='bbox 3266 3449 3284 3482; x_wconf 84' lang='grc'><strong>›</strong></span> <span class='ocrx_word' id='word_1_604' title='bbox 3322 3427 3450 3483; x_wconf 66' lang='lat' dir='ltr'><strong>Haec</strong></span> 
     </span>
    </p>
   </div>
   <div class='ocr_carea' id='block_1_83' title="bbox 1873 3521 3450 3595">
    <p class='ocr_par' dir='ltr' id='par_1_83' title="bbox 1873 3521 3450 3595">
     <span class='ocr_line' id='line_1_83' title="bbox 1873 3521 3450 3595; baseline -0.007 -9"><span class='ocrx_word' id='word_1_605' title='bbox 1873 3528 2093 3586; x_wconf 82' lang='lat' dir='ltr'><strong>Christo</strong></span> <span class='ocrx_word' id='word_1_606' title='bbox 2151 3540 2206 3586; x_wconf 88' lang='lat' dir='ltr'><strong>et</strong></span> <span class='ocrx_word' id='word_1_607' title='bbox 2263 3528 2476 3584; x_wconf 78' lang='lat' dir='ltr'><strong>Joanne</strong></span> <span class='ocrx_word' id='word_1_608' title='bbox 2525 3531 2666 3584; x_wconf 90' lang='lat' dir='ltr'><strong>inter</strong></span> <span class='ocrx_word' id='word_1_609' title='bbox 2723 3543 2782 3583; x_wconf 90' lang='lat' dir='ltr'><strong>se</strong></span> <span class='ocrx_word' id='word_1_610' title='bbox 2843 3525 3310 3595; x_wconf 83' lang='lat' dir='ltr'><strong>colloquentibus,</strong></span> <span class='ocrx_word' id='word_1_611' title='bbox 3352 3521 3450 3576; x_wconf 84' lang='lat' dir='ltr'><strong>Ju-</strong></span> 
     </span>
    </p>
   </div>
   <div class='ocr_carea' id='block_1_84' title="bbox 1872 3615 3450 3692">
    <p class='ocr_par' dir='ltr' id='par_1_84' title="bbox 1872 3615 3450 3692">
     <span class='ocr_line' id='line_1_84' title="bbox 1872 3615 3450 3692; baseline -0.006 -13"><span class='ocrx_word' id='word_1_612' title='bbox 1872 3623 2114 3679; x_wconf 64' lang='lat' dir='ltr'><strong>daeorum</strong></span> <span class='ocrx_word' id='word_1_613' title='bbox 2154 3622 2495 3692; x_wconf 81' lang='lat' dir='ltr'><strong>audientium</strong></span> <span class='ocrx_word' id='word_1_614' title='bbox 2526 3619 2704 3675; x_wconf 88' lang='lat' dir='ltr'><strong>astitit</strong></span> <span class='ocrx_word' id='word_1_615' title='bbox 2747 3619 2928 3680; x_wconf 89' lang='lat' dir='ltr'><strong>turba,</strong></span> <span class='ocrx_word' id='word_1_616' title='bbox 2965 3618 3059 3687; x_wconf 93' lang='lat' dir='ltr'><strong>qui</strong></span> <span class='ocrx_word' id='word_1_617' title='bbox 3109 3616 3327 3670; x_wconf 82' lang='lat' dir='ltr'><strong>attoniti</strong></span> <span class='ocrx_word' id='word_1_618' title='bbox 3382 3615 3450 3670; x_wconf 88' lang='lat' dir='ltr'><strong>de</strong></span> 
     </span>
    </p>
   </div>
   <div class='ocr_carea' id='block_1_85' title="bbox 1873 3708 3448 3776">
    <p class='ocr_par' dir='ltr' id='par_1_85' title="bbox 1873 3708 3448 3776">
     <span class='ocr_line' id='line_1_85' title="bbox 1873 3708 3448 3776; baseline -0.005 -8"><span class='ocrx_word' id='word_1_619' title='bbox 1873 3713 2020 3768; x_wconf 89' lang='lat' dir='ltr'><strong>facto</strong></span> <span class='ocrx_word' id='word_1_620' title='bbox 2055 3715 2158 3767; x_wconf 90' lang='lat' dir='ltr'><strong>hoc</strong></span> <span class='ocrx_word' id='word_1_621' title='bbox 2187 3713 2501 3768; x_wconf 86' lang='lat' dir='ltr'><strong>admirabili</strong></span> <span class='ocrx_word' id='word_1_622' title='bbox 2533 3711 2881 3766; x_wconf 72' lang='lat' dir='ltr'><strong>dubital‘ant.</strong></span> <span class='ocrx_word' id='word_1_623' title='bbox 2907 3708 3142 3776; x_wconf 82' lang='lat' dir='ltr'><strong>Stuporc</strong></span> <span class='ocrx_word' id='word_1_624' title='bbox 3161 3708 3448 3762; x_wconf 85' lang='lat' dir='ltr'><strong>videbatur</strong></span> 
     </span>
    </p>
   </div>
   <div class='ocr_carea' id='block_1_86' title="bbox 1873 3799 3451 3875">
    <p class='ocr_par' dir='ltr' id='par_1_86' title="bbox 1873 3799 3451 3875">
     <span class='ocr_line' id='line_1_86' title="bbox 1873 3799 3451 3875; baseline -0.004 -15"><span class='ocrx_word' id='word_1_625' title='bbox 1873 3807 2123 3875; x_wconf 88' lang='lat' dir='ltr'><strong>dignum.</strong></span> <span class='ocrx_word' id='word_1_626' title='bbox 2157 3803 2262 3870; x_wconf 86' lang='lat' dir='ltr'><strong>Qui</strong></span> <span class='ocrx_word' id='word_1_627' title='bbox 2289 3805 2436 3857; x_wconf 89' lang='lat' dir='ltr'><strong>enim</strong></span> <span class='ocrx_word' id='word_1_628' title='bbox 2495 3802 2806 3857; x_wconf 77' lang='lat' dir='ltr'><strong>Pharisaeos</strong></span> <span class='ocrx_word' id='word_1_629' title='bbox 2838 3799 3172 3869; x_wconf 83' lang='lat' dir='ltr'><strong>baptizabat,</strong></span> <span class='ocrx_word' id='word_1_630' title='bbox 3227 3800 3296 3852; x_wconf 90' lang='lat' dir='ltr'><strong>ab</strong></span> <span class='ocrx_word' id='word_1_631' title='bbox 3349 3801 3451 3854; x_wconf 90' lang='lat' dir='ltr'><strong>hoc</strong></span> 
     </span>
    </p>
   </div>
   <div class='ocr_carea' id='block_1_87' title="bbox 1875 3892 3448 3968">
    <p class='ocr_par' dir='ltr' id='par_1_87' title="bbox 1875 3892 3448 3968">
     <span class='ocr_line' id='line_1_87' title="bbox 1875 3892 3448 3968; baseline -0.006 -15"><span class='ocrx_word' id='word_1_632' title='bbox 1875 3903 2033 3968; x_wconf 76' lang='lat' dir='ltr'><strong>rogat</strong></span> <span class='ocrx_word' id='word_1_633' title='bbox 2064 3895 2383 3966; x_wconf 85' lang='lat' dir='ltr'><strong>baptizari;</strong></span> <span class='ocrx_word' id='word_1_634' title='bbox 2419 3895 2516 3966; x_wconf 88' lang='lat' dir='ltr'><strong>qui</strong></span> <span class='ocrx_word' id='word_1_635' title='bbox 2551 3893 2869 3949; x_wconf 75' lang='lat' dir='ltr'><strong>Sadduczeis</strong></span> <span class='ocrx_word' id='word_1_636' title='bbox 2901 3901 3021 3946; x_wconf 84' lang='lat' dir='ltr'><strong>erat</strong></span> <span class='ocrx_word' id='word_1_637' title='bbox 3059 3892 3448 3956; x_wconf 82' lang='lat' dir='ltr'><strong>formidabilis,</strong></span> 
     </span>
    </p>
   </div>
   <div class='ocr_carea' id='block_1_88' title="bbox 1873 3982 3447 4055">
    <p class='ocr_par' dir='ltr' id='par_1_88' title="bbox 1873 3982 3447 4055">
     <span class='ocr_line' id='line_1_88' title="bbox 1873 3982 3447 4055; baseline -0.005 -13"><span class='ocrx_word' id='word_1_638' title='bbox 1873 3989 1940 4044; x_wconf 91' lang='lat' dir='ltr'><strong>ad</strong></span> <span class='ocrx_word' id='word_1_639' title='bbox 1982 3986 2128 4042; x_wconf 90' lang='lat' dir='ltr'><strong>illius</strong></span> <span class='ocrx_word' id='word_1_640' title='bbox 2161 4001 2310 4040; x_wconf 90' lang='lat' dir='ltr'><strong>nunc</strong></span> <span class='ocrx_word' id='word_1_641' title='bbox 2341 3993 2622 4055; x_wconf 87' lang='lat' dir='ltr'><strong>aspectum</strong></span> <span class='ocrx_word' id='word_1_642' title='bbox 2647 3983 2911 4054; x_wconf 87' lang='lat' dir='ltr'><strong>assurgit,</strong></span> <span class='ocrx_word' id='word_1_643' title='bbox 2954 3982 3184 4038; x_wconf 84' lang='lat' dir='ltr'><strong>ﬂectens</strong></span> <span class='ocrx_word' id='word_1_644' title='bbox 3225 3998 3399 4053; x_wconf 80' lang='lat' dir='ltr'><strong>genua</strong></span> <span class='ocrx_word' id='word_1_645' title='bbox 3430 3995 3447 4046; x_wconf 91' lang='lat'><strong>;</strong></span> 
     </span>
    </p>
   </div>
   <div class='ocr_carea' id='block_1_89' title="bbox 1870 4072 3454 4152">
    <p class='ocr_par' dir='ltr' id='par_1_89' title="bbox 1870 4072 3454 4152">
     <span class='ocr_line' id='line_1_89' title="bbox 1870 4072 3454 4152; baseline -0.004 -18"><span class='ocrx_word' id='word_1_646' title='bbox 1870 4079 2079 4152; x_wconf 81' lang='lat' dir='ltr'><strong>jejunio</strong></span> <span class='ocrx_word' id='word_1_647' title='bbox 2110 4080 2314 4141; x_wconf 91' lang='lat' dir='ltr'><strong>clarus,</strong></span> <span class='ocrx_word' id='word_1_648' title='bbox 2342 4076 2411 4132; x_wconf 91' lang='lat' dir='ltr'><strong>ab</strong></span> <span class='ocrx_word' id='word_1_649' title='bbox 2453 4091 2519 4130; x_wconf 87' lang='lat' dir='ltr'><strong>eo</strong></span> <span class='ocrx_word' id='word_1_650' title='bbox 2563 4075 2656 4147; x_wconf 91' lang='lat' dir='ltr'><strong>qui</strong></span> <span class='ocrx_word' id='word_1_651' title='bbox 2699 4090 2810 4130; x_wconf 86' lang='lat' dir='ltr'><strong>non</strong></span> <span class='ocrx_word' id='word_1_652' title='bbox 2858 4076 3147 4145; x_wconf 83' lang='lat' dir='ltr'><strong>jejunavit,</strong></span> <span class='ocrx_word' id='word_1_653' title='bbox 3196 4072 3454 4129; x_wconf 82' lang='lat' dir='ltr'><strong>benedic-</strong></span> 
     </span>
    </p>
   </div>
   <div class='ocr_carea' id='block_1_90' title="bbox 1877 4167 3452 4239">
    <p class='ocr_par' dir='ltr' id='par_1_90' title="bbox 1877 4167 3452 4239">
     <span class='ocr_line' id='line_1_90' title="bbox 1877 4167 3452 4239; baseline -0.005 -13"><span class='ocrx_word' id='word_1_654' title='bbox 1877 4175 2082 4226; x_wconf 81' lang='lat' dir='ltr'><strong>lionetn</strong></span> <span class='ocrx_word' id='word_1_655' title='bbox 2135 4170 2372 4239; x_wconf 66' lang='lat' dir='ltr'><strong>quaerit;</strong></span> <span class='ocrx_word' id='word_1_656' title='bbox 2405 4169 2498 4238; x_wconf 87' lang='lat' dir='ltr'><strong>qui</strong></span> <span class='ocrx_word' id='word_1_657' title='bbox 2559 4176 2710 4223; x_wconf 86' lang='lat' dir='ltr'><strong>veste</strong></span> <span class='ocrx_word' id='word_1_658' title='bbox 2747 4183 2811 4222; x_wconf 79' lang='lat' dir='ltr'><strong>ex</strong></span> <span class='ocrx_word' id='word_1_659' title='bbox 2853 4167 2979 4236; x_wconf 84' lang='lat' dir='ltr'><strong>pilis</strong></span> <span class='ocrx_word' id='word_1_660' title='bbox 3015 4176 3272 4222; x_wconf 76' lang='lat' dir='ltr'><strong>contexta</strong></span> <span class='ocrx_word' id='word_1_661' title='bbox 3330 4174 3452 4219; x_wconf 87' lang='lat' dir='ltr'><strong>erat</strong></span> 
     </span>
    </p>
   </div>
   <div class='ocr_carea' id='block_1_91' title="bbox 1879 4257 3453 4330">
    <p class='ocr_par' dir='ltr' id='par_1_91' title="bbox 1879 4257 3453 4330">
     <span class='ocr_line' id='line_1_91' title="bbox 1879 4257 3453 4330; baseline -0.005 -14"><span class='ocrx_word' id='word_1_662' title='bbox 1879 4274 2076 4323; x_wconf 74' lang='lat' dir='ltr'><strong>tectus,</strong></span> <span class='ocrx_word' id='word_1_663' title='bbox 2106 4263 2176 4315; x_wconf 89' lang='lat' dir='ltr'><strong>ab</strong></span> <span class='ocrx_word' id='word_1_664' title='bbox 2207 4278 2272 4315; x_wconf 92' lang='lat' dir='ltr'><strong>eo</strong></span> <span class='ocrx_word' id='word_1_665' title='bbox 2289 4261 2380 4330; x_wconf 87' lang='lat' dir='ltr'><strong>qui</strong></span> <span class='ocrx_word' id='word_1_666' title='bbox 2411 4260 2682 4330; x_wconf 78' lang='lat' dir='ltr'><strong>ejusmodi</strong></span> <span class='ocrx_word' id='word_1_667' title='bbox 2727 4259 2860 4312; x_wconf 86' lang='lat' dir='ltr'><strong>nihil</strong></span> <span class='ocrx_word' id='word_1_668' title='bbox 2895 4275 3079 4314; x_wconf 83' lang='lat' dir='ltr'><strong>secum</strong></span> <span class='ocrx_word' id='word_1_669' title='bbox 3117 4257 3294 4322; x_wconf 71' lang='lat' dir='ltr'><strong>affert,</strong></span> <span class='ocrx_word' id='word_1_670' title='bbox 3323 4273 3453 4325; x_wconf 84' lang='lat' dir='ltr'><strong>pur-</strong></span> 
     </span>
    </p>
   </div>
   <div class='ocr_carea' id='block_1_92' title="bbox 197 4333 1773 4422">
    <p class='ocr_par' dir='ltr' id='par_1_92' title="bbox 197 4333 1770 4406">
     <span class='ocr_line' id='line_1_92' title="bbox 197 4333 1770 4406; baseline 0.003 -20"><span class='ocrx_word' id='word_1_671' title='bbox 197 4334 533 4403; x_wconf 62' lang='grc' dir='ltr'>τρεθρόμενος</span> <span class='ocrx_word' id='word_1_672' title='bbox 563 4337 626 4388; x_wconf 81' lang='grc' dir='ltr'>ὲκ</span> <span class='ocrx_word' id='word_1_673' title='bbox 667 4333 900 4404; x_wconf 85' lang='grc' dir='ltr'>βρέφους</span> <span class='ocrx_word' id='word_1_674' title='bbox 924 4333 1256 4406; x_wconf 63' lang='grc' dir='ltr'>ἀκρίσμασιθ</span> <span class='ocrx_word' id='word_1_675' title='bbox 1303 4335 1402 4406; x_wconf 78' lang='grc' dir='ltr'>τὴν</span> <span class='ocrx_word' id='word_1_676' title='bbox 1449 4337 1638 4390; x_wconf 86' lang='grc' dir='ltr'>τούτου</span> <span class='ocrx_word' id='word_1_677' title='bbox 1675 4335 1770 4390; x_wconf 74' lang='grc' dir='ltr'>νῦν</span> 
     </span>
    </p>
   </div>
   <div class='ocr_carea' id='block_1_93' title="bbox 1873 4333 3454 4422">
    <p class='ocr_par' dir='ltr' id='par_1_93' title="bbox 1878 4347 3454 4422">
     <span class='ocr_line' id='line_1_93' title="bbox 1878 4347 3454 4422; baseline -0.005 -16"><span class='ocrx_word' id='word_1_678' title='bbox 1878 4355 2152 4422; x_wconf 72' lang='lat' dir='ltr'><strong>gationeni</strong></span> <span class='ocrx_word' id='word_1_679' title='bbox 2187 4355 2414 4420; x_wconf 82' lang='lat' dir='ltr'><strong>supplex</strong></span> <span class='ocrx_word' id='word_1_680' title='bbox 2450 4359 2618 4418; x_wconf 70' lang='lat' dir='ltr'><strong>petit;</strong></span> <span class='ocrx_word' id='word_1_681' title='bbox 2651 4350 2742 4418; x_wconf 88' lang='lat' dir='ltr'><strong>qui</strong></span> <span class='ocrx_word' id='word_1_682' title='bbox 2771 4365 2932 4418; x_wconf 83' lang='lat' dir='ltr'><strong>apum</strong></span> <span class='ocrx_word' id='word_1_683' title='bbox 2971 4350 3022 4402; x_wconf 90' lang='lat' dir='ltr'><strong>in</strong></span> <span class='ocrx_word' id='word_1_684' title='bbox 3053 4348 3272 4402; x_wconf 87' lang='lat' dir='ltr'><strong>deserto</strong></span> <span class='ocrx_word' id='word_1_685' title='bbox 3303 4347 3454 4399; x_wconf 82' lang='lat' dir='ltr'><strong>labo-</strong></span> 
     </span>
    </p>
   </div>
   <div class='ocr_carea' id='block_1_94' title="bbox 198 4421 1775 4494">
    <p class='ocr_par' dir='ltr' id='par_1_94' title="bbox 198 4421 1775 4494">
     <span class='ocr_line' id='line_1_94' title="bbox 198 4421 1775 4494; baseline 0.003 -20"><span class='ocrx_word' id='word_1_686' title='bbox 198 4422 274 4486; x_wconf 80' lang='grc' dir='ltr'><strong>ὡς</strong></span> <span class='ocrx_word' id='word_1_687' title='bbox 310 4423 614 4492; x_wconf 79' lang='grc' dir='ltr'>ἁγιωτέραν</span> <span class='ocrx_word' id='word_1_688' title='bbox 641 4421 814 4494; x_wconf 78' lang='grc' dir='ltr'>δειλιᾷ</span> <span class='ocrx_word' id='word_1_689' title='bbox 839 4423 1138 4478; x_wconf 85' lang='grc' dir='ltr'>πολιτείαν.</span> <span class='ocrx_word' id='word_1_690' title='bbox 1173 4425 1332 4477; x_wconf 79' lang='grc' dir='ltr'>Ποῖον</span> <span class='ocrx_word' id='word_1_691' title='bbox 1370 4423 1477 4494; x_wconf 81' lang='grc' dir='ltr'>ἄρα</span> <span class='ocrx_word' id='word_1_692' title='bbox 1519 4425 1622 4494; x_wconf 88' lang='grc' dir='ltr'><strong>τῆς</strong></span> <span class='ocrx_word' id='word_1_693' title='bbox 1649 4424 1775 4478; x_wconf 53' lang='grc' dir='ltr'>τούν-</span> 
     </span>
    </p>
   </div>
   <div class='ocr_carea' id='block_1_95' title="bbox 197 4511 1778 4586">
    <p class='ocr_par' dir='ltr' id='par_1_95' title="bbox 197 4511 1778 4586">
     <span class='ocr_line' id='line_1_95' title="bbox 197 4511 1778 4586; baseline 0.003 -22"><span class='ocrx_word' id='word_1_694' title='bbox 197 4529 292 4564; x_wconf 84' lang='grc' dir='ltr'><strong>του</strong></span> <span class='ocrx_word' id='word_1_695' title='bbox 329 4514 466 4584; x_wconf 84' lang='grc' dir='ltr'>πρὸς</span> <span class='ocrx_word' id='word_1_696' title='bbox 494 4511 684 4566; x_wconf 82' lang='grc' dir='ltr'>τοῦτον</span> <span class='ocrx_word' id='word_1_697' title='bbox 717 4511 994 4584; x_wconf 73' lang='grc' dir='ltr'>ὑπεροχῆς</span> <span class='ocrx_word' id='word_1_698' title='bbox 1029 4513 1090 4566; x_wconf 82' lang='grc' dir='ltr'>τὸ</span> <span class='ocrx_word' id='word_1_699' title='bbox 1113 4513 1404 4585; x_wconf 73' lang='grc' dir='ltr'>διάφορον;</span> <span class='ocrx_word' id='word_1_700' title='bbox 1435 4515 1518 4578; x_wconf 88' lang='grc' dir='ltr'><strong>τίς</strong></span> <span class='ocrx_word' id='word_1_701' title='bbox 1544 4515 1650 4586; x_wconf 77' lang='grc' dir='ltr'>ἄρα</span> <span class='ocrx_word' id='word_1_702' title='bbox 1673 4515 1778 4586; x_wconf 72' lang='grc' dir='ltr'>ψῆ-</span> 
     </span>
    </p>
   </div>
   <div class='ocr_carea' id='block_1_96' title="bbox 201 4601 1778 4679">
    <p class='ocr_par' dir='ltr' id='par_1_96' title="bbox 201 4601 1778 4679">
     <span class='ocr_line' id='line_1_96' title="bbox 201 4601 1778 4679; baseline 0.003 -23"><span class='ocrx_word' id='word_1_703' title='bbox 201 4621 300 4672; x_wconf 72' lang='grc' dir='ltr'><strong>φος</strong></span> <span class='ocrx_word' id='word_1_704' title='bbox 349 4603 426 4674; x_wconf 81' lang='grc' dir='ltr'>τῷ</span> <span class='ocrx_word' id='word_1_705' title='bbox 477 4601 597 4676; x_wconf 82' lang='grc' dir='ltr'><strong>Θεῷ</strong></span> <span class='ocrx_word' id='word_1_706' title='bbox 641 4603 771 4679; x_wconf 65' lang='grc' dir='ltr'>περὶ.</span> <span class='ocrx_word' id='word_1_707' title='bbox 826 4604 1039 4670; x_wconf 87' lang='grc' dir='ltr'>τούτου,</span> <span class='ocrx_word' id='word_1_708' title='bbox 1096 4605 1302 4676; x_wconf 77' lang='grc' dir='ltr'>μεταξὺ</span> <span class='ocrx_word' id='word_1_709' title='bbox 1339 4607 1461 4677; x_wconf 54' lang='grc' dir='ltr'>’τῆς</span> <span class='ocrx_word' id='word_1_710' title='bbox 1520 4605 1778 4678; x_wconf 76' lang='grc' dir='ltr'>τοιαύτης</span> 
     </span>
    </p>
   </div>
   <div class='ocr_carea' id='block_1_97' title="bbox 81 4693 1776 4768">
    <p class='ocr_par' dir='ltr' id='par_1_97' title="bbox 81 4693 1776 4768">
     <span class='ocr_line' id='line_1_97' title="bbox 81 4693 1776 4768; baseline 0.002 -22"><span class='ocrx_word' id='word_1_711' title='bbox 81 4743 96 4763; x_wconf 73' lang='grc'><strong>,</strong></span> <span class='ocrx_word' id='word_1_712' title='bbox 202 4693 434 4762; x_wconf 80' lang='grc' dir='ltr'>ἀπορίας</span> <span class='ocrx_word' id='word_1_713' title='bbox 468 4693 526 4759; x_wconf 77' lang='grc' dir='ltr'><strong>ἐξ</strong></span> <span class='ocrx_word' id='word_1_714' title='bbox 551 4694 798 4766; x_wconf 78' lang='grc' dir='ltr'>οὐρανῶν</span> <span class='ocrx_word' id='word_1_715' title='bbox 821 4695 1103 4749; x_wconf 78' lang='grc' dir='ltr'>διαδοᾶται</span> <span class='ocrx_word' id='word_1_716' title='bbox 1129 4697 1306 4768; x_wconf 82' lang='grc' dir='ltr'>φωνή.</span> <span class='ocrx_word' id='word_1_717' title='bbox 1350 4699 1594 4766; x_wconf 83' lang='grc' dir='ltr'>Ζητείτε,</span> <span class='ocrx_word' id='word_1_718' title='bbox 1620 4697 1776 4766; x_wconf 79' lang='grc' dir='ltr'>φησὶ,</span> 
     </span>
    </p>
   </div>
   <div class='ocr_carea' id='block_1_98' title="bbox 202 4783 1778 4858">
    <p class='ocr_par' dir='ltr' id='par_1_98' title="bbox 202 4783 1778 4858">
     <span class='ocr_line' id='line_1_98' title="bbox 202 4783 1778 4858; baseline 0.003 -24"><span class='ocrx_word' id='word_1_719' title='bbox 202 4783 327 4834; x_wconf 77' lang='grc' dir='ltr'>καθ’</span> <span class='ocrx_word' id='word_1_720' title='bbox 352 4783 577 4847; x_wconf 81' lang='grc' dir='ltr'>ἑαυτοὺς</span> <span class='ocrx_word' id='word_1_721' title='bbox 602 4783 698 4836; x_wconf 76' lang='grc' dir='ltr'><strong>τοῦ</strong></span> <span class='ocrx_word' id='word_1_722' title='bbox 735 4783 1136 4855; x_wconf 76' lang='grc' dir='ltr'>βαπτιζομένου</span> <span class='ocrx_word' id='word_1_723' title='bbox 1165 4787 1266 4856; x_wconf 77' lang='grc' dir='ltr'>τὴν</span> <span class='ocrx_word' id='word_1_724' title='bbox 1285 4785 1539 4858; x_wconf 77' lang='grc' dir='ltr'>δύναμιν,</span> <span class='ocrx_word' id='word_1_725' title='bbox 1578 4785 1778 4856; x_wconf 77' lang='grc' dir='ltr'>μάθετε</span> 
     </span>
    </p>
   </div>
   <div class='ocr_carea' id='block_1_99' title="bbox 202 4871 1780 4946">
    <p class='ocr_par' dir='ltr' id='par_1_99' title="bbox 202 4871 1780 4946">
     <span class='ocr_line' id='line_1_99' title="bbox 202 4871 1780 4946; baseline 0.003 -22"><span class='ocrx_word' id='word_1_726' title='bbox 202 4871 295 4924; x_wconf 66' lang='grc' dir='ltr'>τιύ</span> <span class='ocrx_word' id='word_1_727' title='bbox 328 4872 659 4944; x_wconf 78' lang='grc' dir='ltr'>ζητουμένου</span> <span class='ocrx_word' id='word_1_728' title='bbox 689 4875 818 4942; x_wconf 86' lang='grc' dir='ltr'>παρ’</span> <span class='ocrx_word' id='word_1_729' title='bbox 847 4876 978 4946; x_wconf 86' lang='grc' dir='ltr'>ύμῖν</span> <span class='ocrx_word' id='word_1_730' title='bbox 1007 4875 1104 4946; x_wconf 83' lang='grc' dir='ltr'>τὴν</span> <span class='ocrx_word' id='word_1_731' title='bbox 1135 4877 1346 4940; x_wconf 75' lang='grc' dir='ltr'>οὐσίαν,</span> <span class='ocrx_word' id='word_1_732' title='bbox 1379 4876 1553 4944; x_wconf 84' lang='grc' dir='ltr'>γνῶτε</span> <span class='ocrx_word' id='word_1_733' title='bbox 1600 4877 1780 4929; x_wconf 84' lang='grc' dir='ltr'>Ἰωάν-</span> 
     </span>
    </p>
   </div>
   <div class='ocr_carea' id='block_1_100' title="bbox 202 4961 1782 5038">
    <p class='ocr_par' dir='ltr' id='par_1_100' title="bbox 202 4961 1782 5038">
     <span class='ocr_line' id='line_1_100' title="bbox 202 4961 1782 5038; baseline 0.003 -22"><span class='ocrx_word' id='word_1_734' title='bbox 202 4981 294 5016; x_wconf 83' lang='grc' dir='ltr'><strong>νου</strong></span> <span class='ocrx_word' id='word_1_735' title='bbox 327 4966 419 5018; x_wconf 69' lang='grc' dir='ltr'><strong>καὶ</strong></span> <span class='ocrx_word' id='word_1_736' title='bbox 446 4965 640 5018; x_wconf 86' lang='grc' dir='ltr'>τούτου</span> <span class='ocrx_word' id='word_1_737' title='bbox 673 4966 906 5038; x_wconf 83' lang='grc' dir='ltr'>πηλίκον</span> <span class='ocrx_word' id='word_1_738' title='bbox 931 4967 992 5020; x_wconf 77' lang='grc' dir='ltr'>τὸ</span> <span class='ocrx_word' id='word_1_739' title='bbox 1018 4968 1296 5037; x_wconf 80' lang='grc' dir='ltr'>διάφορον.</span> <span class='ocrx_word' id='word_1_740' title='bbox 1338 4985 1356 5018; x_wconf 79' lang='grc' dir='ltr'><strong>ι</strong></span> <span class='ocrx_word' id='word_1_741' title='bbox 1382 4961 1554 5030; x_wconf 74' lang='grc' dir='ltr'>Οὗτός</span> <span class='ocrx_word' id='word_1_742' title='bbox 1586 4969 1734 5020; x_wconf 77' lang='grc' dir='ltr'>ἐστιν</span> <span class='ocrx_word' id='word_1_743' title='bbox 1753 4971 1782 5022; x_wconf 92' lang='lat'><strong>6</strong></span> 
     </span>
    </p>
   </div>
   <div class='ocr_carea' id='block_1_101' title="bbox 201 5052 1782 5128">
    <p class='ocr_par' dir='ltr' id='par_1_101' title="bbox 201 5052 1782 5128">
     <span class='ocr_line' id='line_1_101' title="bbox 201 5052 1782 5128; baseline 0.004 -23"><span class='ocrx_word' id='word_1_744' title='bbox 201 5052 330 5116; x_wconf 83' lang='grc' dir='ltr'>Υἱός</span> <span class='ocrx_word' id='word_1_745' title='bbox 368 5071 469 5124; x_wconf 89' lang='grc' dir='ltr'><strong>μου</strong></span> <span class='ocrx_word' id='word_1_746' title='bbox 515 5057 544 5109; x_wconf 89' lang='lat'><strong>6</strong></span> <span class='ocrx_word' id='word_1_747' title='bbox 577 5057 880 5128; x_wconf 70' lang='grc' dir='ltr'>ἀγαπητὸς,</span> <span class='ocrx_word' id='word_1_748' title='bbox 920 5059 978 5112; x_wconf 76' lang='grc' dir='ltr'>ἐν</span> <span class='ocrx_word' id='word_1_749' title='bbox 1019 5052 1065 5126; x_wconf 82' lang='grc' dir='ltr'><strong>ᾧ</strong></span> <span class='ocrx_word' id='word_1_750' title='bbox 1109 5058 1396 5128; x_wconf 82' lang='grc' dir='ltr'>εὐδόκησα.</span> <span class='ocrx_word' id='word_1_751' title='bbox 1430 5077 1450 5110; x_wconf 78' lang='grc' dir='ltr'><strong>ι</strong></span> <span class='ocrx_word' id='word_1_752' title='bbox 1501 5059 1782 5114; x_wconf 81' lang='grc' dir='ltr'>Ἐντεῦθεν</span> 
     </span>
    </p>
   </div>
   <div class='ocr_carea' id='block_1_102' title="bbox 214 5145 1780 5238">
    <p class='ocr_par' dir='ltr' id='par_1_102' title="bbox 214 5145 1780 5238">
     <span class='ocr_line' id='line_1_102' title="bbox 214 5145 1780 5238; baseline 0.005 -40"><span class='ocrx_word' id='word_1_753' title='bbox 214 5145 491 5219; x_wconf 72' lang='grc' dir='ltr'>Ἰωάννης,</span> <span class='ocrx_word' id='word_1_754' title='bbox 519 5152 581 5204; x_wconf 80' lang='grc' dir='ltr'><strong>οὐ</strong></span> <span class='ocrx_word' id='word_1_755' title='bbox 604 5151 746 5206; x_wconf 83' lang='grc' dir='ltr'>κατά</span> <span class='ocrx_word' id='word_1_756' title='bbox 767 5151 858 5205; x_wconf 79' lang='grc' dir='ltr'>τὸν</span> <span class='ocrx_word' id='word_1_757' title='bbox 889 5152 1015 5206; x_wconf 81' lang='grc' dir='ltr'>ναὸν</span> <span class='ocrx_word' id='word_1_758' title='bbox 1039 5155 1274 5206; x_wconf 74' lang='grc' dir='ltr'>ποιεῖται</span> <span class='ocrx_word' id='word_1_759' title='bbox 1299 5152 1362 5205; x_wconf 74' lang='grc' dir='ltr'><strong>τὸ</strong></span> <span class='ocrx_word' id='word_1_760' title='bbox 1385 5151 1688 5238; x_wconf 85' lang='grc' dir='ltr'>βάπτισμα,</span> <span class='ocrx_word' id='word_1_761' title='bbox 1719 5155 1780 5208; x_wconf 89' lang='grc' dir='ltr'><strong>οὐ</strong></span> 
     </span>
    </p>
   </div>
   <div class='ocr_carea' id='block_1_103' title="bbox 201 5235 1782 5314">
    <p class='ocr_par' dir='ltr' id='par_1_103' title="bbox 201 5235 1782 5314">
     <span class='ocr_line' id='line_1_103' title="bbox 201 5235 1782 5314; baseline 0.005 -22"><span class='ocrx_word' id='word_1_762' title='bbox 201 5239 326 5292; x_wconf 75' lang='grc' dir='ltr'>κατ’</span> <span class='ocrx_word' id='word_1_763' title='bbox 361 5235 531 5305; x_wconf 77' lang='grc' dir='ltr'>οἷκον,</span> <span class='ocrx_word' id='word_1_764' title='bbox 561 5242 639 5305; x_wconf 79' lang='grc' dir='ltr'>ὡς</span> <span class='ocrx_word' id='word_1_765' title='bbox 673 5243 892 5314; x_wconf 79' lang='grc' dir='ltr'>ἑκάστῳ</span> <span class='ocrx_word' id='word_1_766' title='bbox 923 5243 1240 5313; x_wconf 73' lang='grc' dir='ltr'>βαπτίζοντι</span> <span class='ocrx_word' id='word_1_767' title='bbox 1280 5235 1511 5314; x_wconf 83' lang='grc' dir='ltr'>σύνηθες</span> <span class='ocrx_word' id='word_1_768' title='bbox 1536 5260 1550 5276; x_wconf 69' lang='grc' dir='ltr'><strong>θ</strong></span> <span class='ocrx_word' id='word_1_769' title='bbox 1585 5244 1700 5297; x_wconf 83' lang='grc' dir='ltr'>ἀλλ’</span> <span class='ocrx_word' id='word_1_770' title='bbox 1726 5247 1782 5300; x_wconf 82' lang='grc' dir='ltr'>ὲν</span> 
     </span>
    </p>
   </div>
   <div class='ocr_carea' id='block_1_104' title="bbox 201 5329 1783 5412">
    <p class='ocr_par' dir='ltr' id='par_1_104' title="bbox 201 5329 1783 5412">
     <span class='ocr_line' id='line_1_104' title="bbox 201 5329 1783 5412; baseline 0.006 -32"><span class='ocrx_word' id='word_1_771' title='bbox 201 5329 410 5412; x_wconf 61' lang='grc' dir='ltr'>ἐρημία</span> <span class='ocrx_word' id='word_1_772' title='bbox 450 5333 545 5385; x_wconf 75' lang='grc' dir='ltr'><strong>καὶ</strong></span> <span class='ocrx_word' id='word_1_773' title='bbox 573 5335 828 5408; x_wconf 76' lang='grc' dir='ltr'>ὑπαίθρῳ</span> <span class='ocrx_word' id='word_1_774' title='bbox 850 5334 1102 5406; x_wconf 71' lang='grc' dir='ltr'>ποταμῷ,</span> <span class='ocrx_word' id='word_1_775' title='bbox 1137 5337 1225 5388; x_wconf 78' lang='grc' dir='ltr'><strong>ἵνα</strong></span> <span class='ocrx_word' id='word_1_776' title='bbox 1263 5334 1463 5400; x_wconf 72' lang='grc' dir='ltr'>πάντες</span> <span class='ocrx_word' id='word_1_777' title='bbox 1492 5335 1783 5401; x_wconf 83' lang='grc' dir='ltr'>ἀκούοντες</span> 
     </span>
    </p>
   </div>
   <div class='ocr_carea' id='block_1_105' title="bbox 201 5421 1782 5501">
    <p class='ocr_par' dir='ltr' id='par_1_105' title="bbox 201 5421 1782 5501">
     <span class='ocr_line' id='line_1_105' title="bbox 201 5421 1782 5501; baseline 0.006 -28"><span class='ocrx_word' id='word_1_778' title='bbox 201 5421 270 5474; x_wconf 70' lang='grc' dir='ltr'>ἐκ</span> <span class='ocrx_word' id='word_1_779' title='bbox 299 5422 396 5492; x_wconf 84' lang='grc' dir='ltr'><strong>τῆς</strong></span> <span class='ocrx_word' id='word_1_780' title='bbox 426 5424 486 5492; x_wconf 83' lang='grc' dir='ltr'>ἐξ</span> <span class='ocrx_word' id='word_1_781' title='bbox 515 5426 759 5496; x_wconf 82' lang='grc' dir='ltr'>οὐρανῶν</span> <span class='ocrx_word' id='word_1_782' title='bbox 789 5427 930 5480; x_wconf 63' lang='grc' dir='ltr'>κατὰ</span> <span class='ocrx_word' id='word_1_783' title='bbox 961 5428 1052 5482; x_wconf 81' lang='grc' dir='ltr'>τὸν</span> <span class='ocrx_word' id='word_1_784' title='bbox 1087 5428 1224 5498; x_wconf 78' lang='grc' dir='ltr'>ἀέρα</span> <span class='ocrx_word' id='word_1_785' title='bbox 1266 5431 1471 5497; x_wconf 72' lang='grc' dir='ltr'>φωνῆς,</span> <span class='ocrx_word' id='word_1_786' title='bbox 1506 5428 1599 5482; x_wconf 79' lang='grc' dir='ltr'><strong>τὸν</strong></span> <span class='ocrx_word' id='word_1_787' title='bbox 1639 5447 1782 5501; x_wconf 84' lang='grc' dir='ltr'>παρ-</span> 
     </span>
    </p>
   </div>
   <div class='ocr_carea' id='block_1_106' title="bbox 277 5621 1752 5698">
    <p class='ocr_par' dir='ltr' id='par_1_106' title="bbox 277 5621 1752 5698">
     <span class='ocr_line' id='line_1_106' title="bbox 277 5621 1752 5698; baseline 0.006 -22"><span class='ocrx_word' id='word_1_788' title='bbox 277 5623 296 5652; x_wconf 87' lang='grc'>¹</span> <span class='ocrx_word' id='word_1_789' title='bbox 321 5621 456 5678; x_wconf 79' lang='lat' dir='ltr'><strong>an.</strong></span> <span class='ocrx_word' id='word_1_790' title='bbox 488 5641 525 5691; x_wconf 86' lang='lat' dir='ltr'><strong>I,</strong></span> <span class='ocrx_word' id='word_1_791' title='bbox 557 5629 646 5683; x_wconf 76' lang='grc'><strong>45.</strong></span> <span class='ocrx_word' id='word_1_792' title='bbox 725 5628 744 5658; x_wconf 91' lang='grc'>³</span> <span class='ocrx_word' id='word_1_793' title='bbox 768 5627 953 5686; x_wconf 72' lang='lat' dir='ltr'><strong>Matth.</strong></span> <span class='ocrx_word' id='word_1_794' title='bbox 1007 5643 1088 5698; x_wconf 75' lang='grc' dir='ltr'>ιιι,</span> <span class='ocrx_word' id='word_1_795' title='bbox 1125 5631 1209 5685; x_wconf 84' lang='lat' dir='ltr'><strong>l5.</strong></span> <span class='ocrx_word' id='word_1_796' title='bbox 1283 5630 1304 5659; x_wconf 79' lang='lat'><strong>‘</strong></span> <span class='ocrx_word' id='word_1_797' title='bbox 1343 5631 1536 5685; x_wconf 81' lang='lat' dir='ltr'><strong>Matth.</strong></span> <span class='ocrx_word' id='word_1_798' title='bbox 1571 5623 1654 5697; x_wconf 80' lang='lat' dir='ltr'><strong>ui,</strong></span> <span class='ocrx_word' id='word_1_799' title='bbox 1695 5629 1752 5681; x_wconf 85' lang='lat' dir='ltr'><strong>l7</strong></span> 
     </span>
    </p>
   </div>
   <div class='ocr_carea' id='block_1_107' title="bbox 1879 4441 3454 4508">
    <p class='ocr_par' dir='ltr' id='par_1_107' title="bbox 1879 4441 3454 4508">
     <span class='ocr_line' id='line_1_107' title="bbox 1879 4441 3454 4508; baseline -0.004 -9"><span class='ocrx_word' id='word_1_800' title='bbox 1879 4447 2034 4500; x_wconf 90' lang='lat' dir='ltr'><strong>ribus</strong></span> <span class='ocrx_word' id='word_1_801' title='bbox 2073 4454 2127 4500; x_wconf 89' lang='lat' dir='ltr'><strong>et</strong></span> <span class='ocrx_word' id='word_1_802' title='bbox 2157 4445 2452 4498; x_wconf 86' lang='lat' dir='ltr'><strong>herbarum</strong></span> <span class='ocrx_word' id='word_1_803' title='bbox 2497 4441 2778 4495; x_wconf 76' lang='lat' dir='ltr'><strong>radicibus</strong></span> <span class='ocrx_word' id='word_1_804' title='bbox 2829 4456 2894 4496; x_wconf 91' lang='lat' dir='ltr'><strong>ac</strong></span> <span class='ocrx_word' id='word_1_805' title='bbox 2941 4441 3175 4494; x_wconf 89' lang='lat' dir='ltr'><strong>locustis</strong></span> <span class='ocrx_word' id='word_1_806' title='bbox 3215 4455 3243 4492; x_wconf 90' lang='lat' dir='ltr'><strong>a</strong></span> <span class='ocrx_word' id='word_1_807' title='bbox 3286 4453 3454 4508; x_wconf 79' lang='lat' dir='ltr'><strong>puero</strong></span> 
     </span>
    </p>
   </div>
   <div class='ocr_carea' id='block_1_108' title="bbox 1878 4523 3456 4604">
    <p class='ocr_par' dir='ltr' id='par_1_108' title="bbox 1878 4523 3456 4604">
     <span class='ocr_line' id='line_1_108' title="bbox 1878 4523 3456 4604; baseline -0.008 -12"><span class='ocrx_word' id='word_1_808' title='bbox 1878 4523 2139 4600; x_wconf 83' lang='lat' dir='ltr'><strong>nutritus,</strong></span> <span class='ocrx_word' id='word_1_809' title='bbox 2175 4536 2338 4604; x_wconf 85' lang='lat' dir='ltr'><strong>hujus</strong></span> <span class='ocrx_word' id='word_1_810' title='bbox 2377 4549 2524 4588; x_wconf 89' lang='lat' dir='ltr'><strong>nunc</strong></span> <span class='ocrx_word' id='word_1_811' title='bbox 2567 4541 2830 4601; x_wconf 86' lang='lat' dir='ltr'><strong>tanquam</strong></span> <span class='ocrx_word' id='word_1_812' title='bbox 2873 4531 3206 4585; x_wconf 86' lang='lat' dir='ltr'><strong>sanctiorem</strong></span> <span class='ocrx_word' id='word_1_813' title='bbox 3239 4529 3456 4583; x_wconf 82' lang='lat' dir='ltr'><strong>consti-</strong></span> 
     </span>
    </p>
   </div>
   <div class='ocr_carea' id='block_1_109' title="bbox 1880 4621 3456 4690">
    <p class='ocr_par' dir='ltr' id='par_1_109' title="bbox 1880 4621 3456 4690">
     <span class='ocr_line' id='line_1_109' title="bbox 1880 4621 3456 4690; baseline -0.008 -5"><span class='ocrx_word' id='word_1_814' title='bbox 1880 4631 2146 4685; x_wconf 89' lang='lat' dir='ltr'><strong>tutionem</strong></span> <span class='ocrx_word' id='word_1_815' title='bbox 2185 4626 2460 4682; x_wconf 74' lang='lat' dir='ltr'><strong>formidat.</strong></span> <span class='ocrx_word' id='word_1_816' title='bbox 2513 4623 2670 4690; x_wconf 87' lang='lat' dir='ltr'><strong>Quod</strong></span> <span class='ocrx_word' id='word_1_817' title='bbox 2725 4637 2857 4688; x_wconf 85' lang='lat' dir='ltr'><strong>ergo</strong></span> <span class='ocrx_word' id='word_1_818' title='bbox 2913 4621 3250 4676; x_wconf 74' lang='lat' dir='ltr'><strong>excellentia:</strong></span> <span class='ocrx_word' id='word_1_819' title='bbox 3315 4622 3456 4672; x_wconf 88' lang='lat' dir='ltr'><strong>inter</strong></span> 
     </span>
    </p>
   </div>
   <div class='ocr_carea' id='block_1_110' title="bbox 1881 4709 3454 4785">
    <p class='ocr_par' dir='ltr' id='par_1_110' title="bbox 1881 4709 3454 4785">
     <span class='ocr_line' id='line_1_110' title="bbox 1881 4709 3454 4785; baseline -0.008 -9"><span class='ocrx_word' id='word_1_820' title='bbox 1881 4723 2004 4776; x_wconf 90' lang='lat' dir='ltr'><strong>illos</strong></span> <span class='ocrx_word' id='word_1_821' title='bbox 2048 4721 2346 4775; x_wconf 86' lang='lat' dir='ltr'><strong>discrimen</strong></span> <span class='ocrx_word' id='word_1_822' title='bbox 2381 4727 2465 4771; x_wconf 91' lang='lat' dir='ltr'><strong>est</strong></span> <span class='ocrx_word' id='word_1_823' title='bbox 2494 4717 2516 4768; x_wconf 89' lang='lat'><strong>?</strong></span> <span class='ocrx_word' id='word_1_824' title='bbox 2544 4715 2706 4785; x_wconf 86' lang='lat' dir='ltr'><strong>quale</strong></span> <span class='ocrx_word' id='word_1_825' title='bbox 2736 4715 2804 4770; x_wconf 89' lang='lat' dir='ltr'><strong>de</strong></span> <span class='ocrx_word' id='word_1_826' title='bbox 2867 4713 2956 4767; x_wconf 85' lang='lat' dir='ltr'><strong>illo</strong></span> <span class='ocrx_word' id='word_1_827' title='bbox 3001 4713 3142 4767; x_wconf 88' lang='lat' dir='ltr'><strong>Deus</strong></span> <span class='ocrx_word' id='word_1_828' title='bbox 3178 4711 3284 4766; x_wconf 90' lang='lat' dir='ltr'><strong>fert</strong></span> <span class='ocrx_word' id='word_1_829' title='bbox 3333 4709 3454 4765; x_wconf 84' lang='lat' dir='ltr'><strong>suf-</strong></span> 
     </span>
    </p>
   </div>
   <div class='ocr_carea' id='block_1_111' title="bbox 1880 4806 3457 4881">
    <p class='ocr_par' dir='ltr' id='par_1_111' title="bbox 1880 4806 3457 4881">
     <span class='ocr_line' id='line_1_111' title="bbox 1880 4806 3457 4881; baseline -0.006 -15"><span class='ocrx_word' id='word_1_830' title='bbox 1880 4809 2158 4881; x_wconf 82' lang='lat' dir='ltr'><strong>fragium?</strong></span> <span class='ocrx_word' id='word_1_831' title='bbox 2202 4808 2411 4863; x_wconf 88' lang='lat' dir='ltr'><strong>lnterea</strong></span> <span class='ocrx_word' id='word_1_832' title='bbox 2470 4807 2599 4861; x_wconf 87' lang='lat' dir='ltr'><strong>dum</strong></span> <span class='ocrx_word' id='word_1_833' title='bbox 2649 4819 2845 4860; x_wconf 88' lang='lat' dir='ltr'><strong>omnes</strong></span> <span class='ocrx_word' id='word_1_834' title='bbox 2901 4806 2980 4859; x_wconf 92' lang='lat' dir='ltr'><strong>sic</strong></span> <span class='ocrx_word' id='word_1_835' title='bbox 3051 4811 3277 4872; x_wconf 77' lang='lat' dir='ltr'><strong>stupore</strong></span> <span class='ocrx_word' id='word_1_836' title='bbox 3327 4810 3457 4858; x_wconf 88' lang='lat' dir='ltr'><strong>sunt</strong></span> 
     </span>
    </p>
   </div>
   <div class='ocr_carea' id='block_1_112' title="bbox 1880 4893 3454 4974">
    <p class='ocr_par' dir='ltr' id='par_1_112' title="bbox 1880 4893 3454 4974">
     <span class='ocr_line' id='line_1_112' title="bbox 1880 4893 3454 4974; baseline -0.008 -14"><span class='ocrx_word' id='word_1_837' title='bbox 1880 4904 2138 4974; x_wconf 84' lang='lat' dir='ltr'><strong>correpti,</strong></span> <span class='ocrx_word' id='word_1_838' title='bbox 2167 4920 2197 4956; x_wconf 80' lang='grc' dir='ltr'><strong>ο</strong></span> <span class='ocrx_word' id='word_1_839' title='bbox 2223 4902 2380 4958; x_wconf 61' lang='lat' dir='ltr'><strong>caelis</strong></span> <span class='ocrx_word' id='word_1_840' title='bbox 2421 4899 2806 4955; x_wconf 84' lang='lat' dir='ltr'><strong>ebuccinantis</strong></span> <span class='ocrx_word' id='word_1_841' title='bbox 2837 4899 3058 4952; x_wconf 76' lang='lat' dir='ltr'><strong>amiitur</strong></span> <span class='ocrx_word' id='word_1_842' title='bbox 3084 4911 3212 4950; x_wconf 80' lang='lat' dir='ltr'><strong>vox:</strong></span> <span class='ocrx_word' id='word_1_843' title='bbox 3261 4893 3454 4964; x_wconf 84' lang='lat' dir='ltr'><strong>inqui-</strong></span> 
     </span>
    </p>
   </div>
   <div class='ocr_carea' id='block_1_113' title="bbox 1881 4989 3452 5065">
    <p class='ocr_par' dir='ltr' id='par_1_113' title="bbox 1881 4989 3452 5065">
     <span class='ocr_line' id='line_1_113' title="bbox 1881 4989 3452 5065; baseline -0.008 -15"><span class='ocrx_word' id='word_1_844' title='bbox 1881 4997 2004 5062; x_wconf 75' lang='lat' dir='ltr'><strong>rite,</strong></span> <span class='ocrx_word' id='word_1_845' title='bbox 2034 4996 2230 5065; x_wconf 90' lang='lat' dir='ltr'><strong>inquit,</strong></span> <span class='ocrx_word' id='word_1_846' title='bbox 2263 4993 2405 5061; x_wconf 87' lang='lat' dir='ltr'><strong>apud</strong></span> <span class='ocrx_word' id='word_1_847' title='bbox 2444 5008 2505 5046; x_wconf 89' lang='lat' dir='ltr'><strong>se</strong></span> <span class='ocrx_word' id='word_1_848' title='bbox 2539 4991 2801 5059; x_wconf 86' lang='lat' dir='ltr'><strong>quisque,</strong></span> <span class='ocrx_word' id='word_1_849' title='bbox 2844 4989 3102 5058; x_wconf 79' lang='lat' dir='ltr'><strong>baptizati</strong></span> <span class='ocrx_word' id='word_1_850' title='bbox 3169 4989 3452 5047; x_wconf 82' lang='lat' dir='ltr'><strong>virtutem,</strong></span> 
     </span>
    </p>
   </div>
   <div class='ocr_carea' id='block_1_114' title="bbox 1881 5080 3452 5156">
    <p class='ocr_par' dir='ltr' id='par_1_114' title="bbox 1881 5080 3452 5156">
     <span class='ocr_line' id='line_1_114' title="bbox 1881 5080 3452 5156; baseline -0.007 -15"><span class='ocrx_word' id='word_1_851' title='bbox 1881 5087 2074 5141; x_wconf 79' lang='lat' dir='ltr'><strong>discite</strong></span> <span class='ocrx_word' id='word_1_852' title='bbox 2113 5085 2410 5156; x_wconf 84' lang='lat' dir='ltr'><strong>potentiam</strong></span> <span class='ocrx_word' id='word_1_853' title='bbox 2457 5083 2599 5152; x_wconf 73' lang='lat' dir='ltr'><strong>ejus,</strong></span> <span class='ocrx_word' id='word_1_854' title='bbox 2640 5083 2735 5152; x_wconf 89' lang='lat' dir='ltr'><strong>qui</strong></span> <span class='ocrx_word' id='word_1_855' title='bbox 2791 5083 2932 5150; x_wconf 88' lang='lat' dir='ltr'><strong>apud</strong></span> <span class='ocrx_word' id='word_1_856' title='bbox 2989 5096 3086 5135; x_wconf 86' lang='lat' dir='ltr'><strong>vos</strong></span> <span class='ocrx_word' id='word_1_857' title='bbox 3151 5080 3452 5134; x_wconf 75' lang='lat' dir='ltr'><strong>essentiam</strong></span> 
     </span>
    </p>
   </div>
   <div class='ocr_carea' id='block_1_115' title="bbox 1881 5170 3449 5252">
    <p class='ocr_par' dir='ltr' id='par_1_115' title="bbox 1881 5170 3449 5252">
     <span class='ocr_line' id='line_1_115' title="bbox 1881 5170 3449 5252; baseline -0.01 -15"><span class='ocrx_word' id='word_1_858' title='bbox 1881 5180 2152 5252; x_wconf 77' lang='lat' dir='ltr'><strong>quaesivit.</strong></span> <span class='ocrx_word' id='word_1_859' title='bbox 2184 5177 2513 5248; x_wconf 87' lang='lat' dir='ltr'><strong>Cognoscite</strong></span> <span class='ocrx_word' id='word_1_860' title='bbox 2541 5183 2808 5246; x_wconf 82' lang='lat' dir='ltr'><strong>quantum</strong></span> <span class='ocrx_word' id='word_1_861' title='bbox 2857 5173 2926 5228; x_wconf 92' lang='lat' dir='ltr'><strong>sit</strong></span> <span class='ocrx_word' id='word_1_862' title='bbox 2979 5174 3121 5228; x_wconf 89' lang='lat' dir='ltr'><strong>inter</strong></span> <span class='ocrx_word' id='word_1_863' title='bbox 3175 5170 3449 5225; x_wconf 70' lang='lat' dir='ltr'><strong>Joannem</strong></span> 
     </span>
    </p>
   </div>
   <div class='ocr_carea' id='block_1_116' title="bbox 1882 5260 3454 5327">
    <p class='ocr_par' dir='ltr' id='par_1_116' title="bbox 1882 5260 3454 5327">
     <span class='ocr_line' id='line_1_116' title="bbox 1882 5260 3454 5327; baseline -0.012 0"><span class='ocrx_word' id='word_1_864' title='bbox 1882 5283 1936 5327; x_wconf 89' lang='lat' dir='ltr'><strong>et</strong></span> <span class='ocrx_word' id='word_1_865' title='bbox 1961 5271 2102 5326; x_wconf 90' lang='lat' dir='ltr'><strong>hunc</strong></span> <span class='ocrx_word' id='word_1_866' title='bbox 2119 5268 2442 5324; x_wconf 88' lang='lat' dir='ltr'><strong>discrimen.</strong></span> <span class='ocrx_word' id='word_1_867' title='bbox 2484 5285 2502 5318; x_wconf 75' lang='grc' dir='ltr'><strong>ι</strong></span> <span class='ocrx_word' id='word_1_868' title='bbox 2534 5266 2633 5320; x_wconf 87' lang='lat' dir='ltr'><strong>llic</strong></span> <span class='ocrx_word' id='word_1_869' title='bbox 2659 5274 2744 5322; x_wconf 88' lang='lat' dir='ltr'><strong>est</strong></span> <span class='ocrx_word' id='word_1_870' title='bbox 2776 5263 2951 5319; x_wconf 76' lang='lat' dir='ltr'><strong>Filius</strong></span> <span class='ocrx_word' id='word_1_871' title='bbox 2999 5277 3156 5316; x_wconf 71' lang='lat' dir='ltr'><strong>meus</strong></span> <span class='ocrx_word' id='word_1_872' title='bbox 3201 5260 3454 5320; x_wconf 81' lang='lat' dir='ltr'><strong>dilectus,</strong></span> 
     </span>
    </p>
   </div>
   <div class='ocr_carea' id='block_1_117' title="bbox 1885 5349 3459 5432">
    <p class='ocr_par' dir='ltr' id='par_1_117' title="bbox 1885 5349 3459 5432">
     <span class='ocr_line' id='line_1_117' title="bbox 1885 5349 3459 5432; baseline -0.009 -16"><span class='ocrx_word' id='word_1_873' title='bbox 1885 5363 1938 5416; x_wconf 88' lang='lat' dir='ltr'><strong>in</strong></span> <span class='ocrx_word' id='word_1_874' title='bbox 1974 5376 2084 5432; x_wconf 87' lang='lat' dir='ltr'><strong>quo</strong></span> <span class='ocrx_word' id='word_1_875' title='bbox 2105 5361 2236 5415; x_wconf 90' lang='lat' dir='ltr'><strong>mihi</strong></span> <span class='ocrx_word' id='word_1_876' title='bbox 2265 5361 2398 5415; x_wconf 89' lang='lat' dir='ltr'><strong>bene</strong></span> <span class='ocrx_word' id='word_1_877' title='bbox 2419 5357 2808 5430; x_wconf 89' lang='lat' dir='ltr'><strong>complacitum</strong></span> <span class='ocrx_word' id='word_1_878' title='bbox 2835 5365 2918 5410; x_wconf 89' lang='lat' dir='ltr'><strong>est</strong></span> <span class='ocrx_word' id='word_1_879' title='bbox 2939 5355 2993 5408; x_wconf 69' lang='grc' dir='ltr'><strong>δ.</strong></span> <span class='ocrx_word' id='word_1_880' title='bbox 3027 5372 3046 5405; x_wconf 71' lang='grc' dir='ltr'><strong>ι</strong></span> <span class='ocrx_word' id='word_1_881' title='bbox 3071 5349 3208 5406; x_wconf 81' lang='lat' dir='ltr'><strong>ilinc</strong></span> <span class='ocrx_word' id='word_1_882' title='bbox 3238 5364 3459 5419; x_wconf 84' lang='lat' dir='ltr'><strong>quoque</strong></span> 
     </span>
    </p>
   </div>
   <div class='ocr_carea' id='block_1_118' title="bbox 1884 5442 3460 5522">
    <p class='ocr_par' dir='ltr' id='par_1_118' title="bbox 1884 5442 3460 5522">
     <span class='ocr_line' id='line_1_118' title="bbox 1884 5442 3460 5522; baseline -0.008 -13"><span class='ocrx_word' id='word_1_883' title='bbox 1884 5455 2124 5512; x_wconf 79' lang='lat' dir='ltr'><strong>Joannes</strong></span> <span class='ocrx_word' id='word_1_884' title='bbox 2186 5469 2293 5510; x_wconf 90' lang='lat' dir='ltr'><strong>non</strong></span> <span class='ocrx_word' id='word_1_885' title='bbox 2345 5453 2398 5509; x_wconf 90' lang='lat' dir='ltr'><strong>in</strong></span> <span class='ocrx_word' id='word_1_886' title='bbox 2469 5451 2674 5522; x_wconf 86' lang='lat' dir='ltr'><strong>templo</strong></span> <span class='ocrx_word' id='word_1_887' title='bbox 2731 5449 2995 5519; x_wconf 70' lang='lat' dir='ltr'><strong>baptizat,</strong></span> <span class='ocrx_word' id='word_1_888' title='bbox 3045 5459 3144 5500; x_wconf 88' lang='lat' dir='ltr'><strong>nec</strong></span> <span class='ocrx_word' id='word_1_889' title='bbox 3197 5442 3254 5496; x_wconf 91' lang='lat' dir='ltr'><strong>in</strong></span> <span class='ocrx_word' id='word_1_890' title='bbox 3299 5443 3460 5497; x_wconf 68' lang='lat' dir='ltr'><strong>denuo</strong></span> 
     </span>
    </p>
   </div>
  </div>
