3928 6206
119 335 256 402 1249

861 341 1120 404 SERMO
1153 343 1182 404 Ῐ
1218 341 1302 403 ΙΝ
1360 340 2199 405 TRANSFIGURATIONEM
2237 346 2305 405 D.
2333 345 2405 406 N.
2445 345 2501 406 Ι.
2541 347 2608 410 C.

3252 350 3388 414 H50

116 453 351 524 δύναμιν
381 449 682 524 ἐσχηκότας
723 471 742 505 ι
783 455 913 518 τοὺς
955 453 1208 524 μαθητὰς
1234 492 1249 517 ,
1277 453 1424 518 εἰκὸς
1465 449 1532 525 ἦν
1565 453 1685 524 τάχα

1807 467 1902 523 par
1940 453 2080 510 forte
2123 464 2243 510 erat
2273 465 2330 508 ut
2359 456 2525 510 etiam
2564 436 2778 525 aliquid
2806 456 3062 514 humanae
3093 459 3393 516 imbecilli-

117 561 225 598 που
255 544 349 597 καὶ
382 542 758 614 ἀνθρωπίναις
797 547 1121 615 περιπεσεῖν
1143 544 1452 610 ἀσθενείαις
1479 561 1494 576 ·
1530 545 1626 600 καί
1650 561 1702 598 τι

115 633 362 690 τοιοῦτον
388 635 511 688 καθ’
536 635 770 700 ἑαυτοὺς
799 637 1186 706 ὲννενοηκότας
1215 639 1412 692 εἰπεῖν.
1451 638 1576 702 Πῶς
1603 639 1704 710 ἀρ-

116 727 347 800 νήσεται
396 744 482 792 τις
542 729 770 782 ἑαυτόνο
805 727 838 799 ἢ
874 729 993 793 πῶς
1042 730 1315 796 ἀπολέσας
1349 729 1450 802 τὴν
1501 733 1700 786 ἑαυτοῦ

115 817 322 890 ψυχὴν,
351 819 574 890 εὑρήσει
631 819 796 874 πάλιν
836 821 1011 892 αὑτήν
1039 837 1054 884 ;
1087 820 1153 874 Τί
1181 821 1239 874 δὲ
1266 823 1382 886 τοῖς
1407 823 1566 877 τοῦτο
1591 840 1700 878 πα·

119 907 282 962 θοῦσι
305 908 366 961 τδ
395 908 715 964 ίσοσταλοῦν
762 909 920 967 ἔσται
947 911 1196 984 χάρισμα
1223 929 1238 978 ;
1267 913 1355 966 ἵνα
1384 914 1564 967 τοίνυν
1582 902 1702 967 ’τῶν

115 999 384 1052 τοιούτων
414 1000 611 1065 αὐτοὺς
641 1001 930 1076 ἀποστήσῃ
978 1003 1074 1056 καὶ
1112 1003 1390 1074 λογισμῶν
1411 1005 1502 1057 καὶ
1530 1006 1703 1076 ῥημά-

118 1103 260 1144 των·
286 1091 382 1144 καὶ
403 1087 516 1146 οἷον
574 1095 991 1165 μεταχαλκεύσῃ
1035 1097 1174 1168 πρὸς
1223 1095 1574 1167 εύανδρείαν,
1601 1096 1701 1167 τῆς

123 1181 497 1255 δοθησομένης
534 1185 716 1250 αὐτοῖς
765 1186 1018 1252 εὐκλείας
1075 1186 1375 1254 ἐπιθυμίαν
1420 1175 1694 1242 ὲντεκώνο

128 1289 150 1323 ι
187 1271 346 1340 Λέγω
366 1271 516 1342 ὑμῖν,
546 1274 729 1344 φησὶν,
769 1273 877 1328 είσί
927 1291 1070 1338 τινες
1097 1280 1207 1330 τῶν
1243 1269 1344 1330 ὦδε
1371 1279 1700 1348 ἑστηκότων,

121 1364 178 1417 οἱ
208 1379 350 1422 τινες
373 1364 422 1416 oi
456 1364 532 1437 μῂ
563 1361 852 1432 γεύσοντᾶι
891 1365 1124 1420 θανάτου
1144 1409 1160 1435 ,
1187 1367 1295 1432 ἓως
1335 1369 1403 1422 ἂν
1429 1369 1578 1423 ἴδωσι
1601 1371 1700 1441 τὴν

123 1452 402 1522 βασιλείαν
439 1451 538 1508 τοῦ
568 1453 744 1510 Θεοῦ.·
775 1475 796 1508 ι
831 1455 983 1528 *Αρά
1013 1473 1078 1525 γε
1117 1459 1198 1521 είς
1224 1459 1478 1512 τοσοῦτον
1515 1460 1699 1525 αὐτοῖς

121 1544 510 1615 ὲκταθήσεται,
539 1546 700 1617 φησι,
757 1545 950 1618 τδυι-’ἡς
999 1547 1148 1617 ζωῆς
1179 1550 1400 1620 μέτρον,
1435 1550 1577 1604 ὥστε
1606 1553 1700 1606 καὶ

121 1637 210 1699 είς
227 1636 476 1700 ἐκείνους
504 1637 714 1706 φθάσαι
735 1639 862 1702 τοὺς
895 1639 1138 1709 χρόνους,
1168 1641 1290 1694 καθ’
1323 1641 1417 1706 οὓς
1453 1641 1546 1695 ἐπὶ
1577 1660 1702 1697 συν-

1807 543 1935 599 tatis
1985 544 2350 608 incurrerent,
2401 555 2566 614 alque
2615 546 2885 616 ejusmodi
2947 549 3224 620 quidpiam
3282 552 3384 620 ipsi

1801 635 1944 704 apul
1991 651 2050 692 se
2101 637 2430 706 cogitantes,
2481 636 2750 691 dicereut.
2793 636 2917 704 Quo
2957 653 3018 694 se
3063 641 3224 696 modo
3261 646 3384 712 quis

1801 727 2189 796 abnegaverit?
2233 727 2345 780 Aut
2400 727 2680 796 quomodo
2732 731 2973 784 animam
3034 746 3191 787 suam
3252 748 3381 802 per.
3491 805 3496 812 θ

1801 815 2005 882 dendo,
2034 818 2232 872 iterum
2259 832 2378 872 eam
2405 818 2734 874 inventurus
2755 819 2880 874 eet?
2901 819 3040 887 Quid
3064 833 3192 876 vero
3213 823 3382 877 hocce

1802 909 2020 977 passis,
2078 910 2309 980 aequalis
2365 909 2434 965 ad
2482 911 2768 980 praemium
2820 911 2926 966 erit
2976 915 3254 968 muneris?
3310 913 3379 971 Ut

1799 1011 1930 1065 ergo
1978 998 2113 1052 tales
2153 1013 2348 1054 eorum
2380 1009 2435 1054 et
2465 998 2828 1070 cogitationes
2867 1006 2922 1055 et
2953 1004 3118 1056 verba
3151 1019 3314 1074 comp
3351 1034 3377 1046 -
3416 997 3421 1002 ’

1800 1098 1940 1152 scat,
1994 1091 2254 1160 velutque
2301 1105 2485 1145 aaneos
2528 1091 2595 1145 ad
2643 1092 2801 1148 virile
2847 1093 3016 1147 robur
3057 1093 3374 1162 transferat,

1799 1178 1992 1234 dandae
2050 1181 2186 1250 ipsis
2245 1181 2434 1251 gloriae
2485 1182 2878 1250 cupiditatem,
2935 1184 3136 1240 animis
3181 1201 3372 1242 eorum

1798 1270 2175 1340 ingenerans:
2215 1290 2234 1322 ι
2273 1271 2405 1325 Dico
2439 1272 2616 1336 vobis,
2657 1273 2856 1342 inquit,
2899 1283 3030 1329 sunt
3069 1276 3237 1346 aliqui
3286 1268 3394 1334 hic-

1799 1366 2029 1420 stantes,
2057 1359 2150 1428 qui
2181 1373 2289 1413 non
2338 1358 2640 1437 gustabunt
2683 1370 2917 1415 mortem
2947 1363 3122 1417 donec
3156 1365 3377 1419 videant

1799 1465 2023 1519 regnum
2057 1448 2152 1504 Dei
2178 1451 2222 1503 ’.
2257 1467 2275 1501 ι
2321 1448 2558 1520 Ergone,
2609 1450 2812 1520 inquit,
2852 1467 3028 1522 usque
3069 1454 3206 1508 adeo
3245 1470 3374 1524 pro-

1749 1557 1757 1563 '
1797 1541 2046 1596 ducenda
2082 1541 2192 1596 illis
2228 1551 2316 1596 est
2345 1543 2470 1596 vita:
2501 1557 2784 1608 mensura,
2819 1551 2882 1598 ut
2923 1554 2977 1599 et
3007 1545 3074 1599 ad
3109 1561 3174 1600 ea
3209 1548 3375 1601 deve-

1799 1629 1954 1684 niaut
1992 1639 2262 1700 tempora,
2291 1630 2514 1700 quando
2544 1631 2598 1684 in
2633 1635 3055 1710 consummatim
3081 1649 3112 1688 e
3139 1635 3374 1689 saeculo-

111 1726 304 1798 τελείᾳ
338 1726 448 1780 τῶν
475 1729 690 1782 αίὼνων
719 1729 779 1794 ἐξ
805 1729 1039 1799 ούρανοῦ
1079 1732 1380 1798 κατελθὼν,
1413 1735 1696 1788 ἀποκατα-
1727 1767 1768 1836 Β
1797 1735 1944 1784 "1m-
1993 1721 2062 1776 αθ
2110 1721 2253 1824 mf")
2299 1721 2666 1836 άθεεεηιξθὲξο
2727 1733 2981 1836 Ρδτείιυη)
3016 1725 3237 1836 ﬁmus
3258 1741 3373 1823 ἠ’

117 1817 315 1887 στήσει
341 1821 454 1882 τοῖς
489 1819 687 1888 ἁγίοις,
719 1819 820 1890 τὴν
845 1821 1262 1895 ἡτοιμασμένην
1301 1825 1488 1890 αὐτοῖς
1536 1825 1692 1897 βασι-

116 1906 312 1976 λείανς
345 1909 458 1962 ἀλλ’
487 1905 557 1981 ἦν
584 1910 683 1982 μὲν
711 1911 807 1966 καλ⁸
833 1911 994 1966 τοῦτο
1019 1915 1240 1982 ἐφικτὸν
1291 1916 1442 1988 αὐτῷ
1465 1933 1480 1948 ·
1513 1919 1691 1980 πάντα

115 1997 232 2068 γὰρ
255 1997 501 2063 δύναται,
534 2001 628 2054 καὶ
681 2001 834 2056 οὐδὲν
879 2002 1164 2075 ἀμήχανον
1195 2005 1227 2076 ἢ
1278 2006 1538 2078 ἀνήνυτον
1575 2012 1690 2074 τοῖς

111 2088 288 2143 αὐτοῦ
315 2089 800 2156 πανσθενεστάτοις
840 2093 1094 2162 νεύμασι.
1147 2093 1432 2150 Βασιλείαν
1461 2097 1520 2152 δὲ
1551 2099 1687 2154 Θεοῦ

109 2194 285 2248 φησιν
331 2180 504 2250 αὐτὴν
557 2180 659 2252 τὴν
708 2180 838 2236 θέαν
889 2183 994 2262 τῆς
1035 2183 1218 2256 δόξης,
1241 2187 1301 2239 ὲν
1401 2189 1494 2242 καὶ
1525 2190 1688 2255 αὐτὸς

110 2269 414 2341 ὀφθήσεται
443 2271 565 2326 κατ’
588 2274 768 2326 έκεῖνο
799 2273 1018 2345 καιροῦ,
1067 2276 1192 2330 καθ’
1216 2277 1280 2330 ὃν
1309 2277 1376 2330 ἂν
1400 2279 1687 2354 ἐπιλάμψῃ

112 2361 232 2422 τοῖς
257 2361 348 2414 ἐπὶ
373 2359 472 2429 τῆς
500 2361 605 2430 γῆς
627 2377 642 2392 ο
673 2381 693 2414 ι
726 2362 888 2427 Ἥξει
916 2365 1026 2435 γάρ
1054 2365 1113 2418 έν
1145 2365 1271 2436 δόξῃ
1301 2366 1396 2421 τοῦ
1431 2368 1566 2422 Θεοῦ
1591 2372 1686 2424 καὶ

115 2450 501 2520 Πατρόςοικαὶ
529 2453 628 2505 οὐκ
672 2451 729 2506 ἓν
774 2471 838 2522 γε
877 2455 1093 2525 ’μᾶλλον
1141 2452 1584 2532 σμικροτέρεπείᾳ
1615 2463 1682 2532 τῇ

110 2543 236 2596 καθ’
261 2544 430 2612 ἡμᾶς.
467 2544 594 2608 Πῶς
623 2541 715 2599 οὖν
741 2545 848 2616 ἀρα
879 2544 1119 2616 θεωροὺς
1141 2547 1314 2602 ἐποίει
1339 2548 1434 2602 τοῦ
1467 2550 1686 2620 θαύμα-

106 2649 204 2695 τος
245 2635 372 2698 τοὺς
437 2634 698 2698 λαϐόντας
748 2637 847 2706 τὴν
891 2637 1226 2708 ὑπόσχεσινς
1261 2658 1280 2692 ι
1326 2641 1566 2694 ’Δνεισιν
1602 2643 1682 2704 είς

105 2724 172 2777 τὸ
202 2723 326 2794 δρός
359 2743 380 2776 ι
414 2728 565 2796 τρεῖς
615 2728 712 2780 ἀπ’
739 2727 920 2781 αὐτῶν
954 2729 1082 2792 τοὺς
1132 2728 1450 2794 ἐπιλέκτους
1497 2731 1637 2801 ἔχων
1661 2746 1676 2762 ·

105 2813 229 2870 εἷτα
285 2817 723 2887 μεταπλάττεται
775 2820 912 2890 πρὸς
956 2819 1233 2892 ἐξαίρετόν
1270 2838 1394 2876 τινα
1429 2823 1522 2874 καὶ⁵
1558 2823 1680 2876 θεο-

107 2912 298 2980 πρεπῆ
332 2911 696 2983 λαμπρότητα
717 2927 733 2943 ·
759 2912 900 2966 ὥστε
931 2912 1138 2966 καὶτὸν
1171 2915 1461 2986 ἱματισμὸν
1491 2917 1676 2982 αὐτοῦ,

103 3003 178 3070 τῇ
194 2999 285 3054 τοῦ
307 3003 484 3070 φωτὸς
500 3003 773 3073 προσϐολῇ
792 3003 1096 3074 διαλάμψαι
1109 3005 1286 3061 δοκεῖν
1304 3025 1318 3038 ·
1341 3005 1460 3065 εἶτα
1476 3029 1494 3062 ι
1518 3012 1679 3064 Μωῦ-

1795 1827 1960 1882 goum
2017 1811 2362 1881 repositurns
2410 1811 2533 1867 est?
2565 1813 2734 1868 Plane
2779 1821 2834 1867 et
2881 1813 2984 1866 hoc
3015 1812 3090 1865 illi
3122 1815 3368 1880 pervium

1791 1913 1908 1960 erat
1941 1923 1954 1958 :
1993 1919 2122 1960 nam
2169 1911 2352 1974 potest
2399 1904 2620 1971 omnia;
2673 1918 2774 1959 nec
2819 1903 3026 1974 aliquid
3071 1913 3176 1967 est,
3218 1906 3366 1975 quod

1790 1998 2172 2068 potentissimo
2221 2008 2360 2052 nutu
2408 1997 2681 2052 coniicere
2739 2006 2978 2066 nequeat
3005 1997 3070 2052 ".
3120 1995 3361 2064 Verum,

1789 2105 2018 2160 regnum
2051 2089 2170 2155 Dei,
2220 2089 2395 2158 ipsam
2443 2089 2578 2144 dicit
2607 2088 2797 2158 gloria
2830 2089 3122 2153 vislonem,
3164 2089 3217 2141 in
3253 2105 3362 2158 qua

1787 2189 1841 2234 et
1873 2180 1991 2250 ipse
2031 2195 2128 2250 per
2162 2179 2218 2234 id
2254 2189 2471 2249 tempus
2519 2179 2888 2247 aspectandus
2929 2186 3080 2242 erat,
3118 2192 3246 2232 cum
3293 2180 3361 2235 iis

1787 2271 2079 2335 illuxisset,
2113 2271 2208 2340 qui
2237 2279 2418 2326 essent
2459 2270 2516 2324 in
2543 2280 2708 2324 terra.
2748 2290 2766 2322 ι
2798 2269 2893 2324 Est
2925 2271 3072 2334 enim
3101 2280 3368 2326 venturus

1786 2361 1840 2415 iu
1892 2361 2066 2432 gloria
2115 2361 2206 2414 Dei
2255 2368 2310 2415 et
2343 2359 2625 2426 Patris“;
2661 2379 2680 2412 ι
2721 2375 2830 2414 non
2869 2359 2980 2428 jam
3029 2361 3264 2430 amplius
3311 2363 3367 2415 in

1785 2451 1991 2506 vilitate
2017 2451 2178 2506 nobis
2201 2451 2443 2520 propria.
2481 2449 2602 2515 Quo
2635 2451 2800 2520 igitur
2832 2452 2994 2504 modo
3025 2461 3368 2520 spectatores

1785 2542 1920 2598 facit
1954 2541 2206 2619 miraculi
2242 2556 2358 2604 eos,
2401 2541 2468 2596 ad
2518 2557 2657 2612 quos
2699 2541 2992 2610 promissio
3029 2541 3172 2596 facta
3215 2542 3370 2597 erat?

1789 2651 1808 2685 ι
1840 2633 2105 2688 Ascendit
2150 2633 2205 2687 in
2241 2641 2483 2687 montem
2513 2633 2580 2697 “,
2614 2651 2633 2685 ι
2676 2641 2786 2686 tres
2818 2648 2885 2686 cx
2921 2632 3031 2687 illis
3062 2635 3368 2704 praecipuos

1783 2739 1968 2780 secum
2021 2724 2266 2791 habens;
2307 2739 2372 2780 ac
2419 2733 2532 2778 tum
2583 2723 2638 2778 in
2665 2723 2928 2778 eximium
2957 2725 3251 2792 quemdam
3299 2741 3367 2779 ac

1783 2829 1951 2884 supra
2025 2814 2304 2870 hominem
2375 2815 2724 2882 splendorem
2799 2813 3258 2880 transformatur;
3307 2826 3368 2870 ut

1779 2907 1942 2962 etiam
1977 2907 2304 2962 vestimenta
2341 2905 2461 2976 ejus
2509 2905 2740 2961 luminis
2780 2907 3016 2976 appulsu
3056 2907 3239 2962 lucere
3281 2907 3368 2960 vi-

1781 3001 2042 3054 derentur
2071 3017 2086 3053 :
2115 3001 2300 3070 sicque
2335 3016 2355 3050 ι
2386 2997 2598 3070 Moyses
2631 3007 2686 3052 et
2741 2997 2886 3052 Elias
2951 3007 3197 3052 astantes
3236 3013 3362 3054 cum

109 3091 217 3160 σῆς
251 3093 347 3145 καὶ
379 3092 567 3156 Ἠλίας
601 3095 999 3165 περιστηκότες
1025 3096 1114 3150 τὸν
1144 3097 1372 3168 Ἰησοῦν,
1409 3087 1677 3172 προσελά-

1784 3090 1934 3156 Jesu,
1969 3090 2206 3146 invicem
2257 3088 2652 3154 conferebant;
2686 3088 2934 3144 dicentes
2962 3089 3169 3144 exitum
3219 3089 3362 3159 ejus,

106 3179 237 3234 λουν
265 3181 516 3253 ἀλλήλοις
547 3183 646 3254 τὴν
671 3183 850 3248 ἔξοδον
878 3184 1066 3248 αὐτοῦ,
1099 3185 1168 3256 ἥν
1183 3186 1377 3256 ἔμελλε
1413 3189 1679 3260 πληροῦν,

107 3271 300 3340 φησιν,
334 3273 395 3327 ὲν
445 3271 817 3350 Ἰερουσαλήμ.
866 3293 886 3328 ι
921 3276 1204 3342 Τουτέστι,
1235 3278 1333 3347 τῆς
1367 3281 1506 3350 μετά
1544 3298 1681 3352 σαρ-

105 3365 207 3426 κὺς
233 3365 542 3434 οἰκονομίας
566 3365 628 3418 τὸ
659 3367 976 3438 μυστήριον,
995 3367 1090 3422 καὶ
1119 3368 1182 3421 τὺ
1211 3371 1480 3442 σωτήριον
1510 3373 1682 3436 πάθος

103 3453 172 3506 τὸ
200 3455 258 3507 ὲν
286 3453 364 3524 τῷ
391 3455 561 3526 τιμίῳ
605 3455 844 3526 σταυρῷ.
879 3457 990 3510 Καὶ
1041 3458 1151 3526 γάρ
1175 3459 1322 3512 ἐστιν
1355 3459 1574 3530 ἀληθὲς,
1597 3462 1681 3516 ὅτι

99 3548 138 3600 ὸ
164 3544 252 3599 διὰ
287 3547 532 3610 Μωσέως
577 3547 775 3619 νόμος,
802 3550 896 3602 καὶ
946 3551 974 3602 ό
1010 3549 1120 3601 τῶν
1173 3549 1344 3616 ἁγίων
1383 3552 1682 3622 προφητῶν

108 3633 288 3702 λόγος,
321 3634 384 3686 τὸ
421 3635 663 3706 Χριστοῦ
719 3639 1022 3710 μυστήριον
1061 3639 1476 3710 προανέδειξεν·
1506 3645 1535 3696 ὁ
1579 3643 1681 3712 μὲν

101 3725 167 3776 ἐν
192 3722 384 3788 τύποις
418 3727 511 3780 καὶ
539 3729 720 3791 σκιαῖς
743 3743 759 3759 ο
786 3731 1067 3800 μονονουχὶ
1092 3731 1346 3800 καθάπερ
1372 3733 1430 3784 ὲν
1492 3731 1679 3786 πίνακι

97 3814 482 3885 καταγράφων
523 3817 655 3870 αὑτό
679 3835 693 3848 ·
727 3819 778 3871 oi
813 3817 904 3885 δὲ,
946 3819 1300 3890 πολυτρόπως
1345 3837 1682 3892 προηγορευ-

97 3905 288 3984 κότες,
321 3905 398 3970 ὡς
437 3908 530 3960 καὶ
564 3909 859 3978 ὀφθήσεται
892 3910 1034 3963 κατά
1073 3913 1296 3980 καιροὺς
1346 3912 1404 3964 ὲν
1431 3912 1563 3966 είδει
1603 3913 1680 3984 τῷ

97 3997 229 4050 καθ’
268 3998 437 4068 ἡμᾶς,
467 4001 560 4052 καὶ
581 4001 660 4053 ὅτι
691 4001 792 4070 τῆς
809 4002 1064 4056 ἀπάντων
1091 4001 1252 4056 ἕνεκα
1291 4004 1564 4075 σωτηρίας
1583 4006 1678 4059 καὶ

98 4087 277 4158 ζωῆς,
308 4089 370 4142 ού
406 4095 804 4162 παραιτήσεται
843 4093 906 4146 τὸ
934 4094 1129 4147 παθεῖν
1153 4095 1247 4147 τὸν
1273 4097 1366 4148 ἐπὶ
1395 4095 1555 4164 ξύλου
1583 4097 1678 4152 θά-

97 4197 291 4235 νατον.
324 4182 532 4236 Οὐκοῦν
557 4185 590 4254 ὴ
619 4185 867 4249 Μωσέως
899 4185 994 4240 καὶ
1025 4185 1180 4240 Ἠλία
1197 4187 1562 4258 παράστασις,
1582 4194 1678 4244 καὶ

92 4271 163 4324 τὸ
192 4273 523 4343 προσλαλεῖν
577 4274 830 4346 ἀλλήλοις
879 4276 1078 4340 αὐτοὺς
1101 4317 1117 4342 ,
1158 4279 1440 4349 οίκονομία
1466 4297 1549 4344 τις
1583 4277 1673 4352 ἧν,

95 4361 162 4418 εὖ
195 4365 341 4434 μάλα
368 4367 829 4420 καταδεικνύουσα
869 4368 1334 4447 δορυφορούμενον
1366 4373 1472 4424 ὑπὸ
1503 4373 1671 4443 νόμου

95 4457 200 4509 καὶ
249 4458 576 4526 προφητῶν,
611 4458 704 4512 τὸν
729 4457 934 4529 Κύριον
983 4460 1141 4530 ήμῶν
1178 4461 1384 4532 Ἰησοῦν
1416 4462 1670 4534 Χριστὸν,

92 4549 174 4607 ὡς
212 4549 305 4600 καὶ
335 4551 500 4618 νόμου
539 4549 632 4602 καὶ
662 4551 958 4620 προφητῶν
985 4551 1254 4624 δεσπότην
1285 4556 1677 4627 προκαταδειχ-

93 4637 268 4692 θέντα
301 4641 432 4711 παρ’
460 4641 640 4694 αὐτῶν
663 4657 678 4671 θ
711 4642 778 4696 δι’
799 4636 876 4696 ὧν
903 4642 1156 4714 ἀλλήλοις
1202 4645 1411 4716 συνῳδὰ
1441 4650 1680 4720 προεκή-

94 4728 288 4800 ρυξαν.
329 4733 404 4785 Οὐ
439 4734 548 4804 γὰρ
573 4733 865 4804 ἀσύμϐατα
895 4735 1010 4798 τοῖς
1037 4734 1126 4788 διά
1155 4741 1250 4790 τοῦ
1274 4736 1442 4808 νόμου
1469 4740 1538 4794 τά
1564 4740 1676 4794 τῶν

88 4823 400 4892 προφητῶν
422 4839 436 4854 ο
465 4825 562 4877 καὶ
589 4823 748 4878 τοῦτό
780 4826 930 4878 ἐστιν
947 4821 1102 4896 οἴμαι
1124 4827 1206 4892 τὸ,
1233 4828 1484 4900 ἀλλήλοις
1502 4847 1676 4902 προσ-

87 4908 281 4962 λαλεῖν
343 4911 548 4966 Μωσέα
597 4913 690 4967 τὸν
738 4913 1033 4985 ἱερώτατον
1053 4955 1070 4980 ,
1105 4917 1199 4970 καὶ
1245 4918 1356 4973 τῶν
1380 4921 1677 4991 προφητῶν

87 5001 452 5072 πανάριστον.
500 5003 687 5069 Ἠλίας
717 5005 775 5059 δὲ
821 5001 976 5072 οὗτος
1017 5005 1107 5080 ἦν.
1139 5011 1296 5066 Ἔστι
1335 5012 1392 5066 δὲ
1421 5016 1518 5070 καὶ
1551 5016 1678 5070 ἄλλο

80 5113 147 5148 τι
172 5093 432 5164 ἐννοῆσαι
457 5111 472 5127 ·
497 5097 686 5169 ἐπειδὴ
709 5100 759 5152 ot
786 5099 933 5170 ὄχλοι
957 5100 1142 5171 ἔλεγον
1168 5120 1184 5137 ο
1203 5105 1254 5158 οί
1285 5104 1406 5174 μὲν,
1451 5106 1636 5161 Ἠλίαν
1659 5125 1674 5142 ο

84 5191 142 5242 οἱ
175 5189 258 5251 δὲ.
308 5189 578 5262 Ἰερεμίαν
599 5209 611 5222 ·
641 5195 690 5246 ot
715 5194 772 5248 δὲ
803 5194 898 5248 ἕνα
939 5195 1049 5249 τῶν
1083 5199 1398 5268 προφητῶν,
1428 5201 1554 5264 τοὺς
1585 5219 1677 5254 κο-

87 5280 366 5351 ρυφαίους
417 5281 564 5352 ἄγει,
595 5283 683 5338 ἵνα
740 5285 1036 5341 κάντεῦθεν
1065 5287 1128 5342 τὸ
1157 5289 1324 5360 μέσον
1382 5291 1532 5346 ίδωσι
1569 5293 1680 5348 τῶν

81 5371 302 5425 δούλων
341 5373 436 5428 καὶ
460 5375 553 5428 τοῦ
598 5375 883 5433 δεσπότου.
917 5379 1074 5433 Μετά
1111 5379 1316 5452 ταύτην
1337 5381 1396 5436 δὲ
1427 5385 1524 5438 καὶ
1555 5387 1676 5440 ἑτέ-

85 5479 199 5536 ραν
245 5463 458 5518 ἔννοιαν
515 5465 664 5521 ἔστιν
707 5470 880 5522 εἰπεῖν
906 5486 919 5500 °
949 5468 1285 5543 ἐπειδὴγάρ
1318 5475 1556 5546 συνεχῶς
1593 5481 1679 5530 ὲν-

1782 3197 1971 3252 quem,
2005 3181 2208 3252 inquit,
2247 3181 2624 3252 completurus
2659 3190 2778 3236 erat
2815 3181 2870 3234 in
2899 3179 3205 3235 Jerusalem
3232 3182 3296 3234 “.
3337 3200 3357 3232 ι

1784 3273 1899 3330 lluc
1942 3282 2082 3341 est;
2111 3274 2541 3344 dispensationis
2596 3273 2650 3326 in
2703 3288 2868 3328 carne
2915 3283 3360 3338 sacramentum,

1783 3367 2172 3438 salubremque
2213 3368 2268 3420 in
2310 3367 2550 3436 pretiosa
2594 3365 2771 3420 Cruce
2833 3364 3162 3434 passionem.
3219 3363 3364 3420 Sane

1781 3459 1926 3514 enim
1981 3459 2424 3529 pra'monstravit
2477 3459 2682 3514 Christi
2735 3468 3187 3521 sacramentum,
3244 3467 3358 3512 tum

1781 3549 1863 3604 lex
1894 3565 1993 3619 per
2034 3549 2220 3605 Mosen
2251 3550 2398 3616 data,
2440 3557 2553 3603 tum
2607 3558 2928 3604 sanctorum
2967 3551 3358 3619 prophetarum

1779 3655 1962 3696 sermo
1992 3659 2006 3695 ι
2035 3641 2124 3694 illa
2155 3641 2404 3710 quidem,
2433 3643 2582 3696 velut
2616 3641 2728 3694 fere
2767 3641 2821 3694 in
2853 3641 3048 3696 tabella
3081 3643 3133 3694 in
3166 3641 3360 3710 ﬁguris

1782 3735 2107 3804 umbrisque
2151 3735 2454 3804 depingcns
2501 3753 2515 3788 :
2573 3735 2626 3788 hi
2677 3747 2886 3800 autem,
2945 3735 3134 3790 multis
3182 3736 3360 3790 modis

1780 3825 1899 3880 fore
1942 3827 2393 3896 praenuntiantes,
2435 3834 2495 3879 ut
2527 3829 2862 3895 quandoque
2895 3826 2950 3878 in
2997 3825 3236 3879 humana
3277 3827 3358 3878 vi-

1779 3919 1958 3974 sibilis
1992 3919 2174 3988 specie
2209 3925 2520 3988 appareret,
2556 3932 2656 3972 nec
2685 3932 2786 3986 pro
2823 3916 3068 3970 omnium
3103 3917 3278 3970 salute
3303 3927 3358 3971 et

1777 4009 1890 4064 vita
1939 4011 1993 4064 in
2051 4009 2196 4080 ligno
2229 4007 2428 4062 crucis
2483 4007 2622 4062 mori
2685 4007 3037 4060 detrectaret.
3091 4005 3181 4058 llla
3225 4021 3356 4076 ergo

1777 4101 1948 4158 Musis
2010 4101 2252 4171 Elimque
2307 4100 2642 4170 praesentia,
2701 4108 3003 4168 mutuaque
3053 4097 3352 4160 fabulatiu.

1779 4194 2124 4264 dispensatio
2151 4193 2402 4264 quaedam
2432 4202 2551 4247 erat
2583 4209 2598 4246 :
2632 4191 2686 4246 id
2723 4189 2968 4260 apertius
3001 4189 3351 4260 signiﬁcans;

1777 4287 2041 4340 nimirum
2089 4285 2295 4340 muniri
2327 4285 2621 4338 Dominum
2654 4282 2842 4338 Jesum
2882 4281 3188 4348 Christum,
3236 4281 3354 4350 lege

1781 4395 1846 4434 ac
1874 4379 2190 4448 prophetis;
2237 4378 2378 4432 velut
2421 4377 2623 4447 quibus
2673 4377 2804 4429 olim
2835 4375 2969 4444 legis
2999 4373 3262 4435 Dominus
3299 4385 3355 4430 et

1783 4471 2195 4541 prephetarum,
2237 4469 2550 4538 designatus
2593 4477 2760 4530 esset,
2805 4479 2902 4534 per
2943 4479 3007 4518 ea
3045 4479 3166 4534 qua:
3200 4476 3352 4519 utra-

1777 4576 1884 4632 que
1934 4561 2168 4614 invicem
2211 4573 2456 4615 consona
2503 4559 2556 4612 in
2611 4573 2736 4611 eum
2797 4554 3353 4625 praedixissent.'Nec

1775 4654 1922 4710 enim
1949 4669 1979 4708 ιι
2006 4653 2143 4724 legis
2173 4651 2328 4708 scitis
2375 4651 2770 4721 pmphetarum
2805 4647 3075 4702 dissident
3103 4651 3348 4706 oracula.

1776 4745 2004 4817 Hocque
2053 4743 2418 4816 signiﬁcatum
2455 4742 2716 4806 arbitror,
2751 4739 2896 4810 quod
2941 4740 3351 4796 sacratissima:

1777 4838 1982 4906 Moses,
2021 4838 2280 4907 ﬁliasque
2311 4836 2705 4906 prophetarum
2739 4831 3222 4903 praeclarissimus,
3269 4833 3352 4886 in-

1778 4931 1947 4986 vicem
1981 4931 2446 5000 colloquerentur.
2479 4927 2668 4981 Potest
2693 4927 2858 4978 etiam
2897 4923 3044 4978 aliud
3067 4924 3349 4995 quidpiam

1778 5023 2024 5093 intelligi.
2053 5010 2322 5087 Quoniam
2353 5019 2498 5072 enim
2532 5020 2703 5072 turbae
2727 5015 3001 5082 dicebant,
3050 5015 3103 5070 bi
3129 5017 3350 5087 quidem

1779 5111 1952 5167 Eliam
2003 5127 2154 5176 esse;
2207 5111 2284 5165 illi
2317 5107 2707 5174 Jeremiam“;
2755 5108 2848 5164 alii
2896 5122 3064 5163 unum
3115 5123 3181 5162 ex
3222 5123 3352 5177 pru-

1778 5204 2009 5274 phetis:
2063 5203 2268 5256 idcirco
2323 5201 2608 5270 apostolici
2651 5203 2868 5258 ordinis
2921 5201 3136 5270 capita,
3198 5213 3347 5252 sum-

1776 5309 2008 5364 mosque
2067 5293 2346 5362 principes
2393 5292 2580 5356 ducit,
2639 5304 2699 5346 ut
2746 5291 2875 5348 inde
2923 5289 3174 5346 noverint
3220 5287 3351 5358 quid

1777 5388 1920 5441 inter
1968 5400 2157 5440 servos
2195 5385 2591 5452 dominumque
2628 5384 2866 5438 intersit.
2913 5383 2992 5436 Ad
3041 5385 3156 5436 haec
3210 5395 3352 5450 quu-

1775 5495 1881 5550 que
1943 5477 2108 5531 aliam
2181 5475 2448 5529 rationem
2515 5473 2673 5530 nobis
2738 5473 2934 5528 aﬂ’erre
2989 5471 3136 5526 licet.
3211 5467 3351 5533 Quia

163 5640 348 5700 ’Luc.
381 5661 459 5712 ts,
492 5645 582 5700 27.
663 5649 702 5678 '°
730 5647 860 5702 Luc.
897 5664 935 5712 ι,
967 5648 1056 5704 37.
1139 5648 1393 5704 “Malth.
1431 5667 1538 5716 ενι,
1575 5652 1669 5707 ‘27.
1747 5655 1790 5686 "
1818 5655 1952 5710 Luc.
2013 5671 2089 5719 ix,
2151 5654 2241 5712 28.
2320 5654 2364 5686 ¹³
2417 5653 2550 5708 ibid.
2615 5655 2708 5721 '50,
2767 5654 2856 5708 5|.
2937 5653 2979 5684 ιδ
3001 5650 3195 5708 Matth.
3236 5661 3350 5719 XVI,

85 5713 186 5773 14.
