3882 6204
179 333 298 402 1253

859 327 1118 390 SERMO
1146 329 1206 389 II
1250 328 1330 389 IN
1369 327 2218 416 TRAISSFIGURATlONEM
2251 331 2320 390 D.
2357 329 2428 391 N.
2467 329 2523 390 Ι.
2557 330 2619 406 C.

3279 333 3415 401 1254

176 470 322 524 φησιν
378 453 406 504 6
452 445 930 520 σκληροτράγηλος
989 444 1275 506 Ἰουδαῖος·
1305 444 1334 496 6
1377 441 1721 511 δυσάγωγος,

1831 446 1934 500 ctis
1957 447 2240 516 apostolis,
2269 459 2324 500 ιιι
2351 462 2473 502 eum
2501 447 2726 502 audiant
2758 463 2773 500 :
2810 461 2874 501 ac
2904 446 3172 518 siquidem
3206 450 3416 504 voluis—

175 556 259 598 και
309 541 567 612 ἀπειθὴς,
609 539 705 592 καὶ
749 535 1112 606 ἀνουθέτητον
1162 535 1302 604 ἔχων
1328 535 1427 605 τὴν
1453 535 1722 608 καρδίαν;

177 635 276 688 ἰδοὺ
295 635 554 702 παρόντος
574 628 819 690 Μωσέως
834 627 862 678 6
888 625 1076 696 Πατὴρ
1101 623 1411 682 ἐντέλλεται
1421 627 1533 689 τοῖς
1551 625 1727 692 άγίοις

173 725 472 788 ἀποστόλοις
523 719 747 775 ἀκούειν
805 715 973 772 αὑτοῦ
1001 733 1015 746 ·
1041 717 1158 772 ἀλλ’
1201 715 1364 787 εἴπερ
1403 713 1473 786 ἦν
1503 715 1728 786 θελητὸν

174 817 308 888 αύτῷ
326 818 443 878 ταῖς
471 812 718 874 Μωσέως
743 809 1063 864 ἀκολουθεῖν
1097 807 1298 871 αὐτοὺς
1324 806 1726 877 ἐντολαῖς,,ἐφη

173 911 238 964 ἂν
258 910 330 961 ὅτι
355 903 612 959 πείθεσθε
640 901 720 972 τῷ
751 901 976 956 Μωσεῖ⁶
1007 901 1226 970 τηρεῖτε
1258 897 1351 950 τὸν
1376 896 1559 967 νόμον.
1589 896 1729 950 Νυνὶ

101 1045 110 1050 ,
171 1000 223 1054 δὲ
249 997 357 1052 οὐδὲ
383 994 543 1050 τοῦτό
563 1010 696 1065 φησι
724 995 752 1046 6
777 991 910 1055 Θεὸς
943 989 1038 1043 καὶ
1059 990 1252 1060 Πατήρ
1273 1002 1289 1018 °
1323 987 1438 1040 ἀλλ’
1473 987 1726 1051 ἑστῶτος,

170 1088 395 1150 Μωσέως
418 1085 516 1140 καὶ
541 1083 636 1139 τοῦ
665 1083 950 1155 προφήτου
975 1078 1141 1148 αὐτοῦ
1177 1078 1360 1145 Ἠλία,
1395 1077 1562 1131 αὐτοῦ
1593 1078 1730 1148 μᾶλ-

148 1167 254 1234 ⁶λον
283 1177 471 1240 αὐτοὺς
497 1173 719 1229 ἀκούειν
749 1171 1032 1225 ἐπιτάττει
1055 1185 1070 1200 ο
1097 1169 1185 1221 ἵνα
1217 1167 1352 1239 μηδέ
1379 1167 1730 1236 συκοφαντῆ-

169 1287 254 1323 ται
283 1266 427 1339 παρά
466 1283 631 1318 τινων
662 1265 697 1332 ἡ
731 1261 964 1332 ἀλήθεια
985 1277 1000 1292 ο
1049 1260 1322 1328 λεγόντων
1359 1259 1438 1312 ὅτι
1483 1258 1730 1322 Μωσέως

169 1357 361 1428 μᾶλλον
384 1352 583 1416 αὐτοὺς
629 1349 850 1406 ἀκούειν
895 1347 1298 1418 προτετάταχεν
1325 1347 1354 1398 ὁ
1387 1347 1600 1430 ῌατὴρ,
1633 1347 1731 1400 καὶ

167 1448 228 1500 ού
255 1444 343 1500 τοῦ
377 1446 598 1500 πάντων
625 1440 788 1513 ήμῶν
813 1439 1066 1510 Σωτῆρος
1090 1437 1354 1510 Χριστοῦ.
1392 1435 1730 1506 ’Δναγκαίως

168 1534 258 1591 οὖν
289 1537 316 1589 6
339 1533 736 1604 εὐαγγελιστὴς
780 1529 1169 1602 ἐπεσημήνατο
1207 1529 1382 1597 λέγων
1403 1547 1418 1560 ·
1447 1529 1528 1582 ὅτι
1563 1528 1620 1580 ὲν
1651 1525 1731 1598 τῷ

167 1628 410 1698 γενέσθαι
439 1626 540 1695 τὴν
576 1624 798 1695 φωνὴν,
823 1621 1022 1693 εὑρέθη
1067 1621 1274 1692 Ἰησοῦς
1311 1619 1492 1690 μόνος.
1521 1617 1732 1672 Οὐκοῦν

165 1723 251 1776 ὅτε
274 1722 376 1782 τοῖς
405 1719 584 1788 ἁγίοις
613 1715 940 1779 ἀποστόλοις
970 1717 998 1768 ὁ
1021 1714 1154 1778 Θεὸς
1183 1713 1280 1767 καὶ
1323 1711 1512 1782 Πατὴρ
1547 1712 1622 1776 ὡς
1667 1713 1732 1764 ἐκ

1827 545 1933 600 set,
1969 536 2205 592 utMosia
2231 549 2498 608 prmcepta
2535 548 2914 607 sequerentur,
2941 540 3170 595 dixisset
3194 543 3410 612 utique,

1829 637 1886 681 ut
1941 612 2076 683 Mosi
2117 630 2591 700 obtemperarent,
2627 640 2684 682 ιιι
2721 640 3005 685 servarent
3067 631 3261 701 legem.
3291 632 3412 687 Jam

1828 736 1955 776 vero
1977 721 2388 792 haudquaquam
2421 722 2470 776 id
2493 721 2631 776 Deus
2657 729 2712 774 et
2737 719 2900 776 Pater
2925 721 3078 785 dicit,
3106 723 3201 776 sed
3225 735 3414 778 astan-
3514 792 3524 796 _

1827 812 1972 868 libus
2023 813 2189 877 Mose,
2215 811 2442 883 E'iaque
2465 813 2584 880 ejus
2615 814 2903 883 propheta,
2935 823 3002 868 ut
3035 814 3190 868 illum
3234 816 3414 884 potius

1829 903 2069 970 audiant,
2099 903 2365 974 praecipit.
2410 901 2482 958 Ut
2526 919 2594 958 ne
2657 913 2836 958 autem
2873 906 3073 959 vet-itas
3107 907 3245 975 apud
3275 922 3410 960 non-

1830 994 2007 1050 nullos
2061 994 2388 1048 calumniam
2457 998 2735 1064 patiatur,
2793 995 3084 1064 dicamque
3176 995 3414 1064 jussisse

1831 1081 2042 1138 Patrem
2071 1093 2150 1148 _ut
2203 1083 2385 1138 Mosen
2451 1083 2630 1152 potius
2656 1125 2672 1149 ,
2723 1099 2831 1138 non
2872 1087 3116 1138 omnium
3154 1097 3400 1140 nostrum

1830 1171 2163 1230 Salvatorem
2211 1165 2490 1250 Christum
2525 1213 2541 1236 ,
2595 1174 2846 1228 audirent
2889 1189 2903 1227 :
2954 1175 3075 1230 ideo
3127 1176 3411 1245 s‘gnanter
3455 1223 3458 1226 .

1827 1260 2172 1331 evangelista:
2197 1261 2485 1316 dicenzlum
2525 1263 2618 1315 fuit
2639 1303 2655 1327 ,
2687 1264 2814 1317 dum
2853 1280 2951 1317 vox
2997 1267 3146 1320 lieret
3174 1306 3190 1331 ,
3218 1268 3410 1322 iuven-

1831 1360 1942 1404 tum
1977 1366 2098 1407 esse
2125 1351 2311 1408 Jesum
2355 1353 2554 1407 solum.
2587 1353 2718 1408 Cum
2754 1355 2914 1426 igitur
2959 1356 3100 1412 Deus
3127 1370 3182 1412 et
3224 1357 3406 1422 Pater,

1829 1443 1974 1497 velut
2001 1460 2068 1523 ex
2106 1445 2360 1512 nubibus,
2401 1445 2630 1514 desuper
2675 1448 2934 1516 apo-.tolis
2959 1453 3410 1523 sanctis'pt-zrei-

1831 1541 2006 1603 peret,
2057 1521 2302 1590 dicens:
2351 1555 2369 1588 ι
2433 1537 2608 1606 Ipsum
2656 1539 2861 1602 audite,
2917 1559 2935 1590 ι
2983 1521 3410 1607 ιιὶιεινιιδιυεοε,

1833 1621 1978 1678 ﬁlias
2006 1638 2112 1678 non
2169 1636 2287 1679 erat
2341 1643 2356 1692 ;
2407 1625 2564 1682 Jesus
2627 1639 2802 1682 autem
2863 1641 2980 1683 erat
3031 1631 3217 1686 solus:
3285 1649 3414 1703 ergo

1833 1715 2086 1784 praecepit
2115 1728 2171 1769 ut
2205 1715 2376 1788 ipsum
2427 1721 2697 1774 audirent.
2752 1721 2962 1776 [Etenim
3019 1723 3132 1792 ipse
3185 1725 3311 1779 linis
3359 1733 3414 1779 ct

164 1815 394 1886 νεφελῶν
417 1812 626 1870 ἄνωθεν
647 1809 965 1865 ἐνετέλλετο
976 1809 1172 1878 λέγων·
1187 1827 1205 1858 ι
1231 1805 1484 1860 Ἀκούετε
1505 1803 1695 1870 αῦτόῦ,
1710 1823 1727 1856 ι

1837 1803 1968 1874 legis
1997 1813 2050 1858 et
2101 1807 2486 1875 prophetarum
2544 1807 2610 1860 ’ἃ
2654 1807 2942 1878 Propterea
2995 1813 3156 1864 eti.un
3202 1813 3413 1882 populis

163 1904 358 1974 Μωσῆς
395 1902 494 1974 μὲν
527 1901 674 1970 ἀπῆν
704 1915 718 1930 ⁸
761 1899 949 1963 Ἠλίας
975 1899 1032 1952 δὲ
1053 1899 1114 1951 οὐ
1153 1897 1358 1968 παρῆν,
1389 1897 1550 1967 μόνος
1582 1895 1639 1949 δὲ
1663 1890 1732 1968 ἦν

160 1993 460 2065 ὀΧριστός.
521 1991 698 2046 Αὐτοῦ
751 1989 1047 2062 τοιγαροῦν
1097 1989 1321 2042 ἀκούειν
1370 1986 1728 2060 προστέταχε.

161 2085 271 2140 Καὶ
293 2084 396 2154 γάρ
425 2084 576 2136 ἐστιν
605 2081 768 2144 αὐτὸς
797 2079 952 2144 τέλος
975 2079 1143 2150 νόμου
1171 2079 1267 2132 καὶ¹
1287 2077 1606 2149 προφητῶν.
1631 2075 1730 2130 Διὰ

157 2175 434 2237 τοῦτοκαὶ
486 2175 603 2238 τοῖς
640 2172 749 2226 τῶν
792 2172 1062 2228 Ἰουδαίων
1108 2171 1304 2242 δήμοις
1334 2169 1729 2241 προσεφώνησε

157 2268 332 2335 λέγων
353 2285 366 2299 ο
419 2285 437 2318 ι
471 2265 536 2318 El.
563 2263 852 2318 πιστεύετε
891 2264 1114 2327 Μωσεῖ,
1147 2261 1508 2316 ἐπιστεύσατε
1536 2261 1602 2314 ἂν
1635 2262 1731 2314 καὶ

157 2357 305 2428 ἐμοί.
345 2357 482 2425 Περὶ
504 2355 614 2426 γὰρ
647 2354 784 2426 ἐμοῦ
822 2355 1028 2416 ἐκεῖνος
1056 2352 1316 2423 ἔγραψεν.
1357 2371 1374 2402 ι
1427 2349 1645 2420 Ἐπειδὴ
1670 2349 1729 2403 δὲ

152 2451 255 2504 καὶ
301 2447 397 2520 τὴν
425 2448 514 2501 διὰ
567 2446 664 2506 τοῦ
717 2441 998 2515 πανσόφου
1051 2443 1299 2505 Μωσέως
1354 2442 1724 2511 ἀτιμάζοντες

156 2537 398 2607 ἐντολὴν,
431 2535 629 2588 καὶτὸν
657 2534 746 2588 διὰ
770 2533 880 2587 τῶν
906 2533 1075 2600 ἁγίων
1097 2532 1394 2603 προφητῶν
1411 2529 1728 2593 ἀθετοῦντες

153 2627 314 2695 λόγον
349 2625 511 2698 μέχρι
563 2623 765 2687 παντὸς
810 2623 1178 2693 μεμενήκασι,
1213 2621 1437 2682 δικαίως
1489 2619 1729 2690 ἀπηλλο-

150 2735 182 2768 τ
193 2714 464 2786 ριώθησαν
489 2730 504 2745 ⁸
537 2715 631 2767 καὶ
661 2709 769 2766 τῶν
803 2711 904 2780 τῆς
943 2709 1217 2780 πατράσιν
1243 2709 1425 2761 αὐτῶν
1451 2707 1728 2776 ἐπηγγελ-

151 2808 334 2878 μένων
396 2803 706 2875 ἐξεώθησαν
787 2801 1031 2871 ἀγαθῶν.
1067 2819 1086 2852 ι
1141 2799 1390 2872 ’Υπακοὴ
1439 2799 1548 2868 γὰρ
1586 2798 1729 2866 ὑπὲρ

151 2898 345 2953 θυσίαν
371 2896 552 2968 ἀγαθή
578 2912 592 2928 ο
611 2897 707 2951 καὶ
725 2895 758 2966 ἡ
777 2893 1116 2964 ἐπακρόασις
1137 2891 1279 2964 ὑπὲρ
1294 2891 1462 2962 στέαρ
1477 2889 1678 2960 ἀρνῶν,
1705 2908 1722 2942 ι

149 2989 337 3055 καθὼς
385 2991 718 3060 γέγραπται.
755 2986 867 3041 Καὶ
923 2985 994 3039 τά
1050 2985 1152 3053 μὲν
1207 2983 1318 3037 τῶν
1358 2983 1632 3036 Ἰουδαίων
1669 2983 1728 3034 ἐν

146 3082 362 3145 τούτοις
385 3098 400 3112 ·
436 3082 570 3153 ἡμῖν
629 3080 688 3134 δὲ
721 3081 835 3142 τοίς
867 3076 1214 3144 ἐπεγνωκόσι
1257 3076 1360 3146 τὴν
1393 3075 1724 3144 ἐπιφάνειαν

1833 1893 2143 1962 Judteorutn
2215 1895 2425 1952 locutus
2483 1909 2586 1963 est,
2645 1900 2832 1955 dicens
2886 1916 2900 1953 :
2948 1919 2968 1951 ι
3007 1900 3062 1954 Si
3125 1903 3412 1958 ert-deritis

1833 1985 1990 2046 Mosi,
2025 1987 2154 2041 mihi
2187 1989 2374 2059 utique
2413 1990 2707 2045 crederetis
2733 2009 2747 2046 :
2777 1991 2846 2045 de
2877 2007 2962 2046 tne
2993 1993 3137 2046 enim
3169 1995 3258 2048 ille
3280 1995 3414 2048 scri-

1831 2077 1939 2147 psit
1974 2077 2041 2132 ’⁸.
2098 2095 2116 2129 ι
2151 2076 2286 2143 Quia
2348 2095 2475 2133 vero
2537 2080 2809 2135 obstinate
2855 2080 3020 2137 Mosis
3084 2097 3411 2154 praeceptum

1831 2169 2102 2236 aspernati
2137 2179 2261 2224 sunt
2291 2211 2304 2230 ,
2341 2171 2653 2241 dictumque
2709 2187 2804 2242 per
2863 2184 3084 2229 sanctos
3119 2177 3414 2246 prophetas

1830 2273 2130 2314 sermonem
2185 2260 2336 2313 nihili
2397 2277 2462 2315 ac
2516 2271 2818 2317 extremum
2892 2280 3064 2334 usque
3129 2266 3412 2330 fet-erunt,

1831 2351 2022 2405 ttterilo
2040 2352 2268 2406 abdicati
2301 2363 2465 2416 sunt,
2509 2363 2672 2424 atque
2703 2371 2732 2409 a
2783 2356 2948 2410 bouis
2977 2373 3208 2426 quorum
3234 2371 3415 2426 patres

1833 2441 2182 2510 repromissio
2208 2458 2306 2495 ent
2371 2455 2736 2511 acceperant,
2793 2445 3037 2516 depulsi,
3080 2447 3222 2502 sicut
3269 2449 3414 2501 enim

1829 2533 2090 2598 scriptum
2128 2541 2279 2586 est:
2376 2552 2393 2584 ι
2437 2533 2732 2590 ()bauditio
2817 2551 2980 2606 Super
3083 2538 3417 2593 sarrilicium

1831 2623 2050 2682 bonum.
2083 2635 2131 2677 et
2153 2625 2460 2679 obedientia
2493 2642 2656 2696 super
2683 2629 2896 2698 adipem
2959 2644 3230 2696 agnorum
3271 2630 3321 2662 “
3348 2669 3365 2684 .
3391 2648 3410 2682 ι

1831 2713 1894 2766 Et
1923 2713 2002 2767 sic
2031 2715 2248 2782 quidem
2267 2714 2494 2770 Jttdaica
2519 2718 2741 2772 ltztbettt.
2779 2716 2945 2774 Nobis
2970 2735 3121 2787 vero,
3157 2723 3252 2790 qui
3272 2710 3408 2792 ἰιεξιιε

1829 2805 2150 2872 agnovimus
2183 2809 2596 2876 apparitionetn,
2629 2821 2788 2863 erunt
2823 2809 2982 2879 plane
3011 2814 3195 2866 omnia
3232 2815 3408 2870 boni:

1828 2903 1881 2948 et
1917 2912 2011 2965 per
2051 2897 2224 2966 ipsum
2253 2897 2528 2956 Christum
2555 2940 2570 2965 ,
2606 2907 2661 2954 et
2699 2902 2765 2954 ab
2794 2902 2912 2972 ipso
2941 2943 2956 2966 ,
2986 2920 3082 2975 per
3109 2922 3267 2975 quem
3295 2945 3310 2968 ,
3360 2917 3415 2959 et

1829 3003 1950 3040 eum
1979 3003 2088 3056 quo
2114 2986 2225 3042 Deo
2251 2989 2400 3044 Patri
2434 3006 2556 3046 cunt
2595 2991 2800 3061 Spiritu
2859 3007 3072 3063 sancto,
3131 2998 3304 3070 gloria
3362 3009 3416 3055 ct

1833 3077 2139 3146 imperium,
2175 3080 2226 3132 in
2291 3083 2490 3136 satcula
2530 3083 2876 3140 saeculorum.
2921 3087 3114 3142 Amen.

146 3177 344 3244 αὐτοῦ,
374 3179 550 3231 πάντα
579 3175 796 3238 πάντως
833 3171 1068 3242 ὑπάρξει
1093 3171 1162 3226 τά
1230 3170 1416 3240 ἀγαθά
1442 3188 1456 3202 ⁸
1482 3169 1552 3224 δι’
1587 3169 1753 3224 αὑτοῦ
1791 3187 1852 3223 τε
1888 3173 1981 3224 καὶ
2020 3175 2154 3244 παρ’
2190 3173 2358 3228 αὐτοῦ
2415 3175 2512 3228 τοῦ
2555 3175 2796 3247 Χριστοῦ
2826 3196 2840 3210 ο
2901 3180 2969 3234 δι’
3013 3173 3102 3246 οὗ,
3145 3183 3242 3236 καὶ
3295 3185 3414 3254 μεθ’

142 3264 238 3336 οὗ,
263 3269 340 3340 τῷ
371 3269 490 3341 Θεῷ
523 3267 619 3322 καὶ
667 3265 846 3336 Ιιατρὶ
892 3262 1022 3328 δόξα
1066 3263 1162 3316 καὶ
1217 3263 1418 3334 κράτος
1467 3261 1564 3315 σὺν
1593 3259 1735 3330 ἁγίῳ
1775 3261 2074 3332 Πνεύματι,
2102 3266 2182 3326 είς
2243 3265 2372 3330 τοὺς
2411 3265 2614 3330 αἰῶνας
2640 3267 2748 3320 τῶν
2782 3267 3016 3324 αἰώνων.
3067 3271 3271 3343 ’Δμήν.

899 3377 976 3432 Γ’.

136 3477 250 3540 Εἰς
293 3473 416 3556 τῆς
431 3467 856 3556 ὐξερέηδεξον.
867 3468 1334 3556 μεταμάρςροξςιζ
1365 3465 1726 3556 εοῦιξίιρίοξ

219 3537 324 3668 3:2
352 3537 524 3666 0830.5
546 3537 655 3595 καί
690 3537 968 3607 Σωτῆρος
1001 3537 1176 3607 ἡμῶν
1213 3537 1410 3604 Ἰησοῦ
1466 3537 1725 3604 Χριστοῦ

305 3629 405 3683 γος
498 3649 514 3666 ο

222 3705 395 3767 Αὐτὸς
429 3703 530 3775 μὲν
556 3700 780 3757 ἑωθινοῦ
811 3701 990 3770 φωτὸς
1025 3695 1461 3770 προηγούμενος,
1483 3693 1726 3748 ἀπελαύ-

136 3817 232 3854 νει
263 3797 373 3860 τῶν
399 3794 687 3866 βλεφάρων
721 3794 812 3846 τὸν
844 3791 1036 3856 ὕπνον,
1066 3789 1160 3843 καὶ
1189 3788 1250 3842 τὸ
1277 3805 1340 3840 πε
1352 3787 1602 3862 ρίορθρον
1629 3787 1726 3856 τῆς

135 3889 372 3961 ἡμέρας
413 3888 473 3940 τὸ
513 3885 788 3954 λυκαυγὲς
820 3883 1210 3954 ἐφελκόμενον,
1239 3879 1450 3933 διαλύει
1484 3879 1588 3942 τὰς
1617 3878 1726 3933 τῶν

133 3982 378 4051 ὀνείρων
410 3978 596 4042 σκιάς
645 3977 918 4048 μαρτυρεῖ
955 3974 1014 4026 δὲ
1064 3975 1132 4044 τῇ
1169 3971 1264 4026 τοῦ
1296 3970 1428 4041 ἠοῦς
1454 3969 1728 4042 παρουσίᾳ

133 4073 258 4134 πᾶς
293 4070 444 4140 δρνις
485 4070 638 4132 ὅστις
684 4069 836 4120 ἐστὶν
866 4063 1098 4138 ᾠδικὸς,
1152 4063 1259 4135 πρὸ
1313 4064 1412 4136 τῆς
1472 4064 1726 4135 πτήσεως

130 4155 428 4228 ἐφιζάνων
475 4159 588 4220 τοῖς
631 4157 918 4226 πρέμνοις.
950 4155 993 4206 Τ
998 4155 1029 4224 ῇ
1060 4153 1170 4224 γάρ
1197 4151 1306 4206 τῶν
1335 4151 1552 4206 οἰκείων
1591 4154 1725 4206 ἀνα-

128 4248 372 4318 κινήσει
397 4247 636 4318 πτερῶν,
666 4245 1194 4316 συνεκτιναξάμενος
1211 4243 1309 4314 τὴν
1337 4242 1497 4314 σιγὴν
1525 4246 1592 4316 τῇ
1619 4243 1726 4297 ἀπὸ

123 4339 240 4394 τοῦ
268 4339 445 4393 ῦπνου
479 4339 771 4410 χαυνότητι
800 4377 815 4400 ,
843 4341 902 4390 ἐν
926 4338 1004 4408 τῷ
1037 4337 1220 4408 ὄρθρῳ
1241 4335 1338 4407 τὴν
1363 4337 1558 4390 ἀκτῖνα
1588 4353 1725 4406 προ-

121 4432 362 4485 δλέπει.
400 4430 512 4484 Καὶ
540 4431 668 4492 τοὺς
707 4429 785 4482 ἔτι
831 4427 1198 4490 καθεύδοντας
1223 4465 1238 4492 ,
1271 4427 1360 4481 διά
1392 4428 1490 4496 τῆς
1520 4427 1724 4490 οἰκείας

118 4523 359 4594 ἐγείρει
414 4524 621 4592 φωνῆς.
671 4521 776 4574 Τὸν
811 4520 976 4574 αὑτὸν
1007 4518 1207 4590 τρόπον
1235 4517 1329 4571 τοῦ
1363 4516 1723 4586 εὓσγγελικοῦ

113 4613 330 4683 φωτὸς
369 4613 462 4666 τὸν
510 4611 614 4682 τῆς
659 4609 1046 4681 οἰκουμενικῆς
1081 4608 1409 4680 Ἐκκλησίας
1450 4607 1724 4680 περιλάμ-

1835 3463 1900 3520 In
1923 3465 2362 3536 gloriosissimam
2420 3467 2635 3523 Domini
2675 3480 2724 3524 et
2768 3469 2867 3524 Dei
2893 3483 2940 3526 et
2982 3471 3276 3528 Saluatoris
3317 3494 3410 3532 κου
3491 3498 3500 3507 ·

1951 3538 2052 3590 atri
2073 3534 2201 3590 Jan
2233 3535 2433 3592 Christi
2461 3541 2987 3611 transﬁgurationem
3011 3546 3183 3598 oratio
3217 3545 3304 3600 ιι.

1902 3692 2155 3746 Matotini
2183 3693 2407 3747 luminis
2427 3694 2638 3763 primus
2679 3696 2940 3765 splendor
2995 3714 3250 3754 somnum
3305 3707 3417 3772 pal~

1833 3783 2016 3852 pebris
2041 3783 2230 3850 abigit,
2281 3785 2720 3854 productumque
2781 3789 2886 3842 diei
2940 3796 3268 3846 matutinum
3295 3811 3414 3850 cte-

1835 3873 2122 3943 pusrulum
2147 3875 2482 3928 somniorum
2503 3875 2750 3928 dissolvit
2772 3877 2998 3932 umbras
3015 3923 3028 3945 ,
3049 3895 3264 3934 aurci-ac
3285 3897 3410 3934 vero

1833 3962 2152 4026 adventum,
2171 3977 2374 4018 canora
2393 3964 2574 4019 omnis
2595 3965 2714 4019 avis
2738 3980 2768 4019 a
2818 3967 3098 4036 stipitibus
3137 3972 3404 4041 ramisque

1832 4061 1960 4110 ante
1983 4055 2226 4110 volatum
2283 4055 2537 4126 pendula,
2595 4064 2852 4110 testatum
2903 4057 3053 4116 facit.
3107 4058 3220 4115 Una
3259 4063 3404 4116 enin:

1833 4162 1956 4202 cum
1987 4146 2210 4203 inducta
2237 4163 2434 4202 somno
2461 4147 2707 4214 mollitie,
2735 4165 3033 4218 pennarum
3060 4137 3403 4224 quassatiom:

1831 4240 2070 4296 decusso
2096 4240 2337 4306 silentio,
2377 4240 2709 4294 matutinum
2747 4243 2960 4296 radium
2997 4245 3218 4314 exeipit,
3249 4259 3410 4300 voce-

1830 4347 1937 4402 que
1965 4331 2335 4401 ohstrepente,
2367 4333 2546 4386 adhuc
2568 4333 2968 4390 dormientibus
3013 4350 3264 4391 somnum
3291 4338 3410 4392 adi-

1830 4424 1948 4478 mit.
1982 4422 2075 4478 Sic
2131 4423 2312 4494 plane,
2353 4423 2610 4478 Ecclesiae
2653 4425 2978 4482 universalis
3037 4427 3410 4493 domo,evan-

1829 4515 1988 4587 gelici
2021 4514 2246 4570 luminis
2301 4515 2576 4570 illustrata
2609 4514 2949 4585 fulgoribus,
3001 4519 3259 4574 abscedat
3289 4523 3408 4590 qui-

1830 4609 1951 4663 dem
1971 4623 2073 4664 ceu
2095 4623 2202 4662 nox
2229 4607 2504 4678 quaedam,
2524 4609 2754 4678 ignavia:
2775 4610 2985 4680 caligo:
3011 4626 3073 4666 ac
3107 4628 3237 4667 vero
3262 4615 3404 4668 haud

107 4710 352 4779 ψαντος
399 4701 582 4758 οἶκονο
633 4701 994 4774 ὑποχωρείτω
1047 4701 1146 4773 μὲν
1176 4699 1367 4773 ὥσπερ
1406 4697 1506 4764 νὺξ
1549 4701 1582 4770 ἡ
1624 4698 1725 4768 τῆς

1831 4715 1992 4754 secus
2038 4713 2104 4754 ac
2147 4699 2558 4754 tabernaculum
2623 4699 2791 4754 ﬁxum
2851 4700 2904 4755 in
2955 4702 3186 4768 somnis,
3246 4703 3406 4757 inane

108 4797 429 4873 ῥᾳθυμίας
472 4795 681 4867 ἀχλύς·
754 4795 910 4848 πᾶσα
957 4793 1015 4847 δὲ
1065 4792 1270 4864 σπουδὴ
1329 4793 1726 4864 ματαιότητος,

1832 4805 1996 4846 omne
2044 4791 2383 4860 stultumque
2440 4791 2682 4846 Studium
2724 4793 3070 4862 dispellatur;
3114 4793 3406 4848 divinitus-

101 4889 405 4960 καθάπερ
443 4889 640 4960 ὀνείρῳ
702 4889 944 4956 παγεῖσα
985 4885 1290 4940 διαλυέσθω
1335 4885 1543 4956 σκηνή·
1581 4887 1644 4938 ἐκ
1675 4884 1727 4938 δὲ

1831 4897 1934 4952 que
1964 4881 2242 4953 inspirane
2262 4883 2648 4954 magistrorum
2697 4884 2984 4940 cantilenae
3018 4885 3085 4940 de
3125 4885 3408 4943 altissimis

91 4980 245 5035 τῶν
279 4979 642 5049 ὑψηλοτάτων
673 4977 766 5032 τοῦ
799 4979 1046 5050 βήματος
1093 4977 1352 5048 πρέμνων
1398 4975 1726 5029 κελαδείτω-

97 5088 239 5126 σςκν
289 5071 353 5124 αἱ
403 5070 751 5124 θεόπνευστοι
795 5070 903 5124 τῶν
937 5069 1283 5123 διδασκάλων
1333 5067 1504 5139 ᾠδαὶ,
1533 5069 1600 5139 τῇ
1633 5067 1726 5122 τοῦ

87 5163 472 5230 ἐπουρανίου
493 5161 870 5234 μαρτυροῦσαι
893 5160 1166 5232 παρουσίᾳ
1193 5159 1394 5230 φωτός.
1422 5159 1582 5212 Ἀλλὰ
1611 5162 1725 5222 τοῖς

95 5257 240 5330 μὲν
276 5253 497 5324 ὄρνισιν
526 5255 744 5325 ἄσημος
779 5257 812 5326 ἡ
853 5252 1029 5325 φωνὴ,
1081 5253 1430 5322 διεγείρουσα
1462 5253 1587 5316 τοὺς
1621 5269 1724 5305 νω-

85 5347 312 5419 θροὺς
343 5345 481 5416 πρὸς
507 5348 837 5418 ἐγρήγορσιν
863 5361 878 5376 ·
907 5347 965 5399 ἐν
997 5346 1054 5398 δέ
1092 5347 1205 5407 τοῖς
1231 5341 1573 5406 διδασκάλοις
1603 5343 1724 5394 ἐπί-

87 5453 325 5506 σημος
359 5439 392 5507 ἡ
429 5435 524 5489 τοῦ
571 5435 785 5490 Παύλου
818 5436 972 5507 φωνή
995 5452 1010 5467 ο
1047 5455 1065 5487 ι
1105 5435 1168 5487 Ἦ
1199 5433 1317 5500 νὺξ,
1361 5432 1560 5503 βοῶσα,
1593 5449 1723 5502 προ-

85 5529 382 5599 έκοῷεν·
417 5531 534 5602 ἡδὲ
561 5531 742 5602 ἡμέρα
785 5531 1003 5601 ἧγγικε.
1048 5549 1065 5582 ι
1105 5529 1242 5581 Ποία
1295 5527 1570 5598 προέκοψε
1603 5526 1721 5594 νὺξ,

1827 4984 2086 5031 resonent
2144 4987 2434 5048 suggestus
2471 4980 2664 5042 ramis,
2701 4993 2766 5033 ac
2795 4979 3039 5034 etelestis
3067 4979 3292 5037 luminis
3333 4990 3407 5037 te-

1827 5079 2046 5124 stentur
2111 5070 2429 5124 adventum.
2475 5069 2768 5126 Atavibus
2820 5070 3038 5142 quidem
3093 5074 3256 5128 missa
3279 5090 3406 5140 vos,

1823 5175 2138 5230 quanquam
2173 5177 2282 5218 non
2313 5161 2590 5223 distincta,
2610 5162 2793 5233 pigros
2815 5163 2880 5217 ad
2902 5164 3142 5232 vigiliam
3165 5164 3364 5218 excitat
3389 5181 3403 5227 ;

1823 5253 1878 5306 in
1911 5253 2188 5325 magistris
2225 5264 2430 5319 autem,
2461 5262 2610 5308 certa
2632 5264 2714 5310 est
2739 5270 2803 5308 ac
2831 5254 3090 5309 distincta
3117 5254 3282 5307 Pauli-
3307 5267 3404 5306 vox

1823 5345 1913 5398 illa
1943 5344 2186 5398 clamans
2213 5384 2228 5408 ,
2260 5361 2278 5395 ι
2317 5342 2429 5398 Nox
2462 5346 2776 5414 praecessit;
2815 5346 2932 5400 dies
2973 5355 3153 5400 autem
3207 5359 3404 5412 appro-

1826 5438 2105 5509 pinq'tavit
2131 5437 2197 5490 ’⁷.
2238 5455 2256 5487 ι
2319 5437 2450 5502 Quae
2480 5453 2582 5490 nox
2625 5439 2714 5492 illa
2755 5438 3052 5506 nato-ssit,
3075 5451 3107 5488 ο
3135 5446 3190 5489 ιιι
3220 5433 3404 5487 Eccle-

1827 5531 1922 5584 siae
1948 5513 2242 5600 magister;
2276 5547 2463 5600 quaeve
2497 5531 2958 5601 appropinquavit
2998 5527 3150 5584 dies?
3189 5526 3402 5601 Ergone

198 5730 256 5762 ³⁸
293 5727 466 5785 Rom.
499 5744 555 5796 ι,
579 5728 632 5784 ι.
709 5730 754 5763 ’³
789 5728 948 5785 Joan.
983 5743 1034 5796 ν,
1065 5726 1154 5782 46.
1231 5727 1278 5758 ⁸⁵
1305 5727 1322 5779 l
1353 5725 1484 5797 Reg.
1510 5741 1609 5794 xv,
1635 5725 1725 5779 2'2.

1831 5726 1848 5756 ⁷
1886 5722 2274 5797 Βυιιιαιιῌὲ.
