3882 6204
416 341 438 404 1
449 343 556 405 ἶ·’55

1513 331 1606 390 ΡΑ
1613 327 1959 396 NTALEON
1970 329 2020 388 IS

2129 327 2413 388 lIACONI
2465 327 2580 388 ΟΡ.
3539 327 3667 391 1256

415 444 817 518 caliginosioris
841 440 1102 512 temporis
1149 435 1351 494 detenti
1389 437 1712 502 commodis,
1750 436 1894 490 velut
1924 449 1992 490 ex

2129 453 2143 486 ›
2197 435 2298 504 τῆς
2360 431 2692 502 Ἐκκλησίας
2747 430 3075 496 διδάσκαλε,
3141 433 3270 485 ποία
3321 431 3382 486 δέ
3444 432 3670 503 ηγγικεν

410 551 594 604 nocte,
626 539 824 592 diurno
850 533 1040 588 lumini
1066 529 1544 601 propinquamus?
1571 527 1883 591 Enimvero,
1917 527 1998 580 si-

413 631 636 701 quidem
667 626 897 680 mutatio
940 636 1271 692 temporum,
1308 621 1579 674 malorum
1612 617 1792 674 effecit
1821 629 2002 672 mula-

419 725 642 784 tionem,
669 718 812 788 quod
843 714 1062 786 quidem
1096 711 1552 783 appropinquavit
1583 721 1830 784 tempus,
1859 723 2002 778 prm—

418 815 578 868 terito
629 811 824 864 melius
884 807 1076 871 evasit,
1117 805 1388 858 humanae
1425 819 1554 858 vero
1613 811 1820 856 natura:
1865 799 2004 854 nihil

419 905 598 960 laudis
665 901 920 963 accessit,
962 913 1086 954 cum
1135 898 1252 966 ipsa
1285 895 1514 949 nihilex
1564 895 1674 948 alia
1737 893 1791 947 in
1839 892 2002 945 aliam

419 999 698 1050 demutata
754 994 846 1046 sit.
913 992 1120 1062 Apage,
1174 990 1371 1059 inquit.
1415 987 1670 1040 Scientiaa
1730 999 1832 1054 ego
1877 983 2005 1038 illu-

423 1090 782 1150 strationcm,
827 1099 938 1138 non
1003 1081 1265 1150 temporis
1328 1079 1539 1148 lapsum
1590 1075 1890 1131 edissero:
1942 1087 2008 1128 ac

426 1177 576 1235 velut
628 1178 890 1233 diuturno
933 1174 1178 1244 sepultus
1223 1185 1440 1236 somno,
1482 1171 1665 1239 pigros
1697 1166 2002 1222 exsuscita.

497 1477 634 1535 Nam
659 1487 714 1532 et
745 1477 846 1547 ipsi
908 1475 1116 1531 fuimus
1145 1491 1286 1539 nox;
1331 1489 1476 1530 nunc
1505 1483 1685 1528 autem
1719 1483 2007 1542 postquam

428 1573 709 1628 induimus
737 1571 1038 1630 Christum,
1065 1567 1170 1620 diei
1215 1567 1375 1621 nobis
1419 1563 2005 1636 congruitappellatio.

433 1681 455 1714 ε
497 1663 726 1716 Eramus
769 1661 912 1714 enim
951 1658 1252 1728 aliquando
1311 1658 1582 1722 tenebrae;
1629 1671 1774 1710 nunc
1823 1662 2006 1708 autem

430 1755 523 1808 lux
573 1755 627 1806 in
681 1753 912 1806 Domino
939 1751 1006 1803 ⁸³.
1046 1769 1065 1801 ι
1119 1749 1451 1803 Benedictus
1501 1763 1583 1813 es,
1631 1746 1869 1810 Christe,

429 1861 590 1913 quem
636 1845 799 1898 homo
848 1844 988 1898 lucis
1038 1841 1506 1910 nuncupationem
1545 1847 1882 1894 consecutus
1906 1844 2008 1916 est.

432 1934 760 1989 Benedictus
793 1949 876 1995 es,
907 1932 1144 1998 Christe,
1182 1947 1278 1999 per
1329 1945 1488 2000 quem
1527 1931 1765 1983 humana
1817 1931 2009 1981 natura

434 2036 684 2080 mutuum
725 2025 832 2078 Deo
867 2025 1240 2078 indumentum
1276 2021 1528 2091 prmbuit.
1563 2019 1767 2090 Deique
1815 2030 2012 2099 natura

434 2118 690 2171 humanae
734 2115 1058 2172 substantiae
1123 2129 1418 2185 personam
1489 2127 1552 2166 ac
1595 2113 2012 2168 subsistentiam

435 2211 646 2264 tribuit.
690 2205 1018 2263 Benedictus
1067 2223 1148 2268 es,
1201 2205 1438 2269 Christe,
1469 2220 1564 2273 per
1595 2219 1757 2275 quem
1792 2204 2015 2260 exstin-

436 2303 622 2370 guitur
653 2317 836 2370 paena,
859 2298 1061 2367 judicis
1087 2297 1152 2351 ad
1179 2311 1302 2352 reos
1338 2296 1508 2350 verita
1539 2293 1887 2364 cognationis
1917 2308 2016 2348 ne-

438 2392 848 2446 cessitudinem.
888 2388 1210 2442 Benedictus
1239 2402 1318 2452 es,
1347 2387 1598 2451 Christe;
1635 2395 1691 2440 tu
1733 2386 1878 2439 enim
1910 2383 2018 2438 Lu-

432 2496 563 2535 men
627 2496 813 2534 verum
877 2479 1174 2541 exsistcns,
1210 2477 1570 2532 humanitatis
1631 2459 2019 2545 subingressus

432 2573 740 2638 luci-ruam,
799 2571 922 2624 oleo
973 2571 1192 2640 quidem
1243 2567 1501 2638 Spiritus,
1553 2577 1765 2622 natura:
1819 2569 2022 2636 impiu-

442 2661 623 2728 guasti
654 2658 991 2728 elychnium,
1030 2657 1334 2726 spiritualis
1391 2655 1570 2724 ipsum
1627 2655 1814 2725 glorias
1835 2655 2022 2724 splen-

441 2751 580 2804 dore
626 2751 974 2814 accendens;
1037 2749 1280 2802 humano
1329 2756 1512 2801 autem
1571 2748 1794 2802 vasculo
1840 2757 2023 2800 creata

441 2839 783 2906 illuminasti,
814 2840 1098 2894 illustrans
1130 2838 1414 2910 paululum
1457 2853 1576 2892 eam
1613 2837 1940 2906 lampadem,
1967 2835 2022 2890 in

443 2947 606 3002 quam
647 2946 748 2985 nec
805 2930 1020 2995 Petrus,
1060 2945 1158 2983 nec
1200 2929 1463 2993 Jacobus,
1503 2943 1603 2982 nec
1631 2925 1896 2992 Joannes,
1926 2928 2028 2981 hu-

443 3019 622 3073 manis
657 3019 832 3073 oculis
871 3019 993 3071 ausi
1019 3026 1149 3072 sunt
1177 3017 1459 3086 aspicere;
1487 3017 1672 3086 potius
1707 3030 1834 3068 vero
1866 3013 2023 3084 proni

2101 527 2318 598 ἡμέρας
2343 523 2488 597 1Ἀριι
2515 525 2707 588 νυκτὸς
2734 522 3169 594 ζοφωδεστέραις
3197 525 3558 595 κατεχόμενοι
3589 526 3672 578 εὐ·

2103 619 2345 689 ετηρίαις
2372 616 2636 682 malm-rb;
2665 617 2728 667 ἐκ
2752 615 2945 677 νυκτὸς
2973 615 3223 686 ἡμερινῷ
3255 615 3398 682 φωτί
3433 631 3671 683 προσπε-

2102 709 2374 780 λάζομεν;
2410 707 2529 763 ἀλλ’
2558 710 2606 760 εί
2635 707 2744 776 ἄρα
2784 707 2818 774 ἡ
2863 703 2973 757 τῶν
3013 704 3220 775 καιρῶν
3253 703 3551 774 ἐναλλαγὴ,
3580 703 3672 773 τὴν

2103 805 2213 856 τῶν
2233 788 2432 856 ⁴κακῶν
2456 798 2758 869 ἐναλλαγὴν
2788 797 3189 868 ἀπειργάσατο,
3205 799 3235 848 ό
3267 797 3368 865 μὲν
3386 795 3675 866 προσεγγί-

2107 909 2206 952 ea;
2255 892 2447 963 χρόνος
2498 888 2592 942 τοῦ
2646 887 3040 958 παρῳχηκότος
3098 885 3324 955 βελτίων
3361 885 3672 954 γεγένηται,

2105 984 2282 1045 οὐδεὶς
2309 983 2366 1036 δὲ
2401 981 2500 1052 τῆς
2529 979 2878 1051 ἀνθρωπίνης
2920 977 3289 1048 προσγέγονεν
3321 975 3550 1038 ἔπαινος
3579 976 3676 1044 φύ-

2109 1066 2283 1137 σέως·
2337 1071 2430 1140 ἀφ’
2475 1071 2666 1140 ἐτέρου
2722 1070 2798 1140 μὴ
2853 1067 3285 1138 μεταϐληθείσης
3344 1069 3424 1129 είς
3470 1067 3676 1136 ἓτερον.

2112 1164 2326 1232 Ἀπαγὲ
2363 1178 2560 1232 φησιν·
2607 1161 2669 1213 οὐ
2702 1161 2895 1231 χρόνον
2933 1159 3285 1228 μετάπτωσιν
3308 1172 3323 1187 ·
3358 1155 3498 1208 ἀλλά
3543 1157 3678 1223 γνὼ-

2109 1271 2246 1316 σεως
2291 1253 2559 1322 ἔλλαμψιν
2603 1249 2913 1320 διαγορεύω
2954 1248 3098 1316 ἐγόν
3145 1249 3240 1300 καὶ
3279 1247 3357 1310 ὡς
3405 1248 3507 1298 ἐπὶ
3547 1249 3676 1302 πολὺ

2101 1344 2476 1437 1καθεύδοντας
2509 1342 2635 1405 τοὺς
2665 1340 2944 1412 ῥᾳθύμους
2974 1337 3276 1408 ἐφυπνίζω.

2179 1433 2344 1486 Αὐτοὶ
2399 1433 2506 1501 γὰρ
2555 1435 2650 1484 καὶ
2691 1429 2788 1494 νύξ
2825 1426 3003 1500 ἦμενο
3045 1427 3138 1480 καὶ
3185 1427 3278 1480 νῦν
3308 1425 3400 1480 τὸν
3448 1426 3682 1498 Χριστδν

2111 1525 2485 1596 ἐνδυσάμενοι,
2511 1526 2577 1594 τῇ
2611 1521 2952 1593 προσηγορίᾳ
2980 1521 3078 1589 τῆς
3104 1519 3319 1590 ἡμέρας
3343 1521 3681 1590 ἀρμόζομεν.

2111 1612 2294 1686 Ἦμεν
2326 1615 2434 1686 γάρ
2468 1631 2598 1666 ποτε
2649 1613 2836 1674 σκότος
2859 1625 2874 1638 ⁸
2923 1611 3018 1664 νῦν
3045 1611 3102 1664 δὲ
3141 1611 3258 1680 φῶς
3308 1613 3368 1664 ἐν
3412 1611 3628 1681 Κυρίῳ.
3661 1630 3679 1663 ι

2114 1704 2419 1773 Εὐλογητὸς
2448 1700 2517 1768 εἷ,
2551 1701 2775 1772 Χριστὲ,
2807 1701 2876 1754 δι’
2909 1700 2968 1754 ὃν
3001 1701 3287 1770 ἅνθρωπος
3313 1702 3686 1771 προσηγόρευ-

1915 1759 2010 1865 Ξῗτ
2044 1776 2087 1832 Β
2111 1815 2204 1850 ται
2245 1759 2720 1865 ἐπιθῶ-Εὐλογητὸς
2761 1759 2854 1859 νεῖ,
2888 1759 3128 1864 Χριστέ,
3158 1791 3224 1844 δι’
3267 1759 3329 1844 δν
3356 1759 3686 1861 magna“,

2115 1889 2278 1958 φύσις
2312 1886 2584 1939 ἐδάνεισεν
2635 1884 2840 1955 ἔνδυμα
2881 1883 3022 1953 Θεῷ,
3077 1883 3174 1936 καὶ
3214 1881 3352 1935 Θεοῦ
3396 1882 3565 1949 φύσις
3601 1885 3687 1934 ἀν.

2117 1977 2464 2048 θρωπότητος
2505 1974 2663 2046 οὐσίᾳ
2694 1973 2992 2044 περιέθηκε
3025 1971 3342 2042 πρόσωπον.
3380 1971 3688 2042 Εὐλογητὸς

2116 2065 2186 2134 εἴ,
2221 2068 2443 2140 Χριστέ,
2478 2067 2546 2120 δι’
2575 2066 2634 2119 ὃν
2666 2066 2954 2118 σϐέννυται
2993 2063 3236 2128 κόλασις,
3265 2063 3567 2133 αἰδουμένη
3597 2062 3689 2130 τὴν

2114 2162 2210 2215 τοῦ
2268 2159 2527 2214 δικαστοῦ
2577 2159 2713 2230 πρὸς
2772 2159 2895 2221 τοὺς
2954 2157 3282 2218 καταδίκους
3343 2155 3685 2224 συγγένειαν.

2118 2253 2426 2321 Εὐλογητὸς
2455 2247 2526 2312 εἷ,
2551 2249 2757 2320 Χριστὲ
2777 2267 2790 2280 ο
2823 2247 3027 2318 σύ.γὰρ
3056 2246 3134 2300 ὢν
3155 2247 3215 2299 τὸ
3245 2246 3366 2309 Φῶς
3407 2245 3474 2298 τὸ
3503 2244 3688 2318 άληθιο

2119 2345 2206 2398 νδν
2234 2384 2248 2406 .
2307 2341 2642 2396 ὐπεισελθὼν
2703 2341 2796 2394 τὸν
2844 2339 2946 2409 τῆς
3009 2337 3431 2408 ὰνθρωπότητος
3479 2336 3685 2407 λύχνον,

2120 2434 2484 2497 κατελίπανας
2548 2434 2648 2504 μὲν
2698 2432 2778 2503 τῷ
2835 2429 2930 2484 τοῦ
2985 2428 3306 2500 Πνεύματος
3371 2427 3544 2498 ἐλαίῳ
3600 2429 3687 2495 τὴν

2121 2525 2414 2597 θρυαλλίδα
2441 2525 2541 2596 τῆς
2569 2525 2806 2592 φύσεως,
2842 2521 3059 2592 ἐφάψας
3088 2521 3168 2590 τῷ
3193 2520 3295 2588 τῆς
3319 2517 3683 2588 πνευματικῆς

2122 2619 2520 2687 ἀπαυγάσματι
2557 2616 2717 2686 δόξης
2736 2631 2752 2646 ο
2792 2615 2860 2668 δι’
2889 2613 3234 2682 ἀνθρωπίνου
3261 2611 3316 2663 δὲ
3345 2609 3578 2670 σκεύους
3598 2609 3684 2679 τὴν

2125 2711 2304 2764 κτίσιν
2354 2707 2650 2778 ἐιεώτισας,
2710 2705 2916 2775 ταύτην
2950 2705 3237 2774 ἐκλάμψας
3284 2703 3388 2772 τὴν
3439 2701 3686 2768 λαμπάδα

2130 2800 2348 2872 μικρὸν,
2381 2798 2448 2869 ἢν
2471 2798 2533 2851 οὐ
2565 2797 2769 2866 Πέτρος
2790 2834 2806 2861 ,
2837 2796 2938 2848 οὐκ
2979 2794 3268 2855 Ἰάκωϐος,
3300 2793 3405 2844 οὐκ
3447 2790 3690 2857 Ἰωάννης

2129 2893 2258 2946 ἰδεῖν
2295 2889 2591 2960 ὀφθαλμοῖς
2623 2887 2986 2958 ἀνθρωπίνοις
3009 2886 3324 2956 ἐτόλμησαν
3344 2899 3360 2912 ⁵
3391 2881 3522 2935 ἀλλά
3543 2897 3686 2952 πρη-

2125 2983 2240 3046 νεῖς
2268 2981 2526 3043 πεσόντες
2576 2982 2626 3032 οἱ
2667 2979 2778 3033 τῶν
2829 2976 3092 3048 μαθητῶν
3127 2975 3460 3046 ἀκρὲμονες,
3485 2971 3690 3042 ὡμολό-

443 3064 621 3073 ""‘""
659 3064 831 3073 "“'"'
871 3064 993 3071 ’“’“”“
1020 3064 1149 3072 ⁷“”“*
1177 3064 1421 3086 _‘r""'
1441 3064 1459 3082 1·
1487 3064 1670 3086 r"“"
1717 3064 1725 3067 ‘
1745 3064 1788 3068 "
1810 3064 1828 3068 '
1867 3064 1916 3084 r'
1940 3064 2020 3068 -“““

442 3112 499 3166 in
531 3121 756 3175 terram,
790 3109 974 3180 magni
1003 3109 1081 3162 illi
1117 3109 1429 3178 suinmiqne
1471 3109 1525 3162 in
1550 3105 1834 3177 discipulis
1865 3106 2020 3171 rami,

2129 3091 2306 3146 γησαν
2328 3073 2422 3128 τοῦ
2451 3071 2630 3144 φωτὸς
2654 3072 2716 3124 τὸ
2746 3069 3062 3142 ἀπρόσιτον.
3089 3067 3330 3128 Τούτους
3359 3066 3473 3136 γάρ
3495 3064 3688 3132 autpec-

445 3203 831 3258 inaccessibile
889 3202 1074 3257 lumen
1118 3199 1353 3271 professi
1400 3208 1549 3255 sunt.
1603 3196 1714 3253 Hos
1746 3197 1890 3252 enim
1919 3195 2025 3251 Do-

445 3295 652 3359 minus,
703 3293 945 3348 ctelestis
1003 3293 1154 3347 vocis
1191 3291 1473 3346 auditores
1507 3301 1844 3359 assumptos,
1868 3289 2027 3344 efful-

448 3393 605 3454 gente
623 3399 720 3436 sua
753 3383 948 3452 gloria,
990 3381 1248 3435 latentem
1281 3380 1484 3435 sensim
1532 3380 1872 3434 divinitatem
1898 3379 2026 3434 sub-

396 3501 403 3508 -
451 3473 721 3535 revelatis,
751 3481 920 3526 testes
958 3472 1142 3526 ﬁdeles
1185 3474 1389 3527 habere
1421 3471 1613 3539 voluit,
1650 3481 1709 3526 ut
1772 3473 2029 3543 adjuncto

449 3564 678 3618 auribus
715 3571 946 3631 patrono
987 3563 1168 3629 oculo,
1201 3563 1333 3618 orbe
1359 3571 1470 3618 toto
1499 3563 1647 3618 clara
1684 3579 1748 3618 ac
1775 3572 2028 3618 contenta

452 3672 601 3716 voce.
642 3657 791 3709 nulla
825 3656 1011 3725 requie
1034 3655 1334 3712 clamarent
1359 3674 1372 3711 :
1403 3673 1422 3706 ι
1451 3656 1603 3724 Quod
1633 3655 1733 3711 fuit
1759 3656 2026 3718 abinitio,

452 3749 597 3818 quod
631 3749 967 3811 audivimus.
995 3749 1139 3818 quod
1187 3749 1424 3804 vidimus
1456 3748 1633 3804 oculis
1662 3749 1867 3803 nostris
1901 3748 1968 3803 ’⁸.
2006 3767 2024 3799 ι

523 3837 716 3908 Operae
747 3854 879 3892 vero
913 3839 1140 3908 pretium
1167 3837 1353 3904 fuerit,
1379 3848 1439 3893 ut
1461 3839 1641 3893 medio
1667 3853 1920 3894 sermone
1945 3839 2030 3892 in-

455 3937 692 3998 tercepta
725 3927 973 3992 historia,
1001 3929 1175 3998 ipsam
1214 3929 1554 3999 exponendo,
1588 3945 1694 3982 una
1719 3944 1843 3983 cum
1875 3929 2034 3984 disci-

455 4021 708 4089 pulorum
787 4019 1138 4090 principibus
1203 4017 1608 4082 ascendamus,
1679 4019 2032 4087 magniloquo

456 4111 820 4180 obsequentes
868 4110 1040 4176 Isaiae,
1067 4110 1303 4164 dicenti:
1345 4127 1364 4161 ι
1408 4107 1626 4174 Venite,
1668 4111 2034 4164 ascendamus

457 4201 510 4256 in
543 4212 777 4254 montem
833 4199 1044 4254 Domini
1081 4198 1148 4250 ³ο.
1189 4216 1208 4248 ›
1266 4197 1644 4252 Ascendamus
1694 4205 1900 4263 autem,
1925 4211 2032 4250 non

456 4309 580 4348 cum
612 4293 812 4346 sudore
852 4305 950 4343 nec
1007 4288 1208 4342 dillicili
1257 4287 1428 4342 halitu
1463 4287 1528 4341 ad
1570 4287 1740 4340 ardua
1777 4287 2036 4341 festinato

455 4381 884 4442 contendentes;
945 4379 1040 4434 sed
1099 4387 1380 4432 vacantem
1432 4379 1806 4448 quietumque,
1857 4379 2036 4432 susci-

457 4472 923 4542 piendisiis,qua:
947 4471 1176 4525 dicenda
1219 4479 1368 4532 sunt,
1408 4470 1650 4523 animum
1691 4469 2031 4524 inducentes.

456 4573 533 4622 Ac
556 4567 790 4637 primum
817 4563 1036 4634 quidem
1077 4563 1364 4633 explicatis
1419 4563 1622 4617 divinis
1669 4560 1851 4616 Libris
1884 4571 2029 4614 tum-

459 4674 563 4727 que
591 4659 817 4712 intentis
842 4657 894 4709 in
925 4671 1137 4710 sacram
1171 4653 1647 4716 Litteramoculis,
1677 4652 1947 4720 repositas
1979 4652 2029 4702 in

459 4761 522 4798 ea
544 4745 762 4798 divitias
807 4751 1232 4798 contrcctemus.

534 4853 554 4884 ι
597 4835 866 4899 Assumit,
914 4835 1112 4902 inquit,
1164 4831 1324 4887 Jesus
1380 4831 1618 4895 Petrum,
1647 4840 1700 4884 et
1741 4828 2031 4896 Iacobum,

459 4932 516 4977 et
543 4923 812 4978 Joannem
850 4925 1072 4978 fratrem
1105 4923 1260 4992 ejus:
1304 4932 1358 4974 et
1378 4921 1528 4974 ducit
1555 4921 1677 4973 illos
1706 4919 1760 4972 in
1795 4928 2032 4972 montem

462 5017 736 5072 excelsum
755 5030 1000 5070 seorsum
1023 5032 1038 5069 :
1059 5023 1110 5068 et
1125 5016 1544 5082 transﬁguratus
1569 5019 1654 5064 est
1675 5023 1800 5064 ante
1819 5025 1914 5066 eos
1933 5011 1996 5065 ³¹.
2012 5029 2030 5063 ι

464 5105 706 5160 Primum
762 5110 942 5156 autem
981 5101 1027 5155 si
1097 5099 1265 5162 lubet,
1327 5113 1424 5152 cur
1480 5099 1652 5152 tribus
1683 5098 1802 5154 istis
1827 5108 2034 5154 tantum

464 5197 787 5267 assumptis,
839 5193 1118 5262 apostolos
1163 5192 1404 5262 reliquos
1449 5191 1709 5256 dimittat,
1737 5191 2036 5246 videamus.

466 5289 595 5344 Erat
634 5285 900 5342 revelatio
946 5299 1067 5354 qua:
1133 5285 1362 5338 multum
1439 5267 1707 5339 incuteret
1751 5283 2038 5350 timorem;

2128 3168 2226 3230 τὰς
2271 3164 2454 3218 λαϐὼν
2508 3165 2537 3217 ό
2577 3161 2860 3230 Δεσπότης
2903 3159 3003 3230 τῆς
3061 3157 3314 3228 οὐρανίου
3365 3158 3572 3228 φωνῆς,
3623 3157 3683 3226 τῇ

2127 3257 2431 3328 λαμπηδόνι
2463 3256 2562 3326 τῆς
2613 3248 2822 3315 οἰκείας
2863 3250 3024 3321 δόξης
3061 3249 3347 3320 ὴρεμαίως
3392 3245 3693 3300 ὑπεκκαλῶ

2129 3367 2278 3406 πτων
2313 3350 2414 3419 τὴν
2449 3347 2674 3402 ἐνοῦσαν
2703 3345 2938 3416 θεότητα
2957 3383 2975 3408 ,
3010 3344 3236 3406 πιστοὺς
3266 3329 3418 3412 ἔχειν
3449 3339 3698 3412 ἠϐούλετο

2132 3442 2449 3511 μάρτυρας·
2497 3437 2646 3498 ὅπως
2687 3436 2755 3506 τῇ
2799 3435 2936 3504 ἀκοῇ
2975 3433 3068 3486 τὸν
3125 3431 3414 3501 ὀφθαλμὸν
3448 3427 3700 3487 λαϐόντες

2131 3532 2455 3602 συνήγορον,
2508 3529 2583 3601 μὴ
2646 3527 2950 3582 παύσαιντο
3007 3525 3222 3596 μεγάλῃ
3271 3523 3517 3595 βοῶντες
3555 3523 3702 3592 φοινῇ

2129 3625 2218 3679 διὰ
2249 3623 2575 3694 οἰκουμένης
2613 3623 2829 3690 ἁπάσης
2853 3637 2868 3652 ο
2906 3638 2925 3670 ι
2968 3621 3034 3671 ‘0
3074 3615 3143 3688 ἦν
3184 3616 3484 3688 ἀπαρχῆς·
3515 3615 3546 3670 δ
3571 3619 3706 3685 dan;-

2132 3717 2338 3786 κόαμεν
2357 3731 2368 3744 °
2399 3716 2428 3769 ὃ
2453 3715 2778 3785 ἑωράκαμεν
2805 3715 2914 3774 τοῖς
2943 3710 3246 3780 ὀφθαλμοῖς
3269 3708 3454 3780 ἡμῶν.
3491 3727 3512 3760 ι

2219 3809 2359 3862 Ἀλλ’
2393 3807 2662 3877 εὐκαίρως
2696 3805 2793 3876 τῆς
2840 3801 3603 3874 ίστορίας-μεσολαϐηθείσης
3637 3799 3715 3873 τῷ

2133 3903 2301 3974 λόγῳ,
2357 3901 2654 3969 ἀναγκαῖον
2695 3897 2782 3950 διὰ
2827 3896 2927 3966 τῆς
2972 3891 3288 3966 ἐξηγήσεως
3341 3894 3717 3964 συναναϐἧναι

2135 3996 2246 4056 τοῖς
2279 3991 2386 4046 τῶν
2433 3987 2688 4060 μαθητῶν
2728 3986 3067 4057 κορυφαίοις,
3116 3985 3316 4055 Ἡσαΐᾳ
3359 3982 3443 4054 τῷ
3483 3983 3720 4053 μεγαλο-

2136 4083 2296 4155 φώνῳ
2319 4081 2634 4144 πεισθέντας
2662 4095 2676 4110 ο
2701 4099 2720 4130 ι
2745 4078 2934 4141 Δεῦτε,
2958 4075 3192 4145 λέγοντι,
3218 4074 3524 4144 ἀναϐὦμεν
3553 4076 3636 4138 εἰς
3657 4073 3722 4126 τὸ

2137 4177 2262 4246 δρος
2299 4175 2531 4244 Κυρίου.
2567 4191 2585 4224 ι
2633 4170 2954 4240 ’Δναϐὦμεν
2980 4169 3037 4222 δέ
3067 4167 3146 4240 μὴ
3181 4169 3279 4222 σὺν
3315 4169 3534 4240 ἱδρῶτι,
3583 4167 3717 4240 μηδὲ

2141 4271 2236 4321 σὺν
2279 4267 2538 4337 ἄσθματι,
2564 4263 2700 4335 πρὸς
2725 4263 2784 4314 τὸ
2805 4261 3034 4323 ἄναντες
3067 4259 3194 4324 τοὺς
3227 4260 3554 4330 ἡμετέρους
3587 4276 3721 4334 κατ-

2139 4359 2456 4427 επείγοντες
2505 4355 2703 4418 πόδας’
2750 4352 2886 4406 ἀλλά
2921 4349 3294 4422 σχολάζουσαν
3335 4351 3439 4422 τὴν
3478 4351 3722 4405 διάνοιαν

2067 4435 2112 4490 D
2141 4450 2278 4522 πρὸς
2313 4450 2411 4520 τὴν
2434 4447 2543 4502 τῶν
2569 4441 3176 4520 λεγομένων-ὑποδοχὴν
3211 4440 3594 4511 ἐπαγόμενον
3627 4440 3723 4494 καὶ

2142 4541 2358 4611 πρῶτον
2392 4539 2490 4610 μέν
2513 4577 2528 4603 ,
2559 4537 2658 4600 τὰς
2690 4535 2840 4597 θείας
2866 4531 3268 4602 ἀναπτύξωμεν
3303 4531 3532 4596 δέλτους
3554 4549 3571 4563 ο
3601 4529 3722 4584 εἶτα

2139 4633 2276 4704 πρὸς
2304 4632 2364 4684 τὸ
2397 4632 2540 4706 ἱερὸν
2568 4629 2914 4690 ἀτενίσαντες
2948 4626 3208 4696 Γράμμα,
3227 4625 3322 4678 τὸν
3349 4625 3720 4693 ἀποκείμενον

2136 4725 2532 4796 ψηλαφήοομεν
2559 4720 2810 4774 πλοῦτον.

2217 4835 2234 4867 ι
2275 4813 2726 4886 Παραλαμϐάνει,
2751 4811 2938 4884 φησὶν,
2966 4812 2995 4864 ό
3017 4807 3226 4880 Ἰησοῦς
3253 4808 3348 4861 τὸν
3381 4807 3591 4878 Πέτρον
3621 4802 3716 4858 καὶ

2153 4905 2410 4960 Ἰάκωϐον
2455 4905 2550 4958 καὶ
2589 4902 2843 4972 Ἰωάννην
2877 4901 2969 4954 τὸν
3001 4898 3232 4967 ἀδελφὸν
3262 4897 3459 4961 αὐτοῦ,
3493 4913 3566 4949 κα
3619 4897 3716 4946 άν-

2142 4999 2262 5066 άγει
2287 4997 2483 5060 αὐτοὺς
2503 4996 2584 5058 είς
2613 4994 2738 5065 ὅρος
2763 4991 2964 5062 ὑψηλὸν
2993 4989 3115 5044 κατ’
3139 4989 3300 5051 ἰδίαν,
3326 4989 3421 5040 καὶ
3445 4999 3713 5056 μετεμορ-

2143 5091 2300 5161 φώθη
2354 5087 2662 5160 ἔμπροσθεν
2714 5085 2917 5140 αὐτῶν.
2961 5102 2981 5137 ι
3043 5082 3152 5137 Καὶ
3199 5084 3250 5134 εί
3300 5082 3454 5135 δοκεῖ
3503 5079 3710 5147 πρῶτον

2144 5186 2511 5253 σκοπησωμεν
2527 5199 2539 5210 ·
2555 5180 2704 5242 τίνος
2729 5179 2917 5232 ἓνεκεν
2943 5175 3163 5237 τούτους
3187 5173 3318 5238 τοὺς
3347 5175 3500 5244 τρεῖς
3525 5170 3708 5240 μόνους

2140 5272 2475 5348 παραλαϐὼν
2501 5312 2515 5338 ,
2560 5273 2688 5336 τοὺς
2720 5271 2948 5333 λοιπούς
2991 5267 3102 5322 τῶν
3145 5265 3471 5321 ἀποστόλων
3503 5261 3704 5328 asinu-

467 5383 748 5454 prophetis
797 5381 1108 5435 clanculum
1186 5377 1680 5444 concurrentibus,
1737 5376 2020 5432 collucenu

2141 5363 2313 5419 Πολύν
2335 5367 2368 5434 ὴ
2396 5362 2743 5431 ἀποκάλυψις
2772 5360 2946 5415 ἐποίει
2970 5359 3062 5412 τὸν
3094 5357 3284 5427 φόϐον,
3317 5353 3706 5424 συντρεχόντων

468 5440 634 5538 nube,
695 5471 1008 5541 fulgurante
1050 5468 1262 5534 habitu,
1319 5469 1502 5522 vultus
1541 5440 1832 5535 splendore
1879 5466 2020 5536 juba‘

2141 5457 2444 5529 προφητῶν
2479 5457 2726 5529 ἀοράτως
2748 5471 2762 5485 ·
2796 5451 3142 5524 φωτιζούσης
3177 5448 3450 5520 νεφέλης·
3493 5440 3706 5541 ἐσθῆτος

470 5572 764 5633 utrumque
815 5561 1109 5631 plurimum
1138 5569 1450 5630 superante,
1501 5533 1773 5612 clamante
1799 5533 2020 5609 de'nubi

2143 5551 2607 5622 ἀστραπτούσης·
2657 5550 2756 5622 τῆς
2803 5549 2872 5602 ἐκ
2907 5544 3000 5601 τοῦ
3045 5543 3343 5618 προσώπου
3377 5533 3702 5611 λαμπηδόνα

537 5720 582 5750 η
614 5715 812 5786 Ephes.
834 5733 888 5782 γ,
923 5718 975 5772 9.
1052 5717 1098 5749 ”
1127 5714 1145 5769 Ι
1173 5713 1333 5769 Joan.
1374 5729 1410 5776 ι,
1443 5711 1495 5764 1.
1573 5711 1618 5743 ³⁸
1649 5711 1753 5766 lsa.
1783 5724 1840 5772 ιι,
1867 5707 1922 5762 5.
2000 5707 2020 5742 ³

2135 5707 2274 5762 atth.
2319 5721 2456 5774 xvn,
2503 5704 2557 5760 1.
