3928 6206
148 366 282 434 1257

897 365 1155 426 SERMO
1183 365 1242 424 II
1280 363 1362 425 IN
1393 357 2250 432 LTRANSFIGURATIONEM
2294 365 2361 424 D-
2387 365 2458 424 N.
2492 365 2548 424 J.
2585 365 2648 425 C.

3263 365 3396 427 1253

143 476 527 551 ύπερνικώσης
564 477 828 551 ἑκάτερον
869 470 1106 548 φέγγοςο
1139 475 1351 548 βοώσης
1383 475 1448 528 ἐκ
1491 472 1588 528 τοῦ
1624 473 1716 528 νέ-

1836 489 1952 532 :oce
1990 483 2238 546 paterna,
2272 474 2762 547 Unigenitumque,
2798 483 3142 532 contestante
3172 473 3394 544 Filium,

143 591 276 645 φους
309 573 408 644 τῆς
435 571 716 644 πατρικῆς
746 571 969 642 φωνῆς,
1015 569 1112 624 καὶ
1165 567 1244 641 τῷ
1278 568 1578 637 Μονογενεῖ
1616 565 1716 638 τὴν

139 664 595 737 εύδοκιμηθεῖσαν
621 663 1017 736 μαρτυρούσης
1033 661 1283 733 υίότητα.
1311 662 1500 725 Ὅπως
1517 655 1612 715 οῦν
1641 659 1718 732 μὴ

139 761 204 829 τῇ
241 759 458 828 ταραχῇ
499 755 608 810 τῶν
656 755 872 810 πολλῶν
911 754 1219 809 ἔκπτυστον
1265 751 1374 826 πρὸ
1413 753 1608 824 καιροῦ
1657 751 1720 805 τὺ

142 848 444 920 μυστήριον
469 847 728 918 γένηται,
758 844 982 910 τούτους
1029 844 1226 915 μόνους
1261 841 1714 912 παραλαμϐάνει·

137 938 233 1004 οὓς
253 938 350 993 καὶ
367 937 734 1010 θερμοτέρους
755 935 996 1009 ἐραστάς
1016 935 1162 1006 ἔχειν
1187 933 1458 1004 ἠπίστατο
1475 949 1490 962 ·
1518 929 1601 995 οἷς
1624 931 1720 985 καὶ
1747 1002 1750 1006 η

139 1031 201 1083 τὸ
226 1029 569 1100 ἐχεμυθῆσαι
607 1027 906 1100 παρῄνεσε,
950 1028 1047 1081 καὶ
1085 1024 1248 1097 μέχρι
1275 1024 1371 1094 τῆς
1401 1024 1467 1076 ἐκ
1503 1021 1720 1093 νεκρῶν

139 1121 492 1186 ἀναστάσεως
528 1119 720 1192 μηδενὶ
745 1118 848 1190 τὴν
873 1116 1112 1189 φοϐεράν
1153 1116 1372 1187 ἐκείνην
1407 1115 1600 1187 ὅρασιν
1633 1113 1720 1179 ἐξ·

140 1213 477 1284 αγορεῦσαιο
517 1210 612 1276 οὓς
659 1209 755 1264 καὶ
801 1209 892 1264 διά
928 1209 1089 1263 τοῦτο
1132 1208 1270 1281 πρὸς
1306 1208 1404 1279 τὴν
1451 1206 1720 1278 ἐσομένην

141 1303 410 1358 ὀπτασίαν
437 1292 786 1374 παρέλαϐεν,
819 1299 1010 1372 ἐπειδὴ
1043 1299 1250 1370 σφόδρα
1279 1297 1361 1370 τῷ
1390 1297 1528 1368 πρὸς
1553 1295 1721 1350 αὐτὸν

139 1393 528 1465 διακεχυμένοι
572 1392 724 1464 πόθῳ
746 1433 763 1460 ,
790 1390 982 1456 δεινῶς
1025 1391 1293 1462 ἠθύμουν,
1329 1387 1720 1460 διαλεγομένου

143 1488 238 1542 καὶ
267 1485 634 1556 προλέγοντος
667 1484 736 1538 τά
761 1482 893 1555 περὶ
922 1481 1020 1537 τοῦ
1054 1481 1264 1548 πάθους
1293 1481 1610 1546 ἀκούοντες.

215 1577 462 1650 Πρόσεχε
493 1573 591 1632 οῦν
617 1576 736 1641 πῶς
757 1577 1020 1648 δυσφορεῖ
1046 1574 1183 1647 πρὸς
1223 1575 1326 1646 τῆν
1373 1573 1581 1628 τούτων
1631 1572 1721 1638 ἐξ·

143 1671 344 1742 ήγησιν
365 1671 394 1723 6
437 1668 666 1739 Πέτρος.
703 1666 793 1732 Ὠς
814 1667 926 1737 γὰρ
952 1666 1188 1737 ἡκουσεν
1221 1665 1306 1720 ὅτι
1343 1661 1614 1721 δεῖ.αύτδν
1641 1665 1722 1727 είς

161 1759 512 1830 Ἱεροσόλυμα
561 1757 830 1822 ἀνελθεῖν,
878 1757 974 1810 καὶ
1019 1756 1192 1810 πολλά
1229 1757 1421 1812 παθεῖν
1471 1755 1581 1812 ἀπὸ
1611 1757 1724 1810 τῶν

1817 562 1872 618 in
1895 578 2005 635 quo
2025 563 2410 634 complaceret.
2442 562 2521 620 Ne
2549 578 2681 636 ergo
2701 563 2939 634 plurium
2964 563 3276 622 turbatione
3303 581 3397 621 sa-

1817 665 2182 725 cramentum,
2212 665 2339 713 ante
2367 665 2588 728 tempus
2639 657 3005 714 inconsultius
3027 667 3396 730 promeretur,

1817 747 1920 804 bos
1956 757 2167 805 tantum
2225 751 2496 815 assumit,
2545 763 2688 820 quos
2711 752 2874 807 etiam
2905 749 3265 808 ferventiores
3297 765 3400 808 no-‘

1816 851 1972 898 verat
2023 842 2227 898 habere
2250 853 2562 898 amatores:
2621 842 2826 913 quibus
2865 859 3086 914 quoque
3115 844 3398 902 silentium

1819 933 2033 1000 indixit,
2069 927 2134 992 ac
2181 952 2251 992 ne
2305 935 2566 1006 cuiquam
2607 936 2904 993 terribilem
2934 937 3084 992 illam
3129 939 3398 997 visionem

1819 1025 2186 1096 publicarent,
2211 1037 2338 1084 an‘te
2377 1028 2554 1099 ipsius
2573 1029 3030 1084 resurrectionem
3053 1043 3118 1085 ex
3145 1032 3398 1096 mortuis,

1819 1116 2078 1189 iniunxit.
2132 1117 2238 1175 Sed
2296 1128 2350 1175 et
2401 1121 2525 1177 ideo
2562 1119 2764 1176 futurae
2798 1121 3032 1178 visionis
3057 1131 3402 1192 spectatores

1821 1209 2264 1280 adhibuit,'quod
2286 1212 2598 1268 vehementi
2648 1213 2703 1268 in
2738 1227 2864 1270 eum
2922 1212 3398 1282 eli‘usidesiderio,

1822 1301 1966 1358 tristi
1993 1303 2292 1358 admodum
2331 1313 2638 1376 mmstoque
2676 1305 2896 1371 animo,
2943 1306 3298 1362 disserentem
3334 1308 3404 1363 de

1823 1407 1924 1448 sua
1951 1393 2228 1464 passione,
2251 1408 2486 1465 eamque
2501 1394 2913 1466 prmdicentem,
2948 1391 3223 1452 audirent.

1897 1544 2152 1636 Perspice
2177 1565 2344 1637 igitur
2377 1583 2541 1636 quam
2569 1565 2764 1626 Petrus
2786 1569 3170 1642 hujuscemodi
3207 1585 3406 1627 narra.

1827 1655 2033 1710 tionem
2070 1657 2300 1714 moleste
2328 1657 2516 1715 ferret.
2563 1658 2636 1716 Ut
2685 1660 2830 1716 enim
2879 1663 3090 1719 audivit
3138 1679 3406 1721 ascensu—

1826 1762 1950 1802 rum
1980 1746 2404 1831 Jerosoiymam,
2436 1751 2718 1824 multaque
2761 1769 2792 1809 a
2841 1755 3184 1826 principibus
3217 1772 3405 1814 sacer-

147 1847 452 1918 ἀρχιερέων
497 1845 596 1899 καὶ
645 1843 1042 1916 πρεσϐυτέρων
1079 1845 1174 1899 καὶ
1205 1845 1588 1918 Γραμματέων
1615 1844 1712 1899 τοῦ

1836 1839 2036 1908 lotum,
2069 1853 2124 1896 et
2166 1841 2513 1910 senioribus;
2535 1851 2592 1899 et
2618 1843 2832 1901 Scribis
2862 1848 3043 1916 populi
3073 1833 3366 1918 passurdm
3385 1889 3403 1915 ,

147 1935 306 2002 λαοῦ,
356 1936 449 1989 καὶ
485 1933 919 2006 ἀποκτανθῆναι,
952 1935 1117 2000 εὐθὺς
1165 1937 1424 1990 κεντᾷται
1457 1935 1548 1990 τὸν
1580 1935 1726 2004 λογιο

150 2028 323 2098 σμόν⁸
376 2027 469 2081 καὶ
524 2026 635 2081 άπδ
693 2026 899 2100 πολλῆς
945 2025 1248 2092 διαθέσεως
1301 2027 1544 2099 ἐπιπηδᾷ
1611 2029 1726 2090 τοῖς

145 2116 410 2188 λεχθεῖσι,
461 2118 558 2171 καὶ
602 2117 1011 2190 τολμηρότερον
1070 2117 1168 2171 τοῦ
1213 2116 1538 2173 διδασκάλου
1586 2117 1726 2170 καθ-

147 2209 399 2263 άπτεται.
427 2225 448 2261 ι
474 2209 926 2281 Προσλαϐόμενος
953 2207 1062 2280 γάρ
1086 2207 1277 2276 αὐτοῦ,
1311 2209 1498 2281 φησὶν,
1524 2207 1733 2281 ἤρξατο

146 2301 410 2372 ἐπιτιμᾷν
432 2299 614 2370 αὐτῷ’
641 2298 832 2364 Ἵλεώς
874 2317 982 2368 σοι,
1022 2298 1220 2372 Κύριε,
1251 2300 1314 2354 ού
1347 2301 1422 2372 μὴ
1455 2299 1609 2354 ἔσται
1644 2315 1728 2352 σοι

145 2387 330 2444 τοῦτο.
366 2408 386 2440 ι
436 2384 596 2454 Εἶδες
644 2389 890 2460 μαθητοῦ
937 2389 1038 2462 τὴν
1083 2391 1214 2461 περὶ
1261 2389 1355 2444 τὸν
1409 2390 1729 2446 διδάσκαλον

149 2481 417 2552 διάπυρον
446 2483 704 2553 ἀγάπην;
735 2478 878 2547 εἶδες
917 2481 1164 2537 διάθεσιν
1197 2482 1333 2554 πρὸς
1362 2483 1432 2536 τὰ
1459 2483 1554 2536 τοῦ
1593 2483 1731 2551 ἀγα-

147 2575 412 2644 πωμένου
440 2574 698 2646 λυπηρὰς
747 2575 816 2628 τά
863 2575 964 2645 τῆς
1011 2577 1327 2648 παρρησίας
1351 2574 1508 2646 ⁴ύπέρ
1536 2575 1732 2630 τούτου

152 2664 322 2738 μόνου
370 2665 447 2736 μὴ
489 2665 806 2736 φυλάξαντα
855 2665 1054 2738 μέτρα.
1119 2686 1138 2719 ι
1175 2665 1416 2738 Ἤρξατο
1464 2668 1729 2740 ἐπιτιμᾷν

150 2757 326 2829 αὐτῷ,
375 2759 471 2813 καὶ
514 2758 732 2828 λέγειν·
765 2755 950 2823 Ἵλεώς
983 2775 1090 2823 σοι,
1123 2755 1296 2827 Κύριε
1319 2799 1334 2825 ,
1363 2759 1426 2812 οὐ
1469 2758 1547 2830 μὴ
1577 2761 1731 2814 ἔσται

156 2867 244 2904 σοι
259 2849 438 2904 τοῦτο.
452 2867 472 2902 ι
496 2850 563 2903 Τί
587 2846 682 2904 οὖν
695 2851 724 2903 6
741 2849 1036 2921 Δεσπότηςς
1055 2851 1141 2914 Ὧς
1165 2849 1498 2915 ἐπίϐλαϐοῦς
1513 2850 1730 2922 ἐκείνης

156 2940 499 2996 καθάπτεται
519 2939 623 3010 τῆς
644 2939 880 3010 φειδοῦς.
897 2942 970 2994 Οὐ
999 2941 1110 3012 γὰρ
1141 2939 1405 3012 βούλομαι
1432 2940 1727 3010 φιλεῖσθαι,

157 3029 348 3102 φησὶν,
377 3031 470 3085 ἐπὶ
502 3029 612 3085 τῶν
646 3031 987 3100 ἀγαπώντων
1020 3047 1090 3101 με
1127 3030 1324 3102 βλάϐῃ.
1361 3031 1436 3084 Τὸ
1465 3029 1600 3102 ἐμὸν
1629 3031 1732 3085 πά-

157 3121 271 3188 θος,
302 3121 682 3194 οίκουμενικοῦ
713 3120 921 3182 πάθους
985 3121 1128 3185 ἴασις
1161 3122 1394 3190 γίνεται.
1421 3120 1490 3174 Τί
1524 3137 1727 3192 παρεν-

154 3215 336 3285 οχλεῖς
387 3213 740 3286 φυτευομένῳ
780 3212 1022 3286 σταυρῷ,
1049 3213 1143 3266 τὸν
1177 3213 1436 3284 ἐσόμενον
1469 3211 1529 3279 ἐξ
1559 3211 1726 3266 αὐτοῦ

155 3307 372 3378 καρπὸν
400 3305 649 3375 ἀγνοῶνς
689 3304 756 3359 Τί
783 3304 1018 3368 κωλύεις
1057 3304 1273 3376 σφαγὴν
1311 3303 1732 3375 έκνευρίζουσαν

156 3399 409 3464 θάνατον,
467 3399 568 3469 τὴν
621 3397 751 3469 περὶ
806 3397 900 3451 τὸν
949 3397 1153 3468 κόσμον
1193 3395 1415 3466 ἀγάπην
1455 3394 1548 3448 τοῦ
1595 3393 1734 3448 Θεοῦ

155 3489 402 3558 ἀγνοῶν;
423 3491 644 3560 ἀγαπᾷς
669 3491 748 3554 ὡς
775 3489 1083 3560 ἄνθρωπος,
1099 3487 1298 3559 Πέτρε.
1325 3489 1429 3541 Ἔα
1453 3486 1735 3558 σπαρῆναι

156 3585 248 3634 τὸν
303 3582 524 3646 κόκκον,
573 3583 672 3637 καὶ
731 3580 872 3654 πρὸς
909 3582 1016 3636 κτὸν
1070 3581 1334 3652 θερισμὸν
1387 3579 1732 3651 εύτρεπίζου.

158 3673 349 3729 Ταῦτα
387 3675 562 3743 λέγων
599 3673 788 3728 ἔπεισε
819 3673 919 3744 μὶν
952 3674 1044 3728 τὸν
1081 3673 1332 3746 μαθητὴν
1375 3673 1454 3744 μὴ
1480 3671 1738 3736 τοιαύτας

156 3766 404 3837 αἰτήσεις
435 3765 515 3837 τῷ
539 3765 846 3836 διδασκάλῳ
875 3763 1244 3836 προσφέρειν*
1277 3763 1338 3818 ού
1384 3764 1492 3834 μὴν
1517 3761 1612 3814 καὶ
1634 3761 1737 3831 τὴν

155 3857 256 3912 τοῦ
280 3857 515 3912 θανάτου
551 3857 728 3928 λύπην
747 3897 762 3922 ,
807 3857 898 3910 διά
927 3857 989 3910 τὸ
1019 3855 1252 3928 σφοδρὸν
1281 3855 1380 3926 τῆς
1413 3853 1543 3932 περὶ
1573 3851 1737 3906 αὑτὸν

155 3951 408 4021 ἀγάπης,
449 3948 551 4019 τῆς
591 3949 806 4004 ἐκείνου
828 3947 1070 4010 διανοίας
1100 3945 1373 4014 ἐξέϐαλεν.
1415 3938 1738 4008 Ὀπωςοῦν

153 4041 251 4095 διὰ
275 4043 375 4112 τῆς
411 4040 510 4094 οὐκ
551 4042 634 4106 οῖς
673 4041 896 4111 μακράν
941 4039 1300 4115 ἀναστάσεως
1333 4038 1434 4110 τῆν
1479 4036 1609 4108 περὶ
1641 4035 1738 4088 τοῦ

157 4133 370 4198 πάθους
399 4133 539 4205 λάϐῃ
568 4133 941 4204 παράκλησιν,
973 4132 1136 4186 αὐτόν
1177 4148 1238 4184 τε
1270 4131 1366 4184 καὶ
1397 4131 1528 4193 τοὺς
1563 4145 1740 4200 παρα-

156 4227 410 4298 πλησίως
438 4227 776 4294 ἀγαπῶντας
808 4223 1146 4296 παραλαϐὼν
1167 4263 1182 4288 ,
1229 4222 1318 4278 διά
1361 4222 1465 4291 τῆς
1498 4220 1738 4293 φοϐερᾶς

152 4319 382 4388 ἐκείνης
407 4318 680 4382 ὀπτασίας
707 4319 769 4372 τὸ
794 4317 1021 4372 δυνατὸν
1048 4317 1148 4388 τῆς
1181 4318 1240 4370 ἐν
1271 4315 1421 4387 αὐτῷ
1451 4315 1739 4370 πιστοῦται

154 4411 444 4482 θεότητος.
495 4428 516 4462 ι
554 4407 977 4480 Μετεμορφώθη
1011 4408 1141 4478 γὰρ,
1193 4408 1380 4479 φησὶν,
1428 4403 1740 4476 ἔμπροσθεν

149 4501 372 4556 αὐτῶν·
409 4500 503 4554 καὶ
539 4500 754 4570 ἔλαμψε
787 4499 852 4554 τὸ
881 4499 1179 4570 πρόσωπον
1201 4497 1368 4552 αὑτοῦ
1391 4496 1466 4560 ώς
1492 4497 1522 4548 6
1545 4493 1697 4564 ἥλιος
1719 4508 1734 4522 ·
1769 4523 1816 4579 D

148 4595 226 4647 τά
251 4593 310 4646 δὲ
337 4593 530 4663 ἱμάτια
551 4592 721 4646 αὐτοῦ
747 4593 1001 4662 ἐγένοντο
1027 4591 1201 4645 λευκά
1227 4589 1304 4654 ὡς
1331 4589 1393 4643 τὸ
1413 4589 1551 4660 φῶς.
1585 4607 1602 4640 ι

233 4706 254 4740 ι
284 4687 396 4742 Καὶ
444 4687 556 4743 ίδοὺ
595 4686 860 4760 ὤφθησαν
901 4686 1087 4749 αὐτοῖς
1132 4684 1370 4755 Μωῦσῆς
1405 4683 1501 4738 καὶ
1551 4682 1738 4746 Ἠλίας

145 4780 281 4852 μετ’
321 4779 488 4834 αὑτοῦ
537 4779 949 4842 συλλαλοῦντες.
983 4797 1002 4831 ι
1057 4777 1416 4848 Ἐχαλίνωσεν
1455 4777 1484 4830 6
1522 4775 1621 4846 τῆς
1661 4774 1740 4826 δι-

142 4870 454 4941 καιοσύνης
487 4873 679 4936 Ἥλιος
704 4873 804 4944 τὴν
817 4867 1078 4944 ⁸’νεφέλην
1107 4869 1202 4925 τοῦ
1245 4867 1520 4940 σώματος,
1573 4866 1667 4922 καὶ
1703 4867 1736 4938 ἡ

142 4965 321 5026 ἀκτὶς
353 4963 456 5034 τῆς
506 4963 764 5034 θεότητος
803 4964 930 5026 τοὺς
957 4961 1155 5026 θεατὰς
1193 4958 1598 5032 περιήστραψε.
1635 4959 1739 5012 Νει-

142 5053 301 5124 φέλη
335 5053 445 5124 γὰρ
474 5052 569 5106 τοῦ
613 5053 852 5125 ἀοράτου
898 5051 961 5104 τὸ
999 5050 1277 5122 ὁρώμενον
1321 5048 1546 5118 ἔνδυμα.
1583 5043 1740 5102 Οἶδεν

155 5145 400 5208 Ἡσαΐας
425 5143 585 5198 τοῦτο
637 5144 856 5214 σαφῶς·
907 5144 1008 5215 τὴν
1041 5143 1152 5213 γάρ
1193 5141 1282 5195 ἐπ’
1322 5141 1600 5208 Αίγυπτον
1640 5139 1736 5193 τοῦ

137 5235 412 5306 Σωτῆρος
442 5234 664 5306 θεωρῶν
699 5235 962 5306 ἐνδημίαν
991 5234 1153 5288 ποτέ’
1185 5251 1204 5285 ι
1242 5230 1394 5298 Ἰδοὺ,
1429 5232 1581 5303 φησὶ,
1619 5232 1736 5285 Κύ-

141 5343 275 5400 ριος
309 5325 543 5395 κάθηται
577 5324 672 5378 ἐπὶ
697 5325 928 5394 νεφέλης
959 5324 1192 5394 κούφης,
1233 5321 1328 5376 καὶ
1370 5319 1491 5391 ἣξει
1532 5323 1612 5384 εἰς
1643 5319 1736 5374 Αἶα

139 5433 387 5489 γυπτον.
419 5417 530 5470 Καὶ
559 5415 670 5470 ἰδοὺ
695 5413 856 5484 ὤφθη
882 5413 1070 5476 αὐτοῖς
1113 5413 1355 5482 Μωῦσῆς
1407 5411 1502 5464 καὶ
1549 5410 1736 5473 Ἠλίας

145 5507 284 5583 μετ’
307 5507 475 5562 αὐτοῦ
513 5503 928 5568 συλλαλοῦντες.
967 5525 985 5557 ι
1015 5505 1126 5574 Τῆς
1153 5505 1260 5575 γάρ
1293 5504 1546 5572 θεότητος
1569 5501 1735 5555 αὐτοῦ

143 5601 304 5678 ἦσαν
329 5601 629 5674 ἀχώριστοι
661 5599 917 5652 πάντοτε.
961 5599 1114 5652 Διατί
1161 5598 1218 5650 δὲ
1253 5598 1345 5651 καὶ
1388 5597 1528 5667 ὑπὲρ
1560 5597 1736 5650 πάντα

230 5797 278 5828 ³¹
314 5793 510 5850 Matth.
546 5797 771 5858 $1.25.
849 5796 896 5826 ³³
933 5793 1126 5849 Matth.
1166 5810 1302 5859 xvtt,
1331 5793 1385 5846 Ξ.

483 5889 752 5950 ΡΑτιιοῐ..
785 5889 901 5949 GR.
943 5885 1224 5948 XCVIII.

1466 5791 1508 5822 ³⁸
1537 5789 1665 5845 ibid.
1693 5788 1747 5842 5.

1825 1942 1989 2004 atque
2020 1932 2408 2002 occidendum,
2463 1936 2648 1992 statim
2695 1935 2884 1994 animo
2909 1939 3197 2012 pungitur,
3227 1957 3407 2013 exque

1827 2023 1996 2078 multa
2038 2021 2333 2082 adectione
2375 2025 2538 2084 dictis
2597 2027 2790 2096 insilit,
2836 2044 2902 2086 ac
2958 2030 3187 2087 liberius
3232 2031 3408 2104 καεὶς

1826 2122 2006 2170 strum
2040 2116 2235 2202 carpit.
2268 2135 2288 2169 ι
2326 2120 2628 2176 Assumens
2653 2121 2800 2176 enim
2821 2137 2971 2189 eum,
3007 2123 3208 2194 inquit,
3241 2125 3408 2195 coepit

1827 2207 2113 2282 increpare
2141 2209 2319 2278 illum,
2358 2211 2606 2269 dicens:.
2641 2213 2799 2270 Absit
2829 2230 2860 2270 a
2891 2224 2964 2280 te,
3015 2215 3266 2283 Domine,
3294 2232 3407 2274 non

1826 2301 1933 2356 erit
1961 2302 2060 2358 tibi
2093 2302 2200 2358 hoc
2230 2304 2294 2357 η.
2329 2321 2348 2356 ι
2397 2301 2654 2360 Vidistin'
2685 2319 2974 2362 accensam
3033 2307 3290 2379 discipuli
3352 2309 3408 2364 in

1829 2389 2152 2464 Magistrum
2187 2391 2586 2470 dilectionem?
2644 2391 2902 2450 Vidistin’
2930 2404 2993 2450 ut
3011 2396 3197 2452 dilecti
3235 2399 3410 2454 tristi-

1829 2481 1934 2536 bus
1965 2481 2313 2538 aIIiceretur?
2338 2491 2398 2539 ut
2433 2483 2488 2538 in
2527 2484 2633 2540 hoc
2671 2491 2882 2541 tantum
2911 2487 3094 2558 iustos
3121 2489 3414 2550 excederet

1830 2572 2100 2630 libertatis
2137 2575 2355 2634 modos.
2403 2594 2424 2628 ι
2461 2574 2639 2646 Gmpit
2692 2561 2989 2648 increpare.
3009 2579 3186 2646 illum,
3228 2592 3283 2636 et
3319 2583 3409 2637 di-

1808 2665 1984 2720 cere:
2016 2663 2174 2720 Absit
2199 2679 2230 2719 a
2255 2674 2330 2727 te,
2352 2663 2604 2729 Domine,
2646 2680 2752 2719 non
2791 2665 2895 2720 erit
2923 2665 3018 2720 tibi
3060 2667 3183 2724 hoc.
3217 2685 3238 2720 ι
3267 2667 3410 2735 Quid

1831 2769 1963 2827 ergo
2013 2744 2316 2812 Dominus?
2376 2753 2535 2810 Velut
2604 2755 2975 2826 perniciosam
3021 2757 3410 2828 impcnsiorem

1831 2849 2106 2920 ejusmodi
2161 2865 2352 2905 curam
2417 2849 2760 2921 perstringit;
2810 2849 2928 2906 Non
2993 2852 3165 2920 enim,
3206 2853 3408 2926 inquit,

1833 2941 1956 2996 volo
2001 2943 2199 3008 amari,
2257 2957 2384 2998 cum
2437 2941 2643 2998 damno
2689 2941 3056 3012 diligentium.
3095 2942 3208 2998 Mea
3260 2961 3410 3003 mors

1832 3033 1982 3089 orbis
2004 3034 2172 3088 totius
2206 3033 2452 3088 medetur
2486 3032 2674 3087 morti.
2702 3031 2842 3100 Quid
2876 3034 3140 3092 molestus
3167 3051 3229 3092 es
3257 3037 3414 3107 plan-

1839 3124 2016 3178 tanda:
2045 3123 2220 3188 cruci,
2254 3123 2346 3193 qui
2375 3121 2620 3178 futurum
2652 3139 2719 3178 ex
2742 3123 2860 3193 ipsa
2891 3123 3130 3180 fructum
3165 3127 3416 3197 ignoras?

1837 3213 1976 3281 Quid
2010 3214 2104 3270 Dei
2151 3229 2280 3285 erga
2313 3215 2575 3270 mundum
2631 3215 2979 3289 dilectipnem
3014 3218 3286 3284 nesciens,
3315 3235 3414 3274 neu

1835 3322 1952 3362 cem
2019 3306 2305 3376 prohibes,
2358 3321 2466 3377 qua
2528 3323 2678 3362 mors
2743 3308 3144 3363 enervabitur?
3195 3309 3411 3382 Diligis,

1837 3398 2017 3465 Petre,
2065 3399 2212 3454 sicut
2263 3398 2449 3454 homo.
2475 3397 2606 3454 Sine
2647 3401 2829 3470 spargi
2859 3409 3306 3474 gravium-teque
3346 3403 3416 3456 ad
3513 3467 3520 3474 _

1837 3508 2072 3548 messem
2123 3502 2405 3564 Compara.
2439 3491 2532 3550 llis
2579 3493 2803 3564 quidem
2837 3494 3016 3549 suasit
3037 3493 3330 3564 dis'cipulo,
3359 3503 3420 3550 ut

1837 3600 1907 3640 ne
1933 3583 2196 3656 Magistro
2219 3584 2603 3654 hujuscemodi
2656 3601 2847 3656 preces
2899 3585 3234 3657 porrigeret;
3269 3587 3415 3642 haud

1839 3684 2020 3730 tamen
2063 3677 2259 3731 mortis
2289 3675 2563 3732 tristitiam
2613 3677 2686 3732 ob
2725 3677 3111 3746 impensiorem
3143 3679 3198 3732 in
3233 3679 3414 3748 ipsum

1839 3767 2208 3838 dilectipnem,
2238 3766 2424 3820 animo
2449 3766 2678 3836 depulit.
2714 3767 2784 3824 Ut
2831 3768 2999 3838 igitur
3041 3783 3114 3824 ex
3170 3784 3418 3845 resurre-

1840 3857 2042 3921 ctione,
2072 3871 2195 3927 quze
2255 3871 2362 3912 non
2413 3857 2705 3912 admodum
2732 3855 3029 3913 dill‘ere-uda
3071 3867 3237 3922 esset,
3271 3859 3420 3914 sola-

1843 3953 1987 4000 men'
2027 3945 2250 4015 aliquod
2309 3960 2410 4015 pro
2450 3944 2708 4015 passione
2753 3945 3092 4016 perciperet,
3131 3957 3418 4018 assumpto

1843 4037 1955 4102 illo,
1985 4051 2049 4092 ac
2081 4036 2151 4090 iis
2210 4036 2301 4106 qui
2334 4036 2570 4106 proximi
2615 4036 2908 4093 dilectione
2947 4048 3154 4104 essent,
3189 4040 3418 4095 terribili

1843 4129 1934 4182 illa
1961 4128 2176 4183 visione
2205 4127 2504 4198 ejus,,qu:e
2533 4138 2652 4184 erat
2704 4129 2758 4183 in
2791 4129 2932 4198 ipso,
2955 4129 3281 4196 divinitatis,
3320 4147 3421 4202 po-

1844 4221 2068 4278 tentiam
2109 4221 2328 4278 astruit.
2368 4241 2386 4273 ι
2423 4220 2872 4290 Transiiguratus
2900 4223 3071 4290 enim,
3102 4223 3300 4295 inquit,
3335 4236 3420 4281 est

1842 4321 1972 4369 ante
1990 4328 2118 4370 eos:
2165 4322 2221 4368 et
2275 4311 2552 4384 splenduit
2599 4311 2768 4369 iacies
2807 4313 2928 4383 ejus
2957 4314 3098 4371 sicut
3126 4315 3228 4380 sol,
3256 4317 3423 4372 vesti-

1845 4414 2028 4460 menta
2070 4412 2252 4486 autem
2272 4403 2394 4474 ejus
2424 4403 2563 4459 facta
2592 4413 2724 4460 sunt
2751 4405 2873 4458 alba
2902 4405 3042 4459 sicut
3076 4406 3163 4460 nix
3199 4407 3263 4458 ³³.
3288 4424 3306 4456 ι
3415 4423 3424 4428 ·

1921 4691 1940 4722 ι
1971 4671 2036 4725 Et
2059 4686 2185 4726 ecce
2204 4679 2579 4740 apparuerunt
2611 4667 2718 4724 illis
2757 4669 2973 4740 Moyses
3003 4678 3058 4724 et
3101 4669 3269 4736 Elias,
3293 4687 3419 4726 cunt

1841 4781 1907 4820 eo
1931 4765 2218 4835 loquentes
2247 4763 2313 4816 ³⁸.
2351 4781 2369 4814 ι
2409 4763 2500 4817 Sol
2529 4762 2760 4832 justitiae
2819 4763 3066 4831 corporis
3097 4764 3421 4834 compressit

1843 4859 2066 4922 nubem,
2104 4855 2398 4926 radiusque
2445 4855 2748 4911 divinitatis
2805 4863 3145 4926 spectatores
3185 4857 3421 4910 ('il'CllIII-

1844 4950 2015 5006 fulsit.
2054 4949 2234 5005 Nubes
2285 4948 2454 5012 enim,
2488 4948 2607 5018 ejus
2661 4947 2808 5018 quod
2840 4962 2946 5002 non
2999 4947 3187 5002 subest
3222 4949 3418 5012 oculis,

1847 5040 2154 5110 subjectum
2183 5037 2356 5094 oculis
2386 5037 2766 5092 indumentum
2796 5046 2935 5090 erat.
2972 5033 3134 5089 Novit
3167 5033 3270 5090 hoc
3300 5049 3425 5104 per-

1843 5137 2032 5206 spicue
2088 5132 2291 5198 Isaias;
2321 5129 2563 5184 futurum
2612 5130 2760 5182 enim
2795 5127 3124 5198 quandoque
3173 5127 3228 5181 in
3260 5125 3423 5197 Egy-

1845 5239 1996 5300 ptnm
2027 5235 2296 5281 contuens
2323 5220 2624 5276 Saivatoris
2651 5219 2946 5274 adventum
2974 5235 3031 5270 τι
3065 5215 3206 5270 Ecce
3232 5215 3422 5269 Domi-

1847 5337 1967 5384 nus,
2013 5319 2212 5388 inquit,
2254 5316 2408 5370 sedet
2451 5329 2620 5383 super
2651 5313 2848 5368 nubem
2906 5310 3100 5373 levem,
3141 5316 3196 5363 et
3241 5306 3425 5361 veniet

1845 5415 1898 5469 in
1919 5411 2213 5482 Egyptum
2233 5409 2302 5464 ³⁸.
2317 5426 2334 5457 ι
2350 5425 2439 5456 -ι
2453 5405 2517 5459 Et
2541 5419 2671 5460 ecce
2695 5407 3066 5475 apparuerunt
3088 5397 3195 5454 illis
3210 5396 3424 5466 Moyses

1845 5515 1898 5562 et
1933 5503 2249 5566 Elias,cum
2313 5513 2379 5553 eo
2439 5499 2745 5566 loquentes.
2783 5513 2800 5546 ι
2858 5491 3138 5560 Nusquam
3172 5489 3316 5540 enim
3355 5485 3426 5538 ab

1845 5598 1966 5666 ejus
1994 5583 2278 5650 divinitate
2293 5591 2525 5660 scjuncti
2553 5597 2731 5644 erant.
2764 5585 3036 5652 Quorsum
3051 5593 3179 5635 vero
3211 5576 3426 5650 Moyses

1827 5787 1870 5818 ³⁵
1915 5785 2022 5840 lsa.
2059 5799 2175 5851 xu,
2217 5782 2262 5838 I.

2983 5867 3055 5927 ΕΟ
