3882 6204
188 384 298 452 1261

1036 369 1294 434 SERMO
1323 365 1406 427 IN
1440 359 1676 426 FESTO
1709 356 2213 418 S.~MICHAELIS
2251 354 2476 416 ARCH.

3247 339 3380 403 19.62

183 517 280 559 ram
307 496 448 570 gerit.
477 501 528 548 et
573 490 657 548 eis
705 486 994 561 providet;
1024 493 1080 541 et
1113 483 1205 554 qui
1240 479 1536 570 cujuslibet
1567 473 1714 546 quod

1837 485 1898 524 os
1923 469 1990 536 ⁸³,
2029 479 2085 524 et
2123 485 2249 524 cum
2279 466 2546 538 Seraphin
2578 466 2672 536 qui
2701 463 2896 520 habent
2932 477 3025 518 sex
3072 461 3186 516 alas
3213 461 3280 524 ⁵⁸,
3329 467 3384 513 et

183 568 353 648 dicitur
375 594 425 642 et
465 581 788 652 intelligitur
820 580 1050 642 bonum,
1094 582 1180 631 est
1213 571 1474 637 eﬂiciens,
1510 568 1712 636 imper-

185 684 322 746 tiens,
350 675 695 746 suppeditans
722 681 778 728 et
802 671 978 742 prima
1013 681 1204 724 causa.
1251 660 1506 719 Secundo
1530 665 1712 714 autem

184 772 316 828 nobis
337 765 612 825 constituit
637 763 857 818 divinos
885 757 1106 828 angelos
1130 763 1186 810 et
1213 751 1594 822 archangelos,
1620 746 1714 818 qui

183 877 345 922 curam
372 863 618 930 gererent
639 863 696 910 et
729 857 1026 924 praeessent
1051 846 1238 920 generi
1269 844 1557 900 hominum
1587 854 1716 910 pro-

183 965 286 1028 pter
311 929 590 1008 bonitatem
623 944 934 1002 naturalem
963 960 978 996 :
1014 948 1076 996 ut
1105 937 1517 1010 suppeditarent
1547 929 1720 986 homi-

183 1047 324 1102 nibus
361 1041 571 1099 divinos
599 1036 824 1110 nuntios
855 1043 911 1090 et
941 1033 1108 1094 dona,
1161 1038 1214 1084 et
1245 1029 1637 1096 componerent
1665 1029 1720 1076 et

180 1139 444 1208 dirigerent
467 1145 657 1187 eorum
682 1127 848 1183 vitam
881 1124 948 1180 ad
973 1139 1036 1178 ea
1065 1136 1188 1194 quae
1216 1126 1345 1176 sunt
1371 1116 1620 1172 meliora.
1654 1112 1721 1168 Et

180 1247 240 1286 ex
269 1225 450 1283 divinis
483 1221 704 1294 quidem
737 1231 792 1274 et
819 1216 1050 1272 inﬁnitis
1081 1213 1309 1284 angelis,
1332 1211 1468 1266 alios
1499 1208 1722 1280 quidem

181 1299 597 1386 unumquemque
629 1311 926 1380 unicuique
953 1320 1190 1378 pnaeesse
1219 1301 1481 1366 ﬁdelium,
1513 1310 1566 1357 et
1594 1313 1722 1356 eum

179 1425 348 1480 regere
377 1407 545 1478 jussit
571 1402 861 1468 Dominus,
893 1407 956 1454 ut
979 1397 1112 1453 dicit
1157 1396 1212 1451 in
1243 1392 1446 1450 divinis
1478 1392 1724 1461 Evange-

181 1504 262 1558 liis
292 1518 304 1553 ε
341 1517 358 1551 ι
408 1497 600 1553 Videte
628 1509 698 1550 ne
733 1490 1052 1564 despiciatis
1088 1503 1260 1544 unum
1290 1501 1356 1564 ex
1397 1485 1485 1540 his
1517 1481 1723 1554 parvis,

179 1594 414 1666 quoniam
463 1588 641 1661 angeli
684 1562 876 1642 eorum
915 1589 1177 1654 perpetuo
1215 1562 1492 1650 aspi'cittnt
1529 1576 1726 1632 faciem

178 1687 341 1743 Patris
375 1683 476 1739 mei
520 1679 614 1752 qui
659 1689 747 1735 est
797 1678 853 1732 in
883 1675 1044 1732 cmlis
1071 1674 1137 1728 δ’.
1181 1691 1204 1724 ›
1232 1671 1498 1727 Similiter
1543 1677 1726 1724 autem

180 1783 310 1836 hanc
340 1788 554 1848 quoque
612 1771 905 1826 confirmat
940 1765 1266 1822 sententiam
1328 1763 1549 1818 divinus
1599 1775 1727 1832 pro-

180 1870 328 1942 pheta
365 1863 550 1929 David,
585 1861 776 1916 dicens
807 1877 823 1914 :
878 1875 902 1909 ι
939 1855 1019 1912 Ne
1051 1857 1149 1912 des
1188 1855 1242 1910 in
1295 1853 1722 1910 commotionem

177 1959 351 2032 pedem
381 1965 551 2020 tuum,
582 1961 639 2008 et
665 1966 776 2006 non
812 1947 1130 2005 domitabit
1156 1945 1250 2018 qui
1279 1956 1331 2002 te
1357 1943 1663 2006 custodit“
1698 1959 1718 1994 ι

177 2051 408 2128 angelus.

242 2143 380 2198 Alios
410 2146 612 2204 autem,
648 2144 710 2192 ut
739 2134 950 2190 alienas
999 2141 1055 2187 et
1086 2129 1302 2200 ignotas
1349 2135 1540 2200 gentes
1576 2140 1734 2196 rege-

177 2243 313 2298 rent,
338 2241 396 2287 ut
423 2231 518 2300 qui
553 2227 736 2283 omnia
769 2224 1136 2287 administret,
1167 2220 1455 2276 constituit
1493 2233 1594 2289 pro
1625 2232 1733 2272 nu-

179 2341 324 2382 mero
351 2323 613 2394 gentium,
648 2315 708 2374 ut
733 2332 876 2372 unus
924 2314 1149 2382 angelus
1187 2320 1354 2366 totam
1385 2315 1603 2381 gentem
1633 2322 1735 2377 ευ-

178 2419 419 2474 hernaret
451 2433 464 2469 :
505 2411 783 2483 quomodo
825 2408 988 2464 etiam
1023 2405 1288 2476 scriptum
1319 2402 1405 2458 est
1433 2401 1488 2457 in
1524 2399 1736 2456 cantico

177 2507 405 2564 Mosaico
437 2524 452 2560 :
485 2523 506 2556 ι
542 2503 774 2571 Quando
796 2499 1072 2556 dividebat
1101 2495 1414 2552 Altissimus
1443 2501 1652 2578 gentes,
1679 2498 1738 2544 ut

175 2597 428 2669 dispersit
476 2597 616 2652 ﬁlios
655 2592 850 2650 Adami
890 2609 904 2646 :
949 2589 1142 2646 statuit
1189 2587 1454 2668 terminos
1493 2582 1738 2656 gentium

178 2693 473 2748 secundum
520 2701 812 2744 numerum
845 2683 1164 2754 angelorum
1199 2679 1294 2734 Dei
1324 2678 1391 2730 “.
1433 2695 1453 2728 ι
1515 2675 1742 2730 Summe

177 2792 354 2838 autem
375 2779 742 2844 benedictum,
767 2785 823 2833 et
849 2775 1091 2844 undique
1117 2768 1541 2831 exaudiendum,
1563 2765 1743 2822 omni-

177 2890 287 2946 que
317 2887 380 2928 ex
421 2879 590 2941 parte
635 2865 1006 2924 venerandum
1056 2861 1264 2917 militiae
1293 2858 1592 2932 principem
1641 2853 1744 2910 Mi-

177 2945 441 3029 chaelem,
476 2961 762 3018 meliorum
794 2965 850 3013 et
875 2953 1142 3012 divinitus
1170 2951 1562 3022 inspiratorum
1593 2955 1648 3002 et
1680 2945 1746 3000 li-

175 3050 585 3114 delissimoru‘m
616 3050 898 3106 hominum
953 3061 1078 3104 esse
1128 3042 1438 3115 praesidem,
1474 3049 1529 3096 et
1553 3051 1749 3095 eorum

1816 563 2053 633 primum
2099 561 2279 617 locum
2319 560 2568 616 obtinent
2597 557 2735 614 inter
2767 555 2915 612 mille
2961 553 3132 609 millia
3155 593 3171 619 ,
3200 561 3256 608 et
3290 551 3388 607 de-

1814 655 1928 712 cies
1984 654 2132 710 mille
2191 652 2465 724 myriades
2522 651 2892 721 angelicorum
2947 645 3202 702 ordinum
3260 661 3275 698 :
3333 652 3388 698 et

1816 747 2082 818 proxime,
2111 755 2164 803 et
2189 747 2324 802 citra
2349 743 2523 800 ullum
2552 751 2829 812 stuporem
2857 739 3007 795 canit
3026 747 3112 793 ter
3135 746 3385 793 sanctum

1819 852 1870 895 et
1899 839 2276 894 admirabilem
2319 837 2604 909 hymnum,
2652 833 2916 889 invehens
2958 833 3014 886 in
3048 830 3304 884 rebellem
3333 838 3389 884 et

1819 929 2271 987 molestissimum
2309 926 2569 983 Satanam
2601 925 2669 992 ",
2721 924 2814 996 qui
2848 932 3108 992 tanquam
3146 919 3333 990 fulgur
3359 933 3392 972 e

1819 1021 1960 1078 ctelo
1985 1021 2038 1076 in
2065 1029 2264 1075 terram
2294 1019 2400 1074 fuit
2417 1019 2661 1089 dejectus
2681 1033 2804 1072 cum
2832 1013 3132 1070 immundis
3155 1023 3208 1067 et
3231 1011 3394 1066 malis

1820 1112 1940 1183 ejus
1978 1112 2284 1181 spiritibus.
2317 1109 2570 1177 Michael,
2601 1111 2695 1180 qui
2722 1117 2806 1164 est
2842 1108 3081 1162 maxima
3121 1113 3175 1160 (ι
3205 1103 3396 1160 claris-

1821 1203 1958 1258 sima
1999 1201 2156 1258 stella
2193 1201 2424 1273 angelici
2477 1201 2695 1256 decoris
2749 1209 2804 1254 et
2854 1195 3298 1268 pulchritudinis,
3340 1203 3397 1250 et

1822 1294 1916 1364 qui
1945 1293 2122 1349 c'laras
2167 1293 2344 1348 reddit
2389 1307 2454 1348 ac
2493 1290 2812 1347 manifestas
2846 1305 3036 1345 omnes
3067 1287 3280 1344 diaboli
3307 1287 3396 1342 in-

1823 1385 2013 1453 sidias,
2041 1383 2136 1454 qui
2159 1383 2334 1439 Adam
2363 1398 2394 1438 e
2419 1383 2680 1454 paradiso
2709 1383 2944 1453 ejectum
2969 1379 3161 1436 fraude
3193 1380 3398 1436 daemo—

1825 1477 1914 1534 nis
1945 1476 2155 1532 inimici
2183 1477 2476 1543 honorum,
2507 1475 2662 1541 texit,
2705 1475 2971 1540 traduxit,
2993 1482 3048 1529 et
3089 1473 3315 1540 direxit,
3345 1482 3402 1527 et

1826 1585 1952 1626 eum
1982 1581 2186 1626 terram
2233 1569 2415 1641 ligone
2443 1569 2633 1625 docuit
2661 1567 2870 1645 fodere,
2917 1567 3302 1637 seminarequc
3347 1579 3399 1622 et

1830 1669 2056 1724 metere,
2095 1671 2150 1716 et
2196 1659 2263 1715 ad
2317 1659 2706 1730 reliqua,‘qua
2749 1659 3037 1714 utilitatem
3082 1656 3399 1721 aﬂ'erebant,

1831 1751 2066 1808 instituit
2113 1769 2150 1806 ε.
2177 1758 2232 1806 et
2263 1757 2322 1806 ut
2354 1764 2479 1804 cum
2534 1747 2912 1804 benedictione
2958 1757 3014 1802 et
3061 1747 3404 1804 convenienti

1830 1845 2128 1914 gratiarum
2160 1841 2396 1908 actione,
2425 1856 2552 1896 cum
2589 1839 2792 1896 sudore
2821 1855 2962 1911 pane
2994 1849 3305 1897 vesceretur
3328 1841 3409 1894 ef-

1829 1929 1997 1995 fecit;
2023 1939 2082 1984 ut
2108 1929 2203 2000 qui
2233 1943 2297 1984 ex
2330 1929 2532 1999 injuria
2550 1930 2597 1984 ei
2627 1929 2933 2001 contigerat
2968 1922 3174 2000 lapsus,
3201 1945 3299 2002 per
3326 1929 3408 1986 la-

1808 2021 2104 2080 .bOriosam
2149 2029 2203 2076 et
2245 2021 2355 2076 Deo
2391 2031 2599 2091 gratam
2645 2021 2857 2077 vivendi
2901 2021 3170 2078 rationem
3209 2037 3408 2079 rursus

1830 2112 2215 2184 corrigeretur.
2245 2110 2499 2175 Michael,
2530 2111 2624 2182 qui
2647 2121 2732 2168 est
2760 2122 3006 2170 verus-et
3029 2114 3280 2172 sincerus
3313 2115 3406 2172 Dei

1833 2221 2103 2272 assessor,
2134 2214 2189 2260 et
2219 2206 2371 2261 ducit
2398 2205 2623 2260 ordines
2668 2205 2931 2260 virtutum
2980 2207 3323 2276 caelestium;
3357 2220 3412 2264 et

1834 2308 1918 2354 est
1944 2299 2164 2370 sapiens
2187 2299 2524 2369 gubernator
2551 2313 2744 2353 eorum
2813 2298 2907 2368 qui
2951 2299 3007 2354 in
3037 2299 3208 2354 Deum
3237 2301 3414 2356 credi-

1835 2391 2054 2447 derunt.
2079 2390 2181 2457 Qui
2213 2389 2286 2460 pii
2307 2389 2632 2458 patriarchae
2655 2389 2906 2457 Abrahae,
2930 2390 3033 2445 etsi
3061 2406 3172 2446 non
3198 2393 3412 2449 videre-

1838 2491 1951 2550 tur,
1982 2482 2263 2554 prohibuit
2287 2482 2528 2553 gladium
2553 2482 2620 2545 ⁵⁸,
2650 2497 2718 2538 ne
2749 2475 2994 2551 tangeret
3061 2483 3172 2540 Deo
3196 2495 3414 2557 gratum

1840 2576 1960 2646 ejus
1986 2576 2156 2631 lilium
2183 2571 2355 2640 isaac,
2390 2584 2676 2646 postquam
2707 2577 2871 2648 230
2898 2579 3244 2648 apparuisset
3263 2581 3414 2634 omni

1841 2686 1908 2724 ex
1931 2677 2081 2738 parte
2111 2669 2422 2724 absolutum
2452 2677 2506 2724 et
2542 2669 2653 2724 Deo
2683 2680 2898 2740 gratum
2929 2671 3256 2741 patriarcha:
3286 2689 3414 2744 pro-

1844 2761 2082 2830 positum
2115 2777 2130 2814 :
2161 2770 2214 2814 et
2248 2761 2304 2816 in
2337 2775 2403 2816 eo
2437 2761 2713 2816 benedixit
2756 2776 2951 2818 omnes
2989 2773 3194 2836 gentes,
3233 2774 3419 2836 utpote

1845 2867 1910 2908 ex
1958 2867 2079 2925 'quo
2155 2853 2454 2910 secundum
2519 2849 2741 2910 carnem
2817 2864 2964 2912 esset
3012 2857 3420 2927 germinaturus

1847 2945 2096 3001 Chrisms
2117 2960 2279 3002 verus
2306 2944 2448 3002 Deus
2471 2957 2526 3001 et
2551 2945 2804 3002 Servatur
2826 2957 3030 3004 noster.
3054 2947 3304 3014 Michael,
3332 2949 3424 3007 fax

1849 3039 2152 3094 clarissima
2205 3039 2584 3096 immaterialis
2635 3051 2690 3096 et
2730 3040 3029 3097 inaccessae
3063 3043 3229 3107 lucis,
3259 3052 3315 3100 et
3345 3043 3424 3100 di-

177 3147 584 3206 salutis.curam
615 3155 804 3214 gerere
837 3137 1046 3194 voluit:
1078 3133 1354 3207 quomodo
1385 3131 1500 3202 ipse
1530 3128 1750 3183 univer-
1775 3133 1820 3195 ς.
1855 3131 2022 3188 vinos
2041 3131 2238 3196 ductor
2284 3133 2651 3204 angelicorum
2681 3133 2957 3190 ordinum.
2991 3133 3095 3203 Qui
3129 3136 3452 3208 legislatori.

175 3255 370 3298 eorum
401 3237 541 3292 Deus
565 3235 707 3291 dixit
727 3231 864 3288 Mosi
892 3243 1175 3287 sacrorum
1202 3227 1482 3296 interpreti
1508 3243 1521 3279 :
1553 3244 1572 3278 ι
1603 3222 1752 3278 Vade

105 3349 112 3356 ’
173 3331 251 3387 ad
277 3329 613 3391 Pharaonem
662 3339 844 3396 regem
889 3319 1132 3393 Egypti,
1161 3327 1217 3376 et
1254 3317 1455 3375 edaces
1490 3318 1750 3390 populum

176 3435 366 3478 meum
399 3419 540 3474 lilios
578 3415 743 3472 Israel
768 3429 835 3470 ex
867 3412 1102 3486 IEgvpto
1133 3427 1151 3467 :
1179 3419 1236 3468 et
1261 3410 1468 3464 mittam
1492 3399 1751 3478 angelum

176 3525 369 3568 meum
401 3517 530 3565 ante
562 3507 755 3569 faciem
787 3516 958 3578 tuam,
995 3514 1056 3560 ut
1102 3503 1337 3559 deducat
1385 3499 1644 3571 populum
1698 3497 1752 3552 in

175 3614 387 3659 terram
439 3600 534 3656 tibi
575 3600 924 3670 promissam,
955 3611 1122 3666 quam
1157 3591 1340 3664 juravi
1387 3589 1636 3660 patribus
1663 3603 1756 3643 ve-

173 3690 320 3746 stris
347 3689 414 3744 “.
464 3707 484 3740 ι
520 3686 666 3754 Quin
717 3686 882 3742 etiam
931 3683 1194 3759 propheta
1223 3679 1410 3737 Daniel
1447 3679 1500 3734 in
1548 3677 1760 3734 visione

173 3778 390 3849 angeli,
418 3778 628 3834 audivit
647 3792 772 3832 enm
802 3775 1072 3831 dicentem
1106 3790 1123 3828 :
1161 3791 1181 3825 ι
1213 3771 1476 3842 Princeps
1501 3785 1594 3826 seu
1619 3785 1759 3840 prte-

173 3887 275 3928 scs
308 3871 535 3940 angelus
567 3869 722 3940 regni
771 3867 1063 3922 Persarum
1099 3863 1298 3921 restitit
1336 3863 1468 3918 mihi
1504 3877 1571 3918 ne
1599 3876 1761 3918 revo-

171 3969 413 4019 caretur
456 3961 690 4030 populus
729 3957 900 4014 Israel
947 3971 1014 4012 ex
1062 3955 1377 4026 captivitate
1421 3952 1757 4025 Babylonis:

171 4067 292 4110 nec
330 4061 418 4106 est
451 4051 594 4118 ullus
631 4049 726 4121 qui
756 4064 853 4105 eos
887 4063 1102 4104 mecum
1129 4056 1365 4115 tueatur,
1405 4044 1512 4102 nisi
1534 4043 1762 4100 Michael

1853 3223 1988 3280 Mosi
2013 3239 2142 3280 oves
2171 3225 2414 3295 paseenli
2445 3226 2500 3280 in
2532 3233 2714 3282 monte
2741 3225 2945 3282 Chorin
2977 3243 3244 3298 apparens
3277 3237 3426 3288 totus

1854 3317 1907 3371 in
1938 3315 2116 3371 medio
2147 3317 2263 3372 rubi
2294 3317 2360 3380 ⁸⁸.
2400 3332 2523 3372 eum
2568 3318 2759 3376 urebat
2787 3319 2906 3375 sine
2953 3319 3063 3374 ulla
3101 3319 3346 3385 laesione,
3371 3327 3430 3376 et

1855 3423 1964 3463 non
2015 3409 2372 3495 comburebat
2421 3410 2667 3478 omnino,
2710 3411 2865 3482 signa
2911 3413 3277 3469 sanctissimae
3321 3412 3427 3467 Do-

1859 3502 2020 3558 minae
2047 3513 2246 3558 nowtra:
2271 3501 2362 3557 Dei
2395 3503 2638 3573 parentis
2669 3503 3011 3575 signiﬁcans.
3046 3505 3300 3575 Michael,
3333 3507 3432 3577 qui

1857 3593 2042 3648 divino
2079 3605 2214 3649 nutu
2263 3595 2472 3664 primas
2508 3604 2691 3665 partes
2711 3596 2924 3655 obtinet
2965 3597 3109 3653 inter
3151 3597 3293 3670 ignis
3326 3599 3434 3653 mi-

1861 3683 2060 3739 nistros
2103 3699 2116 3736 :
2153 3692 2207 3740 et
2251 3695 2453 3740 terram
2511 3685 2644 3752 obit,
2687 3686 2923 3756 implens
2967 3689 3301 3744 voluntatem
3336 3687 3436 3745 Dei

1861 3772 2284 3841 omnipotentem
2311 3790 2326 3836 ;
2357 3772 2448 3841 qui
2473 3788 2504 3828 a
2532 3774 2744 3828 ratione
2775 3775 3014 3830 alienum
3045 3775 3186 3831 vatis
3214 3775 3434 3832 Balaam

1862 3862 2139 3934 prohibuit
2179 3863 2435 3934 impetum
2462 3864 2691 3920 terribili
2741 3879 2841 3920 suo
2881 3865 3116 3922 adventu
3137 3867 3185 3905 ³⁸
3226 3885 3240 3922 :
3273 3882 3434 3938 quem

1861 3959 2028 4016 etiam
2053 3975 2178 4015 cum
2209 3959 2433 4016 vidisset
2458 3959 2611 4015 asina
2639 3970 2693 4013 et
2731 3960 3028 4024 timuisset,
3059 3959 3288 4020 rationis
3309 3979 3439 4033 par-

1864 4051 2028 4122 ticipe
2049 4063 2182 4106 voce
2203 4048 2402 4106 senem'
2420 4059 2690 4106 amentem
2713 4050 2971 4108 correxit.
2990 4050 3240 4120 Michael,
3267 4067 3438 4125 ange-

167 4144 451 4218 princeps
470 4151 648 4198 vester
677 4141 747 4197 ".
784 4160 804 4194 ι
841 4139 954 4196 Hoc
983 4150 1168 4197 autem
1201 4141 1378 4210 ipsum
1423 4138 1510 4194 sic
1545 4151 1766 4208 quoque
1865 4143 2043 4198 lorum
2082 4141 2276 4198 ductor
2328 4141 2486 4214 longe
2504 4142 2804 4208 Jnaximus
2845 4151 2902 4198 et
2947 4143 3440 4200 excellentissimus

169 4235 366 4291 David
395 4242 583 4306 aperte
616 4233 929 4304 significat:
959 4250 982 4282 α
1015 4231 1511 4288 Castrametabitur
1540 4230 1765 4300 angelus
1867 4235 2116 4290 minister
2144 4234 2342 4290 divina;
2375 4234 2507 4304 legis
2551 4250 2674 4305 quas,
2697 4235 2825 4291 data
2845 4235 2948 4291 ίηίι
2976 4237 3032 4292 in
3066 4246 3250 4293 ,ηοηιο
3275 4236 3438 4302 Sina;

169 4328 416 4384 Domini
465 4329 518 4382 in
571 4328 805 4384 circuitu
855 4326 1161 4382 timentium
1209 4339 1332 4380 eum
1357 4361 1372 4387 ,
1421 4332 1477 4378 et
1519 4321 1768 4378 liberabit
1868 4326 1960 4396 qui
1995 4335 2118 4382 cum
2153 4327 2341 4381 famuli
2372 4326 2463 4382 Dei
2505 4327 2668 4384 Mosis
2698 4328 2940 4384 animam
2990 4329 3312 4400 accepisset,
3337 4330 3440 4384 ob-

167 4432 287 4480 θοι
323 4421 394 4475 ⁸³.
443 4439 462 4473 ι
505 4421 639 4488 Quis
671 4419 818 4475 enim
871 4428 982 4474 tam
1037 4426 1297 4473 strenuus
1347 4415 1585 4470 ﬁdelium
1639 4428 1766 4484 pI'O-
1871 4409 2093 4477 scurum
2125 4427 2179 4475 et
2203 4419 2494 4475 exitiosum
2517 4401 2792 4475 diabolum
2817 4421 2884 4476 de
2909 4421 3032 4488 ejus
3062 4436 3294 4492 corpore
3315 4435 3440 4475 cum

163 4521 476 4587 pugnator
499 4512 791 4582 insigniter
809 4509 1084 4580 apparuit,
1109 4507 1322 4563 Veteris
1343 4515 1398 4562 et
1427 4503 1564 4562 Novi
1585 4504 1773 4560 Testa-
1803 4499 1850 4555 Β
1877 4515 1994 4585 ipso
2023 4528 2217 4570 ausum
2276 4513 2438 4576 verba
2491 4509 2762 4578 conferre,
2809 4527 3024 4570 cessare
3075 4513 3203 4569 fecit
3246 4519 3302 4567 et
3332 4512 3442 4566 cito

165 4605 370 4662 menti
413 4605 746 4660 intercessor
785 4601 1248 4657 illuminationum
1279 4615 1296 4668 ;
1331 4614 1546 4670 semper
1589 4606 1770 4655 castra
1873 4620 2198 4661 evanescere
2229 4604 2294 4656 ιι.

157 4702 387 4755 locans
421 4698 477 4751 in
507 4695 737 4751 circuitu
773 4695 1036 4761 ﬁdelium,
1067 4701 1124 4748 et
1151 4708 1252 4748 nos
1285 4691 1557 4748 redimens
1592 4705 1622 4746 a
1651 4690 1774 4746 telis
1946 4691 2192 4757 Michael,
2232 4692 2325 4763 qui
2355 4691 2402 4748 si
2451 4691 2505 4747 id
2539 4691 2931 4763 interpreteris,
2967 4695 3168 4750 dicitur
3198 4695 3292 4752 Dei
3335 4698 3446 4752 dux

159 4790 395 4853 Belial.
432 4798 489 4845 et
519 4789 763 4844 omnium
811 4787 1160 4842 inimicorum
1196 4794 1510 4840 nostrorum
1541 4783 1636 4856 qui
1671 4783 1773 4838 sub
1874 4794 1929 4842 et
1957 4784 2248 4850 exercitus,
2283 4766 2337 4840 et
2367 4783 2701 4841 fortissimus
2738 4796 3010 4858 pugnator
3044 4796 3098 4842 et
3131 4802 3444 4859 propugna-

153 4889 431 4951 aspectu
471 4880 675 4936 cadunt
705 4887 760 4934 et
793 4892 901 4933 non
933 4877 1160 4941 cadunt,
1205 4884 1266 4930 ut
1306 4874 1557 4942 Michael,
1597 4874 1775 4931 dulcis
1877 4888 1962 4934 tor
1989 4893 2176 4934 eorum
2205 4877 2298 4947 qui
2331 4891 2481 4947 spem
2515 4877 2786 4934 collocant
2815 4878 2870 4933 in
2906 4879 3135 4936 Domino
3166 4901 3180 4937 ε
3213 4890 3268 4937 ει
3297 4883 3453 4938 nam-

155 4983 392 5028 few“
421 4983 513 5024 res
540 4978 595 5024 θι
621 4966 862 5023 nomen?
1882 4988 2002 5028 mea
2045 4973 2317 5042 romphaea
2346 4985 2468 5043 quae
2499 4968 2700 5025 scindit
2735 4970 3171 5030 machinationes
3195 4974 3452 5032 adversa--

255 5059 534 5126 Michael,
563 5059 658 5130 qui
691 5059 850 5130 plane
895 5067 979 5114 est
1027 5057 1222 5126 plenus
1249 5056 1448 5126 pietate
1479 5057 1778 5127 archange—
1882 5064 2116 5127 riorum,
2151 5073 2260 5118 tam
2291 5076 2480 5117 eorum
2529 5061 2623 5132 qui
2665 5061 2768 5116 sub
2809 5061 3238 5134 intelligentiam,
3285 5083 3449 5136 quam

149 5156 298 5212 lica
325 5170 347 5221 ;
383 5153 481 5225 qui
527 5161 746 5224 propter
771 5167 890 5207 eam
935 5166 1057 5222 quae
1088 5151 1342 5205 convenit
1389 5149 1441 5204 in
1491 5150 1779 5206 Dominum
1882 5171 2071 5211 eorum
2099 5172 2132 5224 q
2156 5155 2187 5209 xi
2211 5155 2410 5209 cadunt
2435 5154 2536 5209 sub
2559 5169 2779 5210 sensum
2805 5173 2820 5220 ;
2847 5156 2934 5226 qui
2957 5155 3086 5212 Jcsu
3112 5156 3256 5212 Nave
3281 5159 3454 5212 at-ietn

154 5244 598 5310 reverentiam,
629 5245 886 5315 pietatem
913 5252 968 5298 et
996 5242 1134 5314 grati
1162 5241 1329 5297 animi
1359 5241 1613 5296 virtutem
1643 5241 1777 5296 inef—
1885 5248 2134 5318 dirigenti
2164 5256 2350 5302 contra
2383 5246 2724 5301 adversarios
2753 5246 2900 5304 visus
2933 5258 3016 5302 est
3041 5250 3230 5303 stricto
3254 5249 3454 5318 gladio,

148 5334 549 5415 labilem,“
596 5351 718 5406 quas
771 5334 971 5390 mutari
1029 5349 1141 5388 non
1201 5341 1377 5403 potest
1415 5334 1776 5388 ’stahi!itatem
1889 5347 1942 5392 ct
1973 5354 2096 5392 eum
2129 5337 2328 5390 terruit
2368 5335 2470 5390 hoc
2505 5336 2683 5392 alieno
2711 5345 2764 5390 et
2794 5335 3016 5392 terribili
3044 5337 3380 5406 spectaculo,
3407 5349 3461 5392 ct

147 5443 384 5502 prope
431 5427 691 5482 thronum
735 5427 941 5484 assistit
977 5425 1320 5482 Dominicum
1362 5425 1694 5482 horrendum
1733 5436 1789 5482 et
1895 5431 2139 5484 hortatus
2182 5433 2266 5481 est
2307 5435 2366 5480 ut
2403 5442 2622 5480 manum
2672 5437 3000 5492 consereret,
3043 5437 3097 5482 et
3147 5428 3464 5485 concideret

143 5519 544 5586 terribilem,
595 5534 720 5574 cum
750 5517 1024 5575 Cherubin
1055 5520 1149 5589 qui
1183 5519 1385 5574 multos
1418 5519 1618 5575 habent
1651 5536 1788 5575 ocu-

254 5655 315 5689 ³⁹
357 5652 750 5726 Μῃειμιεινιιι,
791 5655 904 5726 1οη
981 5654 1200 5726 “Psal.
1235 5670 1366 5723 cxx,
1395 5653 1456 5726 4.
1563 5657 1606 5689 "
1641 5657 1732 5715 Det

1839 5679 2016 5726 xxx",
2082 5660 2134 5714 8.
2235 5659 2280 5690 “
2315 5656 2486 5711 Exod.
2519 5651 2723 5726 in,l0;i
2811 5669 2968 5719 χχιιι,
3003 5655 3092 5711 ‘20.
3170 5652 3216 5688 "
3249 5659 3380 5713 nan.
3409 5677 3438 5716 x

149 5703 964 5798 ss,"~¢§§§_1.‘§§g..3:'s,_
1039 5703 1514 5798 δξίξὶὲρῖἷξῖξὶξ.
1609 5703 1735 5784 "vi;

1840 5703 2016 5798 ῖῖἐῖ
2117 5732 2160 5762 ⁸⁷
2195 5727 2326 5784 Luc.
2361 5745 2414 5795 Χ,
2452 5727 2535 5782 18.
2586 5703 2646 5758 ’⁸³
2685 5703 2820 5783 ten.
2894 5703 3155 5794 nihl-’-
3221 5703 3462 5788 “IT-"'05:

147 5812 277 5863 ait,
311 5797 384 5852 2.
463 5795 509 5828 ⁸⁸
540 5793 704 5850 Num.
739 5811 873 5861 xm,
898 5795 988 5850 23.
1060 5796 1102 5828 "
1133 5793 1286 5852 Judtc
1308 5795 1362 5850 9.
1407 5796 1450 5828 "
1473 5796 1636 5854 Josuc
1663 5815 1716 5867 v,
1757 5801 1841 5856 l5.
1901 5793 1910 5798 ’
2371 5793 2408 5818 ³
2783 5799 2800 5844 ἶ

1896 5523 2148 5578 inimicos
2186 5519 2492 5575 Dei.hostes
2525 5521 2593 5574 ".
2634 5518 2882 5584 Michael,
2921 5518 3166 5574 omnium
3207 5533 3464 5589 suprema
3568 5538 3572 5543 ·
