3928 6206
559 382 694 447 ΓΞ63

1666 371 2212 436 ’PANTALEONIS
2240 367 2552 430 DIACONI
2587 367 2696 427 CP-

553 501 844 570 ignemque
876 496 1055 550 ferens
1087 493 1294 561 lampas
1318 488 1640 553 divinitatis,
1675 504 1798 560 quae
1825 495 1908 543 est
1927 482 2130 557 princi-
2158 487 2200 542 Α
2233 494 2355 535 sere
2385 478 2556 533 habiti
2589 476 2829 541 fuerant,
2878 473 2931 528 in
2967 472 3248 544 regionem
3282 469 3497 542 patriam
3528 475 3715 537 restituit.

546 596 707 664 pium
759 591 916 655 lucis,
966 588 1237 657 ttnicaqtte
1273 596 1327 640 et
1367 586 1506 640 trina
1563 593 1616 638 et
1655 580 1874 638 subtilis
1923 587 2133 633 natura:

554 683 879 740 constitutio
916 700 929 735 :
961 680 1055 751 qui
1088 677 1403 733 terrartines
1432 677 1547 731 obit
1575 674 1924 738 celeriter,~et
1952 671 2038 741 pie
2065 671 2132 726 iis

555 778 754 848 quibus
815 774 931 829 vult
996 773 1137 827 Deus
1191 781 1341 826 muta
1398 771 1569 839 figura
1621 778 1864 838 apparet.
1907 764 2011 831 Qui
2062 763 2133 819 ad

555 868 869 923 Gedeoucm
891 864 1091 920 solaris
1118 863 1294 918 instar
1326 861 1465 916 radii
1496 859 1661 923 venit,
1686 869 1738 914 et
1766 857 1836 912 ab
1864 857 1983 926 ipso
2014 866 2135 911 tan-

556 974 721 1030 quam
751 957 971 1011 divinus
1007 965 1059 1009 et
1091 953 1333 1009 caelestis
1367 950 1593 1022 angelus
1624 950 1724 1003 fuit
1746 940 2009 1003 adoratus
2039 964 2054 1000 :
2082 955 2137 1002 et

559 1049 719 1118 ignea
764 1047 912 1115 virga
943 1055 1203 1114 tanquam
1252 1041 1634 1097 holocaustum
1678 1039 2021 1109 consumpsit
2053 1036 2135 1092 ci-

559 1143 689 1195 hum
729 1155 890 1204 quem
923 1138 1226 1202 obtulerat;
1265 1142 1319 1189 et
1347 1149 1471 1189 eum
1498 1149 1622 1189 cum
1657 1132 1914 1187 trecentis
1957 1130 2135 1186 solum

562 1231 955 1303 impotentibus
1018 1218 1394 1284 corroboravit
1441 1225 1705 1280 adversus
1753 1222 1993 1277 maxime
2034 1221 2138 1275 itu-

558 1325 707 1396 piam
742 1332 796 1378 ct
841 1322 1106 1378 infinitam
1165 1319 1582 1375 Madianitarum
1635 1315 2037 1371 multitudinem
2068 1314 2133 1366 ⁵³.

565 1417 815 1482 Michael,
846 1417 1080 1470 maxime
1112 1413 1454 1484 perspicuum
1487 1408 1969 1480 purissimumque,
1986 1414 2041 1460 et
2071 1404 2140 1461 ab

566 1509 717 1564 otnni
743 1508 963 1563 macula
1008 1506 1247 1560 alienum
1282 1504 1565 1574 speculum
1615 1499 1908 1555 ineffabilis
1952 1502 2008 1553 et
2036 1498 2141 1552 im-

566 1619 769 1676 mensa:
820 1597 1243 1673 pulchritudinis
1298 1594 1469 1652 divini
1518 1604 1571 1650 et
1625 1593 1841 1649 fontani
1895 1591 2029 1648 radii
2088 1601 2142 1647 et

567 1694 901 1766 splendoris;
935 1702 987 1747 et
1017 1699 1235 1745 acutum
1277 1688 1445 1744 telum
1483 1686 1721 1757 potentis
1753 1694 1809 1741 et
1838 1683 2020 1755 magni
2055 1698 2141 1740 re-

563 1786 648 1851 gis
679 1783 793 1839 Dei.
832 1781 936 1849 Qui
967 1782 1244 1851 propheta:
1267 1776 1479 1833 Nathan
1503 1777 1757 1847 apparuit
1786 1775 2139 1845 resplenden-

564 1890 676 1933 tem
708 1886 902 1931 tenens
954 1874 1220 1937 lanceam,
1261 1879 1317 1925 et
1352 1871 1403 1926 ei
1436 1869 1676 1923 animum
1721 1867 1930 1923 addidit
1955 1867 2022 1922 ad
2056 1881 2143 1919 ar-

567 1970 842 2042 guendutu
877 1967 969 2039 Dei
999 1973 1276 2037 parentem
1321 1962 1510 2027 David,
1551 1971 1773 2032 propter
1805 1960 2015 2031 lapsum
2046 1959 2143 2028 qui

568 2060 893 2117 acciderat:
943 2066 997 2111 et
1050 2056 1160 2110 cito
1207 2062 1266 2110 ut
1308 2053 1575 2107 bonorqu
1627 2048 1837 2103 amicus
1896 2046 2142 2113 recessit,

570 2154 813 2225 quando,
852 2171 869 2202 ι
901 2149 1124 2204 Peccavi
1157 2144 1386 2201 Domino
1405 2143 1474 2210 “,
1512 2161 1532 2196 ο
1567 2157 1631 2199 ex
1663 2138 1936 2212 profundo
1961 2138 2145 2196 cordis

566 2264 593 2300 υ
638 2244 803 2301 David
838 2258 959 2314 rcge
989 2240 1178 2297 audiit.

644 2381 875 2437 Michael
904 2392 1096 2449 purum
1120 2385 1170 2430 et
1199 2389 1366 2446 capax
1395 2358 1798 2442 receptaculum
1823 2367 2150 2424 beatissima

572 2482 713 2535 lucis
740 2475 1043 2536 effusionis,
1076 2482 1126 2527 et
1156 2471 1350 2524 divinat
1379 2465 1820 2526 illuminationis,
1849 2471 1904 2517 et
1948 2461 2150 2517 acutis-

571 2575 749 2627 simus
779 2578 834 2623 et
858 2563 1271 2637 pernicissimum
1301 2558 1514 2629 gladius
1534 2557 1597 2610 in
1627 2569 1722 2610 eos
1745 2555 1854 2624 .qni
1898 2551 2151 2621 blasphe-

571 2671 729 2721 rnaut
757 2659 1067 2733 Dominum.
1098 2653 1200 2720 Qui
1227 2661 1446 2706 centum
1477 2656 1532 2704 et
1562 2645 1957 2717 quinquaginta
1991 2643 2150 2714 quin-

574 2752 887 2826 que‘millia
934 2744 1257 2804 essecrandi
1305 2751 1361 2797 et
1406 2741 1557 2810 impii
1604 2737 1979 2795 Sennacherib
2006 2735 2151 2807 regis

574 2845 928 2916 Assyriorum
972 2840 1026 2893 in
1066 2852 1176 2892 uno
1204 2842 1483 2890 momento
1512 2828 1678 2887 noctu
1718 2837 1893 2885 morte
1920 2828 2100 2885 affecit
2133 2846 2148 2884 :

578 2947 632 2993 et
661 2938 730 2991 ab
755 2935 875 3005 ejus
903 2928 1180 3002 tyrannide
1206 2924 1457 2980 liberavit
1480 2923 1626 2993 pittm
1651 2936 1831 2993 regem
1862 2918 2148 2974 Ezechiam

578 3043 703 3085 cum
737 3025 955 3081 civitate
975 3019 1281 3075 Ierusalem
1304 3017 1372 3070 ⁸⁸.
1407 3013 1656 3079 Michael,
1690 3012 1781 3083 qui
1820 3019 1904 3067 est
1936 3010 2152 3065 lucidus

579 3129 636 3178 et
670 3118 912 3175 candens
945 3112 1205 3184 Spiritus,
1240 3109 1550 3178 multosque
1596 3104 1807 3161 habens
1858 3103 2046 3171 oculos
2096 3110 2153 3159 et

580 3207 1014 3283 potentiSsimuS,
1045 3213 1099 3259 et
1126 3202 1197 3257 ab
1225 3199 1378 3256 omni
1409 3197 1677 3254 materiali
1703 3195 2043 3267 apparitione
2073 3210 2159 3251 re-

583 3312 789 3365 motus,
820 3307 875 3354 et
909 3295 1111 3352 nullam
1145 3292 1373 3348 omnino
1402 3289 1696 3345 admittens
1725 3287 2154 3358 corruptionem;

585 3392 679 3463 qui
728 3405 835 3444 una
863 3401 989 3442 cum
1018 3383 1213 3439 Azaria
1240 3389 1296 3436 et
1327 3379 1555 3450 reliquis
1589 3377 1888 3449 symbdlice
1918 3376 2160 3433 ascendit

588 3485 643 3538 in
692 3481 971 3536 fornacem
999 3492 1013 3529 :
1041 3484 1098 3531 et
1131 3484 1242 3529 tres
1290 3472 1525 3527 maxime
1560 3471 1680 3541 pios
1709 3484 1910 3542 pueros
1958 3469 2159 3525 illaesos

589 3570 936 3630 conservavit
981 3577 1082 3624 :et
1131 3565 1315 3621 divina
1364 3558 1546 3634 specie
1591 3556 1919 3633 conspectus
1959 3577 1988 3617 a
2038 3576 2163 3632 rege

588 3660 1120 3726 Nabuchodonosor,
1142 3673 1262 3712 eum
1292 3670 1487 3726 magna
1510 3652 1688 3708 aﬂ'ecit
1711 3654 2073 3709 admiratione
2093 3654 2159 3708 ".

590 3748 1273 3824 Ilicbael,quiversaturin
1305 3745 1479 3811 caelis,
1503 3746 1823 3800 etaetberem
1845 3744 2015 3800 ambit
2044 3754 2164 3800 tan-

591 3862 755 3921 quam
788 3841 976 3915 pernix
1001 3839 1209 3910 fulgur;
1235 3846 1290 3893 et
1315 3836 1627 3891 universam
1649 3849 1771 3905 quae
1791 3845 1875 3890 est
1897 3835 1999 3915 sub
2024 3836 2164 3890 cmlo

594 3912 802 3997 terram
834 3950 943 3989 uno
991 3939 1269 3987 momento
1318 3927 1582 3997 pervadit,
1636 3925 1865 3996 piosque
1899 3912 1993 3994 qui
2032 3922 2166 3980 allii-

594 4041 796 4105 guntur
825 4027 991 4087 addit,
1028 4027 1239 4077 recreat
1269 4028 1322 4072 et
1345 4015 1696 4083 consolatur;
1718 4016 1811 4084 qui
1846 4015 2165 4085 pr0phetam

595 4122 870 4178 Danielem
905 4118 958 4170 in
990 4115 1170 4168 lacum
1221 4125 1314 4180 per
1347 4108 1604 4178 injuriam
1653 4108 1960 4176 conjectum
1992 4107 2165 4161 celer-

593 4215 735 4268 rime
761 4203 1127 4271 conservavit,
1150 4212 1211 4257 et
1238 4214 1505 4256 saevorum
1540 4199 1757 4252 leonum
1799 4212 1893 4252 ora
1925 4196 2169 4252 refrena-

594 4308 706 4365 vit;
749 4311 803 4356 et
852 4299 1127 4353 llahacum
1154 4292 1375 4362 rapuit,
1416 4301 1470 4346 et
1509 4290 1573 4344 ad
1605 4304 1730 4343 eum
1767 4304 1891 4343 cttm
1924 4289 2046 4352 cibo
2072 4303 2170 4357 pa-

596 4410 718 4453 rato
740 4411 770 4449 a
798 4390 1085 4447 Palaestina
1120 4386 1345 4441 adduxit
1382 4383 1710 4453 Babylonem
1736 4392 1789 4436 et
1819 4397 1943 4435 eum
1979 4398 2170 4437 rursus

595 4496 819 4560 repente
852 4485 904 4538 in
938 4497 1098 4535 suum
1128 4480 1309 4533 locum
1338 4472 1574 4531 restituit
1604 4474 1671 4528 ³⁷.
1705 4473 1933 4528 Michael
1964 4473 2058 4543 qui
2089 4482 2172 4528 est

598 4595 833 4651 magnus
863 4576 1116 4647 princeps
1169 4568 1536 4641 angelicorum
1567 4566 1908 4622 exercituum
1941 4574 1995 4621 et
2022 4566 2170 4620 ordi-

601 4688 728 4727 num
776 4665 1298 4739 arcltangt-licorum,
1331 4659 1770 4729 beatissimaque
1797 4666 1851 4713 et
1890 4658 2171 4713 immense

599 4761 829 4834 legionis
877 4759 1355 4827 incorporcorum;
1395 4762 1450 4807 et
1477 4750 1570 4821 qui
1623 4749 1727 4805 fuit
1760 4752 1959 4805 veteris
2008 4748 2173 4805 ISrael

603 4863 780 4908 rector
808 4852 903 4905 illo
955 4860 1220 4917 tempore,
1262 4859 1453 4899 recens
1482 4852 1663 4895 autem
1696 4842 1851 4897 electi
1889 4857 1918 4896 a
1949 4841 2172 4896 Christo

602 4943 969 5015 cognominati
1021 4939 1236 4993 lsraelis
1275 4937 1385 4990 dux
1430 4935 1826 4999 validissimus,
1877 4943 1931 4988 et
1985 4943 2175 4989 custos

605 5037 933 5097 tutissimus,
960 5040 1014 5086 et
1043 5031 1234 5084 doctor
1266 5027 1356 5081 Dei
1391 5032 1809 5095 praeceptorum.
1842 5024 1944 5091 Qui
1979 5026 2176 5082 Persa-

603 5144 724 5184 rum
759 5124 1041 5197 praesident
1077 5122 1325 5191 angelum
1352 5121 1717 5184 resistentem,
1752 5136 1819 5175 ne
1846 5134 1876 5174 a
1908 5120 2178 5190 Babylone

605 5221 966 5277 liberarentur
996 5213 1191 5284 captivi
1232 5210 1508 5274 lsraelitae,
1552 5210 1747 5280 repulit
1779 5220 2037 5281 tanquam
2076 5213 2174 5266 ad-

605 5310 907 5366 versarium
942 5316 1038 5363 :et
1074 5303 1319 5374 Captivos
1358 5303 1449 5372 qui
1486 5300 1831 5372 septuaginta
1862 5318 2036 5357 annos
2080 5304 2179 5357 nti-

680 5425 725 5455 "
764 5420 940 5476 Judic.
978 5436 1051 5484 γι,
1084 5418 1171 5483 12,
1209 5417 1300 5471 2|.
1433 5416 1476 5447 "
1506 5413 1548 5469 ll
1586 5415 1717 5518 Reg.
1788 5431 1886 5480 ιιι,
1921 5417 2004 5470 l3.

707 5509 857 5539 sonu.
968 5490 1013 5521 ⁵⁸
1051 5489 1183 5539 Dan.
1223 5505 1276 5539 ι.
1315 5488 1379 5539 l3
1411 5501 1563 5539 sentt.
1700 5489 1725 5518 ⁸
1759 5484 1917 5539 Juan.
1957 5502 2004 5539 ν.

606 5496 669 5551 31
707 5509 857 5562 seqq.
968 5490 1013 5521 ⁵⁸
1051 5489 1183 5562 Dan.
1223 5505 1276 5551 χ,
1315 5488 1386 5562 15·
1411 5501 1563 5562 seqq.
1675 5486 1917 5562 ἰζ-θυιδαμ
1957 5502 2007 5549 v,
2044 5486 2098 5539 4.

608 5568 653 5599 ⁵³
689 5556 879 5618 Matth.
913 5576 1059 5626 xxtv,
1100 5561 1132 5612 ὃ
1160 5574 1335 5629 seqq.;
1373 5556 1543 5611 lCur.
1585 5572 1672 5622 xv,
1714 5557 1801 5612 5t.

683 5658 758 5727 (Ξ)
791 5656 1046 5727 Miracula
1096 5654 1168 5727 ἰιιΔ
1200 5653 1461 5727 archippo
1510 5651 1694 5719 templi
1721 5649 1966 5703 Ccrifero
1991 5648 2175 5727 facta,

614 5720 984 5793 cuin'reliquis
1017 5725 1104 5776 hic
1160 5721 1621 5793 insinuatistseu
1646 5790 1656 5793 _
1682 5736 1803 5793 quin
1850 5720 2042 5793 φηςι-10
2075 5720 2173 5772 tri-~

615 5789 955 5861 buuntur'in
1006 5792 1313 5861 Scriptura,
1359 5789 1604 5861 pluribus
1645 5790 1785 5843 idem
1850 5789 2171 5861 Pantaleon,

616 5871 670 5916 et
699 5860 1086 5932 Metaphrastes
1102 5858 1167 5917 de
1186 5860 1463 5915 miraculis
1494 5860 1547 5912 in
1589 5861 1805 5928 regione
1847 5858 2119 5913 Cltourusi
2142 5874 2172 5912 a

2170 5418 2215 5448 "
2250 5415 2313 5470 IV
2356 5414 2486 5486 Reg.
2528 5431 2643 5486 six,
2667 5415 2757 5469 55.

2230 5488 2275 5519 ⁸ο
2303 5483 2499 5551 ,Ιίιςξῃ
2531 5483 2621 5537 l7.

1888 5566 1933 5597 “
1970 5564 1990 5618 Ι
2023 5562 2152 5619 Cor.
2179 5576 2229 5631 ν,
2255 5562 2344 5623 l0.

2232 580 2451 642 propter
2482 568 2765 624 assiduam
2800 580 2929 622 cum
2961 563 3274 620 vehementi
3297 562 3492 633 jejunio
3530 568 3719 623 etmultis

2231 663 2493 735 laerymis
2526 660 2699 717 divini
2730 657 2976 714 Danielis
3002 656 3285 727 propheta:
3315 668 3411 725 pro
3438 655 3508 711 eis
3531 657 3583 710 ad
3604 656 3718 715 Deum

2231 754 2606 828 precationem
2631 752 2700 806 ⁸⁸.
2741 749 3000 813 Michael,
3024 748 3119 818 qui
3143 755 3233 802 est
3256 761 3286 801 a
3333 744 3437 801 Deo
3471 748 3721 805 constitutis

2232 861 2483 903 assessor
2546 842 2791 915 mystica:
2823 839 3130 903 Trinitatis,
3172 835 3721 911 mystaqueilluminam

2233 946 2288 992 et
2332 936 2579 991 initiator
2629 933 2882 1003 superna:
2938 927 3289 991 bierarchiaa,
3336 934 3389 980 et
3434 925 3607 981 Veteris
3629 932 3721 996 quod

2233 1025 2502 1098 praeteriit
2524 1020 2882 1084 Testamenti,
2910 1029 2966 1075 et
2986 1016 3156 1073 Novae
3176 1025 3379 1072 nostrae
3403 1016 3568 1072 electae
3584 1017 3720 1075 Christi

2236 1117 2594 1174 haereditatis.
2652 1113 2760 1181 Qui
2826 1111 3125 1183 probaticm
3190 1108 3411 1179 piscinae
3454 1119 3577 1178 quot
3614 1112 3719 1165 annis

2237 1225 2410 1281 aquas
2441 1205 2822 1265 sanctifioabat
2857 1205 2910 1258 in
2942 1202 3175 1272 figuram
3212 1199 3379 1254 divini
3411 1198 3717 1269 baptismatis:

2238 1292 2372 1356 etei
2408 1297 2503 1370 qui
2536 1298 2746 1368 primus
2780 1295 2834 1349 in
2865 1308 2986 1348 eam
3037 1290 3421 1355 descendebat,
3456 1291 3610 1344 statim
3634 1307 3721 1360 ραι

2238 1392 2399 1447 bebat
2430 1388 2796 1450 curationem,
2851 1398 3187 1455 quocunque
3225 1381 3416 1435 morbo
3440 1389 3663 1435 teneretur
3679 1383 3719 1436 ⁸³.

2240 1481 2469 1538 Michael
2496 1479 2590 1549 qui
2623 1486 2707 1532 est
2740 1476 3052 1547 speciosum
3079 1481 3136 1528 et
3182 1472 3419 1526 maxime
3441 1472 3669 1537 decorum,
3690 1482 3721 1526 et

2240 1575 2387 1645 quod
2415 1588 2522 1628 non
2555 1565 2756 1627 occidit
2775 1569 3048 1624 luminare
3070 1566 3244 1621 totius
3273 1565 3417 1620 orbis
3435 1572 3571 1618 terra:
3590 1564 3656 1634 qui
3672 1574 3720 1618 est

2242 1667 2345 1723 sub
2372 1665 2535 1721 ctelo.
2570 1663 2727 1735 ignea
2764 1670 2819 1717 et
2848 1675 3012 1715 manu
3069 1673 3180 1714 non
3218 1666 3514 1713 constructa
3545 1657 3719 1711 colatum

2245 1769 2445 1815 sanctae
2463 1764 2518 1811 et
2540 1753 2853 1825 apostolicae
2883 1750 3143 1807 Ecclesia:
3176 1768 3192 1804 :
3226 1747 3345 1802 auri
3365 1746 3573 1817 speciem
3591 1761 3670 1816 pre
3685 1760 3718 1799 se

2244 1849 2483 1905 fet-entes
2505 1854 2560 1902 et
2582 1844 2650 1900 ad
2673 1844 2871 1900 coelum
2903 1856 3079 1912 usque
3105 1838 3477 1912 magnitudine
3500 1839 3717 1907 pertingen-

2245 1952 2328 1997 tes
2362 1939 2548 2004 scalae,
2584 1952 2679 2009 per
2707 1951 2844 2007 quas
2870 1933 3160 1990 descendit
3189 1932 3370 1993 omnis
3399 1931 3530 1985 datio
3551 1930 3668 1993 bona,
3687 1938 3716 1983 et

2246 2048 2411 2091 omne
2437 2032 2642 2087 donum
2666 2027 2968 2100 perfectum
3000 2025 3069 2093 ⁸⁸,
3098 2024 3235 2096 quid
3263 2023 3484 2078 mittitur
3508 2037 3534 2076 a
3559 2021 3713 2076 beneﬁca

2245 2132 2302 2180 et
2347 2122 2619 2178 bonorum
2661 2116 2934 2188 largitrice
2984 2123 3208 2179 natura,
3260 2112 3328 2167 ad
3375 2112 3509 2166 viros
3534 2111 3659 2164 bonos
3686 2118 3714 2161 et

2247 2211 2460 2269 honesti
2488 2217 2761 2265 amatores
2785 2207 2839 2261 in
2868 2213 3011 2270 terra
3036 2244 3051 2269 ,
3079 2202 3178 2275 qui
3208 2203 3265 2257 in
3292 2202 3524 2258 columna
3546 2201 3712 2271 ignisq-

2247 2305 2431 2377 paruit
2475 2301 2828 2360 sanctissimo
2860 2299 3147 2369 archippo,
3209 2304 3267 2353 et
3316 2295 3595 2351 ﬁdelissimo
3617 2293 3711 2347 mini-

2251 2408 2368 2454 stro
2429 2396 2611 2464 hujus'
2663 2392 3054 2464 archangelica:
3115 2397 3175 2446 et
3234 2390 3533 2444 veneranda:
3574 2388 3709 2447 domus,

2249 2489 2472 2561 quando
2496 2487 2797 2544 sceleratus
2852 2482 3088 2554 populus
3124 2480 3429 2536 conabatur
3463 2479 3607 2548 ipsum
3639 2490 3709 2528 sae

2251 2590 2405 2636 ctum
2445 2566 2570 2634 cum
2613 2574 2816 2645 templo
2862 2573 3099 2647 obruere
3155 2569 3316 2639 aquis
3358 2568 3655 2627 ﬂuviatilibus.
3682 2573 3709 2617 et

2251 2671 2438 2729 divina
2469 2678 2522 2725 et
2550 2664 2928 2736 archangelica
2962 2663 3189 2726 virtute,
3237 2675 3406 2732 aquas
3434 2675 3537 2729 quae
3561 2656 3709 2712 insoletr

2253 2771 2335 2819 ter
2365 2761 2747 2824 movebantur,
2779 2771 2876 2828 per
2906 2756 3114 2825 virgam
3147 2755 3264 2811 cito
3294 2753 3348 2808 itt
3381 2759 3517 2821 petra
3543 2746 3708 2804 «dedita

2255 2852 2561 2910 transmisit
2589 2851 2690 2923 (2).

2324 2942 2577 3009 Michael,
2600 2942 2693 3011 qui
2726 2947 2988 3011 perpetuo
3013 2935 3422 3008 aspicitlfaciem
3449 2932 3590 2989 Patris
3606 2926 3706 2985 nostri

2258 3036 2353 3106 qtti
2377 3044 2462 3090 est
2481 3035 2535 3088 in
2570 3032 2753 3096 cmlis,
2768 3042 2822 3085 et
2841 3031 3077 3093 laetatur,
3104 3029 3221 3083 imo
3240 3042 3365 3082 vero
3385 3025 3624 3081 colla-tatur
3640 3032 3706 3071 cna

2260 3125 2491 3181 Domino
2539 3125 2918 3177 universorum
2969 3127 3197 3191 propter
3234 3116 3567 3172 inventionem
3596 3121 3706 3165 eorum
3802 3090 3803 3129 Υ

2260 3218 2354 3290 qui
2407 3216 2683 3286 perierant
2716 3231 2731 3269 :
2766 3221 2822 3268 et
2870 3224 3096 3283 propter
3141 3226 3313 3265 unum
3360 3196 3707 3278 peccatoremqui

2259 3307 2479 3362 ducitur
2507 3302 2847 3377 paenitentia,
2883 3301 3026 3356 diem
3061 3300 3262 3355 fcstutu
3285 3300 3391 3371 agit
3419 3312 3524 3352 cum
3548 3291 3708 3348 munitas

2261 3395 2584 3452 caelestibus
2617 3390 2976 3461 potestatibus
3007 3389 3075 3444 "~.
3104 3387 3214 3454 Qui
3251 3388 3373 3443 tuba
3402 3387 3482 3441 illa
3509 3380 3708 3438 terribilia

2266 3486 2476 3559 ingenti
2509 3499 2641 3540 voce
2670 3483 2887 3539 canenti
2917 3490 3000 3537 est
3040 3482 3327 3535 taniturus
3352 3495 3368 3534 :
3397 3488 3446 3533 et
3476 3474 3708 3532 fundamenta

2262 3592 2441 3646 terrae,
2468 3587 2524 3635 et
2556 3592 2677 3648 qua:
2705 3585 2832 3632 sunt
2860 3575 2963 3631 sub
2992 3586 3160 3639 terra,
3207 3583 3291 3629 est
3324 3582 3559 3630 moturus,
3579 3562 3709 3635 quando

2263 3673 2447 3729 veniet
2482 3671 2605 3727 fluis
2638 3666 3162 3732 consummationis;
3207 3676 3261 3721 et
3312 3677 3513 3735 surgere
3550 3658 3657 3712 facet
3682 3660 3709 3705 et

2264 3759 2617 3833 congregabit
2663 3765 2911 3813 mortuos
2940 3771 3132 3811 omnes
3161 3756 3257 3826 qui
3295 3764 3418 3811 sunt
3456 3769 3482 3807 a
3509 3745 3709 3807 saculo,itt

2265 3854 2376 3909 ictu
2408 3852 2573 3918 oculi,
2599 3848 2664 3905 ad
2691 3849 2959 3920 iudieium
2985 3847 3263 3916 generale,
3294 3856 3346 3901 et
3371 3846 3431 3900 ad
3456 3837 3709 3909 accipiendam

2265 3945 2390 3999 vitae
2409 3938 2906 3997 remunerationem
2938 3938 3006 4002 “,
3035 3944 3094 3991 ut
3117 3935 3261 3991 ferat
3282 3935 3428 4006 231
3451 3928 3709 3998 unusquisque

2267 4051 2330 4091 ea
2356 4050 2479 4105 qua:
2498 4032 2621 4087 fecit
2644 4047 2739 4102 per
2762 4044 2985 4098 corpus,
3009 4028 3127 4084 sive
3150 4029 3375 4091 bonum,
3397 4029 3495 4082 sive
3519 4021 3658 4076 malum
3673 4014 3707 4064 ⁵³.

2342 4124 2477 4180 Cum
2511 4110 2659 4177 hunc
2707 4136 2837 4192 ergo
2869 4119 3283 4189 suscipiendum
3319 4128 3371 4175 et
3405 4115 3636 4172 maximum
3657 4120 3709 4174 [a-

2270 4212 2491 4275 trOnum
2527 4222 2913 4284 potentemque
2952 4211 3324 4276 defensorem,
3368 4208 3515 4262 libere
3548 4211 3587 4256 et
3612 4193 3709 4252 coui-

2271 4308 2460 4364 deuter
2480 4306 2800 4373 loquentem
2841 4304 3265 4371 intercessorem
3313 4299 3444 4371 apud
3469 4293 3648 4350 omnium
3664 4299 3709 4337 re-

2273 4411 2393 4467 gem
2428 4394 2618 4459 Deum,
2666 4392 2909 4447 divinum
2944 4392 3151 4448 militiai
3196 4391 3476 4462 principem
3518 4382 3707 4467 habitantis

2271 4463 2614 4546 lilichaclem,
2649 4495 2682 4534 o
2712 4480 2863 4534 chari
2898 4477 3112 4546 Patres,
3170 4479 3382 4545 fratres,
3410 4487 3458 4531 et
3494 4488 3519 4527 ι
3546 4463 3706 4524 Deowl'

2272 4574 2411 4629 lecte
2432 4581 2627 4638 coetus,
2660 4571 2744 4642 pie
2769 4572 2947 4642 ipsum
2976 4587 3192 4640 semper
3219 4584 3405 4625 omnes
3433 4577 3483 4621 ut
3506 4573 3637 4618 revera
3652 4568 3706 4620 μ’·

2273 4666 2578 4730 rissimum,
2640 4665 2695 4717 in
2744 4663 2963 4718 mundis
3005 4663 3264 4721 cordibus
3306 4671 3498 4729 semper
3528 4643 3705 4720 ωαειήῦα

2272 4756 2625 4819 extollamus,
2656 4754 2948 4824 verbisque
2981 4753 3180 4809 ltetitiae
3209 4764 3266 4808 et
3304 4747 3535 4821 spiritalis
3567 4734 3705 4795 exsilit

2276 4849 2462 4910 tionis,
2501 4856 2561 4901 ut
2606 4848 2755 4901 decet
2802 4846 3207 4917 archangelum,
3241 4836 3523 4898 honorificis
3542 4827 3704 4917 velut“

2281 4938 2533 4993 laudibus
2570 4936 2729 4992 hodie
2766 4915 3163 5007 prosequamur
3195 4932 3502 5000 :amOreqne
3520 4932 3562 4980 et
3582 4915 3704 4975 desii?

2283 5034 2369 5088 rio
2401 5033 2449 5087 ei
2480 5032 2799 5097 offeramus,
2832 5042 2889 5087 et
2921 5047 3261 5095 veneremur,
3294 5029 3381 5099 qui
3424 5022 3704 5081 ardenter”

2285 5124 2561 5178 currimus
2605 5123 2670 5177 ad
2720 5138 2938 5183 sacrum
2987 5122 3108 5192 ejus
3140 5122 3331 5177 festum
3377 5118 3427 5171 in
3462 5100 3703 5192 veneruntI

2284 5215 2406 5284 ejus
2443 5215 2725 5284 templum,
2750 5214 2896 5283 quod
2924 5184 3108 5282 est'pii
3137 5211 3385 5276 nominis,
3411 5216 3462 5262 ut
3481 5202 3630 5257 affatim

2286 5276 2527 5377 ligamus'
2557 5276 2833 5372 perennes
2882 5303 3002 5372 ejus
3035 5276 3091 5357 et
3121 5302 3378 5366 salutares
3404 5291 3570 5366 gratias
3589 5290 3626 5337 et
3656 5276 3704 5330 θ’

2868 5414 2915 5447 ⁵⁸
2948 5413 3085 5469 Dan.
3129 5429 3204 5469 ut.
3243 5410 3330 5465 49.
3439 5405 3478 5438 "
3502 5399 3605 5454 Dan.
3647 5398 3703 5469 ‘li‘

2758 5485 2801 5516 ιι
2872 5455 3085 5539 nam?
3129 5455 3420 5549 ἶέ-ἰιίζνίος
3447 5474 3553 5527 Luc.
3578 5477 3636 5523 ινο
3657 5457 3704 5513 δί’

2285 5646 2547 5702 Michaele
2578 5646 2757 5708 factis,
2784 5661 2908 5715 qum
2934 5652 3061 5700 sunt
3088 5644 3262 5717 pervia
3297 5637 3425 5717 apud
3444 5626 3705 5717 Ιιὶρρῇξῇθξξξξ

2287 5728 2344 5770 ut
2369 5727 2423 5771 et
2447 5717 2636 5772 Graeca
2665 5718 2717 5770 in
2744 5698 2903 5770 lilii-is
2934 5698 3111 5770 nisini
3126 5698 3371 5774 exaratis,
3401 5721 3455 5760 ex
3477 5698 3625 5779 (ζ’μιὺυξ

2282 5787 2469 5841 Latina
2500 5788 2675 5841 Ineunt
2699 5762 3518 5853 acceperit.ltuittitalirvtllitlﬂlli
3539 5762 3705 5833 a‘lmﬂ'm

2280 5868 2490 5927 tempus
2514 5858 2800 5927 imperium
2833 5847 3111 5913 Michaelis
3141 5867 3189 5911 ct
3230 5847 3509 5906 Theodore.

3623 369 3715 434 19M
3798 428 3799 441 χ
