  <div class='ocr_page' id='page_1' title='image "/cluster/home/n/w/nwhite01/storage/ocr_20150623/98/hvd.32044073502148/642.png"; bbox 0 0 3882 6204; ppageno 0'>
   <div class='ocr_carea' id='block_1_1' title="bbox 324 197 453 262">
    <p class='ocr_par' dir='ltr' id='par_1_1' title="bbox 324 197 453 262">
     <span class='ocr_line' id='line_1_1' title="bbox 324 197 453 262; baseline 0.016 -2"><span class='ocrx_word' id='word_1_1' title='bbox 324 197 453 262; x_wconf 80' lang='lat'><strong>1273</strong></span> 
     </span>
    </p>
   </div>
   <div class='ocr_carea' id='block_1_2' title="bbox 1369 212 2483 284">
    <p class='ocr_par' dir='ltr' id='par_1_2' title="bbox 1369 212 2483 284">
     <span class='ocr_line' id='line_1_2' title="bbox 1369 212 2483 284; baseline 0.009 -11"><span class='ocrx_word' id='word_1_2' title='bbox 1369 212 1692 275; x_wconf 75' lang='lat' dir='ltr'><strong>ISAGOGE</strong></span> <span class='ocrx_word' id='word_1_3' title='bbox 1730 216 1812 277; x_wconf 93' lang='lat' dir='ltr'><strong>IN</strong></span> <span class='ocrx_word' id='word_1_4' title='bbox 1853 217 1957 278; x_wconf 82' lang='lat' dir='ltr'><strong>SS.</strong></span> <span class='ocrx_word' id='word_1_5' title='bbox 1993 218 2483 284; x_wconf 82' lang='lat' dir='ltr'><strong>SCRIPTURAS.</strong></span> 
     </span>
    </p>
   </div>
   <div class='ocr_carea' id='block_1_3' title="bbox 3402 228 3534 292">
    <p class='ocr_par' dir='ltr' id='par_1_3' title="bbox 3402 228 3534 292">
     <span class='ocr_line' id='line_1_3' title="bbox 3402 228 3534 292; baseline -0.008 0"><span class='ocrx_word' id='word_1_6' title='bbox 3402 228 3534 292; x_wconf 66' lang='lat'><strong>1974</strong></span> 
     </span>
    </p>
   </div>
   <div class='ocr_carea' id='block_1_4' title="bbox 322 347 2161 386">
    <p class='ocr_par' dir='ltr' id='par_1_4' title="bbox 322 347 2161 386">
     <span class='ocr_line' id='line_1_4' title="bbox 322 347 2161 386; baseline 0.001 -21"><span class='ocrx_word' id='word_1_7' title='bbox 322 347 2161 386; x_wconf 84' lang='lat'><strong>..______________________</strong></span> 
     </span>
    </p>
   </div>
   <div class='ocr_carea' id='block_1_5' title="bbox 3093 382 3497 398">
    <p class='ocr_par' dir='ltr' id='par_1_5' title="bbox 3093 382 3497 398">
     <span class='ocr_line' id='line_1_5' title="bbox 3093 382 3497 398; baseline 0.012 -5"><span class='ocrx_word' id='word_1_8' title='bbox 3093 382 3497 398; x_wconf 41' lang='grc' dir='ltr'><strong>ἡ.</strong></span> 
     </span>
    </p>
   </div>
   <div class='ocr_carea' id='block_1_6' title="bbox 1244 517 2307 653">
    <p class='ocr_par' dir='ltr' id='par_1_6' title="bbox 1244 517 2307 653">
     <span class='ocr_line' id='line_1_6' title="bbox 1244 517 2307 653; baseline 0.009 -25"><span class='ocrx_word' id='word_1_9' title='bbox 1244 650 1249 653; x_wconf 97' lang='lat'><em>_</em></span> <span class='ocrx_word' id='word_1_10' title='bbox 1547 517 2097 635; x_wconf 90' lang='grc' dir='ltr'><strong>ΑΔΡΙΑΝ</strong></span> <span class='ocrx_word' id='word_1_11' title='bbox 2110 520 2307 637; x_wconf 88' lang='grc' dir='ltr'>ΟΥ</span> 
     </span>
    </p>
   </div>
   <div class='ocr_carea' id='block_1_7' title="bbox 978 741 2943 844">
    <p class='ocr_par' dir='ltr' id='par_1_7' title="bbox 978 741 2943 844">
     <span class='ocr_line' id='line_1_7' title="bbox 978 741 2943 844; baseline 0.006 -14"><span class='ocrx_word' id='word_1_12' title='bbox 978 741 1526 844; x_wconf 81' lang='grc' dir='ltr'><strong>ΕΙΣΑΙὮΓΗ</strong></span> <span class='ocrx_word' id='word_1_13' title='bbox 1563 747 1735 833; x_wconf 91' lang='grc' dir='ltr'><strong>ΕΙΣ</strong></span> <span class='ocrx_word' id='word_1_14' title='bbox 1772 742 1980 834; x_wconf 86' lang='grc' dir='ltr'><strong>ΤΑΣ</strong></span> <span class='ocrx_word' id='word_1_15' title='bbox 2027 749 2357 839; x_wconf 84' lang='grc' dir='ltr'><strong>ΘΕΙΑΣ</strong></span> <span class='ocrx_word' id='word_1_16' title='bbox 2405 752 2943 841; x_wconf 75' lang='grc' dir='ltr'><strong>ΓΡΑΦΑΣω.</strong></span> 
     </span>
    </p>
   </div>
   <div class='ocr_carea' id='block_1_8' title="bbox 1599 1095 2262 1224">
    <p class='ocr_par' dir='ltr' id='par_1_8' title="bbox 1599 1095 2262 1224">
     <span class='ocr_line' id='line_1_8' title="bbox 1599 1095 2262 1224; baseline -0.002 -3"><span class='ocrx_word' id='word_1_17' title='bbox 1599 1095 2262 1224; x_wconf 82' lang='lat' dir='ltr'><strong>ADRIANI</strong></span> 
     </span>
    </p>
   </div>
   <div class='ocr_carea' id='block_1_9' title="bbox 895 1344 2947 1446">
    <p class='ocr_par' dir='ltr' id='par_1_9' title="bbox 895 1344 2947 1446">
     <span class='ocr_line' id='line_1_9' title="bbox 895 1344 2947 1446; baseline 0.004 -14"><span class='ocrx_word' id='word_1_18' title='bbox 895 1344 1403 1439; x_wconf 78' lang='lat' dir='ltr'><strong>ISAGOGE</strong></span> <span class='ocrx_word' id='word_1_19' title='bbox 1461 1346 1610 1435; x_wconf 86' lang='lat' dir='ltr'><strong>AD</strong></span> <span class='ocrx_word' id='word_1_20' title='bbox 1700 1349 2118 1442; x_wconf 78' lang='lat' dir='ltr'><strong>SACRA’S</strong></span> <span class='ocrx_word' id='word_1_21' title='bbox 2186 1352 2947 1446; x_wconf 76' lang='lat' dir='ltr'><strong>SCRIPTUBAS.</strong></span> 
     </span>
    </p>
   </div>
   <div class='ocr_carea' id='block_1_10' title="bbox 1197 1538 2633 1618">
    <p class='ocr_par' dir='ltr' id='par_1_10' title="bbox 1197 1538 2633 1618">
     <span class='ocr_line' id='line_1_10' title="bbox 1197 1538 2633 1618; baseline 0.006 -24"><span class='ocrx_word' id='word_1_22' title='bbox 1197 1538 1388 1596; x_wconf 61' lang='grc' dir='ltr'><strong>ἔοικα.</strong></span> <span class='ocrx_word' id='word_1_23' title='bbox 1424 1540 1778 1610; x_wconf 65' lang='grc' dir='ltr'><strong>Ρελκεοηιυς,</strong></span> <span class='ocrx_word' id='word_1_24' title='bbox 1808 1541 1995 1597; x_wconf 71' lang='lat' dir='ltr'><strong>Critia.</strong></span> <span class='ocrx_word' id='word_1_25' title='bbox 2029 1541 2182 1599; x_wconf 87' lang='lat' dir='ltr'><strong>Sacr.</strong></span> <span class='ocrx_word' id='word_1_26' title='bbox 2226 1554 2265 1600; x_wconf 91' lang='lat' dir='ltr'><strong>t.</strong></span> <span class='ocrx_word' id='word_1_27' title='bbox 2296 1543 2433 1614; x_wconf 79' lang='lat' dir='ltr'><strong>VIII,</strong></span> <span class='ocrx_word' id='word_1_28' title='bbox 2464 1562 2519 1618; x_wconf 90' lang='lat' dir='ltr'><strong>p.</strong></span> <span class='ocrx_word' id='word_1_29' title='bbox 2546 1546 2633 1603; x_wconf 79' lang='lat' dir='ltr'><strong>II.</strong></span> 
     </span>
    </p>
   </div>
   <div class='ocr_carea' id='block_1_11' title="bbox 373 1801 1876 1883">
    <p class='ocr_par' dir='ltr' id='par_1_11' title="bbox 373 1802 1872 1883">
     <span class='ocr_line' id='line_1_11' title="bbox 373 1802 1872 1883; baseline 0.003 -26"><span class='ocrx_word' id='word_1_30' title='bbox 373 1803 480 1858; x_wconf 78' lang='grc' dir='ltr'><strong>Τοῦ</strong></span> <span class='ocrx_word' id='word_1_31' title='bbox 521 1802 810 1876; x_wconf 75' lang='grc' dir='ltr'><strong>Ἐϐραῖκοῦ</strong></span> <span class='ocrx_word' id='word_1_32' title='bbox 838 1804 1186 1883; x_wconf 84' lang='grc' dir='ltr'><strong>χαρακτῆρος</strong></span> <span class='ocrx_word' id='word_1_33' title='bbox 1229 1805 1536 1883; x_wconf 81' lang='grc' dir='ltr'><strong>ἰδιωμάτων</strong></span> <span class='ocrx_word' id='word_1_34' title='bbox 1570 1806 1720 1859; x_wconf 71' lang='grc' dir='ltr'><strong>ἐστὶν</strong></span> <span class='ocrx_word' id='word_1_35' title='bbox 1756 1807 1872 1877; x_wconf 78' lang='grc' dir='ltr'><strong>ιῐδη</strong></span> 
     </span>
    </p>
   </div>
   <div class='ocr_carea' id='block_1_12' title="bbox 1985 1801 3537 1883">
    <p class='ocr_par' dir='ltr' id='par_1_12' title="bbox 2046 1801 3537 1875">
     <span class='ocr_line' id='line_1_12' title="bbox 2046 1801 3537 1875; baseline 0.002 -17"><span class='ocrx_word' id='word_1_36' title='bbox 2046 1804 2271 1874; x_wconf 66' lang='lat' dir='ltr'><strong>Linguae</strong></span> <span class='ocrx_word' id='word_1_37' title='bbox 2305 1801 2585 1857; x_wconf 76' lang='lat' dir='ltr'><strong>Hebraicze</strong></span> <span class='ocrx_word' id='word_1_38' title='bbox 2627 1802 2949 1857; x_wconf 87' lang='lat' dir='ltr'><strong>idiomatum</strong></span> <span class='ocrx_word' id='word_1_39' title='bbox 2986 1812 3115 1859; x_wconf 89' lang='lat' dir='ltr'><strong>sunt</strong></span> <span class='ocrx_word' id='word_1_40' title='bbox 3144 1814 3254 1860; x_wconf 88' lang='lat' dir='ltr'><strong>tres</strong></span> <span class='ocrx_word' id='word_1_41' title='bbox 3281 1806 3491 1875; x_wconf 85' lang='lat' dir='ltr'><strong>species</strong></span> <span class='ocrx_word' id='word_1_42' title='bbox 3520 1822 3537 1861; x_wconf 70' lang='grc' dir='ltr'><strong>ι</strong></span> 
     </span>
    </p>
   </div>
   <div class='ocr_carea' id='block_1_13' title="bbox 301 1882 1868 1967">
    <p class='ocr_par' dir='ltr' id='par_1_13' title="bbox 301 1882 1868 1967">
     <span class='ocr_line' id='line_1_13' title="bbox 301 1882 1868 1967; baseline 0.001 -20"><span class='ocrx_word' id='word_1_43' title='bbox 301 1896 453 1966; x_wconf 75' lang='grc' dir='ltr'><strong>τρία·</strong></span> <span class='ocrx_word' id='word_1_44' title='bbox 509 1888 585 1948; x_wconf 80' lang='grc' dir='ltr'><strong>ὧν</strong></span> <span class='ocrx_word' id='word_1_45' title='bbox 633 1893 697 1947; x_wconf 78' lang='grc' dir='ltr'><strong>τὸ</strong></span> <span class='ocrx_word' id='word_1_46' title='bbox 748 1882 989 1963; x_wconf 40' lang='lat' dir='ltr'><strong>util-tul.</strong></span> <span class='ocrx_word' id='word_1_47' title='bbox 1040 1895 1142 1965; x_wconf 82' lang='grc' dir='ltr'><strong>τῆς</strong></span> <span class='ocrx_word' id='word_1_48' title='bbox 1193 1895 1430 1959; x_wconf 76' lang='grc' dir='ltr'><strong>διανοίας</strong></span> <span class='ocrx_word' id='word_1_49' title='bbox 1477 1895 1628 1967; x_wconf 80' lang='grc' dir='ltr'><strong>εὕροι</strong></span> <span class='ocrx_word' id='word_1_50' title='bbox 1660 1914 1744 1959; x_wconf 84' lang='grc' dir='ltr'><strong>τις</strong></span> <span class='ocrx_word' id='word_1_51' title='bbox 1781 1898 1868 1963; x_wconf 82' lang='grc' dir='ltr'><strong>ἂν,</strong></span> 
     </span>
    </p>
   </div>
   <div class='ocr_carea' id='block_1_14' title="bbox 300 1985 1702 2056">
    <p class='ocr_par' dir='ltr' id='par_1_14' title="bbox 300 1985 1702 2056">
     <span class='ocr_line' id='line_1_14' title="bbox 300 1985 1702 2056; baseline 0.003 -16"><span class='ocrx_word' id='word_1_52' title='bbox 300 1989 364 2040; x_wconf 73' lang='grc' dir='ltr'><strong>τὸ</strong></span> <span class='ocrx_word' id='word_1_53' title='bbox 388 1987 444 2041; x_wconf 68' lang='grc' dir='ltr'><strong>δὲ</strong></span> <span class='ocrx_word' id='word_1_54' title='bbox 473 1987 566 2040; x_wconf 67' lang='grc' dir='ltr'><strong>ἰπὶ</strong></span> <span class='ocrx_word' id='word_1_55' title='bbox 604 1987 696 2056; x_wconf 74' lang='grc' dir='ltr'><strong>τῆς</strong></span> <span class='ocrx_word' id='word_1_56' title='bbox 726 1985 944 2051; x_wconf 78' lang='grc' dir='ltr'><strong>λέξεως,</strong></span> <span class='ocrx_word' id='word_1_57' title='bbox 966 1987 1028 2040; x_wconf 81' lang='grc' dir='ltr'><strong>τὸ</strong></span> <span class='ocrx_word' id='word_1_58' title='bbox 1048 1988 1106 2040; x_wconf 75' lang='grc' dir='ltr'><strong>δὲ</strong></span> <span class='ocrx_word' id='word_1_59' title='bbox 1129 1988 1223 2040; x_wconf 76' lang='grc' dir='ltr'><strong>ἐπὶ</strong></span> <span class='ocrx_word' id='word_1_60' title='bbox 1248 1988 1347 2056; x_wconf 76' lang='grc' dir='ltr'><strong>τῇς</strong></span> <span class='ocrx_word' id='word_1_61' title='bbox 1377 1988 1702 2052; x_wconf 75' lang='grc' dir='ltr'><strong>συνθέσεως.</strong></span> 
     </span>
    </p>
   </div>
   <div class='ocr_carea' id='block_1_15' title="bbox 631 2075 1555 2147">
    <p class='ocr_par' dir='ltr' id='par_1_15' title="bbox 631 2075 1555 2147">
     <span class='ocr_line' id='line_1_15' title="bbox 631 2075 1555 2147; baseline 0.002 -17"><span class='ocrx_word' id='word_1_62' title='bbox 631 2078 803 2145; x_wconf 80' lang='grc' dir='ltr'><strong>Ἀρχὴ</strong></span> <span class='ocrx_word' id='word_1_63' title='bbox 844 2075 963 2131; x_wconf 76' lang='grc' dir='ltr'><strong>τῶν</strong></span> <span class='ocrx_word' id='word_1_64' title='bbox 1003 2076 1241 2147; x_wconf 79' lang='grc' dir='ltr'><strong>ἐπί-τῆς</strong></span> <span class='ocrx_word' id='word_1_65' title='bbox 1265 2078 1555 2144; x_wconf 79' lang='grc' dir='ltr'><strong>διανοίας.</strong></span> 
     </span>
    </p>
   </div>
   <div class='ocr_carea' id='block_1_16' title="bbox 370 2164 1873 2241">
    <p class='ocr_par' dir='ltr' id='par_1_16' title="bbox 370 2164 1873 2241">
     <span class='ocr_line' id='line_1_16' title="bbox 370 2164 1873 2241; baseline 0.002 -20"><span class='ocrx_word' id='word_1_66' title='bbox 370 2168 445 2222; x_wconf 75' lang='grc' dir='ltr'><strong>Τὸ</strong></span> <span class='ocrx_word' id='word_1_67' title='bbox 477 2168 575 2238; x_wconf 69' lang='grc' dir='ltr'><strong>μὲν</strong></span> <span class='ocrx_word' id='word_1_68' title='bbox 600 2164 693 2221; x_wconf 72' lang='grc' dir='ltr'><strong>οὖν</strong></span> <span class='ocrx_word' id='word_1_69' title='bbox 721 2167 812 2221; x_wconf 79' lang='grc' dir='ltr'><strong>ἐπὶ</strong></span> <span class='ocrx_word' id='word_1_70' title='bbox 837 2168 936 2239; x_wconf 83' lang='grc' dir='ltr'><strong>τῆς</strong></span> <span class='ocrx_word' id='word_1_71' title='bbox 963 2167 1198 2233; x_wconf 80' lang='grc' dir='ltr'><strong>διανοίας</strong></span> <span class='ocrx_word' id='word_1_72' title='bbox 1225 2170 1363 2232; x_wconf 71' lang='grc' dir='ltr'><strong>ἐστὶ,</strong></span> <span class='ocrx_word' id='word_1_73' title='bbox 1393 2168 1454 2222; x_wconf 86' lang='grc' dir='ltr'><strong>τδ</strong></span> <span class='ocrx_word' id='word_1_74' title='bbox 1479 2170 1587 2222; x_wconf 84' lang='grc' dir='ltr'><strong>άπδ</strong></span> <span class='ocrx_word' id='word_1_75' title='bbox 1607 2169 1717 2223; x_wconf 86' lang='grc' dir='ltr'><strong>τῶν</strong></span> <span class='ocrx_word' id='word_1_76' title='bbox 1741 2171 1873 2241; x_wconf 83' lang='grc' dir='ltr'><strong>ἡμίν</strong></span> 
     </span>
    </p>
   </div>
   <div class='ocr_carea' id='block_1_17' title="bbox 302 2259 1873 2335">
    <p class='ocr_par' dir='ltr' id='par_1_17' title="bbox 302 2259 1873 2335">
     <span class='ocr_line' id='line_1_17' title="bbox 302 2259 1873 2335; baseline 0.004 -24"><span class='ocrx_word' id='word_1_77' title='bbox 302 2261 613 2330; x_wconf 75' lang='grc' dir='ltr'><strong>προσόντων</strong></span> <span class='ocrx_word' id='word_1_78' title='bbox 634 2259 727 2313; x_wconf 83' lang='grc' dir='ltr'><strong>τοῦ</strong></span> <span class='ocrx_word' id='word_1_79' title='bbox 756 2259 890 2312; x_wconf 81' lang='grc' dir='ltr'>Θεοῦ</span> <span class='ocrx_word' id='word_1_80' title='bbox 916 2261 1273 2331; x_wconf 77' lang='grc' dir='ltr'><strong>σχηματίζειν</strong></span> <span class='ocrx_word' id='word_1_81' title='bbox 1295 2260 1393 2326; x_wconf 84' lang='grc' dir='ltr'><strong>τὰς</strong></span> <span class='ocrx_word' id='word_1_82' title='bbox 1421 2262 1724 2332; x_wconf 75' lang='grc' dir='ltr'><strong>ἐνεργείας,</strong></span> <span class='ocrx_word' id='word_1_83' title='bbox 1754 2264 1873 2335; x_wconf 75' lang='grc' dir='ltr'><strong>ἦτοι</strong></span> 
     </span>
    </p>
   </div>
   <div class='ocr_carea' id='block_1_18' title="bbox 304 2346 1875 2424">
    <p class='ocr_par' dir='ltr' id='par_1_18' title="bbox 304 2346 1875 2424">
     <span class='ocr_line' id='line_1_18' title="bbox 304 2346 1875 2424; baseline 0.003 -24"><span class='ocrx_word' id='word_1_84' title='bbox 304 2348 398 2400; x_wconf 73' lang='grc' dir='ltr'><strong>ἐπὶ</strong></span> <span class='ocrx_word' id='word_1_85' title='bbox 425 2346 593 2416; x_wconf 81' lang='grc' dir='ltr'><strong>καλῷ.</strong></span> <span class='ocrx_word' id='word_1_86' title='bbox 629 2346 664 2419; x_wconf 73' lang='grc' dir='ltr'>ἢ</span> <span class='ocrx_word' id='word_1_87' title='bbox 711 2347 804 2399; x_wconf 74' lang='grc' dir='ltr'><strong>ἐπὶ</strong></span> <span class='ocrx_word' id='word_1_88' title='bbox 834 2346 992 2417; x_wconf 88' lang='grc' dir='ltr'><strong>κακῷ</strong></span> <span class='ocrx_word' id='word_1_89' title='bbox 1034 2348 1326 2418; x_wconf 79' lang='grc' dir='ltr'><strong>γινομένας</strong></span> <span class='ocrx_word' id='word_1_90' title='bbox 1350 2365 1366 2381; x_wconf 78' lang='grc' dir='ltr'><strong>ο</strong></span> <span class='ocrx_word' id='word_1_91' title='bbox 1400 2351 1544 2421; x_wconf 76' lang='grc' dir='ltr'><strong>φημὶ</strong></span> <span class='ocrx_word' id='word_1_92' title='bbox 1580 2351 1667 2420; x_wconf 75' lang='grc' dir='ltr'><strong>δὴ,</strong></span> <span class='ocrx_word' id='word_1_93' title='bbox 1702 2352 1736 2424; x_wconf 78' lang='grc' dir='ltr'>ἢ</span> <span class='ocrx_word' id='word_1_94' title='bbox 1767 2352 1875 2407; x_wconf 82' lang='grc' dir='ltr'><strong>ἀπὸ</strong></span> 
     </span>
    </p>
   </div>
   <div class='ocr_carea' id='block_1_19' title="bbox 308 2437 1877 2513">
    <p class='ocr_par' dir='ltr' id='par_1_19' title="bbox 308 2437 1877 2513">
     <span class='ocr_line' id='line_1_19' title="bbox 308 2437 1877 2513; baseline 0.004 -23"><span class='ocrx_word' id='word_1_95' title='bbox 308 2438 507 2509; x_wconf 78' lang='grc' dir='ltr'><strong>μελῶν,</strong></span> <span class='ocrx_word' id='word_1_96' title='bbox 540 2438 574 2509; x_wconf 79' lang='grc' dir='ltr'>ἢ</span> <span class='ocrx_word' id='word_1_97' title='bbox 604 2438 713 2493; x_wconf 69' lang='grc' dir='ltr'><strong>άπὸ</strong></span> <span class='ocrx_word' id='word_1_98' title='bbox 742 2437 1071 2509; x_wconf 75' lang='grc' dir='ltr'><strong>αἰσθήσεων,</strong></span> <span class='ocrx_word' id='word_1_99' title='bbox 1099 2438 1132 2508; x_wconf 75' lang='grc' dir='ltr'><strong>ἢ</strong></span> <span class='ocrx_word' id='word_1_100' title='bbox 1165 2439 1273 2493; x_wconf 80' lang='grc' dir='ltr'><strong>άπὸ</strong></span> <span class='ocrx_word' id='word_1_101' title='bbox 1305 2441 1577 2507; x_wconf 85' lang='grc' dir='ltr'><strong>κινήσεων</strong></span> <span class='ocrx_word' id='word_1_102' title='bbox 1627 2442 1877 2513; x_wconf 78' lang='grc' dir='ltr'><strong>ψυχικῶν</strong></span> 
     </span>
    </p>
   </div>
   <div class='ocr_carea' id='block_1_20' title="bbox 307 2530 1877 2606">
    <p class='ocr_par' dir='ltr' id='par_1_20' title="bbox 307 2530 1877 2606">
     <span class='ocr_line' id='line_1_20' title="bbox 307 2530 1877 2606; baseline 0.004 -24"><span class='ocrx_word' id='word_1_103' title='bbox 307 2530 377 2601; x_wconf 76' lang='grc' dir='ltr'><strong>[ἢ</strong></span> <span class='ocrx_word' id='word_1_104' title='bbox 425 2530 534 2583; x_wconf 76' lang='grc' dir='ltr'><strong>ἀπὸ</strong></span> <span class='ocrx_word' id='word_1_105' title='bbox 591 2532 857 2599; x_wconf 87' lang='grc' dir='ltr'><strong>κινήσεων</strong></span> <span class='ocrx_word' id='word_1_106' title='bbox 903 2530 1252 2600; x_wconf 80' lang='grc' dir='ltr'><strong>σωματικῶν,</strong></span> <span class='ocrx_word' id='word_1_107' title='bbox 1294 2531 1465 2604; x_wconf 56' lang='lat' dir='ltr'><strong>quae</strong></span> <span class='ocrx_word' id='word_1_108' title='bbox 1499 2533 1686 2588; x_wconf 83' lang='grc' dir='ltr'><strong>παθῶν</strong></span> <span class='ocrx_word' id='word_1_109' title='bbox 1716 2533 1877 2606; x_wconf 79' lang='grc' dir='ltr'><strong>ψυχι-</strong></span> 
     </span>
    </p>
   </div>
   <div class='ocr_carea' id='block_1_21' title="bbox 306 2621 1872 2698">
    <p class='ocr_par' dir='ltr' id='par_1_21' title="bbox 306 2621 1872 2698">
     <span class='ocr_line' id='line_1_21' title="bbox 306 2621 1872 2698; baseline 0.004 -23"><span class='ocrx_word' id='word_1_110' title='bbox 306 2621 464 2695; x_wconf 82' lang='grc' dir='ltr'><strong>κῶν],</strong></span> <span class='ocrx_word' id='word_1_111' title='bbox 492 2622 524 2694; x_wconf 74' lang='grc' dir='ltr'>ἢ</span> <span class='ocrx_word' id='word_1_112' title='bbox 553 2622 660 2676; x_wconf 78' lang='grc' dir='ltr'><strong>άπὸ</strong></span> <span class='ocrx_word' id='word_1_113' title='bbox 684 2622 873 2676; x_wconf 82' lang='grc' dir='ltr'><strong>παθῶν</strong></span> <span class='ocrx_word' id='word_1_114' title='bbox 907 2623 1253 2693; x_wconf 82' lang='grc' dir='ltr'><strong>σωματικῶν,</strong></span> <span class='ocrx_word' id='word_1_115' title='bbox 1282 2624 1315 2694; x_wconf 79' lang='grc' dir='ltr'>ἢ</span> <span class='ocrx_word' id='word_1_116' title='bbox 1347 2625 1785 2695; x_wconf 66' lang='grc' dir='ltr'><strong>ἀποδιαθέσεων,</strong></span> <span class='ocrx_word' id='word_1_117' title='bbox 1815 2627 1872 2698; x_wconf 79' lang='grc' dir='ltr'><strong>[ἢ</strong></span> 
     </span>
    </p>
   </div>
   <div class='ocr_carea' id='block_1_22' title="bbox 302 2713 1874 2789">
    <p class='ocr_par' dir='ltr' id='par_1_22' title="bbox 302 2713 1874 2789">
     <span class='ocr_line' id='line_1_22' title="bbox 302 2713 1874 2789; baseline 0.001 -21"><span class='ocrx_word' id='word_1_118' title='bbox 302 2715 412 2768; x_wconf 82' lang='grc' dir='ltr'><strong>ἀπὸ</strong></span> <span class='ocrx_word' id='word_1_119' title='bbox 441 2713 636 2770; x_wconf 83' lang='grc' dir='ltr'><strong>κοινῶν</strong></span> <span class='ocrx_word' id='word_1_120' title='bbox 662 2713 850 2779; x_wconf 81' lang='grc' dir='ltr'><strong>δοξῶν,</strong></span> <span class='ocrx_word' id='word_1_121' title='bbox 877 2714 909 2785; x_wconf 77' lang='grc' dir='ltr'>ἢ</span> <span class='ocrx_word' id='word_1_122' title='bbox 941 2714 1050 2767; x_wconf 86' lang='grc' dir='ltr'><strong>άπὸ</strong></span> <span class='ocrx_word' id='word_1_123' title='bbox 1071 2714 1446 2788; x_wconf 82' lang='grc' dir='ltr'><strong>άξιωμάτων,]</strong></span> <span class='ocrx_word' id='word_1_124' title='bbox 1477 2716 1509 2788; x_wconf 79' lang='grc' dir='ltr'>ἢ</span> <span class='ocrx_word' id='word_1_125' title='bbox 1544 2718 1652 2771; x_wconf 76' lang='grc' dir='ltr'><strong>άπὸ</strong></span> <span class='ocrx_word' id='word_1_126' title='bbox 1682 2721 1874 2789; x_wconf 77' lang='grc' dir='ltr'><strong>ὲπιτη·</strong></span> 
     </span>
    </p>
   </div>
   <div class='ocr_carea' id='block_1_23' title="bbox 302 2796 1877 2879">
    <p class='ocr_par' dir='ltr' id='par_1_23' title="bbox 302 2796 1877 2879">
     <span class='ocr_line' id='line_1_23' title="bbox 302 2796 1877 2879; baseline 0.003 -21"><span class='ocrx_word' id='word_1_127' title='bbox 302 2796 608 2874; x_wconf 78' lang='grc' dir='ltr'><strong>δευμάτων,</strong></span> <span class='ocrx_word' id='word_1_128' title='bbox 652 2805 685 2875; x_wconf 73' lang='grc' dir='ltr'>ἢ</span> <span class='ocrx_word' id='word_1_129' title='bbox 736 2804 845 2871; x_wconf 73' lang='grc' dir='ltr'><strong>άπὸ</strong></span> <span class='ocrx_word' id='word_1_130' title='bbox 871 2804 1102 2869; x_wconf 81' lang='grc' dir='ltr'><strong>’τόπων,</strong></span> <span class='ocrx_word' id='word_1_131' title='bbox 1142 2804 1177 2875; x_wconf 70' lang='grc' dir='ltr'>ἢ</span> <span class='ocrx_word' id='word_1_132' title='bbox 1216 2805 1326 2859; x_wconf 75' lang='grc' dir='ltr'><strong>άπὸ</strong></span> <span class='ocrx_word' id='word_1_133' title='bbox 1354 2808 1678 2877; x_wconf 71' lang='grc' dir='ltr'><strong>πολισμῶν,</strong></span> <span class='ocrx_word' id='word_1_134' title='bbox 1706 2808 1738 2879; x_wconf 75' lang='grc' dir='ltr'><strong>ἢ</strong></span> <span class='ocrx_word' id='word_1_135' title='bbox 1768 2809 1877 2863; x_wconf 80' lang='grc' dir='ltr'><strong>άπὸ</strong></span> 
     </span>
    </p>
   </div>
   <div class='ocr_carea' id='block_1_24' title="bbox 304 2895 1680 2967">
    <p class='ocr_par' dir='ltr' id='par_1_24' title="bbox 304 2895 1680 2967">
     <span class='ocr_line' id='line_1_24' title="bbox 304 2895 1680 2967; baseline 0.004 -18"><span class='ocrx_word' id='word_1_136' title='bbox 304 2895 463 2959; x_wconf 71' lang='grc' dir='ltr'><strong>ἐθῶν,</strong></span> <span class='ocrx_word' id='word_1_137' title='bbox 497 2896 530 2966; x_wconf 80' lang='grc' dir='ltr'><strong>ἢ</strong></span> <span class='ocrx_word' id='word_1_138' title='bbox 557 2895 665 2949; x_wconf 81' lang='grc' dir='ltr'><strong>άπὸ</strong></span> <span class='ocrx_word' id='word_1_139' title='bbox 689 2895 1001 2967; x_wconf 80' lang='grc' dir='ltr'><strong>σχημάτων,</strong></span> <span class='ocrx_word' id='word_1_140' title='bbox 1033 2895 1071 2967; x_wconf 67' lang='grc' dir='ltr'>ἢ</span> <span class='ocrx_word' id='word_1_141' title='bbox 1095 2896 1205 2949; x_wconf 77' lang='grc' dir='ltr'><strong>ἀπὸ</strong></span> <span class='ocrx_word' id='word_1_142' title='bbox 1234 2896 1356 2950; x_wconf 77' lang='grc' dir='ltr'><strong>ὅλου</strong></span> <span class='ocrx_word' id='word_1_143' title='bbox 1388 2896 1482 2951; x_wconf 86' lang='grc' dir='ltr'><strong>τοῦ</strong></span> <span class='ocrx_word' id='word_1_144' title='bbox 1518 2898 1680 2962; x_wconf 82' lang='grc' dir='ltr'><strong>ζὼου.</strong></span> 
     </span>
    </p>
   </div>
   <div class='ocr_carea' id='block_1_25' title="bbox 373 3070 1876 3145">
    <p class='ocr_par' dir='ltr' id='par_1_25' title="bbox 373 3070 1876 3145">
     <span class='ocr_line' id='line_1_25' title="bbox 373 3070 1876 3145; baseline 0.003 -17"><span class='ocrx_word' id='word_1_145' title='bbox 373 3073 446 3128; x_wconf 85' lang='grc' dir='ltr'><strong>α’.</strong></span> <span class='ocrx_word' id='word_1_146' title='bbox 478 3073 667 3137; x_wconf 81' lang='grc' dir='ltr'><strong>Ὅπως</strong></span> <span class='ocrx_word' id='word_1_147' title='bbox 689 3073 797 3127; x_wconf 79' lang='grc' dir='ltr'><strong>ἀπὸ</strong></span> <span class='ocrx_word' id='word_1_148' title='bbox 819 3072 997 3141; x_wconf 74' lang='grc' dir='ltr'><strong>μελῶν</strong></span> <span class='ocrx_word' id='word_1_149' title='bbox 1015 3090 1028 3103; x_wconf 88' lang='grc'><strong>·</strong></span> <span class='ocrx_word' id='word_1_150' title='bbox 1059 3072 1167 3127; x_wconf 84' lang='grc' dir='ltr'><strong>άπὸ</strong></span> <span class='ocrx_word' id='word_1_151' title='bbox 1189 3075 1288 3145; x_wconf 81' lang='grc' dir='ltr'><strong>μὲν</strong></span> <span class='ocrx_word' id='word_1_152' title='bbox 1318 3074 1516 3145; x_wconf 83' lang='grc' dir='ltr'><strong>μελῶν,</strong></span> <span class='ocrx_word' id='word_1_153' title='bbox 1541 3077 1617 3141; x_wconf 80' lang='grc' dir='ltr'><strong>ὡς</strong></span> <span class='ocrx_word' id='word_1_154' title='bbox 1634 3070 1702 3131; x_wconf 68' lang='grc' dir='ltr'><strong>’τό</strong></span> <span class='ocrx_word' id='word_1_155' title='bbox 1724 3091 1737 3106; x_wconf 88' lang='grc'><strong>·</strong></span> <span class='ocrx_word' id='word_1_156' title='bbox 1765 3078 1876 3131; x_wconf 70' lang='grc' dir='ltr'><strong>’Τά</strong></span> 
     </span>
    </p>
   </div>
   <div class='ocr_carea' id='block_1_26' title="bbox 306 3163 1867 3239">
    <p class='ocr_par' dir='ltr' id='par_1_26' title="bbox 306 3163 1867 3239">
     <span class='ocr_line' id='line_1_26' title="bbox 306 3163 1867 3239; baseline 0.003 -20"><span class='ocrx_word' id='word_1_157' title='bbox 306 3165 551 3238; x_wconf 79' lang='grc' dir='ltr'><strong>βλέφαρα</strong></span> <span class='ocrx_word' id='word_1_158' title='bbox 573 3164 739 3219; x_wconf 80' lang='grc' dir='ltr'><strong>αὐτοῦ</strong></span> <span class='ocrx_word' id='word_1_159' title='bbox 773 3163 1015 3231; x_wconf 66' lang='grc' dir='ltr'><strong>ἐξετάζει</strong></span> <span class='ocrx_word' id='word_1_160' title='bbox 1043 3165 1169 3228; x_wconf 79' lang='grc' dir='ltr'><strong>τοὺς</strong></span> <span class='ocrx_word' id='word_1_161' title='bbox 1199 3166 1348 3229; x_wconf 78' lang='grc' dir='ltr'><strong>υἱοὺς</strong></span> <span class='ocrx_word' id='word_1_162' title='bbox 1371 3166 1481 3220; x_wconf 84' lang='grc' dir='ltr'><strong>τῶν</strong></span> <span class='ocrx_word' id='word_1_163' title='bbox 1504 3167 1824 3239; x_wconf 82' lang='grc' dir='ltr'><strong>ἀνθρώπων·</strong></span> <span class='ocrx_word' id='word_1_164' title='bbox 1848 3189 1867 3222; x_wconf 84' lang='lat' dir='ltr'><strong>I</strong></span> 
     </span>
    </p>
   </div>
   <div class='ocr_carea' id='block_1_27' title="bbox 303 3255 1872 3325">
    <p class='ocr_par' dir='ltr' id='par_1_27' title="bbox 303 3255 1872 3325">
     <span class='ocr_line' id='line_1_27' title="bbox 303 3255 1872 3325; baseline 0.001 -13"><span class='ocrx_word' id='word_1_165' title='bbox 303 3258 399 3312; x_wconf 77' lang='grc' dir='ltr'><strong>καὶ</strong></span> <span class='ocrx_word' id='word_1_166' title='bbox 441 3256 522 3322; x_wconf 79' lang='grc' dir='ltr'><strong>τὸ,</strong></span> <span class='ocrx_word' id='word_1_167' title='bbox 584 3276 603 3308; x_wconf 82' lang='grc' dir='ltr'><strong>ι</strong></span> <span class='ocrx_word' id='word_1_168' title='bbox 652 3255 949 3325; x_wconf 76' lang='grc' dir='ltr'><strong>Ὀφθαλμοὶ</strong></span> <span class='ocrx_word' id='word_1_169' title='bbox 994 3256 1201 3325; x_wconf 83' lang='grc' dir='ltr'><strong>Κυρίου</strong></span> <span class='ocrx_word' id='word_1_170' title='bbox 1238 3256 1329 3310; x_wconf 68' lang='grc' dir='ltr'><strong>ἐπὶ</strong></span> <span class='ocrx_word' id='word_1_171' title='bbox 1365 3257 1645 3324; x_wconf 77' lang='grc' dir='ltr'><strong>δικαίουςο</strong></span> <span class='ocrx_word' id='word_1_172' title='bbox 1684 3277 1703 3311; x_wconf 83' lang='lat' dir='ltr'><strong>I</strong></span> <span class='ocrx_word' id='word_1_173' title='bbox 1756 3263 1872 3325; x_wconf 77' lang='grc' dir='ltr'><strong>καὶ,</strong></span> 
     </span>
    </p>
   </div>
   <div class='ocr_carea' id='block_1_28' title="bbox 308 3344 1876 3418">
    <p class='ocr_par' dir='ltr' id='par_1_28' title="bbox 308 3344 1876 3418">
     <span class='ocr_line' id='line_1_28' title="bbox 308 3344 1876 3418; baseline 0.001 -17"><span class='ocrx_word' id='word_1_174' title='bbox 308 3367 329 3401; x_wconf 76' lang='grc' dir='ltr'><strong>ι</strong></span> <span class='ocrx_word' id='word_1_175' title='bbox 353 3348 535 3418; x_wconf 84' lang='grc' dir='ltr'><strong>Στόμα</strong></span> <span class='ocrx_word' id='word_1_176' title='bbox 574 3346 779 3418; x_wconf 79' lang='grc' dir='ltr'><strong>Κυρίου</strong></span> <span class='ocrx_word' id='word_1_177' title='bbox 810 3345 1041 3415; x_wconf 67' lang='grc' dir='ltr'><strong>ἐλάλησε</strong></span> <span class='ocrx_word' id='word_1_178' title='bbox 1068 3344 1267 3400; x_wconf 84' lang='grc' dir='ltr'><strong>ταῦτα·</strong></span> <span class='ocrx_word' id='word_1_179' title='bbox 1308 3365 1326 3399; x_wconf 80' lang='lat' dir='ltr'><strong>I</strong></span> <span class='ocrx_word' id='word_1_180' title='bbox 1366 3348 1460 3401; x_wconf 75' lang='grc' dir='ltr'><strong>καὶ</strong></span> <span class='ocrx_word' id='word_1_181' title='bbox 1500 3348 1579 3412; x_wconf 83' lang='grc' dir='ltr'><strong>τὸ,</strong></span> <span class='ocrx_word' id='word_1_182' title='bbox 1607 3368 1625 3401; x_wconf 80' lang='grc' dir='ltr'><strong>ι</strong></span> <span class='ocrx_word' id='word_1_183' title='bbox 1649 3350 1876 3417; x_wconf 78' lang='grc' dir='ltr'><strong>Ἀγαθός</strong></span> 
     </span>
    </p>
   </div>
   <div class='ocr_carea' id='block_1_29' title="bbox 306 3430 1875 3509">
    <p class='ocr_par' dir='ltr' id='par_1_29' title="bbox 306 3430 1875 3509">
     <span class='ocr_line' id='line_1_29' title="bbox 306 3430 1875 3509; baseline 0.003 -22"><span class='ocrx_word' id='word_1_184' title='bbox 306 3450 395 3504; x_wconf 85' lang='grc' dir='ltr'><strong>μοι</strong></span> <span class='ocrx_word' id='word_1_185' title='bbox 422 3434 451 3486; x_wconf 91' lang='grc' dir='ltr'><strong>ό</strong></span> <span class='ocrx_word' id='word_1_186' title='bbox 479 3433 643 3503; x_wconf 87' lang='grc' dir='ltr'><strong>νόμος</strong></span> <span class='ocrx_word' id='word_1_187' title='bbox 670 3430 763 3485; x_wconf 82' lang='grc' dir='ltr'><strong>τοῦ</strong></span> <span class='ocrx_word' id='word_1_188' title='bbox 792 3431 1059 3499; x_wconf 89' lang='grc' dir='ltr'><strong>στόματός</strong></span> <span class='ocrx_word' id='word_1_189' title='bbox 1083 3449 1199 3486; x_wconf 70' lang='grc' dir='ltr'><strong>σουο</strong></span> <span class='ocrx_word' id='word_1_190' title='bbox 1234 3452 1252 3484; x_wconf 83' lang='lat' dir='ltr'><strong>I</strong></span> <span class='ocrx_word' id='word_1_191' title='bbox 1288 3435 1383 3488; x_wconf 80' lang='grc' dir='ltr'><strong>καὶ</strong></span> <span class='ocrx_word' id='word_1_192' title='bbox 1412 3436 1493 3503; x_wconf 79' lang='grc' dir='ltr'><strong>τὸ,</strong></span> <span class='ocrx_word' id='word_1_193' title='bbox 1525 3431 1630 3490; x_wconf 77' lang='grc' dir='ltr'><strong>«Ἦ</strong></span> <span class='ocrx_word' id='word_1_194' title='bbox 1659 3438 1767 3509; x_wconf 81' lang='grc' dir='ltr'><strong>μὴν</strong></span> <span class='ocrx_word' id='word_1_195' title='bbox 1792 3438 1875 3504; x_wconf 76' lang='grc' dir='ltr'><strong>ἐξ·</strong></span> 
     </span>
    </p>
   </div>
   <div class='ocr_carea' id='block_1_30' title="bbox 301 3520 1905 3596">
    <p class='ocr_par' dir='ltr' id='par_1_30' title="bbox 301 3520 1905 3596">
     <span class='ocr_line' id='line_1_30' title="bbox 301 3520 1905 3596; baseline 0 -20"><span class='ocrx_word' id='word_1_196' title='bbox 301 3521 582 3576; x_wconf 83' lang='grc' dir='ltr'><strong>ελεύσεται</strong></span> <span class='ocrx_word' id='word_1_197' title='bbox 628 3522 694 3574; x_wconf 76' lang='grc' dir='ltr'><strong>ὲκ</strong></span> <span class='ocrx_word' id='word_1_198' title='bbox 740 3520 834 3574; x_wconf 79' lang='grc' dir='ltr'><strong>τοῦ</strong></span> <span class='ocrx_word' id='word_1_199' title='bbox 866 3522 1134 3591; x_wconf 88' lang='grc' dir='ltr'><strong>στόματός</strong></span> <span class='ocrx_word' id='word_1_200' title='bbox 1166 3540 1267 3592; x_wconf 91' lang='grc' dir='ltr'><strong>μου</strong></span> <span class='ocrx_word' id='word_1_201' title='bbox 1303 3523 1620 3596; x_wconf 83' lang='grc' dir='ltr'><strong>δικαιοσύνη</strong></span> <span class='ocrx_word' id='word_1_202' title='bbox 1643 3543 1656 3555; x_wconf 91' lang='grc'><strong>·</strong></span> <span class='ocrx_word' id='word_1_203' title='bbox 1700 3547 1719 3580; x_wconf 86' lang='lat' dir='ltr'><strong>I</strong></span> <span class='ocrx_word' id='word_1_204' title='bbox 1758 3530 1905 3594; x_wconf 78' lang='grc' dir='ltr'><strong>καὶ,-</strong></span> 
     </span>
    </p>
   </div>
   <div class='ocr_carea' id='block_1_31' title="bbox 293 3606 1874 3683">
    <p class='ocr_par' dir='ltr' id='par_1_31' title="bbox 293 3606 1874 3683">
     <span class='ocr_line' id='line_1_31' title="bbox 293 3606 1874 3683; baseline 0.003 -19"><span class='ocrx_word' id='word_1_205' title='bbox 293 3606 327 3664; x_wconf 78' lang='grc' dir='ltr'><strong>ἰ</strong></span> <span class='ocrx_word' id='word_1_206' title='bbox 370 3611 670 3683; x_wconf 84' lang='grc' dir='ltr'><strong>Πρόσωπον</strong></span> <span class='ocrx_word' id='word_1_207' title='bbox 724 3610 933 3683; x_wconf 81' lang='grc' dir='ltr'><strong>Κυρίου</strong></span> <span class='ocrx_word' id='word_1_208' title='bbox 987 3612 1082 3664; x_wconf 70' lang='grc' dir='ltr'><strong>ἐπὶ</strong></span> <span class='ocrx_word' id='word_1_209' title='bbox 1123 3611 1413 3676; x_wconf 80' lang='grc' dir='ltr'><strong>ποιοῦντας</strong></span> <span class='ocrx_word' id='word_1_210' title='bbox 1464 3615 1647 3669; x_wconf 75' lang='grc' dir='ltr'><strong>κακά’</strong></span> <span class='ocrx_word' id='word_1_211' title='bbox 1689 3634 1707 3666; x_wconf 76' lang='grc' dir='ltr'><strong>ι</strong></span> <span class='ocrx_word' id='word_1_212' title='bbox 1758 3618 1874 3683; x_wconf 76' lang='grc' dir='ltr'><strong>καὶ,</strong></span> 
     </span>
    </p>
   </div>
   <div class='ocr_carea' id='block_1_32' title="bbox 307 3699 1931 3780">
    <p class='ocr_par' dir='ltr' id='par_1_32' title="bbox 307 3699 1931 3780">
     <span class='ocr_line' id='line_1_32' title="bbox 307 3699 1931 3780; baseline 0.001 -22"><span class='ocrx_word' id='word_1_213' title='bbox 307 3721 327 3755; x_wconf 84' lang='lat' dir='ltr'><strong>t</strong></span> <span class='ocrx_word' id='word_1_214' title='bbox 359 3702 607 3773; x_wconf 84' lang='grc' dir='ltr'><strong>Ἐπαρον</strong></span> <span class='ocrx_word' id='word_1_215' title='bbox 633 3699 733 3765; x_wconf 82' lang='grc' dir='ltr'><strong>τάς</strong></span> <span class='ocrx_word' id='word_1_216' title='bbox 761 3701 949 3770; x_wconf 77' lang='grc' dir='ltr'><strong>χεῖράς</strong></span> <span class='ocrx_word' id='word_1_217' title='bbox 980 3719 1072 3780; x_wconf 86' lang='grc' dir='ltr'><strong>σου</strong></span> <span class='ocrx_word' id='word_1_218' title='bbox 1104 3703 1198 3756; x_wconf 76' lang='grc' dir='ltr'><strong>ἐπὶ</strong></span> <span class='ocrx_word' id='word_1_219' title='bbox 1228 3703 1328 3767; x_wconf 82' lang='grc' dir='ltr'><strong>τὰς</strong></span> <span class='ocrx_word' id='word_1_220' title='bbox 1360 3704 1744 3776; x_wconf 82' lang='grc' dir='ltr'><strong>ὑπερηφανίας</strong></span> <span class='ocrx_word' id='word_1_221' title='bbox 1776 3708 1877 3760; x_wconf 81' lang='grc' dir='ltr'><strong>αύ-</strong></span> <span class='ocrx_word' id='word_1_222' title='bbox 1924 3745 1931 3751; x_wconf 77' lang='lat'><strong>.</strong></span> 
     </span>
    </p>
   </div>
   <div class='ocr_carea' id='block_1_33' title="bbox 300 3788 1879 3871">
    <p class='ocr_par' dir='ltr' id='par_1_33' title="bbox 300 3788 1879 3871">
     <span class='ocr_line' id='line_1_33' title="bbox 300 3788 1879 3871; baseline 0.002 -24"><span class='ocrx_word' id='word_1_223' title='bbox 300 3793 429 3848; x_wconf 83' lang='grc' dir='ltr'><strong>τῶν.</strong></span> <span class='ocrx_word' id='word_1_224' title='bbox 463 3811 483 3845; x_wconf 77' lang='lat' dir='ltr'><strong>I</strong></span> <span class='ocrx_word' id='word_1_225' title='bbox 522 3793 635 3862; x_wconf 80' lang='grc' dir='ltr'><strong>Τὴν</strong></span> <span class='ocrx_word' id='word_1_226' title='bbox 675 3788 879 3858; x_wconf 79' lang='grc' dir='ltr'><strong>δεξιάν,</strong></span> <span class='ocrx_word' id='word_1_227' title='bbox 914 3793 1010 3845; x_wconf 66' lang='grc' dir='ltr'><strong>ἐπὶ</strong></span> <span class='ocrx_word' id='word_1_228' title='bbox 1049 3792 1169 3871; x_wconf 28' lang='grc' dir='ltr'><strong>τῶν,</strong></span> <span class='ocrx_word' id='word_1_229' title='bbox 1215 3795 1539 3865; x_wconf 79' lang='grc' dir='ltr'><strong>κρειττόνων</strong></span> <span class='ocrx_word' id='word_1_230' title='bbox 1583 3792 1724 3851; x_wconf 71' lang='grc' dir='ltr'><strong>οἶδεν</strong></span> <span class='ocrx_word' id='word_1_231' title='bbox 1762 3797 1879 3850; x_wconf 77' lang='grc' dir='ltr'><strong>ὀνο-</strong></span> 
     </span>
    </p>
   </div>
   <div class='ocr_carea' id='block_1_34' title="bbox 305 3880 1876 3958">
    <p class='ocr_par' dir='ltr' id='par_1_34' title="bbox 305 3880 1876 3958">
     <span class='ocr_line' id='line_1_34' title="bbox 305 3880 1876 3958; baseline 0.003 -21"><span class='ocrx_word' id='word_1_232' title='bbox 305 3884 522 3955; x_wconf 74' lang='grc' dir='ltr'><strong>μάζειν,</strong></span> <span class='ocrx_word' id='word_1_233' title='bbox 554 3885 630 3949; x_wconf 86' lang='grc' dir='ltr'><strong>ὡς</strong></span> <span class='ocrx_word' id='word_1_234' title='bbox 673 3885 1048 3957; x_wconf 54' lang='grc' dir='ltr'><strong>τιμιωτέραν</strong></span> <span class='ocrx_word' id='word_1_235' title='bbox 1098 3880 1211 3939; x_wconf 75' lang='grc' dir='ltr'><strong>οἷον</strong></span> <span class='ocrx_word' id='word_1_236' title='bbox 1257 3887 1340 3950; x_wconf 82' lang='grc' dir='ltr'><strong>τὸ,</strong></span> <span class='ocrx_word' id='word_1_237' title='bbox 1404 3905 1423 3939; x_wconf 84' lang='lat' dir='ltr'><strong>t</strong></span> <span class='ocrx_word' id='word_1_238' title='bbox 1466 3888 1624 3955; x_wconf 78' lang='grc' dir='ltr'><strong>Δεξιὰ</strong></span> <span class='ocrx_word' id='word_1_239' title='bbox 1673 3889 1876 3958; x_wconf 78' lang='grc' dir='ltr'><strong>Κυρίου</strong></span> 
     </span>
    </p>
   </div>
   <div class='ocr_carea' id='block_1_35' title="bbox 301 3974 1878 4052">
    <p class='ocr_par' dir='ltr' id='par_1_35' title="bbox 301 3974 1878 4052">
     <span class='ocr_line' id='line_1_35' title="bbox 301 3974 1878 4052; baseline 0.003 -23"><span class='ocrx_word' id='word_1_240' title='bbox 301 3976 523 4046; x_wconf 77' lang='grc' dir='ltr'><strong>ἐποίησε</strong></span> <span class='ocrx_word' id='word_1_241' title='bbox 570 3974 834 4045; x_wconf 72' lang='grc' dir='ltr'><strong>δύναμιψ</strong></span> <span class='ocrx_word' id='word_1_242' title='bbox 876 3994 896 4028; x_wconf 82' lang='lat' dir='ltr'><strong>I</strong></span> <span class='ocrx_word' id='word_1_243' title='bbox 949 3977 1042 4029; x_wconf 75' lang='lat' dir='ltr'><strong>Ital.</strong></span> <span class='ocrx_word' id='word_1_244' title='bbox 1085 3976 1167 4039; x_wconf 79' lang='grc' dir='ltr'><strong>τὸ,</strong></span> <span class='ocrx_word' id='word_1_245' title='bbox 1219 3996 1238 4030; x_wconf 86' lang='grc' dir='ltr'><strong>ι</strong></span> <span class='ocrx_word' id='word_1_246' title='bbox 1280 3980 1755 4052; x_wconf 82' lang='grc' dir='ltr'><strong>Προσκυνήσωμεν</strong></span> <span class='ocrx_word' id='word_1_247' title='bbox 1797 3982 1878 4044; x_wconf 84' lang='grc' dir='ltr'><strong>είς</strong></span> 
     </span>
    </p>
   </div>
   <div class='ocr_carea' id='block_1_36' title="bbox 299 4057 1879 4139">
    <p class='ocr_par' dir='ltr' id='par_1_36' title="bbox 299 4057 1879 4139">
     <span class='ocr_line' id='line_1_36' title="bbox 299 4057 1879 4139; baseline 0.003 -19"><span class='ocrx_word' id='word_1_248' title='bbox 299 4068 395 4121; x_wconf 77' lang='grc' dir='ltr'><strong>τὸν</strong></span> <span class='ocrx_word' id='word_1_249' title='bbox 423 4068 583 4121; x_wconf 88' lang='grc' dir='ltr'><strong>τόπον</strong></span> <span class='ocrx_word' id='word_1_250' title='bbox 611 4062 929 4139; x_wconf 74' lang='grc' dir='ltr'><strong>οὗ’ἐστησαν</strong></span> <span class='ocrx_word' id='word_1_251' title='bbox 956 4068 1006 4121; x_wconf 91' lang='grc' dir='ltr'><strong>οί</strong></span> <span class='ocrx_word' id='word_1_252' title='bbox 1038 4068 1195 4133; x_wconf 81' lang='grc' dir='ltr'><strong>πόδες</strong></span> <span class='ocrx_word' id='word_1_253' title='bbox 1218 4061 1382 4123; x_wconf 68' lang='grc' dir='ltr'><strong>αὐτοῦ</strong></span> <span class='ocrx_word' id='word_1_254' title='bbox 1403 4086 1418 4102; x_wconf 91' lang='grc'><strong>·</strong></span> <span class='ocrx_word' id='word_1_255' title='bbox 1448 4089 1472 4125; x_wconf 72' lang='grc' dir='ltr'><strong>ι</strong></span> <span class='ocrx_word' id='word_1_256' title='bbox 1509 4071 1605 4124; x_wconf 77' lang='grc' dir='ltr'><strong>καὶ</strong></span> <span class='ocrx_word' id='word_1_257' title='bbox 1633 4057 1733 4125; x_wconf 82' lang='grc' dir='ltr'><strong>ὅσα</strong></span> <span class='ocrx_word' id='word_1_258' title='bbox 1754 4071 1879 4125; x_wconf 86' lang='grc' dir='ltr'><strong>τού-</strong></span> 
     </span>
    </p>
   </div>
   <div class='ocr_carea' id='block_1_37' title="bbox 299 4157 1879 4239">
    <p class='ocr_par' dir='ltr' id='par_1_37' title="bbox 299 4157 1879 4239">
     <span class='ocr_line' id='line_1_37' title="bbox 299 4157 1879 4239; baseline 0.005 -28"><span class='ocrx_word' id='word_1_259' title='bbox 299 4175 413 4220; x_wconf 83' lang='grc' dir='ltr'><strong>τοις</strong></span> <span class='ocrx_word' id='word_1_260' title='bbox 438 4157 794 4230; x_wconf 83' lang='grc' dir='ltr'><strong>παραπλήσια</strong></span> <span class='ocrx_word' id='word_1_261' title='bbox 812 4174 826 4190; x_wconf 88' lang='grc'><strong>·</strong></span> <span class='ocrx_word' id='word_1_262' title='bbox 853 4158 1059 4214; x_wconf 88' lang='grc' dir='ltr'><strong>τούτων</strong></span> <span class='ocrx_word' id='word_1_263' title='bbox 1082 4160 1159 4227; x_wconf 81' lang='grc' dir='ltr'><strong>δὲ,</strong></span> <span class='ocrx_word' id='word_1_264' title='bbox 1186 4161 1256 4215; x_wconf 80' lang='grc' dir='ltr'><strong>τὰ</strong></span> <span class='ocrx_word' id='word_1_265' title='bbox 1280 4162 1379 4239; x_wconf 79' lang='grc' dir='ltr'><strong>μὲν</strong></span> <span class='ocrx_word' id='word_1_266' title='bbox 1402 4162 1495 4217; x_wconf 65' lang='grc' dir='ltr'><strong>ἰπὶ</strong></span> <span class='ocrx_word' id='word_1_267' title='bbox 1518 4164 1781 4236; x_wconf 76' lang='grc' dir='ltr'><strong>σωτηρίᾳ,</strong></span> <span class='ocrx_word' id='word_1_268' title='bbox 1810 4164 1879 4220; x_wconf 77' lang='grc' dir='ltr'><strong>τά</strong></span> 
     </span>
    </p>
   </div>
   <div class='ocr_carea' id='block_1_38' title="bbox 299 4247 1321 4320">
    <p class='ocr_par' dir='ltr' id='par_1_38' title="bbox 299 4247 1321 4320">
     <span class='ocr_line' id='line_1_38' title="bbox 299 4247 1321 4320; baseline 0.002 -17"><span class='ocrx_word' id='word_1_269' title='bbox 299 4250 359 4304; x_wconf 75' lang='grc' dir='ltr'><strong>δὲ</strong></span> <span class='ocrx_word' id='word_1_270' title='bbox 387 4249 481 4302; x_wconf 65' lang='grc' dir='ltr'><strong>ἐπὶ</strong></span> <span class='ocrx_word' id='word_1_271' title='bbox 503 4247 742 4320; x_wconf 81' lang='grc' dir='ltr'><strong>τιμωρίᾳ</strong></span> <span class='ocrx_word' id='word_1_272' title='bbox 775 4249 1162 4319; x_wconf 78' lang='grc' dir='ltr'><strong>προϐάλλεται.</strong></span> <span class='ocrx_word' id='word_1_273' title='bbox 1314 4290 1321 4298; x_wconf 81' lang='grc'><strong><em>.</em></strong></span> 
     </span>
    </p>
   </div>
   <div class='ocr_carea' id='block_1_39' title="bbox 374 4340 1880 4416">
    <p class='ocr_par' dir='ltr' id='par_1_39' title="bbox 374 4340 1880 4416">
     <span class='ocr_line' id='line_1_39' title="bbox 374 4340 1880 4416; baseline 0.003 -19"><span class='ocrx_word' id='word_1_274' title='bbox 374 4342 440 4413; x_wconf 85' lang='grc' dir='ltr'><strong>β’.</strong></span> <span class='ocrx_word' id='word_1_275' title='bbox 480 4343 667 4404; x_wconf 86' lang='grc' dir='ltr'><strong>Ὅπως</strong></span> <span class='ocrx_word' id='word_1_276' title='bbox 722 4340 831 4395; x_wconf 77' lang='grc' dir='ltr'><strong>ἀπὸ</strong></span> <span class='ocrx_word' id='word_1_277' title='bbox 880 4342 1222 4414; x_wconf 59' lang='grc' dir='ltr'><strong>αἰσθήσεων</strong></span> <span class='ocrx_word' id='word_1_278' title='bbox 1255 4345 1331 4409; x_wconf 81' lang='grc' dir='ltr'><strong>ὡς</strong></span> <span class='ocrx_word' id='word_1_279' title='bbox 1364 4344 1447 4409; x_wconf 82' lang='grc' dir='ltr'><strong>τὸ,</strong></span> <span class='ocrx_word' id='word_1_280' title='bbox 1496 4364 1515 4398; x_wconf 79' lang='grc' dir='ltr'><strong>ι</strong></span> <span class='ocrx_word' id='word_1_281' title='bbox 1552 4346 1880 4416; x_wconf 68' lang='grc' dir='ltr'><strong>Ἐπέόλεψεν</strong></span> 
     </span>
    </p>
   </div>
   <div class='ocr_carea' id='block_1_40' title="bbox 1971 1895 3537 1966">
    <p class='ocr_par' dir='ltr' id='par_1_40' title="bbox 1971 1895 3537 1966">
     <span class='ocr_line' id='line_1_40' title="bbox 1971 1895 3537 1966; baseline 0.001 -17"><span class='ocrx_word' id='word_1_282' title='bbox 1971 1910 2204 1966; x_wconf 88' lang='lat' dir='ltr'><strong>quarum</strong></span> <span class='ocrx_word' id='word_1_283' title='bbox 2255 1909 2417 1948; x_wconf 89' lang='lat' dir='ltr'><strong>unam</strong></span> <span class='ocrx_word' id='word_1_284' title='bbox 2451 1909 2480 1947; x_wconf 86' lang='lat' dir='ltr'><strong>a</strong></span> <span class='ocrx_word' id='word_1_285' title='bbox 2517 1895 2952 1965; x_wconf 74' lang='lat' dir='ltr'><strong>cogitationibus</strong></span> <span class='ocrx_word' id='word_1_286' title='bbox 2996 1895 3263 1959; x_wconf 81' lang='lat' dir='ltr'><strong>invenies,</strong></span> <span class='ocrx_word' id='word_1_287' title='bbox 3298 1897 3457 1950; x_wconf 84' lang='lat' dir='ltr'><strong>aliam</strong></span> <span class='ocrx_word' id='word_1_288' title='bbox 3506 1912 3537 1950; x_wconf 87' lang='lat' dir='ltr'><strong>a</strong></span> 
     </span>
    </p>
   </div>
   <div class='ocr_carea' id='block_1_41' title="bbox 1973 1984 2859 2058">
    <p class='ocr_par' dir='ltr' id='par_1_41' title="bbox 1973 1984 2859 2058">
     <span class='ocr_line' id='line_1_41' title="bbox 1973 1984 2859 2058; baseline -0.002 -16"><span class='ocrx_word' id='word_1_289' title='bbox 1973 1984 2135 2058; x_wconf 84' lang='lat' dir='ltr'><strong>stylo,</strong></span> <span class='ocrx_word' id='word_1_290' title='bbox 2176 1985 2339 2046; x_wconf 83' lang='lat' dir='ltr'><strong>aliam</strong></span> <span class='ocrx_word' id='word_1_291' title='bbox 2376 2000 2406 2039; x_wconf 90' lang='lat' dir='ltr'><strong>a</strong></span> <span class='ocrx_word' id='word_1_292' title='bbox 2437 1985 2859 2054; x_wconf 77' lang='lat' dir='ltr'><strong>compositione.</strong></span> 
     </span>
    </p>
   </div>
   <div class='ocr_carea' id='block_1_42' title="bbox 2151 2075 3359 2145">
    <p class='ocr_par' dir='ltr' id='par_1_42' title="bbox 2151 2075 3359 2145">
     <span class='ocr_line' id='line_1_42' title="bbox 2151 2075 3359 2145; baseline 0 -15"><span class='ocrx_word' id='word_1_293' title='bbox 2151 2075 2485 2145; x_wconf 82' lang='lat' dir='ltr'><strong>Principium</strong></span> <span class='ocrx_word' id='word_1_294' title='bbox 2511 2076 2829 2130; x_wconf 83' lang='lat' dir='ltr'><strong>idiomatum</strong></span> <span class='ocrx_word' id='word_1_295' title='bbox 2860 2092 2891 2128; x_wconf 85' lang='grc' dir='ltr'><strong>α</strong></span> <span class='ocrx_word' id='word_1_296' title='bbox 2924 2075 3359 2145; x_wconf 82' lang='lat' dir='ltr'><strong>cogitationibus.</strong></span> 
     </span>
    </p>
   </div>
   <div class='ocr_carea' id='block_1_43' title="bbox 2042 2163 3543 2235">
    <p class='ocr_par' dir='ltr' id='par_1_43' title="bbox 2042 2163 3543 2235">
     <span class='ocr_line' id='line_1_43' title="bbox 2042 2163 3543 2235; baseline 0 -16"><span class='ocrx_word' id='word_1_297' title='bbox 2042 2165 2199 2233; x_wconf 85' lang='lat' dir='ltr'><strong>Quod</strong></span> <span class='ocrx_word' id='word_1_298' title='bbox 2232 2178 2367 2235; x_wconf 84' lang='lat' dir='ltr'><strong>ergo</strong></span> <span class='ocrx_word' id='word_1_299' title='bbox 2398 2182 2429 2218; x_wconf 88' lang='lat' dir='ltr'><strong>a</strong></span> <span class='ocrx_word' id='word_1_300' title='bbox 2470 2163 2898 2233; x_wconf 75' lang='lat' dir='ltr'><strong>cogitationibus</strong></span> <span class='ocrx_word' id='word_1_301' title='bbox 2927 2174 3033 2228; x_wconf 89' lang='lat' dir='ltr'><strong>est,</strong></span> <span class='ocrx_word' id='word_1_302' title='bbox 3072 2165 3177 2218; x_wconf 88' lang='lat' dir='ltr'><strong>boc</strong></span> <span class='ocrx_word' id='word_1_303' title='bbox 3207 2164 3276 2217; x_wconf 88' lang='lat' dir='ltr'><strong>ab</strong></span> <span class='ocrx_word' id='word_1_304' title='bbox 3306 2164 3389 2219; x_wconf 86' lang='lat' dir='ltr'><strong>his</strong></span> <span class='ocrx_word' id='word_1_305' title='bbox 3420 2179 3543 2234; x_wconf 64' lang='lat' dir='ltr'><strong>quae</strong></span> 
     </span>
    </p>
   </div>
   <div class='ocr_carea' id='block_1_44' title="bbox 1973 2253 3542 2325">
    <p class='ocr_par' dir='ltr' id='par_1_44' title="bbox 1973 2253 3542 2325">
     <span class='ocr_line' id='line_1_44' title="bbox 1973 2253 3542 2325; baseline -0.001 -13"><span class='ocrx_word' id='word_1_306' title='bbox 1973 2267 2161 2312; x_wconf 88' lang='lat' dir='ltr'><strong>nostra</strong></span> <span class='ocrx_word' id='word_1_307' title='bbox 2209 2265 2339 2310; x_wconf 88' lang='lat' dir='ltr'><strong>sunt</strong></span> <span class='ocrx_word' id='word_1_308' title='bbox 2386 2253 2481 2309; x_wconf 87' lang='lat' dir='ltr'><strong>Dei</strong></span> <span class='ocrx_word' id='word_1_309' title='bbox 2528 2254 2787 2325; x_wconf 79' lang='lat' dir='ltr'><strong>emngere</strong></span> <span class='ocrx_word' id='word_1_310' title='bbox 2828 2254 3222 2324; x_wconf 89' lang='lat' dir='ltr'><strong>operationes,</strong></span> <span class='ocrx_word' id='word_1_311' title='bbox 3282 2263 3396 2309; x_wconf 89' lang='lat' dir='ltr'><strong>tum</strong></span> <span class='ocrx_word' id='word_1_312' title='bbox 3444 2270 3542 2324; x_wconf 87' lang='lat' dir='ltr'><strong>pro</strong></span> 
     </span>
    </p>
   </div>
   <div class='ocr_carea' id='block_1_45' title="bbox 1974 2342 3542 2414">
    <p class='ocr_par' dir='ltr' id='par_1_45' title="bbox 1974 2342 3542 2414">
     <span class='ocr_line' id='line_1_45' title="bbox 1974 2342 3542 2414; baseline -0.001 -13"><span class='ocrx_word' id='word_1_313' title='bbox 1974 2346 2157 2412; x_wconf 87' lang='lat' dir='ltr'><strong>bono,.</strong></span> <span class='ocrx_word' id='word_1_314' title='bbox 2176 2353 2289 2399; x_wconf 91' lang='lat' dir='ltr'><strong>tum</strong></span> <span class='ocrx_word' id='word_1_315' title='bbox 2318 2360 2417 2414; x_wconf 89' lang='lat' dir='ltr'><strong>pro</strong></span> <span class='ocrx_word' id='word_1_316' title='bbox 2455 2344 2602 2399; x_wconf 90' lang='lat' dir='ltr'><strong>malo</strong></span> <span class='ocrx_word' id='word_1_317' title='bbox 2627 2343 2855 2400; x_wconf 81' lang='lat' dir='ltr'><strong>eﬂ‘ectus</strong></span> <span class='ocrx_word' id='word_1_318' title='bbox 2883 2362 2897 2399; x_wconf 91' lang='lat'><strong>:</strong></span> <span class='ocrx_word' id='word_1_319' title='bbox 2930 2342 3055 2400; x_wconf 86' lang='lat' dir='ltr'><strong>dico</strong></span> <span class='ocrx_word' id='word_1_320' title='bbox 3081 2353 3177 2397; x_wconf 88' lang='lat' dir='ltr'><strong>aut</strong></span> <span class='ocrx_word' id='word_1_321' title='bbox 3207 2358 3237 2397; x_wconf 92' lang='lat' dir='ltr'><strong>a</strong></span> <span class='ocrx_word' id='word_1_322' title='bbox 3261 2343 3542 2408; x_wconf 76' lang='lat' dir='ltr'><strong>membris,</strong></span> 
     </span>
    </p>
   </div>
   <div class='ocr_carea' id='block_1_46' title="bbox 1974 2435 3545 2506">
    <p class='ocr_par' dir='ltr' id='par_1_46' title="bbox 1974 2435 3545 2506">
     <span class='ocr_line' id='line_1_46' title="bbox 1974 2435 3545 2506; baseline -0.003 -13"><span class='ocrx_word' id='word_1_323' title='bbox 1974 2446 2069 2493; x_wconf 86' lang='lat' dir='ltr'><strong>aut</strong></span> <span class='ocrx_word' id='word_1_324' title='bbox 2106 2453 2136 2493; x_wconf 92' lang='lat' dir='ltr'><strong>a</strong></span> <span class='ocrx_word' id='word_1_325' title='bbox 2168 2439 2444 2503; x_wconf 88' lang='lat' dir='ltr'><strong>sensibus,</strong></span> <span class='ocrx_word' id='word_1_326' title='bbox 2478 2445 2575 2492; x_wconf 83' lang='lat' dir='ltr'><strong>aut</strong></span> <span class='ocrx_word' id='word_1_327' title='bbox 2605 2452 2636 2492; x_wconf 87' lang='lat' dir='ltr'><strong>a</strong></span> <span class='ocrx_word' id='word_1_328' title='bbox 2665 2437 2907 2493; x_wconf 87' lang='lat' dir='ltr'><strong>motibus</strong></span> <span class='ocrx_word' id='word_1_329' title='bbox 2934 2435 3342 2506; x_wconf 87' lang='lat' dir='ltr'><strong>spiritualibus,</strong></span> <span class='ocrx_word' id='word_1_330' title='bbox 3392 2443 3487 2489; x_wconf 82' lang='lat' dir='ltr'><strong>aut</strong></span> <span class='ocrx_word' id='word_1_331' title='bbox 3514 2449 3545 2489; x_wconf 88' lang='lat' dir='ltr'><strong>a</strong></span> 
     </span>
    </p>
   </div>
   <div class='ocr_carea' id='block_1_47' title="bbox 1974 2527 3548 2601">
    <p class='ocr_par' dir='ltr' id='par_1_47' title="bbox 1974 2527 3548 2601">
     <span class='ocr_line' id='line_1_47' title="bbox 1974 2527 3548 2601; baseline -0.004 -15"><span class='ocrx_word' id='word_1_332' title='bbox 1974 2531 2217 2586; x_wconf 87' lang='lat' dir='ltr'><strong>motibus</strong></span> <span class='ocrx_word' id='word_1_333' title='bbox 2246 2530 2650 2601; x_wconf 81' lang='lat' dir='ltr'><strong>corporalibus,</strong></span> <span class='ocrx_word' id='word_1_334' title='bbox 2679 2538 2774 2584; x_wconf 89' lang='lat' dir='ltr'><strong>aut</strong></span> <span class='ocrx_word' id='word_1_335' title='bbox 2801 2543 2831 2583; x_wconf 90' lang='lat' dir='ltr'><strong>a</strong></span> <span class='ocrx_word' id='word_1_336' title='bbox 2862 2528 3214 2599; x_wconf 87' lang='lat' dir='ltr'><strong>passionibus</strong></span> <span class='ocrx_word' id='word_1_337' title='bbox 3238 2527 3548 2596; x_wconf 86' lang='lat' dir='ltr'><strong>spirituali-</strong></span> 
     </span>
    </p>
   </div>
   <div class='ocr_carea' id='block_1_48' title="bbox 1975 2617 3548 2691">
    <p class='ocr_par' dir='ltr' id='par_1_48' title="bbox 1975 2617 3548 2691">
     <span class='ocr_line' id='line_1_48' title="bbox 1975 2617 3548 2691; baseline -0.005 -13"><span class='ocrx_word' id='word_1_338' title='bbox 1975 2622 2100 2687; x_wconf 86' lang='lat' dir='ltr'><strong>bus,</strong></span> <span class='ocrx_word' id='word_1_339' title='bbox 2149 2630 2297 2676; x_wconf 86' lang='lat' dir='ltr'><strong>auta</strong></span> <span class='ocrx_word' id='word_1_340' title='bbox 2332 2621 2684 2691; x_wconf 85' lang='lat' dir='ltr'><strong>passionibus</strong></span> <span class='ocrx_word' id='word_1_341' title='bbox 2728 2619 3126 2689; x_wconf 84' lang='lat' dir='ltr'><strong>corporalibus,</strong></span> <span class='ocrx_word' id='word_1_342' title='bbox 3185 2626 3280 2672; x_wconf 89' lang='lat' dir='ltr'><strong>aut</strong></span> <span class='ocrx_word' id='word_1_343' title='bbox 3307 2617 3548 2686; x_wconf 86' lang='lat' dir='ltr'><strong>adispo-</strong></span> 
     </span>
    </p>
   </div>
   <div class='ocr_carea' id='block_1_49' title="bbox 1976 2705 3548 2775">
    <p class='ocr_par' dir='ltr' id='par_1_49' title="bbox 1976 2705 3548 2775">
     <span class='ocr_line' id='line_1_49' title="bbox 1976 2705 3548 2775; baseline -0.003 -10"><span class='ocrx_word' id='word_1_344' title='bbox 1976 2709 2295 2775; x_wconf 84' lang='lat' dir='ltr'><strong>sitionibus,</strong></span> <span class='ocrx_word' id='word_1_345' title='bbox 2348 2717 2445 2763; x_wconf 86' lang='lat' dir='ltr'><strong>aut</strong></span> <span class='ocrx_word' id='word_1_346' title='bbox 2477 2722 2505 2762; x_wconf 91' lang='lat' dir='ltr'><strong>a</strong></span> <span class='ocrx_word' id='word_1_347' title='bbox 2541 2707 2930 2763; x_wconf 88' lang='lat' dir='ltr'><strong>communibus</strong></span> <span class='ocrx_word' id='word_1_348' title='bbox 2963 2705 3231 2770; x_wconf 89' lang='lat' dir='ltr'><strong>dicteriis,</strong></span> <span class='ocrx_word' id='word_1_349' title='bbox 3264 2714 3359 2760; x_wconf 89' lang='lat' dir='ltr'><strong>aut</strong></span> <span class='ocrx_word' id='word_1_350' title='bbox 3401 2721 3431 2760; x_wconf 88' lang='lat' dir='ltr'><strong>a</strong></span> <span class='ocrx_word' id='word_1_351' title='bbox 3459 2706 3548 2760; x_wconf 88' lang='lat' dir='ltr'><strong>di-</strong></span> 
     </span>
    </p>
   </div>
   <div class='ocr_carea' id='block_1_50' title="bbox 1976 2795 3545 2871">
    <p class='ocr_par' dir='ltr' id='par_1_50' title="bbox 1976 2795 3545 2871">
     <span class='ocr_line' id='line_1_50' title="bbox 1976 2795 3545 2871; baseline -0.002 -17"><span class='ocrx_word' id='word_1_352' title='bbox 1976 2800 2298 2871; x_wconf 88' lang='lat' dir='ltr'><strong>gnitatibus,</strong></span> <span class='ocrx_word' id='word_1_353' title='bbox 2334 2808 2430 2854; x_wconf 84' lang='lat' dir='ltr'><strong>aut</strong></span> <span class='ocrx_word' id='word_1_354' title='bbox 2460 2799 2530 2854; x_wconf 89' lang='lat' dir='ltr'><strong>ab</strong></span> <span class='ocrx_word' id='word_1_355' title='bbox 2565 2798 2762 2869; x_wconf 87' lang='lat' dir='ltr'><strong>agendi</strong></span> <span class='ocrx_word' id='word_1_356' title='bbox 2804 2798 3134 2862; x_wconf 87' lang='lat' dir='ltr'><strong>rationibus,</strong></span> <span class='ocrx_word' id='word_1_357' title='bbox 3182 2806 3277 2850; x_wconf 88' lang='lat' dir='ltr'><strong>aut</strong></span> <span class='ocrx_word' id='word_1_358' title='bbox 3320 2810 3350 2849; x_wconf 90' lang='lat' dir='ltr'><strong>a</strong></span> <span class='ocrx_word' id='word_1_359' title='bbox 3387 2795 3545 2861; x_wconf 80' lang='lat' dir='ltr'><strong>locis,</strong></span> 
     </span>
    </p>
   </div>
   <div class='ocr_carea' id='block_1_51' title="bbox 1976 2883 3548 2954">
    <p class='ocr_par' dir='ltr' id='par_1_51' title="bbox 1976 2883 3548 2954">
     <span class='ocr_line' id='line_1_51' title="bbox 1976 2883 3548 2954; baseline -0.002 -10"><span class='ocrx_word' id='word_1_360' title='bbox 1976 2900 2071 2945; x_wconf 87' lang='lat' dir='ltr'><strong>aut</strong></span> <span class='ocrx_word' id='word_1_361' title='bbox 2099 2890 2169 2945; x_wconf 90' lang='lat' dir='ltr'><strong>ab</strong></span> <span class='ocrx_word' id='word_1_362' title='bbox 2195 2888 2677 2954; x_wconf 41' lang='lat' dir='ltr'><strong>indumentis,.aut</strong></span> <span class='ocrx_word' id='word_1_363' title='bbox 2709 2903 2740 2942; x_wconf 90' lang='lat' dir='ltr'><strong>a</strong></span> <span class='ocrx_word' id='word_1_364' title='bbox 2768 2889 3041 2953; x_wconf 87' lang='lat' dir='ltr'><strong>moribus,</strong></span> <span class='ocrx_word' id='word_1_365' title='bbox 3075 2896 3169 2941; x_wconf 90' lang='lat' dir='ltr'><strong>aut</strong></span> <span class='ocrx_word' id='word_1_366' title='bbox 3196 2900 3227 2940; x_wconf 88' lang='lat' dir='ltr'><strong>a</strong></span> <span class='ocrx_word' id='word_1_367' title='bbox 3252 2883 3415 2952; x_wconf 79' lang='lat' dir='ltr'><strong>facie,</strong></span> <span class='ocrx_word' id='word_1_368' title='bbox 3452 2894 3548 2941; x_wconf 91' lang='lat' dir='ltr'><strong>aut</strong></span> 
     </span>
    </p>
   </div>
   <div class='ocr_carea' id='block_1_52' title="bbox 1976 2978 2428 3034">
    <p class='ocr_par' dir='ltr' id='par_1_52' title="bbox 1976 2978 2428 3034">
     <span class='ocr_line' id='line_1_52' title="bbox 1976 2978 2428 3034; baseline -0.007 0"><span class='ocrx_word' id='word_1_369' title='bbox 1976 2994 2008 3034; x_wconf 92' lang='lat' dir='ltr'><strong>a</strong></span> <span class='ocrx_word' id='word_1_370' title='bbox 2040 2988 2155 3034; x_wconf 88' lang='lat' dir='ltr'><strong>toto</strong></span> <span class='ocrx_word' id='word_1_371' title='bbox 2182 2978 2428 3032; x_wconf 83' lang='lat' dir='ltr'><strong>animali.</strong></span> 
     </span>
    </p>
   </div>
   <div class='ocr_carea' id='block_1_53' title="bbox 2050 3070 3543 3139">
    <p class='ocr_par' dir='ltr' id='par_1_53' title="bbox 2050 3070 3543 3139">
     <span class='ocr_line' id='line_1_53' title="bbox 2050 3070 3543 3139; baseline -0.001 -14"><span class='ocrx_word' id='word_1_372' title='bbox 2050 3072 2101 3125; x_wconf 85' lang='lat' dir='ltr'><strong>I.</strong></span> <span class='ocrx_word' id='word_1_373' title='bbox 2141 3071 2435 3138; x_wconf 81' lang='lat' dir='ltr'><strong>Quomodo</strong></span> <span class='ocrx_word' id='word_1_374' title='bbox 2464 3086 2495 3125; x_wconf 88' lang='lat' dir='ltr'><strong>a</strong></span> <span class='ocrx_word' id='word_1_375' title='bbox 2550 3070 2809 3126; x_wconf 86' lang='lat' dir='ltr'><strong>membris</strong></span> <span class='ocrx_word' id='word_1_376' title='bbox 2838 3087 2852 3125; x_wconf 92' lang='lat'><strong>:</strong></span> <span class='ocrx_word' id='word_1_377' title='bbox 2884 3086 2914 3126; x_wconf 96' lang='lat' dir='ltr'><strong>a</strong></span> <span class='ocrx_word' id='word_1_378' title='bbox 2961 3072 3239 3139; x_wconf 89' lang='lat' dir='ltr'><strong>membris,</strong></span> <span class='ocrx_word' id='word_1_379' title='bbox 3291 3072 3499 3129; x_wconf 87' lang='lat' dir='ltr'><strong>scilicet</strong></span> <span class='ocrx_word' id='word_1_380' title='bbox 3530 3089 3543 3123; x_wconf 91' lang='lat'><strong>:</strong></span> 
     </span>
    </p>
   </div>
   <div class='ocr_carea' id='block_1_54' title="bbox 1909 3142 3545 3233">
    <p class='ocr_par' dir='ltr' id='par_1_54' title="bbox 1909 3142 3545 3233">
     <span class='ocr_line' id='line_1_54' title="bbox 1909 3142 3545 3233; baseline 0.002 -19"><span class='ocrx_word' id='word_1_381' title='bbox 1909 3142 1948 3196; x_wconf 75' lang='grc' dir='ltr'><strong><em>Β</em></strong></span> <span class='ocrx_word' id='word_1_382' title='bbox 1982 3181 2001 3214; x_wconf 83' lang='lat' dir='ltr'><strong>I</strong></span> <span class='ocrx_word' id='word_1_383' title='bbox 2035 3161 2314 3232; x_wconf 77' lang='lat' dir='ltr'><strong>Palpebra:</strong></span> <span class='ocrx_word' id='word_1_384' title='bbox 2341 3163 2462 3232; x_wconf 87' lang='lat' dir='ltr'><strong>ejus</strong></span> <span class='ocrx_word' id='word_1_385' title='bbox 2495 3162 2839 3233; x_wconf 83' lang='lat' dir='ltr'><strong>interrogant</strong></span> <span class='ocrx_word' id='word_1_386' title='bbox 2870 3163 3017 3219; x_wconf 77' lang='lat' dir='ltr'><strong>ﬁlios</strong></span> <span class='ocrx_word' id='word_1_387' title='bbox 3057 3163 3383 3230; x_wconf 86' lang='lat' dir='ltr'><strong>hominum;</strong></span> <span class='ocrx_word' id='word_1_388' title='bbox 3416 3182 3435 3216; x_wconf 86' lang='lat' dir='ltr'><strong>I</strong></span> <span class='ocrx_word' id='word_1_389' title='bbox 3468 3172 3545 3227; x_wconf 90' lang='lat' dir='ltr'><strong>et,</strong></span> 
     </span>
    </p>
   </div>
   <div class='ocr_carea' id='block_1_55' title="bbox 1981 3254 3550 3324">
    <p class='ocr_par' dir='ltr' id='par_1_55' title="bbox 1981 3254 3550 3324">
     <span class='ocr_line' id='line_1_55' title="bbox 1981 3254 3550 3324; baseline -0.001 -14"><span class='ocrx_word' id='word_1_390' title='bbox 1981 3273 2000 3306; x_wconf 81' lang='grc' dir='ltr'><strong>ι</strong></span> <span class='ocrx_word' id='word_1_391' title='bbox 2030 3254 2188 3310; x_wconf 91' lang='lat' dir='ltr'><strong>Oculi</strong></span> <span class='ocrx_word' id='word_1_392' title='bbox 2231 3254 2448 3309; x_wconf 89' lang='lat' dir='ltr'><strong>Domini</strong></span> <span class='ocrx_word' id='word_1_393' title='bbox 2494 3268 2662 3324; x_wconf 87' lang='lat' dir='ltr'><strong>super</strong></span> <span class='ocrx_word' id='word_1_394' title='bbox 2681 3254 2898 3324; x_wconf 87' lang='lat' dir='ltr'><strong>justos;</strong></span> <span class='ocrx_word' id='word_1_395' title='bbox 2931 3273 2950 3304; x_wconf 74' lang='grc' dir='ltr'><strong>ι</strong></span> <span class='ocrx_word' id='word_1_396' title='bbox 2984 3264 3061 3321; x_wconf 88' lang='lat' dir='ltr'><strong>et,</strong></span> <span class='ocrx_word' id='word_1_397' title='bbox 3102 3274 3121 3307; x_wconf 76' lang='grc' dir='ltr'><strong>ι</strong></span> <span class='ocrx_word' id='word_1_398' title='bbox 3154 3256 3366 3311; x_wconf 88' lang='lat' dir='ltr'><strong>Bonum</strong></span> <span class='ocrx_word' id='word_1_399' title='bbox 3414 3254 3550 3309; x_wconf 85' lang='lat' dir='ltr'><strong>mibi</strong></span> 
     </span>
    </p>
   </div>
   <div class='ocr_carea' id='block_1_56' title="bbox 1975 3345 3551 3417">
    <p class='ocr_par' dir='ltr' id='par_1_56' title="bbox 1975 3345 3551 3417">
     <span class='ocr_line' id='line_1_56' title="bbox 1975 3345 3551 3417; baseline -0.001 -17"><span class='ocrx_word' id='word_1_400' title='bbox 1975 3346 2061 3400; x_wconf 80' lang='lat' dir='ltr'><strong>lex</strong></span> <span class='ocrx_word' id='word_1_401' title='bbox 2096 3346 2211 3402; x_wconf 91' lang='lat' dir='ltr'><strong>oris</strong></span> <span class='ocrx_word' id='word_1_402' title='bbox 2246 3346 2363 3411; x_wconf 91' lang='lat' dir='ltr'><strong>tui;</strong></span> <span class='ocrx_word' id='word_1_403' title='bbox 2402 3367 2421 3400; x_wconf 85' lang='lat' dir='ltr'><strong>I</strong></span> <span class='ocrx_word' id='word_1_404' title='bbox 2453 3354 2528 3411; x_wconf 90' lang='lat' dir='ltr'><strong>et,</strong></span> <span class='ocrx_word' id='word_1_405' title='bbox 2566 3364 2586 3398; x_wconf 74' lang='grc' dir='ltr'><strong>ι</strong></span> <span class='ocrx_word' id='word_1_406' title='bbox 2639 3345 2964 3417; x_wconf 79' lang='lat' dir='ltr'><strong>Egredletur</strong></span> <span class='ocrx_word' id='word_1_407' title='bbox 3001 3347 3069 3403; x_wconf 91' lang='lat' dir='ltr'><strong>de</strong></span> <span class='ocrx_word' id='word_1_408' title='bbox 3118 3363 3213 3403; x_wconf 91' lang='lat' dir='ltr'><strong>ore</strong></span> <span class='ocrx_word' id='word_1_409' title='bbox 3243 3346 3551 3416; x_wconf 88' lang='lat' dir='ltr'><strong>meojnsti-</strong></span> 
     </span>
    </p>
   </div>
   <div class='ocr_carea' id='block_1_57' title="bbox 1978 3436 3544 3508">
    <p class='ocr_par' dir='ltr' id='par_1_57' title="bbox 1978 3436 3544 3508">
     <span class='ocr_line' id='line_1_57' title="bbox 1978 3436 3544 3508; baseline -0.003 -17"><span class='ocrx_word' id='word_1_410' title='bbox 1978 3437 2080 3503; x_wconf 91' lang='lat' dir='ltr'><strong>tia;</strong></span> <span class='ocrx_word' id='word_1_411' title='bbox 2114 3455 2133 3489; x_wconf 73' lang='grc' dir='ltr'><strong>ι</strong></span> <span class='ocrx_word' id='word_1_412' title='bbox 2166 3445 2240 3502; x_wconf 85' lang='lat' dir='ltr'><strong>et,</strong></span> <span class='ocrx_word' id='word_1_413' title='bbox 2289 3455 2308 3489; x_wconf 85' lang='grc' dir='ltr'><strong>ι</strong></span> <span class='ocrx_word' id='word_1_414' title='bbox 2340 3436 2539 3493; x_wconf 81' lang='lat' dir='ltr'><strong>Vultus</strong></span> <span class='ocrx_word' id='word_1_415' title='bbox 2570 3437 2787 3492; x_wconf 90' lang='lat' dir='ltr'><strong>Domini</strong></span> <span class='ocrx_word' id='word_1_416' title='bbox 2821 3453 2986 3508; x_wconf 86' lang='lat' dir='ltr'><strong>super</strong></span> <span class='ocrx_word' id='word_1_417' title='bbox 3016 3436 3284 3494; x_wconf 77' lang='lat' dir='ltr'><strong>facientes</strong></span> <span class='ocrx_word' id='word_1_418' title='bbox 3314 3438 3495 3503; x_wconf 86' lang='lat' dir='ltr'><strong>mala;</strong></span> <span class='ocrx_word' id='word_1_419' title='bbox 3526 3456 3544 3487; x_wconf 78' lang='grc' dir='ltr'><strong>ι</strong></span> 
     </span>
    </p>
   </div>
   <div class='ocr_carea' id='block_1_58' title="bbox 1974 3528 3552 3602">
    <p class='ocr_par' dir='ltr' id='par_1_58' title="bbox 1974 3528 3552 3602">
     <span class='ocr_line' id='line_1_58' title="bbox 1974 3528 3552 3602; baseline -0.001 -19"><span class='ocrx_word' id='word_1_420' title='bbox 1974 3538 2052 3593; x_wconf 90' lang='lat' dir='ltr'><strong>et,</strong></span> <span class='ocrx_word' id='word_1_421' title='bbox 2094 3546 2113 3579; x_wconf 84' lang='grc' dir='ltr'><strong>ι</strong></span> <span class='ocrx_word' id='word_1_422' title='bbox 2146 3528 2290 3585; x_wconf 87' lang='lat' dir='ltr'><strong>Leva</strong></span> <span class='ocrx_word' id='word_1_423' title='bbox 2333 3545 2531 3585; x_wconf 88' lang='lat' dir='ltr'><strong>manus</strong></span> <span class='ocrx_word' id='word_1_424' title='bbox 2562 3538 2686 3585; x_wconf 85' lang='lat' dir='ltr'><strong>tuas</strong></span> <span class='ocrx_word' id='word_1_425' title='bbox 2716 3530 2771 3585; x_wconf 91' lang='lat' dir='ltr'><strong>in</strong></span> <span class='ocrx_word' id='word_1_426' title='bbox 2808 3532 3097 3602; x_wconf 86' lang='lat' dir='ltr'><strong>superbias</strong></span> <span class='ocrx_word' id='word_1_427' title='bbox 3130 3545 3345 3586; x_wconf 88' lang='lat' dir='ltr'><strong>eorum.</strong></span> <span class='ocrx_word' id='word_1_428' title='bbox 3377 3548 3396 3583; x_wconf 71' lang='grc' dir='ltr'><strong>ο</strong></span> <span class='ocrx_word' id='word_1_429' title='bbox 3437 3528 3552 3583; x_wconf 71' lang='lat' dir='ltr'><strong>Ma-</strong></span> 
     </span>
    </p>
   </div>
   <div class='ocr_carea' id='block_1_59' title="bbox 1978 3620 3550 3691">
    <p class='ocr_par' dir='ltr' id='par_1_59' title="bbox 1978 3620 3550 3691">
     <span class='ocr_line' id='line_1_59' title="bbox 1978 3620 3550 3691; baseline 0.001 -18"><span class='ocrx_word' id='word_1_430' title='bbox 1978 3635 2109 3674; x_wconf 91' lang='lat' dir='ltr'><strong>num</strong></span> <span class='ocrx_word' id='word_1_431' title='bbox 2136 3620 2383 3675; x_wconf 70' lang='lat' dir='ltr'><strong>destram</strong></span> <span class='ocrx_word' id='word_1_432' title='bbox 2416 3622 2485 3677; x_wconf 89' lang='lat' dir='ltr'><strong>de</strong></span> <span class='ocrx_word' id='word_1_433' title='bbox 2515 3620 2838 3678; x_wconf 86' lang='lat' dir='ltr'><strong>melioribus</strong></span> <span class='ocrx_word' id='word_1_434' title='bbox 2860 3638 3059 3677; x_wconf 90' lang='lat' dir='ltr'><strong>vocare</strong></span> <span class='ocrx_word' id='word_1_435' title='bbox 3088 3622 3261 3689; x_wconf 86' lang='lat' dir='ltr'><strong>novit,</strong></span> <span class='ocrx_word' id='word_1_436' title='bbox 3292 3632 3550 3691; x_wconf 87' lang='lat' dir='ltr'><strong>tanquam</strong></span> 
     </span>
    </p>
   </div>
   <div class='ocr_carea' id='block_1_60' title="bbox 1978 3711 3689 3778">
    <p class='ocr_par' dir='ltr' id='par_1_60' title="bbox 1978 3711 3689 3778">
     <span class='ocr_line' id='line_1_60' title="bbox 1978 3711 3689 3778; baseline 0.001 -14"><span class='ocrx_word' id='word_1_437' title='bbox 1978 3711 2472 3778; x_wconf 86' lang='lat' dir='ltr'><strong>honorabiliorem,</strong></span> <span class='ocrx_word' id='word_1_438' title='bbox 2524 3713 2737 3768; x_wconf 88' lang='lat' dir='ltr'><strong>scilicet</strong></span> <span class='ocrx_word' id='word_1_439' title='bbox 2772 3732 2786 3768; x_wconf 93' lang='lat'><strong>:</strong></span> <span class='ocrx_word' id='word_1_440' title='bbox 2820 3731 2840 3765; x_wconf 77' lang='grc' dir='ltr'><strong>ι</strong></span> <span class='ocrx_word' id='word_1_441' title='bbox 2874 3713 3105 3769; x_wconf 78' lang='lat' dir='ltr'><strong>Dextera</strong></span> <span class='ocrx_word' id='word_1_442' title='bbox 3161 3712 3378 3767; x_wconf 89' lang='lat' dir='ltr'><strong>Domini</strong></span> <span class='ocrx_word' id='word_1_443' title='bbox 3425 3712 3555 3767; x_wconf 77' lang='lat' dir='ltr'><strong>fecit</strong></span> <span class='ocrx_word' id='word_1_444' title='bbox 3674 3766 3689 3775; x_wconf 69' lang='grc'><strong>,</strong></span> 
     </span>
    </p>
   </div>
   <div class='ocr_carea' id='block_1_61' title="bbox 1976 3802 3553 3868">
    <p class='ocr_par' dir='ltr' id='par_1_61' title="bbox 1976 3802 3553 3868">
     <span class='ocr_line' id='line_1_61' title="bbox 1976 3802 3553 3868; baseline -0.002 -10"><span class='ocrx_word' id='word_1_445' title='bbox 1976 3802 2267 3868; x_wconf 75' lang='lat' dir='ltr'><strong>virtutem;</strong></span> <span class='ocrx_word' id='word_1_446' title='bbox 2297 3820 2316 3854; x_wconf 72' lang='grc' dir='ltr'><strong>ι</strong></span> <span class='ocrx_word' id='word_1_447' title='bbox 2338 3811 2413 3865; x_wconf 91' lang='lat' dir='ltr'><strong>et,</strong></span> <span class='ocrx_word' id='word_1_448' title='bbox 2451 3821 2470 3854; x_wconf 83' lang='lat' dir='ltr'><strong>I</strong></span> <span class='ocrx_word' id='word_1_449' title='bbox 2499 3803 2866 3858; x_wconf 81' lang='lat' dir='ltr'><strong>Adorabimus</strong></span> <span class='ocrx_word' id='word_1_450' title='bbox 2911 3804 2965 3857; x_wconf 93' lang='lat' dir='ltr'><strong>iII</strong></span> <span class='ocrx_word' id='word_1_451' title='bbox 3002 3804 3125 3857; x_wconf 90' lang='lat' dir='ltr'><strong>loco</strong></span> <span class='ocrx_word' id='word_1_452' title='bbox 3162 3804 3254 3858; x_wconf 88' lang='lat' dir='ltr'><strong>ubi</strong></span> <span class='ocrx_word' id='word_1_453' title='bbox 3286 3810 3553 3858; x_wconf 88' lang='lat' dir='ltr'><strong>steterunt</strong></span> 
     </span>
    </p>
   </div>
   <div class='ocr_carea' id='block_1_62' title="bbox 1978 3888 3551 3960">
    <p class='ocr_par' dir='ltr' id='par_1_62' title="bbox 1978 3888 3551 3960">
     <span class='ocr_line' id='line_1_62' title="bbox 1978 3888 3551 3960; baseline 0.003 -19"><span class='ocrx_word' id='word_1_454' title='bbox 1978 3888 2142 3956; x_wconf 86' lang='lat' dir='ltr'><strong>pedes</strong></span> <span class='ocrx_word' id='word_1_455' title='bbox 2169 3889 2325 3959; x_wconf 92' lang='lat' dir='ltr'><strong>ejus;</strong></span> <span class='ocrx_word' id='word_1_456' title='bbox 2356 3908 2375 3940; x_wconf 77' lang='grc' dir='ltr'><strong>ι</strong></span> <span class='ocrx_word' id='word_1_457' title='bbox 2410 3904 2758 3960; x_wconf 62' lang='lat' dir='ltr'><strong>quaecunque</strong></span> <span class='ocrx_word' id='word_1_458' title='bbox 2788 3890 2877 3945; x_wconf 87' lang='lat' dir='ltr'><strong>bis</strong></span> <span class='ocrx_word' id='word_1_459' title='bbox 2907 3890 3285 3945; x_wconf 90' lang='lat' dir='ltr'><strong>assimilautur</strong></span> <span class='ocrx_word' id='word_1_460' title='bbox 3313 3909 3326 3943; x_wconf 90' lang='lat'><strong>:</strong></span> <span class='ocrx_word' id='word_1_461' title='bbox 3354 3891 3551 3945; x_wconf 87' lang='lat' dir='ltr'><strong>borum</strong></span> 
     </span>
    </p>
   </div>
   <div class='ocr_carea' id='block_1_63' title="bbox 1978 3980 3551 4052">
    <p class='ocr_par' dir='ltr' id='par_1_63' title="bbox 1978 3980 3551 4052">
     <span class='ocr_line' id='line_1_63' title="bbox 1978 3980 3551 4052; baseline 0.002 -19"><span class='ocrx_word' id='word_1_462' title='bbox 1978 3980 2084 4035; x_wconf 88' lang='lat' dir='ltr'><strong>alia</strong></span> <span class='ocrx_word' id='word_1_463' title='bbox 2120 3981 2188 4036; x_wconf 88' lang='lat' dir='ltr'><strong>de</strong></span> <span class='ocrx_word' id='word_1_464' title='bbox 2218 3982 2419 4046; x_wconf 88' lang='lat' dir='ltr'><strong>salute,</strong></span> <span class='ocrx_word' id='word_1_465' title='bbox 2461 3981 2567 4037; x_wconf 88' lang='lat' dir='ltr'><strong>alia</strong></span> <span class='ocrx_word' id='word_1_466' title='bbox 2588 3982 2661 4038; x_wconf 77' lang='lat' dir='ltr'><strong>‘de</strong></span> <span class='ocrx_word' id='word_1_467' title='bbox 2690 3996 2848 4052; x_wconf 68' lang='lat' dir='ltr'><strong>poena</strong></span> <span class='ocrx_word' id='word_1_468' title='bbox 2896 3981 3247 4037; x_wconf 90' lang='lat' dir='ltr'><strong>emittuntur.</strong></span> <span class='ocrx_word' id='word_1_469' title='bbox 3281 3981 3459 4051; x_wconf 79' lang='lat' dir='ltr'><strong>(Psal.</strong></span> <span class='ocrx_word' id='word_1_470' title='bbox 3498 3999 3551 4048; x_wconf 72' lang='grc' dir='ltr'><strong>κ,</strong></span> 
     </span>
    </p>
   </div>
   <div class='ocr_carea' id='block_1_64' title="bbox 1978 4072 3553 4141">
    <p class='ocr_par' dir='ltr' id='par_1_64' title="bbox 1978 4072 3553 4141">
     <span class='ocr_line' id='line_1_64' title="bbox 1978 4072 3553 4141; baseline 0.004 -15"><span class='ocrx_word' id='word_1_471' title='bbox 1978 4073 2050 4139; x_wconf 84' lang='grc'><strong>5;</strong></span> <span class='ocrx_word' id='word_1_472' title='bbox 2090 4088 2283 4139; x_wconf 74' lang='lat' dir='ltr'><strong>sunt,</strong></span> <span class='ocrx_word' id='word_1_473' title='bbox 2316 4072 2419 4141; x_wconf 77' lang='lat' dir='ltr'><strong>Ili;</strong></span> <span class='ocrx_word' id='word_1_474' title='bbox 2456 4072 2573 4129; x_wconf 84' lang='lat' dir='ltr'><strong>Isa.</strong></span> <span class='ocrx_word' id='word_1_475' title='bbox 2604 4090 2645 4139; x_wconf 91' lang='lat' dir='ltr'><strong>I,</strong></span> <span class='ocrx_word' id='word_1_476' title='bbox 2692 4073 2796 4140; x_wconf 72' lang='lat'><strong>20;</strong></span> <span class='ocrx_word' id='word_1_477' title='bbox 2835 4089 2989 4138; x_wconf 77' lang='lat' dir='ltr'><strong>LVIII,</strong></span> <span class='ocrx_word' id='word_1_478' title='bbox 3026 4074 3125 4136; x_wconf 77' lang='lat' dir='ltr'><strong>H;</strong></span> <span class='ocrx_word' id='word_1_479' title='bbox 3173 4073 3323 4130; x_wconf 80' lang='lat' dir='ltr'><strong>Psal.</strong></span> <span class='ocrx_word' id='word_1_480' title='bbox 3357 4087 3553 4132; x_wconf 68' lang='lat' dir='ltr'><strong>cvaII.</strong></span> 
     </span>
    </p>
   </div>
   <div class='ocr_carea' id='block_1_65' title="bbox 1979 4164 3560 4235">
    <p class='ocr_par' dir='ltr' id='par_1_65' title="bbox 1979 4164 3560 4235">
     <span class='ocr_line' id='line_1_65' title="bbox 1979 4164 3560 4235; baseline 0.003 -17"><span class='ocrx_word' id='word_1_481' title='bbox 1979 4165 2085 4231; x_wconf 77' lang='lat'><strong>72;</strong></span> <span class='ocrx_word' id='word_1_482' title='bbox 2141 4164 2257 4220; x_wconf 85' lang='lat' dir='ltr'><strong>Isa.</strong></span> <span class='ocrx_word' id='word_1_483' title='bbox 2305 4182 2430 4232; x_wconf 66' lang='grc' dir='ltr'><strong>λιν,</strong></span> <span class='ocrx_word' id='word_1_484' title='bbox 2478 4166 2584 4232; x_wconf 74' lang='grc'><strong>25;</strong></span> <span class='ocrx_word' id='word_1_485' title='bbox 2636 4165 2791 4223; x_wconf 84' lang='lat' dir='ltr'><strong>Psal.</strong></span> <span class='ocrx_word' id='word_1_486' title='bbox 2846 4166 3196 4232; x_wconf 77' lang='lat' dir='ltr'><strong>xxxm..l7;</strong></span> <span class='ocrx_word' id='word_1_487' title='bbox 3237 4181 3436 4234; x_wconf 72' lang='grc' dir='ltr'><strong>ιιιιιι,</strong></span> <span class='ocrx_word' id='word_1_488' title='bbox 3500 4166 3560 4235; x_wconf 74' lang='lat'><strong>&#39;5;</strong></span> 
     </span>
    </p>
   </div>
   <div class='ocr_carea' id='block_1_66' title="bbox 1978 4254 3170 4329">
    <p class='ocr_par' dir='ltr' id='par_1_66' title="bbox 1978 4254 3170 4329">
     <span class='ocr_line' id='line_1_66' title="bbox 1978 4254 3170 4329; baseline -0.003 -20"><span class='ocrx_word' id='word_1_489' title='bbox 1978 4269 2147 4321; x_wconf 80' lang='lat' dir='ltr'><strong>cxvn,</strong></span> <span class='ocrx_word' id='word_1_490' title='bbox 2184 4254 2285 4322; x_wconf 67' lang='lat'><strong>16;</strong></span> <span class='ocrx_word' id='word_1_491' title='bbox 2321 4271 2509 4321; x_wconf 69' lang='grc' dir='ltr'><strong>ωιτη,</strong></span> <span class='ocrx_word' id='word_1_492' title='bbox 2546 4255 2613 4323; x_wconf 84' lang='grc'><strong>’1;</strong></span> <span class='ocrx_word' id='word_1_493' title='bbox 2649 4254 2827 4328; x_wconf 78' lang='lat' dir='ltr'><strong>[uxt,</strong></span> <span class='ocrx_word' id='word_1_494' title='bbox 2863 4256 2953 4320; x_wconf 77' lang='lat' dir='ltr'><strong>I3,</strong></span> <span class='ocrx_word' id='word_1_495' title='bbox 2988 4254 3170 4329; x_wconf 91' lang='lat' dir='ltr'><strong>non].)</strong></span> 
     </span>
    </p>
   </div>
   <div class='ocr_carea' id='block_1_67' title="bbox 2047 4345 3556 4413">
    <p class='ocr_par' dir='ltr' id='par_1_67' title="bbox 2047 4345 3556 4413">
     <span class='ocr_line' id='line_1_67' title="bbox 2047 4345 3556 4413; baseline 0.001 -13"><span class='ocrx_word' id='word_1_496' title='bbox 2047 4345 2101 4400; x_wconf 76' lang='lat'><strong>2.</strong></span> <span class='ocrx_word' id='word_1_497' title='bbox 2144 4345 2437 4413; x_wconf 85' lang='lat' dir='ltr'><strong>Quomodo</strong></span> <span class='ocrx_word' id='word_1_498' title='bbox 2479 4363 2509 4403; x_wconf 86' lang='lat' dir='ltr'><strong>a</strong></span> <span class='ocrx_word' id='word_1_499' title='bbox 2558 4348 2817 4405; x_wconf 87' lang='lat' dir='ltr'><strong>sensibus</strong></span> <span class='ocrx_word' id='word_1_500' title='bbox 2850 4367 2864 4403; x_wconf 90' lang='lat'><strong>:</strong></span> <span class='ocrx_word' id='word_1_501' title='bbox 2895 4350 3039 4404; x_wconf 81' lang='lat' dir='ltr'><strong>sicut</strong></span> <span class='ocrx_word' id='word_1_502' title='bbox 3070 4368 3083 4403; x_wconf 89' lang='lat'><strong>:</strong></span> <span class='ocrx_word' id='word_1_503' title='bbox 3118 4367 3137 4400; x_wconf 81' lang='grc' dir='ltr'><strong>ι</strong></span> <span class='ocrx_word' id='word_1_504' title='bbox 3168 4348 3241 4403; x_wconf 86' lang='lat' dir='ltr'><strong>De</strong></span> <span class='ocrx_word' id='word_1_505' title='bbox 3288 4347 3427 4402; x_wconf 65' lang='lat' dir='ltr'><strong>cuzlo</strong></span> <span class='ocrx_word' id='word_1_506' title='bbox 3470 4360 3556 4401; x_wconf 90' lang='lat' dir='ltr'><strong>re—</strong></span> 
     </span>
    </p>
   </div>
   <div class='ocr_carea' id='block_1_68' title="bbox 301 4430 1876 4521">
    <p class='ocr_par' dir='ltr' id='par_1_68' title="bbox 301 4430 1876 4507">
     <span class='ocr_line' id='line_1_68' title="bbox 301 4430 1876 4507; baseline 0.003 -20"><span class='ocrx_word' id='word_1_507' title='bbox 301 4434 365 4501; x_wconf 80' lang='grc' dir='ltr'><strong>ἑξ</strong></span> <span class='ocrx_word' id='word_1_508' title='bbox 392 4430 621 4507; x_wconf 78' lang='grc' dir='ltr'><strong>οὐρανοῦ</strong></span> <span class='ocrx_word' id='word_1_509' title='bbox 667 4430 695 4482; x_wconf 85' lang='grc'>6</span> <span class='ocrx_word' id='word_1_510' title='bbox 720 4430 1097 4505; x_wconf 80' lang='grc' dir='ltr'><strong>Κύριος,ἐῐδε</strong></span> <span class='ocrx_word' id='word_1_511' title='bbox 1151 4434 1364 4499; x_wconf 78' lang='grc' dir='ltr'><strong>πάντας</strong></span> <span class='ocrx_word' id='word_1_512' title='bbox 1412 4438 1539 4501; x_wconf 79' lang='grc' dir='ltr'><strong>τοὺς</strong></span> <span class='ocrx_word' id='word_1_513' title='bbox 1578 4438 1730 4501; x_wconf 79' lang='grc' dir='ltr'><strong>υἱοὺς</strong></span> <span class='ocrx_word' id='word_1_514' title='bbox 1770 4440 1876 4492; x_wconf 82' lang='grc' dir='ltr'><strong>τῶν</strong></span> 
     </span>
    </p>
   </div>
   <div class='ocr_carea' id='block_1_69' title="bbox 1985 4430 3553 4521">
    <p class='ocr_par' dir='ltr' id='par_1_69' title="bbox 1985 4434 3553 4508">
     <span class='ocr_line' id='line_1_69' title="bbox 1985 4434 3553 4508; baseline 0 -16"><span class='ocrx_word' id='word_1_515' title='bbox 1985 4438 2160 4508; x_wconf 75' lang='lat' dir='ltr'><strong>spexit</strong></span> <span class='ocrx_word' id='word_1_516' title='bbox 2199 4438 2478 4505; x_wconf 89' lang='lat' dir='ltr'><strong>Dominus,</strong></span> <span class='ocrx_word' id='word_1_517' title='bbox 2511 4434 2645 4494; x_wconf 69' lang='lat' dir='ltr'><strong>vidit</strong></span> <span class='ocrx_word' id='word_1_518' title='bbox 2672 4455 2867 4496; x_wconf 92' lang='lat' dir='ltr'><strong>omnes</strong></span> <span class='ocrx_word' id='word_1_519' title='bbox 2896 4440 3038 4495; x_wconf 79' lang='lat' dir='ltr'><strong>ﬁlios</strong></span> <span class='ocrx_word' id='word_1_520' title='bbox 3068 4440 3351 4493; x_wconf 85' lang='lat' dir='ltr'><strong>hominum</strong></span> <span class='ocrx_word' id='word_1_521' title='bbox 3378 4454 3392 4503; x_wconf 92' lang='lat'><strong>;</strong></span> <span class='ocrx_word' id='word_1_522' title='bbox 3428 4456 3447 4489; x_wconf 82' lang='lat' dir='ltr'><strong>I</strong></span> <span class='ocrx_word' id='word_1_523' title='bbox 3479 4447 3553 4501; x_wconf 88' lang='lat' dir='ltr'><strong>et,</strong></span> 
     </span>
    </p>
   </div>
   <div class='ocr_carea' id='block_1_70' title="bbox 300 4526 1876 4599">
    <p class='ocr_par' dir='ltr' id='par_1_70' title="bbox 300 4526 1876 4599">
     <span class='ocr_line' id='line_1_70' title="bbox 300 4526 1876 4599; baseline 0.001 -19"><span class='ocrx_word' id='word_1_524' title='bbox 300 4527 625 4599; x_wconf 77' lang='grc' dir='ltr'><strong>ἀνθρώπωνο</strong></span> <span class='ocrx_word' id='word_1_525' title='bbox 670 4528 804 4584; x_wconf 75' lang='grc' dir='ltr'><strong>»καὶ</strong></span> <span class='ocrx_word' id='word_1_526' title='bbox 840 4526 923 4593; x_wconf 79' lang='grc' dir='ltr'><strong>τὸ,</strong></span> <span class='ocrx_word' id='word_1_527' title='bbox 960 4544 979 4578; x_wconf 79' lang='grc' dir='ltr'><strong>ι</strong></span> <span class='ocrx_word' id='word_1_528' title='bbox 1008 4528 1163 4597; x_wconf 73' lang='grc' dir='ltr'><strong>Φωνῇ</strong></span> <span class='ocrx_word' id='word_1_529' title='bbox 1211 4544 1313 4595; x_wconf 87' lang='grc' dir='ltr'><strong>μου</strong></span> <span class='ocrx_word' id='word_1_530' title='bbox 1350 4526 1487 4597; x_wconf 76' lang='grc' dir='ltr'><strong>πρὸς</strong></span> <span class='ocrx_word' id='word_1_531' title='bbox 1517 4527 1722 4599; x_wconf 75' lang='grc' dir='ltr'><strong>Κύριον</strong></span> <span class='ocrx_word' id='word_1_532' title='bbox 1761 4529 1876 4582; x_wconf 66' lang='grc' dir='ltr'><strong>ἱκέ-</strong></span> 
     </span>
    </p>
   </div>
   <div class='ocr_carea' id='block_1_71' title="bbox 1985 4526 3558 4599">
    <p class='ocr_par' dir='ltr' id='par_1_71' title="bbox 1991 4527 3558 4585">
     <span class='ocr_line' id='line_1_71' title="bbox 1991 4527 3558 4585; baseline 0.002 -6"><span class='ocrx_word' id='word_1_533' title='bbox 1991 4547 2010 4579; x_wconf 77' lang='grc' dir='ltr'><strong>ι</strong></span> <span class='ocrx_word' id='word_1_534' title='bbox 2045 4527 2192 4584; x_wconf 83' lang='lat' dir='ltr'><strong>Voce</strong></span> <span class='ocrx_word' id='word_1_535' title='bbox 2238 4544 2357 4583; x_wconf 89' lang='lat' dir='ltr'><strong>mea</strong></span> <span class='ocrx_word' id='word_1_536' title='bbox 2424 4530 2492 4584; x_wconf 90' lang='lat' dir='ltr'><strong>ad</strong></span> <span class='ocrx_word' id='word_1_537' title='bbox 2544 4528 2835 4585; x_wconf 91' lang='lat' dir='ltr'><strong>Dominum</strong></span> <span class='ocrx_word' id='word_1_538' title='bbox 2887 4529 3115 4585; x_wconf 77' lang='lat' dir='ltr'><strong>clamavi</strong></span> <span class='ocrx_word' id='word_1_539' title='bbox 3173 4537 3228 4584; x_wconf 90' lang='lat' dir='ltr'><strong>et</strong></span> <span class='ocrx_word' id='word_1_540' title='bbox 3278 4527 3558 4583; x_wconf 77' lang='lat' dir='ltr'><strong>exaudivit</strong></span> 
     </span>
    </p>
   </div>
   <div class='ocr_carea' id='block_1_72' title="bbox 303 4616 1876 4693">
    <p class='ocr_par' dir='ltr' id='par_1_72' title="bbox 303 4616 1876 4691">
     <span class='ocr_line' id='line_1_72' title="bbox 303 4616 1876 4691; baseline 0.001 -20"><span class='ocrx_word' id='word_1_541' title='bbox 303 4618 508 4688; x_wconf 80' lang='grc' dir='ltr'><strong>κραξα,</strong></span> <span class='ocrx_word' id='word_1_542' title='bbox 539 4622 636 4674; x_wconf 71' lang='grc' dir='ltr'><strong>καὶ</strong></span> <span class='ocrx_word' id='word_1_543' title='bbox 684 4618 961 4691; x_wconf 70' lang='grc' dir='ltr'><strong>ἐπήκουσὲ</strong></span> <span class='ocrx_word' id='word_1_544' title='bbox 994 4618 1097 4687; x_wconf 78' lang='grc' dir='ltr'><strong>μου</strong></span> <span class='ocrx_word' id='word_1_545' title='bbox 1118 4633 1132 4646; x_wconf 91' lang='grc'><strong>·</strong></span> <span class='ocrx_word' id='word_1_546' title='bbox 1167 4636 1187 4669; x_wconf 74' lang='grc' dir='ltr'><strong>ι</strong></span> <span class='ocrx_word' id='word_1_547' title='bbox 1216 4617 1333 4684; x_wconf 81' lang='grc' dir='ltr'><strong>καὶ,</strong></span> <span class='ocrx_word' id='word_1_548' title='bbox 1366 4636 1386 4669; x_wconf 77' lang='grc' dir='ltr'><strong>ι</strong></span> <span class='ocrx_word' id='word_1_549' title='bbox 1415 4616 1619 4688; x_wconf 78' lang='grc' dir='ltr'><strong>Κύριος</strong></span> <span class='ocrx_word' id='word_1_550' title='bbox 1640 4619 1876 4674; x_wconf 85' lang='grc' dir='ltr'><strong>είσακού-</strong></span> 
     </span>
    </p>
   </div>
   <div class='ocr_carea' id='block_1_73' title="bbox 1985 4616 3558 4693">
    <p class='ocr_par' dir='ltr' id='par_1_73' title="bbox 1987 4618 3558 4693">
     <span class='ocr_line' id='line_1_73' title="bbox 1987 4618 3558 4693; baseline 0 -20"><span class='ocrx_word' id='word_1_551' title='bbox 1987 4633 2101 4684; x_wconf 87' lang='lat' dir='ltr'><strong>me;</strong></span> <span class='ocrx_word' id='word_1_552' title='bbox 2140 4638 2161 4672; x_wconf 73' lang='grc' dir='ltr'><strong>ι</strong></span> <span class='ocrx_word' id='word_1_553' title='bbox 2187 4628 2261 4685; x_wconf 88' lang='lat' dir='ltr'><strong>et,</strong></span> <span class='ocrx_word' id='word_1_554' title='bbox 2301 4638 2320 4671; x_wconf 84' lang='grc' dir='ltr'><strong>ι</strong></span> <span class='ocrx_word' id='word_1_555' title='bbox 2350 4620 2620 4676; x_wconf 84' lang='lat' dir='ltr'><strong>Dominus</strong></span> <span class='ocrx_word' id='word_1_556' title='bbox 2642 4620 2903 4676; x_wconf 80' lang='lat' dir='ltr'><strong>exaudiet</strong></span> <span class='ocrx_word' id='word_1_557' title='bbox 2929 4636 3045 4688; x_wconf 89' lang='lat' dir='ltr'><strong>me;</strong></span> <span class='ocrx_word' id='word_1_558' title='bbox 3084 4639 3103 4672; x_wconf 77' lang='grc' dir='ltr'><strong>ι</strong></span> <span class='ocrx_word' id='word_1_559' title='bbox 3134 4630 3205 4685; x_wconf 91' lang='lat' dir='ltr'><strong>et,</strong></span> <span class='ocrx_word' id='word_1_560' title='bbox 3235 4639 3253 4672; x_wconf 77' lang='grc' dir='ltr'><strong>ι</strong></span> <span class='ocrx_word' id='word_1_561' title='bbox 3286 4618 3558 4693; x_wconf 78' lang='lat' dir='ltr'><strong>Odoratus</strong></span> 
     </span>
    </p>
   </div>
   <div class='ocr_carea' id='block_1_74' title="bbox 301 4705 1876 4781">
    <p class='ocr_par' dir='ltr' id='par_1_74' title="bbox 301 4705 1876 4781">
     <span class='ocr_line' id='line_1_74' title="bbox 301 4705 1876 4781; baseline 0 -19"><span class='ocrx_word' id='word_1_562' title='bbox 301 4710 456 4763; x_wconf 82' lang='grc' dir='ltr'><strong>σεταί</strong></span> <span class='ocrx_word' id='word_1_563' title='bbox 502 4726 640 4781; x_wconf 78' lang='grc' dir='ltr'><strong>μου’</strong></span> <span class='ocrx_word' id='word_1_564' title='bbox 679 4728 700 4762; x_wconf 82' lang='lat' dir='ltr'><strong>I</strong></span> <span class='ocrx_word' id='word_1_565' title='bbox 740 4710 853 4770; x_wconf 77' lang='grc' dir='ltr'><strong>καὶ.</strong></span> <span class='ocrx_word' id='word_1_566' title='bbox 895 4726 914 4760; x_wconf 84' lang='lat' dir='ltr'><strong>t</strong></span> <span class='ocrx_word' id='word_1_567' title='bbox 951 4705 1257 4778; x_wconf 81' lang='grc' dir='ltr'><strong>Ὢσφράνθη</strong></span> <span class='ocrx_word' id='word_1_568' title='bbox 1316 4706 1521 4777; x_wconf 81' lang='grc' dir='ltr'><strong>Κύριος</strong></span> <span class='ocrx_word' id='word_1_569' title='bbox 1566 4708 1742 4780; x_wconf 80' lang='grc' dir='ltr'><strong>ὀσμὴν</strong></span> <span class='ocrx_word' id='word_1_570' title='bbox 1792 4710 1876 4762; x_wconf 79' lang='grc' dir='ltr'><strong>εὑ-</strong></span> 
     </span>
    </p>
   </div>
   <div class='ocr_carea' id='block_1_75' title="bbox 1985 4705 3559 4781">
    <p class='ocr_par' dir='ltr' id='par_1_75' title="bbox 1985 4709 3559 4778">
     <span class='ocr_line' id='line_1_75' title="bbox 1985 4709 3559 4778; baseline -0.002 -13"><span class='ocrx_word' id='word_1_571' title='bbox 1985 4721 2069 4765; x_wconf 91' lang='lat' dir='ltr'><strong>est</strong></span> <span class='ocrx_word' id='word_1_572' title='bbox 2094 4710 2359 4766; x_wconf 89' lang='lat' dir='ltr'><strong>Dominus</strong></span> <span class='ocrx_word' id='word_1_573' title='bbox 2383 4711 2610 4767; x_wconf 89' lang='lat' dir='ltr'><strong>odorem</strong></span> <span class='ocrx_word' id='word_1_574' title='bbox 2641 4711 2973 4777; x_wconf 80' lang='lat' dir='ltr'><strong>suavitatis;</strong></span> <span class='ocrx_word' id='word_1_575' title='bbox 3008 4730 3028 4764; x_wconf 75' lang='grc' dir='ltr'><strong>ι</strong></span> <span class='ocrx_word' id='word_1_576' title='bbox 3056 4721 3130 4778; x_wconf 87' lang='lat' dir='ltr'><strong>et,</strong></span> <span class='ocrx_word' id='word_1_577' title='bbox 3163 4729 3181 4761; x_wconf 80' lang='grc' dir='ltr'><strong>ι</strong></span> <span class='ocrx_word' id='word_1_578' title='bbox 3211 4709 3408 4764; x_wconf 86' lang='lat' dir='ltr'><strong>Emitte</strong></span> <span class='ocrx_word' id='word_1_579' title='bbox 3439 4723 3559 4763; x_wconf 83' lang='lat' dir='ltr'><strong>ma-</strong></span> 
     </span>
    </p>
   </div>
   <div class='ocr_carea' id='block_1_76' title="bbox 300 4797 1876 4872">
    <p class='ocr_par' dir='ltr' id='par_1_76' title="bbox 300 4797 1876 4869">
     <span class='ocr_line' id='line_1_76' title="bbox 300 4797 1876 4869; baseline 0 -16"><span class='ocrx_word' id='word_1_580' title='bbox 300 4799 495 4864; x_wconf 76' lang='grc' dir='ltr'><strong>ωδίαςο</strong></span> <span class='ocrx_word' id='word_1_581' title='bbox 532 4819 550 4852; x_wconf 83' lang='lat' dir='ltr'><strong>I</strong></span> <span class='ocrx_word' id='word_1_582' title='bbox 584 4800 697 4866; x_wconf 74' lang='lat' dir='ltr'><strong>Ital,</strong></span> <span class='ocrx_word' id='word_1_583' title='bbox 733 4818 752 4851; x_wconf 83' lang='lat' dir='ltr'><strong>I</strong></span> <span class='ocrx_word' id='word_1_584' title='bbox 785 4797 1195 4864; x_wconf 79' lang='grc' dir='ltr'><strong>Ἐξαπόστειλον</strong></span> <span class='ocrx_word' id='word_1_585' title='bbox 1218 4797 1318 4869; x_wconf 76' lang='grc' dir='ltr'><strong>τὴν</strong></span> <span class='ocrx_word' id='word_1_586' title='bbox 1352 4799 1514 4869; x_wconf 76' lang='grc' dir='ltr'><strong>χεῖρά</strong></span> <span class='ocrx_word' id='word_1_587' title='bbox 1539 4815 1634 4852; x_wconf 89' lang='grc' dir='ltr'><strong>σου</strong></span> <span class='ocrx_word' id='word_1_588' title='bbox 1655 4815 1670 4830; x_wconf 77' lang='grc' dir='ltr'><strong>ο</strong></span> <span class='ocrx_word' id='word_1_589' title='bbox 1711 4818 1730 4851; x_wconf 82' lang='lat' dir='ltr'><strong>I</strong></span> <span class='ocrx_word' id='word_1_590' title='bbox 1766 4800 1876 4863; x_wconf 77' lang='grc' dir='ltr'><strong>καὶ,</strong></span> 
     </span>
    </p>
   </div>
   <div class='ocr_carea' id='block_1_77' title="bbox 1985 4797 3558 4872">
    <p class='ocr_par' dir='ltr' id='par_1_77' title="bbox 1985 4798 3558 4872">
     <span class='ocr_line' id='line_1_77' title="bbox 1985 4798 3558 4872; baseline 0 -19"><span class='ocrx_word' id='word_1_591' title='bbox 1985 4815 2117 4853; x_wconf 87' lang='lat' dir='ltr'><strong>num</strong></span> <span class='ocrx_word' id='word_1_592' title='bbox 2150 4808 2336 4866; x_wconf 87' lang='lat' dir='ltr'><strong>tuam;</strong></span> <span class='ocrx_word' id='word_1_593' title='bbox 2376 4819 2395 4852; x_wconf 87' lang='lat' dir='ltr'><strong>I</strong></span> <span class='ocrx_word' id='word_1_594' title='bbox 2449 4810 2525 4864; x_wconf 88' lang='lat' dir='ltr'><strong>et,</strong></span> <span class='ocrx_word' id='word_1_595' title='bbox 2572 4818 2591 4852; x_wconf 82' lang='grc' dir='ltr'><strong>ι</strong></span> <span class='ocrx_word' id='word_1_596' title='bbox 2619 4801 2803 4871; x_wconf 81' lang='lat' dir='ltr'><strong>Tange</strong></span> <span class='ocrx_word' id='word_1_597' title='bbox 2844 4817 2908 4857; x_wconf 89' lang='lat' dir='ltr'><strong>os</strong></span> <span class='ocrx_word' id='word_1_598' title='bbox 2943 4802 3099 4872; x_wconf 84' lang='lat' dir='ltr'><strong>ejus;</strong></span> <span class='ocrx_word' id='word_1_599' title='bbox 3135 4820 3152 4853; x_wconf 88' lang='lat' dir='ltr'><strong>I</strong></span> <span class='ocrx_word' id='word_1_600' title='bbox 3208 4810 3283 4861; x_wconf 87' lang='lat' dir='ltr'><strong>et,</strong></span> <span class='ocrx_word' id='word_1_601' title='bbox 3320 4818 3336 4851; x_wconf 90' lang='lat' dir='ltr'><strong>I</strong></span> <span class='ocrx_word' id='word_1_602' title='bbox 3365 4798 3558 4853; x_wconf 72' lang='lat' dir='ltr'><strong>Manus</strong></span> 
     </span>
    </p>
   </div>
   <div class='ocr_carea' id='block_1_78' title="bbox 308 4881 1876 4963">
    <p class='ocr_par' dir='ltr' id='par_1_78' title="bbox 308 4881 1876 4963">
     <span class='ocr_line' id='line_1_78' title="bbox 308 4881 1876 4963; baseline 0.002 -22"><span class='ocrx_word' id='word_1_603' title='bbox 308 4910 337 4942; x_wconf 74' lang='grc' dir='ltr'><strong>ι.</strong></span> <span class='ocrx_word' id='word_1_604' title='bbox 357 4892 527 4962; x_wconf 52' lang='lat' dir='ltr'><strong>&quot;Agim.</strong></span> <span class='ocrx_word' id='word_1_605' title='bbox 566 4892 676 4947; x_wconf 82' lang='grc' dir='ltr'><strong>τῶν</strong></span> <span class='ocrx_word' id='word_1_606' title='bbox 708 4892 912 4946; x_wconf 79' lang='grc' dir='ltr'><strong>ὀστέων</strong></span> <span class='ocrx_word' id='word_1_607' title='bbox 938 4890 1103 4945; x_wconf 82' lang='grc' dir='ltr'><strong>αὐτοῦ</strong></span> <span class='ocrx_word' id='word_1_608' title='bbox 1124 4904 1138 4919; x_wconf 83' lang='lat'><strong><em>°</em></strong></span> <span class='ocrx_word' id='word_1_609' title='bbox 1174 4908 1194 4942; x_wconf 83' lang='lat' dir='ltr'><strong>I</strong></span> <span class='ocrx_word' id='word_1_610' title='bbox 1228 4890 1347 4954; x_wconf 79' lang='grc' dir='ltr'><strong>καὶ,</strong></span> <span class='ocrx_word' id='word_1_611' title='bbox 1379 4910 1398 4942; x_wconf 84' lang='grc' dir='ltr'><strong>ι</strong></span> <span class='ocrx_word' id='word_1_612' title='bbox 1432 4891 1570 4962; x_wconf 78' lang='grc' dir='ltr'><strong>Χεὶρ</strong></span> <span class='ocrx_word' id='word_1_613' title='bbox 1602 4881 1808 4963; x_wconf 77' lang='grc' dir='ltr'><strong>Κυρίου</strong></span> <span class='ocrx_word' id='word_1_614' title='bbox 1845 4894 1876 4963; x_wconf 81' lang='grc' dir='ltr'><strong>ή</strong></span> 
     </span>
    </p>
   </div>
   <div class='ocr_carea' id='block_1_79' title="bbox 1985 4881 3560 4963">
    <p class='ocr_par' dir='ltr' id='par_1_79' title="bbox 1987 4889 3560 4963">
     <span class='ocr_line' id='line_1_79' title="bbox 1987 4889 3560 4963; baseline 0.001 -19"><span class='ocrx_word' id='word_1_615' title='bbox 1987 4889 2202 4948; x_wconf 89' lang='lat' dir='ltr'><strong>Domini</strong></span> <span class='ocrx_word' id='word_1_616' title='bbox 2238 4891 2415 4962; x_wconf 89' lang='lat' dir='ltr'><strong>tetigit</strong></span> <span class='ocrx_word' id='word_1_617' title='bbox 2463 4906 2585 4959; x_wconf 88' lang='lat' dir='ltr'><strong>Ine;</strong></span> <span class='ocrx_word' id='word_1_618' title='bbox 2620 4910 2640 4944; x_wconf 76' lang='grc' dir='ltr'><strong>ι</strong></span> <span class='ocrx_word' id='word_1_619' title='bbox 2675 4900 2753 4956; x_wconf 86' lang='lat' dir='ltr'><strong>et,</strong></span> <span class='ocrx_word' id='word_1_620' title='bbox 2811 4911 2829 4944; x_wconf 83' lang='lat' dir='ltr'><strong>I</strong></span> <span class='ocrx_word' id='word_1_621' title='bbox 2871 4890 2975 4959; x_wconf 85' lang='lat' dir='ltr'><strong>Qui</strong></span> <span class='ocrx_word' id='word_1_622' title='bbox 3019 4892 3199 4963; x_wconf 75' lang='lat' dir='ltr'><strong>tangit</strong></span> <span class='ocrx_word' id='word_1_623' title='bbox 3248 4898 3461 4946; x_wconf 85' lang='lat' dir='ltr'><strong>montes</strong></span> <span class='ocrx_word' id='word_1_624' title='bbox 3504 4899 3560 4947; x_wconf 91' lang='lat' dir='ltr'><strong>et</strong></span> 
     </span>
    </p>
   </div>
   <div class='ocr_carea' id='block_1_80' title="bbox 302 4982 1876 5057">
    <p class='ocr_par' dir='ltr' id='par_1_80' title="bbox 302 4982 1876 5057">
     <span class='ocr_line' id='line_1_80' title="bbox 302 4982 1876 5057; baseline 0.001 -19"><span class='ocrx_word' id='word_1_625' title='bbox 302 4984 561 5056; x_wconf 69' lang='grc' dir='ltr'><strong>ἁψαμινη</strong></span> <span class='ocrx_word' id='word_1_626' title='bbox 600 5001 735 5056; x_wconf 69' lang='grc' dir='ltr'><strong>μου*</strong></span> <span class='ocrx_word' id='word_1_627' title='bbox 779 5002 799 5037; x_wconf 80' lang='lat' dir='ltr'><strong>I</strong></span> <span class='ocrx_word' id='word_1_628' title='bbox 845 4985 962 5047; x_wconf 74' lang='grc' dir='ltr'><strong>καὶ,</strong></span> <span class='ocrx_word' id='word_1_629' title='bbox 1019 5001 1038 5035; x_wconf 81' lang='grc' dir='ltr'><strong>ι</strong></span> <span class='ocrx_word' id='word_1_630' title='bbox 1077 4984 1136 5036; x_wconf 87' lang='grc' dir='ltr'><strong>ὐ</strong></span> <span class='ocrx_word' id='word_1_631' title='bbox 1170 4982 1477 5053; x_wconf 78' lang='grc' dir='ltr'><strong>ἁπτόμενος</strong></span> <span class='ocrx_word' id='word_1_632' title='bbox 1534 4984 1642 5038; x_wconf 83' lang='grc' dir='ltr'><strong>τῶν</strong></span> <span class='ocrx_word' id='word_1_633' title='bbox 1688 4985 1876 5057; x_wconf 75' lang='grc' dir='ltr'><strong>ὁρέων,</strong></span> 
     </span>
    </p>
   </div>
   <div class='ocr_carea' id='block_1_81' title="bbox 1985 4982 3558 5057">
    <p class='ocr_par' dir='ltr' id='par_1_81' title="bbox 1986 4982 3558 5055">
     <span class='ocr_line' id='line_1_81' title="bbox 1986 4982 3558 5055; baseline 0.001 -18"><span class='ocrx_word' id='word_1_634' title='bbox 1986 4982 2293 5054; x_wconf 86' lang='lat' dir='ltr'><strong>l&#39;unIigatIt;</strong></span> <span class='ocrx_word' id='word_1_635' title='bbox 2323 5002 2341 5035; x_wconf 72' lang='grc' dir='ltr'><strong>ι</strong></span> <span class='ocrx_word' id='word_1_636' title='bbox 2368 4994 2441 5051; x_wconf 87' lang='lat' dir='ltr'><strong>et,</strong></span> <span class='ocrx_word' id='word_1_637' title='bbox 2479 5001 2498 5035; x_wconf 80' lang='grc' dir='ltr'><strong>ι</strong></span> <span class='ocrx_word' id='word_1_638' title='bbox 2529 4982 2772 5055; x_wconf 84' lang='lat' dir='ltr'><strong>Tangam</strong></span> <span class='ocrx_word' id='word_1_639' title='bbox 2796 5000 3014 5040; x_wconf 90' lang='lat' dir='ltr'><strong>omnem</strong></span> <span class='ocrx_word' id='word_1_640' title='bbox 3037 4984 3375 5053; x_wconf 78' lang='lat' dir='ltr'><strong>iniquitatem</strong></span> <span class='ocrx_word' id='word_1_641' title='bbox 3399 4993 3558 5039; x_wconf 68' lang='lat' dir='ltr'><strong>terrae</strong></span> 
     </span>
    </p>
   </div>
   <div class='ocr_carea' id='block_1_82' title="bbox 303 5073 1876 5149">
    <p class='ocr_par' dir='ltr' id='par_1_82' title="bbox 303 5075 1876 5149">
     <span class='ocr_line' id='line_1_82' title="bbox 303 5075 1876 5149; baseline 0.001 -20"><span class='ocrx_word' id='word_1_642' title='bbox 303 5078 399 5129; x_wconf 80' lang='grc' dir='ltr'><strong>καὶ</strong></span> <span class='ocrx_word' id='word_1_643' title='bbox 428 5077 802 5142; x_wconf 76' lang='grc' dir='ltr'><strong>καπνίζονται·</strong></span> <span class='ocrx_word' id='word_1_644' title='bbox 838 5095 858 5129; x_wconf 81' lang='lat' dir='ltr'><strong>I</strong></span> <span class='ocrx_word' id='word_1_645' title='bbox 893 5076 1010 5141; x_wconf 82' lang='grc' dir='ltr'><strong>καὶ,</strong></span> <span class='ocrx_word' id='word_1_646' title='bbox 1045 5094 1065 5128; x_wconf 82' lang='grc' dir='ltr'><strong>ι</strong></span> <span class='ocrx_word' id='word_1_647' title='bbox 1089 5075 1415 5145; x_wconf 77' lang='grc' dir='ltr'><strong>Ψηλαφήσω</strong></span> <span class='ocrx_word' id='word_1_648' title='bbox 1447 5077 1628 5130; x_wconf 79' lang='grc' dir='ltr'><strong>πᾶσαν</strong></span> <span class='ocrx_word' id='word_1_649' title='bbox 1648 5076 1746 5149; x_wconf 84' lang='grc' dir='ltr'><strong>τὴν</strong></span> <span class='ocrx_word' id='word_1_650' title='bbox 1772 5076 1876 5134; x_wconf 80' lang='grc' dir='ltr'><strong>ἀδι-</strong></span> 
     </span>
    </p>
   </div>
   <div class='ocr_carea' id='block_1_83' title="bbox 1985 5073 3557 5149">
    <p class='ocr_par' dir='ltr' id='par_1_83' title="bbox 1989 5073 3557 5145">
     <span class='ocr_line' id='line_1_83' title="bbox 1989 5073 3557 5145; baseline -0.001 -16"><span class='ocrx_word' id='word_1_651' title='bbox 1989 5075 2173 5138; x_wconf 88' lang='lat' dir='ltr'><strong>illius;</strong></span> <span class='ocrx_word' id='word_1_652' title='bbox 2207 5094 2227 5128; x_wconf 71' lang='grc' dir='ltr'><strong>ι</strong></span> <span class='ocrx_word' id='word_1_653' title='bbox 2259 5083 2335 5141; x_wconf 92' lang='lat' dir='ltr'><strong>et,</strong></span> <span class='ocrx_word' id='word_1_654' title='bbox 2388 5094 2407 5126; x_wconf 85' lang='grc' dir='ltr'><strong>ι</strong></span> <span class='ocrx_word' id='word_1_655' title='bbox 2436 5073 2695 5145; x_wconf 86' lang='lat' dir='ltr'><strong>Nunquid</strong></span> <span class='ocrx_word' id='word_1_656' title='bbox 2744 5077 3093 5132; x_wconf 89' lang='lat' dir='ltr'><strong>manducabo</strong></span> <span class='ocrx_word' id='word_1_657' title='bbox 3128 5091 3321 5130; x_wconf 84' lang='lat' dir='ltr'><strong>carnes</strong></span> <span class='ocrx_word' id='word_1_658' title='bbox 3370 5084 3557 5127; x_wconf 83' lang='lat' dir='ltr'><strong>tauro—</strong></span> 
     </span>
    </p>
   </div>
   <div class='ocr_carea' id='block_1_84' title="bbox 301 5163 1876 5241">
    <p class='ocr_par' dir='ltr' id='par_1_84' title="bbox 301 5167 1876 5241">
     <span class='ocr_line' id='line_1_84' title="bbox 301 5167 1876 5241; baseline 0.003 -22"><span class='ocrx_word' id='word_1_659' title='bbox 301 5169 429 5221; x_wconf 85' lang='grc' dir='ltr'><strong>κίαν</strong></span> <span class='ocrx_word' id='word_1_660' title='bbox 453 5170 553 5241; x_wconf 82' lang='grc' dir='ltr'><strong>τῆς</strong></span> <span class='ocrx_word' id='word_1_661' title='bbox 579 5170 685 5239; x_wconf 83' lang='grc' dir='ltr'><strong>γῆς</strong></span> <span class='ocrx_word' id='word_1_662' title='bbox 711 5167 928 5238; x_wconf 73' lang='grc' dir='ltr'><strong>ἐκείνης</strong></span> <span class='ocrx_word' id='word_1_663' title='bbox 947 5184 961 5199; x_wconf 89' lang='grc'><strong>·</strong></span> <span class='ocrx_word' id='word_1_664' title='bbox 998 5187 1017 5220; x_wconf 86' lang='lat' dir='ltr'><strong>I</strong></span> <span class='ocrx_word' id='word_1_665' title='bbox 1044 5167 1140 5221; x_wconf 70' lang='lat' dir='ltr'><strong>Ital.</strong></span> <span class='ocrx_word' id='word_1_666' title='bbox 1166 5167 1251 5235; x_wconf 61' lang='grc' dir='ltr'><strong>τὸ,</strong></span> <span class='ocrx_word' id='word_1_667' title='bbox 1285 5187 1303 5219; x_wconf 87' lang='grc' dir='ltr'><strong>ι</strong></span> <span class='ocrx_word' id='word_1_668' title='bbox 1335 5167 1428 5239; x_wconf 81' lang='grc' dir='ltr'><strong>Μὴ</strong></span> <span class='ocrx_word' id='word_1_669' title='bbox 1460 5169 1724 5239; x_wconf 84' lang='grc' dir='ltr'><strong>φάγωμαι</strong></span> <span class='ocrx_word' id='word_1_670' title='bbox 1747 5169 1876 5239; x_wconf 80' lang='grc' dir='ltr'><strong>κρέα</strong></span> 
     </span>
    </p>
   </div>
   <div class='ocr_carea' id='block_1_85' title="bbox 1985 5163 3558 5241">
    <p class='ocr_par' dir='ltr' id='par_1_85' title="bbox 1990 5163 3558 5238">
     <span class='ocr_line' id='line_1_85' title="bbox 1990 5163 3558 5238; baseline -0.002 -18"><span class='ocrx_word' id='word_1_671' title='bbox 1990 5166 2155 5220; x_wconf 81' lang='lat' dir='ltr'><strong>rum?</strong></span> <span class='ocrx_word' id='word_1_672' title='bbox 2191 5185 2209 5219; x_wconf 87' lang='lat' dir='ltr'><strong>I</strong></span> <span class='ocrx_word' id='word_1_673' title='bbox 2242 5165 2314 5220; x_wconf 81' lang='lat' dir='ltr'><strong>Et</strong></span> <span class='ocrx_word' id='word_1_674' title='bbox 2342 5164 2634 5221; x_wconf 85' lang='lat' dir='ltr'><strong>Salvator:</strong></span> <span class='ocrx_word' id='word_1_675' title='bbox 2673 5184 2692 5218; x_wconf 86' lang='lat' dir='ltr'><strong>I</strong></span> <span class='ocrx_word' id='word_1_676' title='bbox 2722 5164 2835 5238; x_wconf 87' lang='lat' dir='ltr'><strong>Ego</strong></span> <span class='ocrx_word' id='word_1_677' title='bbox 2877 5168 3059 5222; x_wconf 89' lang='lat' dir='ltr'><strong>cibum</strong></span> <span class='ocrx_word' id='word_1_678' title='bbox 3110 5167 3282 5220; x_wconf 87' lang='lat' dir='ltr'><strong>habeo</strong></span> <span class='ocrx_word' id='word_1_679' title='bbox 3328 5163 3558 5217; x_wconf 85' lang='lat' dir='ltr'><strong>mandu-</strong></span> 
     </span>
    </p>
   </div>
   <div class='ocr_carea' id='block_1_86' title="bbox 299 5254 1876 5327">
    <p class='ocr_par' dir='ltr' id='par_1_86' title="bbox 299 5254 1876 5327">
     <span class='ocr_line' id='line_1_86' title="bbox 299 5254 1876 5327; baseline 0.003 -21"><span class='ocrx_word' id='word_1_680' title='bbox 299 5254 551 5326; x_wconf 81' lang='grc' dir='ltr'><strong>ταύρων·</strong></span> <span class='ocrx_word' id='word_1_681' title='bbox 589 5276 609 5309; x_wconf 82' lang='lat' dir='ltr'><strong>I</strong></span> <span class='ocrx_word' id='word_1_682' title='bbox 652 5257 746 5310; x_wconf 72' lang='grc' dir='ltr'><strong>καὶ</strong></span> <span class='ocrx_word' id='word_1_683' title='bbox 774 5258 802 5310; x_wconf 86' lang='grc' dir='ltr'><strong>ὀ</strong></span> <span class='ocrx_word' id='word_1_684' title='bbox 827 5255 1040 5327; x_wconf 86' lang='grc' dir='ltr'><strong>Σωτὴρ,</strong></span> <span class='ocrx_word' id='word_1_685' title='bbox 1083 5274 1103 5308; x_wconf 78' lang='grc' dir='ltr'><strong>ι</strong></span> <span class='ocrx_word' id='word_1_686' title='bbox 1145 5254 1288 5324; x_wconf 83' lang='grc' dir='ltr'><strong>Ἐγὼ</strong></span> <span class='ocrx_word' id='word_1_687' title='bbox 1329 5255 1534 5327; x_wconf 83' lang='grc' dir='ltr'><strong>βρῶσιν</strong></span> <span class='ocrx_word' id='word_1_688' title='bbox 1557 5255 1667 5327; x_wconf 74' lang='grc' dir='ltr'><strong>ἔχω</strong></span> <span class='ocrx_word' id='word_1_689' title='bbox 1692 5261 1876 5327; x_wconf 67' lang='grc' dir='ltr'>φαγεῖν</span> 
     </span>
    </p>
   </div>
   <div class='ocr_carea' id='block_1_87' title="bbox 1985 5254 3556 5327">
    <p class='ocr_par' dir='ltr' id='par_1_87' title="bbox 1989 5255 3556 5326">
     <span class='ocr_line' id='line_1_87' title="bbox 1989 5255 3556 5326; baseline -0.003 -15"><span class='ocrx_word' id='word_1_690' title='bbox 1989 5270 2115 5312; x_wconf 87' lang='lat' dir='ltr'><strong>care</strong></span> <span class='ocrx_word' id='word_1_691' title='bbox 2143 5272 2306 5326; x_wconf 88' lang='lat' dir='ltr'><strong>quem</strong></span> <span class='ocrx_word' id='word_1_692' title='bbox 2333 5273 2432 5313; x_wconf 87' lang='lat' dir='ltr'><strong>vos</strong></span> <span class='ocrx_word' id='word_1_693' title='bbox 2480 5258 2745 5324; x_wconf 88' lang='lat' dir='ltr'><strong>nescitis;</strong></span> <span class='ocrx_word' id='word_1_694' title='bbox 2780 5276 2798 5309; x_wconf 78' lang='grc' dir='ltr'><strong>ι</strong></span> <span class='ocrx_word' id='word_1_695' title='bbox 2833 5268 2909 5321; x_wconf 90' lang='lat' dir='ltr'><strong>et,</strong></span> <span class='ocrx_word' id='word_1_696' title='bbox 2947 5276 2966 5309; x_wconf 80' lang='grc' dir='ltr'><strong>ι</strong></span> <span class='ocrx_word' id='word_1_697' title='bbox 2998 5256 3150 5310; x_wconf 79' lang='lat' dir='ltr'><strong>Meus</strong></span> <span class='ocrx_word' id='word_1_698' title='bbox 3178 5255 3332 5309; x_wconf 92' lang='lat' dir='ltr'><strong>cibus</strong></span> <span class='ocrx_word' id='word_1_699' title='bbox 3371 5260 3454 5307; x_wconf 87' lang='lat' dir='ltr'><strong>est</strong></span> <span class='ocrx_word' id='word_1_700' title='bbox 3495 5263 3556 5307; x_wconf 91' lang='lat' dir='ltr'><strong>ut</strong></span> 
     </span>
    </p>
   </div>
   <div class='ocr_carea' id='block_1_88' title="bbox 301 5343 1876 5426">
    <p class='ocr_par' dir='ltr' id='par_1_88' title="bbox 301 5346 1876 5426">
     <span class='ocr_line' id='line_1_88' title="bbox 301 5346 1876 5426; baseline 0.002 -26"><span class='ocrx_word' id='word_1_701' title='bbox 301 5348 372 5419; x_wconf 62' lang='grc' dir='ltr'><strong>ἢν</strong></span> <span class='ocrx_word' id='word_1_702' title='bbox 397 5347 559 5419; x_wconf 77' lang='grc' dir='ltr'><strong>ὑμεῖς</strong></span> <span class='ocrx_word' id='word_1_703' title='bbox 580 5348 681 5402; x_wconf 83' lang='grc' dir='ltr'><strong>οὐκ</strong></span> <span class='ocrx_word' id='word_1_704' title='bbox 703 5347 905 5402; x_wconf 73' lang='grc' dir='ltr'><strong>οἴδατε·</strong></span> <span class='ocrx_word' id='word_1_705' title='bbox 938 5366 957 5401; x_wconf 89' lang='lat' dir='ltr'><strong>I</strong></span> <span class='ocrx_word' id='word_1_706' title='bbox 985 5348 1101 5416; x_wconf 74' lang='grc' dir='ltr'><strong>καὶ,</strong></span> <span class='ocrx_word' id='word_1_707' title='bbox 1129 5366 1149 5400; x_wconf 80' lang='grc' dir='ltr'><strong>ι</strong></span> <span class='ocrx_word' id='word_1_708' title='bbox 1190 5346 1351 5419; x_wconf 79' lang='grc' dir='ltr'><strong>Ἐμὸν</strong></span> <span class='ocrx_word' id='word_1_709' title='bbox 1379 5348 1576 5426; x_wconf 81' lang='grc' dir='ltr'><strong>βρῶμά</strong></span> <span class='ocrx_word' id='word_1_710' title='bbox 1601 5350 1771 5416; x_wconf 75' lang='grc' dir='ltr'><strong>ἐστιν,</strong></span> <span class='ocrx_word' id='word_1_711' title='bbox 1799 5349 1876 5403; x_wconf 79' lang='grc' dir='ltr'><strong>ἶνα</strong></span> 
     </span>
    </p>
   </div>
   <div class='ocr_carea' id='block_1_89' title="bbox 1985 5343 3558 5426">
    <p class='ocr_par' dir='ltr' id='par_1_89' title="bbox 1995 5343 3558 5415">
     <span class='ocr_line' id='line_1_89' title="bbox 1995 5343 3558 5415; baseline 0 -14"><span class='ocrx_word' id='word_1_712' title='bbox 1995 5347 2192 5403; x_wconf 76' lang='lat' dir='ltr'><strong>faciam</strong></span> <span class='ocrx_word' id='word_1_713' title='bbox 2219 5349 2552 5405; x_wconf 83' lang='lat' dir='ltr'><strong>voluntatem</strong></span> <span class='ocrx_word' id='word_1_714' title='bbox 2581 5349 2764 5404; x_wconf 83' lang='lat' dir='ltr'><strong>Patris</strong></span> <span class='ocrx_word' id='word_1_715' title='bbox 2802 5349 2910 5405; x_wconf 85' lang='lat' dir='ltr'><strong>mei</strong></span> <span class='ocrx_word' id='word_1_716' title='bbox 2937 5365 2952 5415; x_wconf 94' lang='lat'><strong>;</strong></span> <span class='ocrx_word' id='word_1_717' title='bbox 2987 5366 3004 5400; x_wconf 86' lang='lat' dir='ltr'><strong>I</strong></span> <span class='ocrx_word' id='word_1_718' title='bbox 3034 5355 3088 5402; x_wconf 91' lang='lat' dir='ltr'><strong>et</strong></span> <span class='ocrx_word' id='word_1_719' title='bbox 3114 5343 3414 5415; x_wconf 69' lang='lat' dir='ltr'><strong>praesentia:</strong></span> <span class='ocrx_word' id='word_1_720' title='bbox 3436 5344 3558 5415; x_wconf 87' lang='lat' dir='ltr'><strong>ejus</strong></span> 
     </span>
    </p>
   </div>
   <div class='ocr_carea' id='block_1_90' title="bbox 1453 5462 2395 5523">
    <p class='ocr_par' dir='ltr' id='par_1_90' title="bbox 1453 5462 2395 5523">
     <span class='ocr_line' id='line_1_90' title="bbox 1453 5462 2395 5523; baseline 0.004 -4"><span class='ocrx_word' id='word_1_721' title='bbox 1453 5462 1683 5520; x_wconf 78' lang='lat' dir='ltr'><strong>DAVID.</strong></span> <span class='ocrx_word' id='word_1_722' title='bbox 1738 5462 2133 5521; x_wconf 73' lang='lat' dir='ltr'><strong>HIESCHELII</strong></span> <span class='ocrx_word' id='word_1_723' title='bbox 2162 5464 2395 5523; x_wconf 70' lang='grc' dir='ltr'><strong>ΝΟΤιΕ.</strong></span> 
     </span>
    </p>
   </div>
   <div class='ocr_carea' id='block_1_91' title="bbox 362 5548 3558 5698">
    <p class='ocr_par' dir='ltr' id='par_1_91' title="bbox 362 5548 3558 5698">
     <span class='ocr_line' id='line_1_91' title="bbox 362 5548 3558 5698; baseline 0.001 -86"><span class='ocrx_word' id='word_1_724' title='bbox 362 5559 450 5684; x_wconf 54' lang='grc' dir='ltr'><strong>ξι)</strong></span> <span class='ocrx_word' id='word_1_725' title='bbox 474 5560 809 5684; x_wconf 60' lang='grc' dir='ltr'><strong>ἰἘσιηεὲιηυὴ</strong></span> <span class='ocrx_word' id='word_1_726' title='bbox 851 5562 1039 5698; x_wconf 43' lang='grc' dir='ltr'><strong>ἱεὶίὲ</strong></span> <span class='ocrx_word' id='word_1_727' title='bbox 1064 5562 1117 5612; x_wconf 82' lang='grc' dir='ltr'><strong>θ.</strong></span> <span class='ocrx_word' id='word_1_728' title='bbox 1158 5561 1424 5629; x_wconf 74' lang='grc' dir='ltr'><strong>Γραφιὶς.</strong></span> <span class='ocrx_word' id='word_1_729' title='bbox 1461 5556 1725 5627; x_wconf 83' lang='lat' dir='ltr'><strong>Pltotius,</strong></span> <span class='ocrx_word' id='word_1_730' title='bbox 1780 5558 2117 5630; x_wconf 82' lang='grc' dir='ltr'><strong>’Λνεγνώσθη</strong></span> <span class='ocrx_word' id='word_1_731' title='bbox 2170 5559 2450 5632; x_wconf 82' lang='grc' dir='ltr'><strong>Ἀδριανοῦ</strong></span> <span class='ocrx_word' id='word_1_732' title='bbox 2500 5556 2790 5629; x_wconf 73' lang='grc' dir='ltr'><strong>Εἰσαγωγὴ</strong></span> <span class='ocrx_word' id='word_1_733' title='bbox 2834 5554 2935 5625; x_wconf 78' lang='grc' dir='ltr'><strong>τῆς</strong></span> <span class='ocrx_word' id='word_1_734' title='bbox 2974 5551 3195 5624; x_wconf 79' lang='grc' dir='ltr'><strong>Γραφῆς</strong></span> <span class='ocrx_word' id='word_1_735' title='bbox 3232 5567 3245 5584; x_wconf 85' lang='grc'><strong><em>⁸</em></strong></span> <span class='ocrx_word' id='word_1_736' title='bbox 3287 5548 3558 5620; x_wconf 68' lang='grc' dir='ltr'><strong>Χρήσιμος</strong></span> 
     </span>
     <span class='ocr_line' id='line_1_92' title="bbox 392 5645 1120 5698; baseline -0.004 -15"><span class='ocrx_word' id='word_1_737' title='bbox 392 5649 413 5694; x_wconf 90' lang='lat'><strong>;</strong></span> <span class='ocrx_word' id='word_1_738' title='bbox 440 5646 465 5683; x_wconf 84' lang='lat' dir='ltr'><strong>s</strong></span> <span class='ocrx_word' id='word_1_739' title='bbox 494 5646 674 5698; x_wconf 81' lang='grc' dir='ltr'><strong>σαγομ</strong></span> <span class='ocrx_word' id='word_1_740' title='bbox 704 5646 814 5695; x_wconf 86' lang='grc' dir='ltr'><strong>νοις</strong></span> <span class='ocrx_word' id='word_1_741' title='bbox 956 5647 969 5682; x_wconf 85' lang='lat'><strong>-.</strong></span> <span class='ocrx_word' id='word_1_742' title='bbox 1040 5645 1120 5690; x_wconf 80' lang='grc' dir='ltr'><strong>ος,</strong></span> 
     </span>
    </p>
   </div>
   <div class='ocr_carea' id='block_1_92' title="bbox 299 5645 1120 5698">
    <p class='ocr_par' dir='ltr' id='par_1_92' title="bbox 299 5645 1120 5698">
     <span class='ocr_line' id='line_1_93' title="bbox 299 5645 1120 5698; baseline -0.002 -15"><span class='ocrx_word' id='word_1_743' title='bbox 299 5645 413 5694; x_wconf 72' lang='grc' dir='ltr'><strong>τοις</strong></span> <span class='ocrx_word' id='word_1_744' title='bbox 440 5645 814 5698; x_wconf 77' lang='grc' dir='ltr'><strong>ιισαγομενοις</strong></span> <span class='ocrx_word' id='word_1_745' title='bbox 851 5645 883 5695; x_wconf 81' lang='grc' dir='ltr'><strong>η</strong></span> <span class='ocrx_word' id='word_1_746' title='bbox 919 5645 1120 5698; x_wconf 69' lang='grc' dir='ltr'><strong>ριολος,</strong></span> 
     </span>
    </p>
   </div>
  </div>
