3928 6206
254 200 387 266 1277

1333 202 1658 264 ISAGOGE
1686 204 1769 265 IN
1795 180 1902 265 Ss.
1951 205 2449 267 SCBlPTURAS.

3386 196 3530 258 1:278

249 322 408 376 ὕδασι
456 317 526 372 τὰ
578 316 806 389 ύπερῷα
849 313 1053 392 αὐτοῦ·
1093 331 1113 366 ›
1150 315 1246 370 καὶ
1294 315 1376 379 τὸ,
1416 334 1434 367 ι
1466 307 1710 370 Ἔπλασε
1744 316 1837 372 τδν

1954 318 2100 389 iquis
2123 316 2409 389 superiora
2433 315 2591 386 ejus;
2628 333 2646 367 ι
2676 322 2750 378 et,
2781 331 2800 365 ι
2830 311 3133 369 Plasmavit
3174 312 3480 381 hominem;
3509 334 3529 366 ο

250 411 562 482 ἄνθρωπον·
592 429 612 464 ι
648 411 797 474 καὶ,ι
837 406 1208 478 Ἐνεφύσησεν
1234 409 1314 470 εἰς
1337 408 1399 461 τὸ
1424 409 1721 480 πρόσωπον
1744 411 1842 465 αὺ-

249 501 348 556 τοῦ
404 500 575 572 πνοὴν
621 501 801 570 ζωῆς·
834 519 854 552 ι
903 499 996 554 καὶ
1029 499 1116 564 τὸ,
1152 516 1172 550 ι
1212 497 1408 569 ’Δνέση
1461 501 1727 570 ἐμφυσῶν
1759 504 1841 566 εἰς

197 615 206 622 ·
252 593 550 666 πρόσωπόν
581 609 706 647 σου·
744 611 764 644 ι
803 591 928 646 ἀντὶ
951 590 1068 656 τοῦ,
1101 607 1123 642 ι
1147 589 1442 661 Φυσήμασι
1469 591 1841 658 διασκεδάζων

253 687 347 740 ὑπ’
393 686 517 756 δψιν
563 701 660 738 σου
698 685 829 747 τοὺς
869 684 1261 749 ὑπεναντίως·
1302 704 1322 735 ι
1372 685 1462 739 ἵνα
1507 686 1660 760 εἴπῃ,
1695 685 1868 740 οὕτω·

256 776 457 850 ῥᾳδίως
482 776 577 830 καὶ
606 774 835 846 ἀθρόως·
864 777 926 828 τὸ
955 775 1086 845 γὰρ,
1120 775 1436 844 ἐμφυσῶν,
1477 776 1838 846 σκορπίζων,

253 870 304 922 οἱ
350 867 456 934 ἔξω
506 865 929 937 ἐφιλοσόφησαν.
961 867 1090 932 Καὶ,
1137 883 1156 918 ι
1202 865 1336 919 Ἰδοὺ
1367 868 1426 920 ἐν
1452 870 1521 938 τῇ
1554 867 1701 939 χειρί
1736 885 1838 938 μου

255 956 632 1028 ἐζωγράφησα
663 955 732 1008 τὰ
756 953 912 1026 τείχη
939 971 1057 1020 σου,
1081 955 1216 1028 πρὸς
1240 955 1343 1027 τὴν
1381 953 1738 1027 Ἰερουσαλήμ
1759 973 1774 988 ·
1813 976 1832 1008 ι

255 1049 370 1111 καὶ,
423 1066 444 1101 ι
486 1048 746 1119 Φραγμδν
791 1047 1140 1119 περιέθηκα,
1191 1047 1286 1102 καὶ
1333 1048 1696 1120 ἐχαράκωσα,
1745 1053 1843 1104 καὶ

142 1157 145 1159 ί
256 1138 536 1209 ἐφύτευσὰ
566 1156 626 1194 σε
655 1139 900 1210 ἄμπελον
923 1139 1140 1210 Σωρὴχ,
1163 1141 1260 1194 καὶ
1280 1139 1608 1212 ᾠκοδόμησα
1619 1139 1842 1212 ’πύργον

258 1231 316 1284 ἐν
340 1230 491 1302 μέσῳ
511 1230 700 1302 αὐτῆς,
729 1229 826 1284 καὶ
857 1229 1148 1300 προλήνιον
1177 1228 1364 1302 ῶρυξα
1384 1233 1441 1284 ἐν
1465 1231 1634 1302 αὐτῇ·
1670 1251 1688 1283 ι
1725 1233 1839 1297 καὶ,

265 1341 284 1374 ι
313 1321 450 1375 ’ἰδοὺ
481 1320 592 1390 ἐγὼ
622 1322 858 1394 φράσσω
888 1320 990 1390 τὴν
1018 1320 1138 1374 ὸδδν
1165 1321 1335 1392 αὐτῆς
1371 1324 1429 1375 ἐν
1467 1321 1714 1392 σκόλοψι,
1745 1323 1843 1378 καὶ

257 1413 670 1484 ἀνοικοδομήσω
688 1410 786 1476 τὰς
811 1411 1030 1484 τρίϐους
1049 1412 1240 1483 αὐτῆς,
1271 1413 1366 1466 καὶ
1388 1411 1450 1465 ού
1479 1411 1555 1484 μὴ
1579 1411 1719 1486 εὕρῃ
1743 1413 1843 1484 τὴν

256 1505 379 1559 ὸδδν
405 1506 580 1576 αὐτῆς
599 1521 614 1536 ·
652 1525 671 1558 ι
714 1506 831 1569 καὶ,
868 1523 886 1558 ι
923 1505 1246 1560 Ἐκπετάσω
1275 1505 1338 1558 τὸ
1366 1503 1586 1560 δίκτυόν
1619 1523 1722 1577 μου
1751 1505 1841 1560 ἐπ’

255 1597 422 1652 αὐτόν
443 1615 458 1630 ·
499 1617 520 1651 ι
558 1599 674 1666 καὶ,
715 1617 734 1650 ι
766 1598 1061 1654 Πεσοῦνται.
1084 1601 1142 1652 ἐν
1171 1597 1579 1670 ἀμφιδλήστρῳ
1603 1597 1770 1652 αὐτοῦ
1791 1600 1841 1653 οί

257 1690 611 1763 ἁμαρτωλοί·
649 1709 667 1743 ι
697 1691 794 1745 καὶ
821 1692 925 1745 ὅσα
941 1692 1130 1760 ὅμοια.

327 1779 419 1836 ια’.
458 1781 591 1834 una
612 1780 825 1836 τόπων·
853 1780 932 1846 ὡς
947 1778 1058 1844 τὸ,«
1081 1780 1362 1852 ’Υψὼθητι
1393 1780 1486 1835 ἐπὶ
1519 1780 1646 1842 τοὺς
1670 1779 1841 1850 ούρα-

257 1873 382 1936 νοὺς
407 1875 436 1926 ὀ
460 1872 774 1937 Θεόςοικαὶ,
809 1893 828 1924 ι
869 1871 1199 1942 Ἀνέὁηςοείς
1223 1870 1378 1942 ὕψος,
1407 1868 1841 1942 ᾐχμαλώτευσας

257 1963 640 2036 αἰχμαλωσίαν
659 1980 674 1995 ·
717 1981 736 2015 ι
775 1963 894 2027 καὶ,
931 1980 952 2016 ι
993 1963 1245 2017 Ἐκλινεν
1275 1962 1562 2034 οὐρανοὺς,
1588 1962 1684 2015 καὶ
1712 1977 1843 2014 κατ-

255 2053 354 2125 έση
379 2071 392 2084 ·
432 2073 452 2106 ι
501 2054 616 2119 καὶ,
665 2073 684 2106 ι
722 2053 926 2121 Ἐγγὺς
979 2048 1186 2121 Κύριος
1225 2053 1340 2115 τοῖς
1389 2050 1844 2122 ἐπικαλουμένοις

255 2145 448 2200 αὐτόν·
485 2164 506 2198 ι
543 2145 662 2208 καὶ,
712 2163 731 2196 ι
764 2145 883 2198 ’ἱνα
910 2143 986 2207 τί,
1033 2143 1231 2215 Κύριε,
1276 2143 1598 2213 ἀφέστηκας
1631 2142 1844 2214 μακρὸ-
1892 2192 1901 2199 .

254 2236 381 2302 Osv;
417 2255 436 2289 ι
469 2237 586 2300 καὶ,
625 2255 645 2288 ι
685 2236 817 2290 Ἰδοὺ
841 2234 1048 2306 Κύριος
1074 2234 1429 2304 κάθηταιὲπὶ
1462 2233 1692 2304 νεφέλης
1716 2233 1844 2288 κού-

253 2343 392 2398 φης·
422 2345 441 2379 ι
476 2327 592 2392 καὶ,
623 2344 642 2378 ι
682 2325 821 2380 Ἰδοὺ
846 2324 1054 2396 Κύριος
1077 2323 1442 2394 ἐκπορεύεται
1472 2325 1537 2378 ὲκ
1557 2321 1652 2377 τοῦ
1672 2323 1842 2377 τόπου

254 2418 459 2474 αὑτοῦ·
499 2437 520 2472 ι
568 2418 685 2482 καὶ,
723 2437 743 2470 ι
795 2417 1156 2490 Ἐπιδήσεται
1219 2416 1314 2470 ἐπὶ
1375 2415 1447 2470 τὰ
1509 2414 1694 2488 ὑψηλὰ
1745 2416 1842 2484 τῆς

255 2526 382 2580 γης.
424 2528 444 2562 ι
507 2544 516 2550 ο

332 2599 420 2672 ιβ’.
466 2599 600 2654 Ἀπὸ
627 2599 1065 2670 στολισμῶναὼς
1103 2598 1186 2664 τὸ,
1218 2616 1239 2650 ι
1281 2596 1605 2652 Ἐνεδύσατο
1638 2596 1846 2668 Κύριος

253 2691 511 2764 δύναμιν,
559 2694 655 2747 καὶ
690 2687 1103 2762 περιεζώσατο·
1137 2707 1157 2742 ι
1188 2689 1306 2756 καὶ,
1345 2707 1365 2742 ι
1405 2686 1717 2758 Περίζωσαι
1746 2685 1846 2758 τὴν

259 2783 540 2856 ῥομφαίαν
565 2799 660 2836 σου
691 2781 787 2835 ἐπὶ
809 2782 902 2834 τὸν
934 2781 1111 2852 μηρόν
1141 2797 1237 2834 σου
1260 2795 1276 2811 ο
1309 2798 1330 2830 ι
1363 2778 1481 2841 καὶ,
1513 2796 1533 2831 ι
1564 2777 1844 2847 Περιεζω-

259 2875 454 2946 σμένος
493 2877 553 2928 ἐν
580 2873 907 2946 δυναστείᾳ·
940 2893 958 2925 ι
988 2874 1104 2939 καὶ,
1148 2892 1168 2926 ι
1205 2871 1680 2944 Περιϐαλλόμενος
1730 2869 1846 2940 φῶς

257 2967 332 3031 ὼς
356 2966 567 3038 ἱμάτιον
587 2984 602 2999 ·
635 2985 654 3018 ι
718 2966 834 3032 καὶ,
875 2984 892 3018 ι
941 2965 1038 3030 Τίς
1067 2959 1224 3028 οὗτος
1253 2967 1282 3019 ὁ
1305 2961 1752 3038 παραγενόμενος
1787 2962 1846 3028 ἐξ

269 3056 478 3128 Ἐδώμ;
527 3055 780 3127 ἐρύθημα
827 3055 1062 3128 ἱματίων
1101 3054 1268 3112 αὑτοῦ
1311 3056 1376 3109 ἐκ
1419 3051 1649 3124 Βοσὼρ·
1687 3043 1843 3115 οὗτος

255 3142 460 3217 ὡραῖος
484 3149 542 3201 ἐν
567 3146 730 3218 στολῇ
759 3145 952 3201 αὐτοῦ.
990 3164 1010 3198 ι

329 3351 421 3415 ιγ’.
456 3343 590 3399 ’Δπδ
621 3343 798 3400 ἐθῶν·
853 3347 931 3411 ὡς
959 3346 1041 3411 τὸ,
1085 3365 1104 3398 ι
1142 3345 1525 3417 Ἀπέστρεψας
1566 3344 1632 3399 τὸ
1665 3345 1842 3416 πρόσ-

256 3435 407 3490 ωπόν
437 3453 556 3503 σου,
579 3435 676 3490 καὶ
709 3439 980 3509 ἐγενήθην
1007 3437 1458 3509 τεταραγμένος·
1493 3455 1512 3488 ι
1545 3437 1662 3498 καὶ,
1691 3436 1842 3489 ιἹνα

256 3527 332 3590 τί,
365 3526 564 3600 Κύριῆ
601 3528 848 3591 ἀπωθεϊς
875 3527 974 3599 τὴν
1010 3529 1194 3599 ψυχήν
1221 3544 1348 3598 μου,
1376 3526 1755 3596 ἀποστρέφεις
1780 3525 1844 3580 τὸ

259 3616 558 3688 πρόσωπόν
597 3632 735 3684 σου;
768 3634 789 3670 ι
821 3619 944 3682 καὶ,
991 3635 1010 3669 ι
1037 3618 1132 3689 Μὴ
1166 3617 1428 3688 ἐκκλίνῃς
1457 3618 1516 3669 ἐν
1551 3617 1691 3688 ὀργῇ
1733 3615 1843 3670 ἀπὸ

255 3707 353 3762 τοῦ
389 3699 711 3762 δούλουσου
732 3722 747 3736 ·
787 3725 806 3760 ι
842 3709 962 3774 καὶ,
1002 3726 1022 3760 ι
1045 3707 1138 3779 Μὴ
1166 3707 1483 3778 ἀπορῤίψῃς
1517 3723 1586 3777 με
1614 3705 1842 3761 ἀπὸτοῦ

260 3798 562 3870 προσώπου
591 3815 687 3852 σου
707 3813 722 3829 ·
753 3816 772 3851 ι
802 3799 920 3866 καὶ,
947 3817 967 3850 ι
992 3797 1141 3868 Ἐγὼ
1169 3797 1229 3852 δὲ
1259 3794 1389 3852 εῐπά
1414 3800 1474 3850 ἐν
1495 3799 1562 3869 τῇ
1585 3797 1844 3852 ἐκστάσει

263 3907 368 3963 μου
395 3907 410 3923 ·
439 3891 828 3965 Ἀπέρριμμαι
872 3893 984 3946 ἀπὸ
1037 3890 1344 3965 προσώπου
1393 3889 1488 3944 τοῦ
1537 3889 1843 3960 ὀφθαλμῶν

262 3995 391 4035 σου·
425 3996 446 4035 ι
489 3981 638 4055 ἅπερ
679 3985 728 4037 oi.
773 3983 1124 4054 ὀργιζόμενοι
1169 3985 1268 4037 καὶ
1305 3980 1669 4052 λυπούμενοι,
1705 3980 1847 4052 πρὸς

260 4071 356 4138 οὓς
390 4075 772 4146 διαφέρονται,
802 4076 902 4130 καὶ
933 4074 1365 4129 ἐπιδείκνυνται.

335 4167 418 4221 ιδ’.
456 4167 593 4222 ’Δπὺ
614 4167 944 4239 σχημάτων·
976 4166 1053 4231 ὡς
1084 4167 1168 4232 τὸ,
1197 4167 1359 4220 ι-Ἷνα
1383 4165 1435 4219 τί
1463 4163 1842 4236 ἀποστρέφεις

259 4258 358 4331 τὴν
382 4261 544 4332 χεῖρά
571 4276 664 4313 σου
685 4299 700 4324 ,
737 4261 832 4314 καὶ
860 4258 961 4331 τὴν
984 4259 1168 4326 δεξιάν
1197 4274 1325 4324 σου;
1355 4275 1374 4308 ι
1419 4259 1483 4310 ὲκ
1518 4257 1839 4326 μεταφορᾶς

1945 418 2023 471 et,
2057 425 2078 459 ι
2111 405 2411 477 inspiravit
2453 405 2508 460 in
2545 404 2742 461 faciem
2778 403 2901 474 ejus
2942 402 3282 474 spiraculum
3322 404 3471 469 vitae;
3509 423 3528 455 ι

1945 511 2021 565 et,
2057 518 2078 552 ι
2127 499 2390 557 Ascendit
2423 498 2519 570 qui
2557 498 2810 554 exsufﬂet
2851 511 3040 553 coram
3075 507 3150 564 te,
3184 515 3204 549 ι
3235 497 3358 553 loco
3387 495 3536 551 illius

1945 591 2210 647 dictionis
2257 607 2272 646 :
2329 609 2349 642 ‹
2381 588 2626 645 Flatibus
2666 587 2948 657 dissipans
2994 595 3124 642 ante
3173 594 3531 656 conspectum

1946 690 2101 736 tuum
2138 680 2348 745 hostes,
2382 697 2402 734 ι
2442 688 2502 734 ιιι
2541 679 2720 743 dicat,
2739 677 2878 732 adeo
2903 677 3139 733 faciliter
3173 684 3227 731 et
3265 675 3534 742 multipli-

1946 773 2118 840 citer;
2147 786 2387 842 namque
2415 769 2699 841 εαειιῃιαηε
2735 785 2836 840 pro
2873 768 3146 838 dissipans
3185 767 3382 839 pagani
3413 767 3536 837 phi-

1945 864 2302 936 losophantes
2354 863 2722 919 admiserunt.
2762 861 2865 928 Et,
2931 881 2950 914 ι
2995 861 3139 916 Ecce
3180 861 3235 915 in
3277 861 3534 914 manilius

1947 956 2086 1011 meis
2123 955 2394 1026 descripsi
2451 969 2644 1010 muros
2695 963 2859 1018 tuos,
2896 971 2918 1004 ›
2965 953 3032 1007 ad
3065 950 3392 1007 Jerusalem.
3436 951 3531 1014 Et,

1951 1065 1972 1100 ι
1997 1045 2196 1117 Sepem
2223 1049 2600 1118 circumposui
2625 1056 2681 1103 et
2703 1045 3112 1116 circumsepivi,
3136 1054 3190 1100 et
3215 1043 3456 1114 plautavi
3480 1050 3534 1097 te

1937 1139 2160 1194 vineam
2200 1139 2431 1204 Sorecli,
2473 1149 2531 1196 et
2571 1141 2841 1198 aedificavi
2873 1139 3070 1198 turrim
3109 1139 3163 1192 in
3195 1138 3378 1192 medio
3411 1137 3534 1206 ejus

1945 1237 2002 1285 et
2032 1229 2277 1284 torcular
2312 1230 2425 1285 fodi
2471 1231 2526 1285 in
2558 1245 2662 1285 .ea.
2695 1249 2713 1282 ›
2757 1229 2842 1296 Ει,
2879 1248 2898 1280 ι
2935 1228 3074 1284 Ecce
3113 1242 3215 1298 ego
3261 1226 3414 1296 sepio
3449 1225 3535 1278 vi-

1949 1339 2108 1379 neam
2155 1332 2307 1379 tuam
2349 1323 2532 1394 spinis
2577 1332 2633 1378 et
2675 1321 3024 1378 reaadificabo
3058 1319 3288 1375 semitas
3316 1317 3436 1386 ejus
3479 1323 3536 1370 et

1948 1417 2186 1472 semitas
2241 1430 2375 1471 suas
2428 1430 2537 1470 non
2591 1413 2864 1480 inveniet;
2914 1433 2933 1464 ι
3003 1420 3106 1474 et,
3171 1428 3190 1460 ι
3223 1407 3532 1462 Extendam

1949 1519 2064 1564 rete
2118 1523 2302 1564 meum
2338 1523 2518 1578 super
2561 1521 2726 1571 eum;
2763 1525 2783 1558 ι
2837 1513 2912 1570 et,
2959 1521 2978 1554 ι
3010 1501 3224 1556 Cadent
3263 1499 3316 1553 in
3371 1497 3537 1554 retia-

1947 1600 2075 1656 culo
2133 1599 2255 1670 ejus
2307 1609 2663 1670 peccatores;
2701 1616 2722 1648 ι
2795 1605 2852 1652 et
2909 1607 3254 1666 quacunque
3305 1591 3532 1648 similia.

1949 1691 2128 1764 (Prol.
2155 1707 2276 1757 cm,
2305 1691 2362 1757 5,
2391 1699 2444 1745 et
2471 1689 2654 1757 alibi.)

2017 1783 2106 1836 11.
2146 1783 2192 1835 A
2224 1781 2399 1837 locis:
2431 1789 2492 1834 ut
2519 1797 2536 1831 ι
2572 1778 2802 1834 Elevare
2843 1790 3011 1846 super
3044 1775 3238 1839 caelos,
3280 1773 3423 1828 Deus
3452 1789 3467 1838 ;
3506 1791 3528 1825 ι

1941 1886 2022 1942 et,
2071 1893 2090 1927 ι
2119 1873 2435 1929 Ascendisti
2479 1871 2536 1926 in
2591 1871 2788 1934 altum,
2831 1867 3028 1938 cepisti
3064 1865 3474 1938 captivitatem;
3507 1880 3526 1914 ι

1941 1979 2016 2035 et,
2053 1965 2400 2023 r.lnclinavit
2445 1965 2618 2021 caios
2663 1971 2716 2019 et
2749 1961 3071 2027 descendit;
3106 1979 3126 2012 ι
3169 1969 3249 2023 et,
3303 1955 3535 2024 «Prope
3567 2019 3572 2022 _

1941 2058 2332 2116 est-Dominus
2367 2057 2756 2113 invocantibus
2781 2071 2946 2121 eum;
2981 2073 3002 2106 ι
3041 2062 3135 2121 et,
3195 2071 3215 2105 ι
3251 2050 3322 2107 Ut
3369 2051 3528 2121 quid,

1943 2151 2208 2218 Domine,
2255 2149 2538 2206 recessisti
2585 2147 2783 2220 longe?
2814 2167 2832 2200 ι
2889 2146 2994 2212 Et,
3041 2165 3060 2199 ι
3099 2146 3238 2201 Ecce
3269 2142 3536 2198 Dominus

1944 2243 2102 2298 sedet
2135 2257 2307 2312 super
2353 2241 2555 2296 nubem
2601 2239 2812 2304 levem;
2844 2257 2864 2291 ι
2915 2246 2993 2305 et,
3044 2255 3064 2290 ι
3095 2235 3236 2292 Ecce
3267 2232 3535 2290 Dominus

1943 2334 2226 2404 egreditur
2287 2348 2320 2389 e
2378 2333 2507 2388 loco
2555 2345 2694 2396 suo;
2727 2350 2746 2384 ι
2809 2339 2904 2394 et,
2977 2347 3003 2382 ι
3038 2326 3316 2384 Ascendet
3373 2317 3536 2394 super

1943 2427 2161 2482 excelsa
2195 2437 2377 2482 terra.
2421 2425 2600 2494 (Psal.
2637 2440 2750 2485 va.
2788 2425 2860 2488 6;
2905 2437 3072 2487 uvu,
3111 2421 3216 2486 i9;
3245 2434 3381 2484 xvn,
3426 2416 3534 2486 10;

1947 2534 2132 2583 θεων,
2171 2519 2271 2587 1·8;
2311 2533 2392 2582 ix,
2425 2517 2528 2584 2‘2;
2573 2516 2689 2571 Ira.
2723 2531 2838 2580 xix,
2875 2517 2892 2568 1
2923 2532 2939 2582 ;
2973 2513 3137 2568 Hicin.
3165 2529 3208 2574 ι,
3235 2511 3318 2582 5.)

2023 2612 2111 2666 12.
2152 2611 2236 2666 Ab
2271 2610 2638 2672 indumentis.
2680 2609 2824 2664 sicut
2853 2625 2868 2662 :
2900 2627 2920 2658 ι
2949 2607 3177 2661 lndutus
3219 2612 3306 2665 est
3351 2603 3539 2658 Domi-

1948 2716 2054 2756 nus
2078 2700 2457 2756 fortitudinem
2481 2709 2537 2756 et
2567 2699 2859 2770 praecinxit
2887 2712 2984 2762 se;
3021 2715 3039 2748 ι
3069 2706 3149 2762 et,
3183 2715 3202 2747 ι
3231 2695 3537 2766 Accingere

1947 2793 2132 2864 gladio
2182 2803 2280 2848 tuo
2333 2808 2501 2862 super
2539 2791 2721 2846 femur
2769 2801 2944 2845 tuum.
2977 2808 2998 2840 ι
3034 2788 3135 2852 Ει,
3184 2805 3204 2838 ι
3236 2787 3538 2843 Accinctus

1949 2885 2230 2955 potentia;
2257 2903 2275 2937 ι
2301 2893 2377 2949 el,
2406 2872 2426 2936 ξ
2451 2882 2929 2939 Amictuslumine
2953 2881 3097 2936 sicut
3123 2879 3485 2946 vestimento;
3509 2898 3529 2931 ι

1949 2985 2024 3042 et,
2081 2994 2100 3028 ι
2135 2975 2274 3042 Quis
2319 2985 2408 3031 est
2451 2976 2557 3031 iste
2595 2975 2688 3044 qui
2735 2975 2886 3029 venit
2915 2972 2983 3028 de
3023 2970 3234 3026 Εὐοιηῖ
3283 2970 3531 3025 Rubrum

1949 3067 2332 3122 indumentum
2367 3067 2490 3136 ejus
2515 3068 2583 3122 de
2605 3066 2804 3131 Bosor,
2835 3064 2942 3119 iste
2973 3062 3252 3119 formosus
3279 3065 3334 3118 in
3394 3063 3536 3118 stola

1942 3173 2065 3214 sua.
2105 3177 2124 3208 ι
2169 3155 2358 3228 {PraL
2409 3173 2540 3224 xcn,
2592 3159 2661 3225 1;-
2712 3172 2859 3222 xuv,
2893 3155 2962 3222 4;
3002 3169 3152 3220 utv,
3186 3155 3260 3218 7;
3302 3171 3420 3220 CIII,
3463 3154 3536 3236 ες

1943 3250 2060 3306 Ira.
2091 3266 2246 3316 uin,
2285 3251 2379 3321 1.)

2013 3344 2104 3399 15.
2148 3345 2194 3396 Α
2221 3344 2516 3399 moribus:
2552 3341 2862 3398 «Avertisti
2909 3345 3105 3400 faciem
3153 3351 3304 3398 tuam
3355 3351 3414 3394 et
3455 3337 3538 3393 fa-

1942 3444 2066 3513 ctus
2110 3451 2234 3491 sum
2283 3435 2680 3501 conturbatus;
2713 3453 2734 3486 ι
2791 3443 2885 3498 et,
2919 3453 2938 3486 ι
2972 3433 3045 3489 Ut
3082 3433 3236 3504 quid,
3284 3429 3533 3493 Domine,

1943 3529 2165 3598 repellis
2203 3528 2446 3583 animam
2486 3543 2688 3592 meam,
2725 3529 2932 3583 avertis
2959 3527 3156 3582 faciem
3189 3523 3383 3580 tuam?
3411 3541 3430 3574 ι
3457 3531 3534 3587 et,

1949 3634 1970 3668 ι
2001 3613 2080 3670 Ne
2106 3615 2353 3671 declines
2391 3615 2446 3669 in
2479 3615 2560 3671 ira
2595 3630 2627 3668 a
2667 3619 2829 3670 servo
2873 3625 3002 3679 tuo;
3035 3633 3056 3665 ι
3083 3622 3160 3678 et,
3209 3631 3230 3664 ι
3263 3611 3336 3665 [\e
3367 3608 3536 3680 proji-

1944 3706 2061 3765 eias
2117 3720 2206 3760 me
2253 3720 2285 3758 a
2335 3704 2477 3759 facie
2519 3715 2645 3771 tua;
2683 3724 2703 3756 ι
2763 3715 2840 3769 et,
2899 3723 2920 3756 ι
2959 3703 3072 3775 Ego
3103 3712 3287 3758 autem
3321 3701 3436 3755 dixi
3481 3700 3534 3752 in

1944 3813 2181 3854 excessu
2230 3811 2410 3852 meo:
2441 3795 2730 3866 Projectus
2777 3812 2899 3853 sum
2958 3811 2990 3850 a
3044 3794 3212 3866 facie
3243 3793 3533 3846 oculorum

1948 3904 2193 3948 tuorum.
2229 3912 2248 3946 ι
2285 3891 2480 3960 Qualia
2514 3891 2639 3946 irati
2694 3902 2748 3948 et
2791 3891 2974 3947 amicti
3013 3891 3080 3946 ad
3111 3903 3207 3945 eos
3247 3903 3375 3944 cum
3413 3885 3538 3954 qui-

1945 3984 2346 4041 husdiscordes
2361 3992 2510 4049 sunt,
2530 3992 2586 4037 et
2599 3997 2762 4038 sensa
2780 3993 2879 4036 soa
2895 3981 3162 4052 pandunt.
3182 3976 3532 4050 (Psal.xx1x,

1944 4078 2013 4148 8;
2048 4077 2426 4144 uuvu,15;
2460 4093 2609 4144 τινι,
2645 4077 2679 4132 9
2703 4095 2719 4145 ;
2743 4093 2797 4141 L,
2833 4078 2935 4142 {5;
2971 4091 3100 4142 xxx,
3129 4073 3248 4144 25.)

2017 4173 2104 4227 M.
2144 4172 2192 4228 A
2213 4170 2375 4236 facie,
2397 4171 2541 4226 sicut
2566 4185 2580 4225 :
2610 4189 2630 4220 ι
2663 4169 2734 4224 Ut
2754 4170 2883 4241 quid
2909 4169 3112 4224 avertis
3134 4182 3355 4222 manum
3381 4173 3534 4220 tuam

1944 4271 1999 4318 et
2025 4263 2310 4318 dexteram
2353 4262 2546 4318 tuam?
2575 4283 2592 4313 ι
2631 4277 2728 4332 per
2765 4261 3144 4330 metaphoram
3187 4265 3533 4327 assumptam

259 4350 368 4404 τῶν
392 4349 908 4422 παρακαλουμένων
967 4351 1060 4402 καὶ
1097 4351 1176 4412 είς
1215 4348 1464 4401 τούπίσω
1505 4348 1606 4411 τὰς
1646 4349 1839 4418 χεῖρας

1954 4356 2015 4411 ab
2048 4356 2133 4412 his
2161 4357 2256 4427 qui
2297 4356 2663 4411 consolantur
2702 4363 2758 4410 et
2789 4365 2978 4424 postea
3013 4368 3212 4407 manus
3254 4358 3532 4405 avertunt.

261 4441 722 4514 ἀποστρεφόντων
749 4459 763 4477 ·
803 4442 934 4506 καί,
973 4460 991 4491 ι
1015 4441 1140 4493 Ὀτι
1190 4437 1309 4508 ἀρῶ
1351 4439 1432 4502 είς
1481 4438 1572 4492 τὸν
1612 4438 1844 4509 οὐρανὸν

257 4535 358 4604 τὴν
391 4534 555 4605 χεῖρά
584 4543 710 4603 μου,
740 4533 836 4587 καὶ
857 4532 1104 4604 ὀμοῦμαι
1141 4533 1209 4602 τῇ
1241 4530 1395 4602 δεξιᾷ
1427 4515 1531 4602 μου
1553 4544 1567 4558 ·
1604 4548 1623 4581 ι
1655 4529 1751 4582 καὶ
1775 4529 1858 4598 τὰ,

260 4628 447 4698 ὃμοια.
1412 4638 1421 4648 ·
1712 4671 1714 4674 ,

331 4715 413 4772 ιε’.
441 4717 578 4770 Ἀπὸ
605 4715 662 4771 δὲ
707 4715 962 4792 ὄλουτοῢ
1007 4713 1191 4780 ζώου·
1225 4713 1337 4768 ἀπὸ
1381 4713 1506 4767 ὅλου
1553 4711 1650 4765 τοῦ
1699 4709 1842 4777 ζώου

259 4809 405 4864 κατὰ
430 4810 702 4882 διαίρεσιν
721 4851 734 4874 ,
765 4808 860 4862 νύν
892 4809 990 4880 μὲν
1021 4807 1129 4862 ἀπὸ
1159 4806 1262 4878 τῆς
1294 4805 1499 4878 ψυχῆς,
1526 4804 1624 4858 νῦν
1651 4804 1710 4859 δὲ
1737 4805 1844 4858 ἀπὸ

257 4903 358 4972 τῆς
385 4903 624 4973 σαρκός·
662 4901 737 4965 ὡς
767 4901 850 4964 τὸ,
887 4919 906 4954 ι
935 4901 1086 4972 Σάρξ
1129 4917 1229 4970 μου
1270 4899 1332 4965 ἐξ
1379 4898 1586 4964 αὐτῶν,
1622 4917 1641 4950 ι
1687 4897 1845 4968 παρὰ

256 4994 336 5065 τῷ
364 4992 551 5064 Ὢσηέ.
587 4992 724 5046 xw.
746 4991 814 5046 δὲ
853 4991 1068 5063 ψυχῆς·
1102 4992 1202 5055 ὡς,
1243 5009 1260 5042 ι
1285 4989 1398 5053 Τὰς
1424 4988 1723 5059 νεομηνίας
1745 4987 1841 5041 καὶ

257 5089 328 5141 τὰ
358 5081 634 5153 ’Σάῤϐατα
670 5085 825 5155 ὑμῶν
865 5088 1018 5156 μισεί
1056 5086 1090 5156 η
1128 5069 1278 5156 ψυχή
1313 5100 1454 5155 μου·
1481 5103 1500 5135 ι
1539 5082 1842 5138 καὶταῦτα

261 5177 362 5250 μὲν
413 5177 826 5248 ύποδείγματος
874 5176 1040 5249 χάριν
1096 5175 1234 5248 πρὸς
1283 5174 1676 5246 ἐντελεστέραν
1731 5173 1843 5230 τῶν

263 5251 578 5344 ίιδιῖυμάτων
615 5269 953 5340 αἰτιολογίας
986 5271 1338 5341 παράστασιν
1368 5268 1677 5335 λελέξεται.

449 5405 772 5472 Ἐπίλυσις
806 5403 928 5460 τῶν
945 5404 1248 5474 ρηθεισῶν
1285 5403 1666 5475 διαιρέσεων.

333 5538 405 5606 α’,
437 5537 506 5611 β’.
539 5541 619 5596 Τὸ
642 5541 825 5596 τοίνυν
851 5539 1124 5611 ἁλάθητον
1141 5539 1245 5611 τῆς
1269 5539 1362 5594 τοῦ
1392 5539 1531 5594 Θεοῦ
1556 5539 1838 5610 γνώσεως,

270 5650 291 5687 ι
309 5631 654 5706 ὀφθαλμοὺς
674 5627 783 5688 οἶδε
815 5634 911 5690 καὶ
933 5631 1211 5703 βλέφαρα
1232 5632 1324 5688 καὶ
1348 5632 1564 5703 ὅρασιν
1585 5632 1772 5688 καλεῖν
1792 5651 1802 5661 ·
1819 5653 1836 5684 ›

1946 4448 2039 4511 Et,
2064 4467 2082 4499 ι
2109 4446 2328 4502 Levabo
2355 4447 2422 4502 ad
2449 4447 2652 4502 cmlum
2679 4461 2901 4500 manum
2929 4461 3130 4510 meam,
3148 4443 3419 4512 etjurabo
3441 4455 3537 4510 per

1944 4538 2225 4591 dexteram
2282 4552 2499 4602 meam;
2537 4555 2556 4587 ι
2606 4544 2661 4590 et
2709 4533 2936 4589 similia.
2974 4531 3148 4602 (Psal.
3191 4545 3387 4592 LSXIII,
3429 4528 3532 4596 11;

1945 4628 2108 4683 Deut.
2141 4643 2318 4691 nx",
2355 4626 2473 4699 40.)
3309 4692 3316 4699 _

2019 4721 2110 4776 15.
2151 4720 2198 4774 Α
2228 4729 2344 4774 toto
2377 4719 2636 4785 animali;
2665 4733 2696 4771 a
2725 4726 2842 4772 toto
2875 4715 3101 4771 animali
3133 4713 3299 4768 niodo
3331 4711 3538 4776 diviso,

1946 4825 2094 4868 nunc
2127 4813 2196 4866 ub
2223 4812 2430 4875 anima,
2473 4825 2623 4866 nunc
2653 4825 2684 4864 a
2719 4824 2910 4874 carne,
2961 4811 3144 4863 sicut:
3181 4826 3199 4858 ι
3232 4805 3376 4860 Caro
3411 4818 3542 4857 mea

1944 4921 2012 4962 ex
2044 4905 2204 4976 ipsis,
2241 4924 2258 4957 ι
2301 4905 2441 4974 apud
2473 4901 2637 4959 Osee.
2692 4901 2777 4956 Ab
2811 4901 2995 4956 anima‘
3039 4900 3205 4966 sicut,
3255 4915 3274 4948 ι
3303 4895 3536 4951 Neonie-

1946 4999 2068 5053 nias
2105 5008 2159 5053 et
2190 4997 2429 5052 Sabbata
2457 5007 2643 5052 vestra
2678 4994 2852 5050 oduvit
2878 4994 3062 5048 anima
3095 5008 3254 5057 mea;
3289 5011 3307 5044 ι
3339 4987 3397 5044 et
3426 4990 3541 5043 ista

1943 5089 2179 5158 exempli
2214 5089 2388 5160 gratia
2435 5087 2583 5142 dicta
2633 5095 2798 5142 erunt
2837 5094 2896 5140 ut
2927 5083 3252 5154 complctins
3295 5081 3536 5134 idioma-

1947 5189 2061 5234 tum
2112 5181 2254 5234 ratio
2297 5173 2578 5234 reddatur.
2612 5176 2779 5251 (Osee
2818 5193 2935 5245 χιι,
2973 5177 3040 5231 14
3064 5175 3169 5247 (1');
3201 5173 3304 5237 lsa,
3342 5186 3381 5238 I,
3421 5171 3534 5239 14.)

2250 5401 2560 5472 Explicatio
2585 5379 2851 5456 dictarunt
2876 5399 3221 5454 divisionum.

2017 5539 2069 5604 1,
2106 5536 2157 5591 2.
2203 5537 2359 5604 Quod
2381 5552 2512 5609 ergo
2537 5538 2707 5592 latere
2729 5551 2838 5592 non
2863 5543 3042 5607 potest
3060 5533 3153 5588 Dei
3173 5530 3540 5604 cognitionis,

1947 5630 2137 5688 oculos
2202 5630 2353 5686 novit
2397 5639 2450 5686 et
2507 5628 2790 5702 palpebras
2856 5635 2912 5684 et
2985 5626 3236 5682 visionem
3283 5639 3528 5692 vocare.
