3928 6206
345 2722 357 2794 1

347 2798 357 2837 l

392 250 528 317 1273

384 558 575 629 gentes
607 549 931 620 respiciunt.
971 566 990 599 ι
1026 547 1203 617 (Psal.
1234 563 1433 614 sunt,
1475 548 1576 615 £6;
1620 564 1745 615 uv,
1780 547 1858 619 7.)

456 641 512 695 5.
554 640 986 695 Misericordiam
1016 639 1137 710 ejus
1169 656 1328 694 aures
1351 646 1405 693 et
1435 639 1712 704 auditum;
1736 646 1791 694 et
1819 638 1966 709 quod

388 731 597 786 indicat
638 731 979 786 voluntatem
1012 731 1156 800 ejus,
1201 729 1464 800 loquelam
1502 739 1557 785 et
1591 747 1682 795 os;
1720 739 1774 785 et
1802 729 1871 785 ab
1900 744 1967 783 eo

388 821 530 890 quod
562 835 592 873 a
638 820 800 874 nobis
833 835 930 890 per
974 833 1037 875 os
1071 829 1127 875 et
1162 818 1386 874 verbum
1422 827 1727 874 noscuntur
1753 833 1877 888 qua:
1911 819 1964 872 in

388 919 568 965 mente
597 911 929 981 cogitantur,
964 910 1093 966 inde
1128 919 1183 966 et
1220 909 1687 964 manducationem
1714 909 1835 979 ejus
1864 923 1967 963 no-

387 1011 559 1057 stram
588 1012 750 1058 vocat
775 1002 841 1058 ad
870 1017 935 1057 ea
956 1016 1078 1073 qua:
1100 1002 1218 1058 vult
1241 1003 1581 1057 alacritatem
1602 1019 1618 1069 ;
1643 1017 1708 1058 ex
1731 1016 1798 1057 eo
1821 1002 1966 1072 quod

389 1092 443 1145 in
492 1092 654 1148 nobis
686 1107 781 1161 per
815 1101 1012 1164 gustus
1045 1093 1419 1150 sensationem
1454 1090 1725 1149 naturalis
1762 1093 1963 1149 esuriei

391 1183 485 1238 ﬁat
512 1183 771 1254 expletio.

459 1359 517 1412 4.
573 1357 730 1425 Quod
790 1368 1075 1432 acceptam
1131 1361 1329 1416 babeat
1383 1361 1817 1420 benevolentiam
1871 1381 1969 1420 no-

389 1460 561 1505 stram
594 1466 721 1520 erga
756 1451 955 1521 ipsum,
989 1452 1371 1507 odoratiouem.

462 1541 514 1596 5.
556 1541 631 1595 Ex
667 1543 928 1612 operibus
959 1543 1455 1599 manifestationem
1490 1546 1610 1615 ejus
1638 1547 1837 1601 vultum
1871 1563 1968 1601 vo-

389 1639 500 1692 cat,
532 1630 676 1685 sicut
705 1647 829 1686 cum
862 1647 1028 1706 super
1065 1648 1167 1689 nos
1209 1633 1267 1688 fit
1292 1649 1391 1704 per
1426 1636 1539 1691 haec
1574 1637 1962 1704 manifestatio,

390 1731 504 1776 tum
540 1738 705 1792 super
729 1724 957 1788 bonum,
986 1734 1098 1780 tum
1133 1741 1299 1796 super
1330 1729 1556 1790 malum,
1590 1738 1649 1783 ut
1678 1749 1691 1784 :
1723 1749 1743 1781 ι
1775 1730 1967 1787 Vultus
2002 1707 2042 1762 Β

392 1812 610 1868 Domini
646 1829 814 1885 super
838 1814 1103 1871 facientes
1143 1816 1307 1871 mala.
1341 1837 1373 1887 »ε
1398 1810 1576 1888 (Ρεαι.
1612 1835 1807 1887 xxxiii,
1852 1821 1965 1892 t7.)

462 2009 517 2062 6.
558 2006 867 2067 Et'ticaciam
892 2013 1130 2084 energiae
1160 2015 1280 2085 ejus
1306 2056 1322 2081 ,
1350 2032 1549 2074 manus
1579 2027 1738 2075 vocat
1770 2018 1915 2076 sicut
1937 2036 1969 2076 a

393 2099 555 2156 nobis
606 2102 761 2157 utilia
801 2119 1034 2174 quaeque
1080 2121 1175 2175 per
1225 2123 1487 2163 manuum
1523 2111 1803 2182 energiam
1836 2112 1971 2167 diri-

395 2199 630 2257 guntur,
682 2190 802 2247 sive
850 2208 1017 2264 super
1057 2194 1301 2263 bonum,
1349 2198 1464 2253 sive
1518 2214 1684 2269 super
1730 2202 1967 2269 malum,

395 2280 579 2343 sicut,
643 2298 662 2332 ι
706 2280 909 2339 Emitte
971 2300 1195 2341 manum
1258 2295 1408 2341 tuam
1476 2289 1543 2343 de
1608 2290 1758 2356 alto;
1796 2311 1814 2342 ι
1874 2302 1969 2359 et,

401 2386 419 2417 ι
451 2366 592 2423 Leva
624 2385 821 2428 manus
854 2383 978 2429 tuas
1008 2375 1063 2429 in
1099 2378 1388 2445 superbias
1409 2394 1599 2434 eorum
1630 2380 1691 2434 in
1728 2381 1964 2438 tinem.»

397 2457 574 2529 (Psal.
607 2476 797 2531 CXLIII,
832 2463 894 2531 7;
934 2480 1130 2533 Lxxtu,
1156 2468 1234 2537 5.)

471 2551 524 2606 7.
566 2552 855 2611 Dexteram
890 2571 1055 2629 super
1093 2558 1243 2615 solos
1269 2557 1470 2628 justos,
1508 2571 1766 2636 tanquam
1798 2566 1974 2623 hono-

397 2644 660 2699 ratiorem
689 2656 901 2716 partem
934 2648 1210 2720 appellare
1236 2655 1544 2709 consuevit.

467 2731 517 2787 8.
565 2732 632 2789 Et
660 2735 1003 2806 diligentiam
1040 2738 1302 2809 majorem
1333 2741 1387 2795 in
1430 2743 1640 2814 agendo
1671 2754 1974 2802 contactum

398 2927 454 2973 ct
485 2919 746 2974 incessum
784 2932 966 2999 vocat,
1006 2923 1151 2979 sicut
1199 2943 1217 2976 ι
1249 2923 1535 2980 lnclinavit
1583 2929 1755 2985 ccelos
1792 2938 1847 2984 et
1883 2931 1978 2986 de-

400 3011 648 3076 scendit;
679 3030 697 3064 ι
736 3021 812 3076 et,
838 3030 858 3064 ι
887 3014 1110 3069 Andivit
1134 3014 1305 3070 Adam
1338 3015 1504 3071 Deum
1532 3019 1975 3079 deambulantem
2003 3046 2046 3105 ο

402 3104 456 3157 in
487 3106 768 3174 paradiso.
802 3124 822 3157 ι
864 3105 1040 3176 (Ριαι.
1072 3124 1208 3176 xvn,
1243 3107 1344 3175 to;
1379 3109 1508 3166 Gen.
1549 3126 1630 3179 Ill,
1662 3110 1741 3182 8.)

472 3279 524 3336 9.
567 3282 820 3338 Attamen
855 3292 910 3338 et
939 3300 1082 3355 saepe
1111 3300 1208 3356 per
1254 3293 1429 3341 totum
1467 3296 1649 3343 servat
1685 3289 1982 3346 schematis

403 3374 907 3443 continuationem,
956 3377 1099 3433 sicut
1133 3378 1186 3432 in
1239 3380 1452 3449 psalmo
1497 3379 1763 3436 describit
1815 3381 1981 3437 Deum

407 3479 666 3537 tanquam
703 3468 1150 3536 descendentem,
1202 3484 1331 3525 mox
1383 3470 1735 3534 clamantem,
1786 3472 1987 3530 deinde

408 3555 515 3609 tela
568 3556 908 3621 mittentem;
955 3556 1100 3612 idem
1157 3567 1212 3613 et
1255 3557 1438 3614 facere
1484 3561 1771 3616 consuevit
1809 3570 1866 3618 et
1915 3563 1984 3619 de

412 3647 746 3709 hominibus.
777 3648 921 3705 sicut
949 3668 962 3704 :
999 3667 1019 3701 ι
1050 3648 1213 3720 Eripe
1241 3651 1483 3707 animam
1513 3667 1688 3708 meam
1712 3654 1781 3710 de
1802 3655 1984 3712 medio

409 3736 653 3797 leonum,
689 3756 708 3790 ι
752 3745 806 3793 et
832 3755 953 3809 quae
999 3749 1341 3811 sequuntur;
1393 3740 1507 3797 sint
1543 3751 1727 3798 autem
1771 3744 1890 3801 haec
1918 3746 1986 3809 de

410 3827 674 3883 membris
702 3835 756 3882 et
782 3829 849 3883 de
876 3829 1153 3886 sensibus.
1178 3828 1355 3901 (Psal.
1382 3845 1517 3899 xv",
1551 3831 1651 3901 il;
1682 3832 1877 3891 Ezech.
1906 3834 1989 3903 ιτ,

410 3920 474 3985 1;
505 3919 657 3975 Psal.
690 3937 801 3985 ινι,
833 3922 911 3994 5.)

480 4012 569 4066 10.
621 4014 849 4070 Consilii
900 4015 994 4071 Dei
1046 4017 1451 4087 oppositionem
1508 4020 1776 4077 adversus
1825 4020 1986 4076 mali-

409 4104 563 4172 tiam,
589 4105 728 4159 iram
757 4116 810 4162 et
833 4107 1069 4177 furorem
1116 4110 1388 4176 nominat,
1435 4111 1505 4166 ab
1537 4127 1605 4166 eo
1650 4112 1796 4182 quod
1826 4112 1987 4169 nobis

411 4195 465 4247 in
490 4195 617 4250 odio
646 4197 845 4252 accidit
873 4207 1095 4267 propter
1128 4202 1431 4264 contraria,
1466 4202 1608 4257 sicut
1637 4219 1651 4257 :
1690 4222 1709 4255 ι
1742 4202 1818 4258 Ex
1858 4212 1988 4262 tunc

412 4288 491 4340 ira
518 4296 633 4349 tua,
665 4307 686 4340 ι
725 4303 846 4358 pro,
882 4307 901 4340 ι
929 4288 1196 4346 Δθείιιίιίο
1238 4301 1295 4346 et
1324 4305 1562 4363 semper,
1585 4312 1612 4345 ι
1650 4295 1987 4351 contrarium

412 4394 540 4435 esse
588 4380 925 4437 consuevisti
953 4382 1137 4449 malo;
1179 4393 1269 4446 et,
1305 4404 1344 4443 ,ι
1380 4383 1607 4441 Eﬂ‘unde
1653 4385 1788 4441 iram
1834 4394 1985 4444 tuam
2022 4403 2065 4459 ι)

413 4471 466 4525 in
501 4479 691 4542 gentes
720 4487 844 4542 quae
873 4482 925 4528 te
958 4489 1071 4528 non
1103 4485 1419 4531 noverunt:
1455 4496 1475 4528 ι
1510 4475 1623 4531 sint
1651 4476 1769 4532 haec
1792 4478 1860 4533 de
1883 4479 1997 4549 spi-

412 4565 706 4621 ritualibus
730 4566 995 4627 matibus.
1023 4566 1202 4639 (Psal.
1239 4584 1404 4636 Luv,
1432 4569 1500 4637 8;
1540 4585 1773 4637 Lxxvnt,
1801 4570 1879 4643 6.)

485 4745 573 4799 ll.
616 4742 1051 4823 Voluntatemin
1077 4760 1364 4802 servorum
1393 4746 1682 4813 auxilium,
1719 4746 1993 4802 adversa-

416 4834 623 4889 riorum
661 4850 789 4891 vero
829 4836 1169 4905 punitionem
1212 4836 1440 4908 Surgere
1486 4847 1542 4892 et
1577 4854 1766 4893 somno
1814 4839 1994 4893 excuti

415 4938 594 4993 vocat,
619 4927 763 4984 sicut
798 4946 818 4980 ι
846 4927 1115 5000 Exsurge,
1144 4928 1397 4993 Domine,
1423 4928 1620 4998 adjuva
1654 4945 1776 4985 nos.
1812 4950 1830 4982 ι
1871 4929 1996 4985 Sint

418 5019 534 5075 hanc
564 5019 631 5075 de
661 5020 903 5076 motibus
935 5022 1337 5091 corporalibus.
1365 5020 1550 5091 (Psal.
1594 5039 1749 5089 xun,
1781 5022 1896 5092 26.)

493 5199 583 5257 12.
625 5199 1008 5257 Tentationem
1042 5199 1137 5256 Dei
1178 5210 1357 5267 vocat,
1394 5202 1840 5272 provocationem
1885 5217 1996 5259 ser-
2060 5184 2063 5187 1

424 5309 611 5349 vorum
644 5293 767 5365 ejus
787 5293 853 5349 ad
886 5308 1025 5363 opus
1048 5292 1481 5349 benevolentiam
1515 5293 1899 5359 manifestans,
1942 5303 2000 5348 ut

423 5388 747 5445 illustriores
768 5396 823 5444 et
852 5387 1295 5443 honorabiliores
1323 5384 1745 5442 manifestcntur
1780 5394 1836 5439 et
1872 5384 1995 5441 aliis

425 5497 453 5532 ιι
478 5479 775 5535 lmirationi
813 5478 949 5544 sint,
989 5488 1047 5535 ut
1075 5497 1089 5534 :
1125 5496 1144 5531 ι
1175 5478 1428 5533 Tcntavit
1459 5476 1607 5534 Deus
1641 5475 1937 5532 Abi-aliam.
1969 5494 1985 5525 ι

428 5571 579 5643 (Gen.
614 5586 729 5626 ml
751 5610 766 5636 ,
792 5571 870 5641 ι.)

512 5663 597 5718 i3.
638 5662 930 5721 Consuctm
967 5662 1324 5732 protectionis
1360 5661 1481 5728 ejus
1518 5676 1746 5725 moram,
1787 5658 2003 5713 oblivio—

1851 251 2175 313 ADRIANI

383 379 550 434 super
581 363 785 418 bonum
810 361 1069 433 quidem;
1101 362 1246 419 sicut
1277 380 1292 417 :
1326 381 1345 416 ι
1376 361 1536 418 Oculi
1562 361 1775 419 Domini
1803 378 1966 431 super

2106 362 2166 415 πὶ
2197 361 2297 431 μὲν
2327 359 2481 431 καλῷ
2505 375 2518 391 ·
2549 358 2626 423 ὡς
2656 357 2740 422 τὸ,
2781 378 2799 410 ι
2829 357 3144 439 Ὀφθαλμοὶ
3179 360 3399 432 Κυρίου
3441 360 3551 415 ἐπὶ
3598 365 3689 417 διο

381 457 594 527 justos;
628 475 648 508 ι
689 471 855 526 super
892 455 1098 511 malum
1130 463 1315 511 autem
1350 473 1364 509 :
1394 475 1415 509 ι
1449 454 1604 511 Oculi
1632 455 1754 526 ejus
1800 470 1967 525 super

2001 566 2019 583 ο
2068 542 2200 611 ἔθνη
2231 542 2646 596 ἐπιϐλέπουσιν.
2675 558 2695 592 ι

3542 251 3688 317 ιεεο

2067 451 2287 515 καίους’
2325 470 2344 502 ι
2379 451 2476 505 ἐπὶ
2502 449 2561 503 δὲ
2595 448 2773 521 κακῷ,
2816 469 2834 503 ι
2858 451 2926 505 οι
2950 450 3234 522 ὀφθαλμοὶ
3265 452 3445 507 αὐτοῦ
3482 453 3589 506 ἐπὶ
3614 454 3691 507 τά

2137 635 2207 703 γ’.
2246 635 2322 688 Τὸ
2339 633 2777 714 δὲ’ὲξιλεωτικὸν
2803 634 2997 699 αὑτοῦ,
3028 629 3151 690 ὦτα
3191 636 3290 691 καὶ
3326 636 3579 704 ἁκοήνσ
3624 637 3691 691 τὸ

2067 726 2126 779 δὲ
2174 727 2514 782 ἐνδεικτικὸν
2553 727 2658 796 τῆς
2694 726 3008 798 βουλήσεως
3036 727 3232 794 αὑτοῦ,
3281 730 3537 783 λαλιὰ-ν
3589 732 3692 783 καὶ

2068 819 2267 887 στόμα
2289 834 2303 847 ·
2334 816 2446 871 άπὸ
2474 818 2532 871 δὲ
2557 817 2655 872 τοῦ
2692 818 2826 889 παρ’
2857 819 2991 888 ἡμῖν
3020 818 3112 872 διὰ
3149 819 3429 890 στόματος
3460 821 3569 874 καὶ
3597 821 3693 874 λό-

2067 926 2181 978 γων
2214 909 2582 980 γνωρίζεσθαι
2608 910 2681 973 τά
2727 914 2872 965 κατὰ
2902 909 3136 981 γνώμην
3176 913 3560 983 φρονήματα,
3596 915 3691 966 ἔνο

2068 999 2259 1054 τεῦθεν
2294 1001 2392 1054 καὶ
2410 1001 2650 1071 ,ϐρῶσιν
2680 1002 2849 1056 αὐτοῦ
2874 1001 2973 1074 τὴν
3004 1003 3292 1074 ἡμετέραν
3324 1005 3509 1058 καλεῖ
3544 1005 3693 1076 πρὸς

2066 1092 2096 1147 ὅ
2130 1094 2383 1164 βούλεται
2422 1094 2765 1166 συνδρομήνο
2819 1097 2884 1149 ὲκ
2912 1094 3008 1148 τοῦ
3063 1095 3195 1166 παρ’
3237 1097 3377 1167 ἡμῖν
3431 1098 3539 1151 διὰ
3582 1099 3692 1168 τῆς

2067 1184 2365 1254 γευστικῆς
2401 1184 2714 1256 αἰσθήσεως
2750 1187 2852 1255 τῆς
2893 1184 3138 1257 φυσικῆς
3187 1187 3407 1252 ἐνδείας
3455 1191 3697 1258 ιγγίνεο

2071 1275 2198 1330 σθαι
2224 1277 2406 1346 κόρον.

2137 1367 2202 1424 δ’.
2234 1368 2307 1421 Τὸ
2343 1367 2400 1420 δὲ
2456 1367 2819 1422 άποδεκτικὸν
2861 1368 2962 1438 τῆς
3015 1370 3100 1433 είς
3149 1369 3315 1423 αὑτὸν
3352 1370 3535 1442 ἡμῶν
3594 1372 3695 1426 εὖ.

2069 1460 2242 1525 νοίας,
2274 1460 2605 1528 ὄσφρησιν.
2854 1483 2859 1487 ’

2139 1557 2202 1605 ε’.
2237 1552 2349 1622 Τὴν
2381 1551 2438 1605 δὲ
2474 1553 2567 1605 ἐπὶ
2602 1552 2950 1623 πραγμάτων
2975 1551 3214 1619 ἔνδειξιν
3244 1553 3450 1616 αὐτοῦ,
3480 1556 3695 1624 apd:-

2072 1660 2236 1696 ωπον
2265 1644 2449 1710 καλεῖ,
2480 1643 2558 1709 ὡς
2587 1644 2699 1699 άπὸ
2733 1643 2831 1698 τοῦ
2867 1645 3002 1714 παρ’
3032 1648 3171 1716 ἡμῖν
3205 1647 3296 1701 διὰ
3325 1648 3545 1703 τούτου
3597 1650 3695 1718 τε.

2071 1732 2257 1786 νεσθαι
2306 1734 2407 1805 τὴν
2459 1734 2801 1804 ἐμφάνειαν
2855 1735 2968 1788 εῐτε
3010 1736 3109 1788 ἐπὶ
3170 1736 3366 1808 καλῷ,
3417 1739 3545 1791 εἶτε
3594 1742 3696 1794 ἰπὶ

2072 1824 2259 1895 κακῷ’
2311 1825 2408 1888 ὡς,
2447 1844 2466 1877 ι
2495 1825 2800 1895 Πρόσωπον
2841 1824 2900 1879 δὲ
2952 1826 3166 1897 Κυρίου
3211 1829 3306 1881 ἐπὶ
3366 1830 3695 1898 ποιοῦντας

2072 1916 2238 1969 κακά.
2270 1934 2288 1965 ι

2144 2013 2217 2071 ς’.
2265 2006 2340 2059 Τὸ
2368 1990 2663 2060 ἀνυστικὸν
2709 2005 3132 2079 τῆςοὲνεργείας
3189 2007 3407 2074 αὐτοῦ,
3482 2014 3696 2083 χεῖρας

2070 2094 2352 2171 ὀνομάζει,
2378 2099 2456 2163 ὡς
2480 2099 2591 2153 τῶν
2612 2099 2747 2170 παρ’
2772 2101 2908 2170 ἡμῖν
2935 2100 3005 2153 τὰ
3038 2100 3278 2171 μάλιστα
3300 2103 3575 2174 χρειώδη
3598 2105 3694 2159 διὰ

2070 2194 2169 2262 τῆς
2209 2192 2319 2246 τῶν
2365 2192 2567 2264 χειρῶν
2622 2192 2909 2263 ἐνεργείας
2944 2192 3373 2264 κατορθοῦσθαι,
3422 2196 3552 2248 εῐτε
3594 2200 3692 2251 ἔτι

2072 2282 2242 2353 καλῷ,
2275 2285 2388 2336 εῐτε
2436 2284 2530 2336 ἐπὶ
2582 2282 2739 2353 κακῷ
2761 2299 2778 2314 ο
2820 2283 2898 2348 ὠς
2935 2284 3017 2350 τὸ,
3050 2303 3069 2336 ι
3101 2282 3550 2350 Ἐξαπὸστειλον
3589 2289 3691 2359 τὴν

2058 2375 2234 2446 ¹χεῖρά
2277 2391 2373 2428 σου
2404 2373 2465 2440 ἐξ
2507 2373 2712 2444 ὕψους·
2745 2393 2765 2427 ι
2803 2376 2939 2440 xui...
2967 2394 2986 2428 ι
3027 2376 3278 2448 Ἐπαρον
3324 2377 3436 2442 τὰς
3482 2383 3690 2452 χεῖράς

2075 2482 2170 2518 σου
2187 2465 2280 2517 ἐπὶ
2307 2464 2409 2527 τὰς
2440 2464 2835 2534 ὑπερηφανίας
2866 2464 3047 2517 αὐτῶν
3078 2466 3162 2529 εἰς
3185 2466 3366 2531 τέλος.
3406 2486 3427 2518 s

2143 2554 2211 2620 ζ’.
2248 2553 2361 2623 Τὴν
2393 2553 2579 2624 μέντοι
2609 2551 2796 2619 δεξιάν
2828 2553 2922 2605 ἐπὶ
2981 2553 3163 2623 μόνων
3194 2555 3307 2607 τῶν
3341 2555 3584 2623 αἰσίων,
3614 2557 3692 2623 ὥς

2074 2648 2186 2703 ἀπὸ
2213 2647 2547 2718 τιμιωτέρου
2575 2644 2673 2699 τοῦ
2698 2644 2926 2716 μέρους,
2957 2646 3229 2714 ὲκφωνείν
3256 2646 3478 2703 ἔοικεν.

2144 2739 2216 2811 η’.
2248 2739 2360 2794 Καὶ
2392 2738 2456 2792 τὸ
2483 2737 2551 2791 δι’
2580 2735 2874 2807 ἀκριϐείας
2904 2735 3073 2791 αὐτοῦ
3101 2737 3185 2801 είς
3211 2739 3546 2809 πρακτικὸν
3569 2741 3691 2794 ἐπι-

400 2835 587 2894 meat;
638 2825 1045 2886 festinationem
1097 2832 1166 2886 ad
1208 2833 1484 2902 egentium
1517 2837 1781 2892 auxilium
1822 2840 1974 2908 pedes

2101 2829 2467 2900 τατικὼτερον,
2497 2827 2874 2895 ψηλάφησιν
2916 2824 3109 2878 καλεῖο
3144 2825 3247 2897 τὴν
3275 2825 3338 2878 δὲ
3370 2826 3524 2896 πρὸς
3567 2828 3692 2880 ἐπι·

2077 2921 2308 2992 κουρίαν
2353 2918 2462 2972 τῶν
2495 2917 2771 2987 δεομένων
2805 2915 3000 2987 ῥοπὴν,
3036 2915 3229 2983 πόδας
3278 2918 3381 2970 καὶ
3418 2916 3696 2981 βάδισιν

2078 3012 2377 3082 ὀνομάζει·
2413 3011 2489 3073 ὡς
2520 3009 2602 3075 τὸ,
2641 3027 2659 3060 ι
2686 3009 2800 3063 Καὶ
2821 3008 3038 3062 ἔκλινεν
3073 3008 3376 3081 οὐρανοὺς,
3415 3010 3522 3063 καὶ
3554 3026 3696 3063 τιατ·

2083 3102 2183 3173 έϐη
2206 3118 2221 3137 ι
2248 3120 2267 3153 ι
2296 3101 2413 3166 καὶ,
2456 3100 2777 3155 ινἮκουσεν
2802 3099 2979 3170 ’Δδὰμ
3006 3098 3102 3153 τοῦ
3126 3099 3263 3153 Θεοῦ
3294 3096 3695 3171 περιπατοῦν-

2082 3210 2171 3257 τος
2208 3194 2267 3246 ὲν
2296 3190 2373 3262 τῷ
2397 3190 2736 3261 παραδείσῳ.
2771 3209 2790 3242 ι
3332 3206 3337 3211 ·

2154 3282 2219 3338 θ’.
2256 3284 2526 3351 Μέντοιγε
2552 3283 2649 3335 καὶ
2673 3280 2843 3346 σώζει
2865 3280 3131 3345 πολλάκις
3148 3280 3247 3335 τοῦ
3275 3283 3698 3354 σχηματισμοῦ

2082 3377 2149 3431 δι’
2188 3376 2314 3430 ὅλου
2346 3375 2448 3446 τὴν
2483 3373 2849 3429 άκολουθίαψ
2885 3374 2964 3439 ὼς
3005 3376 3065 3427 ὲν
3101 3372 3182 3445 τῷ
3209 3372 3423 3445 ψαλμῷ
3456 3375 3693 3447 διατράι

2086 3485 2178 3537 φει
2207 3466 2300 3520 τὸν
2329 3466 2468 3521 Θεὸν
2518 3465 2595 3530 ὡς
2627 3464 2983 3531 καταϐάντα,
3027 3460 3152 3519 εἶτα
3197 3465 3525 3536 κράξαντα,
3573 3465 3705 3523 εἶτα

2086 3559 2386 3630 πέμψαντα
2408 3557 2540 3629 βέλη
2560 3577 2574 3591 ο
2606 3557 2670 3611 τὸ
2696 3557 2832 3613 αὐτὸ
2870 3557 2928 3611 δὲ
2961 3559 3140 3611 ποιεῖν
3168 3553 3281 3612 οἶδε
3312 3559 3417 3625 καὶ
3454 3561 3557 3613 ἐπὶ
3593 3564 3701 3616 ἂν·

2086 3653 2352 3724 θρὼπωνο
2380 3649 2456 3715 ὡς
2486 3650 2571 3713 τὸ,
2603 3670 2621 3702 ι
2650 3650 2907 3722 Ἐρῤύσω
2927 3649 3024 3720 τὴν
3042 3650 3228 3721 ψυχήν
3262 3668 3369 3721 μου
3403 3653 3480 3707 ὲκ
3518 3653 3699 3723 μέσον

2088 3745 2380 3815 σκύμνων·
2423 3761 2442 3795 ο
2482 3743 2577 3796 καὶ
2614 3742 2684 3796 τὰ
2716 3742 2881 3812 ἑξῆς·
2929 3742 3015 3814 εἴη
3051 3742 3096 3796 δ’
3137 3742 3205 3797 ἂν
3251 3739 3438 3797 ταῦτα
3490 3745 3612 3799 ἀι·εό
3642 3763 3703 3800 τε

2083 3837 2193 3891 τῶν
2226 3835 2409 3906 μελῶν
2442 3834 2671 3890 καὶτῶν
2705 3832 3045 3906 αἰσθήσεων.

2159 3988 2211 4046 ι’.
2251 3988 2365 4060 Τὴν
2391 3987 2532 4060 πρὸς
2562 3984 2666 4059 τὴν
2692 3986 2896 4042 κακίαν
2919 3987 3287 4059 ἐναντιότητα
3307 3988 3413 4059 τῆς
3431 3988 3535 4043 τοῦ
3551 3988 3697 4044 Θεοῦ

2089 4080 2287 4153 βουλῆς
2319 4082 2511 4149 θυμὸν
2538 4079 2636 4134 καὶ
2685 4078 2875 4149 ὀργὴν
2908 4079 3195 4150 ὀνομάζει,
3224 4081 3360 4151 ,ἀπὸ
3396 4080 3504 4135 τοῦ
3553 4083 3698 4157 παρ’

2087 4172 2221 4243 ἡμῖν
2253 4170 2354 4242 τὴν
2398 4168 2701 4241 ἀπέχθειαν
2731 4171 2872 4242 πρὸς
2906 4170 3173 4225 τάναντία
3203 4187 3269 4224 συ
3278 4171 3543 4242 μϐαἱνειν
3562 4190 3579 4204 ·
3616 4176 3696 4239 ὡς

2087 4263 2169 4332 τὸ,
2202 4280 2221 4315 ι
2246 4262 2385 4316 Ἀπὸ
2422 4262 2547 4316 τότε
2574 4263 2607 4332 ή
2637 4260 2780 4333 ὀργή
2811 4278 2908 4315 σου
2929 4278 2943 4292 ·
2980 4280 2998 4313 ι
3035 4264 3184 4328 ἀντὶ,
3223 4282 3242 4315 ι
3266 4262 3364 4329 Ἐξ
3384 4264 3569 4335 ἀρχῆς
3595 4265 3695 4319 καὶ

2088 4357 2201 4411 nisi.
2232 4374 2251 4407 ι
2287 4353 2549 4417 ἐναντίως
2584 4351 2841 4422 πέφυκας
2872 4352 3019 4423 ἔχειν
3051 4353 3193 4425 πρὸς
3221 4354 3285 4407 τὸ
3319 4356 3499 4410 κακόν
3521 4374 3534 4388 ο
3567 4357 3692 4419 καὶ,

2103 4467 2121 4500 ι
2148 4449 2382 4518 Ἐκχεον
2401 4445 2501 4517 τὴν
2532 4446 2704 4516 ὀργήν
2737 4462 2834 4498 σου
2869 4446 2963 4499 ἐπὶ
2993 4445 3062 4499 τά
3098 4444 3230 4516 ἔθνη
3270 4447 3341 4499 τὰ
3389 4447 3469 4518 μὴ
3522 4448 3694 4515 γινώ-

2098 4538 2301 4592 σκοντά
2339 4553 2397 4590 σε
2420 4554 2433 4568 ⁸
2463 4555 2481 4589 ι
2517 4536 2606 4605 εἴη
2640 4535 2686 4590 δ’
2721 4534 2788 4589 ἂν
2833 4533 3009 4589 ταῦτα
3051 4536 3162 4589 ἀπὸ
3209 4536 3489 4607 κινήσεων
3523 4538 3692 4609 ψυχι-

2098 4648 2230 4685 κων.
2526 4680 2538 4691 ,

2172 4722 2263 4775 ια’.
2289 4722 2401 4791 Τὴν
2429 4719 2522 4774 ἐπὶ
2553 4718 2654 4792 μὲν
2684 4721 2753 4791 τῇ
2777 4719 2887 4772 τῶν
2910 4718 3132 4772 οίκείων
3157 4716 3412 4790 βοηθείᾳ,
3439 4725 3695 4795 τιμωρίᾳ

2096 4816 2154 4871 δὲ
2172 4814 2283 4869 τῶν
2302 4814 2541 4887 ἐχθρῶν,
2578 4811 3185 4886 αῖρεσιν,ἁνάστασίν
3209 4830 3269 4866 τε
3297 4813 3393 4868 τοῦ
3424 4813 3570 4867 Θεοῦ
3596 4820 3693 4869 καὶ

2099 4908 2344 4978 ἔγερσιν
2372 4907 2561 4960 καλεί-
2584 4906 2660 4970 ὼς
2692 4905 2776 4970 τὸ,
2815 4923 2835 4956 ι
2893 4900 3155 4972 Ἀνάστα,
3181 4906 3384 4977 Κύριε,
3417 4907 3693 4978 βοήθησον

2101 5002 2332 5072 ἡμῖνκ»
2383 4998 2472 5071 εἴη
2517 5000 2562 5053 δ’
2623 4998 2690 5053 ἂν
2718 4997 2899 5052 ταῦτα
2951 4998 3062 5051 ἀπὸ
3114 4998 3393 5069 κινήσεων
3444 5016 3694 5071 σωματι-

2104 5111 2237 5146 κων.

2182 5186 2267 5255 ιβ’.
2302 5186 2508 5255 Πεῖραν
2534 5182 2627 5237 τοῦ
2651 5180 2788 5235 Θεοῦ
2816 5180 2994 5245 καλεῖ,
3024 5180 3126 5249 τὴν
3152 5182 3235 5243 είς
3267 5181 3432 5252 ἔργον
3458 5182 3561 5253 τῆς
3586 5182 3693 5236 τῶν

2105 5277 2326 5332 οἰκείων
2371 5273 2541 5330 αὑτοῦ
2594 5273 2805 5337 ἐννοίας
2838 5272 3127 5343 ἐκκλησιν,
3161 5270 3301 5343 πρὸς
3343 5272 3408 5324 τὸ
3439 5271 3692 5344 λαμπρο-

2104 5374 2299 5443 τέρους
2336 5369 2433 5424 καὶ
2468 5366 2913 5439 ὲπισημοτέρους
2964 5364 3165 5427 αὐτοὺς
3200 5363 3559 5433 καταστῆσαι
3601 5366 3697 5417 καὶ

2106 5460 2673 5535 περιϐλεπτοτέρους·
2706 5457 2782 5521 ὡς
2820 5456 2903 5522 τὸ,
2956 5472 2976 5506 ι
3014 5455 3075 5509 Ὀ
3104 5453 3242 5519 Θεὸς
3291 5454 3568 5525 ὲπείραζε
3608 5456 3695 5509 τὸν

2123 5559 2451 5628 Ἀϐραάμ.ι

2189 5651 2297 5721 ιγ’.⁵
2334 5652 2447 5720 Τὴν
2483 5647 2580 5718 τῆς
2625 5645 2887 5717 συνήθους
2926 5638 3089 5698 αὐτοῦ
3125 5639 3468 5711 προστασίας
3500 5637 3693 5694 ἅναϐο-
3736 5678 3749 5721 Ι
