3882 6204
262 334 393 401 1281

1311 331 1637 393 ISAGOGE
1682 328 1759 389 IN
1798 328 1902 389 SS.
1934 323 2449 389 'SCRIPTURAS.

3368 328 3504 395 1282

257 452 380 523 λίην,-
417 448 621 515 λήθην
678 447 975 518 ὀιομάζει·
1016 448 1093 513 ὡς
1140 447 1222 512 τὸ,
1263 466 1281 499 ι
1321 429 1693 518 Ἐπιλανθάνῃ
1731 446 1830 518 τῆς

1972 461 2049 499 em
2106 444 2394 507 nominat,
2453 441 2595 497 sicut
2636 461 2648 496 :
2690 460 2708 494 ι
2740 440 3095 499 Oblivisceris
3144 444 3341 514 inopiae
3410 466 3504 501 n.0—

259 541 540 614 τιτωχείας
570 539 757 611 ἡμῶν.
787 559 807 594 ι

330 630 413 683 ιδ’.
458 629 570 700 Τὴν
616 629 716 701 τῆς
752 627 1072 700 προθέσεως
1099 630 1181 694 είς
1210 627 1371 699 ἔργον
1400 629 1650 695 ἔκϐασιν,
1681 631 1835 695 3.11)-

257 723 547 792 ρυφορίαν
573 723 672 793 τῆς
698 721 793 775 τοῦ
826 722 964 776 Θεοῦ
994 722 1271 793 γνώσεως
1300 723 1590 788 ἀποκαλεῖ,
1615 722 1690 786 ὡς
1729 720 1832 794 [τὸ]

218 874 222 878 _
262 815 395 885 παρ’
422 817 561 885 ημῖν
593 814 1017 885 ἀξιοπιστότερα
1046 815 1164 868 τῶν
1201 814 1381 881 λόγων
1406 813 1476 867 τὰ
1503 814 1832 884 πράγματα,

261 907 337 968 ὡς
362 908 445 972 τὸ,
482 907 786 970 «Κατασὰς
813 903 923 962 οὖν.
944 907 1173 978 ὀψομαι·
1200 907 1250 959 εί
1281 906 1426 959 κατὰ
1455 904 1557 976 τὴν
1581 904 1834 975 κραυγὴν

261 997 442 1050 αὐτῶν
463 996 561 1069 τὴν
603 999 907 1070 ἐρχομένην
952 998 1090 1070 πρός
1131 1015 1198 1069 με
1235 996 1645 1050 συντελοῦνταιο
1688 996 1739 1048 εί
1779 994 1837 1046 δὲ

267 1088 364 1159 μὴ,
388 1088 476 1141 ἵνα
505 1086 618 1157 γνῶ
637 1100 651 1114 ·
686 1108 705 1139 ι
734 1088 828 1141 καὶ
858 1090 941 1153 τὸ,
976 1106 996 1141 ι
1032 1088 1147 1141 Νῦν
1170 1088 1345 1156 ἔγνων
1371 1088 1454 1141 ὅτι
1478 1085 1617 1157 φοὸᾔ
1651 1086 1716 1139 σὺ
1745 1084 1836 1136 τὸν

264 1175 415 1232 Θεόν.
463 1197 483 1230 ι

336 1274 419 1323 ιε’.
457 1270 531 1322 Τὸ
561 1268 805 1339 ἄφυκτον
840 1270 936 1323 τοῦ
986 1270 1125 1323 Θεοῦ
1155 1270 1334 1341 δίκης,
1365 1271 1621 1345 ἔρευναν
1650 1268 1832 1322 καλεῖ*

265 1362 340 1426 ὡς
373 1361 452 1428 τὸ,
482 1381 502 1413 r
525 1363 637 1416 Καὶ
669 1362 822 1426 ἐσται
853 1364 912 1415 ἐν
941 1364 1007 1433 τῇ
1038 1364 1225 1434 ἡμέρᾳ
1259 1362 1464 1433 ἐκείνῃ,
1494 1361 1839 1432 ἐξερευνήσω

264 1454 364 1523 τὴν
402 1452 767 1524 Ἰερουσαλὴμ
792 1457 932 1524 μετὰ
954 1453 1335 1525 λύχνου.ιοΕῑη
1357 1453 1403 1506 δ’
1427 1453 1494 1508 ἂν
1521 1452 1694 1507 ταῦτα
1729 1451 1839 1506 ἀπὸ

269 1542 460 1596 παθῶν
488 1542 763 1613 ψυχικῶν.
790 1557 805 1563 ’

340 1640 438 1698 ις’.
475 1633 586 1697 Τὴν
619 1633 720 1703 τῆς
748 1634 894 1688 κατὰ
920 1634 1029 1688 τῶν
1069 1634 1279 1707 ἐχθρῶν
1304 1635 1381 1707 (5)
1424 1636 1592 1690 αὐτοῦ
1621 1636 1839 1707 ἀμύνης

269 1724 586 1794 ὑπέρθεσιν,
610 1727 708 1795 τήν
729 1742 787 1778 τε
820 1724 959 1798 πρὸς
979 1726 1107 1790 τοὺς
1129 1728 1366 1793 οἰκείους
1390 1728 1685 1800 ἐπίκουρον
1715 1727 1841 1799 βρα-

1934 545 2079 591 ειτιε.
2119 556 2137 588 ι
2178 535 2352 606 (Psal.
2385 550 2542 602 xuii,
2572 534 2689 606 24.)

2004 631 2092 685 H.
2133 630 2363 686 Consilii
2416 630 2825 685 exsecutionem
2878 630 2930 684 in
2985 646 3156 700 opus,
3218 632 3505 701 perfectam

1934 722 2032 778 Dei
2057 724 2411 794 cognitionem
2440 735 2615 790 vocat,
2649 732 2909 793 tanquam
2949 740 3072 794 qua:
3096 738 3261 793 opera
3286 741 3314 780 a
3349 728 3505 781 nobis

1935 817 2132 871 melius
2174 817 2354 872 verbis
2394 816 2516 871 ﬁdei
2552 816 2951 885 convenientia,
3001 819 3166 883 sicut,
3203 837 3235 870 -ι
3268 817 3507 873 Descen-

1934 908 2058 961 dam
2106 917 2160 962 et
2189 907 2383 963 videbo
2429 916 2610 962 utrum
2645 909 2945 963 clamorem
2995 911 3087 978 qui
3122 910 3270 963 venit
3311 911 3376 963 ad
3424 924 3511 964 me

1935 1012 2101 1067 opere
2133 998 2546 1068 compleverint,
2575 1013 2641 1052 an
2677 1012 2787 1052 non
2812 1006 2897 1053 est
2928 1000 3022 1065 ita,
3057 1009 3115 1054 ut
3144 1001 3348 1066 sciam;
3378 1020 3398 1053 ι
3433 1012 3506 1066 et,

1942 1106 1961 1139 ι
1995 1086 2153 1144 Nunc
2187 1089 2416 1159 (θεειονί
2461 1088 2607 1159 quod
2654 1090 2822 1146 times
2873 1088 3064 1146 Deum.
3097 1109 3115 1142 ι
3156 1089 3307 1161 (Cen.
3352 1107 3506 1157 mn,

1935 1179 1999 1232 2l
2029 1197 2043 1243 ;
2077 1196 2213 1243 xx",
2251 1181 2363 1249 l2.)

2015 1271 2099 1324 l5.
2161 1270 2318 1337 Quod
2369 1273 2529 1328 vitari
2585 1274 2678 1329 Dei
2708 1274 2923 1344 justitia
2969 1285 3221 1345 nequeat,
3278 1277 3511 1330 scrutari

1936 1374 2118 1429 vocat,
2161 1364 2325 1428 sicut,
2368 1384 2386 1415 ε
2416 1364 2481 1419 Et
2525 1366 2630 1420 erit
2675 1366 2729 1419 in
2776 1375 3019 1436 tempore
3059 1370 3190 1428 illo,
3223 1370 3511 1422 scrutabor

1937 1451 2237 1509 Jerusalem
2275 1455 2329 1508 in
2374 1455 2640 1510 lucernis.
2675 1475 2694 1508 ι
2740 1457 2863 1511 Sint
2905 1459 3021 1513 haec
3051 1460 3118 1513 de
3158 1458 3508 1528 passionibus

1940 1544 2341 1614 spiritualibus.
2365 1543 2550 1615 (Soph.
2573 1563 2611 1612 ι,
2648 1546 2758 1614 l2.)
2878 1554 2881 1555 '

2011 1634 2098 1688 16.
2143 1626 2319 1704 Ipsius
2368 1636 2420 1690 in
2468 1637 2705 1692 vindicta
2754 1648 2943 1693 contra
2978 1638 3164 1694 hostes
3203 1640 3510 1694 cunctatio-

1942 1739 2099 1790 nem,
2154 1724 2209 1779 in
2263 1725 2597 1780 auxiliandis
2643 1728 2819 1781 servis
2867 1742 3129 1793 moram,
3165 1745 3406 1785 somnum
3455 1741 3513 1786 et

265 1816 501 1886 ὀυτῆτα,
552 1795 905 1888 νυσταγμόν
950 1818 1047 1873 καὶ
1094 1818 1295 1874 ὕπνον
1336 1822 1433 1874 καὶ
1474 1795 1841 1890 καρὴϐαδοίαν

1972 1830 2202 1885 oporem,
2229 1825 2284 1871 et
2311 1817 2503 1887 capitis
2532 1816 2866 1886 gravedinem
2911 1826 3105 1883 vocat;
3136 1819 3315 1883 sicut,
3354 1837 3374 1869 ‹
3402 1820 3515 1874 Ex-

268 1906 561 1961 άποκαλεί·
587 1906 662 1972 ὡς
698 1906 780 1974 τὸ,
818 1928 836 1961 t
865 1908 1243 1980 Ἔξεγέρθητι,
1277 1911 1364 1965 ἶνα
1395 1910 1448 1963 τί
1488 1912 1700 1975 ὑπνοῖς,
1730 1909 1843 1965 Κύ-

270 2014 388 2067 ριε;
422 2018 443 2051 ι
482 2000 595 2064 καὶ,
628 2018 645 2051 ι
674 2000 750 2052 Οὐ
790 1998 867 2071 μὴ
923 2000 1163 2072 νυστάξῃ
1214 2001 1340 2055 οόδέ
1395 2003 1621 2073 ὑπνώσῃ
1662 2005 1691 2057 ὀ
1736 2021 1841 2071 φυ-

268 2088 483 2143 λάσσων
514 2090 602 2148 τὸν
626 2089 870 2162 Ἰσραήλ.
910 2109 929 2143 ο
966 2092 1068 2163 Εῐη
1109 2092 1156 2145 δ’
1194 2093 1261 2148 ἂν
1292 2093 1469 2148 ταῦτα
1512 2093 1621 2148 άπὸ
1651 2093 1843 2149 παθῶν

269 2183 625 2251 σωματικῶν.

344 2276 431 2339 ιζ’.
464 2275 578 2345 Τὴν
603 2275 948 2347 καταθύμιον
975 2275 1053 2347 τῷ
1078 2274 1197 2346 Θεῷ
1224 2275 1501 2330 πολιτείαν
1523 2275 1681 2347 ἡμῶν
1702 2276 1846 2346 ἁγά-

270 2383 397 2436 amr
431 2367 599 2421 αὐτοῦ
634 2368 780 2438 μάλα
810 2384 872 2436 γε
904 2368 1133 2431 εἰκότως
1172 2366 1456 2439 ὀνομάζει.

348 2460 440 2530 ιη’.
480 2461 651 2524 Mica;
683 2460 761 2525 δὲ,
802 2460 863 2513 τὸ
892 2459 992 2530 τὴν
1031 2456 1283 2512 ἐναντίαν
1302 2458 1401 2530 τῆς
1421 2457 1584 2513 αὐτοῦ
1610 2456 1850 2529 βαδίζειν

275 2551 607 2622 βουλήσεως.
1526 2534 1531 2539 ’

349 2641 435 2696 ιϐ’.
470 2642 578 2698 Καὶ
608 2640 816 2710 ζῆλον,
845 2641 908 2695 τὸ
926 2642 1054 2704 τοὺς
1078 2640 1315 2705 οἰκείους
1332 2641 1597 2712 τιμωρεῖν
1615 2655 1628 2670 ·
1660 2639 1738 2703 ὼς
1763 2638 1845 2704 τὸ,

278 2752 297 2784 ι
328 2733 605 2802 Ἐζήλωσε
633 2731 840 2802 Κύριος
868 2731 1094 2803 τὴνηγῆν
1121 2730 1313 2785 αὐτοῦ.
1350 2751 1367 2783 ι
1393 2730 1491 2802 Είη
1520 2729 1567 2784 δ’
1589 2730 1655 2785 ἂν
1677 2727 1848 2783 ταῦτα

274 2824 388 2879 άπὸ
419 2823 737 2877 διαθέσεων.

343 2923 415 2971 κ’.
463 2917 573 2987 Τὴν
606 2916 705 2987 τῆς
740 2913 1101 2987 Ἰερουσαλὴμ
1137 2915 1231 2969 καὶ
1267 2915 1367 2987 τὴν
1407 2916 1505 2986 τῆς
1534 2914 1851 2987 Σαμαρείας

278 3010 415 3079 πρὸς
430 3008 523 3062 τὸν
541 3007 676 3062 Θεὸν
691 3006 991 3073 οίκείωσιν,
1014 3008 1354 3076 μνηστείαν
1374 3006 1481 3061 τοῦ
1500 3005 1655 3061 Θεοῦ.
1669 3006 1847 3073 καλεῖ,

1943 1920 2127 1975 surge,
2163 1921 2333 1975 quare
2365 1906 2669 1969 obdormis,
2725 1906 2985 1962 Domine?
3012 1926 3032 1958 ι
3077 1917 3151 1971 et,
3189 1927 3207 1958 ι
3236 1906 3352 1963 Νοη
3386 1909 3515 1964 dor-

1941 1996 2158 2051 mitabit
2206 2012 2379 2067 neque
2430 1998 2669 2055 dormiet
2696 1999 2792 2069 qui
2837 1998 3077 2053 custodit
3104 1997 3365 2054 Israel...
3394 1996 3518 2054 Sint

1944 2088 2061 2144 haec
2110 2078 2178 2144 de
2233 2090 2585 2160 passionibus
2634 2090 3036 2162 corporalibus.
3094 2089 3284 2161 (Psal.
3344 2106 3513 2157 mu,

1941 2179 2045 2245 23;
2082 2194 2210 2246 cxx,
2241 2181 2336 2247 4.)

2016 2269 2104 2323 i7.
2131 2268 2369 2326 .Gratam
2402 2265 2514 2326 Deo
2539 2271 2733 2342 agendi
2762 2273 3029 2327 rationem
3054 2272 3254 2336 nostri,
3281 2288 3512 2328 amorem

1943 2360 2066 2432 ejus
2091 2361 2254 2415 valde
2288 2362 2684 2433 convenienter,
2707 2371 2889 2417 vocat.

2019 2454 2107 2509 l8.
2150 2450 2348 2509 Odium
2394 2453 2535 2524 ejus,
2566 2457 2902 2510 contrarium
2944 2455 3067 2526 ejus
3100 2455 3401 2512 voluntatis
3435 2456 3520 2511 in-

1946 2543 2157 2599 cedere.

2018 2634 2105 2689 19.
2151 2635 2215 2689 Et
2266 2635 2457 2697 zelum,
2514 2650 2703 2690 servos
2749 2635 2964 2705 punire,
3018 2636 3198 2702 sicut,
3250 2654 3269 2687 ι
3300 2634 3520 2691 Zelatus

1947 2735 2030 2780 est
2061 2724 2320 2780 Dominus
2357 2734 2556 2780 terram
2596 2726 2787 2796 ejus.)
2822 2726 2948 2781 Sint
2977 2728 3092 2782 haec
3117 2727 3185 2783 de
3213 2726 3517 2784 aﬂ’ectibus.

1950 2816 2092 2888 (Joel
2141 2827 2206 2881 rt,
2235 2815 2349 2886 l8.)

2019 2907 2111 2964 20.
2151 2908 2459 2970 Jerusalem
2484 2917 2538 2962 et
2562 2906 2823 2963 Samaria:
2849 2923 2978 2980 erga
3003 2907 3170 2963 Deum
3200 2907 3520 2973 amicitiam,

1951 2998 2229 3068 sponsalia
2261 2997 2352 3054 Dei
2386 3006 2561 3063 vocat,
2593 3000 2646 3054 in
2678 2997 2946 3054 feminina
2974 2999 3350 3054 enuntiatione
3365 2998 3522 3068 juxta

274 3102 366 3155 διὰ
399 3100 458 3153 τὸ
494 3098 749 3171 θηλυκῶς
792 3098 936 3152 κατὰ
980 3099 1333 3170 μετωνυμίαν
1359 3098 1470 3152 άπὸ
1500 3099 1609 3151 τῶν
1640 3098 1850 3152 πόλεων

1972 3089 2193 3146 nominis
2235 3090 2541 3160 analogiam
2586 3105 2711 3146 cum
2760 3090 2980 3146 urbium
3027 3089 3427 3145 habitatoribus
3454 3104 3521 3143 ex

274 3193 407 3256 τοὺς
445 3192 740 3261 οἰκήτορας
773 3188 1097 3260 ὀνομάζειν,
1155 3190 1220 3243 ἐκ
1254 3190 1569 3261 μεταφορᾶς
1618 3189 1726 3241 τῶν
1757 3206 1854 3257 γυ-

277 3279 519 3333 ναικῶν·
555 3277 631 3342 ὡς
652 3278 734 3344 τὸ,
776 3295 795 3330 ι
827 3276 1260 3353 Μνηστεύσομαί
1300 3294 1359 3331 σε
1384 3276 1611 3349 ἐμαυτῷ
1648 3279 1728 3341 εἰς
1760 3278 1854 3331 τὸν

280 3371 481 3426 αἰῶνα.
514 3388 535 3422 ι

350 3489 458 3537 καθ.
486 3450 699 3553 Ὠσπερ
746 3482 841 3535 καὶ
883 3480 982 3552 τὴν
1012 3481 1174 3553 πρὸς
1216 3481 1285 3535 τὰ
1333 3480 1529 3536 εἴδωλα
1579 3482 1857 3535 οἰκείωσιν

276 3574 559 3645 μοιχείαν
585 3573 881 3643 ἀποκαλεῖ·
918 3573 986 3626 δι’
1028 3572 1097 3645 ην
1138 3573 1233 3627 καὶ
1278 3572 1483 3644 βιόλίον
1520 3574 1855 3627 ἀποστασίου

282 3668 366 3731 είς
392 3667 495 3729 τὰς
521 3668 714 3737 χεῖρας
739 3664 1012 3735 λαμϐάνει
1044 3664 1427 3737 Ἰερουσαλήμ.

357 3779 461 3851 κβ¹.
500 3778 671 3832 Οὐδὲν
699 3772 864 3849 ἦττον
895 3778 989 3831 καὶ
1024 3780 1093 3848 τῇ
1121 3776 1215 3831 τοῦ
1259 3777 1474 3850 Πατρὸς
1509 3777 1858 3849 προσηγορίᾳ

282 3871 345 3923 τὸ
382 3869 517 3938 πρὸς
552 3870 754 3932 αὐτοὺς
790 3868 884 3922 τοῦ
926 3868 1062 3922 Θεοῦ
1119 3867 1280 3931 κῦδος
1330 3867 1611 3939 ἐμφαίνει,
1649 3867 1743 3919 καὶ
1790 3868 1855 3937 τῇ

283 3960 380 4015 τοῦ
413 3961 788 4032 Ιιρωτοτόκου.
824 3960 927 4029 Εῐη
970 3959 1016 4013 δ’
1070 3960 1137 4013 ἂν
1170 3957 1344 4013 ταῦτα
1388 3954 1497 4013 ἀπὸ
1548 3959 1744 4012 κοινῶν
1770 3957 1858 4011 Bo-

286 4050 416 4117 ξῶν.

357 4167 466 4230 κγ’.
504 4162 577 4216 Τὸ
600 4162 802 4233 κράτος
822 4162 919 4245 καί
944 4161 1042 4233 τὴν
1065 4161 1225 4230 δίκην
1246 4161 1341 4215 τοῦ
1358 4161 1498 4216 Θεοῦ
1520 4161 1764 4218 κὰθισιν
1780 4161 1856 4233 (ι)

284 4251 452 4306 αὐτοῦ
488 4252 581 4307 κα)⁵
608 4252 825 4319 θρόνον
855 4251 1133 4321 ὀνομάζει,
1164 4251 1272 4305 ἀπὸ
1295 4253 1388 4306 τοῦ
1416 4254 1545 4324 παρ’
1571 4255 1706 4324 ἡμῖν
1732 4254 1861 4317 τοὺς

288 4344 389 4415 τὴν
420 4343 514 4397 τοῦ
549 4343 760 4414 κρίνειν
794 4360 854 4396 τε
897 4342 994 4397 καὶ
1037 4342 1287 4408 κολάζειν
1340 4343 1563 4414 ἔχοντας
1588 4345 1858 4412 ἐξουσίαν,

1955 3181 2247 3236 mulierum
2303 3182 2648 3251 metaphora,
2695 3181 2860 3244 sicut,
2909 3198 2929 3233 ι
2966 3179 3255 3252 Sponsabo
3298 3189 3351 3236 te
3385 3180 3523 3235 mihi

1955 3273 2010 3327 in
2040 3272 2455 3355 sempiternum.
2495 3292 2512 3324 ι
2551 3264 2806 3344 (Οδείιι,
2843 3270 2957 3345 19.)

2020 3470 2111 3525 2l.
2168 3469 2321 3525 Sicut
2382 3478 2437 3523 et
2482 3483 2608 3541 erga
2646 3469 2790 3524 idola
2850 3468 3143 3525 servitium
3200 3465 3524 3523 adulterium

1954 3550 2125 3617 vocat
2147 3576 2241 3652 per
2273 3562 2418 3631 quod
2458 3572 2512 3615 et
2547 3561 2789 3616 libellum
2824 3560 3036 3631 repudii
3074 3560 3128 3614 in
3160 3574 3355 3617 manus
3384 3561 3529 3617 acci-

1956 3654 2033 3723 pit
2058 3652 2389 3707 Jerusalem.
2561 3664 2572 3674 ‘

2025 3766 2116 3819 22.
2157 3762 2266 3818 Nec
2310 3764 2492 3818 minus
2535 3770 2589 3816 et
2636 3762 2688 3816 in
2735 3762 3080 3818 invocatione
3126 3764 3306 3821 Patris
3351 3766 3527 3822 hono-

1958 3870 2074 3910 rem
2123 3853 2219 3909 Dei
2269 3852 2335 3907 ad
2383 3852 2532 3921 ipsos
2582 3852 2935 3919 manifesm,
2986 3862 3041 3907 et
3077 3856 3131 3908 in
3181 3854 3529 3913 invocatione

1959 3945 2342 4019 PrimOgeniti;
2384 3944 2495 4001 sint
2526 3944 2641 3999 haec
2671 3943 2740 3999 de
2772 3944 3051 3999 communi
3082 3944 3279 4015 gloria.

2029 4170 2120 4224 23.
2163 4166 2466 4223 Potentiam
2512 4175 2566 4223 et
2609 4166 2877 4238 justitiam
2922 4166 3016 4223 Dei
3065 4169 3346 4226 sessionem
3406 4172 3531 4242 ejus

1961 4270 2016 4315 et
2045 4261 2289 4316 thronum
2338 4271 2533 4325 vocat,
2581 4275 2647 4315 ex
2697 4275 2763 4316 eo
2812 4261 2958 4332 quod
3013 4264 3155 4332 apud
3202 4280 3302 4320 nos
3340 4265 3393 4319 bi
3433 4270 3525 4337 qui

1956 4352 2241 4423 judicandi
2278 4360 2335 4406 et
2369 4351 2628 4422 puniendi
2654 4350 2779 4420 jure
2816 4350 3071 4406 fruuntur
3111 4368 3276 4423 super
3302 4355 3529 4410 thronos

287 4439 385 4492 ἐπὶ
413 4436 618 4507 θρόνων
649 4435 997 4506 καθημένους
1026 4435 1301 4490 ποιεῖσθαι
1334 4436 1436 4507 τὴν
1460 4434 1713 4501 ἐξέτασιν
1734 4453 1750 4469 ·
1785 4436 1850 4501 ὡς

1972 4444 2220 4499 sedentes
2239 4443 2333 4513 jus
2358 4452 2673 4505 exerceant,
2707 4442 2868 4509 sicut,
2914 4462 2931 4495 ι
2963 4442 3161 4500 Sedisti
3192 4460 3355 4512 super
3380 4447 3531 4500 thro-

289 4530 371 4594 τὸ,
414 4547 432 4582 ι
457 4528 754 4592 Ἐκάθισας
789 4528 881 4581 ἐπ)⁸
910 4526 1101 4598 θρόνου
1129 4529 1157 4581 ὀ
1191 4526 1393 4599 κρίνων
1421 4527 1771 4599 δικαιοσύνην
1791 4545 1806 4563 ’
1838 4546 1858 4582 ι

289 4621 410 4687 καὶ,
453 4638 472 4672 ι
506 4621 566 4674 Ὀ
604 4620 737 4684 Θεὸς
772 4619 1008 4683 κάθηται
1047 4619 1140 4673 ἐπὶ
1184 4619 1374 4689 θρόνου
1415 4617 1575 4687 ἁγίου
1607 4619 1773 4673 αὐτοῦ
1796 4637 1809 4651 ο
1844 4639 1864 4673 s

292 4714 412 4777 καὶ,
448 4731 467 4765 ι
514 4712 574 4768 '0
609 4711 798 4783 θρόνος
830 4729 925 4765 σου
946 4752 960 4775 ,
1012 4713 1041 4764 ὀ
1095 4711 1227 4775 Θεὸς
1250 4751 1265 4775 ,
1296 4713 1379 4775 είς
1423 4711 1517 4765 τὸν
1562 4710 1740 4766 αίῶνα
1769 4711 1867 4767 τοῦ

293 4805 528 4868 αίῶνοςο
566 4824 585 4857 ι
617 4805 734 4867 καὶ,
773 4824 793 4882 μ
828 4804 885 4857 '0
912 4802 1223 4873 καθήμενος
1252 4805 1349 4858 ἐπὶ
1388 4802 1498 4858 τῶν
1524 4804 1811 4876 χερουόίμ.
1848 4824 1867 4857 ι

295 4897 399 4967 Εῖη
437 4897 484 4951 δ’
511 4896 578 4952 ἂν
604 4896 777 4951 ταῦτα
806 4897 916 4951 άπὸ
945 4896 1298 4965 ἀξιωμάτων.

364 5012 465 5066 κδ’.
506 5012 618 5082 Τὴν
642 5010 1039 5083 δημιουργικὴν
1064 5009 1229 5064 αὐτοῦ
1261 5009 1572 5079 ἐνέργειαν,
1597 5009 1727 5063 ποτὲ
1761 5010 1861 5079 μὲν

291 5103 388 5158 διὰ
439 5103 891 5173 προστάγματος,
922 5084 998 5166 ὡς
1043 5102 1138 5154 ἐπὶ
1181 5102 1290 5154 τῶν
1323 5100 1564 5153 λοιπῶν·
1628 5101 1759 5154 ποτέ
1804 5102 1863 5155 δέ

292 5196 363 5249 δι’
394 5193 746 5265 αὐτουργίας,
776 5192 967 5264 ῶσπερ
992 5192 1077 5261 ἐφ’
1103 5191 1262 5263 ἡμῶν
1293 5192 1593 5263 παρίστησι
1634 5193 1729 5246 καὶ
1761 5192 1866 5257 ζω-

294 5290 531 5358 γραφεῖν
577 5287 677 5358 τὴν
716 5286 1105 5360 Ἰερουσαλὴμ,
1147 5286 1243 5341 καὶ
1288 5286 1547 5356 φράττειν
1585 5285 1684 5356 τὴν
1728 5285 1867 5351 ὀόὸν,

1965 4550 2095 4589 num
2156 4530 2251 4604 qui
2296 4532 2515 4602 judicas
2555 4532 2865 4603 justitiam;
2898 4552 2916 4585 ι
2976 4544 3063 4601 et,
3124 4534 3318 4589 «Deus
3377 4536 3531 4591 sedet

1963 4640 2128 4695 super
2176 4623 2361 4678 sedem
2416 4631 2664 4677 sanctam
2714 4637 2906 4689 suam;
2940 4641 2959 4673 ι
3015 4632 3090 4688 et,
3146 4641 3165 4675 ι
3197 4623 3363 4681 Sedes
3414 4635 3528 4689 tua,

1964 4715 2129 4779 Deus,
2169 4714 2224 4769 in
2261 4712 2522 4769 saeculum
2553 4713 2772 4778 saeculi;
2805 4732 2824 4764 ι
2860 4721 2937 4778 et,
2977 4731 2995 4764 ι
3026 4713 3129 4780 Qui
3169 4714 3328 4771 sedes
3367 4731 3533 4788 θυρω-

1963 4798 2281 4869 Cherubim,
2315 4823 2334 4857 ι
2372 4804 2484 4859 sint
2515 4804 2629 4859 haec
2652 4804 2718 4857 de
2746 4804 3117 4874 dignitatibus.
3148 4804 3321 4877 (Paul.
3352 4822 3428 4874 ix,
3452 4807 3523 4873 5;

1963 4915 2108 4963 ιινι,
2133 4901 2206 4966 9;
2243 4912 2390 4965 xuv,
2423 4896 2485 4962 8;
2525 4911 2711 4961 uxrx,
2741 4895 2824 4968 2.)
3100 4898 3105 4905 ‘

2034 5012 2126 5067 24.
2167 5011 2497 5067 Creatrieem
2540 5007 2661 5079 ejus
2703 5010 3006 5079 energinm,
3051 5011 3165 5065 sive
3196 5027 3291 5082 per
3322 5013 3531 5081 jussio-

1970 5118 2093 5158 nem
2125 5103 2269 5158 sicut
2293 5104 2359 5158 de
2383 5101 2632 5171 reliquis,
2665 5100 2779 5155 sive
2808 5116 2903 5170 per
2926 5101 3098 5170 ipsam
3134 5104 3530 5171 operationem.

1974 5197 2120 5253 sicut
2150 5212 2249 5265 pro
2289 5196 2446 5261 nobis
2475 5192 2766 5262 exprimit;
2797 5202 2850 5246 et
2873 5193 3179 5248 describere
3205 5192 3530 5260 Jerusalem,

1976 5294 2029 5340 et
2069 5283 2413 5340 circumdare
2459 5284 2623 5348 viam,
2652 5292 2707 5336 et
2752 5283 3002 5352 laqueum
3046 5292 3266 5352 rethue
3313 5284 3379 5338 ad
3409 5301 3533 5355 per-

1446 5400 1674 5456 DAVID.
1721 5401 2117 5459 “(ESCHELII
2158 5402 2392 5458 NOTAE.

373 5499 450 5566 (5)
496 5495 672 5554 Verba
726 5499 778 5553 in
831 5513 964 5554 mss.
1016 5498 1386 5568 transposita,
1436 5496 1537 5567 τὴν
1584 5496 1724 5551 κατὰ
1772 5500 1850 5568 τῆ.

1979 5500 2034 5553 in
2094 5497 2361 5568 Adamum
2420 5494 2691 5568 hostiliter
2741 5493 3012 5568 impetum
3070 5490 3196 5568 fecit
3247 5509 3261 5545 :

294 5570 410 5628 τῶν
442 5569 536 5638 ἐγθ
547 5569 674 5638 ρῶν.

376 5639 454 5703 (ὀ)
476 5635 600 5693 rm
630 5638 845 5692 κάθισιν
868 5638 1065 5707 legitur
1092 5636 1146 5691 in
1179 5652 1313 5691 mss.
1345 5635 1687 5707 καθίστησιν.

376 5708 510 5763 Mira
559 5707 846 5777 utriusque
898 5707 1103 5761 codicis
1144 5707 1493 5775 depravatio.
1550 5722 1614 5760 ex
1666 5720 1864 5777 sensus

302 5776 788 5837 verisimilitudine
834 5789 953 5831 orta
987 5793 1001 5832 :
1041 5792 1165 5832 nam
1198 5792 1427 5847 serpens
1478 5777 1568 5831 iilc
1600 5776 1862 5846 atuiquus

1979 5500 2034 5553 in
2094 5497 2361 5553 Adamum
2420 5494 2691 5550 hostiliter
2755 5493 3012 5561 impetum
3070 5492 3196 5546 fecit
3247 5509 3261 5545 :
3316 5492 3411 5549 sed
3464 5510 3529 5551 ex

1978 5568 2116 5623 Gen.
2152 5585 2300 5630 ms,
2332 5567 2419 5625 l7.
2455 5566 2561 5636 leg.
2601 5562 2832 5636 ἐγενήθη
2868 5562 3065 5636 (εἰςει
3094 5560 3531 5636 ΡτοοθΡῘ¹¹³Ῑ¹³δε

1975 5648 2030 5692 at
2066 5636 2312 5692 Romana
2341 5630 2533 5706 editio:
2564 5642 2618 5688 et
2650 5630 2894 5704 qna'dam
2938 5631 3090 5697 aliae,
3121 5630 3428 5705 γενηθήτω)
3457 5634 3535 5706 τῷ

1973 5708 2078 5762 Δὰν
2111 5708 2232 5778 ὄφις
2270 5706 2351 5776 ἐφ’
2386 5705 2526 5760 ὁδοῦ.
