3882 6204
172 306 292 372 19.89

1205 303 1532 368 ISAGOGE
1599 303 1683 365 IN
1717 303 1824 364 ss.
1864 274 2363 365 semermis.

3287 297 3421 360 1:21.13

173 439 188 467 σ
214 413 635 488 ἐῤῥᾳδιούργησε
654 431 668 444 ·
705 433 724 465 ι
760 415 856 468 καὶ
884 415 946 470 τό
969 431 983 446 ο
1027 433 1045 467 ι
1083 397 1416 486 Σύγχέωμεν
1433 413 1614 469 αὐτῶν
1636 413 1735 475 τὰς

1868 426 1954 472 Iro,
1975 411 2232 481 loquelas.
2279 409 2341 464 Et
2389 427 2403 465 :
2446 431 2462 460 ι
2503 409 2763 480 Αιψθειιίι
2797 407 2928 464 mihi
2981 383 3191 473 aurem,
3225 427 3244 458 3
3301 409 3422 462 loto

167 510 430 578 γλώσσας·
467 527 488 560 3
516 507 638 560 ἀντὶ
664 505 786 571 τοῦ,
812 508 922 574 τὰς
947 507 1153 578 φωνάς
1175 525 1190 540 ο
1223 507 1338 562 καί·
1370 524 1388 558 ι
1415 503 1735 576 Προσέθηκέ

170 618 254 672 μοι
279 599 468 654 ὠτίονο
496 618 514 652 3
543 599 664 652 ἀντὶ⁸
694 597 811 663 τοῦ,
833 599 1116 664 ὑπακοήν
1139 617 1153 631 ·
1226 599 1338 652 καίο
1357 617 1391 649 -ι
1422 598 1486 652 Ἦ
1515 596 1737 666 γλῶσσα

167 693 268 748 τῶν
303 691 482 750 κυνῶν
535 703 694 746 σουί
730 691 852 747 ἀντὶ
905 691 1026 756 τοῦ,
1079 694 1119 760 ἠ
1163 690 1353 760 λὰψις
1373 709 1386 722 ο
1511 691 1604 744 καὶ
1651 687 1736 755 τὸ,

175 805 192 839 ι
223 782 470 838 Γλῶσσαν
497 783 566 853 ἢν
587 781 690 834 οὐκ
718 779 862 849 ἔγνω
886 783 1144 852 ἤκουσεν.
1181 798 1200 832 3

231 876 330 946 κβ’.
372 875 486 946 Τὴν
520 872 668 928 ὀδόν
699 871 964 936 πολλάκις
994 873 1116 926 ἀντὶ
1150 871 1404 943 πράξεως
1441 872 1624 941 λέγει·
1658 873 1735 936 ὡς

167 968 244 1034 τὸ,
277 985 295 1019 ι
323 967 605 1036 Μακάριοι
634 966 684 1018 οἱ
712 965 935 1036 ἄμωμοι
963 965 1023 1020 ὲν
1061 963 1188 1035 ὀδῷ,
1210 965 1260 1018 οί
1294 964 1686 1036 πορευόμενοι*
1711 984 1731 1016 3

169 1059 277 1121 xui,
309 1079 328 1110 ι
356 1054 645 1128 Ἔκρυψαν
674 1055 841 1125 ἱερεῖς
869 1052 1151 1110 όδόνοιϊνα
1202 1053 1355 1126 εἴπῃ,
1385 1054 1486 1124 τὴν
1525 1054 1739 1108 ἑαυτῶν

169 1147 359 1224 πρᾶξιν
381 1164 397 1180 ο
490 1147 608 1214 καὶ,
649 1167 669 1199 ι
701 1143 913 1210 Τάξατε
947 1147 1048 1212 τὰς
1077 1145 1307 1218 καρδίας
1347 1145 1502 1216 ὑμῶν
1528 1147 1612 1211 είς
1641 1145 1741 1210 τὰς

169 1243 312 1306 ὀδοὺς
343 1227 530 1312 ὑμῶν’
566 1258 585 1292 3
616 1239 733 1305 και,
768 1257 788 1290 ι
815 1236 934 1292 Ἵνα
970 1237 1022 1290 τι
1063 1236 1377 1307 ὲπλάνησας
1431 1237 1580 1306 ἡμᾶς
1631 1234 1740 1290 ἀπὸ

169 1334 262 1404 τῆς
283 1331 403 1386 ὁδοῦ
435 1349 563 1399 σου;
598 1349 616 1381 ι
645 1330 764 1394 καὶ,
796 1347 817 1381 ι
851 1328 916 1383 Αἱ
961 1328 1069 1382 ὁδοί
1107 1345 1201 1380 σου
1228 1328 1323 1382 καὶ
1351 1325 1419 1382 τὰ
1457 1325 1742 1398 ἐπιτηδεύ-

172 1425 310 1498 ματά
340 1441 434 1479 σου
478 1423 744 1495 ἐποίησάν
783 1437 868 1475 σοι
903 1420 1106 1474 ταῦτα·
1136 1438 1158 1472 3
1193 1419 1308 1489 καὶ,
1356 1439 1375 1470 ι
1409 1419 1602 1482 Ὅπως
1645 1419 1740 1472 ἐὰν

167 1534 310 1581 τινας
339 1515 474 1586 εὕρῃ
507 1513 610 1584 τῆς
632 1511 753 1566 ὁδοῦ
785 1512 948 1574 δντας
969 1527 982 1540 ·
1029 1530 1047 1562 3
1079 1509 1193 1572 καὶ,
1239 1527 1257 1559 ι
1296 1508 1385 1571 Ὠς
1413 1507 1618 1575 ταύτην
1644 1509 1742 1578 τὴν

167 1608 281 1662 ὁδὸν
327 1604 554 1668 ἐδίωξαο
595 1623 613 1656 3
647 1603 764 1668 καὶ,
807 1621 826 1653 ι
865 1599 1024 1654 Κατὰ
1063 1601 1164 1670 τὴν
1216 1599 1336 1653 ὁδὸν
1377 1598 1446 1668 ἢν
1491 1597 1742 1669 λέγουσιν

172 1701 399 1774 αἵρεσιν,
433 1696 576 1750 οὔτω
604 1693 877 1766 λατρεύω.
911 1712 931 1744 3

1770 1771 2003 1844 Βιιιιιι,
2057 1781 2161 1847 Π;
2207 1779 2407 1836 Jcrem.
2469 1801 2542 1850 Iv,
2600 1787 2705 1852 18;
2765 1785 2883 1840 Act.
2947 1802 3022 1852 Ix,
3077 1786 3154 1851 2;

1811 1871 2084 1944 xxiv,M.)

238 1970 343 2035 κγ’.
383 1963 496 2034 Τὴν
535 1959 855 2030 ὑπομονὴν
893 1958 1156 2022 πολλάκις
1211 1957 1334 2012 ἀντὶ
1393 1956 1491 2028 τῆς
1550 1968 1741 2023 προσ-

170 2061 374 2126 δοκίας
410 2057 586 2126 λέγει,
617 2055 650 2126 ἢ
680 2055 778 2109 καὶ
815 2053 878 2106 τὸ
905 2049 1236 2121 ὑπομένειν
1274 2050 1397 2105 ἀντὶ
1439 2045 1534 2102 τοῦ
1569 2063 1743 2118 προσ-

169 2151 356 2221 δοκᾷν·
394 2148 471 2212 ὡς
497 2147 638 2214 τδ,.ι
671 2145 786 2200 Καὶ
817 2141 913 2197 νῦν
959 2142 1046 2208 τίς
1077 2143 1111 2214 ἡ
1147 2140 1397 2212 ὑπομονὴ
1444 2157 1582 2211 μους
1623 2139 1747 2210 οὐχὶ

171 2241 410 2312 Κύριοςς
465 2256 486 2290 3
523 2237 612 2291 ῑνα
658 2233 824 2308 είπῃ,
867 2252 888 2286 ι
935 2232 1003 2286 Ἦ
1054 2229 1351 2304 προσδοκία
1406 2246 1509 2300 μου
1563 2227 1660 2282 καὶ
1707 2229 1743 2298 ὴ

171 2331 322 2396 ἐλπίς
342 2347 358 2363 ⁸
387 2349 406 2382 3
437 2328 534 2384 καὶ
558 2326 620 2382 τδ
663 2325 819 2398 παρὰ
856 2323 1124 2396 Ἱερεμίᾳ,
1157 2342 1177 2374 ι
1199 2319 1479 2393 ’Υπομονὴ
1504 2318 1744 2390 Ἰσραὴλ,

171 2425 378 2497 Κύριε·
423 2441 444 2476 3
488 2421 602 2488 καὶ,
640 2437 661 2472 ι
711 2418 1012 2489 Ὑπέμεινα
1049 2414 1494 2486 συλλυπούμενον
1519 2429 1534 2444 ·
1563 2431 1582 2464 3
1627 2413 1747 2476 καὶ,

176 2536 197 2569 ι
231 2515 557 2586 ’Υπόμεινον
595 2511 690 2565 τδν
725 2509 964 2580 Κύριον·
1001 2525 1020 2560 3
1063 2508 1178 2572 καὶ,
1228 2525 1249 2558 ι
1277 2504 1604 2576 Ὑπόμεινόν
1657 2519 1747 2574 με,

167 2606 321 2674 λέγει
396 2603 630 2675 Κύριος·
689 2619 710 2654 3
781 2599 916 2663 xui,
982 2617 1004 2650 ι
1059 2593 1502 2668 ’Υπομεινάντων
1569 2595 1750 2650 αὐτῶν

171 2700 308 2772 φῶς.
335 2715 361 2750 3

241 2903 340 2958 κδ’.
383 2902 465 2956 Τὰ
489 2899 712 2955 ἀναίτια
749 2896 1014 2961 πολλάκις
1047 2897 1121 2961 ὼς
1155 2897 1308 2951 αἴτια
1349 2895 1502 2965 λέγει
1523 2911 1541 2928 ο
1571 2895 1648 2958 ὡς
1668 2891 1750 2960 to,

178 3015 202 3050 α
232 2996 420 3060 Ὅπως
450 2994 516 3048 ἂν
549 2991 698 3063 βαφῇ
723 2993 753 3045 ὁ
789 2989 926 3054 ποῦς
955 3005 1050 3042 σου
1083 2989 1143 3042 ὲν
1172 2989 1369 3059 αἵματι
1389 3003 1402 3016 ·
1435 3007 1457 3039 3
1489 2987 1614 3042 ἀντὶ
1633 2985 1751 3050 τοῦ,

177 3109 200 3142 ι
231 3087 478 3156 ’Δνάγκη
512 3085 665 3138 πᾶσα
685 3097 698 3112 °
729 3100 749 3134 3
785 3082 882 3135 καὶ
912 3081 992 3145 ei,
1037 3099 1058 3130 ι
1081 3079 1174 3133 Σοὶ
1229 3079 1378 3149 μόνῳ
1417 3078 1694 3150 ἥμαρτον
1728 3095 1749 3128 3
1781 3107 1826 3167 α

169 3183 290 3246 καὶ,
328 3180 550 3241 «Ὅπως
583 3177 650 3230 ἂν
672 3173 997 3243 ἐνδείξωμαι
1018 3173 1078 3226 ὲν
1099 3171 1184 3224 σοὶ
1204 3169 1302 3243 τὴν
1333 3169 1568 3241 δύναμίν
1591 3185 1715 3240 μου’
1730 3187 1750 3222 3

169 3274 294 3340 καὶ,
324 3288 344 3322 ι
369 3271 560 3330 Ὅπως
597 3265 666 3320 ἂν
709 3263 926 3338 γνωσθῇ
961 3264 996 3334 ἠ
1015 3260 1336 3333 δικαιοσύνη
1367 3261 1466 3315 τοῦ
1489 3261 1748 3331 Κυρίου.»

169 3369 292 3427 καὶ.
329 3383 348 3416 ι
370 3359 514 3430 Ἐγὼ
544 3360 626 3424 είς
663 3360 840 3430 κρῖμα
871 3357 954 3420 είς
985 3354 1079 3410 τδν
1116 3354 1322 3426 κόσμον
1355 3347 1544 3426 ἦλθον,
1577 3353 1666 3407 ἵνα
1708 3353 1758 3406 οἱ

174 3456 256 3526 μὴ
290 3453 586 3526 βλέποντες
625 3448 896 3521 βλέπωσι·
938 3466 958 3499 3
993 3445 1090 3500 καὶ
1124 3443 1208 3510 τὸ,
1240 3462 1260 3496 ι
1290 3443 1478 3514 Νόμος
1512 3443 1571 3498 δὲ
1615 3460 1760 3513 παρ-

169 3543 457 3615 εισῆλθεν,
487 3541 576 3594 ἵνα
601 3537 874 3608 πλεονάσῃ
899 3535 959 3589 τὸ
989 3533 1350 3605 παράπτωμα
1369 3549 1383 3564 ο
1415 3551 1434 3584 3
1463 3532 1582 3599 καὶ,
1611 3531 1761 3586 ι’Ὶνα

171 3639 290 3694 πᾶν
321 3635 500 3706 στόμα
541 3633 768 3704 φραγῇ·
815 3649 836 3683 3
876 3629 994 3694 καὶ,
1041 3646 1060 3678 ι
1105 3627 1223 3680 Ἵνα
1276 3626 1354 3696 μὴ
1387 3624 1422 3678 ἃ
1453 3625 1521 3678 ἂν
1568 3624 1761 3695 θέλητε

169 3726 359 3785 ταῦτα
390 3725 602 3794 ποιῆτε.
631 3741 652 3776 3

251 3908 356 3958 κε’.
393 3898 507 3971 Τὴν
545 3897 748 3971 πρᾶξιν
776 3896 887 3952 ἀπὸ
920 3895 1210 3962 κοινωνίας
1257 3895 1547 3966 σημαίνειο
1578 3895 1654 3960 ὡς
1676 3895 1760 3962 τδ,

178 4015 204 4048 ι
239 3995 356 4049 Καὶ
392 3991 534 4064 μετὰ
565 3989 1035 4062 παρανομούντων
1069 3987 1133 4042 οὐ
1167 3987 1244 4061 μὴ
1275 3987 1539 4042 είσέλθωο
1572 4007 1593 4040 3
1643 3989 1767 4043 ἀντὶ

169 4087 302 4148 τοῦ,
340 4103 360 4138 ι
380 4085 455 4139 Ού
487 4083 564 4156 μὴ
599 4083 1010 4153 παρανομήσω
1049 4098 1069 4133 3
1105 4079 1220 4145 καὶ,
1255 4097 1275 4132 ι
1302 4078 1591 4152 Μακάριος
1624 4079 1766 4152 ἀνὴρ

169 4179 241 4244 ὃς
289 4178 395 4231 οὐκ
442 4173 715 4246 ἐπορεύθη
767 4173 828 4226 ἐν
875 4171 1040 4243 βουλῇ
1096 4168 1348 4224 ἀσεϐῶν·
1400 4189 1421 4224 3
1472 4171 1596 4226 ἀντὶ
1644 4171 1764 4239 τοῦ,

176 4293 202 4326 α
233 4271 356 4322 οὐκ
401 4265 666 4338 ἠσέϐησεο
707 4283 728 4319 3
777 4263 895 4328 καὶ,
932 4281 953 4315 ι
991 4261 1106 4318 οὐκ
1132 4261 1366 4316 ἐκάθισα
1410 4265 1470 4318 ὲν
1505 4263 1769 4335 συνεδρίῳ

169 4362 528 4427 παιζόντων·
563 4377 583 4410 3
619 4357 740 4423 καὶ,
783 4375 802 4409 ι
831 4353 928 4420 Είς
961 4352 1160 4428 βουλὴν
1197 4353 1384 4430 αὐτῶν
1415 4354 1496 4428 μὴ
1529 4354 1768 4410 εἰσέλθοι

167 4455 210 4524 ἡ
248 4449 406 4521 ψυχή
435 4465 560 4518 μου·
599 4465 619 4500 ι

250 4547 374 4607 κςν.
431 4539 537 4594 Τὸν
563 4539 745 4610 ,ὅρκον
789 4539 885 4592 ἐπὶ
933 4535 1030 4592 τοῦ
1087 4537 1306 4610 βεϐαίου
1353 4537 1540 4606 λέγει’
1576 4537 1653 4602 ὡς
1682 4537 1766 4604 τὸ,

173 4656 197 4689 ι
229 4637 458 4706 Ὠμοσα
485 4631 651 4688 Δαυῖδ
679 4631 760 4705 τῷ
791 4633 962 4702 δούλῳ
993 4648 1128 4704 μουσ
1159 4651 1180 4686 3
1223 4632 1338 4698 καὶ,
1375 4651 1396 4684 ι
1421 4633 1626 4704 Ὤμοσε
1653 4629 1768 4686 Κύ-

171 4745 304 4800 ριος
357 4726 436 4797 τῷ
483 4724 978 4797 Δαυῒδάλήθειαψ
1033 4743 1054 4778 3
1104 4725 1219 4787 καὶ,
1279 4744 1299 4776 ι
1339 4722 1478 4778 Κατ’
1526 4723 1768 4794 ἐμαυτοῦ

165 4818 406 4890 ὤμοσα,
437 4816 584 4884 λέγει
614 4813 852 4887 Κύριοςο
877 4835 897 4869 3
923 4816 1039 4882 καὶ,
1064 4833 1085 4867 ι
1114 4813 1338 4885 Ὀμνύει
1378 4813 1584 4884 Κύριος
1627 4815 1770 4869 κατὰ

165 4911 282 4981 τῆς
318 4906 696 4980 ὑπερηφανίας
726 4906 949 4962 Ἰακώϐ.
985 4926 1006 4960 3

251 5080 366 5144 κζ’.
397 5078 510 5152 Τὴν
531 5079 770 5134 διάθεσιν
791 5078 1052 5142 πολλάκις
1079 5079 1188 5133 ἀπὸ
1218 5077 1480 5150 ῥημάτων
1509 5076 1768 5132 δεικνύειο

166 5174 260 5238 ὥς
289 5172 376 5239 τὸ,
408 5191 426 5224 ι
457 5167 647 5235 Εἶπον,
673 5170 770 5236 Τίς
800 5170 992 5241 ὄψεται
1021 5169 1255 5235 αὐτούς;
1280 5188 1298 5222 3
1325 5169 1448 5224 ἀντί
1467 5168 1586 5235 τοῦ,
1621 5187 1640 5221 ι
1665 5167 1773 5222 Οὕ-

164 5283 296 5331 τως
330 5265 607 5346 ἔπραττον
642 5265 861 5320 ἅπαντα
900 5285 920 5318 3
953 5264 1158 5320 ὡσανεὶ
1179 5265 1281 5318 οὐκ
1308 5264 1460 5329 ὄντος
1501 5263 1650 5328 τινὸς
1677 5264 1772 5319 τοῦ

167 5355 502 5428 ἐφορῶντος
527 5370 542 5385 ο
569 5345 687 5422 καὶ,
717 5373 736 5406 ι
776 5351 911 5407 Εἷπε
940 5354 1050 5426 γὰρ
1078 5354 1136 5406 ὲν
1175 5351 1374 5424 καρδίᾳ
1408 5345 1618 5412 ἀύτοῦ,
1660 5351 1774 5404 Οὐκ

166 5447 303 5500 ἔστι
335 5445 502 5510 Θεόςο
536 5463 555 5498 3
585 5447 702 5514 καὶ,
735 5465 755 5499 ι
780 5441 973 5512 Εἶπον,
1028 5445 1195 5499 Δεῦτε
1237 5445 1334 5499 καὶ
1381 5443 1776 5514 ὲξολοθρεύσω-

169 5555 290 5610 μεν
324 5538 527 5602 αὐτοὺς
573 5539 632 5606 ἐξ
672 5538 890 5604 ἔθνουςο
938 5558 957 5590 3
997 5539 1091 5594 καὶ
1117 5541 1146 5603 ,'
1191 5557 1210 5590 ι
1252 5537 1771 5608 Κληρονομήσωμεν

167 5631 405 5695 ἑαυτοῖς
432 5630 495 5684 τὸ
519 5632 878 5703 ἀγιαστήριον
905 5632 999 5686 τοῦ
1032 5630 1170 5686 Θεοῦ
1193 5648 1208 5663 ο
1243 5650 1261 5684 3
1289 5630 1406 5696 καὶ,
1445 5649 1464 5682 ι
1504 5623 1676 5684 Εἶπον
1715 5631 1775 5684 ὲν

171 5724 252 5792 τῇ
283 5721 482 5794 καρδίᾳ
518 5722 700 5776 αὐτῶν
719 5725 775 5776 αἱ
801 5725 1114 5794 συγγένειαι
1145 5723 1326 5778 αὐτῶν
1346 5723 1437 5776 ἐπὶ
1461 5721 1521 5776 τὸ
1549 5722 1684 5775 αὐτό
1708 5740 1722 5754 ·
1749 5743 1766 5774 3

559 5845 828 5908 lumen.
875 5847 988 5908 Gn.
1025 5843 1309 5907 XCVIII.

1838 505 2098 558 dictionis
2127 504 2369 557 auditum
2397 521 2415 567 ;
2448 512 2497 556 ct
2524 520 2536 554 :
2571 522 2588 553 ι
2621 501 2883 571 Linguam
2919 519 3114 557 canunt
3143 511 3360 556 tuorum
3403 526 3418 551 3

1840 610 1960 664 pro,
1993 598 2319 662 potationem
2345 613 2360 660 ;
2390 605 2442 649 et
2476 612 2486 644 :
2525 594 2822 665 «Linguam
2860 610 3026 664 quam
3066 611 3172 648 non
3199 602 3426 646 noverat

1837 687 2067 738 audivit.
2119 705 2136 734 3
2178 683 2352 743 (Psal.
2411 699 2598 749 XLVIII,
2633 683 2696 746 5;
2755 681 2884 736 Gen.
2927 698 3098 746 χιιι-ιι,
3153 681 3257 745 56;
3308 678 3422 732 Ῐδίι.

1839 791 1893 840 1.,
1923 775 1990 840 ὥς
2027 776 2174 830 Psal.
2215 791 2385 854 van,
2413 775 2516 837 24;
2551 791 2715 838 Lux.
2760 759 2860 844 ϐξ)

1909 867 2002 921 ἳῖ.
2040 866 2193 920 Viam
2218 883 2360 936 ειερο
2419 867 2541 921 loco
2592 867 2832 922 actionis
2881 867 3046 920 dicit:
3089 886 3107 915 ι
3145 864 3296 920 Beati
3322 865 3429 918 im-

1842 962 2097 1016 maculati
2130 961 2182 1014 in
2236 961 2344 1025 via,
2397 961 2488 1030 qui
2539 961 2884 1015 ambulantn
2921 960 2984 1014 Et
3023 975 3037 1010 :
3083 959 3431 1014 «Absconde-

1844 1061 1971 1107 runt
1991 1051 2306 1108 sacerdotes
2327 1054 2494 1120 viam,
2523 1071 2541 1103 3
2575 1060 2633 1106 ut
2657 1053 2800 1108 dicat
2864 1067 3065 1106 eorum
3133 1053 3423 1114 actionem;

1844 1144 1956 1200 Et:
2006 1163 2024 1196 ι
2064 1142 2257 1200 Ponite
2284 1145 2451 1198 corda
2501 1153 2681 1200 vestra
2719 1161 2886 1214 super
2939 1145 3056 1199 vias
3109 1151 3356 1210 vestias;
3405 1160 3426 1194 3

1840 1247 1896 1292 et
1937 1257 1950 1291 :
1989 1257 2008 1290 ι
2044 1237 2224 1304 Quare
2256 1253 2443 1292 errare
2485 1253 2590 1292 nos
2625 1237 2800 1293 fecisti
2850 1237 2915 1291 de
2948 1237 3050 1290 viis
3080 1236 3226 1297 luis;
3265 1255 3282 1287 3
3327 1244 3382 1290 et
3415 1255 3428 1289 :

1850 1347 1868 1380 ι
1905 1327 2017 1383 Viae
2041 1340 2148 1384 tua:
2195 1337 2248 1383 et
2280 1329 2646 1399 cogitationes
2688 1341 2795 1385 tuae
2825 1329 3217 1384 leceruntheec
3246 1329 3368 1394 tibi;
3407 1347 3429 1378 3

1843 1431 1897 1474 et
1928 1437 1942 1474 :
1983 1438 2002 1472 ι
2038 1418 2106 1474 Ut
2133 1422 2176 1475 si
2207 1437 2345 1489 quos
2379 1421 2676 1477 invenisset
2705 1422 2868 1492 hujus
2896 1423 2995 1476 viae
3030 1422 3182 1476 vivos
3212 1438 3228 1486 ;
3283 1440 3302 1472 3
3331 1432 3382 1474 ut
3414 1439 3432 1473 :

1849 1529 1868 1559 ι
1899 1509 2003 1574 Qui
2037 1509 2177 1565 hanc
2201 1513 2342 1566 viam
2370 1519 2691 1580 persecutus
2721 1529 2840 1566 sum
2865 1529 2884 1578 ;
2909 1530 2926 1563 3
2962 1523 3036 1580 et,
3067 1531 3085 1563 ι
3121 1511 3436 1566 Secundum

1845 1603 1988 1654 viam
2028 1617 2194 1671 quam
2242 1603 2434 1658 dicunt
2483 1604 2760 1667 literesim,
2812 1605 2890 1658 sic
2915 1604 3182 1660 deservio.
3217 1602 3434 1674 3(Psal.

1845 1705 2035 1755 cxvttt,
2069 1689 2139 1754 l;
2249 1705 2389 1759 cxu,
2425 1693 2500 1758 ις
2578 1692 2710 1747 Osee
2748 1709 2820 1760 vt,
2864 1695 2936 1760 9;
2979 1697 3108 1765 Agg.
3136 1710 3184 1762 ι,
3229 1694 3294 1759 5;
3322 1692 3434 1746 Isa.

3201 1803 3332 1849 sxn,
3364 1785 3431 1848 4,

1914 1960 2004 2016 2‘5.
2045 1960 2509 2033 Exspectationem
2543 1982 2685 2036 saepe
2719 1967 2839 2020 loco
2865 1968 2976 2035 spei
3007 1967 3162 2031 dicit,
3197 1977 3311 2033 aut,
3343 1985 3438 2020 «ix--

1846 2064 2084 2119 spectare
2115 2070 2213 2124 pro
2253 2073 2487 2126 sperare,
2511 2057 2651 2112 sicut
2693 2075 2705 2110 :
2744 2076 2762 2108 ι
2800 2057 2861 2110 Ει
2896 2073 3042 2111 nunc
3069 2074 3190 2126 qua:
3231 2069 3312 2110 est
3345 2075 3440 2110 ex-

1843 2145 2112 2213 spectatio
2144 2161 2288 2214 mea,
2347 2162 2531 2202 nonne
2556 2147 2863 2204 Dominus?
2900 2137 3170 2202 3'utdicat
3195 2137 3262 2214 ,ἰ
3303 2149 3441 2217 Spes

1849 2225 1970 2291 mea
1997 2246 2054 2292 et
2085 2238 2417 2292 conﬁdentia
2443 2255 2458 2306 ;
2487 2258 2505 2289 ι
2543 2249 2598 2294 et
2619 2241 2760 2309 apud
2822 2227 3116 2309 Jercmiam
3143 2256 3157 2293 :
3190 2258 3206 2287 ι
3233 2227 3438 2308 Exspe-

1849 2327 2014 2383 ctatio
2053 2325 2245 2393 Israel,
2303 2305 2552 2396 Domine;
2585 2351 2605 2382 3
2651 2305 2748 2386 et:
2786 2342 2829 2382 ιι
2861 2305 3236 2418 δύέιίηοίἠίν
3275 2305 3438 2384 simul

1851 2420 2308 2487 contristaretur;
2358 2441 2377 2474 3
2410 2430 2488 2487 et,
2530 2441 2550 2474 ι
2590 2423 2862 2494 Exspecta
2915 2422 3244 2490 Dominum;
3296 2445 3314 2474 3
3363 2437 3438 2487 et,

1856 2529 1876 2562 ι
1901 2511 2165 2582 Exspecta
2193 2527 2301 2578 me,
2327 2513 2458 2568 dicit
2480 2515 2774 2582 Dominus;
2801 2535 2820 2568 3
2846 2527 2920 2578 et,
2949 2535 2967 2568 ι
2987 2515 3439 2586 Exspectantiuui

1850 2617 2040 2658 eorum
2065 2602 2264 2659 lucem.
2297 2623 2316 2656 3
2373 2604 2544 2674 (Psal.
2611 2623 2842 2671 xxxvnt,
2879 2607 2946 2672 8;
2983 2606 3192 2674 lci-em.
3233 2625 3341 2666 xiv.
3367 2610 3439 2673 8;

1853 2691 2005 2750 Psal.
2035 2708 2222 2760 vam,
2253 2693 2357 2763 25;
2401 2712 2550 2764 τινι,
2599 2695 2692 2763 20,
2729 2697 2820 2764 36,
2863 2698 2972 2766 5i;
3025 2698 3184 2768 Soph.
3243 2715 3298 2754 tn
3326 2740 3339 2763 ,
3367 2699 3438 2764 8;

1853 2783 1968 2838 ha.
1995 2801 2109 2853 ut,
2143 2785 2226 2852 9.)
2772 2783 2777 2789 ’

1923 2871 2018 2927 24.
2060 2870 2194 2938 Quae
2243 2888 2425 2930 causa:
2485 2891 2594 2932 non
2661 2887 2808 2934 sunt
2849 2893 3030 2934 rerum
3089 2893 3234 2949 saepe
3281 2883 3438 2948 quasi

1857 2981 2038 3024 causae
2064 2979 2253 3026 essent
2284 2969 2442 3036 dicit,
2473 2971 2656 3028 sicut:
2681 2991 2699 3024 ι
2725 2971 2798 3029 Ut
2827 2974 3168 3044 inunguatur
3198 2989 3293 3056 pes
3315 2985 3442 3030 tuus

1857 3054 1912 3108 in
1943 3055 2231 3126 sanguine,
2273 3075 2292 3110 3
2327 3071 2428 3128 pro
2453 3077 2472 3110 ι
2508 3059 2808 3116 necessitas
2851 3063 3068 3128 omnis;
3119 3080 3138 3112 3
3173 3054 3228 3117 et
3263 3081 3282 3114 ι
3323 3063 3442 3116 'l‘ibi

1859 3145 1961 3202 soli
2027 3147 2270 3218 peccavi,
2307 3166 2325 3200 ι
2363 3159 2440 3214 et,
2477 3168 2495 3202 ι
2559 3149 2632 3206 Ut
2674 3151 2961 3208 ostendam
3007 3155 3062 3208 in
3099 3162 3150 3208 te
3183 3155 3442 3210 virtutem

1859 3254 2074 3310 meam;
2114 3259 2134 3292 3
2175 3249 2250 3308 et,
2285 3261 2304 3294 ι
2347 3239 2418 3298 Ut
2449 3243 2667 3315 cognita
2699 3245 3004 3316 sitjustitia
3030 3245 3286 3314 Domini;
3314 3266 3334 3300 3
3368 3257 3444 3311 et,

1866 3349 1885 3382 ι
1925 3332 1984 3386 ιη
2013 3332 2281 3403 judicium
2345 3350 2448 3408 ego
2501 3336 2554 3392 in
2588 3335 2734 3392 hunc
2801 3338 3070 3394 mundum
3109 3341 3231 3394 veni
3267 3348 3328 3396 ut
3353 3339 3448 3410 qui

1861 3437 1970 3478 non
1998 3425 2185 3480 vident
2235 3425 2488 3495 videant;
2527 3447 2546 3480 3
2615 3437 2692 3494 et,
2759 3447 2779 3481 ι
2843 3427 2956 3484 va
3007 3429 3340 3485 subintravit
3393 3441 3453 3484 ut

1861 3514 2170 3572 abundaret
2193 3518 2490 3588 delictum;
2531 3539 2549 3572 3
2601 3523 2678 3586 et',
2727 3539 2746 3572 ι
2793 3519 3052 3578 Utomne
3096 3537 3160 3579 os
3195 3523 3450 3580 obstrua-

1862 3613 1994 3672 tur;
2032 3623 2053 3658 3
2089 3615 2165 3671 et,
2205 3625 2224 3659 ι
2257 3605 2330 3662 Ut
2364 3623 2472 3664 non
2495 3625 2842 3680 quaecunque
2897 3612 3102 3677 vultis,-
3135 3611 3223 3667 illa
3282 3615 3481 3668 facia-'

1865 3693 1960 3750 tis.
1992 3713 2012 3747 3
2049 3694 2230 3766 (Psal.
2289 3698 2596 3766 uvnﬂi;
2639 3715 2692 3766 ι,
2721 3700 2790 3767 6;
2823 3699 2978 3754 Rom.
3041 3717 3116 3763 ix,
3158 3703 3222 3756 t7
3246 3721 3260 3770 ;
3288 3703 3450 3758 Mich.

1865 3802 1944 3854 vr,
1978 3787 2229 3854 5;Joan.
2253 3805 2329 3858 ts,
2354 3789 2460 3856 59;
2485 3789 2634 3845 Rom.
2663 3807 2718 3857 v,
2744 3791 2813 3846 20
2837 3809 2851 3855 ;
2871 3807 2956 3856 nt,
2980 3791 3083 3858 l9;
3114 3790 3237 3847 Cal.
3268 3797 3454 3864 v.17.)

1933 3878 2027 3936 25.
2053 3879 2340 3938 Actionem
2357 3897 2452 3954 per
2473 3882 2794 3938 societatem
2824 3884 3120 3954 signiﬁcat,
3145 3885 3316 3941 sicut:
3345 3905 3362 3936 ι
3389 3886 3455 3940 Ει

1867 3987 1992 4028 cum
2021 3973 2208 4044 iniqua
2243 3977 2560 4045 gerentibus
2609 3990 2719 4030 non
2767 3977 3032 4040 introibo,
3063 3997 3082 4028 3
3137 3993 3235 4046 pro
3285 3997 3303 4030 ι
3333 3979 3450 4032 Non

1867 4063 2038 4137 legem
2067 4066 2479 4138 transgrediar;
2519 4085 2538 4119 3
2575 4075 2668 4122 et:
2711 4067 2940 4124 «Beatus
2967 4069 3052 4123 vir
3089 4070 3182 4141 qui
3223 4086 3327 4123 non
3357 4071 3454 4124 ab-

1868 4158 1931 4212 iit
1999 4157 2054 4214 in
2115 4160 2350 4216 consilio
2431 4159 2758 4232 impiorum;
2793 4181 2812 4214 3
2878 4175 3000 4232 pro,
3045 4180 3066 4214 ι
3109 4161 3227 4218 Non
3289 4163 3457 4232 impie

1868 4250 2009 4322 egit;
2044 4271 2063 4303 3
2093 4260 2188 4308 et:
2228 4271 2246 4303 ι
2276 4250 2394 4308 Νοιι
2420 4253 2536 4308 sedi
2573 4253 2628 4308 iu
2662 4255 2900 4312 concilio
2923 4253 3262 4317 ludentium;
3289 4273 3309 4308 3
3353 4264 3408 4310 et
3437 4273 3453 4310 :

1877 4360 1898 4394 ‹
1941 4343 1997 4397 In
2051 4344 2350 4400 consilium
2399 4361 2594 4402 eorum
2628 4361 2736 4402 non
2790 4347 2974 4404 veniat
3019 4347 3202 4402 anima
3251 4361 3395 4402 mea.
3431 4365 3452 4400 3

1798 4440 1848 4500 ι)
1872 4433 2044 4507 (Ρεαι.
2082 4451 2210 4502 xxv,
2235 4436 2304 4502 ις
2335 4452 2371 4502 ι,
2425 4435 2712 4503 l;lerem.
2757 4453 2850 4504 xv,
2896 4439 2998 4506 l7;
3031 4436 3162 4493 Gen.
3204 4453 3352 4502 nix,
3379 4437 3458 4508 6.)

1945 4525 2036 4580 26.
2073 4526 2464 4598 Jusjurandum
2503 4529 2571 4584 de
2617 4531 2778 4585 lirmo
2809 4529 2962 4598 dicit,
2995 4530 3170 4585 sicut:
3223 4549 3242 4580 ι
3271 4528 3458 4584 Juravi

1877 4613 2046 4671 David
2075 4631 2232 4672 servo
2251 4632 2408 4682 meo;
2453 4637 2474 4670 3
2509 4615 2846 4674 ettduravit
2864 4619 3132 4674 Dominus
3166 4619 3335 4674 David
3368 4634 3460 4674 vc-

1878 4709 2126 4775 ritatem;
2165 4727 2185 4761 3
2215 4718 2302 4765 et:
2342 4727 2362 4760 ι
2397 4707 2497 4766 Per
2530 4711 2914 4782 memetipsum
2949 4711 3154 4782 iuravi,
3188 4712 3320 4768 dicit
3349 4711 3462 4768 Do-

1878 4803 2203 4870 minus;3et:
2226 4821 2245 4854 ι
2269 4800 2772 4860 JuravitDominus
2805 4804 2858 4858 in
2893 4803 3406 4874 superbiamiacob.
3435 4827 3456 4860 3

1879 4893 2057 4964 (I’sal.
2087 4910 2352 4962 Lxxxvnt,
2385 4894 2418 4949 4
2441 4913 2456 4963 ;
2480 4911 2666 4964 csxn,
2697 4896 2794 4966 ll;
2825 4894 2955 4951 Gen.
2989 4911 3125 4966 χχιι,
3152 4897 3249 4965 16;
3303 4899 3463 4955 Amos

1880 5000 1998 5050 vnt,
2035 4985 2122 5041 l7.
2151 4987 2172 5056 )
3354 5033 3370 5044 .

1949 5077 2040 5132 27.
2069 5077 2493 5149 Dispositionem
2523 5081 2666 5150 saepe
2682 5095 2781 5150 per
2802 5080 2966 5136 verba
2988 5082 3248 5150 ostendit,
3273 5084 3417 5138 sicut
3445 5097 3462 5132 :

1887 5187 1906 5222 ι
1941 5169 2245 5226 Dixerunt:
2286 5169 2423 5239 Quis
2453 5172 2662 5229 videbit
2692 5174 2829 5230 eos?
2856 5193 2875 5226 3
2913 5189 3036 5245 pro.
3078 5193 3097 5227 ι
3140 5176 3232 5228 Sic
3263 5182 3463 5229 cuneta

1881 5259 2154 5316 faciebant
2185 5272 2444 5334 tanquam
2489 5264 2534 5320 si
2595 5281 2758 5320 nemo
2795 5275 2942 5322 esset
2981 5267 3074 5336 qui
3136 5266 3385 5332 videret;
3439 5284 3458 5316 3

1881 5361 1970 5408 et:
2007 5371 2026 5404 ι
2057 5351 2204 5408 Dixit
2230 5355 2376 5409 enim
2405 5357 2459 5411 in
2492 5358 2658 5412 corde
2689 5373 2813 5425 suo,
2844 5357 2966 5412 Non
2991 5366 3074 5412 est
3101 5357 3272 5424 Deus;
3318 5376 3336 5408 3
3371 5367 3459 5410 et:

1887 5463 1906 5496 ι
1948 5445 2241 5502 Dixerunt:
2282 5447 2476 5504 Venite
2504 5459 2558 5504 ct
2587 5449 2973 5522 disperdamus
3007 5465 3104 5507 eos
3126 5449 3194 5503 de
3221 5457 3410 5518 gente;
3439 5466 3456 5498 3

1881 5545 1934 5592 et
1966 5557 1980 5594 :
2021 5557 2040 5589 ι
2080 5536 2404 5596 Ηωτθάἱιειιο
2435 5543 2816 5612 possitleamus
2861 5544 3233 5599 sanctuaritttn
3279 5539 3406 5605 Dei;
3439 5557 3458 5590 3

1880 5637 1975 5684 et:
2014 5627 2312 5686 «Dixerunt
2341 5631 2395 5687 in
2421 5634 2584 5689 corde
2617 5651 2720 5690 suo
2740 5636 2996 5703 cognatio
3021 5649 3210 5688 eorum
3235 5631 3416 5694 simul;
3441 5649 3460 5684 3

1881 5731 1965 5776 et:
2010 5741 2028 5773 ι
2069 5720 2318 5790 Dixistis,
2344 5723 2402 5777 In
2431 5741 2541 5796 quo
2575 5716 2969 5797 despeximus?
3005 5745 3024 5780 3
3055 5725 3146 5788 Et,
3177 5743 3202 5798 οι
3251 5723 3462 5789 Dixisti,

3074 5843 3146 5904 ltl
