3928 6206
288 319 430 386 1305

1374 334 1699 398 ISAGOGE
1740 335 1822 396 IN
1857 336 1960 397 SS.
1989 335 2482 398 SCRIPTUIUS.

3407 333 3546 402 1306

280 430 486 500 ὀλίγοις
519 423 678 493 αὖθις
727 428 1068 505 διεξέρχεται
1105 453 1122 468 ν
1171 437 1247 502 ὡς
1308 441 1335 492 ό
1395 440 1604 512 Μωσῆς
1668 457 1858 514 φησιν,

1976 441 2294 512 equalitate,
2329 457 2422 511 per
2451 441 2708 511 pauciora
2748 440 2944 496 iterum
2979 450 3357 518 exponuntur,
3395 445 3540 501 sicut

291 541 312 576 ι
344 521 496 593 Αὕτη
536 523 572 594 ἡ
607 519 793 592 βίϐλος
837 525 1110 592 γενέσεως
1164 529 1394 601 ούρανοῦ
1431 548 1491 586 τε
1539 532 1636 586 καὶ
1671 531 1795 605 γῆς.
1839 553 1858 586 ι

282 612 526 666 Τοιαῦτα
553 613 647 668 καὶ
675 614 734 667 ἓν
760 614 882 678 ταῖς
926 614 1260 686 Βασιλείαις,
1324 620 1422 674 καὶ
1469 623 1528 676 ὲν
1579 622 1658 694 τῷ
1698 625 1865 677 Ἀπο-

285 704 486 775 στόλῳ.

355 795 515 850 Κατά
559 797 892 871 ἀπόχρησιν,
957 801 1089 856 ὃταν
1161 806 1228 874 τῇ
1271 803 1475 876 ἑτέρων
1521 809 1868 880 προσηγορίᾳ

283 887 380 940 καὶ
407 887 466 940 ὲν
494 888 1072 963 ἑτέροιςκαταχρᾶται
1098 909 1111 922 ·
1150 889 1308 965 [οἷον]
1339 893 1415 960 ὡς
1443 896 1524 958 τὸ,
1565 915 1585 949 ι
1621 897 1866 964 Φύλαξόν

286 994 376 1047 με,
393 976 586 1048 Κύριε,
601 978 676 1044 ὡς
703 980 876 1052 κόρην
910 981 1192 1054 ὀφθαλμοῦ
1219 999 1233 1015 ο
1261 1003 1280 1036 ι
1303 985 1415 1052 καὶ,
1441 1005 1461 1038 ι
1492 987 1584 1040 Ἐν
1615 987 1700 1040 σοὶ⁵
1737 989 1868 1052 τοὺς

283 1068 513 1142 ἐχθροὺς
535 1069 694 1142 ἡμῶν
721 1072 1086 1145 κερατιοῦμεν
1108 1091 1125 1109 ο
1173 1093 1194 1129 ι
1230 1078 1344 1139 καὶ,
1365 1097 1382 1129 ι
1415 1077 1472 1132 '0
1500 1076 1777 1147 στεγάζων
1809 1080 1869 1132 ἐν

283 1159 442 1216 ὕδασι
467 1161 533 1216 τά
556 1161 782 1234 ὑπερῷα
805 1164 973 1218 αὑτοῦ
999 1181 1016 1199 ’
1045 1185 1064 1218 ι
1101 1167 1220 1235 καὶ,
1245 1185 1264 1220 ι
1313 1168 1405 1234 Ὠς
1431 1168 1634 1242 όρθρος
1693 1169 1866 1242 χυθή-

285 1268 442 1304 σεται
471 1252 565 1305 tari.
601 1251 673 1306 τὰ
705 1253 807 1324 ὅρη
861 1253 991 1320 λαὸς
1022 1255 1190 1321 πολὺς
1249 1259 1346 1314 καὶ
1375 1260 1597 1332 ίσχυρός
1627 1277 1642 1292 ·
1685 1281 1703 1313 ι
1739 1264 1868 1334 περὶ

282 1344 385 1414 τῆς
417 1345 638 1417 ἀκρίδος
667 1345 869 1418 λέγων.

355 1524 514 1580 Κατά
539 1528 990 1596 προσωποποιίαν
1004 1530 1135 1585 ὅταν
1149 1533 1263 1586 τισὶ
1290 1530 1402 1587 τῶν
1425 1530 1672 1604 ἀψύχων,
1694 1532 1868 1588 ἐνίοτε

282 1615 340 1668 δὲ
379 1615 475 1670 καὶ
503 1617 917 1688 ἀνυποστάτων,
954 1621 1226 1694 πρόσωπά
1251 1639 1313 1678 τε
1361 1623 1457 1678 καὶ
1486 1623 1683 1694 λόγους
1733 1625 1868 1679 ὐπο-

281 1707 490 1762 τίθεται
522 1725 537 1741 ·
608 1710 705 1764 ἐπὶ
747 1711 848 1780 μὲν
903 1711 1160 1784 ἀψύχων·
1211 1714 1290 1778 ὡς
1338 1714 1422 1781 τὸ,
1487 1733 1508 1769 ε
1561 1716 1867 1789 Ἐπάρθητε

1964 529 2170 600 Moysis
2227 530 2363 586 dicit
2412 549 2425 584 :
2489 549 2508 580 σ
2542 529 2644 584 llic
2701 529 2841 584 liber
2889 530 3258 602 generationis
3306 533 3430 589 σικιιί
3488 543 3546 592 ct

1967 631 2149 678 terrae.
2189 642 2208 676 ι
2245 622 2400 680 Talia
2437 631 2490 678 et
2525 621 2577 676 in
2620 621 2777 679 libris
2807 620 3040 694 Regum,
3069 630 3125 678 et
3159 623 3212 678 in
3245 627 3530 696 Apostolo.

1967 711 1986 782 (
2009 709 2140 766 Gen.
2179 728 2243 780 ιι,
2279 710 2376 782 ι.)

2040 801 2356 860 Secundum
2397 803 2631 861 abusum
2678 819 2804 860 cum
2855 805 3092 861 aliorum
3141 822 3342 862 nomen
3385 816 3439 863 et
3488 809 3546 864 in

1968 893 2090 949 aliis
2120 893 2343 950 adhibet
2367 892 2543 966 [verbi
2567 893 2769 968 gratia]
2799 913 2815 950 :
2849 913 2868 946 ι
2899 895 3126 951 Custodi
3154 912 3262 964 me,
3296 897 3543 962 Domine,

1969 994 2031 1042 ut
2071 986 2335 1057 pupillam
2371 987 2560 1048 oculi;
2601 1006 2620 1038 ι
2669 999 2744 1051 et,
2791 1005 2811 1036 ι
2849 986 2904 1042 In
2955 995 3006 1042 te
3041 989 3296 1044 inimicos
3330 998 3548 1045 nostros

1968 1077 2360 1134 ventilabimus
2398 1093 2604 1144 cornu;
2652 1097 2672 1130 ι
2711 1085 2786 1144 et,
2829 1096 2848 1129 ι
2882 1077 2987 1144 Qui
3021 1078 3157 1148 tegis
3191 1080 3351 1148 aquis
3379 1093 3545 1150 snpe-

1969 1165 2117 1223 riora
2166 1167 2326 1237 ejus;
2367 1187 2385 1220 ι
2417 1179 2490 1234 et,
2531 1187 2550 1221 ι
2584 1168 2752 1236 Quasi
2798 1185 2960 1224 mane
2989 1170 3336 1238 expandetur
3381 1185 3548 1240 super

1969 1268 2186 1314 montes
2213 1262 2450 1329 populus
2482 1262 2686 1316 multus
2727 1270 2779 1316 et
2810 1260 2991 1322 fortis,
3053 1279 3070 1312 ι
3107 1260 3174 1316 de
3208 1236 3436 1316 locustis
3465 1261 3548 1316 lo-

1968 1364 2162 1420 quens.
2225 1348 2414 1422 (Paul.
2469 1366 2580 1419 va,
2632 1349 2703 1418 8;
2758 1367 2914 1420 xun,
2971 1351 3042 1418 6;
3099 1367 3230 1418 cm,
3293 1353 3364 1419 3;
3427 1349 3548 1406 loel

1969 1457 2033 1508 ιι,
2064 1440 2158 1513 2.)
2663 1424 2688 1439 '

2045 1534 2362 1592 Secundum
2393 1537 2834 1609 prosopopmiam
2865 1537 3092 1608 quando
3123 1537 3454 1608 quibusdam
3483 1552 3549 1593 ex

1971 1625 2314 1690 inanimatis,
2359 1628 2693 1697 quandoque
2739 1636 2794 1682 et
2823 1643 2888 1682 ex
2938 1628 3006 1684 iis
3053 1644 3176 1699 quae
3210 1644 3304 1698 per
3335 1629 3552 1699 excogi-

1971 1719 2124 1774 tandi
2165 1718 2276 1773 vim
2325 1729 2536 1773 tantum
2585 1719 2900 1784 exsistunt,
2949 1735 3245 1791 personam
3293 1729 3348 1776 et
3390 1719 3550 1776 verba

283 1800 454 1856 πύλαι
485 1799 697 1856 αίώνιοι
735 1818 750 1835 ο
793 1821 812 1854 ι
845 1803 960 1867 καὶ,
987 1822 1006 1854 ι
1053 1803 1121 1858 Ol
1175 1804 1398 1877 ούρανοὶ
1450 1804 1767 1877 διηγοῦνται
1791 1821 1806 1837 ο
1841 1824 1860 1858 ι

1976 1812 2270 1882 supponit;
2304 1813 2373 1866 de
2403 1811 2742 1877 inanimatis,
2780 1811 2965 1867 sicut:
3007 1831 3022 1864 ι
3066 1811 3390 1872 Elevamini.
3427 1827 3553 1882 por-

285 1892 383 1946 καὶ
417 1911 435 1944 ι
466 1893 816 1965 Πορευόμενα
845 1893 1120 1966 ἐπορεύθη
1149 1894 1219 1949 τά
1249 1895 1386 1964 ξύλα
1417 1911 1432 1927 ⁸
1467 1914 1487 1949 ι
1523 1897 1620 1951 ἐπὶ
1671 1897 1730 1950 δὲ
1757 1896 1869 1952 τῶν

284 1983 672 2038 ἀνυποστάτων
695 1999 712 2016 ο
752 1983 831 2048 ὡς
857 1984 920 2038 τὸ
954 2003 973 2036 ι
1005 1985 1336 2058 Δικαιοσύνη
1365 1986 1462 2042 καὶ
1512 1987 1708 2060 είρήνη
1732 2005 1870 2042 κατ-

284 2074 548 2146 εφίλησαν
577 2090 594 2106 ο
655 2095 676 2128 ι
738 2076 854 2143 καὶ,
897 2093 917 2128 ι
967 2076 1226 2131 Ἐκάλεσε
1270 2077 1371 2148 τὴν
1413 2077 1574 2150 δίκην
1630 2079 1689 2134 ὲν
1737 2079 1872 2152 πυρὶ

281 2167 489 2239 Κύριος
515 2183 533 2200 ο
573 2185 592 2220 ι
632 2169 762 2234 καὶ,
792 2186 811 2220 ι
849 2166 1086 2240 Ἐρῤιψε
1131 2169 1226 2224 τὸν
1277 2169 1423 2224 λίθον
1469 2170 1550 2236 είς
1582 2169 1644 2224 τὺ
1695 2170 1872 2240 στόμα

277 2259 379 2328 τῆς
408 2259 643 2331 ἀνομίας
666 2277 682 2294 ο
727 2279 746 2314 ι
775 2261 892 2327 καὶ,
935 2279 955 2312 ι
996 2255 1167 2315 Εἶπεν
1190 2263 1222 2332 ἡ
1249 2262 1434 2332 σοφία,
1466 2263 1675 2334 Κύριος
1707 2263 1868 2318 ἐκτι-

283 2350 345 2403 σέ
386 2365 478 2418 με·
516 2367 536 2400 ι
566 2347 684 2414 καὶ,
719 2366 738 2400 ι
782 2347 925 2416 Ἐγὼ
949 2347 1098 2420 ήμην
1127 2341 1161 2422 ᾖ
1189 2349 1523 2420 προσέχαιρε
1550 2349 1675 2403 καθ’
1731 2349 1867 2422 ἠμέ-

283 2453 420 2508 ραν’
463 2456 482 2490 ι
509 2439 626 2504 καὶ,
655 2455 676 2490 ι
725 2437 1092 2510 ᾯκοδόμησεν
1123 2440 1290 2512 ἑαυτῇ
1331 2433 1500 2493 οἷκον.
1536 2457 1555 2490 ι

1973 1905 2040 1956 ιω
2069 1900 2386 1968 azternales;
2422 1919 2440 1952 ι
2471 1910 2546 1964 et,
2579 1918 2598 1952 ι
2631 1901 2770 1956 Cteli
2800 1910 3100 1968 enarrant;
3135 1919 3154 1954 ι
3187 1912 3260 1965 et,
3295 1920 3314 1952 ‹
3347 1900 3552 1957 Euntes

1972 1989 2154 2046 ierunt
2187 1991 2356 2062 ligna.
2399 2011 2416 2042 ι
2481 1991 2557 2047 De
2614 1991 2683 2046 iis
2717 2007 2840 2062 quae
2889 2007 2989 2062 per
3036 1992 3382 2064 excogitandi
3439 1992 3550 2046 vim

1972 2089 2184 2136 tantum
2221 2082 2523 2148 exsistunt,
2567 2082 2755 2139 sicut:
2794 2102 2813 2135 ι
2851 2081 3072 2138 Justitia
3108 2092 3163 2138 ct
3196 2097 3298 2154 par
3328 2082 3547 2138 oscula-

1974 2180 2234 2240 taasunt;
2275 2191 2294 2225 ι
2339 2183 2414 2240 et,
2465 2193 2483 2225 ι
2517 2173 2763 2229 Vocabat
2795 2172 3067 2244 judicium
3114 2173 3181 2228 ad
3232 2173 3410 2243 ignem
3447 2173 3552 2227 Do-

1973 2259 2193 2326 minus;
2237 2279 2256 2313 υ
2291 2271 2366 2328 et,
2407 2278 2426 2314 ι
2466 2261 2615 2317 Misit
2660 2261 2896 2332 lapidem
2945 2261 3000 2315 in
3047 2276 3111 2317 os
3158 2260 3481 2331 impietatis.
3521 2279 3542 2312 ι

1971 2349 2061 2417 Ει,
2112 2369 2132 2404 ‹
2171 2353 2317 2408 Dixit
2370 2352 2686 2424 sapientia:
2721 2351 2988 2408 Dominus
3033 2352 3284 2424 possedit
3331 2367 3459 2420 me;
3523 2371 3543 2404 ο

1969 2450 2042 2508 et,
2071 2459 2090 2494 ι
2119 2442 2233 2512 Ego
2267 2458 2416 2498 cram
2445 2443 2534 2499 cui
2556 2441 2929 2498 delectabatur
2951 2457 3047 2513 per
3071 2441 3320 2514 singulos
3345 2442 3494 2507 dies;
3525 2458 3545 2492 ι

281 2545 358 2600 et,
435 2553 455 2588 ι
490 2534 804 2592 Ediﬁcavit
854 2535 958 2592 sibi
1011 2535 1258 2593 domum.
1292 2555 1312 2590 ι
1369 2535 1564 2608 (Psal.
1615 2551 1772 2602 χχιιι,
1812 2535 1880 2606 7;
1919 2552 2076 2599 xvm.
2141 2540 2210 2608 2;
2245 2538 2428 2596 Judic.
2479 2555 2556 2605 rx,
2603 2538 2668 2607 8;
2707 2555 2927 2606 currv,
2969 2538 3068 2605 ll;
3139 2538 3296 2592 Amos
3335 2553 3433 2603 vn,
3476 2538 3546 2602 ις

284 2629 452 2686 Zach.
485 2645 537 2698 v,
566 2629 634 2697 8;
667 2628 829 2684 Prov.
863 2644 979 2696 vm,
1012 2627 1102 2698 12,
1135 2628 1209 2684 22
1231 2671 1248 2696 ,
1277 2629 1392 2704 50.)

354 2723 516 2778 Κατά
540 2721 940 2794 σχηματισμὸν,
992 2721 1122 2776 ὅταν
1173 2721 1244 2778 τά
1289 2721 1432 2775 αύτά
1483 2725 1863 2795 σχηματοποιῇ

282 2812 423 2886 πρὸς
449 2812 550 2884 τὴν
575 2812 684 2867 τῶν
710 2813 1053 2885 πραγμάτων
1083 2814 1363 2884 ὑφήγησιν
1389 2827 1405 2844 ⁶
1431 2812 1508 2878 ὡς
1529 2814 1614 2882 τὸ,
1655 2833 1674 2868 ι
1708 2811 1864 2886 Παρ-

283 2903 418 2974 έστη
481 2904 516 2974 ή
548 2902 843 2973 βασίλισσα
891 2905 958 2956 ἐκ
987 2902 1180 2971 δεξιῶν
1215 2919 1310 2958 σου
1336 2915 1359 2932 '
1391 2922 1410 2956 ι
1448 2905 1564 2973 καὶ,
1630 2924 1649 2958 ι
1685 2906 1862 2959 Ποτα-

286 2995 379 3066 poi.
419 2996 754 3068 κροτήσουσι
781 2997 944 3068 χειρὶ»
965 2995 1060 3049 ἐπὶ
1086 2995 1148 3050 τὸ
1189 2997 1323 3050 αύτό
1347 3012 1362 3029 ·
1395 3015 1415 3048 ο
1460 2996 1576 3063 καὶ,
1601 3014 1620 3050 ι
1655 2998 1719 3052 Ol
1768 3012 1867 3070 μαι

287 3085 402 3143 σθοί
431 3103 524 3142 σου
563 3085 996 3160 ἀνωρθώθησαν,
1039 3089 1136 3142 καὶ
1195 3090 1232 3161 ἡ
1261 3088 1383 3162 θρίξ
1434 3105 1529 3143 σου
1581 3089 1861 3144 ἀνέτειλεο

285 3178 351 3232 σὺ
401 3177 458 3232 δὲ
483 3174 628 3248 ἦσθα
669 3179 853 3252 γυμνὴ
913 3179 1006 3233 καὶ
1047 3180 1434 3252 ἀσχημονοῦσα
1459 3196 1478 3214 ο
1503 3201 1524 3236 ι
1550 3181 1822 3254 μασθοὺς
1846 3198 1860 3213 ο

283 3269 739 3340 καταχρηστικῶς
768 3271 838 3326 τά
868 3270 977 3341 ὅρη
1007 3269 1264 3341 λέγουσα,
1291 3273 1400 3328 ἀπὸ
1424 3272 1524 3328 τοῦ
1553 3273 1867 3344 σχήματος

280 3361 443 3433 τρίχα
474 3361 552 3424 δὲ,
574 3363 674 3432 τὴν
697 3363 797 3434 τῆς
810 3363 916 3435 γῆς
938 3363 1200 3434 εὐφορίαν
1227 3381 1240 3396 ·
1272 3365 1676 3430 κατασκευάζει
1697 3365 1755 3421 δὲ
1771 3367 1867 3420 καὶ

280 3457 390 3510 ἀπὸ
423 3453 767 3527 πραγμάτων
807 3455 1212 3527 σχηματισμὸν,
1247 3455 1324 3521 ὡς
1370 3457 1430 3511 ἐν
1457 3459 1524 3528 τῇ
1587 3460 1732 3512 κατά
1771 3459 1865 3512 τὸν

285 3547 559 3617 μακάριον
600 3543 720 3600 ἰὼσ
748 3545 1007 3600 ὑποθέσει
1029 3563 1043 3577 ο
1072 3541 1186 3600 οἷον
1214 3547 1297 3613 τὸ,
1333 3570 1351 3602 ι
1391 3548 1747 3620 Παραστῆναι
1775 3549 1865 3603 τὸν

279 3637 528 3694 διάὃολον
561 3638 796 3694 ἐνώπιον
841 3637 940 3692 τοῦ
969 3638 1132 3695 Θεοῦ.
1175 3656 1196 3690 ›

355 3729 512 3785 Κατά
530 3729 884 3801 ἀλληγορίαν,
915 3729 1046 3807 ὅταν
1073 3730 1141 3783 τὰ
1171 3728 1380 3800 ἄπειρα
1405 3728 1584 3801 πλήθη
1621 3731 1863 3802 συνεχῶς

287 3822 345 3876 ’ἴ
361 3823 492 3876 δατα
521 3821 684 3894 λέγῃ,
715 3821 811 3876 καὶ
839 3821 940 3894 τὴν
972 3820 1180 3876 τούτων
1204 3821 1394 3892 ἔφοδον
1437 3821 1827 3894 κατακλυσμόν
1845 3839 1859 3854 ·

265 3917 379 3981 ,καὶ
414 3916 496 3979 τὸ,
527 3933 547 3969 ‹
583 3916 777 3970 Ἔσται
808 3914 883 3980 ὡς
910 3916 971 3970 τὸ
998 3916 1155 3981 ξύλον
1185 3917 1277 3970 τὸν
1340 3919 1754 3998 πεφυτευμένον
1785 3935 1800 3950 ·
1837 3937 1856 3970 ι

285 4005 424 4060 καὶὸ
459 4005 781 4072 ’Δπόστολος
811 4005 912 4080 τὴν
941 4007 1121 4080 ’Ἅγαρ
1158 4008 1471 4082 ἀλληγορεῖ.

353 4140 829 4257 Καθ”ύπερδολὴν
859 4184 994 4257 (Ιθ).
1031 4186 1161 4242 ὅταν
1189 4187 1268 4251 είς
1308 4186 1482 4241 πολλὰ
1507 4187 1720 4256 μείζονι
1770 4189 1862 4243 κέ·

2047 2721 2362 2779 Secundum
2394 2722 2681 2791 ﬁguratam
2725 2722 3051 2787 orationem,
3101 2722 3320 2790 quando
3349 2721 3545 2778 eadem

1973 2813 2172 2884 ﬁgurat
2213 2823 2408 2884 praeter
2438 2827 2620 2867 rerum
2652 2813 3050 2878 narrationem,
3082 2812 3261 2868 sicut:
3301 2831 3320 2865 ι
3363 2811 3548 2868 Astitit

1973 2905 2162 2976 regina
2212 2920 2242 2959 a
2290 2905 2503 2960 dextris
2551 2903 2699 2970 tuis;
2738 2923 2758 2958 ι
2805 2911 2880 2969 et,
2931 2921 2952 2955 ι
2989 2901 3242 2958 Flumina
3293 2904 3550 2974 pandcnt

1971 3012 2142 3052 manu
2174 2997 2240 3052 de
2281 2997 2494 3059 eodem,
2537 3014 2556 3047 ›
2609 3005 2683 3062 et,
2739 3014 2757 3048 ι
2791 2995 2975 3052 Ubera
3011 3004 3102 3050 tua
3140 2995 3546 3059 intumuerunt,

1969 3097 2025 3144 et
2067 3088 2211 3160 pilus
2255 3097 2385 3142 tuus
2413 3087 2776 3158 germinavit;
2822 3095 2879 3142 et
2908 3101 3033 3142 eras
3076 3085 3222 3141 nuda
3256 3093 3312 3142 et
3354 3086 3549 3142 confu-

1968 3180 2126 3237 sione
2156 3178 2313 3250 plena
2343 3195 2358 3232 :
2401 3197 2422 3231 ι
2455 3177 2618 3232 ubera
2645 3194 2742 3248 per
2769 3177 3130 3234 catachresim
3163 3187 3364 3232 montes
3391 3176 3546 3244 dicit,

1967 3287 2000 3327 a
2034 3270 2234 3338 forma,
2266 3270 2432 3339 pilum
2463 3285 2592 3326 vero
2623 3269 2965 3326 fertilitatem
3003 3281 3162 3326 terra:
3191 3289 3205 3325 :
3245 3279 3302 3326 et
3331 3280 3486 3340 parat
3514 3286 3547 3325 a

1967 3361 2138 3417 rebus
2169 3360 2459 3432 ﬁguratam
2493 3361 2829 3428 orationem,
2863 3362 3012 3418 sicut
3035 3362 3092 3418 in
3121 3371 3446 3432 argumento
3477 3361 3549 3418 de

1967 3457 2127 3512 beato
2155 3451 2278 3519 Job,
2311 3469 2529 3525 nempe,
2573 3472 2593 3506 ‹
2634 3453 2895 3510 Astitisse
2927 3451 3095 3509 Satan
3135 3469 3323 3510 coram
3358 3453 3549 3510 Domi-

1965 3565 2057 3604 no.
2098 3568 2118 3600 ι
2167 3547 2360 3618 (Paul.
2410 3562 2558 3613 thv,
2609 3548 2714 3617 10;
2768 3564 2936 3616 xcvn,
2971 3549 3042 3616 8;
3095 3547 3286 3604 Exerit.
3321 3564 3438 3615 xvr,
3477 3547 3547 3615 7;

1963 3639 2068 3696 Job
2105 3656 2144 3706 ι,
2177 3639 2274 3710 6.)

2037 3731 2352 3787 Secundum
2375 3731 2694 3802 allegoriam
2718 3772 2732 3797 ,
2765 3732 2986 3802 quando
3021 3731 3265 3787 inﬁnitas
3295 3731 3550 3786 multitu-

1964 3823 2123 3878 dines
2154 3831 2419 3893 perpetuo
2457 3836 2630 3891 aquas
2657 3833 2854 3887 vocat,
2899 3831 2955 3876 et
2999 3821 3193 3876 horum
3254 3819 3546 3875 transitum

1965 3913 2427 3975 inundationem;
2457 3924 2512 3969 et
2533 3952 2550 3977 ,
2592 3932 2611 3964 ι
2646 3911 2762 3968 Erit
2794 3914 2939 3969 sicut
2971 3914 3178 3984 lignum
3217 3911 3364 3983 quod
3389 3914 3547 3982 plan-

1964 4012 2138 4059 tatum
2187 4013 2290 4059 est.
2325 4022 2344 4056 ι
2412 4003 2478 4058 Et
2543 4003 2841 4073 Apostolus
2884 4005 3030 4074 Agar
3093 4018 3192 4073 per
3225 4001 3546 4074 allegoriam

1963 4097 2120 4152 citat.
2149 4104 2168 4169 ί
2196 4095 2348 4151 Paul.
2388 4113 2441 4162 ι,
2482 4097 2544 4163 5;
2579 4093 2760 4150 Galal.
2803 4111 2876 4162 iv,
2905 4094 3021 4167 at.)

2036 4187 2351 4244 Secundum
2390 4187 2730 4260 hyperbolen
2772 4187 2994 4259 quando
3037 4185 3090 4241 in
3126 4185 3316 4240 multis
3350 4183 3548 4254 majori

282 4295 480 4350 χρηται
503 4276 580 4348 τῷ
599 4279 698 4350 τῆς
718 4278 1045 4350 ύφηγήσεως
1075 4281 1300 4351 μεγέθει
1327 4281 1482 4353 παρά
1503 4279 1572 4334 τά
1597 4281 1862 4353 γινόμενα

1976 4282 2134 4338 rtitur
2177 4297 2290 4354 prae
2339 4282 2678 4338 narrationis
2736 4279 3008 4353 gravitate
3061 4295 3161 4350 pro
3217 4278 3375 4333 lactis
3428 4277 3546 4334 sive

281 4370 316 4443 ἢ
370 4369 724 4443 προσόντα,ἢ
757 4370 1084 4443 ἐνδεχόμενα
1109 4387 1124 4402 ·
1171 4371 1246 4435 ὡς
1269 4373 1350 4443 τὸ,
1391 4391 1408 4420 ς
1450 4372 1860 4429 Ἀνασαίνουσιν

1976 4375 2389 4442 excedentibus,
2437 4375 2555 4430 sive
2599 4373 2997 4444 possibilibus;
3045 4373 3232 4429 sicut:
3270 4391 3289 4424 ι
3331 4371 3544 4426 Ascon.

283 4469 388 4528 ἕως
416 4461 527 4517 τῶν
559 4463 810 4536 οὐρανῶν
844 4479 859 4496 ο
901 4463 1033 4536 περὶ
1058 4463 1170 4520 τῶν
1195 4463 1629 4536 ναυτιλλομένων
1647 4483 1661 4498 ·
1692 4486 1718 4520 ι
1743 4469 1856 4534 καὶ,

1976 4468 2101 4522 dunt
2129 4483 2304 4538 usque
2331 4467 2401 4522 ad
2431 4467 2624 4531 caelos,
2653 4465 2722 4521 de
2748 4463 3170 4536 navigantibus;
3193 4480 3212 4515 ι
3246 4471 3301 4520 et
3324 4501 3342 4529 ,
3389 4481 3408 4514 ι
3438 4459 3546 4516 Ve-

285 4575 304 4608 ε
339 4555 486 4628 Πλὴν
515 4557 544 4611 ὁ
572 4555 706 4620 Θεὸς
737 4555 1030 4611 συνθλάσει
1079 4557 1325 4626 κεφαλὰς
1351 4557 1566 4632 ἐχθρῶν
1601 4559 1766 4614 αὑτοῦ
1787 4578 1800 4593 ο
1832 4580 1852 4616 ι

1976 4567 2274 4613 rumtamen
2305 4555 2447 4612 Deus
2472 4555 2781 4627 confringet
2833 4556 3013 4626 capita
3046 4555 3396 4611 inimicorum
3420 4567 3549 4610 suo-

279 4649 399 4714 καὶ,
429 4667 450 4702 ι
485 4648 679 4704 Δούσω
707 4648 834 4703 καθ’
863 4649 1103 4722 ἑκάστην
1119 4648 1290 4704 νύκτα
1317 4650 1417 4722 τὴν
1439 4651 1629 4722 κλίνην
1663 4669 1766 4724 μου
1786 4667 1802 4686 ο
1831 4673 1850 4708 ι

1976 4664 2124 4715 rum;
2156 4667 2176 4701 ι
2223 4657 2318 4716 et,
2367 4667 2385 4700 ι
2422 4647 2642 4702 Lavabo
2684 4663 2780 4718 per
2814 4646 3068 4718 singulas
3112 4656 3304 4702 noctes
3341 4647 3547 4702 lectum

281 4740 395 4805 καὶ,
433 4757 454 4792 ι
487 4739 570 4794 Τά
593 4739 695 4812 ὅρη
726 4739 1061 4813 ὲσκίρτησαν
1089 4739 1221 4795 ὡσεὶ
1267 4739 1415 4812 κριοί
1437 4755 1454 4770 ’
1487 4759 1510 4794 ι
1543 4743 1659 4811 καὶ,
1721 4760 1741 4796 t
1773 4742 1856 4798 Τά

1976 4755 2168 4809 meum,
2199 4758 2218 4792 ι
2252 4749 2327 4804 et,
2351 4758 2370 4792 ι
2396 4738 2610 4794 Montes
2631 4739 3051 4795 exsultaverunt
3077 4749 3138 4795 ut
3167 4739 3392 4804 arietes,
3419 4757 3437 4790 ι
3466 4747 3543 4802 et,

282 4830 414 4896 ξύλα
447 4831 542 4886 τοῦ
581 4831 758 4905 ἀγροῦ
821 4833 1185 4906 ὲπικροτήσει
1221 4826 1334 4898 τοῖς
1367 4833 1615 4900 κλάδοις·
1661 4852 1684 4890 ι
1736 4838 1854 4903 καὶ,

1976 4835 2178 4906 rLigna
2207 4831 2446 4904 regionis
2474 4831 2735 4902 plaudent
2766 4831 2958 4898 ramis,
2985 4850 3004 4884 ι
3042 4840 3115 4898 et,
3153 4849 3172 4884 ι
3199 4831 3436 4888 Facilius
3461 4841 3546 4886 est

285 4946 305 4980 ι
339 4925 734 4998 Εύκοπὼτερόν
767 4927 887 4982 ὲστι
927 4927 1208 4999 κάμηλον⁹
1245 4927 1376 4981 »καὶ
1406 4927 1534 4997 περὶ⁹
1568 4927 1670 4998 τῆς
1692 4928 1853 5000 ἀκρί-

1976 4927 2262 4993 :ame|um;
2321 4941 2341 4976 ι
2395 4934 2448 4982 et
2481 4927 2548 4980 de
2593 4925 2842 4992 locusta,
2885 4942 2904 4977 ι
2935 4923 3076 4992 Quia
3122 4939 3256 4997 gens
3294 4923 3548 4980 accendit

277 5018 544 5085 δος,ι⁶’οτι
577 5017 729 5082 ἔθνος
773 5018 944 5090 ἀνέϐη
969 5019 1063 5072 ἐπὶ
1091 5017 1190 5091 τὴν
1223 5019 1326 5090 γῆν
1357 5034 1459 5090 μου
1511 5019 1751 5090 ἰσχυρὸν,
1804 5021 1856 5075 οἱ

279 5111 490 5176 ὀδόντες
518 5110 684 5166 αύτοῦ
708 5111 920 5176 ὀδόντες
949 5111 1164 5175 λέοντος
1189 5125 1204 5141 ο
1247 5131 1266 5164 ι
1337 5111 1457 5174 καὶ,
1515 5129 1534 5163 ι
1585 5111 1851 5183 Ἀπηλλο·

277 5202 588 5276 τριώθησαν
613 5203 664 5256 οἱ
695 5203 1014 5274 ἁμαρτωλοὶ
1043 5204 1153 5258 ἀπὸ
1185 5204 1403 5274 μήτρας
1430 5217 1444 5232 ο
1497 5221 1514 5254 ι
1555 5205 1669 5269 καὶ,
1711 5222 1729 5256 ι
1761 5205 1853 5277 Μὴ

280 5293 474 5362 γνώτω
523 5296 558 5365 ἡ
587 5295 855 5365 ἀριστερά
883 5311 976 5347 σου
1007 5294 1060 5348 τί
1096 5295 1243 5347 ποιεῖ
1265 5295 1298 5362 ή
1321 5291 1474 5358 δεξιά
1512 5311 1605 5348 σου
1631 5314 1645 5327 ·
1687 5316 1705 5348 ι
1739 5299 1853 5359 καὶ.

285 5405 304 5436 ι
339 5387 399 5439 Εἰ
428 5388 458 5440 ὁ
486 5386 768 5457 ὀφθαλμὸς
795 5388 824 5440 ὁ
856 5385 1031 5454 δεξιὸς
1059 5385 1408 5451 σκανδαλίζει
1457 5405 1538 5451 σε,
1579 5389 1726 5456 ἔξελε
1758 5391 1857 5444 αύο

279 5477 397 5532 τόν·
439 5497 458 5530 ι
493 5479 609 5542 καὶ,
649 5498 667 5531 ι
703 5478 829 5531 Ἐὰν
861 5477 1019 5549 ὑμεῖς
1053 5480 1389 5550 σιωπὴσητε,
1425 5481 1630 5536 οίλίοοι
1655 5484 1857 5555 κεκρά-

1959 5035 2125 5091 super
2149 5027 2348 5074 terram
2379 5031 2557 5072 meam
2583 5057 2599 5082 ,
2642 5015 2802 5073 fortis
2823 5057 2840 5080 ,
2873 5016 3067 5074 dentes
3097 5015 3219 5088 ejus
3259 5025 3320 5072 ut
3347 5016 3551 5072 dentes

1960 5113 2174 5176 leonis;
2200 5131 2219 5165 ι
2260 5120 2315 5167 et
2337 5151 2352 5174 ,
2393 5130 2412 5164 ι
2445 5110 2678 5165 Alienati
2710 5118 2840 5167 sunt
2885 5118 3203 5182 peccatores
3241 5124 3273 5166 a
3301 5109 3483 5164 vulva.
3514 5101 3542 5160 's

1963 5207 2052 5270 Et,
2086 5225 2104 5258 ι
2135 5204 2350 5261 Nesciat
2379 5205 2602 5260 sinistra
2637 5215 2728 5260 tua
2759 5205 2892 5276 quid
2926 5205 3327 5271 faciatdextera
3355 5212 3448 5258 tua
3469 5219 3495 5268 ;.
3518 5220 3545 5252 ν

1962 5310 2042 5365 et,
2089 5317 2108 5351 ι
2145 5297 2200 5353 Si
2243 5297 2439 5354 oculus
2487 5305 2616 5353 tuus
2651 5298 2844 5354 dexter
2887 5297 3222 5354 scandalizat
3269 5304 3360 5360 te,
3409 5307 3542 5348 erue

1962 5407 2121 5457 enirn;
2155 5411 2172 5443 ι
2197 5400 2270 5450 et.
2311 5409 2327 5440 ι
2353 5390 2408 5445 Si
2435 5405 2534 5445 vos
2565 5391 2868 5455 tacueritis,
2903 5390 3108 5460 lapides
3131 5387 3486 5451 clamabunt;
3516 5404 3539 5434 ι

1963 5495 2038 5550 et,
2074 5505 2090 5535 ι
2121 5484 2232 5538 luta
2277 5497 2446 5536 unum
2496 5494 2590 5536 aut
2636 5499 2777 5538 unus
2813 5499 2986 5553 apex;
3025 5501 3043 5534 ι
3074 5490 3122 5536 et
3147 5525 3161 5547 ,
3201 5500 3219 5532 ι
3248 5481 3456 5536 (ἷωῖιιιιι
3489 5487 3546 5535 et

1439 5639 1664 5696 DAVID.
1707 5641 2102 5700 "(ESCIIELII
2155 5640 2388 5697 NOTAE.

359 5745 474 5812 (l0)
521 5745 661 5804 Καθ’
713 5749 1077 5819 ὑπερϐολήν.
1117 5749 1190 5807 Dc
1224 5751 1326 5808 hac
1377 5755 1488 5825 agit
1542 5757 1682 5812 idem
1736 5759 1863 5828 Aug.

1986 5759 2149 5829 posit.
2187 5773 2310 5828 cap.
2347 5757 2444 5812 ult.
2481 5756 2684 5825 Evang.
2719 5752 2880 5810 Joau.
