3928 6206
260 385 394 448 I'll3

1453 386 1594 446 SER
1604 385 1708 444 MO
1753 385 1900 444 LAU
1913 381 2314 444 DATORIUS.

3371 375 3507 444 1314

1208 653 1574 741 ΛΟΓΟΣ
1630 649 2549 740 ΕΓΚΩΜΙΑΣΤΙΚΟΣ

1305 857 1401 926 Τῌ
1430 855 1593 928 ΑΓΙᾼ
1621 851 2146 908 ΠΡΟΣΦΩΝΗΘΕῘΣ
2201 849 2472 922 ΣΥΝΟΔῼ

753 955 940 1010 [MPA
985 950 1360 1007 ΕΠῘΦΑΝῙΟΥ
1392 950 1749 1006 ΔῙΑΚΟΝΟΥ
1778 947 2110 1004 ΚΑΤΑΝΑΣ
2143 947 2280 1000 ΤΗΣ
2325 945 2630 1000 ΣῙΚΕΛΩΝ
2657 943 3027 1016 ΕΠΔΡΧΙΑΣ,

790 1045 913 1099 ΚΑΙ
953 1037 1474 1098 ΤΟΠΟΊἪΡΗΤΟΥ
1495 1041 1686 1095 ΘΩΜΑ
1723 1037 2298 1095 ΑΡΧῙΕΠΙΣΚΟΠΟΥ
2353 1037 2660 1110 ΣΑΡΔῼΩΝ
2707 1037 2960 1094 ΝΗΣΟΥ.

1223 1410 1353 1500 SE
1378 1406 1623 1500 BMO
1695 1405 2538 1501 LAUDATOBIUS

1328 1623 1595 1669 SANCTJE.
1633 1623 2121 1670 PRONUNTIATUS
2193 1623 2440 1669 SYNODO

796 1722 878 1766 ΑΒ
911 1721 1245 1768 ΕΡΙΡΗΑΝΙΟ
1283 1723 1558 1770 DIACONO
1580 1724 1828 1768 ECCLESI

1928 1723 2170 1768 unum
2200 1697 2556 1768 summatm
2595 1721 2972 1778 Puovnvcue,

841 1824 919 1868 AC
946 1825 1086 1869 LOCI
1114 1825 1483 1870 SERVATORE
1525 1826 1758 1870 T110”
1785 1825 2256 1871 ARCHIEPISCOPI
2277 1825 2620 1870 SARDORUM
2647 1823 2910 1869 ιΝευιΑι.

1379 1963 1600 2055 (Mausl,
1633 1971 1842 2028 Concil.
1883 1987 1920 2027 t.
1967 1970 2112 2039 XIII,
2147 1987 2203 2041 p.
2239 1971 2392 2042 Ml.)

327 2301 392 2352 Ὀ
417 2301 686 2372 μακάριος
709 2300 996 2373 προφήτης
1044 2299 1274 2366 Ἡσαΐας
1302 2301 1432 2375 θείῳ
1483 2305 1829 2376 καταλαμπό·

2015 2305 2216 2360 Beatus
2255 2305 2518 2374 propheta
2576 2299 2746 2356 Isaias
2795 2297 2978 2354 divino
3021 2308 3246 2368 accepto
3297 2295 3499 2366 Spiritu

120 2371 138 2390 ’
249 2371 425 2466 μενος
456 2371 766 2462 Πνεύματι,
790 2371 891 2462 την
927 2371 1018 2444 διὰ
1051 2393 1288 2464 Χριστοῦ
1317 2371 1836 2467 γεγενημένην-τῶν

245 2483 422 2538 ἐθνῶν
465 2483 848 2554 ἀπολύτρωσιν
895 2479 955 2538 εὖ
997 2483 1145 2554 μάλα
1184 2483 1710 2557 προαναθεωρησας,
1741 2485 1838 2540 καὶ

247 2577 358 2628 τῶν
394 2575 464 2628 δι’
499 2574 666 2629 αὐτοῦ
711 2574 1073 2644 σεσωσμένων
1118 2573 1218 2646 τὴν
1251 2575 1462 2647 πληθὺν
1503 2575 1605 2631 οὐκ
1638 2579 1838 2648 ἠγνοη-

248 2665 364 2732 κὼς
407 2667 840 2740 προσπεφώνηκέ
870 2683 972 2722 που
1011 2666 1086 2730 ὡς
1125 2669 1191 2721 ὲκ
1238 2667 1533 2740 προσώπου
1571 2668 1668 2736 τοῦ
1697 2667 1834 2723 Θεοῦ

245 2758 360 2822 τοῖς
387 2759 533 2812 κατὰ
564 2758 790 2829 καιροὺς
818 2757 924 2812 τῶν
959 2757 1125 2830 ἱερῶν
1153 2756 1379 2828 λαχοῦσι
1406 2758 1676 2829 ποιμνίων
1705 2760 1834 2812 επι-

249 2849 472 2901 στατεῖν
497 2847 677 2902 τοιάδε
702 2863 716 2877 ·
751 2866 770 2900 ι
792 2849 1099 2920 Πορεύεσθε
1130 2849 1219 2905 διὰ
1242 2849 1353 2904 τῶν
1383 2849 1570 2904 πυλῶν
1591 2851 1837 2924 μουικαὶ

245 2936 610 3008 ὁδοποιήσατε
657 2937 734 3010 τῷ
779 2938 894 3010 λαῷ
929 2957 1030 3011 μου
1053 2955 1069 2972 ’
1099 2941 1196 2994 καὶ
1237 2942 1365 3006 τοὺς
1411 2941 1596 3005 λίθους
1631 2945 1697 2997 ὲκ
1734 2943 1836 3014 τῆς

243 3027 368 3082 ὁδοῦ
399 3028 742 3101 διαρρίψατε.
784 3049 804 3082 ι
852 3031 1011 3096 Τίνες
1051 3033 1097 3086 δ’
1127 3032 1194 3088 ἂν
1226 3037 1437 3090 νοοῖντο
1478 3036 1536 3091 αί
1569 3036 1758 3098 πύλαι.
1797 3038 1831 3108 ἢ

247 3111 350 3197 τῆς
375 3116 1003 3192 θεοπνεύστούκῖραφῆς
1042 3123 1138 3176 καὶ
1177 3122 1294 3178 τῶν
1329 3123 1503 3194 ἁγίων
1537 3127 1834 3197 προφητῶν

247 3207 301 3260 oi
330 3206 478 3275 λόγοι
505 3224 520 3272 ;
547 3207 640 3271 οὓς
665 3207 853 3284 ὥσπερ
877 3213 1032 3276 τινὰς
1061 3213 1261 3286 νοητὰς
1289 3217 1696 3282 ἀναπτύσοντες
1729 3219 1831 3272 πύο

246 3297 348 3362 λας
378 3301 446 3370 τῇ
482 3299 750 3372 ἑρμηνείᾳ
794 3303 842 3354 οί
877 3301 987 3356 τῶν
1017 3303 1253 3372 λογικῶν
1278 3305 1612 3378 θρεμμάτων
1637 3309 1832 3381 ποιμέ-

249 3389 568 3454 νες,.οῦτως
617 3390 760 3446 αὐτὰ
801 3393 898 3446 ἐπὶ
935 3389 1037 3466 τὴν
1083 3395 1302 3466 εύρεῖάν
1348 3414 1410 3452 τε
1450 3399 1544 3453 καὶ
1571 3399 1830 3472 ἀληθινὴν

246 3482 584 3552 ἀποφέρουσι
604 3482 806 3556 Θύραν,
827 3485 917 3540 τὸν
937 3487 1142 3557 Κύριον
1159 3489 1317 3560 ἡμῶν
1349 3490 1555 3561 Ἰησοῦν
1571 3494 1827 3564 Χριστὸν,

244 3575 336 3628 τὸν
355 3574 525 3638 ὃντως
556 3575 693 3646 πρὸς
737 3576 831 3630 τὸν
864 3579 1086 3652 Πατέρα
1140 3580 1428 3652 γινόμενον
1463 3585 1592 3654 ἡμῖν
1617 3585 1824 3656 θύρανο

245 3663 428 3730 καθὼς
443 3664 608 3730 αὑτός
634 3666 738 3720 πού
771 3683 988 3739 φησιν,ι
1020 3670 1161 3740 Ἐγώ
1189 3673 1304 3743 είμι
1331 3676 1364 3743 ἡ
1391 3671 1582 3747 θύρα.»
1601 3676 1756 3730 Meet
1773 3675 1832 3730 δὲ

242 3757 408 3812 πάλιν
435 3759 562 3814 οίέν
581 3763 648 3832 τῇ
675 3760 780 3832 eaq»
835 3764 1334 3836 προσριπτούμενοι
1367 3766 1435 3820 τὰ
1455 3765 1517 3832 ἐξ
1547 3768 1832 3839 αἱρετικῆς

243 3849 407 3919 τυχὸν
435 3853 744 3922 συμμορίας
777 3853 844 3906 ἂν
869 3851 982 3908 εἶεν
1009 3855 1303 3922 σκάνδαλα,
1335 3855 1372 3912 ἃ
1411 3857 1664 3932 καθάπερ
1689 3859 1830 3923 τινὲς

245 3939 383 3993 λίθοι
401 3944 467 4013 τῇ
489 3943 738 4015 ἡμετέρᾳ
764 3945 862 4014 τῆς
887 3945 1123 4012 πίστεως
1159 3949 1572 4021 παρατιθέμενα
1615 3950 1788 4021 τρίϐῳ
1813 3991 1828 4017 ,

244 4032 369 4096 τοὺς
399 4032 536 4104 πρὸς
561 4033 662 4105 τὴν
693 4035 864 4100 ὅντως
891 4032 1057 4093 οὖσαν
1082 4039 1200 4094 ὁδὸν
1227 4040 1368 4094 ίέναι
1411 4041 1664 4105 θέλοντας
1703 4043 1831 4096 ’δυσ-

247 4121 422 4187 σεὸὦς
440 4125 806 4195 προσκόπτειν
825 4132 1332 4200 παρασκευάζειοτδ
1355 4133 1480 4188 ὅσον
1505 4135 1591 4204 ἐφ’
1615 4135 1829 4200 ἑαυτοῖς

242 4213 346 4284 τὴν
366 4213 486 4270 ὁδὸν
513 4217 696 4282 αὐτοῖς
715 4219 1026 4275 ἀποκλείειν
1055 4222 1451 4290 σπουδάζοντες
1473 4241 1486 4256 ο
1506 4225 1626 4290 ὁδὸς
1653 4227 1710 4280 δὲ
1725 4228 1830 4281 πά-

239 4319 326 4358 Λιν
349 4306 378 4358 ὁ
398 4305 600 4379 Κύριος
628 4309 662 4378 ἡ
672 4308 789 4380 μῶν
828 4311 1039 4383 Ἰησοῦς
1064 4313 1319 4385 Χριστὸς,
1332 4316 1506 4390 ταύτῃ
1532 4316 1598 4372 ἂν
1631 4321 1824 4386 νοοῖτο,

233 4395 428 4462 καθώς
443 4415 608 4471 φησιν
625 4399 791 4465 αὐτός
808 4418 823 4433 ·
843 4402 926 4456 ὅτι
947 4423 966 4455 ι
990 4403 1129 4473 Ἐγώ
1148 4407 1262 4476 εἰμι
1283 4407 1316 4477 ἡ
1335 4406 1472 4478 ζωὴ,
1491 4409 1584 4462 καὶ
1600 4411 1633 4480 ὴ
1651 4410 1786 4474 ὁδός.
1802 4430 1820 4464 ι

241 4485 353 4550 Οῦς
379 4505 534 4552 τινας
571 4489 636 4562 δὴ
675 4492 988 4562 αίρετικοὺς
1031 4494 1212 4560 λίθους
1253 4497 1303 4550 οί
1333 4497 1442 4551 τῶν
1486 4499 1678 4570 ἱερέων
1707 4503 1828 4554 επι-

237 4578 512 4650 στήμονες
539 4582 838 4651 προσφυῶς
858 4600 916 4638 τε
939 4586 1034 4638 καὶ
1057 4586 1198 4656 μάλα
1229 4588 1495 4660 εὐτέχνως
1521 4591 1619 4642 σὺν
1637 4591 1827 4664 ὁδηγίᾳ

234 4669 338 4722 τοῦ
369 4669 688 4742 Πνεύματος
716 4672 820 4744 τῆς
845 4676 1121 4747 ἡμετέρας
1145 4678 1290 4744 ὁδοῦ,
1326 4679 1447 4749 ἦτοι
1471 4680 1565 4734 τοῦ
1600 4681 1827 4752 τῆςξπί-

240 4776 416 4824 στεως
447 4761 918 4836 ἀποκαθαίροντες
951 4765 1132 4836 λόγου,
1165 4769 1446 4839 πέμπουσι
1495 4771 1594 4842 μὲν
1629 4773 1826 4836 αὐτοὺς

240 4851 382 4922 πρὸς
422 4852 523 4918 τὰς
549 4853 658 4910 τῶν
699 4856 974 4927 ῥιψάντων
1000 4860 1276 4928 κεφαλάς·
1315 4860 1537 4915 εῦκολον
1574 4861 1632 4915 δὲ
1681 4863 1825 4916 οῦτω

240 4942 340 5043 fit
369 4946 736 5043 τετριμμένην
781 4949 896 5011 τοῖς
931 4948 1035 5002 ὑπὸ
1065 4953 1225 5020 χεῖρα
1272 4950 1422 5016 λαοῖς
1455 4953 1554 5024 τὴν
1596 4955 1676 5017 εἰς
1722 4955 1821 5026 τὴν
1849 4988 1890 5043 C

233 5032 360 5086 ὁδὸν
393 5033 576 5088 ἰοῦσαν
607 5037 791 5108 τρίϐον
819 5039 1255 5112 ἀπεργάζονται·
1291 5043 1366 5107 ὡς
1390 5043 1648 5099 δύνασθαι
1685 5063 1822 5117 φρο-

237 5126 350 5178 νεῖν
379 5142 438 5179 τε
465 5127 558 5180 καὶ
603 5127 784 5198 λέγειν
806 5145 822 5162 ο
858 5150 878 5183 ι
915 5129 984 5185 Ἠ
1012 5133 1158 5204 ψυχὴ
1203 5135 1364 5206 ἡμῶν
1405 5135 1481 5199 ὡς
1539 5139 1826 5208 στρουθίον

236 5213 482 5287 ὲρῤύσθη
508 5219 574 5272 ὲκ
602 5219 700 5288 τῆς
731 5221 958 5288 παγίδος
1000 5223 1110 5277 τῶν
1142 5224 1487 5297 θηρευόντων
1513 5243 1526 5256 ·
1575 5229 1607 5298 ή
1661 5231 1828 5297 παγὶς

237 5308 559 5380 συνετρίϐη,
591 5311 687 5366 καὶ
715 5314 874 5383 ἡμεῖς
903 5314 1152 5387 ὲρῤύσθη
1164 5334 1282 5386 μεν.
1321 5318 1384 5370 Ἢ
1419 5319 1641 5390 βοήθεια
1671 5323 1827 5393 ἡμῶν

237 5397 299 5450 έν
333 5397 559 5470 ὀνόματι
607 5403 834 5475 Κυρίου.
871 5425 890 5458 ι
946 5407 1079 5462 Ἰδοὺ
1127 5409 1418 5482 τοιγαροῦν
1467 5413 1497 5483 ἡ
1545 5413 1664 5468 θεία
1713 5415 1826 5469 τῶν

239 5487 432 5560 ίερέων
459 5493 733 5566 ὁμήγυρις
763 5497 1036 5554 ἀκόλουθα
1061 5499 1171 5554 τῶν
1202 5499 1362 5555 θείων
1392 5504 1642 5570 ἐντολῶν,
1679 5523 1825 5578 πσρ-

235 5595 450 5648 ιιγουσα
471 5583 706 5640 ἐνταῦθα
737 5588 1038 5660 συνέδραμε
1061 5591 1122 5644 τὸ
1156 5592 1352 5646 σεπτὸν
1387 5596 1486 5658 si;
1509 5597 1825 5662 οἰκονομίας

313 5769 330 5799 ³
365 5768 472 5826 lsa.
507 5785 653 5839 un,
696 5773 779 5827 το.
856 5777 874 5807 ¹
908 5773 1062 5834 Joan.
1103 5791 1174 5844 κ,
1214 5777 1266 5832 7.
1348 5779 1366 5812 ³
1409 5778 1564 5836 Joan.
1601 5797 1728 5852 διν,
1769 5785 1824 5838 6.

1941 2395 2140 2451 factam
2172 2396 2416 2468 gentium
2447 2411 2544 2465 per
2573 2393 2854 2448 Christum
2896 2391 3326 2460 redemptionem
3360 2390 3514 2444 valde

1939 2487 2078 2542 bene
2111 2487 2440 2558 praevidens,
2485 2496 2540 2540 et
2574 2499 2764 2539 eorum
2797 2482 2891 2552 qui
2922 2496 3021 2553 per
3061 2481 3238 2551 ipsum
3269 2480 3512 2536 salvandi

1895 2593 1900 2598 '
1937 2587 2100 2635 erant
2129 2560 2545 2634 multitudinem
2582 2592 2692 2632 non
2738 2577 3029 2647 ignorans,
3064 2583 3126 2629 ut
3165 2589 3232 2629 ex
3275 2587 3514 2644 persona
3611 2594 3616 2599 ο

1938 2666 2034 2724 Dei
2113 2669 2316 2724 alicubi
2407 2667 2788 2740 pronuntiavit
2851 2666 2938 2722 his
2983 2665 3076 2736 qui
3139 2680 3235 2736 per
3295 2664 3512 2735 singula

1936 2769 2188 2831 tempora
2233 2775 2518 2816 sacrorum
2571 2757 2882 2814 sortiuntur
2926 2756 3343 2827 praeposituram
3396 2755 3517 2810 ovi-

1937 2852 2098 2915 lium,
2133 2852 2251 2906 hac
2285 2869 2300 2907 :
2338 2868 2358 2902 ι
2385 2845 2679 2906 Ambulate
2704 2864 2802 2920 per
2825 2857 3014 2920 portas
3044 2862 3220 2909 meas,
3249 2855 3303 2902 et
3331 2845 3516 2902 ducite

1935 2942 2198 3014 populum
2223 2956 2428 3007 meum,
2447 2949 2502 2996 et
2525 2939 2736 3010 lapides
2766 2954 2796 2993 a
2823 2938 2911 2992 via
2942 2938 3194 3009 projicite
3223 2937 3262 2992 '.
3292 2955 3311 2990 ι
3351 2938 3514 3002 Qua-

1935 3046 2062 3086 nam
2097 3029 2482 3102 intelliguntur
2515 3036 2716 3098 portas,
2770 3025 2879 3082 nisi
2921 3026 3188 3081 divinitus
3235 3025 3514 3094 inspirata:

1936 3106 2254 3194 Scripturé.
2275 3133 2706 3192 sanctorumque
2731 3121 3126 3192 prophetarum
3157 3117 3359 3173 verba?
3381 3115 3514 3183 Quae

1934 3214 2199 3270 nit‘nirum
2244 3215 2402 3284 quasi
2443 3212 2712 3283 quasdam
2757 3211 3160 3268 intellectualcs
3197 3219 3385 3280 portas
3425 3225 3506 3263 ra.

1933 3305 2282 3362 tionabitium
2313 3312 2568 3376 pastores
2613 3303 2884 3374 pecudum
2935 3301 3346 3373 interpretando
3385 3315 3515 3369 ape-

1897 3439 1906 3444 .
1933 3399 2158 3466 rientes,
2179 3398 2262 3455 sic
2276 3413 2371 3454 eas
2392 3399 2459 3454 ad
2487 3398 2661 3453 latum
2686 3406 2742 3454 et
2759 3411 2947 3452 verum
2970 3395 3252 3450 adducunt
3273 3393 3500 3458 ostium,

1895 3527 1900 3532 ι
1932 3472 2184 3545 videlicet
2216 3489 2502 3548 Dominum
2561 3494 2816 3544 nostrum
2852 3484 3040 3542 Jesum
3072 3484 3390 3550 Clu-istum,
3417 3482 3513 3552 qui

1896 3631 1898 3636 .
1931 3595 2060 3635 vere
2081 3581 2148 3636 ad
2167 3581 2381 3636 Patrem
2408 3579 2566 3636 nobis
2591 3579 2771 3636 factus
2793 3587 2879 3636 est
2895 3578 3124 3641 ostium,
3148 3575 3513 3656 quemadmc-

1865 3655 1906 3709 Β
1934 3673 2062 3726 dum
2115 3672 2244 3740 ipse
2293 3671 2411 3734 ait,
2448 3672 2577 3740 quia
2627 3689 2647 3722 ι
2691 3684 2794 3740 ego
2835 3684 2956 3725 sum
3013 3665 3286 3746 ostiumta
3327 3655 3514 3720 rl‘orro

1933 3761 2140 3832 lapides
2168 3762 2261 3833 qui
2293 3762 2348 3816 in
2375 3761 2462 3816 via
2486 3761 2712 3830 proiecti
2745 3769 2895 3826 sunt,
2920 3759 3181 3814 scandala
3217 3757 3358 3812 forte
3383 3766 3513 3812 sunt

1933 3853 2204 3910 haeretica-
2235 3852 2510 3918 factionis,
2543 3867 2666 3922 quae
2692 3851 2861 3907 veluti
2888 3849 3113 3919 quidam
3144 3849 3356 3919 lapides
3385 3847 3510 3902 ﬁdei

1935 3955 2137 4001 nostra:
2165 3945 2375 4000 semitae
2404 3943 2687 4014 apposita,
2723 3958 2820 3999 eos
2859 3942 2955 4010 qui
2994 3941 3062 3996 ad
3093 3941 3375 3996 Christum
3412 3939 3511 4010 qui

1933 4053 2063 4095 vera
2111 4045 2197 4094 est
2232 4037 2360 4103 via,
2407 4049 2708 4107 properare
2750 4034 2941 4088 volunt
2967 4074 2984 4099 ,
3031 4033 3198 4102 impie
3245 4032 3512 4102 impedire

1929 4142 2271 4204 procurant,
2325 4137 2587 4200 quantum
2644 4127 2700 4182 in
2753 4141 2812 4182 se
2863 4135 2990 4192 est,
3043 4126 3148 4180 iter
3197 4125 3278 4181 cis
3312 4125 3510 4181 salutis

1935 4225 2194 4283 claudere
2233 4223 2577 4281 festinantes.
2619 4221 2944 4292 Rursusque
2974 4222 3056 4275 via
3093 4221 3212 4276 haec
3243 4219 3508 4275 Dominus

1931 4307 2123 4390 utique
2155 4327 2347 4374 noster
2379 4315 2540 4374 Jesus
2567 4315 2825 4372 Chrisms
2855 4315 3168 4386 conjicitur,
3211 4315 3352 4370 sicut
3390 4315 3508 4384 ipse

1928 4415 2043 4468 ait:
2088 4413 2219 4483 quia
2269 4429 2288 4462 ι
2324 4425 2426 4478 ego
2459 4425 2580 4464 sum
2623 4409 2731 4462 vita
2763 4417 2818 4463 et
2857 4408 2942 4462 via
2967 4409 3009 4464 ³.
3050 4427 3069 4460 ι
3109 4406 3505 4462 [hereticorum

1926 4519 2058 4573 ergo
2084 4502 2386 4568 scandalis,
2423 4515 2488 4556 ac
2539 4503 2582 4556 si
2617 4499 2942 4570 quibusdam
2972 4499 3248 4570 lapidibus
3271 4539 3286 4564 ,
3318 4513 3503 4554 sacer-

1930 4594 2120 4649 dotum
2168 4593 2512 4662 peritissimi,
2577 4593 2857 4662 ingeniose
2907 4592 3042 4646 satis
3093 4599 3147 4646 et
3205 4591 3506 4646 artiﬁciose

1928 4689 2158 4741 duclore
2197 4684 2404 4754 Spiritu
2456 4700 2486 4738 a
2519 4685 2604 4738 via
2649 4696 2868 4750 nostra,
2917 4684 2968 4738 id
3001 4692 3086 4738 est
3131 4684 3255 4738 ﬁdei
3287 4683 3504 4738 ratione

1929 4776 2177 4846 purgatis
2197 4817 2212 4840 ,
2245 4790 2356 4829 non
2385 4776 2562 4830 solum
2617 4776 2718 4830 hos
2747 4785 2938 4830 contra
2977 4777 3160 4846 capita
3187 4787 3376 4832 eorum
3410 4777 3503 4845 qui

1929 4865 2054 4920 illos
2094 4866 2378 4935 iecerant,
2424 4866 2684 4931 mittunt,
2733 4883 2920 4922 verum
2967 4869 3130 4924 etiam
3190 4871 3292 4925 hoc
3339 4872 3504 4926 modo

1928 4959 2180 5013 semitam
2216 4974 2340 5028 qua:
2395 4959 2546 5014 ducit
2600 4959 2666 5014 ad
2714 4961 2860 5015 viam
2903 4961 2982 5034 [Ῑ.
3016 4962 3226 5036 vitam!
3262 5005 3278 5029 ,
3319 4965 3504 5034 subje-

1923 5049 2028 5104 ctis
2087 5050 2337 5120 plebibus
2381 5051 2594 5107 facilem
2653 5060 2708 5106 et
2757 5054 2942 5108 tritam
2993 5055 3264 5124 cﬂlciunt;
3323 5059 3392 5112 ita
3447 5066 3504 5111 nt

1924 5141 2142 5223 possint
2189 5159 2382 5213 sapere
2420 5160 2486 5200 ac
2535 5146 2761 5202 dicere:
2818 5165 2836 5197 ι
2871 5147 3068 5204 Anima
3122 5162 3307 5206 nostra
3359 5151 3502 5210 sicut

1925 5247 2118 5303 passer
2153 5245 2340 5306 erepta
2389 5249 2473 5292 est
2517 5238 2585 5293 de
2632 5239 2826 5309 laqueo
2866 5243 3204 5296 venantium.
3247 5241 3502 5312 Laqueus

1926 5325 2199 5383 contritus
2238 5341 2357 5392 est,
2407 5339 2460 5383 et
2504 5344 2605 5385 nos
2651 5331 2864 5387 liberati
2917 5343 3124 5389 sumus.
3156 5333 3501 5404 Adjutoritnn

1929 5428 2180 5474 nostrum
2231 5421 2287 5474 in
2338 5423 2561 5480 nomine
2617 5421 2915 5480 Domitii‘.»
2958 5425 3037 5480 En
3081 5427 3247 5496 igitur
3284 5427 3503 5483 divinus

1925 5510 2274 5565 sacerdotum
2317 5523 2620 5570 conventus
2672 5515 3082 5572 Dominicoruni
3115 5517 3502 5573 mandatorum

1924 5615 2129 5673 sequax
2155 5645 2171 5672 ,
2223 5607 2329 5660 huc
2369 5623 2432 5662 ac
2478 5609 2792 5664 venerabile
2832 5609 3258 5680 dispensationis
3301 5609 3502 5666 Christi

1937 5786 1958 5819 ‘
1990 5786 2137 5846 Psal.
2171 5803 2363 5854 cum,
2391 5789 2442 5855 7,
2479 5790 2532 5845 8.
