3928 6206
300 361 432 426 1217

1483 361 1739 422 SERMO
1789 361 2348 426 LAUDATURIUS.

3431 374 3569 449 13.18

293 475 386 526 καὶ
423 471 587 542 μέχρι
617 471 712 525 τοῦ
748 471 914 543 νόμον
947 473 1241 544 σατανικῆς
1277 473 1660 544 πλημμελείας
1691 469 1873 526 ἀδυνα-

1991 472 2131 526 alius
2151 489 2278 528 vero
2295 483 2633 559 potentatum
2651 475 2716 550 [ι’.
2737 479 3140 552 potentatuum]
3161 483 3566 550 omnimodum,

299 569 430 638 μίαν
463 563 702 636 παντελῆ
725 565 1041 638 όλόθρευσὶν
1068 583 1125 619 τε
1157 568 1250 619 καὶ
1282 566 1531 636 μείωσιν.
1559 567 1749 631 Ἀλλος
1779 568 1880 641 τὴν
1901 586 1916 597 ⁸

296 657 462 710 αὐτοῦ
485 655 580 709 τοῦ
611 656 827 709 Σατανᾶ
851 655 990 726 μετά
1021 655 1242 710 καὶτῶν
1283 659 1880 729 συναποστατησάντων

294 749 446 820 αὐτῷ
483 749 756 820 δαιμόνων
787 747 1040 820 ὀλεθρίαν
1085 747 1398 802 ὑπόπτωσιν
1433 749 1543 802 ἀπὸ
1581 749 1878 822 προσώπου

296 840 388 894 τοῦ
431 839 813 911 φανησομένου
844 839 1004 902 Θεοῦ,
1039 840 1133 894 καὶ
1167 839 1266 911 τὴν
1297 839 1406 892 τῶν
1449 840 1880 913 λελυτρωμένων

295 933 452 1004 ἡμῶν
473 931 615 1004 ὑπὲρ
641 934 748 986 τῶν
778 933 859 995 εἰς
885 933 1035 1002 ἡμᾶς
1063 930 1530 1002 πραχθησομένων
1557 931 1882 1002 δαψιλεστά-

294 1043 404 1079 των
434 1023 657 1094 ἀγαθῶν
688 1023 1055 1095 ἀναφαίρετον
1079 1023 1454 1094 εὐχαριστίαν,
1481 1023 1559 1096 τῷ
1597 1023 1880 1095 λυτρωσα-

297 1119 448 1191 μένῳ
474 1118 978 1190 κομισθησομένην.
1004 1115 1234 1188 ’Έτερος
1260 1118 1323 1170 τὸ
1342 1117 1589 1195 ἑκούσιον
1613 1117 1712 1171 τοῦ
1744 1135 1880 1190 σαρ-

296 1214 564 1277 κωθέντος
587 1211 725 1268 Θεοῦ
749 1211 947 1277 πάθος,
983 1212 1080 1266 καὶ
1107 1213 1206 1282 τὴν
1240 1213 1322 1276 εἰς
1349 1212 1476 1285 ᾅδου
1504 1213 1752 1279 κάθοδον,
1785 1214 1880 1268 καὶ

295 1305 456 1370 αὖθις
495 1305 594 1377 τὴν
637 1303 700 1371 ἐξ
742 1304 872 1377 ᾅδου
922 1305 1153 1376 εὐσθενῆ
1201 1305 1566 1378 ἀνακομιδὴν,
1605 1307 1744 1377 μετά
1769 1305 1878 1360 τῶν

293 1401 408 1462 τοῖς
440 1397 710 1468 ἀφύκτοις
743 1399 953 1453 ἐκείνου
991 1399 1216 1469 δεσμοῖς
1251 1398 1636 1469 κατεχομένων
1664 1397 1876 1470 ψυχῶν.

299 1488 497 1552 Ἀλλος
526 1489 627 1559 τὴν
659 1486 756 1558 ἀφ’
789 1487 949 1560 ημῶν
991 1487 1130 1558 πρὸς
1173 1485 1268 1542 τὸν
1309 1489 1372 1541 ὲν
1413 1487 1666 1557 οὐρανοῖς
1709 1487 1878 1541 αὐτοῦ

253 1579 265 1606 ⁵
295 1583 520 1656 Πατέρα
551 1581 764 1648 ἔνδοξον
787 1580 1167 1652 ἀναφοίτησιν,
1204 1581 1300 1634 καὶ
1327 1579 1428 1652 τὴν
1457 1581 1601 1651 ἀμφί
1628 1579 1697 1634 τὰ
1725 1579 1880 1647 δεειά

293 1673 390 1729 τοῦ
437 1673 643 1746 πατρὸς
677 1671 907 1744 ἵδρυσιν.
943 1669 1174 1742 ’Έτερος
1208 1671 1307 1742 τὴν
1342 1669 1402 1736 ἐξ
1439 1671 1672 1744 οὐρανοῦ
1705 1689 1878 1726 κατα-

1987 563 2398 630 exte‘rmioium,
2421 573 2476 620 et
2503 567 2943 624 imminutionem
2963 573 3431 641 prmraricatiouis
3447 595 3568 646 qua:

1986 649 2223 706 ohtinuit
2264 655 2333 706 ah
2363 653 2557 719 Adam,
2596 667 2650 711 et
2677 657 2755 712 -in
2782 658 2957 713 Adam
2994 659 3137 716 facta
3173 671 3258 717 est
3290 679 3464 735 usque
3499 668 3566 721 ad

1989 743 2184 814 legero,
2221 755 2386 818 atque
2422 749 2680 807 diaholici
2723 753 2889 808 simul
2931 755 3138 812 delicti.
3183 758 3341 815 Alius
3385 771 3570 816 autem

1986 837 2232 906 ejusdem
2269 838 2488 896 Satanae
2535 857 2598 896 ae
2645 844 2958 900 tlxnmuum
2985 887 2998 911 ,
3035 847 3128 919 qui
3175 863 3301 904 eum
3338 866 3404 904 eo
3437 868 3573 920 apo-

1987 936 2142 984 statte
2183 929 2310 985 facti
2345 942 2496 998 sunt,
2529 935 2808 991 exitialem
2867 939 3078 994 ruinam
3139 955 3170 995 a
3227 941 3368 998 fac-ie
3401 960 3570 1014 appa-
3659 949 3664 955 “

1987 1022 2159 1076 rentis
2194 1021 2309 1089 Dei,
2346 1034 2514 1094 atque
2546 1025 3032 1099 incomparabilem
3065 1033 3368 1102 gratiarum
3395 1037 3570 1090 actio-

1987 1126 2110 1164 nem
2173 1114 2504 1185 redemptori
2537 1118 2872 1175 afferendam
2901 1137 2931 1176 a
2981 1123 3142 1179 nobis
3169 1124 3266 1194 qui
3301 1126 3573 1198 redempti

1985 1217 2202 1270 sumus,
2248 1224 2414 1278 super
2447 1211 2778 1272 largissimis
2815 1213 2976 1270 bonis
3020 1231 3146 1287 quae
3179 1217 3233 1272 in
3277 1221 3435 1278 nobis
3472 1237 3573 1290 pa-

1985 1303 2126 1349 trata
2183 1307 2331 1350 sunt.
2370 1298 2469 1352 Ast
2503 1301 2648 1354 alius
2701 1301 3070 1358 voluntariam
3130 1305 3401 1362 incarnati
3471 1307 3569 1363 Dei

1985 1387 2324 1456 passionem,
2351 1399 2405 1444 et
2445 1391 2499 1444 in
2551 1393 2828 1447 infernum
2872 1394 3328 1462 descensionem,
3361 1409 3416 1455 et
3444 1417 3572 1455 rur-

1985 1494 2081 1534 sus
2132 1496 2198 1534 ex
2265 1481 2483 1536 inferno
2531 1485 2772 1540 validum
2815 1488 3052 1544 reditum
3088 1505 3214 1545 cum
3255 1493 3572 1559 animabus,

1950 1586 2106 1639 _qua:
2136 1573 2544 1632 ittevitahilibus
2591 1579 2701 1634 illis
2736 1578 2925 1652 [forte,
2959 1582 3072 1638 illic
3101 1581 3298 1658 Ilard.]
3338 1587 3574 1643 vinculis

1987 1664 2332 1723 tenebantur.
2375 1670 2530 1723 Alius
2563 1686 2694 1726 vero
2734 1674 3042 1744 gloriosum
3071 1693 3103 1732 a
3165 1679 3330 1734 nobis
3364 1680 3431 1736 ad
3463 1681 3570 1736 Pa-

297 1766 514 1820 πτᾶσαν
535 1764 676 1834 ἡμῖν
701 1764 814 1825 τοῖς
841 1763 922 1825 εἰς
953 1761 1116 1815 αὑτὸν
1139 1760 1496 1816 πιστεύσασιν
1517 1761 1754 1832 ἄφθονον
1782 1759 1873 1816 τοῦ

1985 1764 2145 1823 trem,
2197 1760 2290 1828 qui
2347 1761 2403 1816 in
2442 1763 2600 1820 cadis
2632 1774 2738 1830 est,
2786 1781 3122 1836 regressum,
3158 1781 3215 1826 et
3269 1773 3338 1826 ad
3393 1771 3574 1828 Patris

297 1833 617 1926 Πνεύματος
651 1852 1024 1924 έπιφοίτησιν,
1055 1852 1151 1906 καὶ
1181 1853 1281 1924 τὴν
1329 1854 1408 1915 εἰς
1439 1853 1618 1906 πάντα
1649 1852 1720 1908 τά
1748 1853 1873 1926 ἔθνη

1981 1849 2261 1906 dexteram
2312 1855 2620 1910 sessionem
2657 1875 2670 1911 :
2704 1857 2848 1914 alius
2895 1871 3081 1916 autem
3134 1861 3567 1921 descendentem

297 1946 394 2001 τοῦ
440 1944 800 2016 εύαγγελικοῦ
854 1944 1216 2016 κηρύγματος
1259 1947 1572 2018 ταχυτάτην
1603 1946 1878 2019 περίοδον,

299 2039 395 2092 καὶ
435 2039 535 2110 τὴν
568 2037 819 2092 ἐντεῦθεν
854 2038 1235 2110 γεγενημένην
1268 2037 1375 2091 τῶν
1411 2037 1516 2092 ἀνὰ
1555 2037 1651 2110 τὴν
1697 2039 1880 2093 οίκου-

301 2129 470 2196 μένην
499 2125 733 2182 εἰδώλων
764 2127 1004 2198 παντελῆ
1035 2127 1378 2198 όλόθρευσιν,
1403 2127 1492 2182 διὰ
1526 2127 1629 2198 τῆς
1663 2126 1880 2200 πρῶτον

295 2220 392 2274 ἕνα
424 2221 519 2274 καὶ
554 2221 718 2290 μόνον
743 2219 1000 2292 ἀληθινὸν
1023 2218 1158 2273 Θεὸν
1180 2218 1335 2291 ἡμῶν
1368 2221 1620 2291 καθαρᾶς
1651 2219 1880 2276 ἀνανεύ-

297 2329 459 2377 σεως,
505 2313 601 2367 καὶ
640 2312 743 2386 τῆς
776 2312 1059 2367 ἀνενδάτου
1109 2311 1207 2366 καὶ
1241 2310 1531 2384 διηνεκοῦς
1569 2311 1708 2384 πρὸς
1742 2311 1879 2368 ὅλων

293 2401 748 2474 ἀναστησομένης
779 2401 930 2470 αὐτῷ
955 2399 1098 2455 κατὰ
1125 2401 1306 2472 πάσης
1330 2399 1432 2472 τῆς
1461 2401 1565 2472 γῆς
1597 2403 1789 2468 νοερᾶς
1817 2419 1877 2456 τε

295 2489 390 2545 καὶ
434 2489 812 2562 πνευματικῆς
859 2489 1155 2562 λατρείας·
1189 2489 1350 2544 ἅτινα
1378 2490 1558 2544 πάντα
1593 2493 1710 2555 τοῖς
1752 2493 1880 2545 ἐαυ-

293 2582 406 2636 τῶν
431 2583 646 2654 καιροῖς
687 2584 756 2654 τῇ
783 2581 1014 2652 ἀληθείᾳ
1043 2581 1550 2652 συνεπεράνθησαν,
1582 2583 1678 2637 καὶ
1725 2583 1879 2650 τέλος

294 2674 687 2730 εὐκλεέστατον
709 2673 974 2738 ἐδέξαντο.
1004 2673 1273 2727 Ἄκουσον
1291 2673 1586 2746 τοιγαροῦν
1609 2673 1707 2728 τοῦ
1733 2675 1879 2730 Παύ-

295 2767 388 2820 λου
417 2765 824 2837 μεγαλοφώνως
855 2764 1184 2843 ἐμϐοῶντος,
1220 2765 1316 2820 καὶ
1342 2767 1442 2837 τὴν
1465 2766 1726 2839 ἀλήθειαν
1751 2768 1875 2822 τού-

294 2875 408 2922 τοις
444 2856 960 2930 ἑπισφραγίζοντοςο
1000 2874 1019 2908 ι
1049 2855 1183 2920 Θεὸς
1212 2855 1534 2928 ἐφανερώθη
1580 2861 1640 2912 ὲν
1689 2861 1876 2930 σαρκί,

295 2957 592 3030 ἐδικαιώθη
619 2961 680 3012 ὲν
711 2957 1008 3030 πνεύματι,
1036 2957 1194 3030 ὤφθη
1220 2959 1498 3028 ἀγγέλοις,
1520 2958 1798 3030 ἐκηρύχθη
1820 2961 1879 3013 ἀν

296 3065 530 3130 ἔθνεσιν,
562 3061 860 3134 ἐπιστεύθη
889 3064 948 3116 ὲν
986 3062 1200 3135 κόσμῳ,
1234 3064 1510 3138 ἀνελήφθη
1560 3066 1620 3119 ὲν
1659 3063 1808 3140 δόξῃ.
1851 3083 1872 3118 ι

1980 1941 2048 1996 de
2075 1944 2215 1999 coelo
2255 1945 2417 2002 nobis
2437 1949 2722 2014 collatum.
2757 1951 2851 2022 qui
2880 1952 2933 2006 in
2957 1951 3113 2008 illum
3143 1955 3421 2010 credimus
3451 1957 3574 2012 sine

1981 2035 2211 2101 invidia,
2239 2036 2482 2110 Spiritus
2522 2042 2856 2110 adventum;
2893 2054 2947 2100 et
3009 2047 3062 2100 in
3121 2061 3314 2102 omnes
3374 2061 3569 2120 gentes

1978 2131 2311 2200 evangelicae
2337 2135 2751 2202 praedicationis
2783 2137 3083 2193 circuitum
3111 2140 3520 2198 velocissimum
3551 2161 3566 2198 :

1979 2227 2034 2274 et
2069 2221 2216 2291 quod
2249 2222 2380 2278 hinc
2411 2223 2618 2281 factum
2657 2235 2742 2282 est
2771 2243 2869 2297 per
2911 2228 3102 2284 orbem
3137 2239 3409 2288 terrarum
3448 2233 3568 2289 ido-
3627 2302 3642 2323 χ

1980 2311 2155 2369 lorum
2212 2317 2591 2374 omnimodum
2640 2320 3082 2389 exterminium,
3147 2339 3247 2394 per
3307 2327 3568 2382 mundam

1977 2405 2345 2462 reversionem
2376 2409 2445 2464 ad
2485 2425 2654 2464 unum
2693 2419 2748 2466 et
2769 2411 2946 2467 solum
2974 2429 3167 2471 verum
3226 2414 3398 2471 Deum
3464 2433 3568 2474 no-

1980 2504 2153 2549 strum
2205 2495 2490 2564 effectam,
2525 2509 2692 2572 atque
2727 2502 3236 2574 impraetermissam
3283 2518 3339 2562 et
3381 2507 3566 2580 jugem

1979 2584 2220 2650 latriam,
2257 2603 2378 2656 qua:
2431 2589 2574 2646 illia
2606 2592 2770 2648 nobis
2833 2609 2934 2665 per
2989 2595 3306 2653 universam
3365 2607 3566 2656 terram

1979 2675 2402 2748 intelligihiliter
2425 2686 2480 2735 et
2501 2679 2826 2751 spiritaliter
2863 2685 3176 2740 exhibetur.
3203 2685 3338 2756 Quae
3381 2691 3570 2746 omnia

1980 2768 2210 2826 veritate
2257 2773 2600 2842 temporibus
2641 2777 2763 2831 suis
2795 2778 3094 2834 terminata
3131 2790 3282 2847 sunt,
3312 2793 3364 2838 et
3399 2783 3566 2840 tinem

1979 2859 2446 2929 gloriosissimum
2488 2878 2876 2936 susceperunt.
2922 2869 3064 2926 Audi
3116 2872 3284 2944 igitur
3333 2872 3567 2933 Paulum

1981 2965 2176 3023 magna
2219 2967 2354 3009 voce
2378 2953 2734 3024 clamantem,
2763 2967 2819 3016 et
2848 2945 3132 3019 veritatem
3171 2966 3328 3022 istam
3364 2983 3525 3026 cerro
3547 2999 3568 3011 ο

1981 3041 2264 3100 borantem
2297 3063 2310 3102 :
2348 3066 2367 3098 ε
2410 3047 2552 3104 Deus
2594 3051 2978 3110 manifestatus
3003 3065 3090 3111 est
3112 3056 3165 3112 iu
3190 3072 3376 3128 carne,
3403 3060 3569 3130 justi-

304 3169 370 3222 ’Ὡ
393 3167 494 3236 τῆς
521 3165 617 3220 τοῦ
647 3157 976 3220 διδασκάλου
1027 3135 1438 3237 μεγαληγορίας
1465 3167 1478 3219 !
1512 3165 1670 3232 Θεὸς,
1705 3135 1868 3238 φησὶν

1983 3135 2179 3192 ﬂeatus
2211 3147 2296 3193 est
2339 3139 2395 3194 in
2435 3141 2654 3210 spiritu,
2688 3145 2942 3214 apparuit
2972 3147 3203 3218 angelis,
3237 3152 3565 3220 praedicatus

295 3259 614 3333 ἐφανερώθη
645 3261 706 3314 ιν
735 3261 920 3331 σαρκὶ,
947 3259 1009 3314 τὸ
1033 3263 1253 3314 πάντων
1280 3257 1390 3312 τῶν
1425 3257 1647 3327 ἀγαθῶν
1683 3259 1876 3324 αίτιον,

295 3357 331 3428 ὴ
381 3351 735 3416 ἀνέκλειπτος
780 3350 980 3420 δωρεά,
1033 3353 1062 3404 ό
1109 3349 1498 3418 διαυγέστατος
1547 3347 1796 3414 πλοῦτος.
1817 3353 1874 3434 ,ἠ

291 3449 518 3513 ἀένναος
582 3445 692 3500 τῶν
749 3443 1126 3512 ἀναφαιρέτων
1182 3441 1536 3514 χαρισμάτων
1595 3443 1746 3514 πηγὴ
1767 3481 1782 3506 ,
1841 3444 1876 3513 ἠ

291 3541 592 3612 ἀκόρεστος
645 3537 757 3590 τῶν
833 3535 1142 3588 πεινώντων
1199 3533 1396 3604 τροφὴ,
1436 3534 1465 3586 ό
1523 3530 1586 3597 ἐξ
1643 3532 1876 3603 οὐρανοῦ

289 3630 553 3698 ζωοποιὺς
596 3630 782 3702 ἄρτος,
818 3627 880 3680 τὸ
908 3625 1132 3680 ἀένναον
1165 3623 1276 3678 τῶν
1316 3623 1593 3694 διψώντων
1636 3625 1875 3696 ῥεῖθρον,

289 3725 350 3792 ἐξ
387 3716 452 3780 οὗ
482 3726 512 3779 ὁ
551 3724 720 3776 πίνων
763 3721 825 3774 οὐ
867 3718 942 3790 μὴ
976 3718 1178 3790 διψήσῃ
1225 3719 1308 3780 εἰς
1345 3716 1437 3771 τὸν
1479 3717 1671 3772 αἰῶνα.
1707 3713 1907 3784 Οὗτος·

287 3815 610 3889 ἐφανερώθη
681 3816 742 3866 ὲν
786 3812 986 3882 σαρκί·
1028 3809 1165 3864 ἀλλά
1208 3808 1305 3864 καὶ
1354 3821 1434 3874 τῳ
1473 3810 1686 3882 κόσμῳ,
1707 3811 1888 3882 φησὶν,

286 3906 604 3976 ἐπιστεύθη.
675 3979 682 3986 .

349 4155 483 4218 HG);
511 4152 808 4223 ἐπιστεύθη
841 4153 900 4206 ὲν
925 4150 1151 4222 κόσμῳς
1193 4149 1336 4212 εἰπὲ,
1381 4143 1426 4205 ὦ
1477 4149 1867 4222 μακαριώτατε

277 4247 488 4312 Παῦλε,
524 4245 734 4318 μύησον
774 4243 872 4298 καὶ
900 4243 1050 4313 ἡμᾶς
1091 4243 1156 4296 ἐκ
1195 4242 1304 4296 τῶν
1347 4243 1600 4314 ἀρρήτων
1638 4243 1867 4298 ἐκείνων

283 4339 499 4411 φωνῶν,
529 4331 606 4393 ὧν
639 4339 698 4392 ὲν
727 4337 839 4400 τοξ
863 4333 1129 4404 ἀφύκτοις
1179 4334 1274 4388 τοῦ
1326 4335 1660 4406 παραδείσου
1694 4337 1866 4409 ἐμυή-

282 4435 416 4506 θηςο
449 4429 722 4504 πρόστηθι
747 4429 844 4484 καὶ⁵
872 4427 967 4482 νῦν
991 4425 1086 4480 τοῦ
1115 4427 1495 4498 κηρύγματος,
1527 4421 1590 4481 οῦ
1619 4429 1863 4482 ἐπιστεύ-

1981 3239 2062 3283 est
2086 3230 2365 3300 gentibus,
2399 3233 2640 3290 creditus
2669 3245 2753 3291 est
2783 3235 2837 3290 in
2865 3239 3094 3306 mundo,
3135 3253 3455 3313 assumptus
3479 3255 3567 3300 est

1981 3321 2034 3374 in
2063 3322 2236 3392 gloria
2264 3325 2304 3380 ⁸.
2343 3343 2360 3376 ι
2395 3325 2440 3380 0
2471 3327 2654 3398 magni
2681 3328 2930 3386 doctoris
2951 3330 3208 3388 aﬂ'ectum
3250 3333 3562 3411 {atratum}!

1980 3411 2147 3478 Deus,
2197 3414 2394 3485 inquit,
2439 3417 2823 3476 manifestatus
2867 3431 2952 3477 est
2983 3422 3038 3477 in
3079 3439 3266 3493 carne,
3298 3429 3445 3498 quod
3481 3439 3568 3485 est

1976 3505 2223 3558 omnium
2259 3506 2532 3562 bonorum
2573 3523 2761 3574 causa,
2805 3511 3129 3572 indeﬂciens
3165 3516 3409 3586 donatio,
3445 3521 3564 3577 suf-

1977 3591 2370 3651 ﬁeientissimae
2397 3597 2622 3661 divitiae.
2670 3602 2925 3670 perennis
2967 3620 3078 3660 non
3131 3607 3564 3666 auferendorum

1975 3683 2371 3740 charismatum
2429 3688 2572 3756 l'oos,
2630 3690 2960 3749 insatiabilis
3007 3699 3366 3754 esurientium
3411 3719 3562 3769 esca,

1975 3775 2228 3831 viviﬁcus
2253 3776 2322 3831 de
2351 3778 2490 3832 caelo
2534 3783 2711 3849 panis,
2739 3783 2888 3852 jugis
2941 3785 3247 3844 sitientinm
3284 3792 3460 3858 rivus,
3485 3810 3556 3850 ex

1971 3883 2083 3936 quo
2110 3867 2205 3936 qui
2248 3867 2468 3934 biberit,
2509 3884 2621 3924 non
2669 3872 2817 3926 sitiet
2864 3875 2915 3926 in
2951 3884 3214 3931 aatcrnum
3246 3879 3286 3934 ⁷.
3320 3879 3418 3936 His
3443 3898 3561 3938 ma-

1971 3957 2260 4014 nilestatus
2289 3967 2373 4014 est
2412 3959 2467 4012 in
2499 3974 2662 4016 carne
2701 3979 2715 4016 :
2761 3963 2854 4019 sed
2895 3973 2949 4018 et
2979 3968 3207 4033 mundo,
3237 3971 3336 4036 ait,
3377 3961 3558 4030 credi-

1969 4062 2059 4109 tus
2094 4061 2200 4109 est.

2041 4142 2328 4212 Quomodo
2395 4145 2636 4203 creditus
2685 4155 2773 4204 est
2833 4149 2888 4203 iu
2945 4152 3183 4208 mundo?
3237 4156 3347 4223 die,
3401 4157 3559 4216 beate

1967 4233 2170 4302 Paule;
2198 4233 2383 4289 imbue
2407 4243 2463 4289 et.
2482 4250 2585 4292 nos
2605 4251 2673 4290 ex
2696 4239 2914 4295 arcanis
2943 4240 3050 4296 illis
3083 4245 3328 4312 vocibus,
3353 4248 3556 4318 quibus

1967 4328 2025 4385 in
2061 4327 2260 4384 abditis
2297 4329 2538 4399 paradisi
2578 4329 2824 4387 imbutus
2857 4347 2948 4400 es;
2993 4335 3179 4392 imbue
3207 4339 3373 4394 etiam
3406 4357 3554 4398 nunc

1963 4419 2374 4490 praedicatione,
2429 4419 2589 4490 cujus
2618 4421 2862 4489 creditus
2915 4439 2975 4478 es
3025 4425 3079 4478 in
3130 4441 3322 4484 omnes
3361 4444 3554 4500 gentes

280 4525 383 4596 θης
423 4527 505 4588 εἰς
543 4523 728 4578 πάντα
753 4523 823 4576 τά
849 4521 978 4592 ἔθνη
1008 4518 1268 4591 κηρύξαι,
1301 4519 1396 4574 καὶ
1425 4519 1724 4584 ἀπόστολος
1773 4539 1868 4591 γε·

1975 4511 2298 4581 praedicator
2327 4519 2382 4565 et
2409 4510 2694 4580 apostolus
2723 4511 2860 4566 ﬁeri.
2900 4511 3128 4572 Infunde
3157 4523 3412 4589 prmscuti
3446 4523 3550 4580 Ec-

280 4618 490 4674 .Iéaeat.
521 4618 798 4688 -Πήγασον
855 4617 922 4686 τῇ
979 4611 1232 4684 παρούσῃ
1279 4613 1581 4686 Ἐκκλησία
1629 4613 1720 4667 τὸν
1764 4615 1866 4686 τῆς

279 4709 536 4780 ἀληθείας
553 4707 734 4774 λόγον,
757 4705 1066 4760 καὶοσὸέσον
1086 4703 1184 4767 τὰς
1215 4704 1414 4776 νοητὰς
1435 4704 1546 4758 τῶν
1564 4703 1864 4775 αίρετιξόν-

274 4818 388 4856 των
431 4799 584 4870 ὄψεις
609 4815 622 4828 °
661 4797 738 4863 ὦς
777 4814 910 4851 ποτε
953 4795 1160 4868 Ἐλύμα
1188 4796 1284 4850 τοῦ
1319 4795 1520 4868 μάγου.
1567 4797 1862 4867 Τράνωσον

281 4893 422 4966 μετά
449 4889 768 4962 παρρησίας
800 4888 863 4942 τὺ
895 4889 994 4958 τῆς
1025 4889 1342 4958 οἰκονομίας
1389 4889 1713 4960 μυστήριον.
1745 4891 1857 4943 Δα-

277 4985 391 5050 λεῖς
423 4985 532 5054 γάρ
560 4985 656 5038 καὶ
693 4983 833 5055 μετὰ.
861 4981 1114 5046 θάνατον,
1153 4981 1338 5050 φωνῆς
1373 4981 1727 5052 ὑψηλότερον,
1761 4983 1858 5036 κα).

277 5066 524 5149 ινεργεῖς
550 5074 628 5146 τῷ
659 5072 933 5143 πνεύματι
976 5075 1077 5126 ὅσα
1108 5073 1202 5126 καὶ
1237 5072 1438 5143 βούλει.
1475 5073 1605 5139 Καὶ,
1635 5075 1800 5144 φησὶν
1829 5076 1858 5130 ὁ

273 5165 618 5231 διδάσκαλος,
651 5183 669 5216 ι
704 5163 860 5234 Ἐμοὶ
888 5163 970 5233 τῷ
998 5161 1398 5233 ἐλαχιστοτέρῳ
1435 5163 1658 5218 πάντων
1683 5165 1856 5233 ἁγίων

273 5255 430 5328 ἐδόθη
481 5257 515 5328 ἡ
561 5256 722 5327 χάρις
757 5253 898 5324 αῦτη
928 5255 986 5306 ὲν
1010 5254 1124 5315 τοῖς
1146 5251 1365 5307 ἔθνεσιν
1394 5253 1854 5322 εὐαγγελίσασθαι

272 5349 368 5403 τὸν
399 5343 808 5419 ἀνεξιχνίαστον
832 5344 1067 5426 πλοῦτον.
1086 5345 1180 5398 τοῦ
1207 5345 1466 5415 Χριστοῦ,
1499 5347 1592 5400 καὶ
1621 5347 1854 5416 φωτίσαι

273 5442 506 5504 πάντας,
539 5441 626 5506 τίς
663 5442 698 5512 η
736 5438 1023 5507 οἰκονομία
1050 5437 1146 5492 τοῦ
1179 5437 1482 5510 μυστηρίου
1521 5437 1614 5492 τοῦ
1647 5439 1855 5494 ἀποκει-

271 5532 596 5606 κρυμμένου
626 5533 736 5588 ἀπὸ
759 5531 866 5585 τῶν
890 5530 1104 5586 αἰώνων
1131 5532 1191 5584 ὲν
1218 5529 1298 5602 τῷ
1319 5531 1459 5602 Θεῷ,
1480 5529 1559 5600 τῷ
1583 5533 1648 5586 τὰ
1675 5533 1850 5586 πάντα

271 5621 544 5674 κτίσαντι.
581 5638 600 5672 ι
647 5619 942 5690 Τοιγάρτοι
979 5617 1278 5697 ἀκούσατεο
1318 5639 1336 5670 ι
1373 5621 1716 5690 Ἐπιστεύθη,
1771 5617 1848 5675 εἴ·

343 5797 676 5854 ⁸1Τίιηυιίι.
715 5811 798 5864 ιιι,
834 5796 922 5853 10.

1019 5799 1038 5829 ⁷
1069 5795 1429 5866 Joan.tv,13,
1487 5801 1507 5834 ³
1536 5805 1657 5858 Act.
1695 5819 1812 5859 xm.
1843 5803 1896 5858 8.

1969 4603 2149 4659 clesiae
2187 4602 2432 4656 veritatis
2471 4603 2720 4658 verbum.
2756 4605 3042 4672 exstingue
3073 4611 3344 4678 spiritales
3379 4616 3546 4672 hanc.

1969 4695 2201 4748 ticorum
2257 4694 2427 4756 visus,
2480 4703 2536 4746 ut
2585 4695 2858 4762 quondam
2915 4696 3115 4768 Elymtc
3155 4703 3298 4772 magi
3335 4704 3357 4736 ⁸
3398 4724 3411 4760 :
3450 4723 3549 4761 (ιχ-

1965 4787 2139 4858 ptime
2180 4800 2303 4841 cum
2346 4785 2544 4839 ﬁducia
2590 4786 3013 4856 dispensationis
3045 4795 3386 4863 mysterium.
3436 4797 3546 4853 ιο-

1961 4879 2147 4948 queris
2169 4879 2314 4932 enim
2350 4878 2511 4932 etiam
2541 4887 2663 4947 post
2701 4892 2934 4936 mortem
2973 4899 3136 4941 voces
3165 4891 3543 4958 excellentius,

1959 4980 2013 5027 et
2053 4971 2298 5041 Operaris
2337 4971 2391 5024 in
2421 4971 2612 5040 spiritu
2643 4987 2982 5044 quaecunque
3009 4975 3116 5033 vis.
3155 4977 3330 5036 Etiam
3368 4984 3546 5054 inquit

1957 5063 2152 5119 doctor
2177 5077 2194 5118 :
2231 5080 2251 5115 ι
2281 5062 2412 5118 Mihi
2440 5062 2670 5118 minimo
2692 5065 2937 5120 omnium
2970 5079 3286 5127 sanctorum
3309 5075 3435 5128 data
3459 5090 3544 5132 est

1953 5158 2129 5230 gratia
2165 5157 2278 5212 haec
2319 5157 2372 5211 in
2416 5157 2692 5227 gentibus,
2737 5161 3149 5232 evangelizandi
3181 5165 3432 5220 videlicet
3458 5169 3546 5221 in-

1953 5249 2306 5321 vestigahiles
2336 5248 2558 5304 divitias
2587 5249 2815 5318 Christi,
2847 5261 2900 5308 et
2947 5255 3289 5310 illuminandi
3321 5272 3539 5321 omnes,

1963 5359 2028 5399 ac
2079 5342 2337 5406 docendi,
2379 5357 2502 5412 quae
2541 5343 2612 5396 sit
2643 5343 2983 5414 dispensatio
3029 5349 3270 5417 mysterii
3308 5349 3542 5405 abscono

1961 5436 2060 5491 diti
2101 5451 2131 5490 a
2165 5433 2379 5490 steculis
2428 5450 2458 5488 a
2521 5431 2770 5501 Domino,
2823 5439 2915 5506 qui
2971 5439 3150 5492 omnia
3225 5441 3476 5498 ereavit’.
3513 5461 3534 5497 ι

1961 5528 2304 5596 Quapropter
2335 5524 2557 5591 audite:
2590 5543 2607 5574 ι
2637 5525 2892 5580 Creditus
2913 5536 3015 5591 est,
3039 5527 3198 5592 dixit,
3220 5529 3274 5584 in
3308 5531 3535 5597 mundo,

1961 5617 2327 5676 reconcilians
2353 5618 2538 5670 omnia
2577 5617 2630 5670 in
2673 5618 2988 5687 semetipso,
3029 5629 3082 5674 et
3117 5621 3412 5692 paciﬁcans
3443 5639 3540 5693 per

1975 5801 1996 5833 ⁹
2026 5799 2224 5870 Ephcs.
2260 5811 2340 5861 ιιι,
2375 5796 2432 5856 8.
2464 5795 2516 5850 9.
