3928 6206
419 251 554 318 1319

1405 259 1810 322 EPIPHANII
1843 257 2316 323 CATANENSIS
2339 253 2650 321 DIACONI

3549 255 3704 322 11320

414 365 734 438 sanguinem
767 367 944 423 crucis
975 381 1110 434 suae,
1141 348 1408 439 sive'qua:
1443 369 1497 424 in
1531 378 1708 433 terra,
1725 371 1840 424 sive
1867 383 1978 440 qua

2095 385 2218 433 πον,
2245 371 2302 423 ἐν
2331 368 2546 440 κόσμῳ.
2575 365 3034 432 ἀποκαταλλάξας
3066 364 3138 420 τὰ
3167 366 3348 422 πάντα
3381 367 3463 432 είς
3494 367 3718 424 ἑαυτὸν

412 458 468 512 in
499 457 653 514 caelis
699 467 829 512 sunt
865 457 930 513 '°.
977 476 998 510 ι
1039 456 1086 514 Ο
1119 459 1410 514 sublimem
1467 461 1606 515 hanc
1643 459 1990 529 prmdicatio-

414 549 576 605 nem!
617 547 662 604 0
697 549 1119 606 inenarrabilem
1153 551 1315 608 istam
1349 551 1821 609 misericordiam!
1860 550 1994 606 Uni-

411 643 627 714 genitus
654 641 826 698 Filius
854 642 948 698 Dei
979 643 1165 699 omnia
1200 645 1256 700 in
1280 645 1464 716 seipso
1501 644 1867 716 reconcilians
1893 659 1991 716 pa-

409 730 643 786 cilicavit
679 746 778 801 per
819 732 1141 804 sanguinem
1190 733 1370 789 crucis
1419 748 1554 791 suae.
1599 732 1668 790 Et
1715 734 1990 805 quomodo

409 823 630 894 quidam
670 832 795 893 post
833 832 1040 878 tantam
1098 822 1428 880 ineffabilem
1484 825 1988 882 reconciliationem

409 929 510 970 nos
549 912 663 968 fieri
705 913 950 984 priorum
1008 913 1400 970 seditiosorum
1444 915 1796 974 inimicorum
1837 914 1988 972 amr-

408 1003 592 1060 mant?
655 1001 940 1071 Quomodo
1005 1015 1127 1076 post
1185 1005 1350 1062 unius
1404 1015 1460 1062 et
1507 1008 1682 1064 solius
1720 1009 1834 1066 veri
1894 1009 1986 1064 Dei

406 1095 740 1166 agnitionem
779 1097 1010 1151 adorare
1051 1095 1196 1151 idola
1239 1097 1592 1156 Christianos
1641 1100 1827 1156 dicere
1863 1103 1984 1156 ausi

407 1197 537 1242 sunt
558 1187 582 1241 ?
601 1186 912 1243 Praesertim
938 1203 1062 1243 cum
1094 1189 1360 1260 propheta
1381 1191 1758 1248 omnimodam
1785 1192 1984 1249 horum

370 1278 896 1345 ,eomminutionem
937 1281 1343 1350 quodammodo
1401 1283 1638 1350 clamet,
1689 1295 1745 1340 et
1789 1285 1983 1342 dicat:

410 1390 429 1423 ‹
476 1369 533 1426 Ιιι
567 1371 656 1427 die
693 1372 783 1426 illa
839 1372 1124 1442 apparebit
1179 1373 1462 1439 Dominus,
1497 1383 1552 1429 et
1603 1378 1988 1432 exterminabit

402 1464 535 1519 deos
574 1463 816 1534 gentium
854 1473 1011 1518 terra:
1041 1481 1054 1516 :
1087 1473 1141 1518 et
1171 1464 1420 1519 adorabit
1451 1479 1578 1520 eum
1607 1468 1984 1539 unusquisque

403 1555 470 1609 de
498 1553 622 1609 loco
650 1569 772 1619 suo,
807 1568 998 1609 omnes
1023 1554 1219 1608 insulae
1243 1557 1486 1624 gentium
1516 1557 1583 1611 ¹¹.
1631 1575 1650 1607 ι
1691 1556 1828 1613 Ecce
1853 1559 1984 1614 sub-

403 1644 714 1699 versionem
741 1644 1037 1706 idolorum,
1069 1653 1124 1699 et
1154 1645 1262 1699 Deo
1293 1645 1680 1702 celebrandam
1708 1649 1982 1707 adoratio-

2095 458 2192 513 καὶ
2219 458 2649 529 εἰρηνοποιήσας
2677 456 2768 511 διά
2799 455 2893 510 τοῦ
2928 457 3164 528 αἵματος
3191 457 3288 512 τοῦ
3315 459 3562 531 σταυροῦ
3597 460 3720 515 ai-

2093 548 2211 612 τοῦ,
2237 551 2346 603 εἴτε
2373 551 2442 604 τὰ
2475 550 2570 603 ἐπὶ
2599 549 2702 618 τῆς
2734 551 2840 621 γῆς
2878 548 2992 602 είτε
3019 549 3090 603 τὰ
3117 551 3177 604 ἐν
3205 552 3320 614 τοῖς
3351 551 3646 623 οὐρανοῖς.
3687 570 3716 604 ι

2097 639 2164 692 Ὢ
2208 639 2305 693 τοῦ
2346 638 2555 711 ὑψηλοῦ
2588 639 2784 695 τοῦτου
2828 638 3217 713 κηρύγματοςί
3247 635 3293 695 ῶ
3321 641 3424 711 τῆς
3473 641 3724 699 ἀνεκδιε

2093 730 2306 799 ηγήτου
2354 729 2562 799 ταύτης
2609 729 3050 802 φιλανθρωπίας.
3107 729 3169 787 ’0
3217 731 3525 803 μονογενὴς
3573 731 3724 796 Tib;

2089 819 2185 874 τοῦ
2215 819 2350 874 Θεοῦ
2381 821 2451 874 τὰ
2486 821 2663 875 πάντα
2692 823 2776 885 είς
2810 821 3008 876 ἐαυτὸν
3044 821 3510 900 ἀποκαταλλάξας
3540 823 3723 894 εἰρη-

2091 909 2352 980 νοποίησε
2397 909 2488 964 διά
2519 909 2615 964 τοῦ
2648 910 2885 981 αἵματος
2930 909 3030 964 τοῦ
3065 909 3306 981 σταυροῦ
3337 909 3515 964 αὑτοῦ
3538 925 3554 938 ·
3608 913 3724 964 καὶ

2089 1002 2210 1066 πῶς
2251 1019 2399 1066 τινες
2438 1001 2578 1072 μετά
2616 1001 2716 1073 τήν
2743 1001 3016 1073 τοσαύτην
3057 1002 3438 1074 ἀνέκφραστον
3490 1002 3725 1056 κατα).-

2089 1095 2284 1168 λαγήν,
2347 1095 2454 1150 ὑπὸ
2498 1098 2659 1168 χεῖρα
2703 1094 2814 1150 τῶν
2857 1096 3031 1152 πάλαι
3082 1096 3428 1151 στασιαστῶν
3476 1097 3724 1168 ἐχθρῶν

2089 1192 2238 1262 ἡμᾶς
2263 1189 2520 1260 γενέσθαι
2543 1189 3008 1263 διῖσχυρίζονταις
3039 1190 3160 1254 πῶς
3183 1191 3322 1261 μετά
3351 1191 3459 1261 τὴν
3489 1193 3586 1254 είς
3615 1189 3724 1244 τδν

2085 1279 2185 1334 ἕνα
2241 1281 2339 1334 καὶ
2389 1279 2553 1351 μόνον
2597 1279 2854 1350 ἀληθινὸν
2895 1279 3034 1334 Θεὸν
3084 1281 3385 1349 ἐπίγνωσιν
3448 1279 3725 1345 εἰδώλοις

2087 1371 2217 1432 τοὺς
2248 1370 2613 1440 Χριστιανοὺς
2645 1369 3028 1442 προσκυνῆσαι
3057 1371 3234 1424 είπεῖν
3270 1369 3719 1441 τετολμήκασις

2087 1459 2268 1512 καίτοι
2294 1457 2388 1512 τοῦ
2413 1458 2696 1530 προφήτου
2724 1457 2824 1529 τήν
2851 1458 3092 1530 παντελῆ
3118 1459 3328 1514 τούτοιν
3354 1461 3720 1530 ἐκμείωσιν,

2087 1550 2282 1622 ὥσπερ
2331 1549 2677 1616 ἀναϐοῶντος
2713 1552 2812 1604 καὶ
2857 1543 3111 1621 λέγοντος
3135 1568 3150 1584 ο
3190 1571 3210 1604 ι
3254 1553 3346 1606 Ἐν
3383 1556 3456 1624 τῇ
3499 1555 3722 1625 ἡμέρᾳ

2086 1641 2274 1714 ἐκείνῃ
2307 1641 2706 1712 ἐπιφανήσεται
2753 1640 2987 1713 Κύριος,
3027 1644 3122 1698 καὶ
3147 1641 3544 1716 ἐξολοθρεὺσει
3574 1647 3722 1710 τοὺς

403 1751 526 1791 nem
557 1737 626 1792 ab
676 1751 1010 1807 unoquoque
1047 1737 1114 1791 de
1154 1737 1274 1792 loco
1327 1752 1429 1794 suo
1467 1739 1797 1797 audivimus.
1833 1741 1978 1808 Quo-

2087 1709 2383 1796 θεοὺς-,τῶν
2413 1709 2586 1788 ἐθνῶν
2614 1733 2714 1805 τῆς
2745 1709 2883 1804 ο
2917 1735 3012 1789 καὶ
3056 1709 3561 1808 προσκυνήσουσιν
3609 1709 3722 1792 a6;-

399 1827 566 1883 modo
621 1826 787 1898 igitur
849 1843 948 1883 nos
987 1827 1080 1898 qui
1151 1827 1255 1884 hoc
1309 1828 1563 1900 agimus,
1619 1831 1984 1890 idololatriam

399 1933 657 1975 exercere
687 1919 1050 1976 accusamur?
1078 1918 1212 1986 Quis
1239 1929 1424 1976 autem
1464 1932 1519 1978 et
1545 1925 1772 1980 omnino
1801 1937 1986 1996 posset

399 2011 455 2064 in
481 2009 863 2080 antiquitatem
903 2010 1172 2066 idolorum
1224 2027 1467 2068 errorem
1507 2029 1775 2072 renovare
1820 2031 1985 2088 super

401 2103 649 2158 terram?
677 2101 735 2158 Si
767 2103 912 2158 enim
953 2103 1277 2174 nequissimi
1313 2104 1592 2162 daemones
1619 2108 1712 2178 qui
1743 2123 1839 2178 per
1869 2111 1985 2168 haec

400 2197 712 2266 placantur,
753 2195 858 2252 hoc
888 2194 1068 2252 facere
1106 2206 1360 2266 possunt,
1409 2200 1685 2269 quomodo
1739 2215 1848 2256 non
1887 2202 1983 2258 de-

399 2297 642 2346 struetur
698 2297 872 2343 totum
931 2288 1358 2358 dispensationis
1411 2291 1756 2362 mysterium,
1793 2303 1982 2352 sancta

396 2380 689 2437 manifeste
739 2381 1012 2436 clamante
1067 2380 1350 2451 Scriptura
1391 2399 1406 2437 :
1452 2399 1472 2433 ι
1516 2381 1653 2450 Quia
1709 2385 1982 2455 percussit

397 2472 654 2528 inimicos
684 2485 816 2527 suos
853 2471 908 2525 in
939 2471 1245 2542 posteriora
1267 2471 1350 2524 “?
1387 2490 1407 2524 ι
1451 2469 1510 2526 ιιι
1548 2488 1658 2543 quo
1707 2473 1978 2542 innuitur,

396 2563 524 2634 quia
551 2561 993 2631 Cbristus,etiam
1017 2563 1376 2633 opprobrium
1407 2565 1803 2636 sempiternum
1828 2566 1981 2624 dedit

395 2654 496 2710 eis.
535 2652 638 2720 Qui
687 2653 835 2707 enim
891 2660 1068 2722 potest
1126 2651 1333 2724 aliquid
1390 2657 1630 2725 operari,
1662 2671 1769 2712 non
1835 2657 1979 2714 inter

396 2757 666 2812 mortuos,
719 2745 812 2802 sed
873 2745 1016 2800 inter
1062 2744 1307 2802 viventes
1355 2744 1539 2804 adhuc
1585 2749 1773 2818 procul
1808 2739 1978 2808 dubio

393 2839 771 2896 constituitur.
843 2835 1132 2904 Quomodo
1185 2847 1369 2893 autem
1434 2846 1489 2894 et
1547 2841 1664 2910 ipse
1723 2843 1976 2913 proprios

393 2932 712 2987 confortans
740 2927 1064 2999 discipulos,
1103 2937 1156 2984 et
1184 2929 1253 2984 ad
1278 2943 1471 2986 omnes
1511 2932 1596 2987 vel
1646 2932 1977 3004 qualescun-

394 3035 502 3092 que
539 3017 882 3074 dillicultates
909 3017 1142 3072 viriliter
1172 3017 1489 3072 subeundas
1527 3017 1852 3087 adhortans,
1878 3033 1973 3076 ve-
2001 3047 2044 3106 ο

393 3115 614 3170 ritatem
647 3112 813 3178 dicet,
844 3125 970 3166 cum
1029 3119 1239 3166 asserat
1273 3127 1288 3166 :
1329 3129 1347 3162 ι
1387 3109 1680 3178 Conﬁdite,
1726 3128 1830 3184 ego
1869 3113 1974 3170 vici

393 3207 662 3263 mundum
695 3205 784 3259 “1
818 3225 838 3257 ι
880 3203 938 3260 Si
965 3202 1112 3260 enim
1143 3203 1287 3274 quod
1318 3203 1409 3258 hic
1455 3203 1656 3260 vicisse
1690 3219 1750 3260 se
1782 3220 1974 3277 repro-

393 3299 582 3364 mittit,
625 3299 730 3352 hoc
780 3297 858 3352 illi
899 3295 1190 3350 valuerunt
1233 3310 1424 3352 rursus
1470 3311 1564 3365 per
1618 3277 1972 3353 rebellionem

393 3388 633 3452 auferre,
664 3402 772 3442 non
807 3387 997 3454 utique
1027 3385 1132 3441 tale
1159 3384 1290 3455 quid
1322 3385 1552 3441 victoria
1579 3386 1970 3454 nominabitur,

394 3495 498 3536 nec
533 3479 676 3532 inter
709 3476 870 3532 fortia
900 3475 1044 3532 facta
1087 3477 1594 3532 connumerabitur.
1646 3476 1782 3534 Nam
1834 3495 1974 3550 quo-

395 3571 560 3628 modo
594 3569 821 3626 victoria
851 3569 978 3635 erit,
1013 3567 1060 3625 si
1093 3567 1356 3624 liberator
1385 3566 1692 3642 [liberatos]
1725 3571 1779 3627 in
1813 3570 1972 3626 finem

395 3665 622 3722 minime
653 3661 980 3729 lucrifaciat,
1017 3661 1110 3718 sed
1163 3661 1438 3717 similibus
1469 3663 1539 3717 ab
1577 3663 1664 3718 his
1695 3665 1790 3734 qui
1823 3665 1975 3735 prius

394 3749 646 3829 superati
677 3755 915 3820 fuerant,
958 3753 1350 3810 luctaminibus
1379 3753 1659 3826 redigatur
1690 3754 1973 3830 [redigan-

393 3849 548 3922 tur]?
585 3864 776 3906 verum
819 3864 920 3903 nec
953 3847 1249 3914 similibus,
1285 3847 1379 3904 sed
1430 3849 1790 3906 fortioribus?
1835 3849 1971 3906 Nam

391 3939 678 4012 possidere
713 3937 844 4008 quid
898 3945 953 3992 et
1002 3935 1249 4007 perdere,
1304 3937 1423 4007 plus
1470 3937 1626 4002 mihi,
1661 3953 1825 4008 quam
1865 3956 1972 3994 non

389 4027 723 4099 acquisitum
757 4043 866 4082 non
905 4027 1206 4096 possidere,
1239 4026 1292 4081 in
1335 4029 1600 4083 rationem
1629 4028 1974 4084 imbecillita-

391 4119 464 4173 tis
517 4117 905 4188 reputabitur?
937 4114 1112 4170 Porro
1155 4116 1246 4170 ubi
1281 4127 1442 4186 putas
1481 4117 1753 4174 idolorum
1799 4129 1974 4179 status

391 4203 690 4280 [stratus]?
717 4205 812 4276 qui
839 4205 941 4259 hoc
969 4203 1214 4260 dicentes
1245 4206 1525 4276 posuistis,
1560 4208 1738 4266 aiunt.
1775 4209 1889 4266 Etsi
1919 4213 1971 4269 in

389 4299 636 4370 antiquis
677 4297 1110 4354 dacmouicorum
1151 4297 1486 4368 templorum
1529 4299 1770 4368 sedibus,
1832 4320 1972 4358 tton-

2086 1822 2164 1894 τῷ
2191 1823 2427 1888 ἕκαστος
2469 1824 2536 1878 ἐκ
2561 1823 2657 1878 τοῦ
2695 1824 2864 1880 τόπου
2897 1825 3067 1880 αὑτοῦ
3097 1829 3269 1882 πᾶσαι
3300 1830 3355 1883 αἱ
3381 1830 3558 1900 νῆσοι
3597 1833 3720 1886 τῶν

2085 1912 2280 1968 ἐθνῶν.
2321 1931 2342 1966 ι
2418 1913 2668 1977 Ἀκούεις
2714 1913 2816 1985 τὴν
2865 1915 3064 1988 ⁴ήλίκην
3104 1916 3216 1971 τῶν
3273 1917 3504 1973 πολλῶν
3561 1920 3720 1975 θεῶν

2085 2007 2494 2080 καταστροφὴν,
2529 2009 2625 2062 καὶ
2643 2008 2743 2080 τὴν
2773 2007 2834 2075 ἐξ
2858 2009 3078 2082 ἀπάσης
3096 2011 3198 2076 τῆς
3222 2011 3329 2083 γῆς
3354 2013 3622 2068 ἕκαστον
3650 2020 3720 2070 ἐκ

2081 2101 2180 2156 τοῦ
2209 2102 2378 2156 τόπου
2407 2101 2574 2156 αὑτοῦ
2601 2100 2680 2173 τῷ
2705 2100 2824 2172 Θεῷ
2855 2101 3226 2157 ἀποτελοῦντα
3258 2105 3715 2177 προσκύνησινς

2084 2192 2203 2258 πῶς
2231 2193 2413 2248 τοίνυν
2437 2193 2488 2246 οί
2507 2191 2667 2247 τοῦτο
2695 2192 3028 2265 πράττοντες
3057 2194 3484 2268 είδωλολατρεῖν
3518 2199 3716 2252 αἰτιώ-

2086 2285 2264 2358 μεθα;
2316 2285 2404 2350 τίς
2450 2286 2506 2340 δὲ
2537 2285 2674 2350 ὅλως
2708 2285 2803 2373 κα).
2828 2287 3049 2357 ἴσχυσεν
3096 2288 3178 2351 είς
3213 2288 3278 2342 τὸ
3311 2291 3572 2361 ἀρχαῖον
3603 2294 3707 2366 τήν

2081 2376 2194 2431 τῶν
2228 2374 2462 2430 εἰδώλων
2490 2375 2702 2448 πλάνην
2734 2377 2830 2430 ἐπὶ
2864 2377 2970 2448 γῆς
2997 2377 3471 2448 ἐπανακαινίσαις
3507 2385 3568 2436 εί
3603 2385 3710 2454 μὲν

2080 2469 2188 2542 γάρ
2228 2469 2279 2523 οί
2308 2468 2397 2522 διὰ
2432 2467 2638 2523 τούτων
2685 2468 3116 2542 θεραπευόμενοι
3155 2474 3543 2543 πονηρότατοι
3574 2476 3702 2530 δαί-

2083 2577 2246 2631 μονες
2265 2558 2426 2614 τοῦτο
2453 2559 2678 2632 ποιῆσαι
2699 2559 2968 2628 δέδονται,
2999 2561 3117 2626 πῶς
3148 2563 3250 2618 οὐκ
3276 2565 3704 2640 ἀνατραπήστ-

2077 2669 2169 2708 ται
2192 2653 2315 2708 ὅλον
2330 2651 2392 2708 τδ
2410 2653 2510 2725 τῆς
2525 2652 2839 2723 οἰκονομίας
2865 2655 3190 2727 μυστήριον,
3209 2657 3312 2728 τῆς
3331 2658 3515 2728 ἀγίας
3532 2661 3701 2734 διαρ-

2080 2745 2250 2818 ρήδην
2290 2745 2502 2819 βοώσης
2542 2746 2790 2818 Γραφῆς·
2819 2765 2838 2798 ι
2866 2747 2994 2802 Ὀτι
3017 2748 3255 2817 ἐπάταξε
3283 2752 3424 2815 τοὺς
3447 2753 3700 2826 ἐχθροὺς

2076 2835 2243 2890 αὐτοῦ
2288 2837 2369 2901 είς
2415 2836 2478 2890 τδ
2529 2835 2737 2903 datam;
2769 2855 2790 2890 ι
2821 2838 2994 2910 Δῆλον
3053 2839 3112 2893 δέ
3157 2841 3240 2896 ὅτι
3285 2843 3546 2915 Χριστὸς
3599 2850 3700 2902 καὶ

2075 2927 2278 2992 ὄνειδος
2310 2927 2532 2982 αἰώνιον
2559 2927 2762 2984 ἔδωκεν
2781 2932 2985 2996 αὐτοῖς.
3012 2932 3238 3000 Πάντως
3267 2935 3384 3008 γὰρ
3415 2938 3506 2992 ὅτι
3536 2941 3571 2994 ό
3602 2941 3702 2996 δυ-

2074 3021 2311 3092 νάμενός
2342 3037 2398 3074 τι
2426 3021 2672 3091 ἐνεργεῖν
2717 3022 2819 3076 οὐκ
2866 3023 2925 3076 ἐν
2967 3026 3084 3090 τοῖς
3114 3026 3441 3092 τεθνεῶσιν,
3471 3033 3606 3086 ἀλλ’
3637 3037 3694 3088 ἐν

2076 3113 2193 3175 τοῖς
2217 3109 2388 3176 ζῶσιν
2411 3110 2492 3165 ἐτι
2513 3111 2945 3171 κατατέτακται.
2982 3116 3106 3181 Πῶς
3127 3119 3185 3172 δὲ
3217 3121 3315 3174 καὶ
3345 3122 3528 3188 αὐτὸς
3559 3127 3694 3191 τοὺς

2079 3204 2248 3268 ιδίους
2297 3204 2685 3278 ἐπιθαρῤύνων
2727 3205 2982 3278 μαθητὰς
3027 3210 3291 3281 καὶπρὸς
3340 3216 3460 3269 πᾶν
3495 3219 3693 3272 ὁτιοῦν

2073 3295 2184 3350 τῶν
2219 3295 2499 3368 δυσχερῶν
2533 3297 2806 3369 ἀνδρικῶς
2837 3299 2974 3354 ίέναι
3008 3303 3557 3377 παρακελευόμενος
3587 3314 3692 3366 ἐκ-

2074 3385 2368 3456 αληθεύσει
2397 3385 2573 3455 λέγων
2595 3403 2611 3419 ο
2644 3407 2662 3439 ι
2693 3387 2982 3461 Θαρσεῖτε,
3017 3389 3130 3459 ἐγὼ
3154 3393 3428 3466 νενίκηκα
3459 3398 3565 3454 τὸν
3599 3403 3689 3456 κός

2081 3493 2239 3549 σμον.
2271 3496 2291 3528 ι
2326 3478 2390 3532 El
2414 3477 2524 3550 γάρ
2545 3477 2640 3544 οὓς
2663 3481 2886 3550 νικῆσαι
2910 3483 3118 3547 ἐκεῖνος
3146 3485 3500 3556 ἐπήγγελται
3524 3493 3692 3547 τοῦτο

2075 3571 2274 3624 ἐκεῖνοι
2307 3569 2557 3641 ἴσχυσαν,
2583 3570 2674 3625 διά
2693 3571 2794 3642 τῆς
2829 3565 2906 3627 ὧν
2929 3574 3294 3646 ἀφῃρέθησαν
3319 3581 3689 3656 ἀνταναρμι-

2077 3678 2236 3729 σεως,
2259 3661 2371 3717 οὐδ’
2396 3662 2463 3716 ἂν
2483 3663 2544 3717 τὸ
2564 3663 2806 3719 τοιοῦτον
2828 3666 3264 3738 όνομασθήσεται
3291 3672 3452 3746 νίκη,
3476 3678 3600 3731 οὐδ’
3623 3681 3688 3733 ἀν

2073 3755 2194 3818 ταῖς
2237 3755 2318 3817 είς
2359 3752 2612 3826 ἀνδρείαν
2656 3755 2964 3828 ἀριστείαις
3005 3762 3480 3828 κατατετάξεται.
3559 3770 3687 3835 Πῶς

2073 3845 2184 3916 γὰρ
2229 3845 2356 3918 νίκη
2388 3847 2423 3916 ή
2451 3848 2578 3912 τοὺς
2602 3847 2983 3920 λυτρωθέντας
3025 3852 3108 3916 είς
3130 3853 3287 3918 τέλος
3315 3856 3397 3928 μὴ
3426 3859 3686 3932 ἀποκερ-

2073 3937 2310 4008 δήσασα,
2345 3937 2482 3992 ἀλλά
2510 3943 2621 4004 τοῖς
2651 3939 2863 4011 ὁμοίοις
2894 3943 3002 3997 ὑπὸ
3035 3944 3146 4000 τῶν
3183 3947 3463 4019 πρότερον
3506 3956 3688 4028 ήττη-

2079 4027 2261 4099 μένων
2287 4027 2661 4100 ὑποδληθείσκ
2695 4031 3085 4104 παλαίσμασι;
3115 4036 3363 4108 καίτοιγε
3398 4043 3534 4098 οὐδὲ

2072 4119 2281 4190 όμοίοις
2305 4119 2502 4174 πολλοῦ
2529 4137 2594 4190 γε
2618 4122 2716 4176 καὶ
2743 4121 2826 4176 δεῖ
2849 4139 2864 4189 ;
2894 4123 2957 4178 τὸ
2987 4125 3098 4197 γὰρ
3140 4129 3462 4198 κτήσασθαί
3488 4153 3547 4189 τι
3583 4140 3682 4192 καὶ

2073 4209 2341 4264 ἀπολέσαι
2391 4209 2554 4265 πλέον
2592 4212 2784 4284 ἔμοιγε
2813 4215 2908 4268 τοῦ
2930 4255 2946 4281 ,
3003 4216 3065 4271 τὸ
3101 4218 3494 4293 ἀφῃρημένων
3534 4229 3689 4285 ἀντι-

2075 4303 2398 4373 κατασχείν,
2431 4305 2510 4366 είς
2546 4303 2874 4376 ἀνανδρείας
2917 4311 3454 4384 κατηγορηθήσεται
3495 4319 3686 4388 λόγον.

387 4393 516 4447 (Ιιιιιι
541 4393 646 4446 hoc
671 4389 998 4446 Christianis
1035 4389 1088 4444 in
1136 4405 1359 4446 causam
1406 4392 1656 4449 criminis
1697 4395 1967 4466 irrogabi-

2078 4391 2185 4446 Ποῦ
2220 4392 2278 4447 δὲ
2310 4393 2406 4449 καὶ
2434 4392 2544 4468 ἄρα
2577 4395 2678 4460 τάς
2705 4397 2814 4451 τῶν
2841 4398 3083 4454 εἰδώλων
3116 4403 3372 4474 στάσειςς
3425 4411 3483 4464 oi
3521 4413 3690 4468 τοῦτο

387 4493 500 4537 tur.
535 4480 798 4535 Videmus
828 4479 974 4534 enim
1036 4479 1300 4544 reliquias
1348 4481 1401 4536 in
1455 4483 1780 4553 quibusdam
1834 4487 1967 4544 locis

385 4574 694 4643 priscorum
743 4572 1172 4626 daemonicorum
1231 4574 1556 4643 templorum
1613 4589 1643 4629 a
1691 4579 1967 4634 veteribus

384 4668 694 4730 derelictas.
726 4670 792 4722 ad
826 4683 1102 4739 pompam,
1137 4679 1196 4722 ut
1235 4684 1380 4732 reor,
1413 4685 1603 4725 eorum
1643 4672 1739 4743 qui
1795 4673 1848 4728 in
1885 4673 1968 4730 his

385 4759 838 4827 immolaverunt;
867 4760 949 4813 vel
981 4761 1144 4814 etiam
1179 4760 1246 4815 ad
1283 4761 1629 4829 memoriam,
1671 4765 1816 4834 quod
1867 4781 1968 4823 nos

385 4851 646 4920 redempti
677 4866 888 4917 sumus,
918 4861 973 4905 et
993 4851 1048 4906 in
1089 4853 1386 4923 gratiarum
1415 4856 1658 4913 actiones
1679 4859 1965 4915 ducentem

385 4958 473 5012 per
509 4942 755 4998 visibiles
799 4942 1154 5014 infirmasque
1205 4946 1560 5004 formationes
1603 4967 1616 5004 :
1659 4964 1724 5005 ex
1770 4953 1972 5020 quibus

383 5033 822 5090 Christianorum
860 5035 1252 5093 abominabiles
1283 5038 1438 5094 facta:
1483 5048 1612 5095 sunt
1657 5041 1904 5108 culturae,
1939 5059 1971 5100 a

382 5127 582 5198 quibus
615 5141 709 5197 per
753 5125 1028 5184 Christum
1085 5131 1255 5202 erepti
1289 5147 1504 5195 sumus,
1577 5132 1680 5188 nisi
1722 5134 1775 5188 in
1805 5135 1968 5192 Chri-

381 5219 738 5275 stianissimis
807 5221 942 5286 lucc,
996 5222 1271 5292 inquiunt,
1333 5223 1581 5280 ecclesiis
1642 5228 1846 5282 nostris
1886 5230 1966 5283 in-

382 5310 722 5366 venirentur.

451 5678 494 5711 ³⁸
515 5678 728 5736 Coloss.
755 5698 789 5748 t,
817 5683 907 5738 ΞΟ.
989 5687 1026 5718 ¹¹
1056 5686 1221 5745 ΖιιςΙι,
1252 5709 1308 5760 ιι,
1345 5690 1428 5746 ll.

1611 5689 1653 5720 "
1694 5689 1836 5744 Psal.
1887 5707 2087 5761 uxr",
2128 5694 2216 5748 66.

2073 4484 2325 4574 λέγοντες
2357 4475 2648 4540 τεθεᾶσθαι
2693 4505 2881 4559 φασιν.
2919 4491 2984 4546 Et
3019 4494 3120 4564 μὲν
3159 4497 3220 4549 ἐν
3263 4501 3380 4564 τοῖς
3426 4503 3688 4574 ἀρχαίοις

2074 4571 2184 4630 τῶν
2212 4572 2548 4648 δαιμονικῶν
2573 4581 2820 4649 τεμενῶν
2842 4583 3142 4656 ίδρύμασιν
3171 4588 3330 4645 οὔπω
3362 4571 3544 4650 τοῦτο
3575 4601 3686 4664 τοῖς

2075 4664 2441 4754 Χριστιανοῖςλ
2462 4666 2546 4754 είς
2587 4665 2746 4736 λόγον
2776 4671 3126 4744 ἐγκλήματος
3175 4682 3681 4754 προστριϐήσεται.

2093 4749 2348 4820 Ὀρῶμεν
2382 4751 2494 4824 γὰρ
2526 4752 2756 4822 λείψανά
2796 4775 2902 4812 που
2935 4761 3154 4832 ἐνιαχοῦ
3181 4749 3292 4820 τῶν
3317 4749 3500 4826 πάλαι
3537 4775 3681 4828 £580-

2075 4843 2247 4898 λικῶν
2287 4847 2536 4916 τεμενῶν
2564 4850 2718 4919 παρά
2744 4851 2855 4938 τῶν
2887 4854 3134 4911 παλαιῶν
3166 4859 3684 4938 ἐγκαταλελειμμέ·

2073 4952 2160 5002 να,
2196 4937 2335 5007 πρδς
2383 4938 2674 5010 θρίαμϐον,
2716 4937 2873 5012 οἶμαί
2908 4963 3034 5012 που,
3064 4949 3174 5003 τῶν
3212 4951 3274 5006 έν
3301 4969 3524 5020 τουτοις
3550 4937 3653 5012 ἔπι

2075 5025 2390 5080 θυσάντωνθ
2424 5030 2518 5083 καὶ
2555 5029 2740 5100 μέντοι
2787 5035 2886 5088 καὶ
2913 5038 3052 5108 πρὸς
3096 5041 3329 5114 μνήμην
3368 5046 3540 5116 ήμῶν
3576 5049 3679 5103 τῶν

2072 5117 2503 5190 λελυτρωμένων
2545 5124 2628 5186 είς
2667 5125 3022 5198 εὐχαριστίαν
3051 5133 3198 5203 ἡμᾶς
3246 5135 3567 5206 ἐνάγουσαν
3595 5141 3676 5193 διὰ

2074 5211 2186 5265 τῶν
2217 5212 2514 5284 ὁρωμένων
2546 5215 2812 5288 ἐξιτήλων
2845 5227 3236 5293 μορφωμάτων
3259 5244 3272 5258 ο
3307 5229 3376 5283 ἐκ
3411 5234 3594 5286 ποίων
3623 5235 3676 5286 τὸ

2077 5305 2424 5396 Χριστιανῶν
2463 5307 2622 5376 γένος
2657 5309 2965 5380 βδελυκτῶν
3006 5317 3372 5389 σεδασμάτων
3409 5322 3504 5378 διὰ
3546 5327 3676 5396 X9:-

2081 5395 2208 5450 στοῦ
2262 5395 2700 5470 ἐκλελύτρωται·
2760 5403 2810 5454 εί
2857 5403 2916 5457 δέ
2975 5405 3040 5478 δὴ
3084 5409 3144 5461 ἐν
3183 5412 3306 5474 ταῖς
3355 5395 3676 5482 Χριστιανι-

2077 5487 2355 5551 κωτάταις
2406 5489 2567 5560 ἡμῶν
2625 5489 2948 5564 ἐκκλησίαις
2989 5497 3164 5554 ταῦτά
3215 5518 3385 5571 φασιν
3440 5505 3672 5576 εὕρηκέ-

2079 5600 2188 5636 ναι.

2327 5694 2370 5726 ¹³
2399 5691 2558 5749 Joan.
2612 5713 2722 5764 τινι,
2755 5701 2843 5757 55.
