3928 6206
300 233 432 349 tam

1485 258 1734 330 SERMO
1793 251 2354 332 LAUDATORIUS.

3407 249 3542 314 1322

376 398 442 450 Ὠ
505 395 602 465 τῆς
660 389 906 445 ἐντεῦθεν
965 384 1234 447 ἀτοπίαςι
1307 381 1352 434 ὣ
1411 383 1510 448 τῆς
1575 377 1912 445 παγκάκουι

2043 373 2088 428 Ο
2137 373 2454 442 pravitatem
2497 386 2618 439 qua:
2665 369 2790 422 hinc
2856 363 3118 422 ellicitur!
3176 378 3208 418 ο
3249 365 3539 434 pessimam

301 483 650 558 βλασφημίας
678 484 692 536 l
720 481 846 543 Πῶς
873 477 983 548 γὰρ
1013 475 1142 530 ἔνθα
1169 472 1402 545 Χριστὸς
1428 469 1640 558 κεφαλη
1669 468 1764 522 καὶ
1792 465 1879 558 θε-

303 553 483 646 μέλιός
505 553 645 636 ἐστι,
673 568 816 623 κατά
842 567 934 620 τὸν
959 563 1270 633 σοφώτατον
1291 558 1523 622 Παῦλον,
1543 555 1701 610 τοῦτο
1721 553 1879 646 γενε-

303 643 428 719 σθαι
461 661 772 732 δεδύνηται;
803 654 1175 726 Ἐψεύσθημεν
1213 652 1381 714 ὅντως
1403 646 1722 720 Χριστιανοὶ
1776 643 1880 713 τῆς

303 755 548 818 ἐλπίδος·
588 747 1038 820 πεφενακίσμεθα
1070 745 1129 800 δέ
1168 744 1264 798 καὶ
1298 743 1420 805 ταῖς
1459 740 1569 793 τῶν
1618 735 1882 808 κηρύκων

307 847 537 916 φωναῖς,
555 842 623 896 .οί
651 857 718 909 γε
755 839 892 893 Θεὸν
918 839 1051 908 ἡμίν
1094 837 1192 905 τῆς
1224 832 1334 885 τῶν
1379 831 1645 900 δαιμόνων
1689 827 1884 880 πλεον-

309 937 456 1003 εξίας
479 935 627 1004 ἡμᾶς
649 930 1061 987 ἀπαλλάττοντα
1083 921 1536 994 ἐπιδεδημηκέναι
1561 919 1639 988 τῷ
1668 917 1772 987 βίῳ
1793 933 1882 969 κε-

311 1023 604 1094 κηρύχασι.
631 1021 753 1083 Πῶς
775 1019 832 1072 δέ
852 1019 988 1080 ὅλως
1007 1015 1166 1069 τοῦτο
1191 1015 1280 1067 καὶ
1295 1013 1552 1081 (executi;
1576 1005 1725 1076 'Apa
1751 1005 1880 1074 γάρ,

311 1117 544 1186 ἐροίμην
569 1112 634 1166 ἂν
661 1111 785 1174 τοὺς
823 1108 966 1162 οὕτω
997 1105 1348 1178 φρονοῦντας,
1373 1102 1450 1164 ὡς
1475 1098 1636 1153 τοῦτο
1665 1097 1767 1166 τῆς
1791 1111 1876 1186 κε-

315 1185 490 1275 φαλῆς
518 1203 676 1274 ἡμῶν
708 1198 1148 1272 παραχωρούσης
1175 1195 1488 1262 γεγένηται,
1519 1192 1552 1261 ἢ
1593 1188 1760 1258 τυχὸν
1795 1185 1887 1240 θε-

317 1293 514 1364 λούσης
539 1294 636 1362 μέν
662 1293 736 1362 μὴ
763 1287 1030 1358 γίνεσθαι,
1059 1286 1134 1356 μὴ
1158 1284 1462 1354 δυναμένης
1483 1280 1544 1334 δέ
1575 1277 1885 1347 ἐπαμύναι;

321 1385 416 1438 καὶ
437 1384 554 1446 πῶς
591 1384 692 1436 οὐκ
723 1381 977 1438 ἐπέκεινα
1011 1377 1166 1431 τοῦτὸ
1197 1392 1261 1442 γε
1287 1374 1466 1443 πάσης
1495 1369 1886 1440 βλασφημίας;

322 1474 388 1527 Εί
419 1473 526 1542 γάρ
569 1472 718 1524 ἐστιν
757 1468 962 1538 ἀληθὴς
1007 1468 1034 1520 ὁ
1065 1463 1356 1534 ἱερώτατος
1397 1459 1606 1522 Παῦλος
1654 1455 1891 1526 Χριστὸν

324 1563 458 1616 Θεὸν
489 1560 719 1629 δύναμιν
763 1557 860 1611 καὶ
889 1554 1023 1610 Θεοῦ
1054 1553 1248 1622 σοφίαν
1283 1545 1564 1619 ὀνομάζων
1599 1545 1693 1599 τὸν
1721 1545 1851 1597 Υίὺν
1872 1583 1889 1610 ,

1979 461 2409 534 blasphemiam!
2444 458 2730 526 Quomodo
2761 457 2930 520 enim,
2961 455 3052 512 ubi
3105 454 3354 509 Christus
3381 461 3546 523 caput

1979 563 2034 611 et
2093 553 2509 610 fundamentum
2549 561 2652 614 est,
2710 548 3009 604 secundum
3075 544 3542 614 sapientissimum

1979 643 2211 700 Paulum
2241 644 2306 706 “,
2349 641 2454 696 hoc
2498 639 2613 694 ﬁeri
2644 637 2878 708 poterit?
2904 635 3158 690 Fraudati
3192 648 3318 688 vere
3355 647 3546 688 sumus

1982 749 2078 806 spe
2109 748 2209 789 nos
2231 705 2534 788 Christiani
2565 748 2580 785 :
2623 705 2832 798 decepti
2871 741 3064 782 sumus
3101 724 3263 779 etiam
3289 724 3549 794 pmdica—
3595 705 3612 724 ⁸

1983 836 2160 882 torum
2181 824 2428 883 vocibus,
2455 821 2547 892 qui
2592 820 2754 875 etiam
2786 819 2954 874 Deum
2989 817 3148 872 nobis
3175 833 3206 872 a
3255 815 3550 871 dzemonio-

1985 929 2105 968 rum
2166 911 2555 982 superstitione
2617 923 2721 962 nos
2771 906 3126 960 liberaturum
3180 905 3234 957 in
3287 903 3548 958 mundum

1984 1004 2202 1059 venisse
2239 1001 2694 1070 praedicaverunt.
2729 995 3014 1064 Quomodo
3049 993 3214 1047 etiam
3263 993 3368 1048 hoc
3403 993 3554 1060 peni-

1987 1103 2076 1148 tus
2098 1094 2282 1148 dicere
2317 1090 2645 1162 potuerunt?
2689 1087 2824 1144 Nam
2851 1088 3328 1155 interregaverunt
3367 1083 3433 1157 [Γ.
3473 1085 3555 1138 in-

1987 1182 2350 1256 terrogemus]
2387 1199 2483 1239 eos
2514 1184 2607 1251 qui
2640 1181 2724 1236 sic
2756 1182 2996 1256 sapiunt,
3037 1193 3218 1233 utrum
3248 1179 3350 1232 hoc
3380 1176 3555 1244 capite

1988 1284 2177 1330 nostro
2203 1274 2551 1342 permittente
2578 1272 2782 1327 factum
2807 1271 2900 1333 sit,
2935 1284 3002 1324 an
3031 1269 3170 1324 forte
3201 1270 3411 1322 vidente
3436 1267 3556 1338 qui-

1988 1365 2112 1420 dem
2165 1379 2236 1419 ne
2283 1362 2454 1427 ﬁeret,
2506 1378 2614 1416 non
2672 1363 2882 1416 valente
2932 1369 3108 1416 tamen
3170 1359 3422 1412 auviliari
3457 1373 3472 1411 :
3505 1366 3557 1410 et

1990 1456 2266 1526 quomodo
2294 1455 2692 1524 subsequenter
2727 1453 2831 1506 hoc
2877 1467 2982 1504 non
3015 1453 3086 1504 sit
3117 1451 3282 1504 totius
3305 1447 3558 1516 blasphe-

1993 1547 2135 1601 miae.
2185 1545 2241 1600 Si
2269 1547 2414 1600 enim
2441 1560 2605 1600 verax
2641 1554 2724 1599 est
2753 1542 3155 1597 sacratissimus
3185 1539 3408 1601 Paulus,
3433 1541 3559 1591 dum

327 1653 446 1715 πῶς
472 1647 582 1721 ἄρα
625 1649 720 1702 καὶ
753 1649 940 1716 ἴσχυσε
973 1645 1072 1714 τὴν
1095 1640 1192 1696 τοῦ
1223 1640 1433 1709 [ἰατρὸς
1461 1635 1892 1706 ἁκαταμάχητον

2013 1638 2272 1692 Ξιιτίειιηη
2306 1635 2502 1691 Filium
2539 1635 2656 1700 Dei,
2697 1635 2950 1688 virtutem
3000 1641 3054 1688 et
3102 1633 3192 1684 Dei
3242 1629 3558 1700 sapientiam

328 1739 554 1810 δύναμίν
572 1755 634 1791 τε
665 1739 762 1791 καὶ
785 1735 994 1802 σοφίαν,
1019 1733 1118 1804 τὴν
1150 1731 1284 1784 πᾶσι
1315 1729 1376 1780 τὸ
1405 1723 1546 1780 εἶναι
1570 1723 1766 1778 δοῦσαν
1784 1723 1894 1790 τῶν

330 1830 496 1884 ὅντων
545 1823 1016 1896 κατευμεγεθῆσαί
1059 1839 1149 1886 τι;
1195 1818 1363 1888 Δῆλον
1397 1817 1508 1886 γὰρ
1543 1815 1626 1868 ὄτι
1659 1817 1707 1866 εί
1738 1812 1897 1866 τοῦτο

331 1919 504 1991 ταύτῃ
531 1912 1029 1988 συμϐέϐηκεν,οὐδέ
1054 1912 1144 1964 τὸν
1167 1903 1228 1964 οῦ
1250 1911 1366 1961 ἐστι
1391 1905 1565 1959 ταῦτα
1589 1903 1698 1957 τῶν
1725 1901 1898 1956 τοιού-

334 2026 445 2063 των
493 2003 960 2078 κατηγορημάτων
1015 2001 1368 2070 ἐξωθήσουσι.
1417 1995 1542 2058 Πῶς
1605 1994 1714 2063 γὰρ
1767 1994 1899 2056 Θεὸς

335 2099 727 2171 παντοκράτωρ
753 2093 974 2156 δυνατός
997 2109 1056 2145 τε
1091 2091 1187 2144 καὶ
1209 2087 1426 2159 ίσχυρδς
1451 2089 1479 2140 ὁ
1507 2083 1696 2156 Πατὴρ
1716 2083 1798 2136 ἐτι
1821 2083 1901 2135 λέ-

334 2207 507 2259 γοιτο,
538 2189 638 2258 τῆς
673 2188 811 2250 ίδίας
850 2186 1039 2253 ὥσπερ
1068 2180 1419 2255 ἀφῃρημένος
1453 2176 1758 2246 δυνάμεως,
1807 2173 1902 2228 καὶ

337 2284 442 2339 ὑπὸ
477 2286 636 2355 χεῖρα
663 2284 770 2336 τῶν
803 2281 952 2350 σφῶν
990 2278 1198 2350 ἐχθρῶν
1247 2275 1649 2347 γεγενημένοςς
1702 2273 1812 2336 πῶς
1846 2272 1904 2324 δὲ

339 2375 436 2428 καὶ
474 2376 610 2438 ὅλως
653 2368 1092 2444 παρακεχώρηκε
1129 2371 1228 2440 τὴν
1254 2367 1333 2438 τῷ
1363 2367 1478 2438 ίδίῳ
1503 2365 1670 2420 αὐτοῦ
1710 2365 1904 2434 αἵματι

339 2466 710 2537 ἁρμοσθεῖσαν
746 2464 895 2534 αύτῷ
917 2461 1241 2532 Ἐκκλησίαν
1271 2461 1380 2523 τοϊς
1405 2459 1616 2528 ἀγρίοις
1644 2457 1787 2510 οὕτω
1812 2457 1905 2510 καὶ

342 2558 780 2629 ἀφιλοικτίρμοσι
838 2553 1310 2620 καταδουλωθῆναι
1349 2549 1662 2620 πνεύμασις
1715 2549 1907 2602 Καίτοι

344 2646 442 2701 τοῦ
477 2647 856 2718 ’Υμνογράφου
883 2645 1130 2714 λέγοντος
1149 2659 1164 2674 ο
1203 2642 1360 2695 ι”Οτι
1395 2640 1534 2694 κατὰ
1558 2637 1619 2692 τδ
1649 2635 1784 2706 ὕψος
1815 2637 1908 2691 τοῦ

344 2737 579 2808 ούρανοῦ
625 2737 735 2790 ἀπὸ
775 2736 875 2805 τῆς
917 2733 1019 2805 γῆς
1061 2731 1396 2803 ἐκραταίωσε
1441 2730 1643 2800 Κύριος
1675 2729 1739 2782 τὸ
1765 2729 1912 2791 ἔλεος

345 2825 516 2880 αὑτοῦ
561 2826 656 2878 ἐπὶ
705 2827 829 2888 τοὺς
873 2823 1236 2894 φοόουμένους
1285 2822 1468 2874 αὐτόν.
1497 2839 1518 2872 ι
1569 2821 1633 2874 Ei
1671 2821 1780 2892 γὰρ
1821 2821 1914 2874 ἐπὶ

347 2914 506 2970 τοῦτο
539 2915 899 2986 σεσάρκωται,
925 2912 1064 2968 ὥστε
1086 2913 1186 2980 τῆς
1211 2911 1414 2965 τούτων
1435 2913 1468 2981 ἠ
1477 2913 1582 2982 μᾶς
1606 2911 1912 2975 ἀπαλλάξαι

1995 1731 2246 1784 nominat
2269 1728 2335 1792 ’⁸,
2366 1727 2666 1798 quomodo,
2688 1740 2898 1796 quaeso,
2925 1724 3095 1778 valuit
3122 1722 3299 1776 Patris
3331 1721 3564 1788 inextin-

1998 1820 2265 1889 gnabilem
2293 1819 2548 1873 virtutem
2573 1826 2626 1872 et
2645 1815 2991 1886 sapientiam,
3021 1829 3140 1883 quae
3164 1812 3420 1867 omnibus
3441 1825 3564 1866 esse

2000 1911 2212 1976 tribuit,
2250 1910 2549 1980 quidquam
2603 1922 2790 1962 eorum
2841 1921 2964 1976 quae
3011 1914 3142 1960 sunt
3189 1903 3562 1972 exsuperare?

1999 2001 2353 2070 Perspicuum
2387 2001 2532 2055 enim
2582 2009 2684 2066 est,
2717 2000 2844 2070 quia
2875 2000 2920 2054 si
2968 1998 3111 2053 istud
3161 1997 3292 2052 huic
3340 1995 3562 2054 accidit.

1970 2100 2100 2151 \nec
2125 2087 2177 2140 id
2209 2087 2352 2155 quod
2399 2102 2507 2140 non
2538 2099 2619 2141 est
2666 2089 2801 2151 haec,
2831 2101 2862 2141 a
2894 2085 3090 2140 talibus
3121 2085 3564 2140 accusatiOnibus

2003 2177 2224 2246 pellent.
2255 2175 2543 2243 Quomodo
2569 2177 2712 2231 enim
2741 2176 2885 2232 Deus
2910 2177 3277 2247 omnipotens.
3307 2184 3496 2246 potens
3513 2183 3570 2232 et

2005 2265 2162 2323 l‘ortis
2189 2267 2350 2323 Pater
2374 2269 2554 2323 adhuc
2583 2269 2816 2332 dicatur,
2851 2271 2895 2324 si
2923 2285 3044 2338 quae
3069 2285 3168 2325 sua
3201 2271 3414 2324 sublata
3443 2279 3572 2324 sunt

2005 2357 2224 2424 virtute,
2255 2359 2472 2414 subdita
2501 2358 2740 2412 inimicis
2761 2368 2889 2414 sunt
2913 2358 3141 2414 ell'ecta?
3167 2357 3258 2412 Vel
3283 2373 3394 2428 quo
3416 2366 3574 2428 pacto

2007 2449 2179 2505 Filius
2217 2451 2446 2507 indulsit
2497 2453 2551 2506 in
2593 2451 2914 2514 Ecclesium,
2971 2465 3134 2520 quam
3175 2449 3396 2518 proprio
3449 2463 3576 2503 sau-

2009 2544 2174 2612 guine
2203 2557 2304 2596 suo
2356 2543 2462 2598 sibi
2493 2543 2862 2612 desponsavit,
2909 2543 3242 2596 immanibus
3291 2542 3471 2595 taliter
3523 2549 3576 2594 et

2011 2631 2537 2688 immisericordibus
2566 2648 2758 2686 rursus
2787 2631 3064 2686 deservire
3091 2631 3411 2700 spiritibus?
3437 2647 3576 2700 przr-

2011 2721 2200 2778 sertim
2223 2737 2348 2777 cum
2380 2720 2836 2793 Hymnographus
2857 2723 3041 2777 dicat;
3073 2743 3091 2774 ι
3115 2721 3252 2789 Quia
3274 2727 3577 2777 secundum

2013 2813 2354 2869 altitudinem
2395 2815 2519 2870 θαιὶί
2561 2833 2592 2870 ιι
2625 2823 2764 2869 terra
2807 2815 3152 2870 conﬁrmavit
3185 2813 3450 2868 Dominus
3479 2813 3580 2867 mi-

2015 2908 2368 2962 sericordiam
2395 2923 2549 2962 suam
2575 2923 2737 2977 super
2767 2909 3020 2964 timentes
3048 2923 3174 2963 eum
3199 2907 3262 2960 ⁸⁸.
3297 2925 3314 2957 ι
3344 2905 3402 2961 Si
3432 2908 3579 2962 enim

350 3009 552 3080 χειρὸς,
593 3007 736 3062 κατὰ
765 3007 864 3070 τὰς
897 3005 1240 3077 προφητικάς
1287 3005 1760 3075 προαναρῤἡσεις·
1806 3004 1912 3056 ἀπ-

2019 3003 2073 3057 in
2105 3005 2208 3058 hoc
2243 3009 2556 3059 incarnatus
2587 3013 2690 3069 est,
2719 3016 2779 3058 ut
2805 3005 2870 3058 de
2898 3019 3088 3058 eorum
3116 3017 3216 3058 nos
3247 3018 3414 3057 manu
3451 3002 3584 3056 libe-

354 3097 669 3170 ηλλάγμεθα
697 3097 773 3161 δὲ,
809 3095 882 3160 ὥς
915 3113 1068 3164 φασι,
1094 3095 1228 3166 πρὸς
1255 3092 1460 3164 βραχύο
1487 3093 1571 3156 τίς
1609 3091 1794 3162 ὄνησις
1819 3093 1918 3162 τῆς

356 3191 491 3261 πρὸς
539 3189 748 3260 βραχὺ,
793 3191 894 3242 οὐκ
931 3187 1096 3258 οὔσης
1155 3187 1275 3257 μὲν,
1319 3184 1582 3254 δοκούσης
1617 3185 1674 3238 δέ
1705 3183 1918 3237 ἐλευθε-

359 3283 512 3352 ρίας;
538 3281 612 3332 οὐ
642 3281 750 3350 γάρ
775 3296 856 3332 τοι
879 3279 1073 3348 χαρᾶς,
1105 3277 1241 3331 ἀλλὰ
1271 3275 1514 3337 πλείονος
1534 3276 1628 3328 καὶ
1661 3275 1916 3345 δυσχερε-

358 3370 552 3438 στὲρας
577 3368 819 3431 δουλείας
849 3367 1109 3437 πρόξενον
1127 3369 1260 3434 ἡμῖν
1283 3364 1497 3432 γέγονε,
1515 3363 1768 3418 τοσοῦτον
1794 3367 1920 3425 τοὺς

357 3461 478 3515 καθ’
517 3458 674 3530 ἡμῶν
720 3458 948 3528 ἐχθροὺς
997 3456 1364 3526 ἀγριωτέρους
1421 3455 1916 3526 παρασκευάσασα,

357 3554 478 3605 ὅσον
503 3551 734 3613 ἐκείνοις
761 3551 926 3618 ἡμεῖς
952 3548 1354 3615 ἀπαλλαγέντες
1392 3547 1620 3617 ᾠόμεθα
1648 3553 1939 3613 κατεκαγ-’

360 3642 617 3711 χάζομεν.
645 3640 757 3695 Ποῦ
787 3641 850 3710 δὴ
870 3637 963 3694 οὖν
985 3643 1046 3692 τὸ
1074 3641 1319 3707 διηνεκὲς
1340 3638 1502 3692 αὑτοῦ
1533 3639 1678 3699 ἕλεος
1708 3637 1788 3690 ἔτι
1815 3636 1920 3690 σώ-

360 3732 504 3795 ζοιτο
525 3730 614 3795 ἂν,
639 3731 777 3804 ὅπερ
801 3731 940 3784 κατὰ
961 3731 1024 3783 τὸ
1041 3729 1149 3783 ἀπὸ
1168 3729 1268 3795 τῆς
1293 3729 1394 3798 γῆς
1419 3727 1558 3798 πρὸς
1589 3727 1650 3778 τὸ
1671 3725 1922 3796 οὐράνιον

363 3822 493 3892 ὕψος
513 3821 802 3892 διάμετρον
830 3821 1166 3892 κραταιῶσαι
1191 3820 1278 3889 ἐφ’
1300 3821 1446 3890 ἡμᾶς
1480 3818 1866 3888 ἐπηγγείλατο,
1895 3816 1925 3869 ὃ

361 3915 512 3984 δηλοῖ
533 3915 594 3967 τὸ
620 3913 1030 3984 ἀπεριόριστονς
1060 3911 1177 3976 πῶς
1196 3911 1254 3965 δέ
1276 3912 1369 3964 καὶ
1394 3910 1494 3973 τὰς
1518 3908 1747 3980 ἀνομίας
1769 3908 1926 3980 ἡμῶν

368 4003 508 4057 κατὰ
533 4003 594 4056 τὸ
612 4003 714 4074 τῆς
744 4002 1006 4073 ἀνατολῆς
1028 4001 1121 4055 ἐπὶ
1146 4001 1206 4055 τὸ
1223 4001 1438 4055 δυτικὸν
1465 4001 1634 4070 κλίμα
1655 4000 1929 4069 διάστημα

367 4092 461 4164 ἀφ’
489 4093 644 4164 ἡμῶν
673 4093 945 4164 νακρύναι
970 4093 1210 4160 λέγεται,
1233 4093 1369 4165 ὅπερ
1399 4093 1497 4162 τὴν
1525 4091 1763 4162 παντελῆ
1793 4091 1929 4144 ἀπο-

367 4184 632 4258 λύτρωσιν
659 4185 934 4256 σημαίνει,
959 4186 1009 4236 εί
1036 4184 1116 4238 ἔτι
1151 4183 1438 4247 τοσαύταις
1467 4183 1762 4253 ἐνεχόμεθα
1791 4181 1930 4236 πλά-

369 4293 515 4342 ναις;
538 4277 646 4330 Καὶ
658 4276 785 4344 γοῦν
810 4278 1026 4346 ὁρῶμεν
1045 4278 1170 4340 τοὺς
1189 4277 1297 4329 τῶν
1322 4275 1522 4346 ίατρῶν
1537 4275 1904 4344 ἐπιστήμονας
1911 4314 1926 4337 ι

367 4367 417 4419 οἳ
446 4366 666 4420 ἐπειδάν
698 4383 822 4420 τινα
855 4365 963 4420 τῶν
1003 4366 1244 4430 ἀσθενῶς
1280 4367 1342 4420 τὸ
1375 4367 1534 4436 σῶμα
1574 4366 1930 4436 διακειμένων

367 4459 480 4522 τοῖς
523 4459 590 4511 ἐκ
639 4457 737 4528 τῆς
785 4457 978 4528 τέχνης
1025 4458 1390 4528 ἀκριῦασμοῖς
1433 4457 1812 4528 ἐπαμύναντες
1851 4459 1930 4521 είς

370 4549 560 4620 ὑγείαν
595 4549 936 4616 ἐπανάξωσιν
953 4590 968 4616 ,
997 4551 1094 4618 οὐχ
1119 4550 1266 4613 ὅπως
1298 4551 1396 4620 μὲν
1417 4549 1581 4604 αὑτὸν
1609 4549 1703 4602 τοῦ
1734 4549 1934 4619 παρόν-

371 4657 460 4704 τος
477 4641 828 4706 ἀπαλλάξωσι
869 4640 1095 4706 πάθους,
1130 4640 1228 4710 τὴν
1261 4640 1469 4694 ἑαυτῶν
1496 4639 1812 4710 εἰσφέρουσι
1841 4657 1933 4692 τι-

371 4734 560 4802 χνικὴν
605 4733 920 4804 ἐμπειρίαν,
965 4732 1102 4786 ἀλλά
1149 4748 1212 4799 γε
1261 4731 1358 4784 καὶ
1397 4729 1494 4802 τὴν
1524 4730 1654 4800 ἐξῆς
1694 4727 1786 4782 τοῦ
1818 4728 1933 4799 βίου

373 4823 620 4892 περίοδον
641 4821 1054 4893 ἀσφαλεστέραν
1079 4821 1225 4893 αὐτῷ
1255 4821 1347 4876 διά
1372 4836 1536 4874 τινων
1567 4818 1938 4890 προφυλακτι-

373 4912 485 4966 κῶν
535 4912 896 4984 βοηθημάτων
935 4912 1444 4984 πραγματεύονται·
1479 4909 1556 4974 ῶς
1597 4909 1664 4964 ἂν
1700 4911 1774 4981 μὴ
1826 4913 1937 4974 τοῖς

375 5004 556 5066 αὐτοῖς
591 4991 752 5072 τιῖχδν
801 5001 860 5067 ἐξ
904 5003 1158 5073 ἀπειρίας
1207 5003 1459 5072 ὁχληροίς
1514 5001 1676 5058 πάλιν
1721 5018 1938 5055 συνενε-

374 5092 552 5164 χθείη.
585 5093 648 5146 Ei
675 5094 732 5147 δὲ
764 5093 828 5165 δὴ
871 5093 1032 5147 πάλιν
1060 5093 1259 5163 ἀληθές
1289 5095 1457 5158 ἐστιν,
1487 5091 1677 5164 ὥσπερ
1709 5091 1804 5146 οὖν
1847 5092 1940 5146 καὶ

373 5181 660 5246 δέδεικται,
683 5183 764 5237 ὅτι
791 5183 889 5252 τὴν
914 5185 1079 5254 ἡμετὲ
1089 5201 1186 5254 ραν
1205 5187 1234 5237 ὁ
1257 5184 1551 5254 μονογενὴς
1573 5184 1667 5236 τοῦ
1687 5184 1824 5236 Θεοῦ
1845 5183 1939 5236 καὶ

375 5271 587 5340 Πατρὺς
618 5273 748 5338 rte;
774 5275 1050 5345 πεφόρεκε
1084 5274 1270 5342 φύσιν,
1292 5273 1450 5344 δῆλον
1476 5275 1557 5328 ὃτι
1593 5274 1700 5328 τῶν
1725 5273 1940 5327 οἰκείων

374 5360 544 5430 αὐτὴν
571 5362 948 5432 πεπλούτηκεν
968 5365 1206 5433 ἀγαθῶν,
1230 5367 1326 5418 καὶ
1357 5364 1466 5417 τῶν
1495 5365 1588 5418 τοῦ
1622 5365 1942 5436 Ηνεύματος

373 5449 667 5523 ἐξαιρέτων
709 5453 974 5526 ἐνέπλησε
1027 5455 1350 5526 θησαυρῶν·
1395 5455 1471 5522 ὡς
1505 5457 1702 5527 μηκέτι
1733 5457 1941 5528 ταύτην

373 5543 454 5604 είς
512 5542 574 5597 τὸ
623 5543 748 5616 ἐξῆς
797 5544 1056 5616 δευτέρας
1115 5545 1418 5600 ἐπιδέεσθαι
1473 5564 1618 5611 τινος
1665 5547 1936 5619 βοηθείας,

449 5675 496 5708 ⁸⁸⁵
527 5673 546 5728 1
579 5675 706 5734 Cor.
736 5695 818 5743 ιιι,
862 5681 946 5734 Η.

741 5772 1010 5832 Puncta
1045 5773 1161 5832 Gn.
1209 5773 1473 5832 XCVIII.

2019 3103 2165 3149 raret
2193 3095 2491 3150 secundum
2517 3097 2864 3165 propheticus
2891 3094 3296 3164 prolocutiones
3327 3111 3340 3147 :
3367 3093 3584 3148 liberati

2018 3194 2197 3239 autem
2235 3201 2448 3246 sumus,
2481 3194 2541 3240 ut
2580 3187 2756 3250 aiunt,
2789 3185 2854 3240 ad
2906 3186 3179 3240 modicum
3233 3203 3246 3238 :
3307 3201 3416 3239 non
3459 3185 3582 3252 fuit,

2019 3278 2110 3331 sed
2144 3286 2328 3345 putata
2354 3285 2458 3331 est.
2487 3275 2603 3332 Non
2649 3277 2792 3332 enim
2824 3277 2985 3346 gladii
3015 3274 3268 3349 [gaudii],
3292 3277 3384 3331 sed
3414 3277 3586 3330 abun-

2019 3369 2285 3422 (lautioris
2311 3377 2366 3422 et
2395 3367 2716 3423 ditl'icilioris
2763 3368 3044 3422 servitutis
3091 3367 3246 3421 nobis
3293 3365 3471 3421 factus
3505 3377 3587 3422 est

2020 3473 2209 3524 causa,
2235 3469 2386 3513 tanto
2413 3459 2666 3514 inimicos
2682 3471 2902 3515 nostros
2927 3456 3222 3515 ferociores
3243 3469 3586 3524 construens,

2022 3559 2228 3618 quanto
2280 3552 2400 3606 illos
2437 3568 2536 3605 nos
2564 3553 2803 3616 liberati,
2839 3562 2898 3606 ut
2947 3553 3256 3621 opinamur,
3291 3553 3583 3608 irrisimus.

2029 3643 2130 3698 Ubi
2189 3652 2365 3698 autem
2439 3644 2701 3699 continua
2773 3643 3144 3698 misericordia
3210 3655 3588 3704 conservatur,

2023 3749 2188 3802 quam
2211 3735 2514 3788 secundum
2546 3734 2889 3788 altitudinem
2931 3735 3208 3788 ctelestem
3246 3750 3276 3788 a
3310 3745 3453 3789 terra
3485 3736 3588 3788 im-

2027 3839 2215 3879 mensa
2247 3822 2618 3896 [immensam]
2663 3839 2827 3894 super
2864 3838 2964 3879 nos
2994 3824 3348 3878 confirmasse
3394 3840 3454 3880 se
3505 3841 3591 3880 re-

2028 3915 2300 3984 promisit,
2353 3916 2496 3985 quod
2548 3915 2750 3971 indicat
2805 3915 3115 3970 inﬁnitum?
3172 3915 3264 3970 Vel
3319 3920 3592 3987 quomodo

2030 4007 2346 4076 iniquitates
2375 4017 2592 4062 nostras
2617 4008 2901 4078 eiongasse
2929 4022 2958 4061 a
2995 4007 3151 4062 nobis
3177 4007 3398 4072 dicitur,
3422 4023 3595 4078 quan-

2031 4105 2145 4151 tum
2176 4097 2342 4152 distat
2389 4098 2459 4153 ab
2498 4099 2706 4153 oriente
2751 4113 2920 4167 usque
2961 4097 3026 4151 ad
3063 4098 3452 4154 occidentalem
3485 4101 3597 4168 pla-

2031 4205 2176 4260 gam,
2205 4191 2348 4260 quod
2398 4190 2765 4244 omnimodam
2821 4190 3241 4259 redemptionem
3297 4191 3496 4260 signat,
3550 4193 3595 4246 si

2035 4279 2214 4335 adhuc
2242 4281 2448 4335 eisdem
2491 4281 2835 4351 implicantur
2863 4281 3186 4336 erroribus?
3217 4280 3282 4334 Et
3321 4290 3468 4336 certe
3518 4283 3598 4334 vi-

2035 4371 2228 4426 demus
2258 4371 2590 4426 medieorum
2639 4371 3023 4440 peritissimos,
3055 4387 3178 4426 cum
3229 4373 3463 4441 aliquem
3512 4371 3598 4426 in-

2037 4460 2196 4516 tirmo
2229 4476 2458 4531 corpore
2499 4462 2770 4530 iacentem
2805 4463 2940 4517 artis
2971 4477 3085 4517 suae
3119 4462 3412 4532 diligentiis
3442 4464 3596 4533 adju-

2036 4553 2230 4616 verint,
2258 4561 2310 4606 et
2334 4551 2400 4605 ad
2429 4553 2717 4607 sanitatem
2745 4553 3082 4616 reduxerim,
3119 4568 3227 4606 non
3259 4569 3380 4607 eum
3411 4569 3536 4608 mox
3567 4571 3595 4608 a

2036 4643 2288 4711 presenti
2338 4643 2683 4699 liberaverint
2748 4645 3046 4714 passione,
3099 4644 3421 4698 subtrahere
3469 4647 3600 4701 artis

2035 4735 2449 4804 experientiam,
2473 4735 2566 4790 sed
2587 4746 2730 4792 certe
2755 4735 2822 4808 [f.
2849 4747 3009 4792 certae
3035 4735 3233 4810 limo.)
3259 4739 3378 4792 vitae
3401 4739 3498 4794 ι-ῑτι
3519 4740 3602 4794 ui-

2037 4836 2152 4880 tum
2180 4827 2476 4881 cautiorem
2511 4831 2559 4881 ei
2615 4842 2708 4898 per
2736 4827 2982 4898 quaedam
3015 4829 3216 4882 auxilia
3251 4831 3597 4900 praemunire,

2039 4916 2271 4970 valentia
2295 4916 2588 4971 sollicitum
2615 4919 2830 4986 operari
2876 4934 2889 4970 :
2934 4927 3206 4988 quatenus
3248 4933 3356 4974 non
3397 4922 3599 4976 eisdem

2037 5003 2176 5058 forte
2209 5021 2305 5074 per
2349 5005 2672 5074 imperitiam
2716 5005 2913 5060 iterum
2949 5008 3212 5063 molestiis
3241 5011 3600 5078 opprimatur.

2039 5092 2134 5147 Ast
2157 5109 2349 5150 rursus
2372 5095 2415 5149 si
2447 5108 2629 5147 verum
2657 5103 2760 5158 εει,
2791 5095 3245 5162 quemadmodum
3277 5104 3330 5148 et
3353 5106 3603 5161 compro-

2041 5184 2228 5238 batum
2263 5192 2384 5248 est,
2421 5184 2550 5253 quia
2581 5195 2820 5239 nostram
2840 5183 3164 5254 .unigenitus
3193 5183 3288 5237 Dei
3327 5191 3383 5236 et
3427 5182 3606 5236 Patris

2039 5273 2211 5330 Filius
2244 5277 2420 5329 induit
2452 5285 2701 5331 naturam
2729 5294 2744 5330 :
2772 5274 3122 5330 manifestum
3152 5281 3256 5337 est,
3301 5273 3446 5342 quod
3479 5287 3604 5342 pro-

2040 5367 2174 5436 priis
2201 5383 2318 5421 eam
2338 5367 2496 5425 bonis
2513 5367 2785 5434 ditaverit,
2807 5377 2860 5422 et
2877 5366 3164 5438 praecipuis
3183 5364 3418 5434 Spiritus
3443 5365 3604 5420 donis

2041 5463 2346 5532 repleverit,
2389 5478 2455 5517 ne
2475 5462 2758 5518 demetere
2776 5463 2958 5518 saeculi
2985 5459 3256 5534 [secundi]
3277 5461 3602 5532 cujusquam

2043 5559 2223 5618 egeret
2255 5549 2476 5613 auxilio,
2505 5552 2673 5606 semel
2704 5551 2774 5606 ab
2795 5565 2860 5606 eo
2884 5551 3078 5606 robore
3104 5549 3196 5620 qui
3224 5552 3364 5606 hanc
3394 5568 3606 5608 assum-

1049 5679 1137 5734 ¹⁸1
1176 5681 1306 5736 Cor.
1340 5698 1378 5744 ι,
1418 5681 1510 5736 24.
1591 5683 1634 5714 ¹⁶
1667 5681 1936 5751 Psa|.cn,
1977 5688 2062 5742 Η.

3056 5733 3247 5838 χίιὲ
