3882 6204
291 294 425 361 1325

1485 270 1740 344 SERMO
1778 258 2337 336 LAUDATORIUS.

3386 249 3526 318 11126

281 404 474 461 ἄσυλον
502 398 838 464 διασώσασα,
869 393 987 467 ἢτοι
1030 394 1127 464 τὴν
1162 384 1407 446 δοθεῖσαν
1440 390 1532 459 ,ἐπ’
1560 386 1730 456 αὐτὴν
1758 384 1853 436 τοῦ

1990 390 2040 433 st
2072 380 2138 442 ι’,
2167 378 2371 434 Christi
2407 375 2596 446 sponsi
2628 375 2712 429 sttl
2749 374 2968 429 arrham
3004 358 3368 426 invibhibilem
3416 385 3524 425 ser-

281 484 598 563 Πνεύματος
625 489 805 561 χάριν.
860 485 1151 555 Τοιγάρτοι
1180 484 1274 538 καί⁵
1302 484 1332 536 ὁ
1367 482 1509 545 θεῖος
1534 480 1699 534 Δαδίδ
1729 479 1856 533 πολ-

281 585 401 646 λαῖς
425 648 430 657 δ
451 571 717 651 πρότερον
757 578 977 646 γενεαῖς
1019 576 1081 630 τὸ
1127 575 1264 646 πρὸς
1308 574 1408 645 τὴν
1446 573 1630 627 πίστιν
1683 570 1856 640 αὐτῆς

282 674 494 744 ἑδραῖον
519 668 910 741 ἀνακηρύττων
936 667 1125 734 ἔλεγεν
1149 681 1162 696 ·
1202 683 1221 716 ι
1253 665 1312 717 '0
1338 663 1471 727 Θεὸς
1497 664 1557 716 ἐν
1580 663 1729 732 μέσῳ
1755 661 1856 714 αύ-

285 764 402 833 τῆς,
433 760 601 839 καὶού
636 759 1067 839 σαλευθήσεταιτ
1096 775 1115 809 ι
1144 755 1239 827 καὶ
1267 753 1431 809 πάλιν
1450 771 1464 783 '
1495 752 1857 822 «Ἐστερέωσε

285 853 383 923 τὴν
407 842 736 923 οἰκουμένην
766 846 888 918 ἥτις
911 846 972 899 οὐ
992 844 1386 915 σαλευθήσεται
1406 858 1420 873 ο
1444 862 1464 895 ι
1489 844 1608 905 ταῖς
1641 857 1861 894 σατανιο

287 922 409 1006 καῐς
433 922 674 1011 δηλονότι
716 929 1152 1007 πολιορκουμένη
1184 934 1471 1005 μηχαναῖς.
1510 931 1609 984 Ἂν
1639 931 1749 1000 γάρ
1777 947 1862 983 τι-

287 1050 379 1097 νες
402 1011 464 1084 τδ
496 1022 786 1100 στἐρέωμα
815 1026 911 1080 τοῦ
942 1027 1024 1090 εἰς
1060 1023 1232 1097 αὐτὴν
1261 1021 1597 1083 διαδοθέντος
1633 1020 1864 1086 εὐαγγε-

289 1108 444 1177 λικοῦ
477 1110 838 1193 κηρύγματος
858 1117 968 1172 τῶν
997 1102 1167 1193 πάλαι
1215 1114 1249 1185 ἢ
1277 1112 1388 1168 τῶν
1426 1109 1522 1166 νῦν
1568 1108 1865 1178 αἰρετικῶν

291 1191 618 1268 κατασείσαι
648 1199 1031 1280 τεθελήκασιν,
1060 1191 1294 1267 ἰκτίνοις
1339 1203 1439 1274 μιν
1478 1203 1541 1256 τὸ
1569 1199 1865 1272 μελετηθὲν

293 1308 375 1369 εἰς
405 1304 564 1375 ἔργον
594 1286 885 1371 ὲκὸέῦηκε.

366 1462 555 1550 Ταύτῃ
590 1478 646 1530 δὲ
678 1476 820 1549 μόνῃ
864 1452 927 1527 ab
975 1444 1272 1527 ἀσάλευτον
1320 1441 1398 1535 εἰς
1428 1469 1602 1524 αἰῶνα
1633 1438 1869 1538 τετηρη-

296 1586 409 1635 ται,
452 1567 595 1623 κατὰ
634 1556 734 1637 τὴν
780 1564 987 1634 ἀψευδῆ
1036 1562 1132 1616 τοῦ
1174 1562 1450 1641 φήσαντος
1498 1557 1829 1626 ἐπαγγελίαν
1852 1572 1865 1585 ·

307 1677 326 1710 ι
360 1659 426 1714 Εἰ
457 1656 772 1726 ἐπιλήσεται
807 1653 945 1723 γυνὴ
974 1651 1068 1705 τοῦ
1101 1647 1532 1723 παιδίουηαύτῆς,
1566 1647 1601 1717 ἢ
1647 1643 1743 1699 τοῦ
1796 1645 1872 1717 μὴ

301 1813 526 1908 λήσεται
554 1833 726 1888 ταῦτα
760 1834 920 1902 γυνὴ,
950 1831 1066 1885 ἀλλ’
1093 1831 1207 1901 ἐγὼ
1241 1830 1342 1884 οὐκ
1382 1813 1713 1898 ἐπιλήσομαί
1753 1842 1872 1891 σου,

300 1925 445 1995 λέγει
470 1925 695 1996 Κύριος.
731 1942 751 1976 ι
802 1912 1090 1986 Ἐάσαντες
1124 1916 1413 1989 τοιγαροῦν
1448 1918 1547 1982 τὰς
1582 1919 1640 1971 ὲν
1665 1915 1876 1978 τούτοις

301 2019 481 2072 αὐτῶν
504 2016 615 2069 τῶν
643 2015 818 2084 λόγων
854 2014 1116 2084 στροφὰς,
1146 2013 1242 2067 καὶ
1271 2010 1460 2082 μακρὰ
1492 2012 1614 2072 ταῖς
1640 2007 1880 2078 φλυαρη-

307 2107 569 2179 μοσύναις
616 2096 794 2159 αύτῶν
840 2106 1052 2176 χαίρειν
1098 2098 1364 2166 εἰπόντες,
1395 2102 1516 2174 ταῖς
1564 2099 1674 2152 τῶν
1707 2097 1879 2168 ἁγίων

304 2200 566 2271 Πατέρων
599 2196 1163 2266 άνθυπονοστήσωμεν
1195 2193 1394 2258 δόξαις.
1431 2192 1563 2246 Θεδν
1590 2187 1881 2260 τοιγαροῦν

305 2291 545 2353 ἅπαντες
567 2290 625 2342 ὲν
645 2286 959 2358 ἀνθρωπεία
982 2288 1162 2357 μορφῇ
1191 2284 1270 2354 τῷ
1296 2282 1398 2355 βίῳ
1420 2279 1877 2352 ὲπιδεδημηκότα,

304 2382 405 2451 τῆς
427 2381 537 2434 τῶν
563 2379 797 2433 εἰδώλων
834 2377 1179 2451 πολυτρόπου
1219 2374 1432 2444 πλάνης
1653 2367 1882 2440 ἠλευθε-

310 2473 545 2544 ρωκέναι
584 2471 914 2540 δεδείχασιν·
957 2467 1133 2532 οὕτως
1174 2466 1232 2522 αἰ
1261 2464 1599 2536 προφητικαὶ
1641 2479 1880 2535 προαγο-

312 2562 526 2633 ρεύσεις
576 2556 982 2625 τεθεσπίκασιν,
1036 2557 1211 2619 οὕτως
1258 2559 1292 2627 ἠ
1339 2553 1674 2625 ἀποστολικὴ
1723 2554 1883 2624 χάρις

312 2654 605 2724 ὲτράνωσε.
632 2636 850 2721 Ταύτην
882 2644 1045 2723 ἡμεῖς
1076 2648 1176 2721 τὴν
1193 2646 1542 2702 διδασκαλίαν
1564 2646 1666 2698 ούκ
1683 2645 1742 2697 ὲν
1760 2660 1883 2696 πει-

311 2743 427 2809 θοῖς
469 2744 658 2812 σοφίας
701 2740 1048 2813 ἀνθρωπίνης
1091 2741 1303 2808 λόγοις,
1346 2738 1462 2794 ἀλλ’
1521 2739 1580 2791 ὲν
1618 2736 1886 2798 διδακτοῖς

312 2831 653 2907 Πνεύματος,
680 2836 756 2899 ὡς
778 2836 1107 2907 γέγραπται,
1163 2828 1593 2902 ὲόεόαιώθημεν.
1644 2830 1720 2883 Οὐ
1777 2828 1886 2898 γὰρ

312 2928 461 2998 ἡμᾶς
491 2928 548 2980 αἰ
586 2927 694 2980 τῶν
718 2927 893 2996 λόγων
922 2925 1188 2996 κομψεϊαι
1226 2921 1401 2986 οὕτως
1440 2922 1586 2991 ἔχειν
1619 2919 1888 2973 πεπείκα-

318 3034 402 3073 σιν
424 3035 441 3050 ο
480 3008 752 3090 Ἑλλήνων
780 3018 891 3089 γὰρ
918 3016 1076 3070 τοῦτο
1094 3031 1109 3044 '
1144 3015 1262 3069 ἀλλ’
1287 3015 1320 3083 ἠ
1343 3012 1452 3066 τῶν
1485 3009 1886 3082 συμπερασμά-

315 3126 426 3162 των
456 3109 639 3162 αὐτῶν
679 3109 928 3178 ἀλήθεια.
975 3107 1088 3161 Ποῦ
1118 3105 1228 3178 γάρ
1256 3106 1336 3159 ἔτι
1367 3105 1428 3157 τὸ
1458 3104 1564 3156 τῶν
1589 3101 1885 3173 δαιμονίων

314 3197 560 3268 ὀλέθριον
590 3196 810 3266 στίφος;
843 3195 948 3250 ποῦ
992 3182 1049 3249 αἰ
1089 3195 1325 3249 διάκενοι
1363 3196 1460 3247 καὶ
1498 3191 1751 3263 βδελυραὶ
1778 3189 1887 3243 τῶν

315 3289 553 3344 εἰδώλων
576 3278 825 3356 τελεταῖς
859 3288 961 3342 ποῦ
990 3289 1046 3342 αἰ
1070 3287 1179 3340 τῶν
1202 3285 1571 3356 ψευδωνύμων
1596 3284 1735 3337 θεῶν
1762 3285 1885 3336 ἐπι-

318 3380 549 3451 σφαλεῖς
578 3372 671 3434 καί
703 3380 1034 3451 ψυχορθόροι
1073 3381 1352 3448 puniat;
1389 3376 1491 3430 ποῦ
1532 3377 1589 3429 αἰ
1634 3375 1888 3446 βακχεῖαι

313 3471 418 3540 τῆς
459 3463 798 3543 Ἀφροδίτης,
828 3471 923 3525 καὶ
966 3471 1036 3525 τὰ
1081 3470 1243 3540 δργια
1291 3469 1392 3535 τῆς
1445 3468 1763 3538 Δημήτρας,
1795 3466 1890 3519 καὶ

316 3565 418 3632 τῆς
451 3554 766 3634 Ἀρτέμιδος
802 3562 856 3614 αἰ
890 3560 1220 3624 ξενοκτονίαι
1246 3575 1261 3622 ;
1296 3557 1401 3610 ποῦ
1427 3558 1484 3610 αἰ
1513 3556 1607 3609 τοῦ
1634 3555 1887 3609 Διονύσου

318 3653 629 3726 παράφοροι
675 3652 881 3722 ἑορταὶ,
920 3652 1058 3721 μετὰ
1098 3653 1199 3720 τῆς
1226 3650 1469 3718 ἀθέσμου
1502 3646 1888 3718 ἀνδρομανίας,

317 3744 414 3797 καὶ
437 3745 470 3814 ἡ
497 3743 590 3796 τοῦ
613 3739 904 3812 λεγομένου
938 3731 1151 3812 Μίθρου
1182 3741 1388 3802 ἔνδικος
1421 3738 1656 3808 μύησις;
1702 3726 1805 3789 ποῦ
1835 3737 1890 3789 αἰ

319 3832 590 3901 ὑπόγειοι,
624 3832 718 3885 καὶ
745 3832 1048 3901 ὑπέργειοι,
1086 3833 1182 3884 καὶ
1215 3832 1394 3900 άὲριοι
1420 3818 1893 3898 άνθρωποκτονίαι

316 3922 430 3975 τῶν
469 3922 783 3993 λεγομένων
832 3924 971 3976 θεῶν
1024 3923 1195 3985 οὕτως
1241 3919 1725 3991 ὲπιτερπομένων;
1773 3918 1893 3988 οὐχὶ¹

317 4014 498 4070 πάντα
540 4019 605 4087 τῇ
645 4016 911 4087 ἐπιδημίᾳ
958 4013 1050 4069 τοῦ
1084 4012 1405 4084 μονογενοῦς
1448 4011 1581 4066 Υἰοῦ
1615 4010 1710 4064 τοῦ
1756 4008 1891 4064 Θεοῦ

315 4107 579 4167 ὥλλυντο,
608 4107 703 4160 καὶ
732 4107 885 4169 τέὶος
907 4106 1016 4159 πᾶν
1042 4102 1268 4175 βέϐηλον
1294 4093 1575 4169 ὲδέξαντος
1603 4103 1723 4173 οὐχὶ
1748 4104 1815 4156 τὰ
1835 4104 1893 4154 ὲν

318 4199 511 4253 κάλλει
539 4196 823 4269 δομήσεών
854 4214 984 4250 ποτε
1014 4196 1426 4265 ὲκπεποιημένα
1468 4194 1648 4247 αὐτῶν
1692 4193 1891 4262 τεμένη

317 4289 420 4343 νῦν
445 4290 744 4359 ηρίπωται,
787 4288 882 4341 καὶ
915 4288 997 4349 εἰς
1031 4286 1136 4355 γῆν
1168 4285 1590 4356 καταϐέϐληται,
1623 4284 1893 4354 αὐτοκρα-

1956 482 2114 533 vans,
2144 467 2197 521 id
2228 474 2333 531 est,
2376 464 2563 519 datam
2611 464 2665 517 in
2701 478 2761 518 se
2799 461 3033 533 Spiritus
3062 460 3316 532 gratiam.
3359 457 3529 527 Cujus

1954 559 2033 614 rei
2059 558 2234 629 gratia
2269 566 2325 613 et
2355 557 2575 613 divinus
2630 553 2797 609 David
2849 552 3039 609 multis
3069 549 3220 621 prius
3276 551 3531 622 gentibus

1957 649 2393 705 immobilitatem
2431 647 2545 703 ﬁeri
2589 644 2762 718 [fidei]
2786 645 2873 717 .ab
2917 645 3006 699 illa
3050 644 3307 699 exhibita
3339 642 3534 712 pradi-

1956 756 2092 796 cans
2121 739 2399 795 asserebat
2434 758 2448 792 :
2478 757 2497 790 ι
2530 736 2676 792 Deus
2706 737 2760 790 in
2794 737 2975 791 medio
3000 736 3122 804 ejus
3151 750 3260 788 non
3296 747 3537 789 commo-

1958 831 2212 894 vehitur;
2245 828 2446 884 etenim
2494 827 2573 900 [et
2600 826 2821 899 iterum]
2857 826 3096 881 ﬁrmavit
3139 825 3325 879 orbem
3355 832 3533 889 terra,

1960 923 2053 992 qui
2101 938 2211 978 non
2253 923 2687 978 commovebitur
2737 921 2821 988 '°;
2864 939 2883 972 ι
2942 918 3230 974 diabolicis
3285 916 3540 972 videlicr-t

1963 1015 2313 1083 impugnatus
2343 1010 2815 1067 machinamentis.
2837 1008 2975 1065 Nam
3003 1010 3104 1065 etsi
3134 1010 3538 1063 ﬁrmamentum

1962 1104 2290 1175 evangelica
2320 1102 2722 1174 pradicationis
2746 1114 2870 1172 qua
2895 1102 2948 1155 in
2981 1116 3101 1155 eam
3130 1100 3255 1154 data
3281 1108 3387 1164 est,
3425 1099 3543 1166 qui-

1964 1193 2092 1248 dam
2124 1195 2476 1264 antiquorum
2511 1193 2595 1247 vel
2641 1192 2962 1248 instantium
2997 1191 3381 1246 hareticorum
3419 1202 3545 1242 con-

1899 1322 1905 1325 -
1966 1295 2155 1341 cutere
2183 1287 2498 1351 voluerunt,
2552 1283 2660 1340 illis
2691 1293 2872 1340 tamen
2903 1282 3049 1353 quod
3107 1281 3350 1337 meditati
3392 1288 3542 1342 sunt,

1966 1377 2021 1430 in
2056 1384 2197 1446 Opus
2225 1385 2541 1446 reputatttm
2577 1383 2681 1431 est.

2039 1468 2180 1523 Huic
2228 1472 2414 1523 autem
2462 1466 2564 1523 soli
2616 1465 2972 1522 immobilitas
3018 1465 3072 1519 in
3113 1476 3376 1520 aeternum
3426 1481 3545 1522 ser-

1990 1568 2116 1614 vata
2153 1568 2238 1614 est
2264 1557 2414 1628 juxta
2444 1551 2929 1628 repromissionem
2957 1555 3104 1609 illius
3131 1556 3221 1625 qui
3252 1571 3360 1610 non
3390 1572 3547 1611 men--

1932 1696 1938 1703 .
1974 1650 2132 1717 titur,
2168 1650 2356 1704 dicens
2385 1664 2401 1702 :
2440 1665 2460 1698 ι
2501 1646 2560 1702 Si
2600 1646 2771 1702 oblita
2804 1645 2969 1701 fuerit
3005 1646 3205 1701 mulier
3239 1649 3393 1717 pueri
3437 1649 3545 1712 sui,

300 1746 521 1817 ἐλεῆσαι
546 1719 616 1798 τά
634 1719 833 1811 ἔκγονα
857 1719 957 1811 τῆς
986 1739 1193 1811 κοιλίας
1218 1719 1422 1807 αὐτῆς
1458 1736 1529 1817 Εἰ⁸
1546 1735 1604 1789 δὲ
1629 1736 1725 1801 καί
1754 1735 1875 1787 ὲπι-
1903 1719 1951 1782 Β

1978 1750 2039 1796 ιιι
2076 1753 2186 1795 ιιοιι
2216 1739 2548 1795 misereatur
2582 1737 2789 1794 sobolis
2829 1736 3039 1793 ventris
3075 1738 3203 1793 sui?
3238 1742 3386 1808 quod
3419 1741 3465 1795 si
3494 1750 3549 1794 et

1975 1832 2146 1889 oblita
2174 1831 2340 1887 fuerit
2375 1831 2540 1901 hujus
2566 1830 2786 1889 mulier,
2828 1827 2922 1884 sed
2963 1843 3065 1899 ego
3104 1843 3216 1884 non
3251 1830 3550 1885 obliviscar

1977 1921 2079 1989 t'ui,
2113 1921 2248 1977 dicit
2280 1921 2551 1976 Dominus
2572 1923 2640 1974 ἰι
2675 1928 2693 1971 ι
2729 1919 2984 1975 Dimissis
3012 1920 3197 1990 itaque
3224 1935 3547 1976 sermonum

1976 2018 2169 2069 eorum
2220 2012 2576 2075 tortionibus,
2629 2011 2833 2081 quibus
2879 2011 2931 2065 in
2976 2011 3062 2067 his
3107 2012 3190 2067 usi
3229 2020 3379 2079 sunt,
3424 2024 3480 2068 et
3519 2028 3549 2067 a

1979 2105 2141 2172 longe
2211 2103 2447 2174 garrulis
2514 2102 3068 2158 sermocinationibus
3140 2105 3386 2174 ipsorum
3453 2120 3553 2161 ave

1979 2193 2162 2259 dicto,
2228 2203 2544 2248 sanctorum
2596 2190 2819 2247 Patrum
2871 2195 3088 2264 saporis
3112 2197 3157 2228 "
3211 2197 3551 2251 delectemur

1980 2284 2358 2356 Opinionibus.
2402 2284 2570 2340 Deum
2612 2284 2778 2355 igitur
2818 2299 3007 2340 omnes
3039 2286 3196 2342 nobis
3225 2288 3280 2341 in
3312 2287 3549 2343 humana

1981 2376 2157 2432 forma
2188 2376 2244 2430 in
2272 2377 2534 2429 mundum
2563 2375 2865 2445 profectum
2896 2390 2927 2430 a
2959 2377 3281 2432 multimodo
3306 2393 3409 2433 nos
3431 2379 3553 2433 ido-

1982 2469 2163 2524 lorum
2220 2481 2408 2523 errore
2453 2467 2716 2522 liberasse
2756 2477 3243 2525 monstraverunt:
3284 2470 3364 2525 sic
3423 2485 3552 2540 pro-

1985 2562 2222 2631 phetica
2269 2560 2685 2630 prolocutiones
2729 2560 3249 2629 promulgaverunt,
3299 2562 3381 2618 sic
3419 2578 3552 2632 apo-

1987 2653 2187 2707 stolica
2215 2652 2389 2722 gratia
2425 2650 2761 2719 explanavit.
2796 2649 2911 2705 Hac
2945 2665 3047 2704 nos
3076 2651 3323 2706 doctrina
3352 2668 3460 2706 non
3497 2650 3552 2707 in

1987 2743 2446 2812 persuasibilibus
2498 2742 2751 2797 humana
2790 2743 3070 2812 sapientia
3110 2743 3308 2807 verbis,
3359 2743 3452 2798 sed
3499 2744 3554 2799 in

1986 2834 2304 2890 ostensione
2344 2834 2600 2904 Spiritus,
2639 2835 2783 2889 sicut
2815 2833 3077 2904 scriptum
3112 2844 3213 2898 est,
3269 2834 3553 2891 certiﬁcati

1988 2941 2199 2980 sumus.
2250 2918 2370 2980 Neu
2408 2926 2553 2977 enim
2612 2939 2716 2979 nos
2754 2939 3070 2979 sermonum
3132 2925 3418 2980 suasiones
3474 2925 3555 2980 sic

1988 3017 2188 3072 habere
2244 3015 2523 3082 fecerunt;
2588 3030 2924 3087 paganorum
2964 3017 3109 3071 enim
3152 3029 3236 3072 est
3290 3019 3425 3084 hoc;
3459 3019 3552 3073 sed

1990 3110 2229 3179 ipsarum
2279 3124 2461 3163 rerum
2525 3122 2647 3177 qua
2688 3106 3024 3162 conﬁrmata
3083 3107 3555 3184 [consummata]

1992 3209 2141 3265 sunt,
2178 3199 2402 3253 veritas.
2457 3199 2587 3252 Nam
2625 3198 2717 3253 ubi
2767 3206 2850 3253 est
2896 3199 3208 3267 perniciosa
3252 3197 3555 3255 damonis—

1992 3306 2113 3345 rum
2143 3290 2328 3345 acies?
2350 3290 2437 3345 ubi
2469 3290 2662 3345 inanes
2691 3297 2747 3345 et
2772 3290 3123 3345 exsecranda
3155 3290 3421 3345 idolorum
3454 3292 3557 3345 im-

1992 3381 2364 3436 molationes?
2397 3382 2487 3433 ubi
2526 3380 2647 3435 falsi
2694 3380 2935 3434 nominis
2968 3380 3194 3434 deorum
3232 3382 3561 3451 deceptoria

1992 3474 2409 3541 animarumque
2461 3472 2833 3542 corruptriees
2861 3471 3269 3527 divinationes?
3325 3472 3425 3529 Ubi
3462 3476 3559 3529 de—

1994 3563 2383 3617 bacchationes
2426 3562 2678 3627 Veneris,
2728 3572 2779 3616 et
2836 3576 2991 3616 sacra
3028 3563 3287 3634 mysteria
3337 3562 3560 3619 Cereris

1993 3663 2158 3722 atque
2202 3652 2386 3706 Diana
2433 3653 2823 3720 hospitiridia?
2855 3651 2956 3706 Ubi
2994 3652 3236 3724 Dionysii
3265 3652 3390 3724 [pro
3429 3653 3563 3708 Dio-

1996 3743 2133 3813 nysi.
2173 3740 2397 3812 Hum],
2428 3755 2645 3794 vesana
2704 3739 3025 3794 festivitates
3074 3754 3200 3793 cum
3247 3740 3435 3794 illicita
3475 3743 3562 3794 vi-

1996 3847 2184 3885 rorum
2217 3833 2459 3894 vesania,
2507 3839 2561 3884 et
2602 3829 2898 3897 nttncupati
2949 3827 3158 3881 Mithra
3192 3828 3336 3896 justa
3383 3830 3562 3884 imbu-

1999 3920 2115 3975 tio?
2163 3919 2265 3975 Ubi
2307 3919 2504 3974 subtus
2544 3922 2745 3972 terram
2791 3926 2844 3971 et
2891 3932 3056 3986 supra
3089 3926 3288 3972 terram
3336 3917 3479 3974 facta
3510 3935 3563 3976 et

1997 4009 2147 4062 aeria
2188 4007 2487 4063 homicidia
2536 4017 2858 4062 vocatorum
2910 4007 3133 4062 deorum
3188 4008 3371 4062 taliter
3415 4009 3564 4065 dele-

1997 4097 2309 4152 ctantium?
2365 4096 2555 4151 Nonne
2604 4095 2789 4150 omnia
2832 4095 3101 4170 unigeniti
3152 4093 3273 4149 Filii
3326 4094 3422 4149 Dei
3463 4096 3562 4149 ad-

2004 4197 2167 4242 ventu
2199 4187 2500 4256 perierunt,
2531 4195 2586 4242 et
2620 4187 2780 4240 fluent
2813 4184 3260 4255 profanissimnm
3306 4201 3565 4257 suscepe-

1999 4278 2169 4332 runt?
2220 4276 2413 4332 Nonne
2462 4278 2688 4346 pulchre
2736 4276 3016 4345 quondam
3071 4276 3318 4331 dedicata
3370 4292 3563 4331 eorum

316 4383 563 4448 τορικοῖς
598 4376 1051 4448 παρακελεύμασι
1096 4376 1256 4431 τοῦτο
1297 4376 1479 4428 αὐτῶν
1509 4374 1882 4439 πεπονθότων;

2001 4370 2224 4438 templa,
2279 4385 2423 4424 nunc
2472 4369 2841 4437 imperatoriis
2885 4370 3017 4425 elisa
3057 4369 3236 4438 jussis
3273 4377 3328 4423 et
3360 4368 3427 4423 ad
3461 4379 3568 4423 ter-

319 4470 462 4539 Οὐχί
485 4470 551 4521 ὲκ
578 4469 675 4538 τῆς
697 4468 952 4521 ἁπάντων
983 4466 1324 4537 Χριστιανῶν
1350 4465 1579 4536 καρδίας
1603 4467 1658 4517 αἱ
1686 4464 1888 4518 τούτων

322 4561 513 4629 μνεῖαι
540 4556 1004 4628 ὲξηφανίσθησαν,
1022 4557 1116 4609 καὶ
1140 4555 1199 4609 τὸ
1223 4557 1322 4625 τῆς
1349 4555 1681 4625 προφητείας
1707 4554 1892 4616 αὐτοῖς

322 4648 619 4717 πράγμασι
647 4647 1032 4717 περατωμένον
1053 4648 1268 4717 ὁρᾶται,
1302 4645 1361 4697 τὸ
1395 4663 1415 4696 ι
1443 4644 1720 4715 Ἐπλήσθη
1745 4646 1893 4698 πᾶσα

320 4738 358 4806 ἡ
393 4737 464 4804 γῆ
493 4734 587 4789 τοῦ
610 4736 813 4803 γνῶναι
834 4735 923 4788 τὸν
950 4734 1177 4805 Κύριον,
1207 4738 1282 4797 ὡς
1311 4732 1455 4811 ὔδωρ
1488 4734 1620 4788 πολὺ
1655 4750 1895 4787 κατακα-

322 4826 530 4881 λύπτον
577 4826 890 4889 θαλάσσας;
935 4845 953 4876 ι
1020 4825 1495 4895 Προσκυνήσωμεν
1564 4824 1742 4876 τοίνυν
1802 4825 1894 4877 τὸν

324 4915 662 4982 ἐπιφανέντα
697 4915 922 4985 Κύριον,
958 4916 1052 4967 καὶ
1081 4915 1182 4984 τῆς
1210 4914 1411 4968 τούτων
1439 4916 1585 4985 ἡμᾶς
1624 4914 1898 4984 λελυτρω-

326 5005 467 5059 κὸτα
522 5005 876 5075 παγχαλὲπου
925 5005 1157 5075 πλάνης.
1215 5006 1580 5077 ’Υμνήσωμεν
1632 5005 1798 5061 αὐτοῦ
1838 5008 1899 5060 τὸ

325 5097 713 5166 ἁπεριόριστον
745 5096 844 5166 τῆς
878 5095 1289 5166 φιλανθρωπέας
1312 5111 1325 5124 ·
1358 5095 1685 5166 κηρύξωμεν
1724 5099 1783 5149 ὲν
1820 5096 1899 5165 τῷ

324 5189 429 5255 τῆς
444 5184 1056 5256 ήμετέραςἘκκλησίας
1075 5184 1395 5255 ὑψηλοτάτῳ
1411 5185 1529 5255 ὄρει
1545 5187 1644 5255 τὴν
1664 5185 1901 5258 φρικτὴν

326 5279 424 5332 καὶ
458 5279 837 5348 άνὲκφραστον
864 5277 1032 5331 αὑτοῦ
1063 5277 1165 5346 τῆς
1208 5277 1517 5347 οἰκονομίας
1551 5281 1901 5346 συγκαταϐαι

325 5384 448 5420 σιν’
478 5367 786 5437 ύψὼσωμεν
823 5367 922 5432 τὰς
952 5366 1133 5436 φωνὰς
1175 5369 1232 5418 ὲν
1264 5368 1430 5436 ἰσχύι,
1462 5370 1556 5423 καὶ
1591 5370 1666 5441 μὴ
1697 5371 1899 5439 φεισώ-

327 5455 471 5527 μεθα
500 5456 601 5527 τὴν
633 5453 1111 5527 μεγαλοπρέπειαν
1154 5458 1248 5528 τῆς
1278 5457 1437 5529 δόξης
1475 5460 1663 5525 αὐτοῦ,
1694 5462 1895 5532 δηλαδὴ

1998 4476 2115 4514 ram
2151 4469 2424 4530 prostrata
2457 4461 2626 4515 sunt?
2657 4460 2849 4514 Nonne
2895 4461 3174 4515 memoria
3215 4461 3459 4530 ipsorum
3496 4462 3566 4515 ab

2001 4551 2249 4606 omnium
2282 4550 2449 4606 corde
2487 4550 2930 4605 Christianorum
2961 4552 3372 4621 disparuerunt,
3415 4563 3469 4607 et
3504 4554 3567 4607 il-

2003 4645 2094 4699 lud
2127 4644 2427 4713 prophetia:
2460 4644 2597 4712 ipsis
2632 4645 2795 4699 rebus
2839 4643 3043 4697 factum
3072 4644 3360 4713 aspicitur,
3413 4647 3566 4699 vide-

2003 4736 2132 4790 licet
2164 4755 2176 4789 :
2221 4755 2239 4787 ι
2278 4735 2502 4805 ltepleta
2544 4746 2627 4790 est
2676 4745 2819 4789 terra
2853 4736 3218 4805 cognoscendi
3252 4734 3562 4799 Dominum,
3652 4764 3653 4767 η

2004 4827 2159 4895 quasi
2209 4840 2350 4893 aqua
2401 4827 2571 4879 multa
2617 4842 2737 4895 qua
2780 4826 2956 4895 operit
2997 4840 3149 4880 mare
3171 4824 3259 4878 ιιι
3295 4845 3312 4876 ι
3358 4828 3557 4883 Adore-

2005 4932 2128 4970 tnus
2165 4916 2334 4987 igitur
2368 4915 2660 4971 Dotninum
2693 4918 2786 4986 qui
2835 4916 3107 4987 apparuit,
3143 4927 3198 4971 et
3228 4917 3300 4971 ab
3329 4917 3432 4973 hoc
3462 4934 3564 4975 nos

2000 5008 2303 5061 saevissimo
2366 5007 2622 5061 liberavit
2678 5022 2886 5062 errore.
2971 5008 3245 5078 Hymnum
3316 5009 3566 5064 dicamus

2002 5097 2177 5167 ipsius
2206 5098 2431 5153 inﬁnita
2463 5098 2877 5163 misericordia,
2910 5100 3272 5169 pradicemus
3306 5099 3565 5155 Ecclesia

2004 5197 2204 5244 nostra
2245 5189 2517 5244 altissimo
2562 5192 2736 5244 monti
2786 5190 3101 5246 horribilem
3143 5198 3197 5245 et
3242 5189 3565 5243 ineffabilem

2001 5280 2433 5349 dispensationis
2482 5279 2602 5350 ejus
2659 5280 3091 5336 condescensum
3160 5278 3564 5352 {consensum}.

2002 5372 2319 5427 Exaltemus
2366 5385 2530 5426 voces
2566 5372 2620 5426 in
2658 5371 3017 5438 fortitudine,
3057 5383 3113 5425 et
3160 5385 3228 5424 ne
3276 5386 3567 5440 parcamus

2011 5462 2471 5533 magniﬁcentiam
2518 5463 2821 5532 majestatis
2871 5462 2988 5530 ejus
3038 5462 3562 5532 incomprehensibi-

400 5611 441 5649 η
470 5609 512 5664 ll
543 5588 671 5664 (ῖότ.
702 5618 853 5678 χῃσι.
950 5614 995 5644 ²⁰
1025 5610 1171 5685 Psal.
1214 5628 1338 5676 τιν,
1397 5612 1465 5677 6;
1513 5628 1643 5678 xcv,
1684 5616 1756 5673 10.
1829 5615 1873 5646 ¹¹

1995 5656 2009 5671 .
2058 5630 2204 5680 xux,
2238 5616 2324 5671 15.
2402 5618 2445 5647 ¹¹
2479 5615 2518 5685 f.
2547 5615 2773 5683 sapiclis.
2803 5613 2865 5667 V.
2895 5629 2953 5685 c.r
2984 5612 3123 5685 Jolyi
3177 5602 3315 5685 nihil
3371 5592 3569 5684 mutat,

324 5695 506 5738 neque
568 5697 695 5735 vero
763 5698 986 5738 necesse
1018 5681 1121 5737 fuit
1168 5698 1292 5736 cum
1339 5699 1561 5751 aaporua
1602 5685 1863 5753 adjective
1887 5687 2106 5740 dieatur
2135 5702 2241 5740 non
2274 5701 2434 5742 secus
2474 5681 2537 5739 ac
2566 5681 2785 5753 sdpidis.

2863 5686 2907 5715 "
2944 5684 3046 5739 lsa.
3078 5684 3159 5748 τι,
3193 5684 3243 5738 9.
