3882 6204
483 261 617 332 1327
1490 259 1882 328 ΕΡΙΡΗΑΝΙΙ
1923 266 2069 326 CAT.

2175 268 2384 329 ENSIS
2422 267 2730 331 DIACONI
3515 287 3608 355 1328

483 375 614 442 lem,
647 374 878 443 scilicet
928 371 1197 430 aﬂ‘ectum
1248 387 1410 444 quem
1456 389 1585 445 erga
1637 389 1742 431 nos
1789 373 2059 438 exhibuit,

2175 375 2261 445 τὴν
2309 379 2438 448 περὶ
2475 379 2625 449 ἡμᾶς
2669 377 2838 434 αὐτοῦ
2890 379 3257 454 ἀκατάληπτον
3299 379 3608 465 ἐκδιηγούμενοι

485 473 832 522 enarrantes.
889 463 1146 521 Dicamus
1201 464 1270 521 ad
1322 479 1448 520 eum
1493 474 1552 519 ct
1603 479 1704 520 nos
1753 477 1879 518 cum
1929 477 2061 534 pro-

2175 468 2425 557 στοργήν.
2460 468 2724 541 Εῐπωμεν
2781 469 2920 540 μετὰ
2971 471 3061 526 τοῦ
3107 477 3356 547 προφήτου
3393 484 3467 536 καὶ
3500 463 3609 557 ἦμεῖς

486 557 654 627 pheta
691 573 706 612 :
748 577 767 612 ι
805 555 942 624 Quis
969 556 1118 613 Deus
1147 555 1292 612 sicut
1320 565 1400 626 tu,
1428 555 1686 612 auferens
1719 555 2057 626 iniquitates,

2175 554 2303 626 πρὸς
2330 557 2524 610 αὐτόν·
2557 575 2577 610 ι
2611 557 2708 622 Τίς
2731 557 2866 622 Θεὸς
2891 557 3077 632 ὥσπερ
3106 562 3187 628 σὺ,
3213 563 3414 638 ἐξαιρῶν
3431 554 3609 643 ἀνομίας,

488 656 543 702 et
576 647 858 704 occultans
888 655 1114 718 peccata
1150 647 1388 704 residuis
1418 647 1756 703 baereditatis
1787 645 1997 702 tuae"!
2033 663 2056 700 ι

2175 645 2261 700 καὶ
2283 645 2653 718 ἀποκρύπτων
2677 648 2957 719 ἁμαρτίας
2979 651 3088 714 τοῖς
3109 653 3414 720 καταλοίποις
3437 660 3511 730 τῆς
3530 661 3611 732 an.

487 738 756 794 Praeterea
813 739 1017 794 choros
1074 739 1346 796 ducamus
1404 755 1529 795 cum
1582 739 1838 810 praesenti
1902 753 2062 796 sacro

2175 735 2426 805 ρονομιας
2459 753 2553 790 σου
2579 753 2594 803 ;
2633 756 2652 789 ι
2686 738 3144 810 Συγχορεύσωμεν
3169 741 3222 797 δὲ
3249 746 3331 799 καὶ
3353 750 3410 819 τῇ
3437 739 3628 824 παρούσῇ

488 828 842 894 commercio,
881 843 984 884 ave
1010 829 1086 884 illi
1115 828 1260 884 aﬂ‘ati
1294 839 1552 900 tanquam
1602 830 1784 901 gaudii
1816 831 2059 886 bravium

2175 825 2290 897 ἱερᾷ
2301 825 2631 897 πανηγύρει,
2649 827 2728 895 τὸ,
2748 829 2944 898 Χαῖρε,
2959 830 3093 900 αὐτῇ
3110 833 3548 906 προσφθεγγὸμενοι,
3565 842 3612 903 ὡς

2165 916 2264 986 τῆς
2295 919 2472 990 καρίς
2515 917 2936 990 βραδευτήριονο
2972 921 3190 992 Χαίροις
3230 925 3404 992 τοίνυν,
3437 921 3476 982 ὦ
3511 931 3616 994 ἱερὼ.

2165 1026 2296 1064 τατε
2330 1009 2557 1079 σύλλογε
2589 1010 2741 1074 θείας
2773 1011 2869 1065 καὶ
2903 1013 3178 1084 ἱερατικῆς
3213 1017 3502 1088 δμηγύρεως,
3523 1021 3616 1074 Χαξ.

2169 1115 2306 1172 ροις,
2335 1099 2512 1168 ἁγίων
2551 1099 2814 1170 Πατὲρων
2867 1101 3132 1170 ἁγιώτατε
3165 1104 3404 1176 πρόμαχε.
3442 1107 3617 1180 Χαίροις,

2167 1188 2304 1244 Θεοῦ
2355 1189 2756 1260 ἀψευδέστατον
2806 1191 3100 1264 ἄθροισμα,
3138 1195 3194 1248 ἑν
3220 1189 3261 1263 ᾧ
3303 1197 3414 1261 Θεὸς
3443 1202 3490 1252 ἐν
3518 1201 3619 1270 μίτῳ

2169 1279 2538 1352 περιπολεύει,
2564 1282 2640 1344 ὡς
2654 1283 2988 1354 γέγραπται.
3010 1287 3248 1357 Χαίροις,
3276 1291 3434 1360 χορεία
3454 1307 3620 1360 πνευμαι

2167 1373 2327 1441 τικῆς
2357 1371 2644 1443 δᾳδουχίας
2685 1373 2946 1440 ἀνάπλεε,
2977 1374 3036 1440 ἐξ
3073 1371 3141 1448 ἦς
3177 1379 3204 1429 δ
3239 1379 3621 1450 καταλαμπόμενος

487 919 810 974 tribuentes.
833 917 1020 974 Gaude
1052 919 1240 989 igitur,
1291 919 1727 976 sacratissimum
1769 921 2058 991 collegium

487 1009 660 1066 divini
709 1023 776 1064 ac
819 1009 1022 1064 sacrati
1071 1019 1394 1065 conventus.
1427 1007 1694 1074 Gaudete,
1731 1019 2062 1065 sanctorum

487 1101 709 1156 Patrum
763 1100 1104 1156 sanctissimi
1174 1109 1635 1172 propugnatores.
1693 1099 1908 1164 Gaude,
1943 1101 2063 1157 sine

489 1192 776 1248 mendacio
806 1192 1178 1262 congregatio,
1199 1191 1268 1246 ~in
1299 1192 1460 1261 cujus
1493 1191 1673 1247 medio
1703 1189 1846 1248 Deus
1883 1191 2062 1246 inam-

487 1284 656 1350 bulat,
691 1283 834 1338 sicut
864 1283 1130 1353 scriptum
1164 1292 1248 1338 est
1273 1284 1344 1336 ⁸³.
1373 1283 1583 1348 Gaude,
1624 1284 1920 1338 concilium
1953 1282 2065 1353 spi-

489 1377 636 1432 ritali
665 1376 1007 1446 apparitione
1031 1373 1292 1428 refertum
1331 1392 1345 1428 :
1377 1389 1440 1429 ex
1467 1389 1576 1444 qna
1607 1375 1698 1444 qui
1733 1374 2062 1436 illustratur,

487 1483 600 1524 non
635 1466 874 1523 offendet
905 1466 973 1522 ad
1017 1465 1249 1536 lapidem
1299 1465 1566 1521 haeretica!
1617 1465 1875 1536 falsaeque
1907 1465 2058 1521 locu-

2175 1463 2230 1518 οὐ
2257 1462 2557 1532 προσκόψει
2583 1463 2719 1532 πρὸς
2739 1463 2886 1518 λίθον
2917 1467 3198 1537 αἱρετικῆς
3219 1468 3520 1538 ψευδοδοξίας,
3537 1472 3622 1534 τοὺς

492 1559 664 1616 tionis
709 1557 986 1628 spiritales
1030 1556 1228 1612 animae
1274 1556 1458 1627 pedes.
1493 1557 1704 1623 Gaude,
1754 1559 2066 1627 speculator

2175 1547 2540 1624 νοητοὺς’τῆς
2587 1553 2768 1624 ψυχῆς
2811 1557 2997 1621 πόδας.
3026 1558 3263 1630 Χαίροις,
3305 1560 3332 1613 ὁ
3361 1561 3518 1624 σκοπὶς
3549 1562 3624 1613 τῶν

493 1650 804 1707 divinarum
847 1648 1302 1719 iudagatiouum;
1353 1663 1516 1717 quem
1559 1649 1654 1717 qui
1702 1651 1946 1704 modeste
1975 1664 2064 1704 se-

2175 1647 2329 1702 θείων
2369 1644 2674 1716 δηλώσεων,
2716 1641 2761 1716 ᾧ
2803 1650 2834 1701 ὁ
2871 1649 3158 1721 εὐρύθμως
3195 1651 3423 1722 ἑπόμενος
3459 1650 3624 1720 τῆςάτ-

487 1741 698 1810 quitur,
731 1756 763 1795 a
790 1741 1078 1794 minitante
1097 1739 1414 1808 rbomphaea
1443 1740 1673 1794 eruitur.
1703 1739 1913 1807 Gaude,
1934 1756 2069 1796 sem-

2175 1739 2424 1810 ειλούσης
2463 1739 2739 1812 ῥομφαίας
2773 1741 3050 1812 ἐκρύεται.
3075 1743 3308 1812 Χαῖροις,
3335 1742 3622 1796 ἀειθαλίστατι

489 1847 586 1902 per
619 1830 811 1886 floride
842 1829 1120 1900 paradise,
1157 1831 1210 1886 in
1250 1831 1414 1901 cujus
1463 1832 1645 1888 medio
1687 1833 1813 1888 vitae
1851 1833 2061 1903 lignum

2175 1833 2492 1902 παράδεισε,
2518 1835 2576 1887 ὲν
2608 1829 2652 1903 ᾧ
2689 1833 2789 1902 τῆς
2825 1833 2976 1905 ζωῆς
3009 1838 3068 1888 ὲν
3097 1836 3241 1907 μέσῳ
3273 1836 3328 1890 τὸ
3353 1835 3478 1904 ξύλον
3503 1835 3624 1904 πεφύ-

490 1924 788 1992 plantatuin
837 1933 940 1988 est,
991 1938 1092 1992 per
1141 1922 1607 1992 quadripartitum
1651 1923 2065 1996 Evangeliorum

2175 1941 2377 1989 τευται,
2405 1923 2493 1978 διὰ
2516 1926 2616 1995 τῆς
2634 1927 3007 1998 τετραστόμου
3045 1926 3150 1980 τῶν
3164 1923 3466 1996 Εὐαγγελίων
3487 1925 3627 1986 scelio;

489 2015 704 2069 laticem
763 2029 1070 2084 aspersum.
1133 2013 1341 2080 Gaude,
1373 2029 1538 2070 aurea
1574 2015 1848 2084 ignitaquc
1869 2015 2069 2070 colum-

2175 2013 2550 2084 ἀρδευόμενον.
2588 2013 2838 2086 Χαίροις,
2881 2013 3330 2085 χριστοπύρσευτε
3363 2013 3508 2076 οτύλε,
3533 2012 3628 2066 ότὸν

492 2122 583 2172 na,
639 2122 841 2160 novum
909 2106 1004 2161 Dei
1056 2104 1246 2170 Israel,
1289 2107 1487 2162 lucidis
1520 2107 1833 2176 dogmatum
1863 2108 2069 2162 doctri-

2175 2105 2292 2158 νέον
2325 2104 2420 2158 τοῦ
2449 2105 2586 2158 Θεοῦ
2630 2104 2850 2175 Ἰσραὴλ
2884 2107 3006 2168 ταῖς
3037 2107 3328 2176 φωτοφαέσι
3364 2106 3454 2160 τῶν
3484 2102 3628 2172 δογμά-

492 2197 580 2252 nis
624 2197 694 2252 ab
743 2195 1068 2268 Egyptiaca
1119 2212 1326 2260 manu,
1384 2198 1436 2251 id
1493 2207 1578 2252 est
1628 2197 2063 2253 baeretizantium

2175 2214 2279 2250 των
2297 2195 2672 2260 διδασκαλίαις
2693 2196 2793 2266 τῆς
2811 2197 3190 2268 Αἰγυπτιακῆς
3203 2197 3366 2268 χειρὸς
3379 2198 3626 2276 ἀπαλλάξαςι

491 2301 680 2342 errore
717 2287 993 2350 liberans,
1028 2297 1082 2343 et
1128 2289 1195 2343 ad
1249 2297 1452 2344 terram
1486 2288 1930 2359 repromissionis
1970 2289 2067 2343 Pa-

2175 2286 2272 2354 τῆς
2298 2284 2409 2338 τῶν
2438 2285 2827 2355 αίρετιζόντων
2855 2285 3316 2356 περιπλανήσεως,
3343 2288 3423 2338 καὶ
3443 2285 3548 2356 πρὸς
3563 2285 3630 2354 τὴν

493 2385 646 2434 trum
671 2379 998 2434 ortbodoxia
1033 2379 1329 2436 deducens.
1364 2379 1638 2434 Audacter
1668 2380 1722 2434 in
1746 2381 2067 2436 ostensione

2175 2374 2281 2444 γῆν
2307 2375 2406 2446 τῆς
2432 2374 2766 2442 ἐπαγγελίας
2794 2377 2860 2446 τῇ
2889 2373 3001 2428 τῶν
3030 2375 3277 2445 Πατέρων
3301 2375 3526 2448 ὀρθοδοξῖᾳ
3541 2375 3630 2426 καθ·

493 2471 744 2526 vcritatis
777 2479 833 2524 et
861 2470 1187 2526 fiducialiter
1218 2485 1341 2540 age.
1380 2470 1642 2526 Rcvelata
1668 2470 1810 2527 facie
1836 2471 2065 2541 gloriam

2175 2465 2470 2537 οδηγήσας.
2503 2465 2798 2536 Εὑτόλμως
2826 2467 2920 2519 ἐπὶ
2949 2469 3018 2536 τῇ
3053 2465 3303 2531 ἀναδείξει
3333 2467 3416 2536 τῆς
3448 2463 3627 2536 ἀληθείας

492 2578 662 2618 εδει-ω
685 2572 738 2618 et
767 2563 1050 2617 catholica:
1075 2561 1339 2619 Ecclesia:
1361 2563 1621 2632 praedica.
1651 2561 1828 2634 Supra
1859 2573 2067 2634 petram

492 2654 705 2710 stabilis
728 2656 1168 2714 conversationis
1197 2655 1484 2712 versatiles
1515 2655 1881 2726 quorumdam
1911 2671 2062 2710 men-

2175 2651 2332 2720 δόξαν
2386 2649 2487 2720 τῆς
2547 2650 2698 2720 ἱερᾶς
2730 2650 2826 2702 καὶ
2866 2649 3163 2719 καθολικῆς
3193 2647 3476 2718 Ἑκκλησίας
3514 2645 3626 2716 κήρυ-

503 2756 585 2802 tes
615 2733 887 2805 doctrinis
921 2746 1210 2802 confirma.

2193 2745 2304 2812 εον,
2330 2743 2425 2797 ἐπὶ
2459 2743 2560 2812 τὴν
2601 2742 2807 2813 πέτραν
2833 2741 2936 2812 τῆς
3006 2742 3227 2812 στερεᾶς
3286 2740 3526 2810 ὁμολογίας
3563 2735 3630 2792 τὰς

491 2838 900 2908 εύμεταφύρους
926 2839 1035 2892 τῶν
1061 2855 1222 2892 τινων
1250 2838 1490 2902 διανοίας
1521 2841 1644 2902 ταῖς
1685 2839 2062 2904 διδασκαλίαις
2083 2836 2482 2908 ὑποστηρίζων.

563 2926 755 2998 Tuque
789 2928 1096 2997 praecipue,
1136 2943 1170 2983 ο
1211 2936 1530 2984 sanctorum
1569 2929 1792 2984 Patrum
1832 2944 2060 2985 concors

2238 2926 2310 2980 Σύ
2345 2942 2402 2980 τε
2434 2924 2556 2978 κατ’
2589 2923 2889 2994 ἐξαίρετον,
2923 2917 2971 2977 ὦ
3004 2923 3165 2996 ἱερῶν
3202 2923 3432 2994 Πατίρων
3457 2921 3632 2987 σύστοιχι

491 3028 548 3076 et
580 3019 953 3076 sacratissime
1001 3033 1202 3090 prreco,
1247 3029 1413 3090 atque
1447 3019 1705 3074 instantis
1746 3020 1920 3074 nostri
1956 3033 2068 3074 cm-

2175 3017 2484 3090 ῐεροκῆρυξ,
2513 3017 2608 3070 καὶ
2633 3016 2728 3069 τοῦ
2756 3016 3028 3086 παρόντος
3054 3015 3210 3085 ἡμῶν
3237 3014 3462 3082 συλλόγου
3481 3011 3634 3080 ἑξαρχε,

493 3119 582 3168 tus
629 3108 889 3174 exarchc,
935 3108 1033 3178 qui
1085 3108 1379 3163 sublimem
1430 3109 1590 3164 nobis
1641 3123 1738 3176 per
1787 3107 2065 3164 Christum

2175 3113 2196 3164 θ
2255 3109 2347 3163 τὸν
2401 3107 2696 3178 μετάρσιον
2737 3107 2868 3176 ἡμῖν
2908 3105 3002 3159 διὰ
3043 3103 3273 3176 Χριστοῦ
3306 3101 3634 3162 κατασκευάζων

495 3202 752 3256 thronum
781 3200 1043 3262 adornas,
1075 3199 1256 3270 magni
1287 3210 1342 3254 et
1371 3199 1530 3269 primi
1563 3197 1807 3254 Pastoris
1836 3200 2069 3267 diligen-

2175 3201 2376 3272 θρόνον,
2407 3199 2468 3254 τδ
2502 3198 2594 3252 τοῦ
2635 3197 2874 3268 μεγάλου
2910 3197 3012 3251 καὶ
3049 3197 3258 3268 πρώτου
3286 3193 3507 3263 Ποιμένος
3529 3193 3635 3257 expi-

499 3293 768 3349 tissimum
797 3291 1102 3361 speculum,
1127 3288 1366 3360 Spiritus
1398 3289 1821 3345 mundissimum
1853 3288 2069 3344 habita-

2175 3293 2428 3346 Βέστατον
2463 3291 2749 3361 ἔσοπτρον,
2780 3288 2842 3342 τὸ
2866 3287 2964 3342 τοῦ
3002 3289 3306 3358 Πνεύματος
3345 3285 3637 3355 καθαρώτατον

495 3383 705 3448 culum,
739 3381 1046 3436 rectissima
1097 3380 1534 3434 orthodoxorum
1577 3377 1894 3448 dogmatum
1935 3392 2069 3447 pon-

2175 3383 2516 3452 ὲνδιαίτημα,
2564 3384 2598 3452 ἡ
2653 3380 2921 3450 εύθυτάτη
2961 3379 3079 3434 τῶν
3118 3379 3391 3451 ὀρθοδόξων
3427 3375 3638 3444 δογμάτων

497 3472 730 3536 deratio,
763 3470 1044 3541 politaque
1074 3469 1131 3523 in
1159 3468 1380 3524 Christo
1407 3467 1848 3524 conversationis
1873 3469 2069 3524 habita

2175 3475 2406 3546 στάθμη.
2453 3475 2483 3526 ὀ
2527 3471 2896 3541 ἀπεξεσμὲνος
2939 3471 3050 3542 τῆς
3092 3473 3149 3524 ὲν
3200 3467 3400 3540 Χριστῷ
3441 3461 3638 3522 πολιτείας

498 3566 711 3638 regula,
745 3561 1192 3618 nominatissima
1225 3551 1473 3625 lucerna,
1517 3570 1573 3615 et
1616 3570 1820 3631 septem
1873 3560 2069 3617 cande-

2175 3564 2372 3631 κανὼν,
2420 3564 2451 3616 ὀ
2498 3563 2844 3636 περιώνυμος
2877 3563 2977 3616 καὶ
3023 3561 3331 3632 ἑπταφώτου
3360 3556 3539 3626 λυχνίας
3559 3553 3640 3606 ὀλι-

495 3658 775 3715 labrorum
805 3653 1108 3710 luminibus
1149 3661 1264 3708 tota
1296 3651 1680 3721 fulgidissima.
1707 3651 2069 3722 Resplendere

2175 3656 2589 3728 λαμπρέστατος
2610 3655 2831 3724 λύχνος’
2868 3655 3116 3726 πύρσευε
3142 3656 3270 3725 ἡμῖν
3295 3653 3361 3716 ὡς
3388 3651 3440 3715 ἐξ
3462 3647 3642 3702 ἀπόπτου

499 3750 588 3807 fac
621 3747 784 3806 nobis
813 3753 1078 3816 tanquam
1109 3759 1177 3800 ex
1214 3744 1480 3799 invisibili
1520 3745 1856 3800 candelabro
1903 3759 2069 3801 sacrm

2175 3747 2394 3818 λυχνίας
2435 3747 2536 3817 τῆς
2582 3747 2734 3816 ἱερᾶς
2773 3744 3046 3816 καθέδρας
3073 3745 3181 3798 τῶν
3209 3741 3499 3814 φανωτάτων
3521 3737 3642 3802 λόγων

498 3841 778 3898 cathedra
822 3835 1368 3892 evidentissimorum
1419 3835 1710 3890 verborum
1769 3834 2069 3904 perspicui-

2175 3837 2270 3900 τὰς
2297 3836 2604 3905 διαυγείας.
2637 3836 2942 3906 Διάθρυπτε
2991 3835 3050 3888 δὲ
3085 3835 3176 3888 καὶ
3222 3836 3327 3896 τοῖς
3361 3828 3547 3885 πεινῶσι
3581 3823 3644 3876 τδν

499 3941 662 3989 tates.
715 3926 996 3986 Distribue
1038 3933 1222 3980 autem
1271 3931 1328 3980 et
1374 3924 1748 3980 esurientibus
1794 3924 2069 3978 vivificum

2175 3925 2549 3990 ζωτικώτατον
2577 3925 2678 3996 τῆς
2704 3925 2856 3988 θείας
2885 3924 3234 3987 διδασκαλίας
3259 3923 3406 3994 ἄρτον
3425 3939 3438 3952 ·
3466 3913 3643 3982 x3109!-

499 4018 670 4077 divini
721 4015 1026 4089 magisterii
1079 4027 1321 4084 panem,
1375 4019 1429 4067 et
1475 4013 1624 4068 nutri
1692 4012 1952 4082 populum
2016 4011 2069 4066 in

2175 4017 2274 4087 ψον
2301 4015 2428 4070 λαδν
2459 4017 2517 4068 ὲν
2547 4015 2676 4088 ξένῃ
2699 4017 2794 4088 γῇ,
2826 4014 3040 4088 ἀλήτην
3071 4015 3412 4086 γεγενημένον
3437 4009 3516 4082 τῆς
3537 4007 3644 4076 alpi-

498 4120 763 4168 extranea
823 4116 967 4162 terra
1038 4119 1235 4175 vagum
1299 4102 1558 4159 effectum
1615 4103 1860 4158 haeretici
1924 4103 2069 4158 inco-

2175 4107 2329 4177 τικῆς
2351 4105 2694 4168 ἁποικεσίας.

500 4205 665 4259 latus.

569 4289 812 4346 Etﬁcerc.
839 4287 1001 4342 nobis
1034 4298 1212 4339 novus
1247 4281 1450 4351 .loseph
1492 4280 1758 4338 frumenti
1797 4282 1972 4348 dator,
2015 4289 2069 4336 et

2243 4279 2408 4335 Γενοῢ
2432 4281 2564 4351 ἡμῖν
2592 4280 2711 4344 νέος
2755 4279 2963 4352 Ἰωσὴφ
2991 4283 3267 4352 σιτοδότης
3307 4283 3416 4342 ταῖς
3457 4273 3643 4344 ἀπορεσις

499 4369 888 4453 ambiguitates
915 4376 1327 4446 scripturalium
1362 4374 1664 4444 explanans
1693 4373 2066 4444 aenigmatum,

2175 4371 2279 4425 τῶν
2321 4370 2618 4442 Γραφικῶν
2662 4371 3009 4440 αίνιγμάτων
3051 4374 3172 4436 ταῖς
3215 4369 3514 4441 εύπορίστοις
3552 4363 3644 4453 ἀναν

499 4449 703 4546 opimis
755 4485 856 4527 nos
895 4477 950 4524 et
984 4467 1326 4538 spiritalibus
1367 4466 1920 4536 interpretationibus
1969 4480 2069 4519 nu-

2175 4463 2400 4532 πτύξεσι
2447 4463 2557 4518 τῶν
2595 4463 2989 4533 πνευματικῶν
3033 4462 3333 4537 ἐρμηνειῶν
3365 4461 3491 4532 ἡμᾶς
3511 4449 3644 4546 Empta

503 4539 593 4629 tri.
627 4569 791 4626 Eleva
819 4565 1012 4623 oculos
1054 4574 1204 4630 tuos,
1253 4571 1308 4615 et
1355 4560 1478 4616 vide
1518 4575 1686 4631 super
1733 4571 1782 4614 te
1813 4559 2069 4615 collectos

2175 4573 2309 4626 φων.
2335 4551 2504 4628 Ἆρον
2529 4555 2714 4625 κύκλῳ
2747 4556 2876 4619 τοὺς
2911 4553 3226 4628 ὀφθαλμούς
3263 4569 3351 4608 σου
3373 4592 3386 4615 ,
3411 4550 3492 4604 καὶ
3507 4546 3564 4600 ίδε
3582 4539 3646 4595 tsi

506 4636 648 4718 illius
685 4672 832 4727 tuos,
873 4657 967 4728 qui
1013 4656 1264 4726 luporum
1307 4649 1801 4722 congressionibus
1839 4647 2069 4718 dispersi

2175 4648 2237 4702 οὶ
2265 4646 2582 4717 συνηγμένα
2619 4646 2690 4700 τὰ
2725 4645 2894 4700 τέκνα
2927 4663 3023 4699 σου
3047 4687 3063 4711 ,
3088 4646 3126 4702 ἃ
3147 4649 3260 4708 ταῖς
3299 4642 3397 4698 τῶν
3418 4642 3560 4728 λύκων
3580 4635 3646 4695 ἐφ’

504 4763 652 4812 sunt.
699 4724 928 4809 Plenum
976 4724 1088 4804 tibi
1117 4761 1241 4804 esse
1281 4759 1446 4800 omne
1485 4739 1926 4799 sacratissimum
1967 4738 2069 4793 hoc

2175 4737 2315 4800 ὀδοις
2363 4737 2750 4807 διεσκόρπιστο
2777 4753 2790 4766 ·
2826 4735 3052 4808 πλήρης
3100 4752 3182 4789 σοι
3233 4735 3335 4794 πᾶς
3367 4732 3393 4785 δ

504 4847 689 4902 divino
714 4843 934 4898 decreto
967 4837 1229 4908 templum
1257 4835 1616 4905 conspicitur.
1661 4830 1870 4887 Crebro
1913 4843 2069 4883 men-

2175 4822 2331 4891 οὗτος
2381 4826 2476 4881 τοῦ
2520 4826 2668 4880 θείου
2731 4828 3120 4897 συντάγματος
3143 4826 3273 4890 νεὼς
3296 4826 3485 4896 ὁρᾶται.
3510 4819 3647 4908 Ποπινῴ

505 4942 578 4997 tis
613 4947 721 4993 tum
768 4934 908 4990 saltu
959 4930 1260 4988 bestiarum
1307 4938 1629 4997 praeoccupa
1684 4923 1922 4992 impetus
1949 4959 1963 4983 ,
2021 4928 2076 4975 et

507 5033 610 5088 bos
660 5022 998 5098 praeveniens
1055 5017 1328 5088 sapientia
1380 5025 1474 5070 tua
1521 5011 1772 5069 exclude.
1846 5010 2076 5081 Semper

506 5123 636 5182 ovili
667 5129 764 5175 tno
788 5111 1238 5184 tranquillitatem
1273 5106 1530 5164 concilia.
1561 5103 1838 5159 Pramuni
1886 5109 2072 5157 autem

504 5219 616 5275 hoc
663 5207 1046 5281 frequentibus
1093 5217 1160 5258 ac
1201 5200 1343 5256 bene
1403 5196 1729 5254 sonantibus
1781 5194 1850 5250 ad
1904 5193 2074 5248 Deum

505 5307 726 5368 emissis
761 5298 1130 5361 orationibus,
1179 5300 1240 5348 ut
1270 5291 1371 5348 tibi
1414 5291 1471 5346 in
1515 5288 1924 5346 multitudinem
1972 5301 2073 5340 au-

507 5411 698 5474 geatur
757 5391 1062 5452 secundum
1113 5383 1596 5474 repromissionesr
1641 5395 1764 5474 quae
1818 5385 1964 5474 sunt
2018 5377 2075 5474 in

507 5467 783 5549 attraham
830 5487 1006 5542 instar
1057 5486 1332 5537 astrorum
1387 5473 1604 5532 numeri
1652 5472 1828 5528 factae.
1889 5467 2078 5524 Gaude

508 5595 638 5638 vero
667 5591 721 5638 et
752 5588 834 5647 tu,
867 5571 1229 5630 Nicaeensium
1255 5566 1458 5638 inclyta
1511 5563 1665 5630 urbs,
1687 5562 1830 5618 inter
1876 5568 2077 5616 metro-

581 5693 628 5726 "
663 5691 825 5748 Mich.
859 5703 959 5756 vn,
990 5684 1077 5742 l8.
1152 5682 1199 5715 "
1229 5679 1375 5737 Psal.
1407 5693 1456 5746 ο,
1488 5676 1543 5730 2.

2177 2557 2646 2630 παρῤησιάσθητι.
2717 2557 3245 2630 ’Δνακεκαλυμμένῳ
3304 2557 3529 2628 προσώπῳ
3565 2554 3628 2624 τὴν

2175 4937 2269 4974 σου
2315 4919 2416 4990 τῆς
2457 4919 2696 4982 διανοίας
2730 4917 2937 4989 ἁλματι
2973 4919 3079 4984 τὰς
3130 4917 3238 4970 τῶν
3269 4913 3436 4986 θηρῶν
3468 4905 3644 4981 προλάμ-

2175 5009 2306 5064 ϐανε
2355 5007 2600 5078 ἐφόδους,
2633 5007 2728 5062 καὶ
2774 5007 2986 5072 ταύτας
3030 5011 3100 5080 τῇ
3157 5009 3224 5079 σῇ
3283 5003 3432 5074 σοφίᾳ
3472 5007 3645 5068 προαπο-

2175 5097 2389 5154 κλείων.
2432 5097 2547 5151 ’Δεί
2583 5113 2678 5151 σου
2706 5097 2774 5168 τῇ
2815 5095 3025 5168 ποίμνῃ
3053 5097 3117 5149 τὸ
3157 5094 3412 5163 ἀτάραχον
3447 5083 3644 5157 προξένει·

2175 5186 2525 5261 Προσοχύρου
2555 5204 2622 5257 γε
2665 5185 2847 5250 τοῦτο,
2884 5187 2982 5242 καὶ
3035 5189 3158 5250 ταῖς
3211 5185 3428 5244 πυκναῖς
3471 5175 3558 5232 τῶν
3584 5169 3644 5222 εὕ-

2176 5283 2327 5354 ήχων
2357 5283 2438 5345 είς
2459 5280 2592 5334 Θεὸν
2617 5279 2934 5352 προσευχῶν
2969 5297 3068 5333 σου
3094 5277 3387 5345 ἐπάλξεσιν·
3418 5274 3490 5325 ἴνα
3514 5281 3575 5319 σοι
3594 5261 3644 5354 εἰς

2178 5351 2383 5445 πλῆθος
2402 5371 2613 5443 ὶπιδοίη
2637 5351 2783 5426 κατὰ
2810 5371 2910 5436 τὰς
2938 5371 3000 5424 ἑν
3020 5371 3101 5442 τῷ
3139 5369 3378 5440 ’Δδραάμ
3395 5351 3645 5454 narrem-‘3

2175 5467 2292 5530 τοῖς
2307 5464 2528 5534 ἄστρων
2549 5463 2735 5534 χοροῖς
2761 5461 3182 5534 παραπλησίως.
3210 5453 3480 5530 Χαίροιςδὲ
3503 5446 3642 5534 uicit.

2178 5527 2433 5612 Νικαέων
2463 5527 2792 5627 περίκλυτον
2816 5527 2979 5620 datu,
3001 5527 3068 5608 τὸ
3093 5553 3154 5608 ιν
3187 5527 3514 5623 μητροπόλεσι
3539 5527 3644 5602 θηρί’
