3928 6206
232 349 366 415 1329
1439 347 1694 410 SEBMO
1727 347 2315 410 LAUDATORIUS.’

3363 357 3499 413 13311

232 475 438 516 πυστον
464 458 660 530 ὄνομα.
689 459 790 530 τῆς
818 457 1062 514 Βιθυνῶν
1089 457 1361 530 έπαρχίας
1405 457 1468 512 τὸ
1497 457 1822 513 εὐκλεέστα-

1949 459 2078 515 »σίρε
2125 455 2573 529 Opinatissimum
2624 471 2848 524 nomen,
2897 457 3334 530 Bithyniensium
3371 475 3500 530 pro-

232 565 324 601 τον
383 546 698 618 ἀκροθίνιον
721 563 738 580 ο
772 548 807 618 ἠ
835 547 1104 620 πρότερον
1161 547 1263 620 μιν
1307 547 1432 610 ταῖς
1481 545 1595 600 τῶν
1643 547 1818 617 άγίων

1949 549 2114 607 'ineie
2139 549 2556 622 gloriosissima;
2593 549 2892 620 primitiae:
2928 565 3052 618 qua:
3081 557 3238 620 prius
3277 553 3498 623 quidem

231 637 614 693 ὀκτωκαίδεκα
679 638 779 692 καὶ
824 637 1160 710 τριακοσίων
1226 635 1504 708 θεοφόρων
1555 637 1820 710 Πατέρων

1949 651 2234 698 anctorum
2267 641 2458 698 decem
2490 648 2546 697 et
2585 649 2714 697 octo
2746 650 3233 713 treeentorumque
3266 643 3502 700 deil'ero-

234 733 444 801 ίχνεσιν
485 729 834 799 ἀγιασθεϊσα,
885 729 982 783 νῦν
1033 729 1092 783 δὲ
1131 730 1246 793 τοῖς
1305 728 1516 784 τούτων
1548 729 1820 800 διαδόχοις

1952 749 2042 789 um
2077 733 2304 788 Patrum
2335 731 2594 804 vestigiis
2635 732 2978 789 sanctiﬁcata
3015 749 3098 800 es,
3130 747 3277 814 nunc
3318 742 3500 788 autem

234 823 404 893 τριῶν
449 821 828 876 ἑκατοντάδων
867 821 966 874 σὺν
1009 821 1174 874 πέντε
1198 819 1430 875 δεκάσιν
1454 821 1694 892 ἀριθμὸν
1727 822 1823 874 ικ-

1949 839 2116 880 ιοευιιι
2149 837 2534 880 successorum
2572 837 2730 894 teque
2769 831 3140 879 trecentorum
3181 837 3308 879 cum
3343 822 3504 893 quin-

237 907 575 981 πληροῦσιν·
607 907 856 962 εὐλαὸῶν
895 925 957 961 τε
989 905 1241 979 μοναχῶν
1289 906 1395 960 οὐκ
1433 907 1823 976 εὐαριθμήτων

1949 929 2035 984 [ue
2078 913 2382 970 decadibus
2423 929 2715 969 numerum
2765 915 3184 984 eomplcnlium,
3237 929 3303 970 ac
3348 927 3502 970 reve-

238 999 461 1072 πλήθει,
489 1001 613 1063 ταῖς
655 999 852 1062 αὐταῖς
893 998 1006 1052 τῶν
1036 996 1305 1066 εὐλογιῶν
1344 995 1824 1068 περικυκλουμένη

1949 1004 2221 1059 ὀιιάοι-υηι
2285 1003 2694 1059 monachorum
2747 1003 2842 1073 qui
2903 1001 3042 1074 p'ene
3089 1001 3505 1057 innumerabili.

239 1092 481 1163 χάρισιν.
525 1091 616 1144 Ἐν
655 1091 744 1144 σοὶ
775 1089 885 1160 γάρ
907 1087 1304 1160 τῆςόρθοδόξου
1334 1087 1574 1151 πίστεως
1603 1087 1632 1139 ὁ
1662 1085 1817 1156 θεμέ-

1949 1103 2062 1148 .nnt
2105 1093 2501 1159 multitudinis,
2553 1093 2764 1150 eisdem
2805 1093 3286 1149 benedictionibus
3319 1090 3508 1164 [bene-

239 1180 354 1241 λιος
377 1177 483 1231 ὐπό
511 1193 661 1240 τινος
690 1177 999 1244 Σατανικῆς
1029 1176 1364 1250 δυστροπίας
1401 1175 1683 1246 σεισθῆναι
1710 1191 1826 1229 κινο

1949 1183 2266 1258 Iictionum}
2295 1185 2638 1242 circumdata
2666 1201 2726 1243 es
2761 1185 2974 1256 gratiis.
3007 1183 3067 1239 In
3104 1191 3156 1239 te
3186 1181 3386 1253 quippe
3418 1198 3509 1237 or-

239 1269 482 1326 δυνεύων
510 1269 804 1340 ἑδραίωσιν
851 1269 1156 1340 ἀκλόνητον
1209 1269 1456 1341 εἴληφεν.
1498 1269 1588 1322 Ἐν
1625 1267 1708 1320 σοὶ
1733 1265 1826 1320 τὸν

1949 1275 2206 1333 ,ιιοᾶοχίω
2251 1274 2598 1348 [orthodoxae
2651 1275 2802 1349 ﬁdei]
2847 1276 3264 1332 fundamentum
3303 1291 3333 1329 a
3373 1290 3509 1346 qua-

242 1362 438 1434 άγριον
470 1365 681 1420 ἐκεῖνον
718 1361 817 1418 καὶ
843 1363 1138 1418 ἀτίθασσον
1185 1363 1331 1435 θῆρα
1378 1364 1598 1434 Ἀρειον
1623 1363 1650 1414 ό
1683 1360 1829 1424 θεῖος

1949 1370 2054 1423 Iam
2085 1367 2342 1423 Satanica
2370 1367 2729 1424 subversione
2758 1381 3090 1424 concussum
3119 1368 3508 1438 perecliturum

243 1459 456 1520 ἐκεῖνος
509 1455 621 1511 τῶν
639 1457 907 1525 Πατέρων
957 1456 1119 1526 χορὸς
1161 1457 1232 1510 τὰ
1285 1458 1408 1526 ίερά
1459 1454 1568 1509 τῶν
1596 1453 1828 1524 Γραφῶν

1949 1459 2414 1532 periclitaturam,
2476 1457 2614 1528 forte
2643 1459 2789 1514 deest
2839 1460 2934 1514 sed
2970 1456 3128 1530 non},
3170 1457 3512 1512 stabilimen-

245 1544 673 1614 ὲφαπλώσαντες
724 1545 850 1600 λίνα
903 1544 1228 1617 ἐζώγρησαν
1248 1586 1266 1612 ,
1292 1545 1388 1599 καὶ
1436 1546 1550 1610 τοῖς
1574 1545 1830 1615 φοϐεροῖς

1949 1567 2046 1608 .um
2077 1551 2198 1607 sine
2241 1549 2657 1622 perturbatione
2682 1551 2948 1621 percepit.
2980 1549 3040 1604 ln
3074 1559 3126 1604 te
3160 1546 3330 1602 ieram
3365 1547 3510 1602 illam

246 1639 654 1709 κατηκόντισαν
710 1639 1020 1710 άναθέμασι
1043 1656 1057 1671 ·
1092 1637 1390 1692 κάντεῦθεν
1441 1637 1534 1691 τὸν
1567 1637 1698 1691 Υίδν
1733 1635 1829 1690 τοῦ

1949 1653 1986 1699 3t
2026 1641 2294 1698 immitem
2325 1638 2586 1705 bestiam,
2636 1640 2828 1694 Arium
2873 1639 3108 1706 scilicet,
3152 1638 3376 1694 divinus
3423 1637 3517 1692 ille

247 1729 386 1783 Θεοῦ
439 1729 538 1784 καὶ
584 1729 798 1802 Πατρδς
832 1728 1122 1801 ὁμοούσιον
1167 1729 1250 1802 τῷ
1289 1729 1649 1802 γεγεννηκότι
1681 1729 1830 1782 πᾶσα

1949 1731 2158 1788 Patrum
2203 1733 2411 1788 chorus
2444 1729 2618 1786 sacris
2659 1729 3078 1802 Scripturarum
3123 1730 3386 1800 expansis
3423 1743 3516 1784 ca-

253 1822 415 1892 φύσις
440 1820 744 1894 ἀνθρώπων
785 1821 1060 1892 θεολογεῖν
1087 1823 1587 1896 ἑκμεμαθήκαμεν.
1620 1821 1722 1876 Διά
1745 1837 1828 1874 τοι

1949 1822 2108 1889 navit
2157 1819 2395 1887 retibus,
2435 1829 2490 1875 et
2522 1818 2866 1876 terribilibus
2909 1817 3358 1874 anathematibus
3392 1832 3517 1888 per-

252 1909 416 1966 τοῦτο
431 1912 527 1966 καὶ
559 1911 622 1966 τὸ
646 1912 821 1984 παρὸν
850 1911 1156 1985 ίερώτατον
1186 1913 1474 1985 σύνταγμα
1523 1913 1623 1984 τῆς
1647 1915 1828 1983 ίσαρί-

1949 1910 2094 1974 :ulit.
2145 1917 2199 1966 et
2241 1909 2371 1966 hinc
2405 1907 2605 1964 Filium
2652 1907 2748 1965 Dei
2783 1917 2838 1965 et
2884 1907 3088 1975 Patris,
3131 1905 3430 1978 Dominum
3459 1914 3517 1962 et

254 1999 397 2071 θμου
427 2001 633 2074 ταύτης
671 2004 892 2076 χορείας
927 2004 1062 2069 δυάς
1094 2005 1340 2060 εὐσεδῶν
1370 2003 1640 2076 βασιλέων
1663 2005 1724 2057 έν
1748 2003 1830 2056 σοὶ

1949 2002 2476 2060 :onsubstantialem
2529 2002 2800 2074 gignenti,
2854 2001 3039 2057 omnis
3091 2007 3289 2056 natura
3337 2000 3517 2056 homi-

255 2093 700 2167 συγκροτηθῆναι
737 2095 1082 2163 τεθέσπικεν,
1108 2097 1316 2170 Εἰρήνη
1371 2097 1468 2150 νέα
1517 2095 1702 2166 Ἑλένη
1735 2096 1832 2148 σὺν

1949 2111 2067 2150 num
2106 2094 2405 2164 prazdicare
2455 2092 2768 2150 didicimus
2815 2103 2870 2148 et
2906 2094 3117 2150 idcirco
3150 2107 3394 2164 praesens
3429 2106 3517 2148 sa-

255 2183 358 2256 υίῷ
417 2186 630 2256 γνησίῳ
685 2186 792 2258 νέῳ
844 2185 1269 2256 Κωνσταντινῳ,
1305 2184 1402 2250 οὓς
1439 2185 1474 2257 ἡ
1523 2186 1583 2238 ἐν
1626 2185 1710 2238 σοὶ
1733 2183 1830 2238 τοῦ

1949 2185 2306 2242 iratissimum
2333 2193 2686 2256 compactum
2717 2183 2883 2256 huius
2908 2185 3189 2241 numerosi
3213 2191 3516 2240 conventus

251 2273 584 2346 Πνεύματος
615 2275 778 2346 χάρις
823 2277 942 2339 τοῖς
986 2274 1113 2328 τότε
1141 2275 1238 2329 καὶ
1271 2273 1368 2328 νῦν
1397 2273 1578 2342 ἁγίοις
1607 2273 1836 2344 ἐπιλάμ-

1949 2275 2170 2330 lualitas
2218 2267 2439 2344 piorum
2500 2275 2900 2346 imperatorum
2943 2274 3298 2330 eonsolidans
3331 2272 3515 2344 colligi

251 2365 405 2435 ψασα
440 2366 712 2438 Πατράσι,
741 2365 972 2436 φυλάξοι
1021 2365 1273 2436 δαψιλέσι
1311 2365 1528 2438 χρόνοις
1559 2364 1836 2436 ἀτάραχον

1949 2365 2138 2430 sanxit,
2179 2365 2340 2420 [rene
2365 2365 2625 2421 videlicet
2673 2381 2812 2422 nova
2843 2363 3049 2422 Helena
3083 2380 3208 2420 cum
3241 2365 3355 2420 lilio
3387 2376 3516 2434 pro-

250 2456 442 2520 αὐτοῖς
477 2456 540 2510 τὸ
569 2458 774 2526 κράτος
810 2457 1132 2529 δωρουμένη
1155 2499 1170 2523 ,
1203 2460 1300 2510 καὶ
1355 2456 1466 2510 τῶν
1511 2455 1726 2526 ἐχθρῶν
1767 2455 1839 2510 τά

1949 2457 2056 2528 prio
2089 2457 2455 2514 Constantino
2487 2471 2655 2525 novo,
2688 2472 2830 2528 quos
2859 2457 2914 2512 in
2951 2466 3006 2513 te
3043 2454 3286 2527 Spiritus
3317 2455 3514 2526 gratia,

255 2544 399 2614 φῦλα
429 2545 538 2616 πρὸ
569 2547 748 2601 ποδῶν
769 2547 1122 2618 καταστρῶσι
1146 2563 1160 2577 ·
1179 2547 1256 2610 ὡς
1270 2547 1338 2602 ἂν
1364 2548 1498 2618 ἡμῖν
1521 2547 1682 2620 ἡτῶν
1700 2547 1840 2616 ἀγα-

255 2635 368 2689 θῶν
402 2635 479 2707 μὴ
514 2636 752 2693 διαλίποι
773 2639 1036 2709 χορηγία.

1934 2564 2058 2620 quae
2091 2559 2226 2606 tunc
2255 2559 2309 2606 et
2344 2565 2492 2606 nunc
2523 2553 2735 2606 sanctis
2765 2551 2945 2605 illuxit
2979 2548 3263 2612 Patribus,
3294 2561 3518 2602 conser-

1935 2647 2028 2696 vet
2057 2657 2156 2712 per
2179 2641 2487 2714 largissima
2518 2652 2788 2714 tempora,
2819 2642 2890 2696 im
2900 2639 3278 2711 perturbabile
3303 2638 3519 2694 donans

255 2728 340 2784 eis
393 2729 726 2798 imperium,
779 2729 1137 2800 hostiumque
1196 2733 1451 2787 nationes
1495 2736 1623 2786 ante
1671 2728 1840 2800 pedes
1879 2739 2230 2800 prosternat,
2287 2742 2563 2803 quatenus
2631 2731 2794 2788 nobis
2849 2731 3120 2788 honorum
3198 2731 3357 2801 copia
3409 2743 3516 2784 non

254 2823 496 2880 deficiat.

325 2917 562 2988 Χαίροις
580 2915 786 2982 τοίνυν,
804 2911 849 2970 ὦ
877 2918 1268 2988 μητροπόλεων
1299 2919 1582 2990 περίδοξον
1611 2919 1832 2985 κάλλος,

257 3009 318 3062 ὲν
353 3006 562 3072 τούτοις
583 3049 598 3074 ,
633 3007 714 3062 ὅτι
742 3010 802 3062 ἐν
835 3009 920 3063 σοὶ
957 3010 1018 3063 τὸ
1057 3009 1276 3082 πρῶτον
1303 3013 1446 3082 ἡμῖν
1471 3011 1580 3065 τῶν
1613 3009 1837 3080 ἀγαθῶν

259 3098 451 3168 ἀνέφυ,
485 3101 544 3153 ὲν
580 3097 668 3152 σοὶ
711 3097 777 3170 δὴ
805 3099 902 3152 καί⁵
944 3100 1006 3153 τὸ
1049 3101 1228 3166 τέλος,
1260 3102 1360 3175 οὐχ
1391 3103 1470 3168 ὡς
1503 3103 1642 3175 πρὸς
1679 3102 1838 3170 ἀξίαν
1865 3133 1910 3192 c

261 3190 400 3264 πρὸς
428 3189 665 3262 ἀριθμὸν
693 3189 752 3244 δὲ
780 3189 904 3261 ἥτις
937 3191 1056 3244 ἐστὶ
1099 3191 1212 3246 τῶν
1233 3193 1582 3248 σεπτοτάτων
1611 3193 1838 3247 είκόνων

266 3288 362 3357 τῆς
378 3282 673 3354 καθολικῆς
688 3283 864 3355 ήμῶν-
881 3285 1263 3356 Ἑκκλησίαςὴ
1286 3286 1451 3358 ἀρχαί
1459 3305 1491 3340 α
1512 3287 1836 3358 παράδοσις,

261 3375 322 3426 ἐν
349 3376 464 3437 τοῖς
493 3374 644 3436 ίδίοις
667 3375 1185 3430 ἀποκατασταθεῖσα
1199 3377 1368 3447 ὅροις.
1413 3377 1530 3431 Νῦν
1555 3378 1728 3440 ὅντως
1757 3378 1842 3430 εὐ-

259 3465 516 3534 φαίνεται
559 3467 588 3520 ό
617 3467 871 3540 οὐρανὸς,
939 3471 1034 3520 καὶ
1093 3467 1151 3520 αί
1205 3467 1430 3536 νεφέλαι
1491 3467 1842 3540 δικαιοσύνην

261 3555 637 3620 ἀποστάζουσι
659 3574 672 3588 ⁸
707 3559 799 3612 καὶ
822 3555 885 3610 τὸ
931 3558 1252 3628 μεσότοιχον
1277 3558 1374 3612 τοῦ
1403 3559 1664 3631 φραγμοῦ
1688 3559 1843 3612 λέλυ-

261 3666 354 3702 ται
380 3651 446 3719 τῇ
471 3647 665 3702 ἑνὼσει
703 3649 802 3718 τῆς
848 3647 1185 3712 διαστάσεως
1209 3650 1721 3720 παραχωρησάσης,
1749 3649 1844 3702 καὶ

263 3743 344 3804 είς
376 3739 505 3810 μίας
538 3740 922 3811 ὁμοφροσύνης
968 3740 1280 3810 σύμπνοιαν
1317 3742 1350 3811 ἡ
1390 3741 1590 3810 τετρὰς
1631 3741 1732 3811 τῆς
1761 3743 1842 3794 ol-

265 3832 542 3902 κουμένης
581 3833 934 3902 συνήνεκται.
976 3833 1092 3886 Νῦν
1120 3834 1173 3886 αί
1199 3831 1391 3887 πολλαὶ
1427 3833 1537 3887 τῶν
1568 3831 1844 3903 διαφόρως

267 3923 654 3994 ὑποσυρέντων
686 3927 766 3988 είς
799 3923 860 3978 ἒν
902 3923 1302 3996 συνεληλύθασι
1340 3923 1530 3990 δόξαι·
1560 3926 1656 3979 καὶ
1702 3923 1844 3996 σύμ-

267 4029 444 4081 φωνος
503 4011 672 4082 ὕμνος
725 4015 834 4069 ἀπὸ
891 4015 1146 4086 περάτων
1195 4017 1296 4086 γῆς
1349 4016 1458 4078 ἕως
1488 4015 1744 4088 περάτων
1765 4013 1844 4086 τῷ

265 4103 388 4173 Θεῷ
443 4103 852 4174 ἀναπέμπεται.
902 4107 1130 4178 Χαίροις
1159 4106 1474 4178 τοιγαροῦν,
1511 4109 1607 4162 καὶ
1643 4107 1843 4180 σκίρτα

267 4195 361 4248 ἐπὶ
385 4195 596 4258 τούτοις
623 4196 718 4248 καὶ
749 4197 838 4262 σὺ,
885 4197 1186 4268 Ἐκκλησία
1214 4197 1502 4269 καθολικὴ,
1537 4199 1571 4270 ἡ
1601 4198 1661 4252 ὲν
1687 4198 1842 4270 πάσῃ

267 4287 334 4357 τῇ
358 4286 658 4360 οίκουμένῃ
685 4303 701 4319 ο
729 4286 926 4358 χόρευε
961 4288 1348 4360 ἀγαλλιωμένη
1366 4289 1460 4342 ἐπὶ
1489 4291 1556 4360 τῇ
1576 4288 1684 4344 τῶν
1709 4287 1842 4342 υἱῶν

269 4393 366 4430 σου
398 4377 788 4431 έπανελεύσειο
819 4377 1028 4432 ἀπόθου
1075 4379 1138 4432 τὸ
1175 4379 1276 4450 τῆς
1318 4379 1618 4442 διαλύσεως
1651 4379 1842 4453 ῥάκος,

2015 2913 2207 2970 Gaude
2239 2913 2426 2984 itaque
2457 2913 2512 2967 in
2541 2912 2650 2980 his,
2685 2927 2718 2968 o
2751 2912 3130 2982 metropoleon
3157 2909 3361 2983 inclyta
3392 2925 3520 2982 spe-

1943 3007 2091 3074 cies;
2148 3006 2408 3077 quoniam
2469 3005 2524 3059 in
2577 3014 2630 3060 te
2681 3003 2843 3060 nobis
2899 3013 2954 3060 et
3005 3005 3186 3074 primo
3245 3004 3519 3060 bonorum

1943 3101 2257 3165 exordium,
2293 3109 2350 3154 et
2377 3113 2526 3152 nunc
2555 3096 2681 3152 ﬁnis
2711 3105 2939 3152 exortus
2968 3106 3074 3162 est,
3123 3095 3520 3151 venerabilium

1943 3193 2200 3247 nimirum
2231 3189 2534 3261 imaginum
2563 3186 2852 3242 catholica;
2891 3183 3154 3242 Ecclesiae
3183 3187 3368 3257 prisca
3409 3195 3522 3242 tra-

1943 3285 2077 3340 ditio
2106 3283 2161 3338 in
2193 3283 2312 3338 suis
2349 3281 2604 3338 terminis
2633 3281 2911 3336 restituta.
2951 3276 3110 3335 Nunc
3141 3294 3272 3335 vero
3305 3279 3524 3334 laetatur

1941 3375 2164 3442 cmlum,
2203 3383 2258 3429 et
2293 3372 2472 3429 nubes
2503 3372 2716 3428 stillant
2757 3371 3053 3443 justitiam.
3101 3371 3264 3428 Nunc
3307 3369 3524 3427 medius

1940 3467 2126 3538 paries
2158 3465 2412 3520 maceriae
2441 3463 2754 3520 dissolutus
2803 3471 2891 3520 est
2925 3463 3173 3518 nuitione
3217 3461 3525 3518 dissensio-

1943 3559 2030 3615 nis
2060 3573 2348 3622 coucessa,
2389 3563 2445 3613 et
2485 3557 2544 3612 in
2587 3555 2752 3612 unius
2781 3554 3130 3612 assensionis
3162 3555 3523 3624 conspiratio-

1946 3665 2072 3705 nem
2130 3647 2476 3720 quaternitas
2523 3648 2678 3704 orbis
2733 3657 2894 3702 terra:
2942 3645 3172 3702 collecta
3211 3656 3316 3702 est.
3366 3645 3526 3702 Nunc

1945 3739 2132 3795 multa;
2192 3753 2315 3809 qua:
2370 3739 2426 3792 in
2483 3737 2704 3794 diversa
2764 3738 3076 3804 trahebant,
3148 3748 3519 3792 convenerunt

1944 3833 2256 3904 Opiniones,
2315 3838 2372 3884 et
2411 3844 2694 3886 consonus
2734 3831 2973 3902 hymnus
3023 3844 3056 3884 ι
3106 3827 3310 3884 ﬁnibus
3361 3837 3524 3885 terra:

1945 3941 2121 3996 usque
2147 3925 2216 3981 ad
2255 3925 2392 3980 lines
2440 3931 2602 3978 terra:
2647 3920 2760 3976 Deo
2805 3920 3088 3991 dirigitur.
3128 3919 3325 3976 Gaude
3357 3919 3525 3990 igitur

1945 4019 2253 4090 tripudians
2299 4031 2464 4086 super
2509 4015 2598 4070 his
2627 4023 2683 4069 et
2716 4021 2796 4078 tu,
2826 4013 3098 4069 catholica
3146 4011 3413 4076 Ecclesia,
3467 4012 3521 4067 iu

1947 4123 2061 4169 toto
2095 4122 2368 4168 terrarum
2401 4110 2536 4166 orbe
2563 4107 2784 4166 diﬂ‘usa.
2837 4107 2955 4164 Due
2996 4107 3198 4163 choros
3241 4105 3525 4162 exsultans

1947 4220 2116 4276 super
2147 4204 2387 4259 ﬁliorum
2434 4211 2654 4258 tuorum
2686 4209 2960 4258 conventu
2995 4215 3010 4255 :
3047 4200 3262 4270 depone
3294 4197 3526 4253 divisio-

1946 4298 2034 4354 nis
2067 4311 2303 4366 paunos,
2345 4304 2401 4350 et
2445 4293 2676 4349 induere
2715 4293 2928 4364 integra
2966 4292 3286 4348 orthodoxae
3337 4289 3524 4344 tunica

1947 4389 2196 4446 unitatis.
2251 4385 2372 4442 Jam
2426 4401 2534 4440 non
2592 4385 2814 4456 poneris
2868 4383 3226 4454 opprobrium
3284 4379 3526 4436 inimicis

269 4469 364 4522 καὶ
396 4467 615 4523 ἔνδυσαι
663 4469 756 4523 τὸν
793 4470 1090 4542 ὀλόκληρον
1137 4471 1238 4542 τῆς
1260 4471 1574 4542 ὁρθοδόξουη
1595 4471 1842 4536 ένώσεως

1949 4481 2082 4548 tuis,
2127 4477 2495 4536 subsannatio
2524 4485 2580 4534 et
2607 4477 2816 4532 derisio
2839 4476 3056 4546 populis
3080 4476 3176 4546 qui
3205 4475 3260 4529 in
3287 4473 3524 4529 circuitu

211 4623 221 4639 ι
269 4559 494 4632 χιτῶνα.
527 4559 728 4614 Οὐκέτι
757 4559 962 4632 τεθήσῃ
986 4559 1188 4622 ὄνειδος
1212 4563 1326 4624 τοῖς
1355 4559 1564 4628 γείτοσι
1599 4577 1718 4626 σου,
1750 4579 1848 4632 μυο

267 4653 574 4726 κτηρισμὺς
631 4653 724 4707 καὶ
777 4651 1090 4722 χλευασμὸς
1143 4653 1260 4716 τοῖς
1304 4650 1491 4722 κύκλῳ
1537 4668 1633 4705 σου
1669 4651 1841 4716 λαοῖς.

267 4741 470 4796 Οὐκέτι
512 4741 805 4812 φοϐηθήσῃ
847 4737 1230 4806 έξουδενώσεις
1255 4737 1432 4792 ἀθέων
1461 4739 1554 4792 καὶ
1583 4739 1847 4810 ἀμυήτων

268 4831 598 4902 ἀνθρώπων,
630 4827 902 4902 Ἐϐραίων
944 4826 1010 4900 δὴ
1039 4827 1184 4895 λέγω
1199 4827 1627 4900 καὶἈγαρηνῶν
1646 4845 1662 4862 ο
1680 4829 1757 4892 ὡς
1779 4828 1844 4900 δή

271 4938 357 4976 σοι
391 4923 468 4994 μὴ
514 4921 612 4975 τοῦ
653 4920 862 4974 τελείου
913 4919 1014 4992 τῆς
1043 4920 1283 4984 πίστεως
1309 4923 1430 4985 ταῖς
1456 4921 1846 4988 ἀποστολικαῖς

267 5013 674 5085 παραδοθέντος
707 5011 1102 5076 διδασκαλίαις.
1141 5012 1341 5066 Οὐκέτι
1369 5011 1469 5082 τὴν
1503 5016 1568 5068 ὲκ
1602 5013 1700 5066 τοῦ
1726 5013 1846 5078 ένδς

265 5103 405 5159 Θεοῦ
454 5103 814 5175 ἀναφοίτησιν
857 5101 947 5158 διὰ
1000 5102 1104 5175 τὴν
1129 5102 1270 5174 πρὸς
1297 5104 1424 5166 τοὺς
1465 5103 1634 5158 αὐτοῦ
1658 5104 1846 5173 φίλους

267 5196 734 5268 πρεπωδεστάτην
759 5195 928 5268 τιμὴν
942 5197 1055 5258 τοῖς
1075 5195 1186 5248 τῶν
1213 5195 1508 5268 αίρετικῶν
1528 5195 1846 5270 ὲγκληθήσῃ

271 5287 556 5357 στόμασιν.
582 5287 782 5342 Οὐκέτι
813 5289 927 5350 τοῖς
951 5287 1063 5340 τῶν
1091 5286 1330 5340 εἰδώλων
1369 5287 1624 5356 τεμένεσι
1654 5289 1713 5342 ὲν
1747 5287 1847 5358 ἴσῳ

267 5379 715 5452 καταλογισθὴσῃ
741 5417 756 5444 ,
793 5379 882 5434 διὰ
929 5379 1030 5451 τὴν
1056 5381 1114 5433 ἐν
1153 5380 1240 5432 σοὶ
1279 5378 1389 5434 τῶν
1416 5380 1725 5452 ίερωτάτων
1751 5380 1846 5434 καὶ

269 5470 486 5524 σεπτῶν
515 5469 688 5540 ἁγίων
714 5471 940 5526 εἰκόνων
962 5471 1360 5542 ἀναστήλωσιν.

339 5559 562 5631 Πρέπον
611 5561 722 5632 γάρ
779 5579 864 5616 σοι
892 5561 969 5626 ὡς
1013 5561 1092 5632 τῷ
1123 5561 1336 5632 βασιλεῖ
1366 5560 1472 5615 τῶν
1493 5560 1709 5617 αἰώνων
1730 5562 1847 5634 Υίῷ

268 5654 367 5708 καὶ
397 5651 557 5722 Λόγῳ
583 5652 678 5706 τοῦ
709 5653 846 5707 Θεοῦ
875 5652 1272 5726 νυμφευθείσῃ,
1299 5653 1402 5725 τὴν
1443 5653 1547 5725 τῆς
1575 5655 1844 5726 ἑνσάρκου

271 5743 443 5802 αὐτοῦ
469 5745 783 5816 οίκονομίας
807 5747 1278 5818 ἀνθρωπόμορφον
1303 5746 1486 5803 είκόνα
1513 5747 1602 5802 διὰ
1624 5751 1844 5818 γραφῆς

1948 4583 2042 4629 tuo
2076 4580 2226 4628 sunt.
2258 4569 2379 4626 Non
2414 4569 2528 4640 jam
2569 4569 2790 4624 timebis
2827 4578 3174 4638 contemptus
3217 4567 3522 4632 hominum,

1945 4665 2304 4720 Hebraeorum
2351 4661 2556 4718 scilicet
2601 4669 2656 4716 et
2688 4661 3088 4732 Agarenorutu,
3123 4661 3219 4730 qui
3267 4659 3384 4714 sine
3414 4657 3525 4713 Deo

1945 4763 2001 4812 et
2036 4770 2196 4815 sacra
2226 4753 2540 4810 initiatione
2566 4753 2906 4818 consistunt,
2943 4752 3105 4822 quasi
3139 4753 3234 4807 tibi
3271 4767 3380 4808 non
3409 4751 3528 4807 iue-

1947 4846 2018 4902 rit
2045 4845 2318 4917 perfectio
2349 4845 2476 4900 lldei
2509 4844 2777 4901 doctrinis
2800 4844 3121 4916 apostolicis
3149 4843 3368 4899 tradita.
3401 4843 3521 4900 Jam

1945 4953 2054 4994 non
2101 4939 2172 4994 ab
2217 4937 2601 4994 haereticorum
2637 4950 2733 4992 ore
2780 4936 3187 5002 criminab‘eris,
3228 4937 3386 5006 quasi
3435 4953 3522 4992 re-

1947 5032 2185 5088 cesseris
2215 5031 2287 5086 ab
2321 5045 2433 5086 uno
2470 5030 2584 5086 Deo
2614 5039 2836 5102 propter
2865 5029 3316 5086 decentissimum
3351 5030 3526 5084 hono-

1946 5139 2063 5180 rem
2104 5139 2236 5196 erga
2269 5123 2446 5194 ipsius
2474 5125 2682 5179 amicos
2709 5123 3028 5178 exhibitum.
3069 5121 3190 5177 Jam
3219 5137 3328 5176 nou
3363 5138 3524 5190 τειραν

1949 5217 2158 5274 laberis
2195 5216 2469 5272 idolorum
2513 5217 2714 5272 similis
2749 5217 2968 5286 templis
3001 5225 3224 5286 prapter
3259 5214 3523 5269 sacratis-

1947 5308 2214 5365 simarum
2247 5309 2304 5362 in
2341 5315 2394 5364 te
2424 5307 2726 5380 imaginum
2756 5309 3092 5364 erectionem
3118 5306 3390 5361 eli‘ectam.

2018 5563 2186 5618 Decet
2215 5563 2361 5618 enim
2397 5571 2448 5618 te
2475 5570 2735 5632 tauquam
2783 5561 2894 5631 regi
2931 5557 3258 5616 surculorum
3285 5555 3428 5611 Filio
3466 5564 3521 5612 et

1950 5655 2128 5712 Verbo
2162 5653 2260 5710 Dei
2301 5664 2550 5725 nuptam,
2585 5655 2640 5708 in
2682 5668 2846 5709 carne
2879 5650 3053 5723 ipsius
3093 5649 3522 5728 dispensationis

1948 5747 2245 5804 humanam
2303 5745 2538 5802 formam
2595 5743 2887 5800 habentem
2974 5740 3518 5814 anthropomorphou
