3928 6206
226 268 365 334 1341

1284 284 1384 345 DE
1423 286 1660 347 DIVIN.
1696 287 1980 348 SCRIPT.
2042 293 2476 361 UTILITATE.

3367 301 3502 365 1342

229 387 383 485 δέους
416 386 512 442 καὶ
538 386 782 459 θάμϐους
812 391 920 461 (5),
958 391 1034 463 μὴ
1061 393 1213 449 ἔνθεν
1244 396 1495 451 κάκεῖθεν
1520 398 1754 469 ὁρῶντες
1786 401 1816 471 ἢ
1859 404 2276 472 μεταϐαίνοντες
2308 408 2406 478 (ι),
2435 408 2510 472 ὡς
2577 411 2739 479 ἡμεῖς
2803 410 3144 482 ἀτακτοῦμεν
3176 414 3235 465 ὲν
3267 414 3345 484 τῷ
3376 416 3504 485 θείῳ

230 478 476 548 τεμένει.

321 573 463 627 Ἀλλ’
494 573 667 638 οὕτως
700 576 1046 644 ἀποδιδόντες
1077 582 1236 652 ἡμῶν
1270 583 1371 648 τὰς
1400 585 1565 656 εὐχὰς
1589 587 1669 658 τῷ
1703 589 1819 641 Κυ-

1996 591 2135 647 Dum
2165 608 2290 649 vero
2325 595 2407 650 sic
2445 596 2674 651 Domino
2713 607 2839 652 vota
2865 598 3167 662 reddimus,
3200 615 3308 656 non
3340 599 3503 656 debe-

239 664 360 736 ρίῳ,
416 666 554 738 μηδὲ
596 667 693 722 τοῦ
731 670 1043 742 ὲργοχείρου
1066 672 1148 726 δεῖ
1164 674 1386 743 ἀμελεῖν
1409 692 1424 708 ·
1463 677 1533 730 δι’
1561 671 1621 730 οὐ
1660 679 1827 733 εὐπο-

239 758 516 828 ρήσαιμεν
548 759 648 828 τὴν
670 760 975 828 ἀναγκαίαν
997 765 1203 835 τροφήν
1234 783 1294 818 τε
1321 767 1416 820 καὶ
1435 769 1665 837 σκέπην,
1693 770 1827 840 πρὸς

236 845 300 899 τδ
329 847 405 916 μὴ
435 847 774 917 ἐπιϐαρῆσαί
794 866 917 903 τινα
946 853 1218 921 προφάσει
1241 855 1340 924 τῆς
1366 856 1582 927 εὐχῆςῆ
1610 859 1707 926 τῆς
1730 860 1829 929 ἀρ·-

236 938 386 1003 γίας.
420 938 514 1009 Μὴ
539 938 599 992 δὲ
623 939 716 994 τὸν
739 940 965 1012 ἀδελφὸν
994 945 1243 1015 παριδεῖν
1262 946 1571 1016 κάμνοντα,
1603 948 1700 1001 καλ⁵
1729 949 1828 1019 τῆς

242 1028 302 1094 ἔξ
333 1029 493 1100 ἡμῶν
519 1031 773 1101 δεόμενον
818 1032 1102 1103 βοηθείας·
1142 1040 1397 1107 κρεῖσσον
1445 1038 1555 1108 γάρ
1592 1040 1824 1093 καταλι-

244 1123 367 1174 πεῖν
405 1121 609 1195 μικρὰν
639 1124 863 1195 ἀρετὴν,
908 1126 940 1197 ἢ
974 1126 1279 1181 καταλῦσαι
1328 1131 1571 1201 μεγάλην
1607 1131 1828 1201 ἐντολὴν

244 1212 602 1281 Δεσποτικήν.
650 1212 739 1265 Ἐν
782 1212 891 1283 γὰρ
943 1213 1020 1283 τῷ
1075 1213 1415 1286 πληροῦσθαι
1450 1218 1549 1288 τὴν
1585 1218 1826 1286 ἐντολὴν,

246 1301 342 1370 καὶ
371 1301 405 1372 ἡ
430 1302 529 1370 τῆς
554 1302 928 1375 προαιρέσεως
955 1304 1347 1377 εὐγνωμοσύνη
1377 1307 1827 1379 συμπληροῦσθαι

247 1391 491 1462 πέφυκεν
515 1407 529 1420 ⁸
552 1393 613 1446 οὐ
641 1394 703 1447 τὸ
727 1394 995 1449 ἀνάπαλιν
1012 1412 1026 1427 ·
1051 1395 1132 1449 διὸ
1160 1397 1255 1449 καὶ
1282 1398 1635 1453 ἀποκλείεται
1671 1400 1704 1469 ἡ
1734 1399 1826 1452 τοῦ

248 1482 539 1553 νυμφῶνος
562 1483 768 1549 είσοδος
789 1488 904 1549 τοῖς
926 1486 1253 1557 ἀδιακρίτως
1286 1490 1704 1559 μετερχομένοις
1730 1488 1828 1551 τὰς

248 1573 469 1644 ἀρετάς.
493 1573 811 1646 Γέγραπται
838 1576 949 1645 γὰρ
977 1576 1035 1628 ἒν
1057 1580 1123 1647 τῇ
1154 1576 1263 1631 τῶν
1290 1577 1586 1631 Βασιλειῶν
1611 1576 1824 1648 πρώτη·

256 1681 274 1716 ι
300 1664 376 1716 Οὐ
428 1662 572 1716 θέλει
618 1664 824 1735 Κύριος
869 1665 1263 1729 ὁλοκαυτώσεις
1293 1668 1389 1722 καὶ
1412 1667 1625 1731 θυσίας,
1655 1669 1732 1732 ὡς
1768 1669 1830 1722 τὸ

203 1765 217 1775 ‘
251 1754 482 1828 ἀκοῦσαι
520 1756 619 1825 τῆς
644 1757 826 1826 φωνῆς
855 1757 1023 1810 αὐτοῦ
1047 1774 1062 1789 ·
1108 1777 1126 1809 ι
1163 1759 1271 1812 ίδού
1303 1761 1413 1828 γὰρ
1468 1760 1606 1831 ἀκοὴ
1650 1742 1827 1831 ἀγαθὴ

254 1844 396 1915 ὑπὲρ
420 1844 610 1899 θυσίαν
630 1860 643 1875 ·
668 1846 764 1899 καὶ
797 1846 1062 1917 ἀκρόασις
1085 1848 1226 1918 ὑπὲρ
1254 1848 1420 1919 στέαρ
1449 1849 1649 1920 ἀρνῶν.
1671 1850 1830 1904 Καθά

1935 694 2059 735 mus
2090 682 2331 738 laborem
2374 700 2639 741 manuum
2687 687 3000 758 negligere,
3043 703 3155 759 quo
3184 704 3364 744 escam
3405 707 3502 745 ne-

1931 773 2226 826 cessariam
2257 783 2312 829 et
2340 776 2722 830 vestimentum
2765 791 3167 846 comparemus,
3199 779 3501 833 neminem-

1930 873 2037 928 quc
2064 861 2172 915 sub
2201 872 2461 931 praetextu
2487 864 2754 919 orationis
2785 871 2878 918 aut
2908 865 3159 933 scgnitiei
3185 881 3498 935 gravemus.

1929 946 2284 1019 Nequaquam
2332 952 2556 1007 fratrem
2588 953 3034 1023 derelinquamus
3075 963 3263 1009 nostro
3293 957 3502 1011 auxilio

1929 1038 2262 1115 indigentem
2292 1062 2307 1099 :
2338 1046 2535 1100 melius
2563 1047 2704 1100 enim
2737 1046 2999 1100 minorem
3049 1047 3307 1101 virtutem
3337 1049 3503 1103 omit-

1931 1148 2072 1200 tere,
2108 1151 2271 1205 quam
2309 1152 2478 1191 unum
2510 1151 2575 1189 ex
2606 1138 2817 1204 magnis
2852 1135 3066 1189 Domini
3098 1137 3369 1191 mandatis
3393 1138 3505 1192 vio-

1930 1230 2066 1295 lare,
2128 1229 2183 1282 in
2233 1243 2344 1297 quo
2371 1228 2722 1295 adimplenan
2754 1227 3013 1280 meritum
3061 1226 3503 1296 perlicitdelibe-

1930 1329 2047 1373 rata
2078 1319 2349 1384 voluntas,
2384 1319 2513 1374 dum
2563 1328 2754 1373 contra
2791 1319 3060 1373 clauditur
3090 1320 3211 1374 lecti
3244 1320 3501 1389 nuptialis

1930 1411 2191 1466 introitus
2243 1410 2349 1467 illis
2400 1412 2493 1482 qui
2544 1414 2664 1467 sine
2698 1412 3032 1467 discretione
3076 1414 3303 1467 virtutes
3343 1427 3501 1466 exer-

1930 1509 2073 1554 cent.
2096 1500 2371 1570 Scriptum
2403 1510 2486 1556 est
2515 1501 2569 1554 in
2602 1502 2776 1571 primo
2795 1500 3002 1569 Regum
3031 1502 3197 1556 libro:
3217 1500 3365 1556 «Non
3392 1510 3498 1557 tam

1929 1595 2078 1642 amat
2126 1586 2269 1643 Deus
2313 1588 2634 1644 holocausta
2691 1598 2745 1643 et
2796 1589 3098 1652 sacriticia,
3149 1604 3311 1659 quam
3349 1591 3503 1644 vocis

1929 1679 2049 1747 ejus
2068 1679 2402 1734 auditionem
2424 1681 2467 1711 ¹⁰
2490 1696 2537 1734 τι
2571 1695 2698 1734 ecce
2719 1680 2926 1735 auditio
2944 1680 3085 1734 bona
3109 1695 3273 1749 super
3289 1680 3503 1735 sacriﬁ-

1929 1771 2157 1834 cium,et
2172 1770 2382 1824 aurium
2400 1770 2628 1829 attentio
2638 1785 2804 1840 super
2814 1785 3076 1841 agnorum
3092 1772 3499 1839 pinguedinem.

1930 1858 2117 1929 Itaque
2148 1861 2448 1929 Apostolus
2501 1860 2553 1913 in
2608 1859 2852 1929 Epistola
2886 1860 2950 1915 ad
2979 1859 3236 1915 Hebraeos
3264 1862 3454 1916 scribit
3485 1880 3499 1917 :

251 1933 316 2003 δὴ
360 1934 455 1992 καὶ
486 1935 515 1987 6
559 1934 879 2001 Ἀπόστολος
929 1939 987 1991 ὲν
1023 1941 1091 2009 τῇ
1140 1938 1276 2009 πρὸς
1329 1938 1614 2009 Ἐϐραίους
1663 1941 1827 2011 φησί·

1942 1969 1957 2001 ι
1995 1949 2073 2004 Ne
2107 1950 2513 2004 obliviscamini
2558 1950 2698 2005 bene
2732 1966 2915 2021 agere,
2960 1958 3014 2004 et
3063 1950 3328 2005 fratribus
3370 1967 3506 2007 con-

258 2040 277 2091 ς
305 2022 419 2091 Ἰῆς
450 2022 506 2076 δὲ
535 2022 785 2087 εὐποιίας
814 2026 912 2078 καὶ
937 2024 1225 2088 κοινωνίας
1262 2025 1338 2096 μὴ
1370 2027 1792 2082 ἐπιλανθάνεσθε
1810 2045 1824 2059 ·

251 2111 534 2176 τοιαύταις
561 2113 672 2184 γὰρ
701 2112 913 2178 θυσίαις
940 2114 1318 2186 εὐαρεστεῖται
1345 2118 1373 2170 6
1394 2116 1546 2180 Θεός.
1579 2137 1597 2170 ι
1632 2119 1742 2172 Καὶ
1773 2120 1830 2172 ὲν

251 2204 318 2273 τῇ
348 2203 487 2273 πρὸς
528 2204 808 2272 Ἐφεσίους
830 2202 985 2269 αὖθις
1009 2220 1023 2235 ·
1062 2224 1081 2256 ι
1125 2206 1181 2259 '0
1213 2206 1459 2260 κλέπτων
1487 2209 1686 2277 μηκέτι
1711 2210 1833 2264 ads—

252 2291 457 2357 πτέτω,
491 2293 693 2363 μᾶλλον
723 2294 781 2346 δὲ
811 2295 1079 2361 κοπιάτω,
1128 2295 1496 2366 ἐργαζόμενος
1531 2296 1592 2351 τὸ
1628 2297 1832 2366 ἀγαθὸν

251 2386 374 2447 ταῖς
400 2385 591 2455 χερσίν
608 2401 623 2417 ·
659 2385 745 2439 ἵνα
769 2385 867 2457 ἔχῃ
906 2386 1243 2457 μεταδιδόναι
1269 2386 1347 2457 τῷ
1370 2387 1560 2458 χρείαν
1583 2387 1779 2459 ἔχοντι.
1807 2407 1826 2441 ι

184 2526 193 2534 ,
255 2472 483 2545 Κλοπὴν
517 2474 562 2527 δ’
601 2475 666 2529 ἂν
695 2475 872 2545 ἔγωγε
902 2477 1195 2550 καλέσαιμι
1234 2479 1331 2533 καὶ
1356 2479 1454 2550 τὴν
1481 2480 1832 2552 ὁπωσδήποτε

262 2564 404 2633 μετά
447 2564 601 2618 δόλου
638 2566 747 2619 τῶν
782 2568 1079 2638 χρημάτων
1119 2569 1413 2640 συλλογήν·
1447 2570 1524 2633 ὡς
1558 2572 1688 2624 ὅταν
1731 2589 1832 2625 πο-

259 2654 548 2724 ρευόμενοι
596 2656 734 2727 πρὸς
779 2657 1064 2722 πλουσίους
1113 2660 1207 2713 καὶ
1236 2660 1495 2730 πένητας,
1528 2661 1834 2733 ὀδυρόμεθα

256 2744 430 2816 ψευδῆ
462 2746 655 2801 πενίαν
680 2764 739 2801 τε
769 2750 864 2803 καὶ
886 2751 1157 2821 πτωχείαν
1179 2767 1192 2782 ·
1215 2753 1307 2805 καὶ
1336 2752 1479 2807 ναῶν
1501 2752 1834 2824 ἀναλώματα

259 2837 359 2895 καὶ
413 2838 815 2910 ἀναθημάτων·
875 2842 1177 2912 κειμηλίων
1225 2860 1285 2896 τε
1343 2845 1439 2896 καὶ
1498 2844 1834 2916 ἀγαλμάτων

261 2927 607 2991 κατασκευάς
627 2943 641 2957 ·
668 2928 835 2998 ἱερῶν
863 2929 1173 3000 ἐνδυμάτων
1198 2930 1426 2998 ἔνδειαν,
1453 2933 1548 2987 καὶ
1586 2934 1835 3005 ἱστοριῶν

260 3015 566 3093 ἀφανισμόν
592 3033 606 3047 ·
644 3017 732 3071 Eva
764 3018 941 3072 πάντα
974 3017 1185 3089 ἔχωμεν
1220 3020 1340 3089 μετ’
1366 3021 1646 3091 εὐπορίας,
1691 3021 1836 3094 ἅπερ

261 3105 386 3167 οὐδὲ
420 3106 676 3175 κοσμικοὶ
707 3105 861 3171 ὄντες
898 3106 1118 3178 εἴχομεν
1139 3123 1153 3138 ·
1186 3109 1437 3163 ἐντεῦθεν
1468 3109 1625 3180 ἡμῶν
1659 3110 1838 3166 πάντα

262 3195 657 3266 εὐπορούντων,
705 3195 855 3250 ἄλλοι
902 3196 1169 3268 ἀποροῦσι
1209 3198 1305 3250 καὶ
1331 3197 1641 3267 ὀδύρονται·
1676 3200 1770 3253 καὶ
1802 3201 1836 3271 ἡ

262 3287 435 3359 ᾁρετὴ
463 3289 620 3359 ἡμῶν
646 3287 848 3358 ματαία
875 3288 1230 3357 καθίσταται,
1258 3289 1345 3342 ἵνα
1372 3288 1446 3360 μὴ
1470 3289 1615 3358 λέγω
1637 3289 1841 3362 βλάϐης
1867 3287 1913 3350 C

263 3377 544 3447 πρόξενος-

336 3471 482 3541 Πρὸς
511 3469 722 3533 τούτοις
744 3468 840 3522 καὶ
862 3469 991 3538 περὶ
1012 3468 1244 3540 ἐκλογῆς
1258 3469 1562 3538 ἡγουμένου
1585 3469 1837 3539 ληπτέον·

266 3536 363 3616 καί
389 3536 572 3615 όποῖον
600 3554 740 3622 εἶναι
758 3557 865 3631 χρὴ
893 3536 985 3613 τόν
1009 3536 1216 3629 ἑτέροις
1243 3536 1674 3631 καθηγούμενον·
1710 3562 1842 3633 μήτι

267 3653 592 3725 τοπαράπαν
647 3653 712 3705 ὲκ
763 3650 974 3713 κοιλίας
1020 3650 1229 3717 ἑαυτῶν
1272 3650 1693 3719 ἀποφαίνοντες·
1727 3652 1843 3705 ἀλλ’

268 3744 392 3799 ὅσον
421 3743 486 3796 ἐκ
513 3741 624 3795 τῶν
654 3739 814 3794 θείων
840 3738 1093 3810 Γραφῶν,
1149 3738 1183 3809 ἢ
1221 3737 1331 3791 τῶν
1359 3738 1618 3807 Πατέρων
1647 3738 1848 3809 ἐμάθο-

272 3849 406 3905 μεν·
442 3834 523 3887 δεῖ
546 3833 603 3887 δὲ
632 3831 729 3887 καὶ
758 3830 947 3884 τοῦτον
975 3829 1117 3901 μειά
1145 3828 1567 3901 παρακλήσεως,
1614 3831 1690 3900 μὴ
1723 3832 1847 3901 μέν·

269 3941 351 3977 τοι
388 3923 526 3994 μετά
559 3922 683 3993 βίας
715 3920 966 3988 ὲφέλκειν
1004 3919 1100 3989 ἐπὶ.
1150 3919 1249 3990 τὴν
1305 3919 1636 3991 ήγουμενίαν
1663 3936 1677 3950 ·
1731 3922 1847 3975 ἀλλ’

272 4014 395 4067 οὐδὲ
425 4012 664 4076 εὐκόλως
697 4011 827 4066 ἄνευ
865 4009 1187 4080 δοκιμασίας
1220 4008 1503 4079 δέχεσθαι·
1532 4010 1667 4071 ἀλλὰ
1711 4013 1847 4081 μετά

271 4105 371 4175 τῆς
413 4105 552 4176 πρὸς
578 4104 713 4158 Θεὸν
747 4103 955 4168 ἱκεσίας
1003 4101 1251 4171 ἐκλέγειν
1300 4102 1397 4156 ἕνα
1440 4103 1541 4174 τῆς
1572 4104 1844 4168 συνοδίας·

273 4197 462 4266 ὥσπερ
492 4197 542 4249 οἱ
578 4194 673 4249 τοῦ
703 4184 949 4266 Χριστοῦ
968 4194 1256 4251 ἀπόστολοι
1277 4196 1371 4250 τὸν
1404 4197 1657 4251 Ματθίαν
1675 4213 1691 4229 ·
1735 4196 1847 4251 ῶσῆ

274 4304 381 4357 περ
418 4287 513 4340 τὸν
569 4286 856 4358 Βαρνάϐαν
904 4285 1000 4341 καὶ
1026 4284 1275 4340 Παῦλον·
1323 4284 1514 4356 ὥσπερ
1555 4286 1683 4350 τούς
1711 4287 1851 4351 ἑπτά

273 4377 554 4441 διακόνους
573 4392 589 4409 ·
614 4377 706 4430 τὸν
732 4376 843 4448 γὰρ
871 4376 963 4446 ἀφ’
996 4375 1194 4430 ἑαυτοῦ
1227 4375 1495 4445 ζητοῦντά
1516 4393 1640 4430 τινα
1669 4375 1850 4451 ἀξίαν,

275 4466 715 4540 ἀποστρέφεσθαι
736 4466 849 4520 δεῖ·
879 4466 955 4531 ὡς
987 4468 1016 4520 ό
1032 4467 1249 4537 Πέτρος
1273 4465 1364 4519 τὸν
1390 4465 1636 4536 Σιμῶνα·
1675 4465 1708 4536 ἢ
1734 4482 1855 4518 νου-

276 4560 450 4614 θετεῖν
484 4560 644 4629 εῐπερ
670 4560 897 4622 οἰκεῖος·
926 4559 1001 4621 ὡς
1033 4560 1063 4611 ό
1108 4557 1316 4628 Κύριος
1357 4557 1516 4629 ἡμῶν
1546 4561 1673 4620 τοὺς
1702 4557 1852 4619 υἱοὺς

1933 2041 2136 2095 sentire
2173 2059 2187 2096 :
2221 2041 2426 2096 talibus
2461 2041 2686 2098 enimin
2713 2041 2998 2097 sacriliciis
3042 2042 3145 2095 sibi
3180 2041 3324 2097 Deus
3356 2058 3507 2099 com-

1932 2133 2205 2203 placet”;
2245 2151 2265 2185 ι
2296 2141 2351 2188 et
2385 2134 2439 2186 in
2475 2133 2723 2203 Epistola
2750 2134 2818 2187 ad
2847 2132 3113 2203 Ephesios
3146 2150 3159 2187 :
3200 2152 3219 2185 ι
3257 2135 3366 2188 Fnr
3396 2150 3506 2189 non

1929 2224 2042 2294 jam
2078 2222 2314 2289 l'nretur,
2366 2223 2553 2293 potius
2611 2239 2743 2278 vero
2798 2223 3030 2290 laboret,
3066 2223 3269 2279 bonum
3324 2226 3506 2279 mani-

1934 2316 2039 2369 bus
2073 2330 2340 2385 0perans,
2375 2322 2434 2369 ut
2464 2314 2658 2370 babeat
2694 2315 2837 2370 unde
2880 2314 3029 2384 inopi
3075 2316 3362 2371 subveniat
3381 2316 3443 2370 “.
3483 2333 3504 2367 ι

1936 2405 2164 2462 Furtum
2199 2423 2300 2476 ego
2331 2422 2581 2461 vocarem
2641 2409 2800 2463 istam
2836 2408 3083 2476 qualibet
3110 2408 3326 2463 ratione
3357 2409 3512 2463 dolo-

1936 2514 2053 2554 sam
2086 2499 2354 2554 bonorum
2383 2500 2873 2568 comparationem,
2913 2499 3125 2554 scilicet
3164 2507 3244 2565 ut,
3278 2516 3404 2554 cum
3433 2499 3512 2555 di-

1936 2588 2075 2642 vites
2102 2602 2440 2657 pauperesve
2468 2587 2732 2657 aggressi,
2759 2587 2994 2657 inopiam
3020 2596 3263 2642 nostram
3293 2597 3348 2641 et
3376 2603 3512 2656 pau-

1936 2687 2199 2749 pertatem
2233 2679 2584 2745 deploramus
2607 2717 2623 2743 ,
2658 2678 2983 2747 templorum
3040 2680 3376 2749 (arguentes)
3409 2680 3513 2731 im-

1934 2785 2138 2841 pensas
2171 2779 2224 2825 et
2266 2769 2646 2832 oblationum,
2692 2767 3051 2837 supellectilis
3099 2778 3153 2823 et
3201 2776 3513 2824 statuarum

1939 2860 2381 2931 acquisitionem,
2415 2872 2702 2914 sacrorqu
2731 2858 3183 2912 indumentorum
3223 2858 3510 2926 penuriam

1939 2949 2403 3018 historiarumque
2447 2948 2798 3013 deletionem,
2848 2955 2910 3000 ut
2967 2946 3151 3001 omnia
3185 2945 3344 3001 facile
3374 2945 3516 3001 obti-

1940 3058 2172 3098 neamus
2200 3057 2342 3111 quae,
2393 3041 2523 3096 dum
2559 3041 2612 3094 in
2650 3041 2855 3095 mundo
2886 3054 3248 3107 versaremur,
3279 3055 3383 3094 non
3419 3041 3517 3092 ha-

1940 3136 2226 3200 bebamus,
2251 3144 2305 3190 et
2337 3149 2464 3189 cum
2510 3134 2875 3196 obtineamus,
2912 3132 3005 3186 alii
3033 3147 3141 3186 non
3178 3132 3431 3186 obtinent
3460 3138 3517 3184 et

1944 3234 2187 3298 gemunt,
2221 3225 2424 3280 virtute
2453 3233 2639 3279 nostra
2673 3224 2740 3279 ad
2771 3237 2975 3279 vanum
3012 3223 3229 3279 redacta
3250 3260 3266 3285 ,
3324 3231 3385 3278 ut
3447 3237 3517 3278 ne

1943 3320 2149 3386 dicam,
2187 3319 2417 3375 exitiosa
2451 3316 2616 3372 facta.

2018 3455 2177 3510 Nunc
2203 3455 2271 3511 de
2297 3454 2590 3524 begumenl
2623 3450 2885 3524 (abbatis)
2908 3449 3174 3505 electione
3202 3448 3513 3513 dicendum,

1944 3554 1996 3600 et
2044 3545 2260 3614 qualem
2303 3559 2425 3600 esse
2464 3543 2680 3610 debeat,
2732 3541 2826 3609 qui
2867 3539 3080 3593 caeteris
3132 3536 3510 3606 praaponitur:

1945 3634 2040 3703 qui
2072 3634 2223 3687 nullo
2253 3634 2418 3687 modo
2451 3634 2517 3686 de
2545 3633 2770 3701 proprio
2813 3637 3002 3683 nostro
3028 3627 3234 3696 judicio
3269 3626 3520 3679 indican-

1946 3723 2082 3786 dus,
2141 3722 2233 3776 sed
2271 3720 2571 3774 secundum
2600 3718 2744 3787 quod
2781 3731 2851 3771 ex
2880 3716 3052 3771 sacris
3089 3714 3388 3782 Scripturis
3426 3723 3521 3766 aut

1946 3826 2016 3867 ex
2067 3809 2325 3864 Patrilius
2368 3807 2685 3863 didicimus.
2718 3806 2813 3859 Ille
2866 3818 2997 3858 vero
3047 3818 3143 3872 per
3182 3803 3518 3867 suasionem,

1949 3916 2060 3957 non
2094 3915 2188 3970 per
2210 3900 2343 3963 vim,
2378 3895 2751 3961 adducendus,
2793 3893 3072 3964 utpraasit,
3100 3906 3200 3947 nec
3221 3891 3379 3947 facile
3406 3894 3522 3948 sine

1948 3993 2273 4067 probatione
2301 3988 2685 4060 accipiendus,
2718 3987 2833 4051 sed,
2869 3991 3161 4056 postquam
3199 3985 3367 4038 Deum
3399 3999 3522 4055 pre-

1949 4087 2056 4144 cati
2087 4085 2356 4141 fuerimus
2381 4124 2396 4150 ,
2430 4097 2499 4137 ex
2535 4089 2723 4136 nostra
2766 4076 3190 4148 congregatione
3219 4076 3523 4148 eligendus,

1950 4178 2096 4235 sicut
2122 4192 2152 4231 a
2174 4175 2377 4232 Clu-isti
2412 4173 2677 4244 apostolis
2701 4169 2983 4235 Matthias,
2998 4167 3301 4235 Barnabas,
3323 4166 3528 4222 Paulus

1950 4280 2005 4327 et
2032 4279 2245 4341 septem
2286 4267 2529 4323 diaconi.
2556 4265 2647 4320 Ille
2679 4264 2775 4335 qui
2805 4278 2873 4319 ex
2901 4277 2960 4318 se
2986 4261 3159 4316 ambit
3206 4260 3526 4331 dignitatem

1952 4360 2293 4419 recusandus
2318 4369 2421 4427 est,
2443 4372 2503 4413 ut
2520 4357 2706 4413 Simon
2725 4374 2755 4410 ιι
2777 4355 2972 4421 Petro;
3003 4366 3117 4418 aut,
3141 4353 3187 4408 si
3218 4350 3379 4405 fuerit
3399 4365 3428 4404 e
3450 4348 3531 4403 fa-

1951 4453 2283 4520 miliaribus,
2309 4451 2682 4506 admonendus
2700 4458 2810 4503 uta
2833 4446 3065 4502 Domino
3089 4454 3278 4499 nostro
3312 4442 3403 4496 lilii
3430 4439 3530 4497 Ze-

1952 4546 2147 4601 bed'ci.
2170 4544 2228 4600 Si
2246 4545 2391 4600 enim
2418 4558 2576 4613 reges
2596 4541 2782 4597 mundi
2805 4553 2900 4594 eos
2916 4537 3006 4608 qui
3028 4553 3094 4591 ex
3124 4552 3183 4592 se
3208 4534 3527 4605 dignitatem

276 4650 585 4717 Ζεϐεδαίου.
614 4623 697 4705 Ἐἰ
728 4654 837 4720 γὰρ
867 4650 1124 4720 κοσμικοὶ
1161 4623 1412 4720 βασιλεῖς⁷
1438 4651 1566 4714 τούς
1593 4651 1685 4717 ἀφ’
1719 4651 1838 4704 ἐαυ-

1956 4637 2205 4694 ambiunt
2238 4635 2398 4706 quasi
2420 4633 2745 4688 rebellantes
2772 4630 3110 4694 existimant,
3129 4633 3338 4698 quanto
3356 4623 3529 4694 magis

275 4742 383 4806 τῶν
403 4760 455 4796 τι
475 4716 775 4813 ζητοῦντας
807 4716 1028 4813 ἀξίωμα
1047 4716 1320 4813 ἀντάρτας
1347 4716 1673 4809 λογίζονται,
1698 4740 1838 4813 πόσιε

1956 4728 2137 4785 Deus?
2163 4727 2305 4782 Dicit
2324 4725 2529 4780 Paulus
2550 4725 2605 4777 in
2628 4721 2872 4803 Epistola
2895 4721 2962 4777 ad
2985 4719 3244 4775 Hebraeos
3261 4733 3276 4770 :
3296 4735 3315 4768 ι
3336 4716 3531 4770 Omnis

281 4832 482 4903 μᾶλλον
513 4834 543 4886 6
567 4832 701 4895 Θεός
730 4849 747 4900 ;
776 4832 915 4903 Φησὶ
952 4831 1060 4904 γὰρ
1103 4832 1163 4884 ὲν
1202 4833 1268 4903 τῇ
1305 4830 1443 4901 πρὸς
1482 4829 1769 4899 Ἐϐραίους
1823 4832 1853 4882 6

278 4919 492 4986 Παῦλος
513 4938 527 4952 ·
567 4940 585 4974 ι
620 4921 735 4985 Πᾶς
763 4923 1055 4992 ἀρχιερεὺς
1087 4920 1147 4985 ἐξ
1172 4920 1475 4992 ἀνθρώπων
1505 4918 1853 4991 λαμϐανόμε-

278 5027 390 5079 νος,
410 5012 554 5083 ὑπὲρ
588 5009 892 5084 ἀνθρώπων
923 5011 1249 5066 καθίσταται
1274 5011 1343 5073 τὰ
1372 5012 1508 5083 πρὸς
1531 5012 1621 5064 τὸν
1644 5010 1798 5067 Θεόν.
1828 5029 1846 5061 ι

278 5103 393 5159 Καὶ
439 5105 556 5175 μετ’
584 5102 743 5172 ὀλίγα
762 5119 776 5134 ·
812 5120 832 5155 ι
870 5102 985 5173 Οὐχ
1007 5102 1203 5174 ⁴ἑαυτῷ
1232 5119 1314 5166 τις
1348 5102 1615 5173 λαμϐάνει
1645 5103 1741 5173 τὴν
1769 5118 1852 5181 τι-

1960 4819 2207 4894 ροιιιὶίει
2248 4835 2316 4873 ex
2349 4816 2666 4875 hominibus
2716 4821 3034 4883 assumptus
3080 4826 3181 4882 pro
3214 4807 3532 4865 hominibus

1958 4909 2314 4969 constituitur
2345 4910 2400 4964 in
2433 4908 2501 4964 iis
2527 4922 2647 4989 qua:
2682 4915 2811 4960 sunt
2841 4905 2906 4959 ad
2947 4904 3214 4972 Deum";
3235 4922 3253 4954 ι
3286 4909 3339 4957 et
3368 4899 3533 4970 paulo

1960 5012 2124 5072 post:
2165 5018 2183 5053 ι
2217 4998 2336 5055 Νοιι
2386 5003 2678 5068 quisquam
2721 4994 2890 5050 sumit
2937 4993 3043 5047 sibi
3082 4993 3380 5056 honorem,
3433 4990 3529 5045 scd

1958 5098 2055 5172 qui
2092 5106 2330 5153 vocatur
2363 5106 2394 5146 a
2433 5079 2564 5155 Deo,
2595 5098 2858 5156 tanquam
2884 5084 3089 5139 Aaron.
3124 5083 3219 5140 Sic
3268 5092 3323 5138 et
3371 5080 3535 5137 Chri-

368 5256 414 5289 “
452 5257 472 5311 Ι
505 5255 638 5326 Reg.
677 5271 766 5324 xv,
799 5255 891 5310 22.
971 5257 1012 5288 ἰ
1056 5253 1221 5310 Hebr.
1264 5269 1385 5320 xm,
1415 5254 1499 5310 16.
1590 5255 1634 5287 ³³
1672 5253 1838 5324 Ephcs

1942 5268 1982 5321 ν,
2011 5251 2100 5307 28.
2178 5250 2221 5287 ¹³
2258 5248 2422 5308 Hebr.
2460 5268 2511 5315 v,
2546 5250 2597 5305 1.

353 5394 1116 5518 ῗίαῗῖεξῗίὲἐῖἐὲεἷὲῗτὲἐιὲξ
1141 5393 1249 5465 γὰρ
1275 5396 1397 5458 ταῖς
1430 5394 1654 5465 πτέῳῇ
1687 5411 1856 5448 κεκ⁴²⁶

281 5464 628 5536 λύῲθαιᾼτὴνᾼ
643 5464 936 5536 εὐλάϐειαν
963 5464 1133 5536 δηλοῖ.

381 5537 437 5606 4)
455 5530 748 5615 .Sch'oljum
780 5547 795 5587 :
818 5530 991 5615 Τοῦτο
1016 5530 1252 5615 εἴρηται,
1276 5532 1529 5615 περὶτῶν
1545 5533 1606 5600 ἐξ
1627 5533 1855 5615 ἀκηδίας

286 5602 558 5677 προφάσει
588 5602 748 5674 δῆθεν
771 5603 1014 5727 κάρφους
1045 5602 1141 5657 τοῦ
1185 5606 1243 5656 ὲν
1289 5602 1366 5674 τῷ
1402 5603 1676 5684 ἐδάφειηῆ
1708 5602 1851 5667 τινος

290 5676 477 5727 ἑτέρου
523 5673 595 5727 μὴ
630 5689 831 5727 κατεπε
858 5690 1043 5727 voveo:
1083 5674 1415 5727 κινουμένων
1457 5675 1522 5727 ἐκ
1556 5692 1649 5727 του
1688 5674 1851 5727 τόπου

290 5673 477 5751 ἐτέρου
522 5673 595 5748 μὴ
630 5673 1043 5743 κατεπείγοντος
1083 5674 1415 5743 κινουμένων
1457 5675 1522 5727 ὲκ
1556 5673 1851 5747 τοῦτόπου

1961 5392 2170 5446 αὐτῶν·
2198 5394 2258 5444 οὐ
2292 5392 2400 5462 μὴν
2430 5391 2559 5462 περὶ
2586 5390 2678 5462 τοῦ
2708 5388 3044 5462 κανονάρχου
3063 5400 3085 5455 ﬁ
3104 5375 3272 5462 οὗςεος.
3292 5378 3421 5462 γὰρ..
3452 5373 3532 5441 εἷς

1961 5405 2170 5446 αὐτων·
2198 5405 2258 5444 οι)
2292 5405 2400 5462 μην
2430 5407 2499 5444 πε
2540 5405 2559 5444 ι
2586 5408 2678 5445 του
2708 5405 2910 5444 κανονα
2949 5405 3044 5456 χου
3063 5405 3085 5455 ξ
3104 5405 3259 5444 ουτος
3292 5405 3421 5448 γαρ,
3452 5405 3531 5441 υς

1960 5463 2058 5528 ὢν,
2105 5462 2164 5514 ἐν
2206 5459 2439 5533 μεγίστῃ
2482 5408 2800 5533 ’ἓκδιλησίαΔ
2824 5459 2884 5512 οὐ
2901 5405 3145 5533 stivam:
3153 5454 3225 5533 _év
3252 5449 3532 5533 ἐκαρτέρςις

1960 5518 2314 5601 κανοναρῇίεῖν
2364 5518 2478 5594 τοῖς
2528 5518 2725 5601 χοροῖς,
2756 5518 2804 5581 εἰ
2853 5528 2928 5598 μὴ
2973 5523 3217 5609 μεταϐῇ·
3250 5518 3532 5603 ἔπεὶηὸταν

1958 5600 2202 5671 δυνατόν,
2234 5601 2293 5652 οὐ
2336 5601 2494 5670 μόνον
2536 5600 2766 5671 περιττὴ
2809 5600 2841 5667 ἡ
2888 5595 3207 5668 μεταϐασις,
3261 5591 3396 5645 ἀλλα
3440 5588 3535 5641 καὶ

1957 5670 2185 5744 ὀχληρὸν
2215 5672 2305 5726 καὶ
2338 5672 2603 5740 ἀπρεπές.
