3928 6206
559 289 698 355 1343

1809 313 2183 376 PACHOMII
2211 317 2557 379 MONACHI
3619 334 3709 398 13M

555 411 677 456 stus
712 417 821 456 non
849 408 1642 482 semetipsum'glorilicavit.ut
1671 419 1914 489 pontifex
1943 422 2111 490 ﬁeret,

2229 426 2367 496 μήν·
2400 425 2517 480 ἀλλ’
2552 425 2582 477 ό
2618 425 2952 496 καλούμενος
2985 426 3086 482 ὑπὸ
3106 426 3206 482 τοῦ
3236 427 3390 484 Θεοῦ.
3416 429 3633 510 Καθάπερ
3646 445 3707 496 καὶ

555 488 650 542 sed
695 491 788 560 qui
838 493 1054 552 loeutus
1078 500 1258 555 estad
1287 517 1414 558 eum
1449 522 1464 557 :
1519 488 1694 566 Filius
1728 527 1884 568 meus
1926 529 1986 569 es
2031 488 2126 580 tu,

554 593 658 648 ego
703 582 864 637 hodie
911 587 1076 656 genui
1130 600 1183 644 te
1209 590 1272 644 ⁸⁵.
1307 611 1328 644 ι
1365 596 1587 666 Oportet
1632 600 1787 658 illum
1832 609 2126 675 probatum

553 683 676 725 esse
721 673 774 726 in
805 676 955 729 omni
989 693 1068 744 re,
1097 680 1172 735 ita
1205 693 1264 738 ιιι
1293 683 1556 744 fratribus
1590 693 1775 750 anima
1813 673 1870 752 et
1897 715 2131 772 corpore

553 763 778 828 serviat,
829 781 954 821 eum
1004 770 1209 828 idcirco
1237 775 1494 846 eligatur,
1541 792 1600 837 ut
1635 783 1770 840 dicit
1812 763 2076 862 propheta
2111 815 2125 851 :

557 869 577 903 ι
617 852 870 912 Pastores
906 875 1016 914 non
1063 863 1316 935 seipsos,
1369 871 1464 926 sed
1511 889 1680 942 oves,
1732 852 2063 955 pascunt";
2103 907 2122 940 ι

551 943 696 1010 quod
743 943 855 1009 fiet,
905 950 950 1004 si
1006 951 1317 1024 intellectu,
1365 961 1460 1030 qui
1500 980 1566 1018 ex
1629 943 1825 1040 magna
1893 943 2128 1034 scientia

552 1032 990 1109 longevitateqne
1067 1045 1334 1112 nascitur,
1387 1061 1472 1106 est
1525 1066 1771 1116 ornatus.
1867 1063 1968 1120 Ille
2019 1083 2125 1123 non

1773 1523 1922 1588 quod
1978 1527 2121 1581 enim

547 1583 714 1638 homo
756 1585 872 1656 ipse
918 1604 1029 1646 non
1077 1608 1272 1662 passus
1319 1611 1423 1663 est,
1466 1602 1621 1658 alteri
1675 1583 1807 1662 non-
1901 1611 2121 1678 credet;

545 1674 638 1742 qui
671 1687 854 1734 autem
884 1696 1083 1750 passus
1111 1693 1216 1752 est,
1241 1688 1333 1744 ille
1363 1691 1428 1746 ad
1461 1701 1900 1765 compassionem
1941 1674 2122 1772 prem;

544 1763 732 1830 ptior:
765 1766 932 1836 (quod
959 1771 1066 1828 nisi
1097 1773 1281 1848 fuerit)
1329 1763 1617 1840 invisibilis
1643 1791 1920 1856 passionis
1941 1763 2106 1853 testis
2156 1767 2196 1822 Β

541 1868 720 1911 caecus
778 1858 992 1930 (esset),
1039 1864 1234 1924 alienae
1284 1869 1442 1928 faciei
1493 1879 1776 1947 proprium
1829 1883 1934 1939 sibi
1991 1903 2117 1958 spe-

540 1946 749 2004 culum.
796 1969 817 2004 ι

612 2038 717 2106 Qui
746 2043 893 2098 enim
925 2061 1034 2102 non
1069 2047 1150 2104 sic
1183 2051 1397 2120 probati
1427 2067 1588 2124 sunt,
1625 2066 2025 2139 superbientes,
2059 2073 2116 2128 in

539 2129 744 2187 diaboli
775 2136 1151 2204 probationem
1186 2145 1428 2214 retiaque
1465 2129 1735 2219 incidunt,
1772 2155 1918 2228 leges
1948 2129 2117 2221 novas

541 2221 904 2292 invenientes,
947 2229 1156 2298 priscas
1197 2235 1546 2308 abrogantes,
1598 2246 1807 2308 omnia.
1843 2257 1902 2304 ut
1937 2255 2115 2311 oculis

542 2316 778 2382 propriis
803 2317 1002 2386 placet,
1035 2320 1318 2393 facientes,
1351 2331 1497 2387 unde
1531 2337 1832 2396 eversionis
1859 2353 2117 2403 auctores

541 2403 698 2472 (lunt,
730 2416 783 2462 et
812 2410 1170 2481 divisionum,
1193 2419 1496 2492 eademque
1526 2429 1810 2496 patiuntur
1832 2447 1956 2503 quae
1983 2437 2114 2493 olim

542 2493 808 2553 “obeam.
829 2500 1084 2560 Fratrum
1112 2509 1307 2578 jugum
1340 2493 1659 2584 aggravant,
1690 2536 1828 2590 quos
1849 2493 1918 2580 ne
1943 2527 2116 2600 digito

539 2589 758 2657 quidem
786 2601 1044 2665 tangunt;
1078 2602 1342 2673 subjectis
1371 2622 1500 2672 non,
1537 2611 1678 2666 sicut
1711 2619 1885 2672 sancti
1923 2589 2111 2690 prisci,

538 2681 964 2748 compatiuntur,
1010 2687 1228 2756 plenum
1281 2708 1592 2766 purumque
1641 2681 1970 2774 obsequium
2003 2710 2117 2763 exi-

539 2778 750 2836 gentes,
787 2771 888 2842 ipsi
925 2778 1134 2832 nemini
1170 2797 1411 2852 unquam
1444 2789 1754 2857 reddentes,
1791 2771 2114 2866 ignorantes

537 2859 702 2925 quod.
755 2863 800 2916 si
846 2877 1040 2921 omnes
1095 2881 1290 2925 natura
1323 2873 1530 2933 dociles
1553 2887 1606 2932 et
1636 2890 1992 2943 consentanei
2024 2905 2114 2946 es-

538 2958 683 3013 sent,
729 2952 862 3005 nihil
913 2955 1021 3012 illis
1072 2963 1362 3031 praeposito
1412 2981 1554 3038 opus
1583 2980 1748 3028 esset.
1797 2977 1924 3033 Illos
1975 2978 2113 3051 fugit

539 3037 754 3111 Moyses
798 3059 900 3108 pro
942 3050 1142 3118 populo
1187 3067 1416 3121 precans
1495 3059 1839 3136 Dominoque
1871 3037 2066 3126 dicen;
2093 3091 2109 3128 :

543 3149 564 3181 ι
597 3129 652 3186 Si
689 3133 798 3190 illis
831 3148 1116 3204 peccatum
1163 3143 1408 3202 dimittas
1431 3187 1447 3214 ,
1481 3151 1696 3208 dimitte
1720 3129 1854 3222 ;'sin
1896 3169 2111 3246 contra,

538 3239 623 3276 me
649 3239 714 3278 ex
752 3224 892 3282 libro
919 3229 1075 3286 abole
1113 3233 1168 3286 in
1199 3249 1310 3304 quo
1357 3240 1626 3310 scripsisti
1656 3246 1743 3312 l‘;
1785 3266 1803 3298 ι
1835 3257 1890 3303 et
1921 3224 2110 3320 Dav/id,

535 3315 628 3382 qui
661 3331 692 3370 e
722 3318 897 3374 tribus
942 3321 1046 3376 sibi
1093 3327 1362 3384 nuntiatis
1399 3333 1578 3400 poenis
1613 3344 1838 3406 propter
1885 3315 2111 3399 censum

537 3405 717 3474 populi
750 3406 976 3477 factum,
1025 3429 1204 3484 neque
1252 3416 1453 3475 famem
1489 3439 1663 3494 neque
1695 3405 1905 3486 bellum
1945 3433 2114 3490 voluit

533 3495 758 3566 eligere,
807 3514 873 3554 ne
918 3500 1034 3571 ipse
1070 3512 1130 3559 ut
1181 3521 1274 3563 rex
1321 3509 1440 3566 istis
1483 3526 1732 3574 servatus
1766 3536 1876 3575 non
1909 3526 2112 3593 periret

533 3601 657 3640 cum
691 3589 914 3658 populo,
961 3593 1056 3648 sed
1104 3606 1310 3665 pestem
1345 3601 1508 3674 elegit
1551 3609 1757 3676 pariter
1787 3589 1979 3670 omn-es
2010 3632 2108 3688 ag-

532 3693 846 3748 gressuram
875 3721 892 3748 ,
921 3692 976 3738 et
1005 3687 1071 3739 ad
1106 3685 1398 3747 Dominum
1448 3696 1714 3766 clamans,
1751 3703 1880 3757 dum
1911 3707 1981 3760 ah
2012 3723 2112 3763 an-

532 3771 652 3838 gelo
701 3770 968 3830 inﬂictum
1011 3779 1222 3836 videret
1269 3785 1574 3854 populum:
1615 3809 1634 3842 ι
1675 3791 1812 3850 Ecce
1856 3811 1957 3867 ego
1985 3813 2109 3868 pec-

531 3861 679 3928 cavi;
715 3865 898 3920 veniat
927 3866 981 3921 in
1016 3885 1102 3926 me
1125 3888 1322 3930 manus
1351 3887 1441 3933 tua
1468 3881 1596 3936 etin
1630 3883 1854 3940 domum
1889 3904 2064 3945 meam
2092 3909 2106 3946 :

531 3953 648 4008 ista
667 3969 798 4011 oves
815 3959 943 4027 quid
968 3957 1183 4018 fecere?
1200 3963 1460 4023 Vertatur
1479 3987 1674 4030 manus
1687 3981 1780 4030 tua
1793 3987 1981 4034 contra
2003 3997 2108 4050 me,

529 4055 584 4100 et
599 4061 791 4103 contra
810 4049 1033 4108 domum
1056 4057 1233 4125 patris
1253 4062 1360 4116 mei
1381 4063 1447 4116 ³⁷.
1474 4081 1496 4116 ι
1527 4063 1656 4121 Illos
1690 4065 1829 4138 fugit
1857 4069 2108 4128 Christus

529 4137 598 4191 ad
621 4153 718 4194 eos
741 4141 835 4210 qui
858 4142 1038 4213 ipsum
1072 4150 1613 4218 comprehendebant
1640 4137 1827 4215 dicens
1850 4178 1864 4214 :
1891 4179 1910 4214 ι
1936 4161 1992 4218 Si
2021 4179 2108 4219 me

527 4229 794 4298 quaeritis,
816 4232 1076 4290 dimittite
1096 4237 1231 4294 istos
1250 4240 1402 4296 abire
1423 4242 1495 4310 '3;
1517 4262 1536 4294 ι
1555 4245 2100 4321 scilicctdiscipulos,

527 4318 702 4390 Magis
736 4331 919 4378 autem
957 4315 1325 4398 dedignantur
1371 4332 1619 4392 inﬁrmos
1665 4348 1721 4394 et
1764 4315 1995 4398 irrident
2025 4345 2108 4400 di-

2140 3107 2184 3166 C

2241 517 2474 588 ’Δαρὼν,
2496 516 2640 571 οὓτω
2665 517 2761 571 καὶ
2781 519 2811 572 ό
2832 517 3067 588 Χριστός
3081 535 3096 549 ο
3126 519 3230 589 οὐχ
3257 520 3440 575 ἑαυτὸν
3460 524 3632 590 ἑδὸξασε
3651 548 3709 598 γε.

2227 607 2458 680 νηθῆναι
2487 608 2768 679 ἀρχιερέαο
2793 607 2910 662 ἀλλ’
2932 610 2963 662 ό
2989 608 3234 680 λαλήσας
3255 609 3388 682 πρὸς
3408 613 3574 668 αὐτόν·
3594 635 3610 668 ι
3625 618 3708 686 Υἱός

2231 711 2334 766 μου
2363 692 2416 750 εί
2439 696 2503 748 σύ
2524 713 2536 726 ·
2569 695 2681 764 ἐγώ
2708 697 2951 768 σήμερον
2992 697 3304 768 γεγέννηκά
3330 716 3406 754 σε.
3441 720 3460 754 ι
3493 704 3569 756 Δεῖ
3585 706 3628 759 δὲ
3646 715 3708 764 ul

2229 784 2632 855 πεπειραμένον
2675 781 2816 839 εἶναι
2864 786 3008 840 κατὰ
3060 787 3265 852 πάντα,
3297 787 3432 842 ὥστε
3467 789 3708 863 θεραπεύειν

2228 873 2354 936 τοὺς
2403 873 2669 943 ἀδελφοὺς
2716 873 2865 944 ψυχῇ
2897 890 2958 928 τε
3002 875 3098 928 καὶ
3143 875 3358 947 σώματι
3379 894 3394 909 υ
3421 881 3530 934 ἐπεὶ
3563 887 3706 941 ulla

2227 962 2388 1018 τοῦτο
2427 964 2728 1034 ἐκλέγεται.
2772 966 2885 1018 Καὶ
2926 966 3056 1038 γάρ.
3083 966 3162 1030 ὥς
3192 985 3358 1040 φησιν
3394 971 3424 1024 δ
3463 975 3704 1048 προφήτης,

2235 1071 2255 1105 ι
2285 1055 2350 1107 Ol
2388 1054 2643 1125 ποιμένες
2672 1055 2770 1125 οὑχ
2800 1057 3028 1120 ἑαυτοὺς
3060 1056 3370 1128 βόσκουσιν,
3402 1061 3526 1117 ἀλλὰ
3543 1068 3599 1120 τὰ
3618 1071 3703 1139 πρέ-

2231 1144 2388 1199 6ατα.
2428 1163 2448 1198 ι
2483 1143 2652 1198 Τοῦτο
2690 1145 2748 1198 δὲ
2802 1145 3001 1214 γένοιτ’
3043 1148 3131 1212 ἂν,
3167 1149 3326 1218 εἴπερ
3363 1153 3550 1207 συνέσει
3586 1161 3634 1228 τῇ
3665 1159 3705 1214 tu

2040 1253 2126 1306 in,
2228 1236 2571 1308 πολυμαθίας
2600 1237 2695 1290 καὶ
2725 1237 3015 1303 πολυετίας
3042 1242 3324 1310 κοσμεῖτο.
3358 1241 3459 1298 Καὶ
3493 1245 3558 1316 μὴ
3583 1248 3704 1321 ἐαυτῷ

2227 1327 2604 1401 ἀρέσκεινλὼς
2637 1327 2876 1400 εἴρηταιο
2901 1331 3044 1383 καθὰ
3063 1330 3130 1402 δὴ
3161 1332 3261 1385 καὶ
3289 1331 3364 1403 τῷ
3385 1333 3596 1408 Θιολόγῳ
3615 1334 3705 1411 Γρη-

2110 1435 2123 1489 i
2227 1421 2397 1492 γορίῳ
2432 1419 2584 1472 δοκεῖ
2620 1418 2834 1489 λέγοντι
2877 1422 3019 1490 μετὰ
3044 1423 3114 1476 τά
3143 1423 3288 1477 κατά
3319 1425 3544 1498 Μάξιμον
3563 1445 3576 1461 ο
3600 1447 3618 1482 ι
3640 1426 3703 1486 ἀν

2227 1511 2406 1563 κοινὸν
2452 1510 2514 1564 τὸ
2558 1511 2798 1582 πνεῦμα,
2849 1513 3026 1566 κοινὸν
3057 1513 3120 1567 τὸ
3163 1515 3334 1578 πάθος
3356 1531 3370 1546 ·
3396 1511 3470 1580 οἷς
3492 1518 3540 1571 δὲ
3561 1521 3610 1574 τὸ
3632 1525 3702 1576 τά·

2229 1616 2379 1671 σχειν
2405 1603 2542 1666 ῐσον,
2577 1601 2690 1655 ῐσον
2721 1604 2816 1656 καὶ
2853 1603 2915 1657 τὸ
2942 1605 3226 1658 πιστεύειν
3247 1623 3260 1635 ·
3296 1605 3326 1659 δ
3355 1607 3454 1678 γάρ
3485 1611 3614 1682 μήτις
3637 1614 3700 1667 πε.

2229 1691 2451 1758 πονθεν,
2479 1692 2592 1746 οὐδ’
2650 1693 2718 1748 ἂν
2757 1693 2932 1765 ἑτέρῳ
2976 1695 3344 1753 πιστεύσειεν.
3407 1700 3530 1754 Ὁδὶ
3555 1705 3696 1771 παθὼν,

2226 1783 2306 1846 είς
2382 1783 2784 1852 συγκατάθεσιν
2847 1786 3230 1858 ἑτοιμότερος.
3297 1789 3490 1861 μάρτυς
3537 1794 3698 1865 um

2225 1873 2458 1943 ἀοράτου
2525 1874 2763 1941 πάθους,
2811 1876 3030 1948 μορφῆς
3080 1878 3367 1951 ἀλλοτρίας
3419 1885 3584 1938 οίκεῖον
3618 1887 3695 1940 ἰσο-

2225 1980 2415 2036 πτρον.
2447 1983 2469 2016 ι

2295 2061 2360 2114 Οί
2391 2059 2501 2132 γάρ
2533 2059 2608 2132 μὴ
2632 2059 2776 2115 οὕτω
2805 2061 3107 2132 κριθέντες,
3129 2063 3482 2133 τυφωθέντες,
3507 2066 3572 2129 είς
3585 2069 3694 2142 κρίμα

2224 2151 2320 2204 καλ⁸
2340 2151 2544 2220 παγίδα
2565 2149 2658 2204 τοῦ
2681 2150 2930 2206 διαϐόλου
2953 2152 3292 2222 ἐμπίπτουσι
3315 2169 3329 2184 ·
3357 2155 3532 2224 νόμους
3550 2156 3694 2227 ἑτέρους

2224 2241 2655 2314 ἐξευρίσκοντες,
2677 2242 2773 2297 καὶ
2799 2243 2928 2306 τοὺς
2959 2243 3228 2309 παλαιοὺς
3248 2245 3538 2310 ἀθετοῦντες
3554 2263 3566 2278 ·
3586 2247 3691 2301 ἀτεν-

2222 2351 2292 2387 τα
2327 2333 2469 2388 κατά
2505 2335 2566 2386 τὸ
2599 2333 2830 2404 ἀρεστὸν
2858 2334 2918 2387 ὲν
2946 2333 3254 2406 ὀφθαλμοῖς
3277 2335 3448 2391 αὐτῶν
3470 2337 3689 2402 ποιοῦντες·

2221 2425 2303 2480 διὸ
2335 2405 2428 2479 καὶ
2455 2425 2869 2489 ἀκαταστασίας
2902 2425 3064 2480 αἴτιοι
3094 2405 3333 2496 γίνονται
3364 2430 3449 2483 καὶ
3469 2431 3688 2500 exth
3796 2449 3797 2456 η

2223 2517 2318 2570 καὶ
2340 2515 2411 2569 τά
2437 2517 2598 2586 ὃμοια
2628 2515 2895 2586 πάσχουσι
2924 2514 3002 2585 τῷ
3029 2515 3200 2570 πάλαι
3240 2516 3488 2586 Ῥοὸοάμο
3513 2518 3685 2588 βαρύκτ-

2220 2621 2314 2670 τες
2335 2608 2428 2660 τὸν
2457 2606 2622 2676 ζυγὸν
2655 2605 2767 2660 τῶν
2799 2607 3064 2675 ἀδελφῶν,
3115 2607 3195 2680 τῷ
3233 2607 3290 2662 δὲ
3335 2609 3549 2680 δακτύλῳ
3573 2609 3683 2664 αἰτῶι

2225 2696 2302 2768 μὴ
2343 2697 2642 2767 ἁπτόμενοι
2659 2714 2672 2728 ο
2707 2697 2781 2768 μὴ
2807 2697 2864 2749 δὲ
2893 2699 3317 2770 συμπάσχοντες
3345 2703 3449 2763 τοῖς
3473 2702 3681 2756 ὑποτασσο-

2224 2786 2405 2857 μένοις
2426 2785 2502 2850 ὡς
2529 2789 2578 2839 οί
2607 2787 2775 2841 πάλαι
2804 2786 2949 2856 άγιοι
2972 2805 2986 2818 ·
3015 2789 3190 2859 μόνην
3210 2790 3266 2844 δὲ
3286 2791 3380 2860 τὴν
3403 2791 3684 2862 ﬁrmamin-

2220 2877 2372 2930 τοῦσι
2405 2877 2654 2948 καθαράν
2673 2892 2688 2908 ο
2736 2877 2894 2930 αὐτοὶ
2925 2878 3203 2949 μηδέποτε
3229 2880 3383 2934 τοῦτο
3413 2881 3583 2950 ἑτέροις
3597 2883 3682 2934 ἁπο-

2219 2965 2491 3032 δώσαντες
2515 2984 2532 2999 ο
2588 2969 2662 3039 μὴ
2729 2967 3092 3036 γινώσκοντες
3122 3009 3138 3034 ,
3185 2972 3268 3024 δτι
3317 2973 3364 3026 εί
3418 2970 3562 3034 οὕτως
3597 2967 3684 3041 ἦσαν

2219 3055 2459 3119 ἅπαντες
2501 3055 2770 3127 πειθήνιοι
2812 3056 2906 3109 καὶ
2927 3055 3335 3127 ὁμογνώμονες,
3363 3056 3457 3110 οὐκ
3477 3055 3532 3110 ἃν
3551 3055 3683 3109 mm

2215 3145 2580 3218 προεστῶτος.
2613 3146 2727 3199 Οὐκ
2757 3145 3018 3199 ἀκούουσι
3037 3147 3318 3210 Μωῦσέως
3346 3147 3473 3216 ὑπὲρ
3494 3146 3579 3200 τῶν
3599 3161 3681 3213 συρ-

2214 3237 2462 3308 φυλετῶν
2486 3237 2746 3308 δεομένου
2790 3237 2886 3291 καὶ
2919 3236 3178 3306 λέγοντος
3217 3238 3352 3311 πρὸς
3389 3235 3682 3308 Repulit-ti!

2216 3329 2315 3402 μὲν
2346 3331 2492 3400 ἀφῇς
2531 3331 2718 3392 αὐτοῖς
2765 3329 2866 3400 τὴν
2895 3328 3180 3400 ἁμαρτίαν
3210 3329 3400 3394 αὐτῶν,
3425 3330 3563 3399 ἄφες·
3593 3328 3629 3381 tl
3649 3325 3682 3380 li

2215 3419 2314 3491 μὴ,
2351 3419 2635 3490 ὲξάλειψόν
2670 3436 2738 3489 με
2778 3422 2844 3473 ὲκ
2868 3419 2968 3490 τῆς
3003 3419 3194 3489 βίϐλου
3222 3415 3287 3494 ἧς
3313 3416 3681 3490 Εγραψας.ιοΰίί

2211 3525 2276 3578 γε
2293 3509 2385 3562 τοῦ
2403 3510 2590 3564 Δαυῒδο
2617 3511 2764 3572 ὅστις
2786 3510 2952 3582 τριῶν
2979 3509 3138 3580 αὐτῷ
3167 3512 3558 3582 προτεινομένων
3576 3523 3680 3577 τιμο-

2213 3600 2346 3674 ριῶν
2376 3601 2466 3655 διὰ
2497 3600 2558 3654 τὸ
2589 3600 2894 3672 ἀριθμῆσαι
2935 3599 3028 3654 τὸν
3059 3600 3213 3668 λαὸν,
3238 3603 3334 3704 ούκ
3372 3597 3678 3704 ὴθιὲλησενοῦξι

2209 3693 2398 3764 λιμὸν,
2436 3693 2560 3746 οὔτε
2613 3693 2853 3763 διωγμὸν
2896 3695 3226 3788 προκρῖναι-ο
3271 3694 3356 3748 ἵνα
3386 3691 3678 3788 aquosae;

2209 3783 2466 3855 βασιλεὺς
2521 3781 2728 3836 τούτων
2780 3783 3070 3846 διασωθεὶς
3095 3823 3113 3848 ,
3160 3785 3220 3838 ού
3281 3781 3676 3884 συναπολεοθῇῇᾦ

2207 3873 2324 3946 λαῷ
2339 3891 2354 3905 ·
2386 3873 2524 3928 ἀλλὰ
2544 3874 2636 3930 τὸν
2661 3873 2890 3928 θάνατον
2913 3873 3225 3943 ἐξελέξατο,
3263 3875 3556 3970 δμοίως-τοὶς
3571 3873 3675 3970 πᾶσι

2207 3966 2597 4037 ἐπερχόμενον.
2642 3965 2862 4036 Ἀμέλει
2895 3967 2992 4020 καὶ
3025 3966 3168 4038 πρὸς
3203 3962 3554 4064 Κύριονᾼεῐπεν
3575 3962 3676 4064 Et:

2211 4057 2340 4111 ίδείν
2369 4057 2531 4112 αὐτὸν
2561 4056 2793 4127 ἄγγελον
2814 4057 2908 4113 τὸν
2932 4058 3210 4114 τύπτοντα
3234 4061 3290 4114 ἐν
3315 4059 3388 4130 τῷ
3405 4057 3502 4128 λαῷ
3518 4072 3530 4086 '
3555 4072 3572 4106 α
3598 4050 3676 4104 ’1δώ

2207 4148 2320 4218 ἐγὼ
2351 4149 2588 4222 ἠδίκησα
2611 4165 2624 4178 ο
2670 4150 2766 4203 καὶ
2797 4149 2910 4219 ἐγὼ
2937 4151 2966 4204 ό
2997 4151 3206 4222 ποιμὴν
3237 4149 3593 4218 ἐκακοποίησαο
3619 4141 3676 4195 καὶ

2204 4234 2353 4294 οὗτοι
2383 4239 2452 4294 τά
2485 4239 2734 4310 πρόϐατα
2763 4237 2815 4294 τί
2841 4239 3138 4314 ὲποίησαν;
3201 4241 3435 4295 Γενέσθω
3456 4239 3511 4308 δὴ
3544 4237 3569 4306 ἡ

2208 4348 2302 4386 σου
2337 4333 2396 4384 ὲν
2432 4331 2557 4402 ἐμοὶ
2584 4331 2678 4386 καὶ⁵
2719 4334 2777 4386 ὲν
2817 4330 2896 4403 τῷ
2923 4332 3058 4402 οἴκῳ
3090 4333 3185 4386 τοῦ
3215 4333 3412 4404 πατρός
3436 4345 3521 4400 μου
3540 4340 3552 4356 ⁸
3577 4319 3672 4375 »οὐδ’

526 4421 756 4467 centes:
793 4413 1044 4484 AEgrotet
1069 4458 1084 4482 ,
1118 4420 1254 4475 nihil
1305 4421 1458 4480 illius
1492 4426 1657 4482 refert
1707 4431 1774 4485 ad
1805 4433 2098 4490 sanitatem

527 4503 762 4558 restitui.
793 4504 929 4570 Quis
959 4520 1207 4570 unquam
1251 4524 1478 4570 sanctus
1505 4518 1586 4570 sic
1615 4519 1830 4570 loculus
1860 4535 1944 4570 est
1966 4565 1979 4570 _
2012 4537 2107 4570 aut

2217 4423 2376 4478 ιώτοῦ
2405 4423 2499 4478 τοῦ
2531 4424 2770 4496 Χριστοῦ
2799 4423 3050 4492 λέγοντος
3078 4425 3220 4496 πρὸς
3239 4425 3359 4487 τοὺς
3386 4417 3670 4489 συλλήψοπαῖ

2217 4537 2230 4570 ι
2262 4519 2325 4570 Εί
2359 4511 2452 4570 οὖν
2488 4516 2588 4570 ἐμὲ
2622 4515 2858 4570 ζητεῖτε.
2891 4516 3060 4570 άωετε
3091 4517 3310 4570 τούτους
3337 4513 3590 4570 ὑπάγειν.»
3615 4503 3671 4570 δτΓ

527 4503 762 4558 restitui.
793 4504 929 4572 Quis
959 4520 1207 4579 unquam
1251 4524 1478 4572 sanctus
1505 4518 1586 4573 sic
1615 4519 1830 4577 locutus
1860 4535 1944 4578 est
1965 4565 1980 4588 ,
2012 4537 2107 4580 aut

2217 4537 2230 4570 ι
2262 4519 2325 4573 Εί
2359 4511 2452 4571 οὖν
2488 4516 2588 4588 ἐμὲ
2622 4515 2858 4585 ζητεῖτε,
2891 4516 3060 4586 ἄφετε
3091 4517 3310 4582 τούτους
3337 4513 3590 4582 ﬁnirent,»

527 4609 634 4649 non
669 4597 849 4666 potius
892 4599 1112 4658 inﬁrmo
1145 4619 1271 4660 cum
1317 4608 1700 4668 misericordia
1735 4615 1961 4670 serviit?
2009 4615 2101 4672 Isti

525 4687 661 4742 liunt
688 4705 754 4744 ex
792 4695 1048 4762 superbia
1094 4704 1239 4752 torto
1271 4698 1502 4769 judicio.
1550 4700 1828 4774 Indignam
1854 4705 2105 4775 iudicant

525 4779 630 4834 sub
659 4783 966 4840 monastica
1000 4787 1188 4858 regula
1222 4789 1456 4848 viventis
1507 4795 1848 4850 curationem
1875 4836 1889 4862 ,
1944 4797 2102 4852 dum-

525 4871 688 4925 modo
718 4873 822 4940 ipsi
855 4875 993 4931 bene
1023 4881 1262 4948 valeant,
1311 4897 1498 4938 verum
1526 4885 1860 4942 animalibus
1893 4887 2095 4957 potiori

517 4960 644 5031 jure
693 4968 1128 5025 convenientem.
1181 4971 1298 5028 Etsi
1346 4974 1492 5028 enim
1553 4991 1732 5046 neque
1777 4978 2096 5034 animalium

523 5051 665 5108 mala
693 5054 988 5125 patiantur,
1015 5075 1190 5131 neque
1227 5079 1413 5119 vocem
1457 5065 1716 5130 audiant,
1759 5070 2008 5124 morbum
2033 5086 2098 5125 ex

522 5145 894 5214 recubatione,
929 5157 1076 5205 tactu
1107 5163 1438 5224 aspectuque
1469 5166 1829 5226 augurantur,
1861 5159 2101 5214 medica-

522 5239 836 5311 tionemque
861 5259 1160 5314 congruam
1189 5246 1498 5318 proferunt,
1548 5263 1727 5319 neque
1758 5250 1971 5320 inopes,
2001 5267 2099 5306 ne-

520 5345 628 5398 que
679 5348 850 5402 reges,
898 5351 1077 5407 neque
1120 5340 1290 5394 ullum
1341 5349 1656 5395 sanctorum
1713 5341 2095 5409 recordantes,

520 5422 612 5490 qui
643 5423 875 5481 infirmis
905 5442 1319 5485 succurrerunt.

2203 4608 2380 4662 λονότι
2415 4607 2544 4671 τοὺς
2595 4607 2869 4679 μαθητάς.
2922 4608 3146 4662 Μᾶλλον
3179 4607 3234 4661 δὲ
3267 4608 3356 4660 καὶ
3400 4593 3671 4694 κατεπεμσαξ’

2201 4714 2352 4754 νουσι
2400 4697 2662 4760 πολλάκις
2701 4696 2810 4750 τῶν
2836 4696 3112 4762 ἀσθενῶν,
3147 4698 3243 4752 καὶ
3277 4692 3574 4792 tanta???

2197 4807 2334 4857 τοις,
2359 4789 2706 4860 Κακωθήτω,
2734 4788 3008 4858 λέγοντες,
3041 4789 3104 4843 οὺ
3133 4787 3392 4858 συμφέρει
3412 4779 3536 4849 αὐτῷ

2207 4883 2366 4953 μένον
2423 4878 2587 4936 εἶναι.
2640 4880 2736 4945 Τίς
2780 4880 2936 4948 άγιος
2976 4876 3099 4934 εἶπε
3149 4879 3304 4932 τοῦτό
3352 4886 3495 4929 ποτε’
3537 4867 3666 4953 ταῖσξ

2207 4947 2408 5046 μᾶλλον
2445 4971 2643 5044 ἠλέησε
2687 4971 2784 5026 καὶ
2815 4947 3152 5039 ἐθεράπευσε
3175 4988 3190 5038 ;
3214 4969 3440 5038 γίνονταί
3467 4960 3516 5014 δὲ
3551 4947 3667 5010 tum

2205 5065 2510 5137 ὑπεροψίας
2548 5067 2643 5119 καὶ
2689 5063 3066 5135 στρεϐλολόγοι
3091 5078 3105 5095 '
3149 5061 3242 5116 καὶ
3273 5057 3476 5148 ἀναξίαν
3502 5047 3664 5148 spirat?

2204 5159 2304 5226 τὴν
2351 5154 2593 5226 ίατρείαν
2636 5153 2716 5224 τῷ
2770 5152 3078 5224 μοναδικῶς
3122 5145 3509 5218 πολιτευομένῳ.
3535 5140 3580 5191 ἐν
3599 5140 3666 5226 ἤθη)

2207 5224 2364 5305 αύτοὶ
2393 5224 2568 5316 ὑγιεῖς
2595 5247 2705 5300 εἰσι
2725 5261 2738 5275 ⁸
2777 5247 2890 5310 τοῖς
2923 5246 3140 5314 ἀλόγοις
3163 5241 3358 5310 ταύτην
3389 5233 3552 5334 μᾶλλρν

2206 5337 2346 5394 εἶναι
2399 5338 2750 5408 νομίζοντες·
2813 5339 2910 5390 καὶ
2985 5337 3094 5406 γὰρ
3172 5334 3320 5390 αὐτοὶ
3346 5325 3664 5430 ’τετῶν-ξς

2208 5449 2320 5502 γων
2357 5431 2431 5502 μὴ
2466 5436 2790 5500 πάσχοντες,
2833 5430 2971 5500 μήτε
3005 5427 3186 5498 φωνὴν
3238 5421 3406 5480 αὐτῶν
3438 5418 3659 5502 ἀκούοντές,

3341 5520 3393 5538 ι..
3450 5500 3620 5538 11..."!

521 5516 670 5586 δμωῖ
723 5519 788 5572 ὲκ
837 5521 938 5590 τῆς
993 5523 1393 5592 κατακλίσεως,
1467 5526 1532 5580 ὲκ
1579 5529 1678 5600 τῆς
1721 5531 1896 5602 άφῆς,
1931 5532 1997 5585 ἐκ
2031 5531 2131 5603 τῆς
2163 5532 2438 5603 ὁράσεως,
2473 5529 2828 5601 στοχάζονται
2854 5527 2954 5598 τὴν
2981 5526 3150 5591 νόσον,
3192 5522 3280 5579 καὶ
3305 5520 3394 5588 τὴν
3450 5511 3659 5580 ⁸³⁵9³⁸⁸⁷⁵³

594 5697 638 5732 ⁸³
674 5697 836 5755 Hebr.
868 5715 917 5767 ν,
947 5701 998 5768 4,
1035 5703 1086 5756 5.
1167 5704 1207 5735 ¹⁵
1246 5701 1442 5760 Ezech.
1481 5720 1663 5772 xxxrv,
1696 5705 1750 5758 2.
1831 5706 1874 5738 '°
1913 5705 2088 5763 Exod.
2121 5721 2296 5769 xxxu,
2321 5705 2408 5760 3‘2.
2489 5705 2530 5737 ¹⁷
2572 5702 2616 5760 ll
2641 5704 2772 5774 Reg.
2809 5721 2956 5772 xxw,
2995 5704 3076 5760 l7.
3154 5701 3194 5734 "
3230 5697 3377 5754 Joan.
3403 5703 3526 5748 svnt,
3553 5686 3588 5735 8.

3795 1031 3797 1116 l

3793 1169 3798 1256 Α
