3936 6212
252 304 376 375 1345

1285 306 1383 366 DE
1414 302 1649 365 DIVIN.
1692 302 1976 362 SCRIPI'.
2028 300 2458 365 UTILITATE.

3337 305 3473 370 1346

249 424 569 494 κατάλληλον
611 423 799 487 αὐτοῖς
849 422 1249 493 προφέρουσιν·
1310 419 1432 473 οὔτε
1480 417 1844 488 ἀναργύρους,
1885 417 2009 471 οὔτε
2067 418 2357 487 βασίλειον,
2388 417 2511 471 οὔτε
2535 419 2661 474 τινὰ
2688 419 2795 475 τῶν
2824 420 2993 490 άγίων
3039 421 3196 476 ἄλλον
3237 426 3312 487 εἰς
3352 425 3474 478 νοῦν

247 513 620 583 λαμϐάνοντες,
651 514 764 575 τοῖς
788 511 1108 567 ἀσθενοῦσιν
1138 508 1555 581 ἐπικουροῦντα.

312 612 516 680 Ὠσπερ
557 608 615 662 δὲ
662 608 755 660 ἰπὶ
789 607 903 660 τῶν
940 606 1272 676 σωματικῶν
1295 603 1506 667 τούτοις
1531 604 1590 656 οὐ
1629 603 1798 674 μέλει,

1980 602 2050 657 Ut
2099 602 2301 656 nullam
2350 602 2594 671 corporis
2640 617 2827 657 curam
2861 605 3101 670 habent,
3139 605 3218 658 sic
3270 612 3473 660 nuttam

243 700 375 752 οὕτω
409 699 477 765 δὴ
509 698 603 751 καὶ
643 698 735 750 ἐπὶ
772 698 881 750 τῶν
918 695 1187 767 ψυχικῶν.
1227 695 1630 763 Ἀδοκιμάστως
1666 696 1805 748 άπο-

245 789 478 857 κείρουσι
507 790 634 850 τοὺς
669 788 1142 860 προσερχομένους
1161 804 1177 818 ο
1208 783 1326 841 εἶτα
1357 786 1691 857 ἑξορίζουσιν
1726 789 1807 850 είς

247 878 438 947 μυρίας
491 878 740 940 ἀνοδίαςο
799 880 858 930 ὲν
903 878 1201 949 βουκολίοις
1258 879 1353 931 καὶ
1397 878 1660 941 αἰπολίοις
1711 879 1806 930 καὶ

245 966 502 1035 ποιμνίοις
534 966 626 1021 καὶ
659 966 886 1037 μύλωσι,
918 968 1013 1019 καὶ
1050 970 1161 1029 τοῖς
1192 967 1417 1037 ὁμοίοις,
1478 969 1621 1038 άπερ
1654 969 1806 1020 αὐτοὶ

244 1059 332 1112 καὶ
362 1059 411 1110 οί
444 1058 658 1122 τούτοις
687 1059 1108 1128 συμφράδμονες
1140 1056 1370 1127 ἐφεῦρον
1395 1058 1475 1119 είς
1501 1072 1805 1126 καταστρο-

243 1148 342 1221 φὴν
363 1149 471 1203 τῶν
495 1148 683 1219 ψυχῶν
708 1149 910 1204 αὐτῶν.
951 1149 1061 1202 Καὶ
1096 1148 1455 1218 πεπλήρωται
1505 1148 1591 1200 ἐπ’
1621 1148 1804 1210 αὐτοῖς

241 1243 299 1293 τὸ
320 1238 410 1293 τοῦ
442 1240 648 1310 Κυρίου
676 1240 811 1313 πρὸς
835 1241 961 1303 τοὺς
983 1240 1340 1311 Γραμματεῖς
1364 1241 1455 1293 καὶ
1479 1239 1804 1309 Φαρισαίους

241 1331 523 1401 είρημένον
546 1347 561 1363 ο
600 1351 618 1384 ι
649 1331 768 1385 Ὅτι
799 1334 1124 1403 περιάγουσι
1158 1332 1255 1402 τὴν
1285 1331 1559 1384 Θάλασσαν
1586 1331 1678 1382 καὶ
1704 1331 1802 1400 τὴν

241 1420 424 1490 ξηράν,
455 1421 682 1491 ποιῆσαι
722 1422 817 1474 ἕνα
856 1422 1214 1493 προσήλυτον,
1248 1422 1342 1474 καὶ
1383 1421 1511 1475 ὅταν
1554 1420 1799 1489 γένηται,

241 1511 479 1565 ποιοῦσιν
535 1512 697 1566 αὐτὸν
738 1512 853 1566 υίὸν
891 1515 1137 1583 γεέννης,
1184 1513 1499 1584 διπλότερον
1544 1511 1745 1564 αὐτῶν.
1775 1528 1796 1561 ι

252 1602 381 1657 Ἀλλ’
412 1602 556 1658 οὕτω
602 1603 704 1674 μὲν
733 1605 932 1658 ταῦτα.
964 1606 1029 1658 Τί
1075 1607 1133 1659 δὲ
1184 1605 1265 1659 ἔτι
1300 1605 1547 1657 λείπεται
1587 1604 1799 1666 είπεῖν;

240 1690 490 1760 Είπωμεν
514 1690 699 1760 ἀκμὴν
730 1694 857 1762 περὶ
884 1692 1321 1764 ὲξομολογήσεως
1359 1693 1453 1745 καὶ
1484 1692 1797 1762 μετανοίας·

240 1780 395 1834 πόθεν
422 1780 480 1835 δὲ
518 1782 610 1836 καὶ
646 1781 818 1837 ταῦτα
857 1783 1054 1854 ἔχομεν
1101 1784 1519 1848 πιστώσασθαι;
1567 1784 1662 1835 Ἐκ
1702 1782 1801 1853 τῆς

238 1871 388 1939 ἀγίας
426 1872 647 1943 Γραφῆς
676 1874 896 1938 πάντως
916 1890 931 1906 ·
960 1876 1054 1929 καὶ
1081 1877 1161 1939 είς
1197 1877 1364 1946 μέσον
1390 1877 1686 1944 ἀγάγωμεν
1708 1874 1800 1927 τὸν

1908 692 2123 745 animas.
2158 693 2496 746 Accedentcs
2525 691 2591 745 ad
2623 707 2682 747 se
2711 693 2826 747 sine
2865 695 3184 762 probatione
3228 696 3473 759 tondent,

1909 799 2110 853 perque
2172 784 2317 837 mille
2384 784 2501 838 loca
2571 782 2715 837 invia
2777 793 3048 849 amovcnt,
3102 785 3351 855 (scilicet)
3405 788 3473 841 ad

1906 876 2092 937 boum,
2122 890 2432 943 caprarum,
2461 875 2751 943 oviumque
2780 890 3001 944 pascua,
3037 878 3105 931 ad
3137 880 3468 944 molendinzr,

1906 966 2121 1032 aliaque
2148 965 2346 1019 similia
2375 967 2442 1019 ab
2467 966 2597 1034 ipsis
2626 974 2679 1019 et
2708 966 2949 1035 ipsorum
2997 970 3234 1023 consciis
3267 969 3319 1022 in
3346 984 3468 1037 per-

1902 1056 2165 1109 ditionem
2200 1056 2507 1111 animarum
2544 1057 2784 1111 inventa.
2830 1058 2898 1113 Et
2942 1059 3268 1128 adimpletur
3300 1061 3353 1113 in
3392 1060 3472 1114 eis

1904 1148 2127 1199 verbum
2177 1146 2391 1199 Domini
2423 1149 2490 1200 ad
2521 1146 2743 1202 Scribas
2803 1159 2856 1202 et
2890 1148 3191 1203 Pharisaeos
3220 1164 3232 1199 :
3271 1166 3290 1200 ι
3328 1148 3472 1203 Mare

1903 1243 1957 1289 et
1991 1245 2166 1290 terras
2193 1236 2515 1303 percurritis
2544 1237 2612 1291 ad
2650 1253 2817 1291 unum
2850 1238 3177 1308 proselytam
3218 1253 3470 1307 quaeren-

1902 1327 2054 1391 dum,
2099 1341 2287 1397 quem,
2332 1341 2456 1380 cum
2494 1327 2813 1392 invenistis,
2850 1328 3061 1384 ellicitis
3091 1329 3352 1399 gehennae
3402 1330 3468 1383 tl-

1901 1419 2057 1480 lium,
2109 1418 2273 1486 duplo
2321 1433 2485 1485 quam
2540 1421 2717 1474 vos".
2755 1439 2774 1470 ι
2810 1420 2913 1473 Sed
2952 1422 3024 1474 ita
3093 1437 3179 1477 res
3241 1436 3301 1476 se
3366 1422 3467 1475 ha-

1900 1509 2049 1564 bent.
2075 1508 2216 1574 Quid
2248 1509 2396 1564 dictu
2428 1525 2575 1565 nunc
2602 1511 2914 1580 reliquum?
2940 1512 3217 1567 Continuo
3247 1514 3313 1567 de
3339 1528 3470 1567 cono

1900 1600 2136 1655 fessione
2158 1609 2211 1654 et
2230 1601 2548 1669 paenitentia
2572 1601 2879 1669 loquamur.
2903 1601 3057 1656 Unde
3087 1603 3245 1659 nobis
3265 1604 3331 1657 de
3351 1603 3471 1658 istis

1900 1689 2035 1745 ﬁdes
2056 1690 2240 1744 venit?
2262 1689 2338 1743 Ex
2371 1704 2525 1745 sacra
2552 1690 2838 1759 Scriptura
2868 1692 3114 1746 omnino.
3141 1686 3207 1743 Ιιῖ
3229 1690 3467 1745 medium

1899 1781 2224 1836 inducamus
2256 1780 2545 1850 antiquum
2578 1778 2835 1845 Lamcch,
2869 1795 2992 1833 cum
3042 1783 3095 1833 in
3152 1782 3248 1836 tali
3299 1795 3469 1835 causa

1901 1885 2075 1939 usque
2118 1870 2184 1924 ad
2234 1885 2359 1924 eum
2410 1868 2724 1939 genealogia
2779 1868 3124 1937 (repetatur),
3183 1870 3466 1938 quomodo

238 1938 396 2016 πάλαι
657 1963 780 2017 ἐπεὶ
803 1964 900 2018 καὶ
928 1963 1014 2018 διά
1040 1938 1210 2018 τοῦτο’
1230 1964 1419 2035 μέχρις
1438 1938 1612 2021 ἀὑτοῦ
1639 1966 1672 2035 ἡ
1703 1982 1798 2032 γε·

1907 1938 2063 2013 Caini
2106 1960 2354 2029 exemplo
2384 1938 2451 2013 ad
2491 1959 2815 2026 sapientiam
2846 1968 3149 2021 revocatus,
3180 1957 3468 2027 factusque

237 2053 502 2121 νεαλογία·
532 2054 679 2115 ὃπως
719 2053 809 2109 διὰ
848 2053 942 2108 τοῦ
982 2054 1122 2108 Κάῖν
1164 2048 1319 2119 οὗτος
1369 2055 1753 2126 σωφρονισθείς
1779 2073 1793 2086 ·

239 2142 528 2217 μετανοῶν,
554 2142 749 2197 ἑαυτοῦ
777 2144 1000 2215 τραῦμα
1027 2145 1240 2214 ἡγεῖται
1265 2145 1357 2197 τὸν
1391 2145 1573 2212 φόνον.
1604 2145 1797 2199 Πολλα⁹

236 2233 515 2296 πλασιάζει
551 2236 658 2304 γάρ
691 2233 871 2305 ἑαυτῷ
893 2234 992 2306 τὴν
1014 2234 1285 2305 τιμωρίαν
1309 2234 1400 2288 τοῦ
1432 2236 1795 2306 προπάτορος·

236 2319 325 2374 καί
350 2337 542 2392 φησιν·
577 2339 596 2373 ι
634 2320 757 2375 Ὅτι
789 2322 1019 2385 ἑπτάκις
1049 2322 1393 2392 ὲκδεδίκηται
1422 2324 1485 2375 ὲκ
1528 2323 1697 2376 Κάῖν’
1734 2323 1799 2375 ὲκ

235 2410 289 2465 δὲ
316 2412 506 2484 Λάμεχ
567 2412 1024 2484 ἑϐδομηκοντάκις
1058 2414 1218 2468 ἑπτά.
1256 2433 1276 2466 ι
1323 2415 1481 2468 Ἤτοι
1517 2414 1667 2485 παρά
1698 2413 1798 2484 μὲν

234 2502 325 2558 τοῦ
350 2504 491 2559 Κάίν
528 2502 604 2567 ὡς
642 2504 855 2574 μεγάλα
887 2504 1329 2576 ἁμαρτήσαντος,
1369 2504 1599 2567 ἑπτάκις
1628 2504 1798 2571 ἐξεδι-

234 2594 373 2665 κήθη
414 2597 444 2648 ό
474 2594 632 2664 φόνος
655 2611 669 2626 ⁶
717 2595 779 2661 ἐξ
814 2596 946 2667 ἐμοῦ
989 2598 1048 2652 δὲ
1088 2598 1166 2661 ὡς
1197 2598 1478 2653 καταπολὺ
1511 2598 1794 2668 μειζόνως,

231 2685 683 2755 ἑϐδομηκοντάκις
734 2688 876 2743 ἑπτά
930 2689 1348 2760 ὲκδικηθήσεται
1380 2708 1395 2722 ’
1455 2690 1537 2743 ἔτι
1591 2690 1650 2743 δι
1705 2690 1797 2743 τὸν

232 2776 392 2831 Δαυῒδ
419 2776 774 2849 ἐλεγχόμενον
804 2779 909 2833 ὑπὸ
946 2780 1039 2834 τοῦ
1062 2781 1250 2835 Νάθαν
1268 2797 1284 2813 '
1309 2782 1401 2835 τὸν
1438 2782 1663 2850 ’Δχαάϐ,
1692 2781 1798 2834 ὑπὸ

243 2865 420 2920 Ἠλίου
438 2883 453 2899 σ
485 2867 577 2921 τὸν
603 2869 836 2940 Μανασῆ
858 2870 963 2924 ὑπὸ
985 2869 1079 2924 τοῦ
1101 2871 1301 2925 οἰκείου
1327 2872 1646 2936 συνειδότος·
1672 2874 1798 2937 τοὺς

234 2954 517 3022 Νινευίτας
541 2975 556 2989 ·
583 2959 674 3012 τὸν
702 2960 923 3031 Πέτρον.
956 2962 1166 3024 Οἴτινες
1188 2961 1495 3034 ὴλεήθησαν
1516 2962 1604 3016 διὰ
1631 2980 1797 3033 μετα-

231 3045 375 3111 νοίας
393 3063 408 3078 ’
440 3046 632 3117 ῶσπερ
661 3051 989 3115 τούναντίον,
1018 3054 1069 3106 οί
1099 3052 1173 3123 μὴ
1202 3055 1649 3125 μετανοήσαντες.
1675 3054 1797 3109 Ὀτι

227 3135 286 3189 δὲ
328 3140 395 3209 τῇ
439 3140 696 3211 μετανοίᾳ
736 3142 829 3195 καὶ
860 3142 1241 3214 ἐξομολογήσει
1275 3145 1370 3198 καὶ
1400 3146 1527 3208 τοὺς
1553 3145 1800 3216 καρποὺς

227 3228 404 3317 αὐτῶν
434 3230 664 3285 ἔπεσθαι
696 3231 794 3297 δεῖ,
828 3233 1097 3304 μάθοιμεν
1121 3235 1187 3289 ἂν
1239 3235 1334 3289 καὶ
1372 3234 1482 3290 άπὺ
1511 3236 1622 3288 τῶν
1646 3237 1797 3306 είρη-
1824 3258 1869 3317 c

229 3316 435 3386 μένων·
467 3320 667 3389 μᾶλλον
697 3322 752 3376 δὲ
781 3325 845 3376 ὲκ
882 3324 973 3378 τοῦ
1007 3324 1105 3377 νῦν
1136 3324 1513 3396 ῥηθησομένου
1558 3326 1795 3395 εὐαγγε-

226 3408 376 3462 λικοῦ
418 3412 581 3481 ῥητοῦ
633 3414 759 3483 περὶ
789 3414 882 3467 τοῦ
913 3414 1160 3469 Ἰωάννου
1184 3430 1199 3446 ο
1243 3434 1262 3467 ι
1296 3416 1455 3482 Τότε,
1495 3417 1681 3489 φησὶν,
1709 3416 1796 3482 ἐξ·

223 3499 515 3571 επορεύετο
546 3502 684 3572 πρὸς
723 3503 885 3557 αὑτὸν
939 3506 1091 3560 πάσα
1130 3506 1477 3578 Ἰεροσόλυμα
1524 3507 1620 3561 καὶ
1649 3510 1799 3562 πᾶσα

238 3590 490 3654 Ἰουδαία,
530 3593 625 3647 καὶ
653 3594 863 3663 πᾶσαή
900 3596 1207 3666 περίχωρος
1237 3595 1333 3649 τοῦ
1370 3598 1666 3666 Ἰορδάνου·
1703 3600 1800 3652 καὶ

225 3679 580 3745 ἐϐαπτίζοντο
622 3684 682 3736 ἑν
705 3684 782 3755 τῷ
822 3686 1060 3757 Ἰορδάνῃ
1091 3687 1184 3740 ὑπ’
1205 3686 1368 3741 αὐτοῦ
1393 3704 1407 3719 ·
1440 3687 1795 3757 ἐξομολογού-

225 3786 383 3837 μενοι
430 3768 529 3837 τάς
581 3771 856 3841 ἁμαρτίας
906 3774 1110 3828 αὐτῶν.
1152 3773 1296 3829 Ἰδὼν
1328 3776 1386 3829 δὲ
1420 3775 1648 3838 πολλοὺς
1689 3775 1799 3828 τῶν

220 3859 535 3932 θαρισαίων
579 3864 674 3917 καὶ
714 3863 1084 3920 Σαδδουκαίων
1108 3867 1437 3936 ἐρχομένους
1471 3868 1563 3921 ἐπὶ
1602 3867 1665 3921 τὸ
1696 3867 1796 3937 βά-

223 3967 438 4021 πτισμα
483 3952 673 4020 αὐτοῦ,
728 3950 883 4010 εἶπεν
927 3958 1144 4022 αὐτοῖς’
1188 3959 1508 4029 Γεννήματα
1551 3960 1795 4030 ἐχιδνῶν*

220 4042 309 4103 τίς
338 4040 617 4110 ὑπέδειξεν
643 4045 772 4115 ύμῖν
794 4050 985 4115 φυγεῖν
1015 4048 1122 4101 άπὸ
1142 4050 1240 4119 τῆς
1264 4049 1564 4122 μελλούσης
1593 4051 1795 4122 ὀργῆς;

221 4132 487 4199 ποιήσατε
517 4129 609 4188 οὖν
640 4138 889 4207 καρποὺς
913 4138 1097 4205 ἀξίους
1119 4141 1218 4211 τῆς
1250 4143 1537 4212 μετανοίας
1557 4159 1572 4176 ο
1593 4143 1687 4197 καὶ
1725 4142 1798 4215 μὴ

219 4218 415 4289 δόξητε
476 4221 658 4289 λέγειν
718 4226 777 4278 ὲν
839 4227 1052 4293 ἑαυτοῖς
1076 4268 1092 4292 ,
1162 4230 1383 4301 Πατέρα
1443 4231 1638 4302 ῐχομεν
1706 4232 1799 4287 τὸν

233 4307 512 4381 Ἁϐραάμ.
552 4331 572 4363 ι
602 4313 787 4367 Ταῦτα
812 4315 877 4369 ὲκ
903 4317 1113 4371 πολλῶν
1161 4320 1324 4390 χάριν
1356 4322 1798 4392 παραδείγματος

217 4400 569 4472 προύθέμην,
628 4404 703 4468 ὡς
731 4407 1011 4477 καταρχὰς
1032 4410 1301 4479 είρήκειν,
1345 4412 1432 4464 ῖνα
1458 4410 1629 4480 γνῶτε
1661 4414 1738 4477 ὡς
1760 4416 1795 4485 ἠ

217 4489 348 4544 θεία
413 4492 604 4566 Γραφή
667 4498 821 4562 ιστιν
882 4500 917 4568 ἡ
980 4500 1291 4567 φωτίζουσα
1328 4503 1500 4573 ἡμᾶς.
1548 4503 1657 4557 Καὶ
1710 4504 1799 4558 διὰ

1896 2052 2186 2122 paenitens,
2205 2052 2403 2107 vulnus
2429 2067 2458 2105 a
2492 2066 2552 2107 se
2585 2050 2846 2106 indictum
2881 2051 3236 2105 homicidium
3271 2051 3465 2106 existi-
3502 2086 3511 2091 -

1896 2158 2079 2208 mans,
2107 2144 2344 2198 debitam
2379 2143 2482 2198 sibi
2517 2158 2734 2219 pa;nam
2762 2142 3087 2211 multiplicat
3121 2142 3335 2211 proavi,
3379 2141 3467 2195 di-

1897 2250 2028 2291 ccns
2055 2253 2070 2289 :
2108 2253 2129 2286 σ
2170 2235 2305 2301 Quia
2336 2249 2496 2305 paena
2540 2250 2571 2290 e
2597 2235 2769 2289 Caino
2801 2235 3002 2303 septies
3060 2242 3271 2299 exacta,
3302 2247 3334 2287 e
3357 2231 3461 2286 La-

1897 2324 2051 2378 mech
2105 2323 2476 2393 septuagesies
2534 2325 2736 2394 septies
2794 2325 3142 2395 exigetur";
3176 2342 3195 2375 ι
3257 2323 3465 2377 Cainus

1897 2411 2137 2482 quidem,
2174 2413 2266 2483 qui
2294 2427 2625 2483 magnopere
2654 2413 2917 2481 peccarit,
2950 2412 3221 2467 homicida
3264 2415 3465 2481 septies

1897 2504 2123 2573 punitus
2154 2502 2285 2565 fuit;
2317 2520 2417 2574 ego
2447 2514 2650 2569 autem,
2683 2504 2775 2574 qui
2806 2504 2981 2559 multo
3012 2501 3214 2573 magis,
3248 2510 3466 2572 septua—

1899 2594 2073 2659 gesies
2098 2595 2318 2664 septies.
2350 2594 2721 2665 (lnducamus)
2758 2604 2809 2649 et
2844 2594 3105 2649 Davidem
3146 2610 3178 2649 a
3217 2593 3466 2648 Nathaue

1899 2685 2311 2753 reprehensum,
2342 2686 2532 2740 Achab
2556 2687 2625 2739 ab
2662 2684 2802 2747 Elia,
2834 2684 3122 2747 Manassen
3168 2700 3199 2738 a
3247 2683 3465 2754 propria

1897 2775 2253 2840 conscientia,
2287 2774 2575 2838 Ninivilas,
2605 2776 2827 2829 Petrum
2848 2815 2863 2841 ,
2895 2774 2986 2844 qui
3016 2776 3333 2845 paenitentia
3361 2776 3466 2829 mi-

1898 2867 2280 2929 sericordiam,
2312 2866 2780 2936 imposnltentihus
2828 2875 3075 2936 negatam
3112 2875 3241 2922 sunt
3268 2881 3465 2921 conse-

1897 2956 2033 3012 cuti.
2054 2954 2393 3011 Poenitcntite
2416 2970 2545 3011 vero
2572 2966 2625 3011 et
2647 2956 2979 3012 confessioni
3010 2971 3140 3013 suos
3170 2958 3467 3013 succedere

1869 3045 2111 3119 .l'ructus
2173 3048 2451 3102 discemus
2482 3062 2547 3101 ex
2582 3047 2741 3103 modo
2803 3048 2991 3110 dictis,
3023 3047 3117 3103 sed
3151 3048 3369 3118 planius
3397 3062 3465 3103 ex

1900 3153 2049 3193 nunc
2093 3137 2311 3191 citando
2343 3138 2658 3208 evangelica
2683 3138 2751 3193 de
2776 3136 2986 3193 Joanne
3014 3139 3180 3194 verbo
3207 3156 3220 3192 :
3254 3157 3273 3191 ι
3301 3137 3466 3201 Tum.

1900 3228 2121 3288 dicitur.
2158 3238 2428 3282 venerunt
2454 3230 2522 3283 ad
2557 3243 2682 3283 eum
2717 3229 2901 3284 omnis
2927 3228 3253 3294 Jerusalem,
3287 3230 3468 3284 omnis

1897 3317 2104 3380 Judaza.
2130 3333 2431 3388 omnesque
2463 3320 2609 3373 circa
2635 3318 2928 3374 Jordauem
2962 3320 3295 3383 habitantes,
3317 3330 3369 3375 et
3400 3321 3469 3375 ab

1896 3425 1963 3465 eo
1999 3410 2051 3463 in
2085 3408 2325 3464 .lordane
2372 3409 2833 3477 baptizabantur,
2884 3410 3201 3464 conﬁtentes
3249 3419 3466 3478 peccata

1897 3516 2017 3556 sua.
2054 3501 2254 3556 Videns
2299 3510 2482 3555 autem
2517 3501 2717 3555 multos
2747 3500 3058 3556 Pharisaeos
3077 3499 3470 3556 etSadducaeos

1897 3591 1990 3659 qui
2020 3590 2088 3644 ad
2122 3591 2452 3659 baptismum
2483 3599 2766 3656 venerant,
2795 3590 2935 3645 dixit
2968 3592 3075 3646 illis
3103 3610 3116 3646 :
3142 3589 3468 3661 Viperarum

1899 3681 2138 3745 soboles,
2161 3680 2287 3749 quis
2317 3694 2414 3732 vos
2442 3678 2631 3734 docuit
2652 3695 2684 3732 a
2715 3679 2897 3735 futura
2926 3680 3006 3734 ira
3036 3680 3469 3749 fugere2Facite

1898 3785 2027 3840 ergo
2053 3770 2248 3839 dignos
2279 3767 2494 3822 fructus
2530 3769 2887 3835 paenitentiae,
2931 3782 3109 3836 neque
3139 3770 3468 3836 superbiatis

1897 3862 2144 3915 dicentes
2187 3874 2202 3911 :
2248 3857 2460 3912 Patrem
2493 3857 2757 3913 habemus
2787 3858 3063 3912 Abraham
3085 3858 3151 3912 “.
3191 3876 3210 3909 ι
3243 3858 3347 3914 lsta
3401 3875 3469 3914 ex

1899 3950 2087 4006 multis
2116 3948 2346 4018 exempli
2377 3961 2543 4002 causa
2574 3947 2772 4017 protuli
2800 3987 2816 4011 ,
2847 3946 2991 4001 sicut
3019 3962 3050 3999 a
3079 3946 3351 4016 principio
3382 3948 3469 4003 di-

1899 4057 2110 4104 xeram,
2142 4049 2204 4095 ut
2235 4038 2423 4096 sciatis
2452 4053 2661 4094 sacram
2695 4038 3034 4108 Scripturam
3065 4054 3190 4094 esse
3218 4039 3380 4094 nobis
3412 4040 3467 4095 in

1898 4134 2097 4199 lucem,
2155 4132 2386 4202 ideoque
2436 4131 2763 4202 diligendos,
2799 4130 3225 4200 amplecteudos,
3276 4133 3469 4203 acqui-

1899 4225 2098 4280 rendos
2127 4238 2318 4279 sacros
2354 4223 2545 4288 libros,
2573 4238 2875 4294 eorumque
2904 4225 3068 4279 verba
3099 4233 3352 4279 accurate
3386 4225 3465 4278 le-

1898 4316 2073 4386 genda
2100 4323 2264 4385 atque
2298 4314 2353 4369 in
2383 4323 2561 4368 mente
2592 4314 2927 4384 reponenda,
2962 4324 3021 4369 ut
3047 4329 3136 4379 ea,
3168 4330 3293 4370 cum
3329 4331 3467 4385 opus

1898 4408 2083 4471 fuerit,
2132 4409 2185 4462 iu
2234 4407 2442 4461 auxilio
2495 4406 2814 4461 habeamus.
2844 4405 2900 4460 Si
2930 4407 3074 4461 enim
3106 4407 3263 4463 libris
3295 4408 3467 4463 sacris

1901 4502 2157 4557 Christus
2183 4507 2240 4555 et
2305 4499 2560 4569 discipuli
2615 4508 2864 4564 utuntur,
2902 4500 3078 4554 multo
3111 4501 3283 4569 magis
3312 4501 3469 4554 nobis

213 4580 387 4636 τοῦτο
435 4584 658 4658 ἀγαπᾷν
702 4586 785 4640 δεῖ
830 4587 931 4653 τάς
979 4590 1134 4660 ίεράς
1184 4591 1439 4661 βίϐλους·
1474 4595 1571 4648 καὶ
1620 4594 1798 4649 ἀσπά-

1904 4592 2138 4649 inllrmis
2163 4598 2248 4645 est
2270 4589 2557 4645 utendum.

213 4671 441 4744 ζεσθαι,
483 4681 577 4734 καὶ
600 4682 851 4748 κτᾶσθαι,
880 4685 977 4737 καὶ
1015 4688 1254 4757 συνεχῶς
1313 4688 1703 4753 ἀναπτύσσειν,
1768 4690 1865 4744 καὶ
1900 4689 1968 4742 τὰ
2027 4688 2087 4740 ὲν
2129 4686 2320 4747 αὐταῖς
2377 4683 2624 4755 ἀκριϐῶς
2675 4683 3005 4754 διέρχεσθαι.
3043 4690 3140 4739 καὶ
3183 4688 3241 4741 ἒν
3283 4685 3362 4757 τῷ
3395 4687 3471 4756 νῷ

212 4768 621 4828 ἀποτίθεσθαι⁶
647 4773 712 4826 ἵν’
740 4775 868 4828 ὅταν
892 4773 987 4848 δέῃ
1017 4775 1231 4847 ἔχωμεν
1252 4777 1392 4832 αὐτὰ
1448 4780 1530 4843 εἰς
1590 4780 1859 4853 βοήθειαν.
1900 4780 1963 4833 Et
1999 4779 2109 4849 γὰρ
2151 4779 2181 4831 ὁ
2210 4776 2462 4847 ,Χριστὸς
2513 4775 2608 4828 καὶ
2649 4776 2698 4828 οί
2731 4775 2920 4829 τούτου
2964 4778 3203 4849 μαθηταὶ
3245 4781 3471 4835 ταύταις

211 4865 495 4935 χρῶνται,
522 4866 701 4939 πολλῷ
733 4869 932 4938 μᾶλλον
967 4871 1116 4941 ἡμᾶς
1136 4872 1261 4935 τοὺς
1291 4871 1536 4936 ἀσθενεῖς
1564 4875 1799 4944 χρᾶσθαι
1834 4874 1935 4928 δεῖ.

307 4959 477 5016 Ἀλλά
529 4978 692 5034 φησιν
713 4979 729 4995 ο
776 4964 1211 5033 ’Δναγινώσκων,
1270 4967 1332 5019 ού
1392 4968 1615 5039 συνίημι
1661 4969 1798 5041 άπερ

1981 4968 2086 5023 Sed
2123 4966 2306 5036 (forte)
2336 4966 2532 5037 aliquis
2553 4967 2751 5023 dixerit
2780 4985 2795 5021 :
2825 4968 3190 5040 Legens,quae
3215 4971 3335 5041 lego
3361 4986 3470 5026 non

210 5048 606 5119 ἀναγινώσκω.
655 5054 835 5126 Μήτις
875 5056 1068 5126 Αἰθίοψ
1099 5054 1169 5121 εἷ,
1197 5058 1320 5112 εἰπέ
1365 5074 1487 5129 μοι’
1529 5059 1564 5130 ἢ
1596 5060 1799 5131 Ἀραψ·

206 5143 306 5197 ὅτι
336 5142 402 5195 οὐ
439 5144 734 5211 γινώσκεις
761 5146 863 5218 τὴν
892 5147 1003 5202 τῶν
1041 5148 1293 5220 Γραικῶν
1329 5148 1646 5216 διάλεκτον;
1680 5152 1802 5204 τίνα

207 5232 337 5303 γὰρ
391 5232 679 5289 δυσκολίαν
703 5236 846 5305 ἔχει’
876 5256 895 5289 ι
918 5238 1109 5303 Βίϐλος
1134 5239 1402 5309 γενέσεως
1444 5240 1616 5311 Ἰησοῦ
1665 5243 1801 5313 Χρι-

208 5320 529 5383 στοῦ.υίοῦ
567 5325 746 5392 Δαυῖδ,
779 5327 896 5382 υίοῦ
933 5328 1221 5400 ’Δϐραάμς
1258 5348 1278 5382 ι
1303 5330 1472 5385 Οὐδὲν
1513 5333 1572 5384 ὲν
1615 5332 1797 5396 αὐτοῖς

206 5412 444 5467 σκολιὸν
471 5416 589 5470 οὐδὲ
616 5419 1054 5489 στραγγαλιῶδες
1082 5420 1224 5474 κατὰ
1247 5422 1339 5475 τὸν
1363 5423 1794 5493 Παροιμιαστήν·

204 5503 409 5559 πάντα
451 5506 615 5561 εὐθέα
658 5511 775 5561 ἐστὶ
804 5512 919 5573 τοῖς
945 5511 1145 5573 νοοῦσι,
1184 5513 1278 5565 καὶ
1309 5512 1447 5583 ὀρθά
1489 5516 1600 5574 τοῖς
1651 5514 1801 5584 εύρίυ

200 5609 424 5649 nouat
455 5597 689 5665 γνῶσιν·
722 5599 784 5651 ού
820 5599 931 5670 γὰρ
974 5600 1388 5672 εὐληπτοτέρως
1432 5605 1607 5656 εἰπεῖν
1644 5603 1802 5655 τοῦτο

315 5707 369 5742 ⁸⁵
405 5706 598 5764 latth.
632 5726 786 5775 um,
820 5712 908 5767 15.
983 5712 1029 5743 ’⁸
1068 5712 1204 5767 Gen.
1235 5729 1307 5779 tv,
1339 5714 1428 5768 ⁸24.
1523 5713 1876 5783 ⁸⁸Μιιιιίι.ιιι,
1909 5720 1963 5774 9.

1906 5059 2168 5129 intelligo.
2216 5057 2481 5115 Utrumne
2536 5058 2793 5130 Ethiops
2841 5076 2930 5125 es,
2988 5077 3056 5116 an
3103 5063 3309 5129 Arabs,
3374 5062 3470 5132 qui

1904 5148 2225 5205 Graecorum
2279 5149 2570 5206 dialectum
2621 5152 2873 5220 ignores?
2896 5151 3199 5219 Quamnam
3230 5155 3468 5222 praebent

1903 5239 2269 5296 dimcultatem
2332 5242 2590 5312 (verba):
2653 5261 2671 5293 ι
2710 5242 2871 5299 Liber
2919 5244 3282 5314 generationis
3336 5241 3470 5296 Jesu

1903 5334 2132 5398 Christi,
2165 5332 2259 5387 ﬁlii
2327 5333 2513 5397 David,
2552 5333 2650 5389 ﬁlii
2679 5335 2953 5390 Abraham
2972 5336 3053 5388 ἠ
3082 5353 3103 5386 ι
3134 5333 3278 5388 Nihil
3327 5333 3471 5403 apud

1904 5435 2182 5480 auctorem
2233 5424 2648 5481 Proverbiorum
2704 5436 2906 5481 tortum
2954 5437 3050 5481 aut
3097 5426 3471 5494 implicatum;

1906 5517 2086 5570 omnia
2133 5516 2562 5586 intelligentibus
2608 5520 2790 5588 plana,
2824 5527 3083 5587 rectaque
3116 5532 3339 5571 sensum
3389 5517 3470 5569 ii:-

1910 5608 2288 5675 vcnientibus;
2324 5623 2482 5663 nemo
2513 5610 2751 5666 lucidius
2803 5619 2984 5679 posset
3014 5609 3215 5664 dicere.
3257 5609 3469 5664 Etenim

2098 5721 2145 5752 ¹¹
2184 5720 2372 5779 Matth.
2403 5737 2448 5783 ι.
2478 5722 2532 5779 1.
