3928 6206
307 277 444 344 1349

1350 277 1447 342 DE
1487 276 1724 342 DIVIN.
1763 257 2050 338 scrtip'r';
2091 256 2524 339 UTILITATE.

3417 275 3552 341 13.30

300 393 520 458 λασένζι
563 391 838 462 λέγουσιν.
891 389 1126 464 Ὁμοίως
1155 393 1252 446 καὶ
1282 395 1340 447 ὲν
1381 395 1613 462 ἑτέροις.
1651 390 1808 445 Ἔστι
1833 391 1877 444 δ’

1988 389 2254 458 naucum),
2285 391 2484 460 κρόκον
2517 387 2793 461 (crocum),
2815 373 3157 459 βούγλωσσον
3187 387 3553 460 (buglossam),

300 479 392 540 οὖν
432 483 583 555 ὁμῶς
626 483 664 538 ἃ
710 482 823 537 τῶν
849 483 1130 554 ὀνομάτων
1160 485 1257 536 καὶ
1301 483 1758 554 Ἑλληνικώτερον
1781 483 1876 535 ὲκ-

303 576 561 648 φέρουσιν
587 576 729 648 ὑπὲρ
749 577 877 640 τοὺς
899 578 957 629 ἐν
979 577 1103 640 ταῖς
1127 574 1319 638 ἄλλαις
1342 574 1550 646 χώραις
1566 592 1578 606 ·
1602 567 1733 637 οἷον,
1765 574 1879 644 ἔρι-

303 685 422 738 φον,
473 665 603 738 αἶγα
623 706 640 732 ,
685 668 894 721 κολοιὸν
914 708 929 734 ,
991 666 1322 740 κορυδαλὸν,
1357 665 1653 736 στρύχνου,
1703 664 1880 736 βρυω-
1917 735 1920 738 γ

303 760 444 815 νίαν.
488 760 720 832 Ὁμοίως
743 758 838 813 καί
863 775 986 812 τινα
1015 760 1238 830 ῥήματα
1279 755 1422 827 άπερ
1455 757 1558 810 οὐκ
1588 755 1794 810 οἴδασιν
1821 756 1879 809 ὲν

302 851 518 924 ἑτέραις
543 851 770 921 χώραις.
808 849 948 904 Ἀλλ’
981 849 1118 905 ἄλλα
1156 847 1281 902 τινὰ
1319 849 1400 912 είς
1429 847 1588 902 ἄλλον
1629 846 1756 901 νοῦν
1789 845 1879 900 πί-

307 959 507 994 πτοντα
525 957 540 974 ·
571 936 682 994 οἷον
703 941 1014 1012 ἀδημονεῖν,
1045 939 1462 1011 εἰρωνεύεσθαι·
1491 938 1586 992 καὶ
1609 940 1659 992 οί
1683 941 1740 992 ὲν
1760 940 1880 1003 ταῖς

304 1029 610 1100 ⁴ἡμετέραις.
635 1029 863 1101 χώραις,
899 1031 1000 1084 οὐκ
1035 1029 1212 1083 οἴδασι
1249 1027 1514 1100 διαφοράν
1560 1027 1744 1096 πηγῆς
1784 1027 1880 1080 καὶ

304 1121 532 1191 κρουνοῦ
556 1137 568 1150 ·
591 1121 708 1175 ἀλλ’
733 1121 948 1176 ἅπαντα
981 1121 1174 1192 βρύσιν
1211 1121 1468 1176 καλοῦσιν
1492 1135 1507 1150 ο
1537 1121 1586 1172 oi
1614 1118 1670 1172 δὲ
1700 1120 1760 1172 ὲν
1781 1119 1880 1172 Κε-

305 1213 565 1284 φαληνίᾳ,
596 1213 709 1266 ἐσθ’
732 1214 869 1266 ὅπου
911 1215 1006 1267 καί⁵
1037 1216 1243 1284 πηγήν.
1272 1215 1382 1268 Καὶ
1412 1215 1460 1267 οἱ
1490 1215 1546 1266 ὲν
1573 1211 1878 1276 Σωζοπόλει

305 1304 370 1373 τῇ
403 1303 540 1355 κατὰ
575 1302 796 1364 Πόντον,
827 1302 1061 1374 κρουνόν
1095 1317 1197 1356 που
1222 1317 1236 1333 ο
1269 1302 1362 1355 καὶ
1394 1304 1444 1355 ci
1475 1303 1531 1355 ὲν
1569 1301 1878 1369 Ἀδριανου-

307 1393 460 1447 πόλει
494 1394 645 1464 ίκρία
663 1393 882 1462 λέγουσι
911 1409 1034 1448 τινα
1066 1393 1318 1465 ἐπιμήκη
1353 1393 1507 1460 ξύλα.
1534 1390 1791 1460 Στάὸαρα
1821 1389 1878 1442 δὲ

307 1481 427 1537 ἄδι-ἱ
473 1481 568 1535 τοῦ
603 1482 871 1554 σταυροὺς
909 1485 966 1536 ὲν
985 1482 1323 1553 Μακεδονίᾳ,
1366 1481 1437 1534 τά
1469 1483 1528 1535 ὲν
1554 1483 1667 1544 τοῖς
1699 1494 1878 1549 φραγ-

309 1575 450 1642 μοῖς.
481 1571 732 1626 Διατόνια
763 1571 820 1626 δὲ
854 1573 904 1626 οί
969 1571 1256 1626 Ζακύνθιοι
1285 1573 1353 1624 τὰ
1395 1571 1642 1638 πλαγίως
1674 1570 1880 1623 τούτων

307 1663 566 1736 τιθέμενα
619 1654 897 1736 ὲπιμήκηξ
924 1665 1034 1718 Καὶ
1090 1666 1140 1717 oi
1182 1667 1281 1735 μὲν
1325 1665 1582 1736 ἡμέτεροι
1628 1664 1748 1716 ἀντὶ
1785 1661 1878 1714 τοῦ

1989 478 2494 552 μακεδονήσιονμ]
2527 490 2582 534 et
2612 479 2854 551 σάψυκον
2875 479 2972 552 [ἲ]
3001 481 3240 552 Λέϐητα,
3270 481 3554 552 paululum

1985 569 2412 633 barbarizantes,
2428 569 2631 636 λαϐένζ
2636 589 2652 624 ι
2673 567 2896 639 dicunt;
2919 581 3158 627 attamen
3183 573 3398 628 nomina
3414 588 3554 644 quas-

1984 659 2108 713 dam
2145 661 2322 730 magis
2351 658 2629 716 llellenice
2663 675 2826 730 quam
2861 661 2956 716 alii
2997 662 3335 732 exprimunt,
3367 662 3552 732 qualia

1984 748 2172 822 ἔριφος
2207 751 2456 822 (htzclus),
2488 751 2579 816 αἲξ
2605 752 2836 822 (capra),
2875 751 3082 818 κολοιὸς
3115 753 3426 826 (graculus),
3454 771 3550 806 κο-

1988 843 2214 912 ρυδαλδς
2265 843 2579 914 (galerita),
2613 843 2876 916 στρύχνος
2918 845 3263 916 (strychnus),
3315 844 3555 916 βρυωνία

1986 932 2125 1002 (fera
2174 933 2499 1003 cucurbita),
2542 935 2756 1005 aliaque
2786 935 2921 990 alias
2954 936 3241 1006 ignorata;
3279 939 3372 991 sed
3405 951 3553 1006 qna:-

1985 1023 2110 1077 danr
2142 1025 2248 1078 alia
2277 1023 2329 1078 in
2363 1025 2530 1079 alium
2565 1041 2788 1098 sensum
2821 1036 3097 1093 avertunt,
3128 1028 3308 1094 qualia
3349 1027 3555 1099 ἀδημο-

1983 1117 2096 1170 νεῖν
2127 1116 2448 1184 (desperare)
2498 1126 2552 1170 et
2595 1101 2981 1188 είρωνεύεσθαι
3013 1119 3322 1190 (cavillari).
3358 1117 3553 1173 Nostra

1985 1204 2040 1258 in
2080 1205 2305 1274 regione
2347 1206 2597 1260 nesciunt
2625 1209 2903 1274 quomodo
2933 1210 3082 1278 πηγὴ
3128 1223 3158 1262 a
3205 1206 3418 1278 κρουνῷ
3450 1207 3555 1276 (sa-

1983 1296 2144 1350 liente
2185 1295 2354 1360 unda)
2418 1297 2654 1362 dillcrat,
2693 1297 2984 1368 fontesque
3015 1315 3206 1355 omnes
3239 1299 3430 1370 βρύσιν
3457 1313 3556 1351 vo-

1986 1394 2132 1438 cant.
2165 1383 2400 1450 Quidam
2451 1399 2483 1440 e
2526 1384 2913 1454 Cephalonicis
2963 1386 3146 1458 πηγὴν
3197 1387 3469 1453 retinent,
3500 1395 3555 1440 et

1985 1473 2212 1544 κρουνὸν
2244 1473 2338 1542 qui
2381 1471 2750 1542 Sozopolitani
2789 1474 2948 1544 juxta
2999 1475 3231 1530 Pontum
3284 1476 3550 1531 habitant.

1984 1563 2454 1633 Adrianopolitani
2489 1565 2638 1634 ἰκρία
2667 1566 2857 1620 dicunt
2887 1567 3076 1636 longas
3123 1566 3336 1630 trabes;
3381 1565 3557 1626 Macr-.-

1985 1655 2157 1710 dones
2188 1663 2370 1710 autem
2396 1655 2647 1728 στάδαρα
2684 1671 2783 1725 pro
2803 1657 3351 1730 oraupot(vallorum)
3374 1660 3467 1729 qui
3499 1660 3554 1713 in

309 1757 536 1821 ἀνάστα,
577 1756 858 1828 σηκώθητι
899 1756 1182 1826 λέγουσιν’
1219 1756 1399 1822 οίονεὶ,
1431 1754 1790 1826 κουφίσθητν
1831 1755 1880 1806 οί

1988 1746 2207 1818 sepibus
2236 1748 2586 1814 adhibentur,
2610 1759 2662 1802 et
2686 1747 2971 1820 Zacynthii
3002 1750 3244 1804 διατόνια
3262 1751 3430 1806 vallos
3461 1751 3555 1820 qui

310 1848 367 1900 δὲ
413 1848 674 1919 Κύπριοι,
739 1847 1116 1911 ὲλλειπτικῶς,
1147 1847 1278 1901 άνασ
1311 1845 1408 1898 καὶ
1450 1845 1500 1898 oi
1550 1845 1884 1915 Κερκυραῖοι

310 1937 510 2008 ὁμοίως
547 1938 610 1991 τδ
638 1937 785 2007 ἑξῆς,
817 1937 980 1993 ἄστα.
1015 1936 1288 2002 Ὡσαύτως
1332 1936 1570 2006 Κύπριοι
1603 1935 1698 1988 καὶ
1731 1935 1885 2004 Κρῆ-

311 2045 403 2090 τες
433 2028 718 2098 γραφικῶς
748 2027 965 2096 λέγουσι
995 2029 1056 2081 τὸ
1085 2029 1259 2099 χαμαὶ
1301 2027 1398 2081 καὶ
1437 2026 1734 2098 ἀριστεράο
1767 2025 1884 2078 ἓτε-

315 2135 397 2188 ροι
421 2117 479 2171 δὲ
503 2117 982 2197 βαρϐαρικώτερον
1013 2118 1184 2173 ταῦτα
1222 2118 1479 2186 λέγουσι’
1510 2117 1604 2171 καὶ
1637 2117 1758 2172 ἀντὶ
1789 2115 1883 2170 τοῦ

311 2212 485 2280 χαμαὶ
523 2212 674 2266 κάτω
702 2210 952 2280 λέγουσι·
984 2211 1046 2265 τὸ
1074 2211 1132 2266 δὲ
1170 2211 1344 2275 κάτω,
1381 2212 1566 2282 σχέσιν
1595 2211 1710 2282 ἔχει
1748 2210 1885 2281 πρδς

310 2303 370 2355 τὸ
414 2301 548 2358 ἄνω.
593 2303 704 2356 Καὶ
747 2305 796 2358 οί
835 2303 976 2357 κατὰ
1021 2305 1122 2372 τὴν
1155 2301 1449 2356 Ἀπουλίαν
1491 2303 1587 2356 καὶ
1633 2300 1886 2355 Σικελίαν

309 2393 430 2446 τινὰ
464 2393 604 2447 κατὰ
647 2394 738 2448 τὸν
767 2395 927 2464 νόμον
952 2394 1050 2464 τῆς
1079 2393 1303 2464 Γραφῆς
1329 2394 1699 2464 προφέρουσιν
1725 2409 1739 2422 '
1772 2385 1884 2445 οἷον

311 2481 508 2535 ἔκλεισε
533 2483 626 2535 τὸν
653 2481 818 2554 ἄρτον
838 2523 853 2548 ,
885 2484 980 2536 καὶ
1004 2485 1128 2552 άρτι
1149 2499 1225 2534 πα
1234 2482 1526 2552 ραγέγονα.

384 2571 496 2625 Καὶ.
521 2572 831 2644 Καρπάθιοι
855 2573 1004 2644 ήμην
1033 2571 1306 2640 λέγουσιν,
1342 2573 1464 2626 ἀντὶ
1489 2571 1582 2625 τοῦ
1611 2572 1878 2643 ὑπῆρχονο

315 2662 390 2725 ὠς
445 2661 503 2715 δὲ
534 2662 884 2734 Ἀρτακήσιοι
919 2664 1014 2718 καὶ¹
1045 2663 1349 2736 Κυζικηνοὶ
1397 2663 1668 2735 ὲδάρθηνα
1694 2665 1883 2734 λέγου-

316 2770 400 2806 σιν
426 2773 436 2784 ·
475 2754 615 2825 ὅπερ
643 2756 693 2808 oi
727 2755 870 2808 κατά
909 2757 1009 2826 τὴν
1037 2755 1315 2827 ἡμετέραν
1347 2755 1625 2810 διάλεκτον
1653 2756 1886 2830 ὲδάρθη-

315 2858 384 2895 κα
431 2843 686 2911 λέγουσιν
709 2861 724 2876 ·
759 2845 810 2897 οἱ
849 2844 907 2898 δὲ
939 2845 1172 2910 Πόντιοι,
1206 2845 1457 2916 ὲδάρθην.
1509 2845 1743 2915 Ὁμοίως
1791 2847 1886 2900 καὶ

315 2931 551 2996 λεπάδας
617 2931 817 3002 ὄστρεά
856 2951 976 2988 τινα
1039 2935 1137 2987 καὶ
1179 2933 1412 3004 βραγχία
1439 2934 1506 2986 τὰ
1537 2933 1629 2988 τοῦ
1667 2934 1880 3004 ίχθύοςο

316 3021 503 3092 ῶσπερ
527 3023 662 3093 δῆτα
692 3025 785 3077 καὶ
801 3023 1228 3094 Ἑλλησπόντιοι.
1248 3023 1492 3096 Εὕρηται
1515 3025 1573 3078 δὲ
1593 3025 1764 3079 ταῦτα
1789 3026 1884 3078 οὓ-

316 3129 394 3165 τω
440 3077 533 3166 καὶ
579 3077 734 3182 ἶπαρὰ
777 3077 1031 3184 ποιηταῖς
1081 3132 1140 3168 τε
1168 3077 1291 3169 καὶ
1327 3077 1659 3186 φιλοσόφοις.
1798 3077 1882 3169 ἰδὲ
1911 3077 1954 3138 C

319 3201 532 3266 πλείους
563 3204 623 3256 ὲν
662 3207 728 3274 τῇ
762 3205 882 3259 καθ’
909 3207 1057 3276 ἡμᾶς
1083 3207 1238 3280 χώρᾳ
1279 3207 1409 3280 σύρε
1452 3208 1726 3277 λέγουσιν,
1762 3209 1884 3263 om

315 3288 410 3342 τοῦ
441 3287 617 3359 ὕπαγε
637 3305 652 3321 ο
684 3292 800 3346 ἐστι
827 3293 884 3346 δὲ
911 3294 1275 3358 ὲλλειπτικὸν.
1331 3298 1456 3350 ἀντὶ
1477 3297 1573 3352 τοῦ
1603 3297 1736 3370 σύρε
1757 3300 1884 3364 τοὺς

317 3381 516 3446 πόδας·
550 3381 584 3453 ἢ
624 3383 750 3437 ἕλκε
793 3385 892 3454 τὴν
931 3385 1050 3440 ὁδόν
1076 3386 1178 3456 (5).
1219 3387 1375 3451 Τινὲς
1411 3388 1473 3441 τὸ
1502 3387 1616 3442 ἄνω
1643 3391 1739 3443 καὶ
1775 3390 1884 3444 ἔσω

315 3473 457 3526 κατὰ
501 3472 600 3543 τὴν
631 3475 863 3546 ἀρχαίαν
897 3476 1182 3548 συνήθειαν
1223 3479 1317 3531 ἐπὶ
1357 3477 1468 3532 τῶν
1509 3480 1883 3552 ἁροτριώντων

317 3563 456 3634 βοῶν
487 3564 740 3633 λέγουσι’
775 3566 850 3637 μὴ
878 3562 1234 3638 ἐπιστάμενοι
1261 3569 1420 3623 τοῦτο
1465 3571 1524 3635 ἐξ
1555 3573 1794 3640 ἀμαθίας
1825 3575 1884 3626 ὲν

315 3655 524 3726 ἑτέροις
571 3654 839 3726 χρᾶσθαιο
885 3655 1218 3728 νομίζοντες,
1256 3659 1337 3712 ὅτι
1374 3662 1486 3724 τοῖς
1530 3660 1686 3730 βουσὶ
1725 3662 1884 3717 τοῦτο

317 3743 468 3810 ἴδιον,
503 3746 552 3798 oi
595 3745 732 3815 βοῶν
759 3741 1108 3820 ἀλογώτέροι.
1147 3748 1310 3803 Ἀλλά
1335 3751 1430 3804 καὶ
1455 3751 1609 3822 παρὰ
1637 3753 1883 3822 γυναιξὶν

316 3834 433 3888 ἐστι
460 3835 584 3889 τινὰ
605 3837 946 3910 ἐκφερόμενα
971 3839 1352 3910 σχετλιαστικά
1373 3843 1725 3914 ἐπιρρήματα
1744 3844 1884 3899 κατὰ

313 3927 440 3990 τοὺς
487 3926 748 3993 παλαιούς
770 3945 785 3960 ο
815 3925 928 3984 οἷον
960 3931 1020 3986 τὸ
1061 3930 1142 3985 ίού
1162 3947 1178 3964 ο
1221 3931 1282 3985 τὸ
1320 3931 1486 3986 αίσοί.
1526 3933 1758 4005 Ὁμοίως
1787 3936 1883 3990 καὶ

316 4015 469 4086 παρὰ
509 4019 762 4082 Λεσσίοις
817 4021 880 4074 τὸ
929 4017 966 4076 ἆ
1011 4022 1380 4094 ἐκπληκτικὸν
1409 4020 1551 4096 δν,ἦ
1583 4027 1882 4096 ποιητικῶς

317 4107 669 4180 προφέρεται,
718 4111 814 4164 καὶ
843 4111 905 4164 τὸ
931 4112 1073 4176 τέως
1108 4114 1381 4184 χρονικόν.
1421 4115 1798 4188 Ἐπαρώμενοι
1821 4118 1879 4173 δέ

317 4213 449 4252 ποτε
477 4197 758 4270 ἀλλήλους,
783 4205 1040 4272 καρκῖνος
1070 4201 1310 4274 λέγουσι,
1355 4207 1498 4260 κατὰ
1521 4209 1882 4282 ἐπικράτησιν

315 4289 554 4344 παλαιάν
571 4307 586 4322 ο
615 4291 716 4346 ούκ
739 4291 913 4347 οίδασι
931 4293 1012 4360 δὲ,
1033 4293 1220 4366 διόπερ
1245 4295 1405 4351 τοῦτο
1428 4297 1694 4366 λέγουσιν.
1721 4302 1880 4355 Ἐστι

311 4381 371 4434 δὲ
399 4379 556 4434 τοῦτο
586 4384 717 4474 παρ’
745 4384 972 4454 ἰατροῖς,
1019 4384 1190 4448 πάθος
1215 4402 1269 4438 τι
1303 4386 1601 4458 συμϐαῖνον
1625 4391 1882 4458 πολλάκις
1915 4417 1958 4474 D

313 4477 373 4525 ὲν
403 4476 514 4538 τοῖς
545 4473 656 4528 τῶν
683 4477 954 4544 γυναικῶν
988 4474 1178 4546 μαζοῖς
1201 4493 1215 4508 ο
1249 4479 1344 4531 καὶ
1391 4479 1422 4531 ὀ
1455 4479 1586 4550 παρ’
1616 4482 1750 4550 ἡμῖν
1780 4483 1882 4536 κά.

317 4564 502 4634 δειρος
522 4579 536 4594 ·
568 4565 662 4618 καὶ
698 4566 758 4618 τὸ
787 4567 887 4636 μὲν
919 4566 1100 4620 κοινὸν
1131 4567 1232 4620 οὐκ
1267 4567 1462 4621 οῐδασν
1487 4568 1552 4621 τὸ
1579 4568 1637 4622 δὲ
1659 4570 1886 4638 πάγκοιο

315 4673 407 4708 νον
436 4657 573 4720 τέως
601 4655 960 4726 γινώσκουσιν
1008 4657 1258 4728 ἀλόγωςο
1305 4657 1451 4711 καθὰ
1491 4658 1557 4730 δὴ
1604 4659 1699 4713 καὶ
1743 4661 1795 4713 oi
1828 4662 1886 4714 ὲν

311 4747 503 4818 Πόντῳ
565 4747 791 4818 ήλάριον
842 4748 940 4820 μὲν
979 4748 1125 4802 ίσασι
1163 4748 1223 4802 τὸ
1254 4749 1522 4821 καρφίονο
1561 4747 1692 4823 ἧλον
1725 4751 1768 4804 δ’
1792 4750 1885 4804 οὕο

317 4837 415 4890 καὶ
459 4837 510 4890 οι
547 4839 605 4890 ὲν
631 4837 862 4908 Κύπρῳ,
891 4838 1123 4908 ίππάριν
1152 4837 1273 4907 μὲν,
1314 4837 1438 4908 οὐχὶ
1466 4837 1522 4890 δὲ
1555 4839 1648 4891 καὶ
1681 4838 1848 4893 ἵππον
1867 4855 1882 4872 ο

313 4932 392 4993 ώς
419 4931 592 5000 δήπου
619 4929 712 4982 καὶ⁵
745 4931 792 4983 oi
819 4931 875 4982 ἑν
923 4931 990 5000 τῇ
1023 4929 1276 5000 ἡμεδαπῇ
1317 4928 1568 5000 δοκάριον
1597 4929 1698 5000 μὲν
1725 4929 1886 5000 γινώ-

319 5037 531 5084 σκουσι,
575 5021 731 5074 δοκὸν
759 5021 804 5074 δ’
833 5021 1034 5092 ἥκιστα
1058 5038 1072 5050 ·
1106 5021 1282 5074 καίτοι
1308 5021 1494 5090 ὅμοιον
1523 5021 1680 5074 τοῦτο
1709 5021 1784 5086 ώς
1811 5021 1888 5075 εῐ-

318 5128 410 5164 ποι
431 5127 514 5173 τις
543 5111 696 5182 ξύλον
717 5113 812 5165 καὶ.
838 5111 1118 5181 ξυλάριον·
1153 5113 1244 5164 καὶ
1273 5112 1569 5182 νησσάριον
1593 5112 1766 5166 οἴδασι
1788 5115 1885 5184 τὴν

319 5202 574 5272 λιμναίαν
605 5202 774 5273 ὅρνιν,
815 5203 1020 5272 νῆσσαν
1056 5201 1351 5264 δὀύδόλως
1375 5216 1389 5230 ·
1439 5203 1532 5254 καὶ
1581 5204 1887 5274 παρίππιον

321 5292 590 5355 συνθέτως
619 5295 714 5346 καὶ
743 5289 1086 5362 παραγώγως
1107 5309 1120 5323 ο
1149 5293 1326 5346 εῐτουν
1349 5293 1774 5362 παρασυνθέτως
1803 5312 1888 5364 γι-

320 5383 623 5436 νώσκουσιν
647 5401 661 5414 ·
693 5385 754 5437 ού
789 5385 894 5455 μὴν
921 5383 978 5436 δὲ
1007 5384 1098 5437 καὶ
1131 5383 1295 5436 ἵππον
1322 5400 1336 5414 ⁶
1371 5383 1486 5436 ἀλλ’
1514 5384 1736 5454 ἄλογον*
1765 5387 1888 5440 ἄλο-

320 5489 418 5539 γον
447 5473 525 5536 δὲ,
559 5475 620 5527 οὐ
656 5473 814 5544 μόνον
838 5474 1003 5535 ἵππος
1019 5489 1032 5504 ·
1069 5473 1202 5528 ἀλλὰ
1227 5476 1319 5528 καὶ
1346 5475 1471 5544 βοῦς
1497 5477 1592 5531 καὶ
1613 5477 1734 5542 ὄνος
1753 5497 1766 5511 ·
1797 5479 1888 5531 καὶ

322 5563 424 5616 ὅσα
453 5563 609 5632 λόγον
630 5564 729 5618 οὐκ
759 5564 962 5635 έχουσι.

1987 1839 2042 1892 in
2074 1849 2478 1894 transversum.
2520 1839 2705 1895 Nostri
2738 1855 2838 1910 pro
2869 1841 3429 1911 dvdo=a(sla)dicunt
3458 1858 3556 1910 ση-

1985 1928 2191 1999 κώθητι
2211 1939 2304 1984 ant
2327 1929 2668 2001 κουφίσθητι,
2690 1931 2872 2000 Cyprii
2899 1931 3137 2001 ellipticc
3167 1932 3554 2003 dva,C0rcyrii

1986 2029 2165 2073 autem
2195 2020 2356 2073 ᾶστα.
2389 2019 2572 2090 Cyprii
2609 2030 2663 2073 et.
2689 2019 2878 2076 Cretes
2913 2022 3090 2092 χαμαὶ
3125 2021 3318 2090 (humi)
3349 2029 3404 2076 et
3425 2005 3557 2091 ἁριξ

1987 2111 2153 2181 στερὰ
2180 2109 2446 2178 (sinistra)
2475 2111 2746 2175 scribunt,
2769 2127 2891 2180 quae
2921 2113 3016 2166 alii
3043 2113 3218 2182 magis
3247 2113 3552 2174 barbarica,

1985 2209 2040 2254 et
2064 2215 2160 2269 pro
2193 2200 2368 2270 χαμαὶ
2391 2239 2406 2261 ,
2445 2199 2597 2252 κάτω
2629 2200 2962 2272 (deorsum),
2992 2201 3261 2258 referente
3296 2200 3447 2254 κάτω
3483 2201 3550 2254 ad

1985 2291 2096 2344 ἄνω
2133 2291 2410 2361 (sursum).
2439 2289 2601 2360 Apuli
2630 2291 2908 2362 Siculique
2927 2294 3172 2362 quaedam
3209 2293 3274 2348 ad
3309 2294 3551 2363 regulam

1987 2383 2269 2452 scriptura:
2307 2382 2626 2452 proferunt,
2661 2383 2846 2452 qualia
2877 2382 3074 2436 ἔκλεισε
3108 2381 3201 2436 τὸν
3230 2383 3392 2453 ἄρτον
3419 2380 3552 2452 (fre-

1985 2473 2060 2542 git
2088 2458 2320 2542 partem),
2346 2471 2472 2543 άρτι
2503 2473 2856 2542 παραγέγονα
2889 2473 3048 2540 (nunc
3083 2473 3320 2544 adsum).

2053 2563 2335 2634 Carpathii
2389 2565 2537 2634 ἥμην
2589 2581 2690 2635 pro
2739 2565 2987 2636 ὑπῆρχον
3033 2566 3246 2638 (erant).
3289 2567 3556 2625 Artacesii

1984 2654 2349 2726 Cysicenique
2391 2655 2665 2727 ὲδάρθηνα
2717 2657 2906 2711 dicunt
2953 2673 3050 2727 pro
3089 2659 3308 2713 dialecti
3357 2672 3558 2717 nostra:

1986 2750 2152 2802 verbo
2184 2747 2462 2818 ἐδάρθηκα
2509 2747 2808 2818 (dormivi);
2855 2746 3013 2800 Ponti
3057 2747 3252 2803 incolae
3297 2751 3553 2822 ὲδάρθην,

1985 2838 2078 2908 qui
2109 2847 2164 2892 et
2188 2837 2430 2900 λεπάδας
2459 2846 2658 2893 vocant
2685 2846 2898 2893 ostreas
2929 2839 3193 2908 quasdam
3224 2850 3279 2894 et
3319 2841 3558 2910 piscium

1983 2929 2296 2994 branchias,
2327 2931 2468 2986 sicut
2498 2938 2554 2984 et
2579 2929 2670 2999 qui
2701 2931 2848 2984 circa
2880 2929 3291 3000 Hellespontum
3331 2947 3560 2988 versan-

1987 3035 2097 3076 tur.
2117 3021 2222 3076 Ista
2255 3022 2416 3075 verba
2447 3021 2498 3074 in
2525 3022 2696 3090 poetis
2726 3036 2932 3076 necnon
2954 3023 3008 3076 in
3040 3023 3382 3093 philosophis
3398 3037 3554 3092 repe-

1991 3113 2121 3168 rias.
2148 3111 2362 3183 Saepius
2391 3113 2444 3167 in
2475 3121 2664 3168 nostra
2712 3115 2934 3182 regione
2961 3129 3060 3182 pro
3097 3113 3277 3182 ὕπαγε
3302 3113 3556 3184 (discede)

1989 3205 2201 3270 audias,
2233 3204 2365 3276 σύρε
2423 3204 2644 3275 (trahe),
2681 3204 2918 3273 elliptice
2945 3219 3044 3274 pro
3072 3205 3204 3275 σύρε
3236 3205 3364 3268 τοὺς
3391 3205 3558 3268 πόδας

1991 3298 2162 3366 (trahe
2197 3298 2397 3371 pedes),
2423 3306 2518 3351 aut
2547 3295 2672 3350 ἕλκε
2708 3295 2808 3368 τὴν
2833 3295 2954 3349 ὁδόν
2981 3297 3208 3366 (corripe
3235 3299 3380 3366 iter).
3417 3299 3556 3364 Qui-

1990 3389 2116 3444 dam
2147 3403 2210 3443 ex
2243 3389 2471 3458 antiquo
2506 3403 2606 3443 usu
2635 3386 2748 3441 άνω
2777 3396 2832 3442 et
2861 3388 2969 3442 ἔσω
2995 3388 3255 3455 clamant,
3293 3390 3457 3444 boves
3483 3389 3558 3442 in-

1989 3480 2264 3550 crepando
2303 3487 2556 3545 arantes,
2591 3479 2902 3535 nescientes
2943 3479 3058 3534 haec
3087 3481 3252 3536 verba
3294 3481 3346 3535 in
3387 3481 3555 3535 alium

1990 3586 2216 3627 sensum
2259 3571 2456 3641 accipi,
2501 3571 2792 3640 solumque
2834 3572 3008 3626 bobus
3037 3572 3416 3627 convenientia
3457 3574 3558 3625 du-

1989 3671 2192 3728 centes,
2243 3661 2346 3730 ipsi
2397 3663 2571 3717 bobus
2623 3663 2889 3718 rudiores.
2949 3661 3207 3718 Mulieres
3253 3673 3436 3718 autem
3489 3679 3554 3718 ex

1991 3752 2327 3821 antiquitate
2393 3751 2774 3806 lamentabiles
2828 3753 3028 3807 habent
3081 3753 3507 3808 exclamationes
3539 3793 3555 3817 ,

1988 3843 2188 3913 quales
2223 3843 2326 3910 ἰοὺ,
2363 3841 2512 3896 αίὸοί
2542 3842 2736 3913 (eheu).
2763 3842 2975 3896 Pariter
3008 3850 3060 3896 et
3085 3840 3286 3897 Leshii.
3319 3842 3556 3897 Verbum

1989 3927 2024 3984 ἆ
2045 3971 2061 3996 ,
2107 3931 2254 4000 quod
2283 3931 2352 3986 ad
2398 3938 2662 3986 terrorem
2694 3929 3049 4000 injiciendum
3081 3929 3135 3985 in
3161 3945 3265 3986 usu
3297 3939 3383 3986 est
3427 3945 3559 4001 poe-

1991 4023 2096 4078 tice
2116 4018 2153 4094 ἦ
2180 4023 2477 4093 profertur.
2507 4020 2687 4078 Verbo
2717 4023 2856 4087 τέως
2887 4023 3202 4092 temporalis
3222 4032 3304 4079 est
3339 4037 3556 4086 sensus,

1987 4115 2082 4184 qui
2127 4113 2358 4169 invicem
2395 4114 2782 4183 imprecantur,
2812 4114 3142 4184 praevalente
3166 4113 3388 4184 antiqua
3420 4130 3554 4169 con-

1987 4203 2296 4268 suetudine,
2331 4201 2634 4258 nescientes
2675 4212 2855 4257 antem
2891 4219 3085 4272 qnare,
3134 4204 3372 4258 clamant
3419 4221 3551 4275 καρ-

1988 4297 2134 4348 κῖνον
2163 4295 2497 4364 (cancerem).
2531 4296 2677 4366 quod
2708 4295 2852 4366 apud
2883 4295 3123 4351 medicos
3152 4295 3374 4367 quidam
3408 4311 3556 4350 mor-

1989 4385 2092 4442 bus
2118 4401 2386 4443 mammas
2423 4387 2714 4442 mulierum
2749 4387 3034 4454 invadens,
3071 4397 3125 4441 et
3157 4388 3298 4456 apud
3328 4401 3430 4441 nos
3457 4387 3556 4439 κά-

1989 4477 2171 4547 σειρος
2200 4485 2448 4532 vocatur.
2475 4476 2718 4532 Verbum
2740 4477 2918 4531 κοινὸν
2938 4478 3251 4548 (commune)
3280 4479 3552 4547 ignorant,

1990 4567 2284 4634 πάγκοινον
2317 4575 2498 4621 autem
2531 4567 2855 4638 jamdudum
2887 4570 3007 4624 sine
3035 4584 3202 4624 causa
3235 4568 3287 4622 in
3323 4585 3422 4624 usu
3457 4569 3557 4622 ha-

1989 4656 2204 4712 bentes.
2233 4655 2448 4712 Pariter
2493 4659 2586 4728 qui
2618 4657 2848 4712 Pontum
2896 4659 3139 4714 incolunt
3168 4659 3392 4730 ήλάριον
3421 4676 3555 4730 καρ-

1989 4747 2114 4817 φίον
2146 4757 2418 4813 noscunt,
2453 4750 2546 4803 sed
2577 4765 2686 4804 non
2713 4744 2843 4821 ἧλον
2873 4749 3144 4820 (clavum).
3179 4749 3360 4822 Cyprii
3395 4751 3558 4804 ἱππά-

1993 4855 2098 4910 ριν,
2151 4851 2260 4892 non
2302 4837 2470 4892 ἵππον
2505 4838 2740 4910 (equum)
2767 4879 2784 4906 ,
2819 4841 2966 4896 sicut
3013 4849 3068 4896 et
3112 4856 3248 4908 nos;
3282 4842 3554 4914 δοκάριον.

1993 4944 2098 4984 non
2123 4929 2280 4982 δοκόν
2314 4929 2562 5000 (trabem)
2589 4949 2605 5000 ;
2637 4932 2890 4987 similiter
2920 4943 3100 4989 autem
3131 4933 3285 4998 ξύλον
3311 4933 3556 5005 (lignum)

1989 5030 2043 5078 et
2079 5022 2336 5093 ξυλάριον
2371 5023 2638 5079 dicerent.
2669 5024 2983 5096 Νησσὰριον
3011 5024 3290 5096 (anatem),
3327 5043 3431 5081 non
3461 5043 3559 5081 au-

1991 5120 2098 5166 tetn
2125 5113 2350 5183 νῆσσαν,
2387 5121 2585 5168 vocant
2613 5115 2904 5184 palustrem
2938 5131 3116 5172 avem.
3148 5119 3462 5189 Παρίππιον
3490 5135 3552 5172 ex

1989 5202 2386 5274 compositione
2411 5205 2856 5276 derivationeque
2885 5208 3102 5274 habent,
3125 5224 3228 5263 non
3261 5217 3441 5262 tamen
3470 5209 3558 5260 ἴπ-

1991 5311 2112 5359 πον,
2137 5295 2230 5350 sed
2261 5295 2453 5365 ἄλογον
2483 5296 2766 5366 (animal);
2804 5297 2996 5366 άλογον
3031 5306 3210 5353 autem
3242 5313 3346 5352 non
3380 5299 3554 5352 solum

1990 5401 2216 5454 equum,
2265 5386 2358 5441 sed
2385 5386 2548 5440 etiam
2599 5389 2814 5456 bovem,
2843 5391 3082 5456 asinum,
3126 5400 3180 5445 et
3227 5390 3408 5444 omnia
3439 5406 3560 5462 qua:

1994 5477 2203 5532 ratione
2232 5487 2421 5533 carent
2454 5479 2710 5534 animalia
2741 5481 3029 5550 significat.

395 5718 472 5790 (5)
501 5719 774 5774 Se‘ltoliurn
796 5719 850 5774 in
887 5720 1126 5790 margine
1152 5737 1166 5774 :
1199 5719 1288 5792 Τῷ
1319 5719 1500 5804 σύρειν
1517 5721 1636 5774 ἀντὶ
1662 5721 1753 5775 τοῦ
1781 5721 1883 5775 ἁπέ

1995 5719 2140 5786 σθαι,
2171 5717 2262 5772 καὶ
2293 5716 2584 5788 Θεόκριτος
2615 5714 2898 5786 κέχρηται.
