3904 6208
249 381 381 457 ιδθι

1111 339 1116 344 ’
1181 376 1382 446 γιτΑ.
1419 399 1490 412 -—
1535 369 2140 436 COMMENTARIUS
2171 369 2544 432 PMVIUS.

2939 308 3069 329 FO“-

3363 367 3502 435 1382

246 503 456 579 probus
498 498 704 558 eﬂeiar
733 496 776 569 (Ι
825 495 954 554 Cor.
985 509 1084 562 vn,
1107 494 1240 564 27);
1278 489 1556 562 quomodo
1582 503 1703 559 ego,
1729 487 1826 559 qui
1855 493 1898 549 Δ
1926 485 2248 546 beatissimo
2277 485 2589 579 patriarcha
2634 483 3207 579 Constantinopoleos.
3254 483 3422 542 Multa
3447 499 3506 545 ct

244 593 302 651 in
329 591 535 650 mundo
558 596 940 652 conversatus,
967 593 1164 642 etcum
1192 583 1348 640 Iaicis
1373 590 1824 644 connumeratus.

246 685 302 742 in
343 680 710 754 imperatoriis
737 674 1308 734 administrationibus
1325 671 1576 738 militavi,
1603 671 1683 728 sic
1697 670 1824 726 abs-

245 789 354 847 que
406 771 745 844 judicatione
791 777 959 838 atque
1033 764 1530 835 circumspectione
1597 775 1822 836 possunt

247 864 459 922 insilire
510 861 580 918 ad
613 859 909 916 sacerdotii
953 855 1426 928 magnitudinem?
1473 852 1822 909 Horrendum

244 969 512 1012 conamen
548 953 616 1009 ad
655 951 1007 1022 exiguitatem
1039 963 1216 1004 meam
1244 955 1302 1002 et
1329 945 1678 1001 temerarium
1705 953 1823 998 stu-

242 1047 423 1103 dium.
455 1044 640 1100 Causa
685 1055 814 1097 vero
843 1039 1059 1096 timoris
1084 1049 1139 1094 et
1169 1037 1514 1095 refutationis
1542 1049 1677 1090 meae
1705 1033 1838 1089 haec.

245 1147 349 1194 est.
381 1135 606 1206 Aspicio
631 1141 688 1190 st
706 1132 865 1188 video
886 1129 1207 1196 Ecclesiam,
1242 1143 1368 1200 quae
1395 1142 1559 1197 supra
1587 1133 1818 1198 petram,

246 1229 526 1287 Christum
561 1226 852 1283 Dominum
881 1233 1153 1291 nostrum,
1195 1222 1418 1278 fundata
1452 1229 1560 1284 est,
1593 1219 1821 1275 scissam

247 1333 394 1378 nunc
423 1326 481 1374 et
509 1317 764 1382 divisam,
795 1325 852 1373 et
875 1331 976 1372 nos
1004 1314 1112 1372 alia
1141 1323 1306 1384 atque
1330 1313 1489 1368 aliter
1512 1311 1819 1384 loquentes,

245 1418 302 1466 et
332 1409 491 1464 aliter
531 1421 624 1464 eos
651 1406 1016 1472 Christianos,
1046 1405 1142 1475 qui
1185 1403 1241 1458 in
1273 1402 1494 1458 Oriente
1529 1400 1693 1456 unius
1719 1414 1822 1454 no-

247 1501 462 1556 biscum
497 1497 624 1554 ﬁdei
649 1496 798 1564 sunt,
829 1496 926 1554 sed
945 1507 1001 1552 et
1023 1495 1110 1551 his
1136 1493 1533 1550 concordantes
1559 1490 1823 1546 Occiden-

251 1591 426 1646 tales:
461 1603 564 1645 nos
591 1588 662 1644 ab
684 1587 940 1644 omnibus
985 1585 1092 1642 illis
1143 1585 1438 1650 alienatos,
1489 1591 1546 1639 et
1571 1597 1601 1637 a
1637 1595 1698 1638 se
1728 1595 1825 1652 per

249 1681 493 1754 singulos
515 1681 634 1736 dies
661 1679 1171 1735 anathematizatos.
1211 1675 1338 1730 Dira
1373 1688 1536 1746 poena
1573 1682 1657 1729 est
1689 1688 1824 1728 ana-

249 1775 454 1838 thema,
488 1772 682 1843 procul
715 1787 748 1826 a
791 1771 904 1826 Deo
932 1770 1154 1836 emittit,
1185 1777 1239 1824 et
1277 1783 1310 1824 a
1345 1783 1514 1839 regno
1557 1767 1820 1823 castorum

1923 591 2120 649 magna
2152 575 2496 647 providentia
2541 575 2814 634 Dominus
2847 575 2993 634 Deus
3041 577 3326 633 hominum
3362 579 3504 636 vitas

1920 683 2140 736 regens,
2163 677 2219 723 et
2241 667 2597 739 protrahens.
2623 676 2788 738 atque
2818 678 3144 739 proventum
3168 669 3292 724 vitae
3315 670 3508 726 unius.

1921 759 2188 830 cujusque
2217 759 2467 815 consulte
2494 757 2776 816 deducens
2825 759 2968 830 (sine
3001 760 3122 830 ipso
3147 775 3386 830 namque
3418 760 3505 816 la-

1922 860 2074 906 etum
2113 860 2198 906 est
2231 849 2390 917 nihil,
2419 850 2548 922 quia
2591 852 2854 921 et'capilli
2885 853 3078 922 capitis
3109 853 3278 908 nostri
3309 865 3505 909 nume-

1921 940 2026 996 rati
2061 951 2190 996 sunt
2213 941 2314 1010 ei),
2341 949 2400 996 et
2429 955 2516 996 me
2549 939 2604 995 in
2627 939 2897 996 laicorum
2927 941 3120 995 ordine
3147 956 3322 1010 usque
3355 956 3505 1002 nunc

1920 1043 2402 1096 conuulneratum,
2433 1041 2490 1086 et
2519 1031 2900 1103 imperialibus
2927 1031 3252 1096 ministeriis
3274 1031 3504 1100 deputa-

1921 1129 2058 1190 tum,
2105 1125 2318 1189 nescio,
2361 1125 2561 1194 quibus
2588 1125 2812 1194 iudieiis
2843 1125 2962 1196 ipse
3001 1123 3152 1189 fecit,
3202 1127 3256 1179 in
3313 1123 3503 1196 cathe-

1919 1212 2074 1268 dram
2099 1213 2472 1282 pontiﬁcalem
2499 1215 2700 1280 evexit,
2736 1194 2954 1270 hortatu
2985 1215 3164 1269 valido
3195 1229 3226 1268 a
3257 1194 3504 1270 veritatis

1920 1303 2448 1373 propugnatoribus,
2479 1304 2744 1372 piissimis
2785 1305 3040 1361 videlicet
3077 1321 3142 1362 ac
3181 1305 3504 1361 orthodoxis

1922 1395 2357 1464 imperatoribus
2388 1396 2594 1458 nostris
2625 1404 2790 1465 atque
2832 1397 3201 1454 sanctissimis
3232 1397 3505 1466 episcopis

1923 1493 2018 1532 seu
2047 1479 2265 1536 clericis
2285 1475 2346 1535 in
2370 1497 2458 1535 me
2487 1481 2754 1536 violenter
2771 1482 2986 1546 electo,
3021 1485 3108 1538 cui
3139 1485 3506 1540 succumbens

1923 1572 2132 1636 annui,
2187 1581 2244 1627 et
2315 1573 2638 1630 obedientiat
2709 1573 2948 1630 fructum
3025 1577 3112 1630 his
3169 1576 3504 1645 carpendum

1923 1663 2198 1718 commisi.
2252 1661 2318 1718 Et
2355 1679 2490 1734 rogo
2539 1679 2640 1721 vos
2687 1667 3096 1734 sanctissimos,
3135 1676 3195 1722 ut
3245 1678 3504 1734 tanquam

1927 1761 2107 1822 patres
2149 1769 2238 1809 me
2299 1757 2707 1825 pusillanimem
2765 1758 2960 1811 baculo
2992 1761 3265 1826 potentiae,
3313 1759 3363 1812 id
3395 1767 3505 1823 est,

249 1831 506 1934 expellit,-
527 1863 735 1919 ducens
765 1865 820 1918 in
849 1864 1105 1918 tenebras
1141 1861 1462 1917 exteriores.
1505 1855 1824 1916 NeScit'Ec-

1935 1845 2174 1914 paternis
2199 1847 2400 1902 vestris
2429 1848 2760 1918 magisteriis
2791 1847 3029 1904 fulciatis
3067 1868 3082 1906 :
3115 1861 3170 1905 et
3199 1851 3370 1904 veluti.
3391 1850 3506 1905 fra-

249 1953 428 2012 clesiae
456 1955 542 2010 lex
581 1955 668 2010 vel
707 1954 975 2012 terminus
1002 1961 1208 2010 sectam
1241 1953 1357 2008 sive
1396 1951 1826 2016 contentionem,

246 2044 343 2102 sed
370 2047 515 2102 sicut
557 2046 709 2102 novit
741 2046 987 2101 conﬁteri
1017 2061 1184 2101 unum
1230 2043 1420 2109 Deum,
1449 2059 1614 2100 unutn
1647 2041 1828 2113 bapti-

247 2150 388 2202 sma,
421 2151 588 2190 unam
621 2137 804 2203 ﬁdem,
836 2135 911 2188 ita
947 2142 1000 2188 et
1027 2134 1375 2189 concordiam
1405 2147 1567 2186 unam
1598 2130 1652 2186 in
1676 2127 1827 2184 o.uni

243 2227 618 2283 ecclesiastico
665 2225 902 2297 negotio.
949 2223 1098 2280 Nihil
1125 2225 1270 2280 enim
1307 2231 1394 2300 est
1440 2221 1496 2276 in
1529 2229 1824 2290 conspectu

246 2317 340 2374 Dei
371 2327 479 2373 tam
511 2327 796 2388 acceptum
837 2328 1001 2387 atque
1042 2315 1330 2387 placabile,
1361 2327 1526 2384 quam
1569 2321 1628 2367 ut
1657 2325 1825 2366 unum

245 2407 442 2474 simus,
467 2416 522 2464 et
543 2424 647 2463 una
675 2407 942 2464 eﬁiciatur
969 2406 1240 2462 catholica
1267 2403 1535 2466 Ecclesia,
1563 2401 1826 2472 quemad-

247 2499 470 2554 modum
495 2498 550 2553 in
581 2499 806 2555 sincera:
834 2507 1040 2552 nostra:
1060 2497 1180 2552 ﬁdei
1204 2495 1454 2566 symbolo
1477 2491 1822 2548 conﬁtemur.

249 2587 317 2644 Et
351 2589 588 2659 petimus
627 2604 751 2654 nos,
787 2587 1005 2652 fratres,
1040 2595 1099 2643 ut
1134 2601 1282 2653 reor,
1315 2595 1370 2640 et
1414 2599 1530 2651 vos,
1561 2584 1823 2655 quoniam

250 2678 370 2734 scio
399 2679 650 2734 timorem
681 2693 778 2733 vos
803 2677 895 2747 Dei
932 2677 1153 2741 habere,
1181 2691 1212 2730 a
1243 2676 1510 2746 piissimis
1544 2685 1598 2730 et
1633 2675 1825 2729 ortho-

248 2769 411 2825 doxis
453 2769 878 2839 imperatoribus
911 2767 1115 2824 nostris
1163 2770 1430 2839 synodum
1461 2765 1823 2822 universalem

247 2859 453 2932 colligi,
479 2871 538 2915 ut
561 2859 859 2914 eﬁiciamur
895 2868 950 2916 et
994 2874 1120 2926 nos,
1153 2858 1246 2928 qui
1285 2859 1445 2913 unius
1473 2856 1568 2911 Dei
1612 2871 1826 2922 sumus,

249 2965 419 3004 unum
457 2967 470 3004 :
501 2959 556 3004 et
594 2949 687 3020 qui
719 2949 1003 3004 Trinitatis
1051 2949 1290 3004 cultores
1319 2949 1635 3004 exsistimus
1667 2945 1824 3011 uniti,

248 3047 304 3094 et
331 3037 615 3094 unanimes
638 3049 692 3094 et
713 3040 936 3113 collega:
961 3056 975 3092 :
1003 3048 1058 3094 et
1085 3039 1178 3109 qtti
1203 3039 1397 3108 capitis
1421 3039 1592 3094 nostri
1619 3035 1826 3093 Christi

251 3144 466 3195 sumus,
505 3129 804 3186 eﬁiciamur
836 3144 1038 3200 corpus
1065 3143 1238 3184 unum
1289 3138 1632 3198 compactum
1663 3136 1828 3196 atque

250 3234 556 3275 connexum
596 3237 611 3276 :
653 3229 707 3275 et
735 3221 831 3290 qui
875 3221 1050 3276 sancti
1087 3219 1328 3290 Spiritus
1373 3233 1590 3283 sumus,
1625 3217 1827 3274 cilicia-

251 3327 377 3368 mur
415 3327 524 3367 non
557 3321 749 3366 contra
795 3312 1050 3378 invicem,
1089 3313 1181 3366 sed
1213 3327 1314 3381 pro
1345 3311 1577 3366 invicem
1605 3327 1620 3365 :
1645 3319 1700 3366 et
1733 3311 1828 3381 qui

250 3403 504 3456 veritatis
554 3400 896 3466 exsistimus,
949 3401 1514 3473 clliciamuridipsum
1559 3405 1830 3474 sapientes

252 3501 420 3562 atque
467 3491 735 3555 dicentes,
775 3500 830 3548 et
864 3506 972 3546 non
1001 3491 1076 3546 sit
1121 3490 1175 3545 in
1215 3494 1373 3546 nobis
1407 3503 1680 3548 certamen
1717 3493 1832 3550 sive

252 3584 546 3649 dissensio,
591 3595 650 3638 ut
689 3595 793 3654 pax
826 3581 944 3652 Dei,
975 3598 1097 3652 qua:
1127 3593 1420 3654 exsuperat
1455 3598 1672 3656 omnem
1705 3599 1832 3639 sen-

255 3690 400 3738 sum,
437 3673 648 3729 muniat
687 3689 810 3730 nos.
845 3670 912 3727 Et
967 3673 1014 3728 si
1059 3675 1276 3745 quidem
1320 3673 1588 3745 iusserint
1636 3675 1830 3730 ortho-

254 3765 434 3823 doxiae
469 3775 926 3837 propugnatores,
965 3766 1320 3836 imperatores
1355 3763 1606 3819 videlicet
1633 3763 1829 3831 nostri,

255 3856 616 3930 postulationi
667 3871 803 3912 mea:
855 3871 1120 3920 annucre,
1157 3856 1443 3912 consentio
1475 3865 1530 3910 et
1557 3870 1680 3926 ego.
1733 3853 1831 3909 Sin

258 3962 464 4014 autem,
505 3949 843 4020 impossibile
873 3957 959 4004 est
1007 3947 1143 4004 mihi
1178 3948 1284 4004 hoc
1325 3947 1529 4014 facere,
1562 3963 1632 4004 ne
1659 3946 1834 4018 subji-

257 4044 376 4100 ciar
416 4041 773 4104 anathemati,
819 4051 874 4095 et
906 4041 1152 4096 inveniar
1193 4041 1591 4097 condemnatus
1638 4041 1694 4096 in
1747 4041 1834 4097 die

259 4129 476 4186 Domini
508 4129 683 4184 nostri
714 4138 768 4184 et
793 4127 1085 4200 justissimi
1115 4127 1344 4193 Iudicis,
1383 4130 1475 4184 ubi
1508 4145 1684 4201 neque
1723 4130 1830 4185 im-

257 4235 504 4295 perator,
540 4239 720 4294 neque
770 4223 1050 4287 sacerdos,
1099 4233 1277 4290 neque
1325 4219 1620 4290 principes,
1657 4235 1832 4291 neque

259 4315 546 4371 hominum
581 4315 874 4388 multitde
923 4311 1124 4384 poterit
1161 4313 1372 4380 eripere
1425 4327 1532 4367 me.
1577 4311 1643 4366 Et
1670 4311 1832 4382 quid—

260 4393 392 4476 quid
427 4405 690 4474 placuerit
727 4405 884 4460 vobis
906 4441 921 4467 ,
955 4401 1182 4472 .fratres.
1222 4400 1348 4456 date
1394 4401 1656 4472 apologis:
1699 4417 1834 4458 mea:

263 4508 377 4550 uno
402 4495 569 4550 verbo
592 4492 912 4549 assertionis
949 4499 1140 4546 vestra:
1171 4488 1391 4546 redditae
1427 4480 1670 4562 petitioni
1699 4506 1833 4557 mete
1864 4516 1910 4574 ι)

263 4602 640 4655 responsum.»
663 4583 730 4640 Et
746 4585 978 4641 libenter
1001 4582 1519 4648 audieruntomnes,
1545 4598 1666 4652 qua
1690 4583 1830 4638 dicta

263 4686 415 4742 sunt,
459 4691 786 4733 consensum
841 4674 1163 4743 praebentes,
1216 4681 1278 4727 ut
1326 4671 1481 4728 ﬁeret
1523 4674 1831 4745 synodus...

241 4767 452 4838 ,Itaque
483 4783 579 4823 vin
623 4765 853 4822 Kalend.
898 4763 1124 4820 Januar.
1153 4773 1360 4820 octavae.
1397 4761 1588 4818 indict.
1638 4778 1833 4819 conse-

244 4843 452 4915 'cratus
473 4867 557 4914 est
595 4857 775 4912 almus
803 4855 962 4912 Pater
989 4865 1180 4912 noster
1223 4853 1484 4910 Tarasius
1524 4854 1835 4926 patriarcha

268 4948 904 5018 Constantinopolitanus
943 4948 1034 5018 qui
1080 4945 1264 5002 missis
1296 4943 1525 4999 Romam
1559 4943 1836 5016 synodicis

268 5041 384 5099 suis
411 5052 464 5098 et
512 5040 698 5096 libello
747 5037 871 5104 ﬁdei
921 5055 1034 5094 suae
1064 5045 1314 5107 receptus
1363 5041 1448 5090 est
1501 5034 1570 5090 ab
1595 5036 1836 5090 Adriano

269 5151 428 5206 papa.
469 5131 596 5190 Haec
622 5131 763 5203 apud
805 5129 1152 5186 Anastasinm
1205 5128 1583 5200 Theophanes.
1635 5125 1834 5184 Verum

269 5217 350 5282 eae
373 5225 439 5281 ad
466 5223 774 5295 pontiﬁcem
806 5217 1114 5275 Romanum
1142 5220 1336 5275 littera:
1363 5218 1664 5289 perierunt,
1697 5237 1836 5291 quas

269 5331 338 5372 ex
375 5313 616 5382 ejusdem
647 5309 918 5380 pontiﬁcis
958 5323 1222 5378 responso
1255 5309 1606 5376 arbitramur,
1647 5311 1837 5380 paucis

272 5405 376 5462 sub
415 5403 574 5458 ﬁnem
613 5401 858 5463 mutatis,
899 5399 1104 5455 similes
1141 5399 1268 5458 aliis
1309 5399 1528 5466 litteris,
1577 5397 1708 5472 quae
1740 5417 1836 5457 ex-

273 5497 420 5550 stant
443 5479 671 5544 Actione
701 5486 736 5541 3
761 5486 952 5558 synodi
978 5487 1010 5540 ’1
1035 5501 1156 5543 cum
1177 5489 1288 5543 hac
1318 5488 1672 5559 inscriptione
1715 5505 1731 5542 :

344 5585 401 5643 7.
455 5605 474 5638 ι
517 5583 808 5654 Exemplar
836 5581 1158 5652 litterarum,
1198 5572 1320 5660 quae
1358 5583 1538 5640 missae
1594 5591 1724 5640 sunt
1769 5583 1836 5639 ad

277 5691 399 5732 sum
407 5691 522 5732 mos
535 5673 845 5730 saecrddtes
859 5681 910 5730 et
929 5674 1236 5732 sacerdotes
1253 5671 1577 5740 Antiochiae,
1600 5675 1837 5731 Alexan-

275 5771 429 5844 ἀπίω,
463 5777 518 5828 et
545 5774 748 5826 sanctae
779 5764 1016 5824 civitatis
1057 5781 1089 5823 a
1121 5761 1348 5824 Tarasio
1387 5765 1740 5825 sanctissimo
1784 5777 1840 5824 et

495 5850 694 5861 ὀυ-διο-

695 5851 916 5864 m—n

926 5855 996 5864 ...-
1011 5857 1286 5882 “--.’Ἷ²⁹,,
1299 5860 1324 5868 ..

1839 5872 1925 5884 ν...

1931 1941 2038 1987 tres
2078 1934 2233 2003 puris
2273 1936 2622 1992 orationibus
2663 1938 2860 1992 vestris
2905 1954 3006 1992 nos
3047 1955 3170 1994 cum
3223 1950 3504 1994 armatura

1931 2023 2021 2078 Dei
2045 2036 2240 2082 contra
2267 2031 2540 2084 versutias
2571 2029 2784 2100 antiqui
2813 2030 2987 2087 hostis
3018 2033 3198 2101 adqu
3222 2035 3312 2099 tis,
3341 2043 3506 2103 atque

1925 2112 2188 2172 ﬂuctibus
2241 2118 2474 2174 invicem
2526 2121 2882 2190 surgentibus
2929 2119 3272 2178 vacillanteni
3305 2127 3506 2195 guber-

1927 2206 2107 2270 netis,
2153 2218 2424 2276 quatenus
2461 2213 2766 2281 pertingatn
2819 2213 2887 2268 ad
2941 2227 3158 2282 portum
3208 2216 3502 2274 voluntatis

1926 2295 2131 2354 Christi
2165 2297 2260 2353 Dei
2292 2303 2566 2358 nostri....
2606 2301 2764 2359 Nunc
2793 2313 2975 2358 autem
3021 2305 3089 2358 ad
3119 2305 3280 2360 aliam
3319 2307 3500 2362 inten-

1929 2391 2130 2446 tionem
2156 2392 2374 2448 dicendi
2409 2396 2749 2465 prOgredior.
2783 2397 2922 2464 Quia
2953 2399 3101 2454 enim
3137 2401 3316 2466 prisca
3349 2413 3503 2470 qua:-

1926 2483 2076 2548 dam,
2110 2493 2186 2550 et,
2220 2495 2279 2539 ut
2308 2487 2492 2544 verius
2535 2486 2828 2554 fateamur,
2861 2489 3161 2558 apostolica
3193 2491 3417 2546 traditio
3445 2493 3502 2548 in

1928 2575 2188 2630 omnibus
2236 2574 2496 2633 Ecclesiis
2536 2579 2800 2646 inolevit,-
2826 2590 2886 2632 ut
2915 2579 2992 2643 hi,
3039 2579 3132 2646 qui
3164 2581 3234 2634 ad
3277 2581 3500 2650 pontiﬁ-

1926 2667 2072 2722 cium
2103 2667 2500 2736 proveltnntur,
2563 2668 3002 2738 praecedentibus
3070 2686 3128 2725 se
3202 2671 3256 2724 in
3309 2674 3502 2728 eodem

1927 2758 2125 2813 ordine
2169 2759 2408 2828 qualiter
2452 2774 2510 2816 se
2556 2761 2810 2827 habeant,
2863 2778 2986 2830 qua:
3025 2776 3143 2822 suae.
3173 2762 3296 2816 lidei
3348 2771 3500 2831 sunt,

1927 2851 2250 2920 exponendo
2290 2852 2710 2919 commendent;
2762 2853 2942 2908 visum
2995 2863 3162 2910 estet
3209 2856 3346 2910 mihi
3396 2857 3502 2913 hoc

1928 2943 2156 3010 sectanti
2199 2960 2286 3000 me
2318 2945 2473 3001 vobis
2516 2946 2806 3012 inclinare,
2835 2955 2890 3001 ct
2941 2948 3150 3018 liquido
3191 2948 3501 3006 confessio-

1929 3050 2054 3090 nem
2107 3036 2487 3105 pronuntiare,
2539 3039 3006 3107 quemadmodum
3055 3055 3086 3094 a
3128 3040 3276 3096 tubis
3321 3041 3516 3097 sancti

1931 3124 2190 3197 Spiritus,
2223 3142 2456 3198 quarum
2495 3143 2667 3183 sonus
2715 3127 2768 3183 in
2809 3144 3024 3184 omnem
3073 3139 3272 3186 terram
3313 3132 3500 3198 exivit,

1930 3229 1985 3274 et
2011 3219 2066 3273 in
2101 3217 2237 3274 ﬁnes
2266 3230 2428 3274 terra:
2452 3219 2636 3286 verba,
2660 3229 2714 3279 et
2747 3220 2818 3276 ab
2841 3237 3030 3276 earum
3061 3223 3301 3280 alumnis
3340 3235 3506 3293 atque

1931 3312 2192 3378 asseclis,
2244 3312 2644 3368 sacratissimis
2691 3312 2942 3368 videlicet
2991 3311 3247 3370 Pati-ibus
3301 3317 3506 3372 nostris

1929 3405 2220 3468 educatus,
2257 3421 2322 3459 ex
2375 3405 2507 3474 ipsis
2549 3405 2807 3460 ntollibus
2841 3406 3056 3476 ungulis
3097 3407 3284 3462 didici.
3328 3408 3509 3463 Credo

1931 3493 1986 3550 in
2048 3511 2218 3550 unum
2253 3494 2548 3552 Deum.....
2580 3495 2856 3566 Espetens
2883 3497 3047 3553 etiam
3081 3498 3506 3555 intercessiones

1931 3584 2296 3640 sanctissima:
2345 3594 2402 3639 et
2456 3585 2797 3640 intemerata:
2855 3585 3098 3642 Dominae
3155 3601 3354 3643 nostra:
3407 3587 3504 3646 Dei

1932 3671 2224 3728 Genitt-icis
2268 3683 2322 3728 et
2360 3671 2575 3744 semper
2628 3673 2868 3744 Virginis
2917 3671 3122 3738 Marias,
3163 3691 3512 3734 sanctorum-

1932 3779 2041 3834 que
2069 3765 2412 3834 angelorum,
2446 3775 2501 3820 et
2533 3779 2848 3822 sanctorum
2881 3778 2946 3830 ,ει
2977 3769 3506 3834 gloriosissimorum

1932 3856 2332 3925 apostolorum,
2385 3856 2810 3926 prophetarum,
2861 3867 3184 3928 martyrum,
3225 3858 3508 3916 confesso.

1935 3960 2056 3999 rum
2093 3955 2149 4000 et
2185 3945 2504 4012 doctorum;
2550 3945 2801 4002 salutans
2841 3955 2892 4002 et
2927 3947 3266 4004 venerabiles
3315 3949 3514 4007 iconas

1932 4050 2146 4103 eorum,
2185 4043 2240 4093 et
2297 4052 2516 4094 onmem
2558 4039 2868 4094 haereticani
2901 4040 3228 4097 abominatis
3273 4049 3513 4098 conten-

1935 4124 2261 4182 tionem.....
2310 4123 2538 4196 Recipio
2566 4129 2732 4184 etiam
2784 4140 3001 4182 sanctas
3047 4137 3103 4183 et
3167 4130 3510 4185 universales

1933 4231 2030 4272 sex
2059 4217 2320 4289 synodos,
2365 4227 2422 4274 et
2459 4233 2646 4280 eat-nm
2691 4219 2872 4274 divina
2911 4219 3164 4290 dogmata
3211 4223 3413 4289 pariter
3451 4230 3512 4278 et

1931 4310 2212 4368 doctrinas
2245 4323 2504 4382 tanquam
2545 4327 2668 4382 quae
2713 4311 2896 4371 divina
2942 4313 3302 4383 inspiratione
3348 4313 3512 4370 nobis

1933 4404 2130 4458 tradita
2183 4405 2425 4458 luerunt.
2459 4423 2480 4456 ι
2521 4403 2728 4474 Omitto
2773 4405 2985 4474 reliqua
3019 4421 3142 4463 cum
3185 4407 3510 4462 eorumdem

1931 4489 2375 4548 Patriarcbarum
2442 4493 2512 4548 ad
2563 4503 2815 4548 sanctum
2873 4493 3162 4548 'l‘arasiutn
3217 4510 3503 4564 responso.

1937 4581 2180 4638 Sulliciat
2213 4599 2343 4654 pars
2383 4583 2565 4654 aliqua
2613 4585 2860 4654 epistolae
2912 4585 3136 4640 Adriani
3181 4599 3354 4654 papa,
3395 4601 3509 4656 qua

1933 4674 2012 4732 illi
2067 4677 2386 4746 respondet,
2424 4692 2592 4747 quam
2642 4679 2776 4732 citat
2803 4677 2966 4739 etiam
3016 4675 3324 4737 Nicolausl
3364 4693 3508 4748 papa

1933 4767 2094 4836 epist.
2121 4766 2156 4820 6
2185 4769 2251 4822 ad
2274 4767 2549 4822 Photium.
2576 4766 2763 4822 Exstat
2791 4782 2853 4821 ea
2883 4767 3099 4824 actione
3120 4767 3156 4822 2
3183 4769 3375 4839 synodi
3405 4784 3506 4836 tm,

1935 4855 2098 4909 etiam
2125 4853 2315 4910 Graece
2339 4854 2601 4909 translata
2631 4869 2755 4910 cum
2781 4856 2886 4910 hoc
2918 4854 3074 4909 titulo
3100 4870 3115 4910 :
3485 4925 3490 4931 ~

2004 4949 2060 5003 8.
2101 4966 2120 5000 ς
2160 4945 2370 5002 Dilecto
2414 4945 2590 5001 Fratri
2621 4935 2850 5002 Tarasio
2877 4933 3196 5014 patriarchae
3231 4945 3510 5002 Adrianus

1935 5039 2225 5108 cpiscopus
2264 5053 2455 5094 servus
2485 5054 2766 5094 servorum
2809 5037 2924 5093 Dei.
2980 5036 3248 5094 Pastorali
3299 5053 3508 5098 cura...

1936 5132 2414 5188 consideravimus
2435 5121 2626 5188 vestra:
2647 5129 2856 5188 dilectae
2875 5129 3154 5189 sanctitati
3177 5145 3330 5185 sacra
3349 5127 3505 5182 silari

1937 5225 2253 5288 concordia,
2285 5234 2337 5280 et
2367 5225 2642 5280 subtiliter
2672 5224 2899 5284 verbum
2931 5220 3304 5278 manifestare.
3339 5218 3395 5274 lu
3417 5234 3508 5290 sy-

1935 5317 2148 5371 nodiris
2178 5315 2542 5372 confessionis
2581 5324 2776 5371 vestrae
2821 5313 2968 5378 ﬁdei,
3018 5327 3141 5384 quae
3191 5308 3506 5380 apostolica:
3606 5342 3614 5398 λ

1937 5406 2057 5463 sedi
2077 5416 2280 5463 nostra:
2301 5406 2512 5463 directa
2536 5418 2667 5463 sunt
2693 5422 2857 5478 super
2879 5404 3114 5460 Leonem
3146 5399 3503 5456 reverentium

1937 5497 2314 5570 presbyterum
2343 5509 2604 5566 vestrum,
2625 5497 2936 5556 invenimus
2959 5494 3012 5548 in
3033 5491 3114 5547 eis
3138 5491 3294 5560 initio
3317 5489 3506 5555 prima:
3599 5481 3615 5517 "

1937 5588 2152 5658 pagina:
2209 5587 2569 5643 reverentiam
2619 5593 2856 5642 vestram
2905 5597 2972 5638 ex
3022 5581 3162 5635 laico
3209 5578 3400 5632 ordine
3450 5585 3508 5632 et

1937 5676 2287 5749 imperatoria
2320 5676 2794 5732 administratione
2826 5673 2891 5728 ad
2921 5669 3119 5728 sacrati
3168 5669 3372 5742 gradus
3407 5684 3506 5726 su-

1937 5770 2218 5826 blimatum
2279 5784 2400 5826 esse
2456 5767 2763 5840 fastigium,
2813 5773 2870 5822 et
2913 5764 3262 5823 vehetnenter
3312 5761 3369 5818 in
3417 5759 3522 5858 his
