3936 6212
453 309 556 373 3‘33

1447 307 1509 368 ε.
1547 306 1857 366 TARASII
1897 305 2401 366 PATRIARCH/E
2435 305 2542 367 (ΖΡ.

3551 304 3696 370 1381

415 399 601 476 anima
639 424 826 474 nostra
863 415 1056 472 mirata
1085 424 1190 472 est.
1222 413 1290 469 Et
1320 412 1427 470 nisi
1453 424 1690 469 vestram
1729 415 1999 470 sinceram
2032 421 2076 476 Α
2105 429 2259 476 sane.
2315 415 2516 484 inquit,
2557 430 2668 485 quo
2718 408 3038 486 frequenter
3090 411 3468 470 Universalem
3504 415 3694 476 Gra‘cl

416 523 471 568 et
505 512 870 566 uitliodoxarn
911 510 1072 564 lldem
1119 508 1172 562 in
1205 507 1482 577 praedictis
1523 507 1803 578 synodicis
1853 503 1995 560 sacri

421 606 660 675 Symboli
704 603 1004 658 secundum
1042 601 1207 654 ritum
1243 609 1554 654 sanctarum
1587 615 1684 654 sex
1711 599 2001 657 universa-

421 700 550 751 litim
589 698 950 763 synodorum,
1003 705 1059 750 et
1115 696 1181 750 de
1224 694 1631 748 venerabilibus
1674 693 2002 762 imaginibus

424 790 559 844 bene
598 806 656 844 se
710 791 1116 844 invenissemus
1153 788 1374 852 habere,
1426 787 1738 840 nullatenus
1775 788 2003 838 audere-

424 895 546 930 [ιιιιή
601 879 912 945 ΙιΙΙ]115ηιοιΙῘ
969 879 1232 932 obamlire
1281 877 1562 947 synodica.
1594 875 1698 929 Sed
1735 885 2002 942 quantum

421 986 516 1022 cor
560 979 808 1021 nostrum
851 970 1166 1022 tristabatur
1209 968 1276 1020 de
1317 969 1495 1036 inepta
1545 967 1706 1019 veteri
1739 982 1804 1019 ex
1845 964 2002 1019 nobis

421 1062 702 1123 distantia,
785 1071 939 1114 tanto
1009 1061 1411 1114 conlossirneni
1443 1069 1497 1112 et
1570 1070 1773 1113 rectam
1841 1058 2000 1112 ﬁdem

422 1163 659 1205 wstram
699 1155 1112 1206 anima-uosu'a
1155 1153 1436 1204 invenimus
1487 1151 1660 1203 laetata
1707 1159 1810 1203 est.
1848 1147 2004 1202 luve-

423 1245 608 1296 nimus
643 1259 826 1296 autem
873 1246 925 1297 iu
962 1245 1218 1312 praedieta
1252 1243 1511 1313 synodica
1541 1244 1767 1312 cpistola
1794 1241 2001 1294 sancti-

424 1338 548 1386 tatis
578 1345 770 1387 vestrae
808 1344 927 1402 post
977 1334 1368 1402 plenitudinem
1419 1333 1563 1395 lidei,
1612 1339 1667 1383 et
1709 1329 2004 1384 confessio-

423 1444 546 1480 nem
585 1429 724 1478 sacri
759 1426 1025 1496 Symboli,
1070 1435 1123 1477 et
1162 1426 1228 1477 de
1275 1425 1449 1476 sacris
1494 1439 1559 1476 ac
1604 1423 2002 1496 venerabilibus

423 1520 832 1570 characteriluts
910 1516 1231 1568 miraculum
1309 1514 1468 1567 lautle
1534 1528 1599 1566 ac
1650 1493 2002 1566 veneratione

423 1612 811 1677 dignissimum
854 1612 1145 1664 contineri.
1185 1629 1202 1660 ι
1248 1610 1327 1662 Ac
1373 1608 1626 1676 pluribus
1660 1608 2002 1676 interpositis

422 1705 573 1756 addit
606 1723 617 1756 :
656 1721 672 1752 ι
713 1701 882 1754 Porro
923 1712 1044 1769 post
1083 1700 1485 1754 confessionem
1529 1701 1649 1752 lidei
1689 1709 1882 1752 vestrae
1906 1715 2002 1752 no-

2113 506 2484 574 patriarcbam
2541 522 2701 561 suurn
2747 507 3198 562 inconvenienter
3227 503 3519 576 appellant,
3551 525 3697 578 apo-

2111 597 2347 651 stolatus
2373 606 2552 651 vester
2575 596 2875 651 adulationi
2905 597 3116 652 veniam
3143 597 3253 662 det,
3275 613 3420 664 sa-pe
3445 599 3697 667 praelatis

2107 689 2224 741 suis
2275 705 2382 742 non
2431 691 2552 742 sine
2598 689 3024 759 reprehensione
3065 691 3280 758 placere
3318 693 3695 744 sttub-ntrnrrt.

2111 779 2313 837 Verum
2359 797 2481 836 cum
2519 785 2661 851 apud
2700 783 3239 852 Constantinopolim
3293 787 3532 849 positus.
3573 787 3695 839 fre-

2105 885 2342 944 quenter
2377 875 2600 930 Graecos
2649 891 2817 944 super
2865 877 2970 928 hoc
2999 875 3264 929 vocabulo
3317 878 3698 942 reprehende-

2106 983 2246 1030 rem,
2276 977 2331 1021 et
2362 967 2538 1022 fastus
2568 969 2668 1024 vel
2693 969 3025 1037 arrogantize
3067 971 3484 1037 redarguerem;
3532 984 3700 1020 asse-

2105 1060 2322 1122 rebant,
2358 1061 2502 1128 quml
2557 1077 2664 1113 non
2709 1061 2831 1113 ideo
2865 1054 3288 1121 meumr-nicum,
3329 1076 3491 1128 quem
3529 1060 3696 1113 multi

2106 1153 2468 1206 universalem
2491 1154 2832 1220 interpretati
2857 1161 3007 1212 sunt.
3028 1153 3272 1205 dicerent
3290 1167 3397 1222 pati
3414 1154 3693 1214 iarcharn,

2105 1244 2250 1312 quod
2287 1244 2530 1297 universi
2561 1244 2710 1296 orbis
2756 1251 2938 1297 teneat
2972 1246 3360 1313 pra-sulatum,
3409 1246 3504 1297 sed
3537 1244 3694 1312 quod

2105 1335 2322 1388 cuidam
2376 1335 2519 1404 parti
2567 1334 2754 1403 pra-sit
2793 1336 2964 1397 ori-is,
3003 1351 3124 1399 quae
3155 1352 3184 1388 a
3223 1337 3560 1389 Christianis
3599 1338 3694 1388 in-

2106 1426 2407 1478 habitatur.
2461 1423 2596 1478 Nam
2638 1428 2782 1494 quod
2827 1426 2998 1480 Graeci
3060 1443 3354 1480 munimen
3395 1439 3618 1487 vorant,
3659 1444 3690 1480 a

2105 1516 2324 1572 Latinis
2359 1533 2465 1571 non
2492 1518 2670 1572 solum
2701 1519 2874 1580 'orbis,
2917 1535 2946 1571 a
2975 1519 3135 1586 cujus
3176 1519 3528 1572 unitersitatt-
3557 1521 3692 1570 nni-

2107 1608 2338 1661 versalis
2360 1607 2684 1676 appellatur.
2719 1623 2906 1661 verum
2932 1619 3094 1661 etiam
3125 1609 3389 1661 habit-utin
3419 1611 3498 1661 vel
3529 1610 3695 1663 locus

2107 1698 2426 1753 habitabilis
2459 1707 2828 1766 nuncupatur.
2863 1718 2880 1750 ι
2932 1697 3057 1752 Htec
3092 1700 3437 1754 Anastasius.
3482 1700 3693 1752 Verum

425 1805 536 1847 tum
573 1793 773 1846 fartum
807 1803 890 1846 est
919 1793 1095 1853 nobis,
1133 1793 1278 1861 quod
1319 1803 1494 1844 vestra
1525 1791 1852 1844 venerabilis
1881 1807 2006 1844 san-
2036 1797 2079 1852 Β
2112 1805 2234 1841 ettnt
2272 1790 2547 1843 Adrianus
2593 1805 2729 1858 papa
2781 1790 2834 1842 in
2865 1805 2962 1843 sua
3015 1791 3080 1842 ad
3118 1792 3502 1858 imperatorem
3539 1795 3694 1844 tion-

423 1887 588 1939 ctitas
619 1885 979 1953 postulaverit
1019 1885 1086 1936 ab
1123 1883 1447 1936 ortliodoxis
1479 1899 1543 1936 ac
1578 1883 1910 1936 zelatoribns
1944 1898 2007 1937 ac

423 1977 926 2046 prrqmgnatoribus
968 1974 1242 2038 veritatis,
1293 1974 1557 2042 piissimis
1610 1974 1861 2026 videlicet
1905 1973 2007 2026 im-

423 2067 772 2134 peratoribus
813 2067 1036 2129 nostris,
1067 2068 1158 2134 qui
1198 2067 1263 2118 ad
1295 2067 1522 2134 gloriam
1560 2065 1649 2119 Dei
1685 2065 1810 2119 facti
1845 2077 2003 2131 sunt,

419 2170 529 2222 quo
585 2157 734 2208 lieret
786 2156 1112 2209 universalis
1165 2159 1432 2225 synodus,
1491 2165 1545 2209 et
1595 2155 2008 2224 repromiSt-rint

419 2262 604 2301 coram
638 2248 786 2301 omni
824 2248 1142 2302 Christiano
1191 2249 1389 2316 populo
1443 2265 1566 2314 suo,
1620 2249 2004 2318 supplicationi

422 2340 508 2409 pie
540 2348 873 2402 annuentcs,
925 2339 1306 2406 synodumque
1343 2339 1396 2392 in
1428 2343 1572 2408 regia
1610 2341 1743 2392 urbe
1773 2340 1886 2393 lieri
1918 2342 2006 2393 de-

421 2427 694 2481 ﬁnientes.
724 2427 834 2481 Nos
875 2439 1056 2482 autem
1087 2429 1551 2498 quemadmodum
1582 2439 1636 2482 et
1672 2432 1724 2482 in
1762 2431 1999 2498 ipsorum

420 2519 604 2573 diiiua
633 2521 1025 2573 continebatur
1055 2521 1325 2588 jussione,
1359 2522 1590 2574 dilectos
1625 2523 1781 2576 nobis
1823 2537 1874 2574 et
1911 2539 2005 2591 ap-

421 2613 686 2681 probatos
719 2623 881 2680 atque
915 2612 1211 2682 prudentes
1253 2615 1570 2667 sacerdotes
1617 2629 1714 2682 pro
1745 2625 1886 2667 statu
1916 2629 2006 2668 sa-

418 2720 638 2758 crarum
682 2708 1022 2774 imaginum,
1081 2715 1140 2760 ut
1185 2708 1372 2774 prisco
1406 2706 1515 2760 illis
1552 2707 1604 2758 in
1642 2707 1886 2775 partibus
1916 2722 2005 2760 or—

419 2799 546 2849 dine
567 2797 997 2863 C()ll.~liltt:ltllltt‘,
1021 2813 1146 2850 cum
1171 2814 1364 2868 magno
1389 2800 1660 2853 desiderio
1691 2810 1744 2852 et
1766 2800 2004 2854 maximo

421 2890 622 2957 gaudio
648 2890 1073 2942 destinavimus.
1116 2891 1220 2944 Sed
1258 2903 1438 2944 vestra
1487 2893 1754 2947 sanctitas
1797 2893 2002 2946 eisdem

421 2981 689 3050 piissimis
744 2982 1170 3050 imperatoribus
1237 2993 1291 3037 et
1361 2985 1852 3052 triumphator-ibus
1889 2984 2004 3036 ala-

420 3075 591 3128 criter
624 3085 901 3141 suggerat,
952 3085 1010 3127 ut
1048 3074 1099 3127 in
1150 3076 1340 3143 primis
1384 3076 1840 3146 pst-udosyllogus
1890 3076 1998 3136 ille,

421 3165 513 3232 qui
554 3165 673 3217 sine
703 3165 1009 3231 apostolica
1037 3169 1166 3217 sede
1200 3168 1506 3220 inordinate
1536 3179 1590 3220 et
1617 3168 2002 3240 iusyllogisrice

421 3254 600 3307 lactus
629 3263 714 3307 est
743 3255 1014 3307 adversus
1044 3256 1446 3310 venerabilium
1487 3255 1711 3311 Patrum
1755 3261 2004 3312 tradilio-

420 3359 544 3396 ttcm
601 3355 794 3396 contra
859 3345 1078 3399 divinas
1140 3347 1446 3416 imagines,
1506 3349 2003 3403 auatlu-tnatzctur

418 3437 778 3503 praestentibus
838 3436 1210 3502 apocri~iariis
1287 3439 1515 3492 nostris.
1565 3456 1582 3488 ι
1646 3437 1870 3491 Βιιιιιυιιι
1922 3441 2003 3496 sic

418 3525 699 3578 concludit
738 3543 750 3577 :
791 3544 807 3574 ι
854 3523 1092 3578 Dilectos
1132 3531 1352 3580 nostros
1399 3526 1619 3580 Petrum
1666 3531 1873 3582 scilicet
1909 3548 1998 3584 ar-

418 3616 896 3684 chipresbytet‘utn
943 3626 1147 3670 sanctae
1199 3627 1402 3671 nostrze
1447 3618 1706 3696 [initiante
1744 3621 2001 3678 Ecclesia:

417 3718 470 3761 et
505 3709 720 3761 l’etrurn
756 3710 1085 3762 monachum
1115 3720 1168 3764 et
1211 3713 1584 3783 presbyterum
1622 3724 1786 3784 atque
1830 3717 1999 3769 abba-

419 3812 547 3860 tem,
588 3802 679 3869 qui
733 3803 885 3854 missi
923 3813 1051 3856 sunt
1096 3819 1124 3856 a
1165 3805 1322 3859 nobis
1362 3806 1426 3858 ad
1464 3807 1690 3876 vestigia
1729 3809 1997 3876 tranquil-

418 3891 754 3946 lissimorum
792 3903 846 3945 et
884 3895 1102 3962 piorum
1135 3895 1555 3964 imperatorum,
1586 3915 1842 3967 rogamus
1876 3916 2000 3968 pro-

418 3999 536 4053 pter
573 4002 820 4038 amorem
879 3987 1056 4039 Sancti
1115 3986 1259 4040 Petri
1303 3991 1679 4057 apostolorum
1736 3991 1998 4060 principis

413 4085 466 4127 ct
503 4087 730 4143 propter
763 4091 884 4138 nos,
938 4076 1088 4128 omni
1145 4077 1382 4146 benigna
1417 4079 1768 4146 susct-ptione
1801 4096 1864 4133 ac
1898 4082 2000 4134 hu-

417 4171 678 4222 tnauitate
725 4171 925 4240 dignos
982 4170 1126 4238 apud
1175 4186 1274 4222 vos
1315 4169 1643 4237 judit-andos
1691 4173 1893 4238 pariter
1945 4180 1999 4226 et

416 4261 735 4326 habendos;
790 4273 1068 4328 quatenus
1125 4269 1178 4314 et
1231 4260 1284 4313 in
1344 4260 1447 4311 hoc
1505 4277 1734 4330 magnas
1791 4265 1998 4320 referre

410 4355 620 4424 gratias
658 4355 961 4406 valeamus.
989 4351 1129 4405 Deus
1153 4353 1500 4421 omnipotens
1528 4354 1876 4408 dilectionem
1907 4372 1998 4410 ve.

416 4459 611 4505 strain,
642 4446 686 4499 si
720 4445 987 4497 stabiliter
1010 4447 1391 4514 permanserit.
1409 4460 1734 4500 conservare
1761 4457 1991 4515 annuet;

409 4549 465 4592 et
492 4538 754 4602 fructum,
788 4539 882 4606 qui
912 4537 1009 4591 tibi
1043 4539 1288 4592 creditus
1316 4546 1429 4601 est,
1481 4554 1646 4609 sttpcr
1679 4555 1991 4594 mensuram

411 4631 765 4685 abundantia:
813 4632 978 4686 lariat
1027 4632 1334 4696 abundare,
1369 4643 1532 4702 atque
1577 4632 1629 4686 in
1664 4637 1992 4702 sempiterna

412 4723 650 4776 transire
688 4724 886 4792 gaudia
929 4725 1116 4779 faciat.
1156 4726 1300 4780 Deus
1339 4734 1391 4780 te
1433 4725 1762 4779 incolumem
1789 4734 1990 4788 servet,

411 4815 770 4870 dilectissime
802 4817 1013 4873 Frater.
1049 4837 1068 4871 ι

483 4909 535 4958 ε).
584 4906 707 4962 llaec
758 4912 1033 4964 Adrianus
1085 4910 1228 4981 Papa
1278 4911 1578 4966 secundum
1627 4926 1712 4977 ca,
1744 4910 1992 4981 quaeha-

413 4994 611 5048 bentur
645 4997 696 5047 iu
730 5000 942 5067 synodo
971 5014 1068 5062 \'ll,
1093 4999 1160 5052 ab
1177 4999 1475 5054 Anastasio
1502 4999 1695 5054 Latine
1731 5014 1908 5064 versa,
1938 5010 1992 5055 et

411 5084 677 5157 majorem
716 5085 876 5140 titlem
916 5099 1218 5154 merentur,
1256 5106 1419 5157 quam
1460 5106 1579 5159 quae
1629 5091 1681 5143 in
1715 5090 1817 5142 alia
1866 5100 1993 5144 ante

409 5187 626 5249 \n'gata
656 5181 899 5235 editione
939 5181 1284 5252 legebantur,
1325 5183 1416 5236 ubi
1453 5182 1653 5237 titulus
1695 5182 1819 5237 talis
1865 5189 1988 5235 cst:

406 5273 610 5328 Dilecto
644 5272 832 5328 Fratri
889 5274 1114 5328 Tarasio
1165 5276 1399 5346 generali
1443 5275 1806 5346 patriarclue:
1839 5275 1927 5327 ubi
1960 5288 1988 5327 a

404 5369 657 5423 (inuenio
691 5369 950 5438 quopiam
986 5372 1300 5439 appositum
1342 5371 1571 5424 verbum
1624 5367 1886 5438 generali.
1915 5365 1988 5419 lta

414 5460 739 5514 universalis
786 5461 1114 5528 patriarchae
1171 5475 1369 5514 nomen
1423 5460 1600 5514 cidem
1651 5475 1678 5512 a
1715 5457 1992 5513 nonnullis

413 5547 690 5620 epist-opis
726 5554 931 5608 actioni
965 5554 1224 5610 Secundae
1246 5555 1440 5624 synodi
1479 5554 1725 5622 septima:
1747 5549 1991 5605 subscri-

413 5638 659 5697 lmntibus
719 5647 1044 5701 attributum
1107 5655 1189 5702 cst
1235 5663 1249 5701 :
1310 5648 1386 5700 uti
1434 5646 1625 5699 Anast.
1677 5652 1804 5698 ante
1851 5644 1992 5696 hanc

385 5731 672 5813 ,δὲ’ῑῇε-ιὶωη
707 5734 772 5784 πεί
812 5737 1077 5794 Joannem
1114 5737 1230 5793 Vill
1257 5754 1449 5810 papam
1483 5739 1763 5811 pra-tatur.
1799 5752 1819 5785 ‹
1842 5735 1900 5790 ιη
1925 5736 1989 5789 co

2109 1883 2418 1932 stautinum
2473 1888 2527 1932 et
2581 1878 2789 1932 lreuem
2833 1891 3059 1933 matrem
3111 1881 3378 1948 epistola,
3426 1895 3696 1950 queratur

2112 1971 2258 2022 male
2307 1969 2376 2020 ab
2415 1969 2496 2021 eis
2531 1985 2728 2022 nomen
2765 1971 3092 2023 universalis
3135 1972 3460 2037 patriarchre
3493 1988 3695 2025 saneto

2109 2058 2343 2113 Talasio
2377 2063 2743 2126 attributum;
2792 2066 2998 2131 optimc
3045 2062 3356 2131 colligimus
3390 2080 3517 2116 rum
3565 2077 3693 2119 tunc

2106 2153 2382 2222 ejusmodi
2416 2153 2635 2206 titulum
2677 2153 2908 2208 honoris
2943 2153 3172 2206 Tarasio
3213 2171 3320 2207 nrn
3361 2157 3689 2211 contulisse.

2107 2247 2301 2301 Exstat
2327 2263 2389 2300 ta
2413 2248 2646 2316 epistola
2677 2249 2907 2301 Actione
2935 2249 3174 2301 secunda
3198 2249 3445 2316 ejusdem
3494 2250 3689 2320 synodi

2106 2343 2388 2408 septimae,
2445 2343 2498 2394 in
2565 2342 2724 2408 cujus
2779 2344 3084 2410 posteriore
3127 2353 3280 2410 parte
3327 2343 3400 2394 ita
3449 2345 3684 2396 scrilnt:

2112 2451 2131 2484 ι
2175 2433 2350 2488 Mirati
2383 2449 2596 2497 sumus,
2630 2434 2775 2503 quod
2803 2436 2854 2486 in
2888 2435 3088 2488 vestris
3116 2434 3689 2502 imperialibusjussis

2107 2541 2206 2596 pro
2242 2527 2460 2593 patriar:
2483 2527 2547 2578 tta
2579 2527 2744 2595 regia:
2777 2525 2948 2588 urbis,
2983 2525 3191 2579 scilicet
3232 2526 3490 2592 'farasio,
3537 2532 3685 2583 dirc-

2106 2619 2210 2672 ctis
2245 2620 2613 2672 universaletn
2650 2618 2850 2670 ibidem
2880 2633 3003 2670 eum
3040 2618 3345 2685 reperimus
3367 2630 3680 2682 exaratum,

2105 2711 2198 2765 sed
2233 2723 2412 2763 utrunt
2443 2726 2536 2780 per
2569 2710 2917 2777 imperitiam,
2940 2711 3291 2763 autschisma
3318 2714 3398 2763 Vt'l
3433 2713 3672 2766 ha'resim

2106 2802 2421 2872 iniquorum
2465 2803 2729 2870 scriptum
2764 2813 2868 2863 est,
2908 2801 3248 2869 ignoramus.
3297 2802 3402 2856 Sed
3429 2805 3666 2872 εισὶηςριρε

2104 2894 2405 2948 suademus
2468 2905 2665 2948 vestra
2696 2893 3138 2948 clementissimae
3175 2897 3545 2964 imperialique
3571 2911 3670 2964 po-

2105 2988 2319 3050 tentiae,
2381 2996 2437 3040 ut
2489 2988 2716 3040 tninitne
2764 2987 2816 3039 in
2865 3002 3089 3040 suarum
3123 2990 3490 3041 exarationmn
3526 2988 3678 3043 Serio

2107 3077 2436 3131 universalis
2483 3077 2876 3130 describatur:
2923 3081 3046 3148 quia
3106 3091 3302 3133 contra
3353 3094 3682 3134 sanctorum

2104 3169 2327 3224 Patrum
2375 3169 2722 3223 traditionem
2773 3172 2993 3224 decreta
3044 3185 3166 3224 esse
3206 3175 3440 3224 videtur.
3489 3173 3549 3224 in
3599 3191 3686 3225 se-

2104 3263 2287 3314 cundo
2321 3261 2467 3313 enim
2501 3262 2714 3326 ordine,
2758 3262 2801 3315 si
2837 3277 2946 3315 non
2989 3277 3082 3329 per
3119 3272 3322 3315 sam-ta:
3355 3275 3565 3316 tamira:
3597 3279 3687 3316 ea-

2108 3352 2324 3406 tholica:
2359 3362 2412 3406 et
2443 3354 2758 3422 apostolicae
2798 3350 3057 3408 Beelcsia:
3088 3356 3481 3409 auctoritatvttt
3529 3359 3687 3424 (sicut

2105 3442 2158 3496 in
2194 3445 2452 3498 otnnibus
2484 3452 2654 3516 patet)
2689 3461 2968 3514 nunquam
3006 3447 3177 3500 valuit
3211 3461 3414 3501 nOmen
3463 3450 3682 3513 habere,

2103 3535 2248 3604 quod
2288 3536 2572 3600 nimirum,
2616 3537 2661 3591 si
2697 3538 3026 3592 universalis
3058 3555 3223 3605 super
3253 3541 3541 3606 praelatatn
3586 3539 3686 3593 sibi

2103 3640 2348 3685 sanctam
2382 3629 2684 3684 Romanam
2719 3630 3049 3695 Eet'lesiam,
3101 3648 3222 3700 qua:
3265 3643 3350 3685 est
3377 3645 3547 3698 caput
3573 3651 3688 3686 om-

2104 3720 2253 3781 nium
2291 3721 2383 3775 Dei
2417 3722 2778 3776 ecclesiarum
2806 3765 2820 3787 ,
2853 3724 3223 3783 describatur.
3262 3732 3533 3793 tanquam
3563 3741 3689 3779 san-

2103 3821 2317 3866 ctarurn
2389 3813 2726 3882 synodorutn
2805 3813 3060 3867 rebellem
3128 3823 3293 3882 atque
3363 3816 3688 3870 ba’rctirum

2103 3905 2379 3974 appellare
2414 3920 2473 3958 se
2508 3913 2717 3958 certum
2759 3913 2863 3958 est.
2903 3903 3066 3970 Quia,
3103 3905 3147 3959 si
3193 3906 3533 3961 universalis
3587 3919 3688 3972 est,

2103 3998 2268 4050 etiam
2335 3996 2590 4050 Ecclesiae
2645 4006 2846 4050 nestrte
2901 3998 3049 4051 sedis
3119 3999 3418 4066 primatum
3486 4000 3691 4052 habere

2102 4087 2474 4155 dignoscitur,
2537 4087 2684 4156 quod
2754 4086 3043 4139 ridiculum
3104 4087 3363 4140 omnibus
3433 4086 3691 4141 ῆιΙεΙίιιυς

2105 4178 2442 4232 Christianis
2473 4188 2720 4246 apparet,
2753 4178 2878 4247 quia
2913 4180 2964 4229 in
2994 4189 3108 4230 toto
3135 4179 3267 4231 orbe
3303 4188 3589 4232 terrarum
3625 4183 3689 4232 ab

2103 4270 2228 4339 ipso
2260 4269 2606 4336 redemptore
2654 4271 2840 4321 mundi
2875 4269 3032 4323 beato
3067 4269 3228 4323 Petro
3254 4274 3519 4333 apostolo
3544 4273 3690 4339 p;in-

2100 4367 2314 4435 eipatus
2363 4381 2428 4418 ac
2458 4375 2701 4434 potestas
2736 4366 2856 4416 data
2889 4375 2995 4428 est,
3042 4375 3093 4416 et
3135 4379 3228 4432 per
3254 4366 3519 4418 eumdem
3562 4381 3690 4434 apo-

2027 4462 2071 4518 D
2099 4461 2296 4516 stolum
2317 4458 2493 4527 (cujus
2527 4458 2610 4511 vel
2669 4457 2926 4510 iuuneriti
2974 4457 3120 4510 vices
3150 4457 3418 4525 gerimus)
3471 4474 3687 4520 sani-ta,

2098 4549 2368 4603 catholica
2427 4557 2482 4602 et
2539 4547 2833 4618 apostoliCa
2897 4545 3142 4600 Romana
3199 4545 3450 4602 Ecclesia
3513 4566 3688 4617 Usque

2095 4639 2360 4694 hactenus
2384 4649 2437 4693 et
2477 4638 2529 4692 in
2560 4655 2734 4692 azvutn
2772 4647 2919 4692 tenet
2951 4639 3317 4709 principatum
3344 4656 3412 4693 ac
3444 4654 3688 4708 putt-stau-

2095 4729 2162 4784 tis
2193 4730 2571 4783 auctoritatem
2601 4745 2617 4784 :
2651 4739 2941 4798 quatenus.
2969 4729 3111 4796 quod
3168 4742 3273 4779 non
3308 4728 3617 4789 rrcdimus,
3642 4729 3685 4782 si

2093 4819 2364 4889 quispiam
2412 4835 2538 4873 cum
2587 4819 2949 4873 universalem
2992 4818 3414 4884 nuncupaverit,
3459 4821 3544 4872 vel
3595 4834 3685 4871 as-

2096 4928 2322 4968 sensum
2362 4911 2674 4984 prajbuerit,
2723 4911 2863 4965 sciat
2918 4924 2976 4964 se
3023 4911 3341 4963 orthodoxa:
3385 4910 3515 4964 lidei
3565 4925 3686 4965 esse

2096 5005 2358 5066 alicnmn,
2395 5011 2449 5057 et
2489 5010 2692 5057 nostra:
2724 5012 2929 5056 sanetae
2960 4999 3242 5055 catholica:
3275 5007 3333 5053 et
3361 5003 3687 5068 apostolus

2097 5096 2357 5150 Ecclesiae
2392 5094 2670 5149 rebellem.
2705 5093 2824 5163 ipse
2850 5095 2994 5148 enitn
3026 5091 3290 5146 Tarasius
3333 5097 3503 5160 regia:
3535 5095 3684 5148 urbis

2098 5185 2408 5258 patriarcha
2447 5185 2597 5238 misit
2629 5185 2790 5238 nobis
2836 5184 3177 5255 synodicatu,
3223 5183 3468 5252 priscam
3510 5183 3686 5238 adirn.

2095 5278 2249 5348 piens
2283 5275 2761 5338 c0nsuetudincm,
2804 5291 2967 5344 quam
3013 5274 3379 5344 suSripientes
3423 5286 3479 5328 et
3519 5276 3680 5346 liqui-

2094 5371 2221 5425 dius
2261 5367 2610 5436 indaganlcs,
2644 5377 2697 5424 et
2726 5368 2792 5422 de
2819 5365 3162 5422 confessione
3192 5377 3301 5419 tam
3352 5377 3522 5421 rectae
3558 5368 3676 5421 ﬁdei

2093 5464 2234 5530 ejus,
2265 5477 2433 5532 quam
2459 5463 2773 5532 dogtnatum
2799 5472 3114 5518 sanctarum
3137 5475 3228 5515 sex
3256 5461 3605 5530 synodorurn
3627 5469 3675 5511 it

2093 5553 2524 5605 \ettet'attdal‘um
2581 5553 2878 5622 imaginum
2933 5560 3187 5612 ovantes.
3251 5554 3423 5606 nirn=s
3481 5552 3668 5604 iterum

2094 5644 2296 5697 turbati
2328 5661 2392 5698 ac
2430 5644 2739 5698 conturbati
2781 5659 2992 5706 sumus,
3023 5643 3147 5712 quia
3176 5655 3243 5695 ex
3279 5640 3553 5694 laicoruzn
3585 5659 3668 5694 or-

2095 5737 2218 5792 dine
2249 5748 2298 5792 et
2334 5736 2708 5807 imperialibus
2761 5735 3037 5808 obsequiis
3086 5736 3404 5803 deputatus,
3460 5740 3667 5802 n‘pcnfe
