3936 6212
224 227 353 294 1385

1775 222 1975 286 VITA.

3357 220 3492 285 1336

218 344 620 419 patriarchatns
672 345 891 401 culmen
945 344 1179 416 adeptus
1229 353 1334 408 est,
1374 352 1429 399 et
1477 343 1797 415 apocaligus
1827 366 1870 412 Α
1899 340 2353 412 Romze,paterna
2380 312 2634 411 dogmata
2668 351 2908 410 sequens
2927 345 2978 391 et
3016 334 3363 391 traditionem
3396 351 3494 391 ca-

219 447 400 494 cuntra
429 447 751 493 sanctorum
811 450 1082 492 canonum
1159 450 1453 492 censuram
1486 435 1664 491 factus
1690 443 1797 497 est,

220 529 665 601 patriarcha......
703 528 766 582 Et
797 529 905 583 nisi
944 544 1040 598 per
1068 528 1189 597 ejus
1220 527 1432 584 ﬁdelem
1464 542 1796 582 concursum

220 636 313 691 pro
338 628 654 675 sanctarum
690 619 990 691 imaginum
1017 620 1316 685 erectione,
1349 620 1403 676 in
1430 619 1554 689 ejus
1598 634 1799 675 conse-

219 713 463 767 cratione
515 727 805 768 assensum
857 711 1178 766 omnimodo
1245 712 1492 766 tribuere
1547 710 1799 779 nequivi-

222 818 359 858 mus.
399 820 420 854 ι
480 800 864 861 Subscribitur
898 800 1027 855 data
1063 814 1140 854 vn
1193 796 1317 853 Kal.
1364 798 1686 865 Novembr.,
1713 796 1802 852 in-

222 894 349 950 dici.
376 895 431 962 9,
461 895 671 949 scilicet
701 907 848 949 anno
878 891 1003 947 785.
1154 880 1159 887 ί

290 985 378 1039 10.
411 984 589 1051 Quam
623 983 815 1054 procul
845 982 916 1037 ab
941 982 1091 1037 omni
1119 981 1265 1037 fastu
1290 992 1345 1036 et
1374 979 1658 1035 titulorum
1684 994 1802 1033 am-

219 1076 421 1132 bitione
459 1074 701 1131 abfuerit
754 1083 980 1131 sanctus
1040 1072 1331 1139 Tarasius,
1394 1073 1644 1128 modesta
1678 1071 1801 1141 ejus

219 1167 546 1236 subscriptio
599 1165 795 1237 synodi
850 1179 1069 1234 semper
1113 1173 1238 1235 post
1287 1163 1523 1219 vicarios
1574 1164 1802 1218 Adriani

218 1260 392 1330 Papae,
426 1260 554 1315 licet
608 1259 849 1329 episcopi
882 1273 991 1313 non
1020 1268 1227 1325 essent,
1262 1258 1428 1323 facta,
1455 1257 1592 1313 satis
1620 1259 1800 1313 docet.

216 1353 294 1407 Ita
319 1352 540 1408 Actioni
580 1362 795 1423 quarta:
825 1352 895 1407 ita
932 1350 1303 1421 subscripsit:
1336 1368 1354 1402 ι
1393 1348 1659 1406 Tarasius
1698 1349 1803 1403 mi-

216 1444 515 1500 sericordia
536 1442 818 1514 Deiepisc.
837 1442 1394 1512 Constantinopoleos
1417 1457 1575 1497 novae
1590 1440 1801 1507 Romae,

213 1537 553 1590 conﬁrmans
597 1535 680 1591 sic
726 1550 787 1590 se
836 1534 1039 1590 habere
1093 1533 1401 1600 veritatem,
1443 1534 1652 1597 omnia,
1683 1547 1805 1603 quae

216 1628 473 1697 superius
502 1627 828 1690 eﬁ‘eruntur,
876 1625 1113 1682 libenter
1166 1624 1482 1689 admittens,
1534 1624 1622 1679 his
1673 1624 1804 1678 sub-

1907 435 2124 490 tholicaa
2154 433 2415 489 Ecclesiae
2449 433 2717 489 deﬁniens
2739 429 3062 500 subscripsi.
3098 447 3117 481 ι
3151 427 3207 481 ln
3246 428 3495 496 epistolis

1905 541 2039 582 vero
2075 526 2142 581 ad
2196 526 2579 597 imperatores,
2626 525 2929 580 Adrianum
2969 521 3195 593 Papam,
3245 522 3496 591 aliosque

1907 633 1968 675 se
1994 618 2284 689 indignum
2318 618 2639 689 episcopum
2674 616 2932 688 appellat.
2963 615 3247 668 Habentur
3275 628 3355 669 ea:
3383 614 3500 684 epi-

1906 710 2062 766 stolae
2089 712 2193 766 sub
2220 709 2382 766 ﬁnem
2421 710 2667 779 ejusdem
2706 707 2901 779 synodi
2939 704 3172 760 Nicaeum

1979 802 2067 856 11.
2102 801 2298 858 Exstat
2329 803 2544 856 illustre
2574 801 2950 855 testimonium
2983 797 3158 852 sancti
3193 794 3409 851 Tarasii
3441 796 3496 850 in

1906 889 2143 963 Prologo
2175 893 2242 947 ad
2275 893 2452 948 sancti
2487 890 2745 946 Dorothei
2768 886 3232 943 Archimandritte
3268 885 3497 941 Institu-

1910 982 2085 1036 tiones
2114 983 2383 1037 asceticas
2404 981 2474 1035 ab
2501 980 2808 1036 orthodoxo
2828 994 2893 1034 ac
2921 979 3179 1049 religioso
3203 978 3495 1046 scriptore,

1909 1071 2096 1130 forsan
2118 1074 2332 1129 Studita
2363 1074 2661 1139 monacho,
2691 1072 2898 1140 scripto
2930 1071 3016 1126 his
3044 1068 3224 1125 verbis
3255 1085 3270 1123 :
3304 1089 3322 1122 ι
3354 1068 3500 1124 San-

1908 1180 2028 1222 ctos
2067 1167 2189 1223 illos
2237 1168 2388 1221 viros
2438 1165 2708 1231 Marcum,
2758 1162 2981 1226 Isaiam,
3028 1161 3496 1232 Barsanuphium,

1913 1257 2246 1313 Dorotheum
2272 1266 2326 1311 et
2353 1255 2758 1327 Hesychium...
2786 1271 2882 1325 per
2906 1272 3136 1310 examen
3165 1253 3498 1310 sanctissimi

1910 1350 2239 1420 patriarcha:
2268 1348 2506 1412 Tarasii,
2533 1348 2648 1419 jam
2682 1349 2889 1418 pridem
2921 1363 3140 1402 summo
3193 1348 3500 1403 sacerdotio

1911 1442 2209 1513 iungentis,
2261 1457 2360 1496 nec
2402 1457 2511 1495 non
2560 1441 2793 1494 aliorum
2844 1438 2948 1495 ﬁde
2993 1439 3286 1510 dignorum
3323 1437 3501 1493 homi-

1912 1550 2065 1599 num,
2101 1544 2209 1589 tam
2244 1533 2624 1602 indigenarum
2657 1548 2821 1602 quam
2849 1532 3219 1596 orientalium,
3251 1534 3501 1593 testimog

1913 1627 2006 1681 nio
2047 1627 2330 1696 probatos,
2375 1642 2439 1681 ex
2493 1634 2722 1695 paterna
2776 1625 3075 1679 traditione
3108 1624 3434 1694 amplector.
3475 1641 3496 1675 ι

214 1719 438 1788 scripsi.
478 1736 496 1770 ι
540 1718 741 1773 lterum
784 1717 1016 1773 Actione
1045 1717 1277 1787 septima
1310 1734 1366 1770 ει
1406 1715 1672 1771 Tarasius
1698 1716 1805 1769 mi-
1841 1751 1879 1803 Β
1915 1717 2142 1787 Reliqua
2179 1717 2346 1786 hujus
2382 1716 2680 1771 testimonii
2709 1716 2983 1771 edidimus
3019 1731 3185 1785 supra
3216 1715 3286 1770 ad
3322 1712 3501 1769 Vitam

213 1810 520 1866 sericordia
572 1808 669 1865 Dei
722 1809 973 1879 episcop.
1030 1806 1595 1878 Constantinopoleos
1651 1822 1809 1862 novae

1910 1810 2081 1863 sancti
2112 1808 2351 1865 Desit/rei
2390 1809 2463 1861 25
2496 1807 2656 1863 Febr.
2698 1822 2820 1879 pag.
2852 1807 2978 1873 581,
3013 1823 3068 1862 ιι.
3113 1806 3164 1862 1.

1026 2117 1314 2181 SANCTI
1366 2118 1691 2182 TARASII
1752 2117 2613 2184 CONSTANTINOPOLITA
2627 2124 2705 2185 Νι

1419 2511 1704 2557 AUCTORE
1733 2510 1990 2556 IGNATIO
2022 2510 2343 2557 EPISCOPO.

752 2659 816 2721 (Ε
846 2658 1019 2709 (11·πο
1039 2654 1216 2708 Latine
1238 2653 1431 2705 reddita
1462 2668 1489 2704 a
1513 2652 1759 2704 Gentiano
1782 2654 2019 2703 Heri-etc.
2054 2658 2157 2704 Art.
2198 2659 2386 2715 διίησι..
2415 2657 2560 2708 Febr.
2597 2667 2631 2709 ι.
2660 2659 2745 2721 III,
2776 2672 2824 2723 p.
2858 2660 2993 2727 576.)

827 2898 1219 2957 PROLOGUS.

282 3001 335 3055 1.
370 2994 685 3053 Nataturus
714 3007 812 3063 per
851 2993 1126 3064 ingentem
1170 2994 1341 3048 maris
1378 2995 1810 3065 magnitudinem

197 3086 406 3160 inciyti
460 3084 644 3141 Patris
673 3092 729 3139 et
779 3083 888 3139 vita
935 3085 1215 3139 inaccessa
1257 3088 1587 3154 praestantis,
1622 3102 1814 3142 vereor

198 3195 274 3236 ne
304 3178 592 3234 adversos
621 3185 908 3231 ventorum
938 3175 1099 3233 flatus
1123 3176 1325 3248 linguae
1364 3179 1598 3249 agrestis
1627 3186 1682 3233 et
1714 3193 1811 3233 va-

195 3281 430 3328 storum
472 3269 740 3324 fluctuum
768 3270 1125 3326 obscuritatis
1153 3272 1408 3335 excitem,
1442 3271 1732 3342 salumque
1757 3281 1811 3327 et

191 3352 609 3433 tempestatem
636 3360 770 3415 mihi
796 3376 1089 3430 procurem
1117 3363 1315 3417 animae
1342 3362 1637 3432 naufragii.
1667 3364 1814 3420 Talis

190 3457 353 3511 enim
398 3463 498 3509 est
530 3453 767 3507 inscitia:
809 3452 1110 3517 temeritas,
1148 3468 1272 3523 quae
1303 3454 1608 3509 orationem
1642 3455 1818 3510 eﬁ‘un-

187 3549 279 3602 dit
314 3557 606 3617 tanquam
637 3545 871 3613 paleam,
904 3544 972 3599 ad
1003 3544 1142 3599 nihil
1171 3545 1318 3615 quod
1347 3545 1419 3601 sit
1446 3557 1815 3616 opportunum

187 3639 658 3701 conducibilem,
697 3645 751 3693 et
790 3636 950 3693 affert
998 3637 1262 3693 damnum
1296 3638 1368 3701 ei,
1414 3640 1559 3709 quod
1603 3649 1821 3711 oportet

187 3734 317 3789 ﬁeri
356 3741 423 3788 et
461 3740 563 3787 est
591 3731 744 3795 utile,
774 3740 831 3785 et
861 3731 915 3784 in
956 3729 1302 3800 naufragium
1356 3730 1549 3785 incidit
1578 3732 1819 3785 multilo-

183 3824 338 3893 quii,
370 3823 541 3894 quod
579 3821 694 3875 ﬁeri
721 3837 827 3876 non
860 3829 1063 3892 potest,
1092 3828 1152 3875 ut
1180 3821 1408 3876 omnino
1437 3821 1661 3891 effugiat
1692 3837 1819 3891 pee-

181 3927 419 3984 catum,
457 3925 527 3969 ut
560 3923 651 3968 est
674 3911 989 3967 Salomonis
1009 3920 1066 3966 et
1092 3912 1279 3966 divina
1307 3913 1608 3968 admonitio
1630 3911 1814 3983 (Prov.

181 4024 240 4071 χ,
287 4008 415 4071 19).
456 4004 594 4059 Hoc
622 4017 805 4057 meum
838 4001 1088 4071 reprimit
1124 4001 1402 4071 ingenium
1433 4010 1489 4058 et
1528 4011 1693 4059 terret
1721 4018 1818 4059 co-

179 4099 544 4169 gitationem
576 4134 594 4159 ,
646 4102 702 4148 et
756 4092 1001 4147 refrenat
1028 4094 1357 4159 orationem,
1399 4104 1454 4148 et
1504 4094 1813 4150 divinarum

179 4194 290 4248 viri
336 4193 562 4247 dotum
598 4185 934 4256 profundum
979 4186 1184 4241 intueri
1222 4198 1606 4256 properantem
1642 4198 1818 4243 retar-

173 4284 297 4337 dat.
342 4281 466 4338 Sed
520 4292 661 4335 cum
696 4277 867 4331 altum
913 4276 1057 4348 longi
1108 4278 1370 4347 temporis
1420 4278 1693 4332 silentium
1730 4293 1818 4333 res

172 4376 312 4443 ejus
349 4384 580 4444 tegens
610 4378 757 4424 esset
798 4368 1099 4423 multorum
1130 4369 1360 4423 auribus
1390 4367 1652 4422 damnqu
1687 4370 1820 4423 alla-

174 4476 408 4529 turum,
452 4472 527 4519 ut
567 4475 702 4531 qua:
752 4470 1046 4516 teneantur
1091 4458 1375 4515 desiderio
1423 4459 1679 4514 audiendi
1730 4456 1819 4515 res

167 4561 440 4633 optimas
491 4565 558 4612 et
619 4553 1127 4624 praestantissimus,
1183 4566 1305 4622 quae
1350 4553 1419 4606 ab
1461 4551 1556 4607 illo
1602 4552 1656 4607 in
1708 4552 1817 4607 vita

1918 2914 2010 2973 pio
2038 2914 2093 2958 et
2116 2903 2286 2957 alacri
2317 2905 2505 2960 animo
2529 2907 2727 2963 oﬁerre
2757 2925 2857 2980 pro
2885 2909 3113 2981 viribus,
3138 2916 3239 2972 etsi
3263 2933 3373 2974 non
3404 2934 3505 2990 po-

1918 3005 2037 3050 tero
2065 2997 2310 3051 debitum
2361 3000 2579 3054 solvere
2629 3017 2754 3056 cum
2810 3001 3022 3070 fenore,
3077 3007 3130 3062 in
3170 3025 3235 3065 eo
3280 3012 3499 3083 quidem

1914 3097 2080 3151 certe,
2115 3088 2262 3157 quod
2315 3099 2518 3145 sortem
2553 3107 2865 3160 exerceam,
2904 3106 2957 3152 et
2994 3113 3308 3169 procurem,
3352 3114 3412 3160 ut
3449 3107 3501 3161 ei

1913 3179 2073 3270 nihil,
2103 3182 2448 3251 detrahatur,
2504 3204 2601 3242 ero
2652 3189 2836 3260 aliqua
2881 3205 2946 3247 ex
2994 3203 3149 3263 parte
3196 3198 3503 3270 accipiendi

1917 3269 2137 3340 (Matth.
2168 3290 2326 3340 χχιιι,
2360 3278 2475 3348 25).

2432 3390 2666 3447 CAPUT
2705 3393 2998 3452 PRIMUM.

1904 3477 2165 3560 Brobitas
2193 3493 2471 3564 parentum
2501 3488 2674 3564 sancti
2706 3486 2959 3564 T_arasii._
2982 3489 3163 3561 Hujus
3189 3495 3283 3564 pia
3311 3498 3509 3554 educa-

2354 3556 2450 3615 tio,
2483 3556 2779 3610 consularis
2814 3556 3071 3629 dignitas.

1988 3642 2044 3694 2.
2078 3639 2176 3696 Hic
2224 3657 2355 3712 ergo
2406 3657 2798 3702 sacrosanctus
2847 3659 2902 3702 et
2938 3666 3173 3722 magnus
3221 3654 3543 3725 Tanusius,-

1918 3731 2013 3800 qui
2046 3731 2250 3788 Christi
2283 3737 2761 3791 mansuetudinem
2801 3748 2856 3792 ct
2909 3740 3270 3800 humilitatem
3305 3750 3375 3803 ab
3418 3751 3507 3804 in-

1920 3818 2087 3875 fantia
2113 3836 2286 3891 usque
2309 3823 2375 3876 ad
2401 3833 2740 3878 senectutem
2767 3826 3009 3884 imitatus
3031 3831 3261 3899 pulchre
3280 3850 3508 3906 expres-

1920 3909 2012 3973 sit,
2049 3909 2103 3961 in
2143 3910 2323 3978 cujus,
2359 3910 2503 3966 sicut
2531 3913 2686 3981 prius
2731 3912 2867 3978 dixi,
2906 3916 3168 3974 virtutum
3215 3938 3366 3980 mare
3397 3943 3504 3989 me.

1922 4005 1981 4051 ut
2010 4008 2281 4064 natarcm,
2311 4001 2527 4064 demisi,
2574 4002 2829 4071 quisnam
2873 4015 3016 4060 esset
3044 4017 3099 4062 et
3126 4010 3292 4077 unde,
3342 4022 3392 4068 et
3438 4033 3506 4072 ex

1919 4105 2027 4161 qua
2059 4091 2234 4159 patria
2269 4101 2323 4147 et
2354 4093 2677 4161 parentibus
2718 4103 2873 4152 ortus
2904 4099 2998 4163 sit,
3050 4100 3284 4159 arduum
3320 4102 3506 4173 fuerit,

1921 4184 1989 4238 ils
2043 4184 2211 4237 etiam
2271 4184 2367 4254 qui
2420 4200 2486 4239 ex
2548 4187 2777 4242 scientia
2817 4189 3000 4246 sciunt
3045 4195 3226 4265 ample
3276 4206 3332 4252 et
3387 4215 3507 4253 ma-

1918 4276 2117 4347 gniﬁce
2166 4277 2366 4343 dicere,
2402 4292 2512 4332 non
2556 4280 2734 4335 solum
2780 4282 2936 4350 mihi,
2988 4288 3147 4355 cujus
3199 4298 3285 4345 est
3345 4292 3507 4362 plane

1920 4365 2141 4421 humilis
2164 4376 2219 4421 et
2261 4367 2471 4437 abjecta
2509 4371 2707 4435 oratio,
2750 4383 2953 4430 tantam
2996 4379 3245 4446 praeclari
3288 4384 3504 4452 generis

1920 4457 1989 4510 ab
2019 4457 2129 4510 alto
2164 4468 2407 4527 repetere
2440 4463 2898 4533 magnitudinem,
2925 4477 2980 4523 et
3010 4484 3042 4522 a
3069 4471 3371 4541 majoribus
3403 4476 3505 4530 de-

1920 4547 2140 4603 ductam
2190 4551 2312 4619 ejus
2348 4552 2575 4622 stirpem
2625 4570 2934 4621 recensere,
2982 4561 3077 4629 qui
3123 4563 3344 4632 gloriari
3394 4582 3503 4623 non

166 4659 355 4725 gestae
392 4658 573 4711 sunt,
617 4652 676 4699 ut
694 4659 817 4714 qua:
845 4643 956 4698 sint
980 4642 1154 4711 plena
1180 4640 1413 4695 utilitate
1440 4641 1670 4700 animae;
1695 4655 1815 4709 age.
1851 4662 1895 4717 ι)
1922 4639 2324 4709 vultejusmodi
2355 4642 2631 4711 laudibus,
2661 4662 2837 4717 neque
2865 4650 3161 4708 fluentibus
3182 4654 3386 4712 divitiis
3409 4672 3505 4714 σοι·

166 4744 377 4798 valere
395 4739 640 4810 iubens
665 4746 885 4788 omnem
914 4730 1337 4797 dubitationem,
1364 4745 1536 4800 pauca
1567 4729 1817 4801 quaedam

172 4837 244 4890 de
276 4833 443 4905 ipso,
498 4842 644 4900 qua:
671 4825 930 4895 dignatus
954 4837 1078 4878 sum
1113 4823 1300 4878 videre
1346 4823 1542 4890 oculis,
1602 4831 1656 4878 et
1697 4836 1820 4893 quae

168 4926 382 4996 accepi
419 4919 707 4981 auribus,
741 4924 795 4970 et
823 4930 946 4985 quae
990 4915 1106 4984 ipsa
1141 4913 1263 4967 novi
1296 4912 1653 4983 experientia,
1685 4921 1740 4967 et
1762 4912 1818 4967 in

169 5029 311 5071 mea
360 5007 598 5068 humili
644 5012 701 5060 et
740 5017 911 5074 egena
957 5002 1074 5058 scio
1101 5016 1323 5058 manere
1359 5002 1642 5069 memoria,
1690 5018 1817 5058 cum

164 5122 324 5180 pura
379 5114 446 5161 et
487 5102 731 5157 sincera
762 5095 991 5149 veritate
1042 5094 1098 5148 in
1149 5097 1324 5150 lucem
1361 5096 1543 5159 edere,
1576 5095 1620 5149 si
1674 5094 1816 5150 Deus

164 5197 498 5263 concedat,
544 5190 678 5262 jam
735 5187 996 5243 conabor.
1036 5184 1174 5240 Nam
1205 5185 1308 5242 etsi
1346 5199 1454 5242 non
1494 5184 1701 5257 possim
1730 5184 1817 5241 di-

158 5307 304 5350 cere
339 5304 461 5364 pro
519 5281 831 5354 dignitate,
865 5290 975 5336 non
1011 5279 1134 5335 ideo
1170 5278 1482 5334 universum
1515 5278 1765 5334 deseram
1797 5291 1813 5330 :

158 5381 267 5438 Sed
295 5379 451 5449 quia
482 5372 642 5429 nolo
670 5370 1011 5425 abscondere
1034 5369 1323 5434 talentum,
1352 5369 1491 5424 sicut
1519 5369 1611 5424 ille
1641 5370 1819 5426 malus

158 5482 220 5528 et
252 5472 439 5543 piger
484 5474 731 5521 servus.
762 5459 887 5515 ideo
916 5459 1064 5531 quod
1114 5459 1224 5515 Deo
1256 5469 1470 5531 gratum
1514 5469 1599 5516 est
1633 5475 1820 5532 prom-

237 5588 329 5658 (ι)
348 5577 855 5658 ᾼιίἰεξ-Εξηεναιια,
870 5575 1056 5632 Graece
1081 5576 1435 5649 Ἐγκράτεια,
1464 5576 1819 5645 continentia,

157 5652 435 5721 ut'infra
474 5652 736 5710 dicitur.

541 5746 837 5805 PATROL.
880 5745 1000 5804 Gn.
1040 5740 1308 5805 XCVIII.

1923 4744 2218 4798 apponere,
2250 4733 2636 4788 convenienter
2682 4735 2870 4792 divino
2904 4737 3361 4813 Psalmographo,
3398 4762 3504 4803 uu-

1923 4840 2086 4894 quam
2115 4835 2200 4880 est
2234 4826 2525 4882 meditatus
2551 4827 2726 4900 (Psal.
2757 4846 2865 4897 ιχι,
2898 4833 2922 4886 1
2953 4834 3156 4905 semp).
3188 4836 3305 4893 Hoc
3330 4854 3502 4897 unum

1922 4923 2106 4968 autem
2141 4929 2438 4985 possumus
2484 4918 2874 4991 dicere,-quod
2909 4927 3059 4980 omni
3098 4934 3426 4987 auctoritate
3451 4944 3506 4988 et

1924 5004 2159 5058 maxima
2202 5006 2523 5062 excellentia
2566 5012 2709 5080 apud
2755 5027 2874 5079 eos,
2924 5015 3018 5086 qui
3072 5033 3169 5088 per
3207 5020 3259 5076 id
3291 5031 3505 5093 tempus

1923 5093 2291 5185 imperabant,
2323 5098 2593 5171 Georgius
2623 5101 2746 5172 ejus
2776 5116 2928 5174 pater
2952 5116 3008 5162 et
3035 5109 3115 5163 rei
3144 5126 3342 5165 nomen
3372 5127 3508 5168 con-

1923 5186 2150 5243 veniens
2194 5188 2387 5243 sortita
2443 5202 2620 5246 mater
2665 5193 2787 5262 ejus
2835 5195 3088 5253 Encratia
3140 5201 3239 5271 (1),
3283 5213 3507 5274 propter

1925 5292 2196 5334 summam
2243 5279 2515 5349 justitiam
2567 5284 2774 5355 primas
2816 5299 2999 5358 partes
3029 5292 3401 5358 obtinuerunt,
3435 5309 3505 5349 ex

1927 5368 2289 5426 Patriciorum
2336 5374 2479 5429 serie
2512 5375 2769 5443 derivati,
2824 5382 3084 5451 appellari
3139 5380 3359 5440 Patricii
3400 5385 3501 5455 (2).

1926 5460 2172 5528 Quorum
2208 5473 2363 5533 pater
2390 5465 2611 5536 quidem
2635 5485 2761 5526 cum
2793 5471 3132 5529 ascendisset
3160 5476 3228 5529 ad
3256 5474 3502 5531 altitudi-

2002 5578 2078 5659 (2)
2112 5578 2324 5663 fiumen.
2352 5580 2714 5663 Patriciorum
2749 5587 2847 5663 illo
2882 5603 2999 5643 sevo
3029 5590 3085 5645 in
3126 5602 3371 5663 utroque
3392 5590 3503 5648 imo

1927 5654 2081 5719 pario
2123 5654 2361 5711 Orientis
2386 5663 2442 5711 et
2486 5656 2794 5714 Occidentis
2822 5672 3050 5716 summa:
3079 5672 3197 5716 erat
3233 5654 3288 5718 ei
3324 5662 3503 5736 digni-

3102 5749 3179 5813 44
