3936 6212
425 245 575 308 -1387

1509 241 1568 300 S.
1618 239 1930 301 TARASII
1983 240 2489 306 PATRIARCHE
2529 246 2640 307 (ΞΡ.

3584 238 3721 304 I388

438 372 563 410 nem
604 353 898 409 tribunalis
925 350 1225 424 judicialis,
1269 351 1591 422 integreque
1618 361 1673 407 et
1704 360 2022 421 incorrupte
2049 359 2098 417 Α
2125 354 2393 423 minium;
2448 357 2614 411 latam
2648 356 2832 411 a'utem
2884 356 2954 412 ab
2993 369 3058 412 eo
3092 355 3424 411 sententiam
3456 354 3544 409 vel
3579 354 3716 408 invi-

439 449 530 519 jus
551 446 809 502 omnibus
835 460 902 500 ex
934 458 1093 515 aequo
1122 443 1408 507 tribueret,
1457 442 1659 499 Solone
1687 452 1742 501 et
1772 442 2024 515 Lycurgo

430 541 687 611 antiquis
723 538 833 594 illis
885 535 1292 606 legislatoribus
1337 543 1671 607 conspectus
1722 534 1827 593 fuit
1868 537 2029 606 longe

432 633 642 703 justior
670 650 684 686 :
713 629 806 701 qui
835 628 1002 684 etiam
1025 626 1323 697 aliquando
1347 636 1551 682 rectam
1579 635 1634 681 et
1659 627 1871 697 legibus
1893 642 2027 683 cou-

434 721 751 777 venientem
775 717 901 773 tulit
927 716 1282 781 sententiam,
1306 729 1457 781 cum,
1480 715 1608 785 quid
1631 723 1777 771 esset
1792 716 2025 786 justum,

437 826 578 869 tunc
625 814 997 882 ignorassent,
1029 807 1125 878 qui
1156 805 1486 861 videbantur
1543 806 1832 877 imperium
1883 806 2028 862 obti-

442 920 597 971 nere,
642 916 821 974 neque
852 901 905 956 id
950 899 1153 955 vellent
1191 898 1439 968 exsequi.
1472 896 1623 954 Juris
1658 914 1788 953 vero
1811 899 2027 955 dicendi

390 1026 394 1029 Α
444 995 737 1053 dillicultas
780 994 833 1048 in
880 991 967 1048 his
999 989 1524 1059 fuit:Pauperculae
1573 989 1823 1060 quaedam
1874 989 2031 1046 femi-

406 1112 409 1113 ν
445 1107 531 1146 nae
562 1088 782 1146 fuerant
827 1083 1137 1157 gravissimi
1168 1082 1418 1138 criminis
1450 1092 1742 1139 accusata).
1767 1081 2028 1149 Quasnam

446 1192 629 1238 autem
662 1180 826 1235 fuerit
846 1193 909 1233 ea
938 1175 1243 1240 accusatio,
1266 1176 1380 1245 jam
1410 1174 1611 1230 dicam.

516 1275 571 1329 ὅ.
597 1274 882 1329 Accusata:
912 1269 1130 1324 fuerant
1155 1268 1361 1323 caedem
1386 1266 1582 1322 fecisse
1604 1264 1921 1321 lactentium
1951 1265 2033 1320 in-

448 1366 705 1430 fantium,
751 1377 848 1433 per
880 1360 1129 1417 foramen
1170 1359 1460 1416 domorum
1508 1358 1594 1412 vel
1650 1357 1823 1427 portis
1867 1358 2029 1411 etiam

450 1456 655 1513 clausis
689 1456 1012 1519 subeuntes,
1053 1461 1109 1507 et
1140 1466 1207 1507 ex
1237 1450 1541 1521 improviso
1575 1448 1815 1504 infantes
1863 1449 2033 1503 inter-

450 1551 714 1605 ﬁcientes.
741 1544 875 1614 Quae
900 1546 1064 1600 etiam
1090 1542 1449 1599 trahebantur
1475 1541 1530 1595 iu
1554 1540 1823 1612 judicium
1849 1540 1917 1594 ab
1943 1540 2031 1605 iis,

450 1643 544 1713 qui
575 1640 871 1697 credebant
910 1636 1135 1699 fabulis,
1182 1645 1239 1688 ct
1282 1633 1539 1689 nolebant
1570 1632 1773 1689 Christi
1810 1631 1904 1687 Dei
1936 1649 2033 1687 no-

2128 454 2216 503 tus
2241 448 2586 518 comprobat,
2620 458 2682 503 ut
2713 449 2806 519 qui
2833 464 2861 503 a
2891 447 3220 503 criminibus
3266 446 3557 502 absolutas
3583 460 3717 499 eon-

2127 538 2364 594 servarit
2395 539 2775 595 mulierculas.
2799 538 2867 594 Et
2895 538 3115 609 Georgii
3144 540 3367 610 quidem
3393 538 3717 595 constanti:

2127 637 2181 683 et
2206 627 2435 699 justitiae
2466 645 2597 700 pars
2627 630 2720 686 hic
2747 630 2853 686 sita
2880 631 2975 687 sit.

2200 724 2255 777 4.
2292 720 2464 777 Mater
2494 736 2624 777 vero
2651 722 2801 778 clara
2836 721 3059 793 pietate,
3095 730 3149 777 et
3184 721 3258 786 id,
3290 719 3446 791 quod
3478 720 3599 789 ipsa
3627 735 3715 789 ap-

2129 813 2460 887 pellabatur,
2491 828 2734 869 cernens
2763 813 3039 886 prolicere
3086 813 3140 867 in
3172 811 3308 875 tilio,
3345 814 3713 866 venerandum

2133 906 2311 961 reddit
2343 920 2507 960 suum
2550 905 2725 959 tilium
2776 914 2833 959 et
2878 919 3006 961 vere
3040 904 3304 974 templum
3340 902 3711 957 continentia.

2132 995 2203 1052 Et
2236 1011 2362 1052 cum
2393 994 2705 1066 :equalibus
2726 994 2953 1066 quidem
2985 995 3104 1051 suis
3130 1006 3185 1049 et
3217 995 3493 1065 improbis
3522 994 3716 1049 docens

2130 1100 2256 1139 eum
2294 1083 2504 1138 nullam
2555 1082 2757 1139 habere
2806 1083 3291 1148 consuetudinem,
3345 1084 3493 1139 inire
3535 1083 3716 1137 amici-

2132 1177 2265 1232 tiam
2295 1190 2421 1232 cum
2455 1175 2546 1240 iis,
2577 1178 2671 1246 qui
2718 1186 2908 1231 amant
2948 1176 3117 1231 decus
3156 1177 3399 1240 virtutis.
3434 1177 3716 1242 suadebat,

2132 1279 2187 1324 et
2201 1269 2282 1324 eis
2315 1267 2714 1338 conjungijure
2736 1266 3022 1323 charitatis
3039 1266 3322 1337 spiritalis.
3349 1266 3718 1334 Quamobrem

2134 1358 2423 1427 ingressus
2471 1371 2572 1426 per
2626 1357 2940 1412 universam
2973 1358 3256 1423 virtutem,
3286 1369 3409 1414 erat
3435 1359 3582 1429 apud
3605 1374 3720 1413 om-

2133 1464 2232 1503 nes
2260 1447 2625 1513 reverendus,
2654 1455 2714 1502 ut
2750 1448 2918 1503 etiam
2943 1447 3225 1503 consulari
3254 1449 3531 1519 dignitate
3563 1448 3726 1504 fuerit

2136 1542 2463 1597 honestatus
2492 1557 2505 1595 :
2537 1549 2592 1596 et
2615 1539 2823 1597 electus
2847 1540 2920 1596 sit
2943 1541 3156 1610 primus
3185 1541 3367 1597 scriba
3394 1556 3725 1596 arcanon

2139 1633 2490 1703 imperatoris
2525 1649 2539 1687 :
2577 1632 2710 1688 etin
2742 1631 2869 1686 aula
2914 1631 3271 1703 imperatoria
3304 1631 3523 1688 luciferi
3554 1632 3730 1687 instar

450 1702 550 1789 stri
597 1731 752 1800 sequi
793 1727 1124 1792 doctrinam,
1160 1739 1285 1796 quae
1333 1723 1647 1779 simulacris
1697 1732 1752 1779 et
1800 1716 2035 1794 phanta-
2068 1702 2109 1757 Β
2142 1702 2583 1795 resplenduerit:
2614 1733 2675 1779 ut
2711 1722 2810 1795 qui
2852 1702 3072 1780 divinas
3127 1724 3350 1795 quidem
3402 1724 3733 1794 disciplinas

451 1825 724 1880 smatibus
764 1834 1113 1892 nequaquam
1177 1816 1467 1887 decipitur.
1529 1815 1627 1872 Est
1686 1815 1832 1871 enim
1891 1815 2034 1887 apud

451 1918 671 1974 Graecos
698 1916 777 1986 (5)
801 1914 857 1968 in
889 1912 1091 1968 fabulis
1118 1911 1323 1967 femina
1348 1909 1425 1981 (4)
1458 1908 1900 1979 quaedam,Gello
1935 1923 2038 1963 uo-

453 2009 622 2073 mine,
668 2022 794 2078 quae
849 2004 1073 2072 dicitur,
1124 2018 1251 2059 cum
1304 2003 1599 2057 immatura
1653 2010 1833 2057 morte
1870 2000 2037 2055 vitam

454 2101 788 2174 abrupisset,
844 2096 1175 2169 quibusdam
1231 2093 1466 2166 spectris
1505 2093 1813 2149 accessisse
1846 2092 1915 2147 ad
1952 2106 2039 2147 re-

454 2212 586 2253 cens
619 2205 780 2251 natos
807 2192 1067 2255 infantes,
1102 2199 1158 2245 et
1188 2203 1285 2244 eos
1331 2185 1697 2242 interfecisse.
1743 2182 1922 2255 Hujus
1955 2182 2041 2239 fa-

456 2289 599 2345 bula
651 2286 909 2357 improbo
948 2282 1163 2354 pellecti
1202 2294 1268 2335 ac
1314 2277 1531 2348 decepti
1585 2276 1807 2348 spiritu,
1839 2276 1933 2347 qui
1977 2290 2042 2330 ea

455 2380 713 2437 dicebant
757 2375 1134 2448 probabiliter.
1177 2379 1447 2426 conantur
1485 2369 1652 2424 etiam
1703 2368 1771 2423 ad
1817 2365 2045 2422 mulier-

458 2474 612 2527 culas
651 2467 955 2525 transferre
1008 2466 1111 2519 hoc
1166 2460 1565 2517 exsecrandum
1605 2459 1809 2524 scelus,
1862 2467 1918 2512 et
1963 2459 2046 2512 eis

460 2562 735 2619 ascribere
789 2559 846 2613 in
901 2556 1155 2628 spiritum
1213 2551 1497 2607 conversis
1554 2564 1778 2607 causam
1828 2564 2042 2615 eorum,

458 2652 555 2724 qui
594 2649 977 2706 moriebantur
1005 2653 1134 2700 ante
1163 2654 1400 2713 tempus.
1440 2639 1485 2697 Ο
1522 2650 1826 2712 stuporem,
1862 2655 1896 2696 ο
1922 2655 2048 2696 cor-

459 2746 547 2801 dis
600 2742 890 2800 oculorum
928 2737 1278 2794 caecitatem!
1333 2733 1391 2790 Si
1447 2749 1650 2806 corpus
1709 2733 2049 2805 longitudine

461 2833 941 2908 profunditateque
984 2840 1040 2886 et
1080 2828 1375 2884 latitudine
1415 2834 1764 2896 compactum
1801 2840 1871 2881 ac
1917 2839 2050 2880 con-

462 2922 743 2991 stipatum,
786 2920 842 2973 in
882 2917 1135 2987 spiritum
1166 2915 1497 2972 dissolutum
1533 2914 1801 2984 procedit,
1847 2921 1902 2969 et
1935 2914 2049 2969 haec

2136 1816 2359 1872 abunde
2386 1825 2543 1872 esset
2575 1816 2923 1887 complexus,
2959 1827 3013 1874 et
3040 1832 3109 1872 ex
3139 1826 3370 1873 externa
3404 1817 3734 1871 eruditione

2140 1908 2475 1978 collegisset,
2514 1922 2639 1978 qua:
2660 1919 2791 1963 sunt
2840 1909 3315 1979 prmstantissima.
3346 1907 3472 1964 Illas
3506 1908 3732 1978 quidem

2142 1998 2417 2055 meditans
2468 2000 2536 2055 ad
2585 2015 2878 2056 ascensum
2926 2001 3184 2066 virtutis,
3235 2010 3292 2057 et
3335 2003 3621 2072 plantatus
3649 2017 3736 2056 se-

2142 2106 2240 2147 cus
2278 2091 2548 2147 decursus
2592 2107 2863 2162 aquarum
2924 2091 3101 2162 (Psal.
3127 2093 3255 2164 ηδ)
3290 2094 3501 2149 divina:
3540 2094 3733 2160 cogni-

2145 2183 2333 2249 tionis,
2356 2194 2415 2239 u-t
2443 2184 2800 2240 ratiocinales
2825 2184 3039 2240 fructus
3061 2186 3333 2257 proferret
3360 2188 3416 2240 in
3443 2196 3730 2257 tempore:

2145 2278 2346 2333 barum
2400 2287 2584 2332 autem
2620 2276 2916 2331 utilitatem
2967 2292 3063 2347 per
3091 2280 3456 2333 attentionem
3502 2290 3561 2333 et
3600 2293 3732 2333 cau-

2145 2371 2351 2425 tionem
2401 2370 2456 2423 in
2508 2369 2695 2424 animo
2724 2368 3031 2425 recondens
3070 2370 3408 2439 obsignavit,
3453 2384 3556 2440 per
3594 2387 3731 2439 quas

2146 2470 2333 2530 posset
2382 2457 2683 2528 corrigere,
2724 2459 2870 2528 quod
2915 2467 3001 2513 est
3030 2474 3256 2528 pravum
3284 2469 3342 2515 et
3384 2462 3728 2516 barbarum:

2145 2558 2201 2603 et
2229 2549 2430 2620 lingua:
2464 2563 2579 2603 sure
2609 2548 2894 2617 imponere
2930 2548 3103 2619 legem
3150 2559 3413 2604 accurate
3443 2550 3725 2620 loquendi.

2145 2636 2283 2691 Cum
2312 2637 2393 2691 sic
2421 2634 2489 2691 de
2518 2644 2717 2690 caetero
2743 2650 2841 2705 per
2871 2643 3134 2706 utrasque
3157 2636 3373 2690 laudem
3404 2647 3556 2692 esset
3581 2653 3727 2692 asse-

2148 2739 2333 2794 cutus,
2366 2737 2423 2783 et
2460 2736 2635 2783 totum
2687 2742 2748 2783 se
2794 2726 2906 2785 Deo
2936 2728 3181 2784 dicasset
3226 2745 3322 2799 per
3369 2731 3620 2799 pietatem
3666 2738 3727 2786 et

2153 2837 2346 2892 puram
2379 2820 2819 2883 conscientiam,
2854 2819 3006 2874 venit
3050 2818 3119 2874 ad
3166 2820 3415 2875 habitum
3459 2820 3724 2891 spiritalis

2150 2912 2529 2984 perfectionis,
2562 2920 2617 2967 et
2662 2910 2857 2966 mundi
2910 2924 3139 2965 munera
3180 2910 3372 2966 obiens
3414 2912 3465 2965 in
3515 2911 3731 2965 mundo

461 3014 643 3067 facere
669 3008 1025 3075 conceditur;
1065 3006 1322 3063 Christus
1354 3019 1487 3076 ergo
1526 3004 1644 3077 (qui
1689 3012 1771 3059 est
1808 3004 1925 3075 ipsa
1955 3017 2047 3059 ve-
2076 3037 2123 3100 ο
2155 3006 2368 3068 habitu.
2407 3021 2468 3061 se
2508 3021 2536 3058 a
2572 3004 2853 3060 mundana
2883 3003 3120 3058 removit
3152 3003 3470 3063 ambitione,
3498 3012 3561 3056 et
3608 3003 3730 3073 spi-

462 3106 620 3169 ritas,
646 3103 837 3159 dicens
863 3118 877 3155 :
907 3099 1182 3171 «Spiritus
1205 3113 1424 3154 carnem
1448 3104 1504 3153 et
1534 3112 1661 3152 ossa
1690 3111 1799 3152 non
1827 3097 2043 3163 habet,»

464 3195 655 3270 υοαη.
687 3209 798 3260 xw,
835 3192 902 3260 6;
932 3186 1061 3246 Luc.
1094 3205 1244 3253 xxiv,
1277 3187 1415 3262 39])
1452 3197 1738 3258 reputatus
1763 3196 1849 3241 est
1875 3187 2052 3257 phan-

462 3298 642 3343 tasma
675 3284 744 3338 ab
763 3282 833 3338 iis
872 3282 966 3353 qui
996 3282 1112 3335 haec
1139 3288 1412 3334 asserunt.
1444 3278 1583 3345 Quin
1617 3277 1782 3333 etiam
1801 3275 2052 3332 Christus

464 3394 715 3452 quoque,
762 3378 857 3448 qui
903 3390 1091 3430 veram
1138 3386 1361 3429 carnem
1409 3370 1643 3442 accepit,
1691 3377 1746 3426 et
1795 3369 2049 3439 spiritum

464 3488 689 3530 carnem
721 3479 776 3526 et
801 3484 931 3525 ossa
966 3481 1076 3522 non
1107 3465 1311 3520 habere
1339 3478 1467 3519 vere
1496 3461 1786 3517 aliirmavit
1806 3460 2051 3531 discipu-

465 3569 556 3636 lis,
585 3567 735 3622 nulla
772 3579 832 3620 re
859 3559 1365 3624 circumscribetur,
1411 3572 1534 3629 quae
1566 3556 1768 3622 obstet,
1804 3572 1915 3628 quo
1944 3556 2051 3610 mi-

467 3675 574 3717 nus
603 3660 673 3715 sit
699 3651 1134 3728 phantasia.‘Sic
1170 3665 1302 3722 ergo
1326 3662 1560 3705 censens
1589 3658 1642 3703 et
1664 3648 1803 3703 citra
1836 3646 2052 3707 dubita-

465 3752 673 3806 tionem
718 3745 976 3818 judicans
1007 3741 1301 3813 Georgius,
1333 3738 1567 3795 feminas
1598 3737 1836 3793 absolvit
1881 3753 1912 3791 a
1942 3740 2052 3792 cri-

466 3842 730 3899 minibus.
771 3837 877 3906 Qui
950 3845 1085 3891 tunc
1133 3840 1316 3889 autem
1371 3831 1449 3904 (5)
1491 3846 1677 3886 rerum
1743 3830 2052 3900 potiebatur

467 3934 649 4007 (valde
675 3932 821 3990 enim
846 3928 1172 3986 defendebat
1212 3923 1585 3998 phantasiam)
1619 3938 1745 3979 cum
1790 3922 2053 3978 sensisset

467 4028 551 4084 sic
580 4025 859 4097 iudicasse
889 4019 1211 4091 Georgium,
1250 4016 1417 4088 jussit
1452 4029 1580 4071 eum
1628 4013 1697 4068 ad
1731 4027 1791 4068 se
1829 4010 2047 4067 adduci.

467 4120 517 4176 A
549 4130 660 4189 quo
703 4114 989 4171 evidenter
1034 4109 1261 4166 edoctus
1300 4107 1367 4162 de
1412 4120 1543 4161 vero
1578 4106 1731 4161 exitu
1764 4105 1887 4159 lata
1930 4117 1962 4156 a
1991 4117 2052 4158 se

469 4207 776 4273 sententiae,
812 4218 937 4260 eum
968 4201 1191 4273 quidem
1231 4197 1428 4255 cecidit
1457 4212 1553 4267 per
1583 4211 1858 4254 summam
1892 4195 2049 4267 igno-

458 4476 602 4533 tatis
626 4481 681 4529 et
695 4468 1050 4543 praefecturae.
1076 4465 1153 4521 ιω
1178 4460 1683 4543 synodusseptima
1699 4476 1728 4516 a
1752 4460 2054 4543 sancto'l‘a-

458 4532 619 4603 «rasio
648 4532 919 4600 celebrata
947 4548 1030 4596 est
1053 4556 1073 4591 t
1103 4532 1449 4607 praesentem
1469 4532 1722 4607 audiente
1739 4534 1916 4607 primo
1932 4532 2053 4607 loco

460 4602 613 4673 inter
650 4612 1077 4686 gloriosissimos
1099 4602 1743 4686 etutagniflcentissiutos
1780 4603 2054 4686 principes

470 4671 703 4742 helicona
724 4682 1105 4739 laudatissima
1120 4671 1415 4734 exconsule
1432 4671 1811 4744 patricioldnb
1830 4671 2054 4744 ὑπάὲῳν

464 4754 798 4827 Πατρικξου)
834 4763 888 4827 et
931 4752 1130 4827 comite
1185 4747 1293 4827 Deo
1343 4742 1717 4827 conservandi.
1751 4743 2054 4824 imperialis

474 4813 637 4881 cilicii
669 4844 682 4880 :
725 4843 746 4877 ι
774 4813 853 4879 uti
877 4823 981 4878 sub
1009 4819 1227 4875 initium
1249 4815 1587 4887 singularum
1614 4813 2053 4887 actionutnejus-

471 4897 595 4951 ἀεω
626 4883 1544 4978 synodi.rsrstifs'al'i5"!‘1‘999:
1557 4883 2052 4978 Pitthtftiﬁlﬁlf

472 4951 734 5037 synodica
781 4962 846 5017 ad
881 4951 1311 5037 Coristantituttn
1341 4951 1743 5037 imperatorem.
1778 4963 1834 5037 et
1862 4951 2051 5037 inguen

472 5022 703 5091 matrem
730 5073 745 5098 ,
790 5044 912 5100 quae
939 5029 1153 5100 actione
1196 5027 1233 5079 2
1264 5022 1511 5100 ejusdem
1555 5022 1747 5100 synodi
1789 5022 2050 5087 habetur,

470 5089 910 5162 vOcatCarol'um
959 5089 1316 5166 Maguum,i_
1367 5089 1956 5166 Regem'Francorum
2000 5103 2056 5147 et

473 5172 983 5247 Langobardorum,
1028 5162 1094 5222 a'c
1122 5162 1841 5247 Patriciumnltomanorum.
1881 5180 1900 5214 ι
1938 5162 2053 5217 lmo

470 5231 625 5319 ipsisv
647 5231 1177 5319 patriarchigpares.
1197 5234 1375 5319 fuisse
1394 5231 1757 5319 Patricioseo
1785 5242 2051 5319 tempore,

472 5303 626 5375 testis
648 5303 812 5371 'nobis
841 5319 926 5367 est
952 5303 1290 5364 Walafridus
1320 5303 1517 5359 Strabo
1537 5343 1571 5375 ,Α
1593 5303 1686 5374 qui
1723 5303 1826 5357 sub
1860 5305 1975 5375 lilio
1998 5311 2055 5358 et

472 5372 763 5460 nepotibus
778 5380 976 5460 Caroli
997 5378 1182 5460 )Iagni
1202 5375 1398 5460 ﬂoruit
1428 5392 1501 5460 τέ
1533 5372 1901 5460 Comparetur
1918 5412 1933 5437 ,
1953 5374 2052 5460 ‘in-

472 5443 745 5531 άίιῖιχοερ.
776 5456 840 5531 δ]
884 5443 1162 5531 meo“:
1191 5445 1422 5531 ιςριξιεσοο
1453 5443 1600 5531 ξ’θιη
1630 5443 2054 5531 “emensae?-

476 5513 653 5599 gustis
689 5513 1102 5599 ctCaesaribus
1144 5538 1158 5575 :
1213 5513 1558 5599 Patriarchte'.
1583 5529 1718 5599 vero
1768 5513 2051 5599 Patriciis,

476 5583 775 5669 quivpri’mi
818 5604 943 5668 post
972 5592 1219 5652 Caesares
1262 5590 1317 5647 in
1368 5585 1599 5659 imperio
1644 5583 1816 5642 fuisse
1864 5584 2056 5641 viden-

478 5677 584 5722 tur.
620 5685 641 5720 ι

2155 3096 2288 3151 ritui
2336 3097 2606 3167 adaptatis
2636 3094 2877 3149 animam
2899 3135 2915 3160 ,
2959 3108 3058 3149 vas
3099 3095 3322 3148 sacrum
3358 3092 3596 3147 edicitur
3623 3095 3735 3146 εὶς·-

2155 3189 2341 3243 ctione
2371 3187 2638 3251 melioris,
2676 3185 2842 3239 etiam
2873 3191 3005 3237 ante
3038 3182 3435 3245 sacerdotium,
3466 3192 3524 3236 et
3553 3190 3735 3249 pastu

2155 3280 2427 3351 pecudum
2453 3278 2685 3333 rationis
2708 3284 3050 3347 computum.
3073 3273 3166 3343 qui
3188 3274 3525 3342 pascebatur
3541 3275 3738 3339 adhuc,

2153 3371 2623 3444 praenuntiabatur
2662 3386 2675 3423 :
2709 3376 2764 3423 et
2798 3366 3122 3439 sperabatur
3154 3365 3272 3419 fore
3314 3374 3380 3419 ut
3435 3364 3739 3434 susciperet

2152 3464 2467 3519 universam
2495 3462 2742 3523 omnium
2766 3458 3178 3530 praefecturam,
3205 3467 3266 3510 ut
3300 3457 3487 3511 lucida
3519 3458 3739 3512 [eterna

2147 3555 2261 3624 jam
2309 3569 2574 3616 accensa,
2623 3553 2748 3623 igne
2797 3552 3065 3607 virtutum
3135 3549 3405 3604 mundum
3451 3550 3739 3604 illustrans

2153 3645 2500 3709 universum,
2547 3653 2603 3698 et
2634 3656 2856 3697 omnem
2926 3640 3238 3696 haeretieam
3295 3638 3606 3707 dispellens
3654 3654 3742 3692 ra-

2153 3738 2399 3810 ligiuem,
2445 3745 2502 3793 et
2535 3736 2714 3792 lucem
2765 3749 3071 3805 procurans
3097 3742 3277 3788 erecta
3297 3732 3449 3787 fidei.

2770 3845 3002 3903 CAPUT
3041 3846 3107 3901 II.

2190 3939 2421 3997 Sanctus
2454 3940 2711 3995 Tarasius
2749 3938 2819 3993 ad
2858 3941 3283 4008 patriarcharum
3321 3937 3711 3993 Constantino—

2316 4012 2620 4083 politanum
2659 4010 2957 4065 destinatus
2997 4026 3031 4063 α
3064 4008 3239 4064 Paulo
3278 4009 3584 4064 decessore.

2223 4100 2279 4157 5.
2327 4100 2440 4157 Nec
2486 4100 2752 4172 populum
2792 4116 2893 4155 sua
2939 4114 3066 4170 spes
3101 4098 3317 4165 fefellit,
3361 4110 3427 4155 ut
3467 4102 3568 4171 qui
3616 4115 3740 4156 mos

2152 4193 2426 4264 acceperit
2463 4192 2540 4258 id,
2572 4192 2721 4264 quod
2772 4192 3136 4248 desiderabat.
3183 4191 3397 4250 Paulus
3436 4194 3523 4264 (6)
3569 4196 3736 4259 enim,

2203 4495 2207 4499 -
2229 4465 2308 4533 (‘5)
2350 4461 2576 4533 Lesbios
2603 4461 2977 4533 potissimum.

2248 4531 2302 4603 4)
2339 4532 2504 4603 Virgo
2523 4531 2645 4603 aliis
2668 4531 2891 4603 dicitur.

2248 4536 2302 4603 4)
2339 4536 2504 4603 Virgo
2523 4536 2645 4586 aliis
2668 4536 2891 4587 dicitur.

2226 4536 2307 4675 i5)
2336 4602 2731 4675 Constantinus
2750 4601 3154 4675 Copronymus,
3172 4599 3345 4675 cujus
3358 4617 3571 4660 nomen
3594 4603 3742 4667 silet,

2156 4670 2504 4744 ne'Georgio
2540 4673 2813 4744 maculam
2851 4670 3087 4744 afferat,
3118 4670 3282 4744 quod
3333 4671 3514 4744 impio
3559 4675 3637 4729 illi
3688 4688 3745 4729 ac

2155 4745 2388 4800 scelesto
2407 4741 2719 4814 imperatori
2755 4742 3008 4797 servierit
3044 4741 3385 4814 substitutus
3421 4741 3623 4814 judex.
3648 4744 3745 4799 ha-

2154 4814 2367 4885 peravit
2404 4813 2796 4885 Copronymus
2831 4814 2902 4885 ab
2946 4826 3093 4885 anno
3133 4810 3227 4885 ’μί
3274 4812 3344 4866 ad
3379 4810 3600 4868 annum
3628 4815 3742 4885 τῖε,
3790 4868 3799 4877 ,

2195 4886 2308 4939 rius
2344 4892 2525 4939 tamen
2568 4881 2804 4954 Augusti
2841 4882 3060 4937 titulum
3097 4882 3365 4953 adeptus,
3414 4886 3601 4953 patris
3638 4883 3744 4940 eol-

2175 4971 2293 5010 (illa.

2207 4972 2304 5096 iis?)
2343 5022 2709 5096 uena-anes
2737 5020 3008 5096 ειθΡιιιὶο
3214 5019 3425 5096 Leonis
3452 5023 3743 5096 imperato:

2156 5091 2246 5151 ris
2263 5094 2315 5160 5,
2344 5091 2551 5149 Christi
2582 5093 2709 5158 780,
2736 5091 2930 5148 lttdict.
2948 5094 3006 5157 5,
3032 5093 3136 5148 ista
3165 5092 3359 5148 scribit
3383 5110 3399 5147 :
3438 5091 3691 5149 «Iertae
3713 5091 3742 5147 6

2156 5163 2567 5233 FebruariiLdie
2608 5162 2898 5218 Dominico
2942 5162 3140 5233 rNiceta
3181 5162 3742 5233 Constantinopoleos

2154 5236 2435 5315 episcopo,
2459 5231 2664 5315 Paulus
2686 5232 3024 5288 honorabilis
3055 5233 3244 5315 lector,
3268 5248 3473 5315 genere
3494 5231 3740 5315 Cyprias.

2154 5302 2324 5360 verbo
2345 5302 2423 5359 'ac
2449 5313 2573 5359 actu
2605 5317 2909 5375 coruscans
2934 5341 2951 5366 ,
2997 5311 3123 5373 post
3141 5302 3450 5375 plurimam
3470 5344 3487 5369 ,
3533 5302 3742 5375 propter

2158 5376 2431 5440 haeresim,
2462 5390 2570 5444 qua
2599 5373 2885 5429 tenebatur
2907 5372 3349 5444 excusationem,
3376 5373 3491 5428 vim
3523 5372 3737 5429 inulta-

2156 5460 2353 5516 passus
2410 5440 2765 5516 consecratur
2819 5443 3158 5516 patriarcbaA
3182 5440 3739 5516 Constantinopolita-

2155 5510 2554 5597 iius_secunda
2582 5510 2924 5588 jejuniorum
2964 5515 3077 5586 (seu
3117 5510 3597 5587 Quadragesime)
3650 5512 3739 5567 Do-

2157 5601 2379 5643 mtutca.
2424 5604 2443 5639 D
