3904 6208
247 256 383 320 1389

1780 252 1979 319 VITA.

3351 259 3484 327 1390

241 386 404 442 quem
434 364 632 441 Cypria
660 380 849 427 natum
876 374 1092 445 excepit
1120 366 1378 438 Salamis,
1407 370 1484 443 (7)
1519 379 1705 427 sancte
1734 371 1812 442 (8)
1844 379 1886 433 Α
1918 373 2117 443 accipit
2160 374 2426 443 dolorem,
2465 385 2524 431 ut
2560 378 2610 432 ei
2643 376 2916 432 inhresvarit
2954 375 3109 430 vihex
3162 376 3482 430 immedica-

239 470 295 516 et
333 462 543 530 integre
587 464 802 534 clavum
839 479 1035 535 regens
1068 463 1381 527 sacerdotii,
1426 476 1554 519 cum
1603 461 1818 523 nefaria

240 551 425 608 adhuc
455 551 664 624 vigeret
702 555 950 619 haeresis,
999 569 1123 625 quae
1152 562 1378 610 accusat
1423 552 1807 608 Christianos:

172 696 177 699 _
237 660 475 711 eorum,
533 647 796 717 inquam,
851 647 948 717 qui
1014 646 1235 702 abolent
1271 644 1564 716 imaginem
1604 642 1809 698 Christi

238 739 352 791 veri
384 737 482 792 Dei
514 738 689 792 nostri
732 737 923 794 carnis
970 735 1357 807 susceptionis.
1407 743 1464 791 et
1507 734 1649 805 ejus,
1687 748 1812 804 quae

236 844 365 883 cum
405 843 533 882 vere
559 838 614 882 et
644 829 866 898 proprie
907 827 1117 899 peperit
1158 825 1257 881 Dei
1288 824 1501 889 Matris,
1534 834 1589 880 et
1623 825 1810 879 incor-

238 933 555 988 porearum,
594 930 647 973 ut
694 918 826 973 visae
865 924 1017 986 sunt,
1058 924 1434 988 potestatum;
1466 924 1521 970 et
1546 913 1661 983 jam
1689 925 1810 968 om-

236 1022 336 1060 nes
369 1007 545 1061 sancti
596 1016 1001 1077 oppugnatores
1048 1005 1128 1077 (9)
1190 1002 1414 1060 haeresis
1467 1017 1498 1058 a
1549 1001 1701 1057 brevi
1755 1009 1811 1056 et

236 1100 445 1155 caduca
478 1100 580 1155 hac
608 1101 721 1156 vita
759 1101 1155 1167 excessissent,
1184 1109 1240 1155 et
1264 1096 1500 1154 traducti
1525 1104 1711 1152 essent
1740 1094 1808 1150 ad

234 1207 448 1256 eorum,
477 1207 599 1261 quae
624 1192 679 1246 in
713 1192 824 1247 vita
846 1202 1156 1264 gesserant,
1194 1206 1320 1262 qua:
1346 1191 1407 1245 ﬁt
1437 1189 1572 1253 illic,
1602 1188 1809 1243 discre-

234 1284 483 1348 tionem;
522 1295 577 1339 et
619 1284 949 1354 serpentina:
985 1284 1258 1339 doctrinae
1307 1283 1462 1338 virus
1497 1281 1660 1336 etiam
1686 1289 1809 1351 post

233 1376 441 1429 exitum
484 1376 863 1432 evomuissent
885 1390 955 1431 ex
996 1374 1274 1441 Ecclesia;
1311 1389 1455 1445 aegre
1499 1373 1709 1429 ferebat
1754 1380 1809 1427 et

233 1466 424 1521 animo
457 1467 760 1538 angebatur
790 1465 1016 1530 Paulus,
1048 1482 1173 1521 cum
1219 1481 1326 1521 non
1357 1465 1600 1530 haberet,
1633 1464 1726 1534 qui
1756 1464 1805 1518 ei

232 1574 401 1629 opem
448 1559 642 1625 ferret,
687 1568 743 1614 et
790 1574 1015 1613 manum
1050 1557 1318 1628 praeberet
1360 1556 1428 1611 ad
1477 1565 1641 1611 rectae
1680 1554 1806 1609 ﬁdei

234 1650 663 1711 correctionem.
712 1658 1000 1720 propterea
1030 1646 1181 1719 quod
1230 1662 1426 1703 omnes
1465 1647 1812 1702 adhaererent‘

236 1739 464 1807 haeresi,
537 1754 770 1808 eamque
830 1738 1226 1794 conﬁterentur
1275 1746 1330 1793 ct
1377 1736 1801 1793 assentirentur.

233 1832 392 1900 Capit
452 1830 637 1900 itaque
694 1830 992 1886 consilium
1047 1831 1276 1898 dignum
1329 1844 1429 1885 sua
1488 1829 1802 1898 prudentia.

233 1905 533 1976 Nemeum
590 1922 878 1977 incidisset
935 1921 991 1975 in
1026 1921 1303 1985 morbum,
1350 1920 1444 1990 qui
1484 1919 1534 1974 ei
1576 1928 1804 1975 mortem

233 2022 353 2069 erat
404 2015 695 2078 allaturus,
751 2022 809 2068 et
851 2012 1189 2067 deducturus
1242 2013 1309 2066 ad
1356 2012 1655 2083 longaevam
1687 2027 1808 2082 qua

234 2105 347 2160 illic
392 2112 498 2169 est,
539 2105 974 2171 resolutionem,
1017 2119 1077 2160 se
1134 2106 1274 2159 clam
1321 2106 1431 2174 (l0)
1477 2106 1734 2161 subducit
1776 2121 1808 2161 e

231 2196 359 2250 sede
402 2211 418 2250 :
466 2203 522 2249 ct
573 2210 697 2250 cum
745 2196 985 2251 venisset
1042 2195 1109 2249 ad
1158 2195 1300 2250 Fieri
1347 2196 1462 2266 (11)
1527 2204 1805 2252 monaste-

234 2286 402 2349 rium,
453 2287 506 2340 in
546 2302 835 2359 numerum
894 2287 1291 2343 monachorum
1341 2302 1400 2341 se
1442 2288 1649 2354 retulit,
1684 2304 1806 2344 mu-

234 2390 348 2434 tato
393 2382 622 2436 amictu.
659 2380 953 2451 Postquam
999 2392 1180 2438 autem
1218 2393 1404 2440 notum
1446 2383 1569 2452 fuit,
1608 2400 1719 2455 quo
1746 2399 1810 2440 se

234 2473 544 2528 demisisset
595 2473 862 2543 pontifex,
921 2472 1086 2544 idque
1146 2474 1259 2543 jam
1326 2476 1666 2545 pervenisset
1734 2476 1803 2531 ad

234 2578 397 2621 aures
436 2579 661 2630 eorum,
704 2566 797 2635 qui
863 2580 959 2635 per
1007 2566 1059 2621 id
1118 2575 1335 2637 tempus
1391 2582 1574 2622 rerum
1629 2568 1807 2638 potie-

234 2654 434 2707 bantur
482 2654 673 2719 (lrene
704 2664 907 2709 'autem
940 2664 999 2710 et
1042 2656 1441 2712 Constantinus
1485 2656 1607 2726 ejus
1657 2656 1805 2713 ﬁlius

234 2747 439 2812 primas
460 2747 714 2816 potentia:
743 2756 922 2815 partes
941 2757 1073 2803 tunc
1105 2749 1334 2817 pulchre
1358 2749 1725 2818 obtinebant),
1743 2749 1799 2816 ii,

233 2835 382 2905 quod
426 2852 513 2892 res
558 2838 855 2894 accidisset
898 2854 1037 2894 nova
1088 2850 1144 2894 et
1181 2839 1434 2902 insolita,
1480 2832 1663 2894 animo
1693 2854 1800 2893 non

236 2943 425 2994 parum
483 2930 815 2991 conturbati.
868 2938 1183 2985 statuerunt
1238 2931 1424 2985 venire
1472 2929 1539 2984 ad
1597 2929 1800 2984 dictum

1915 464 2043 519 bilis
2077 485 2091 521 :
2123 478 2178 521 et
2226 467 2339 537 (12)
2379 477 2463 524 ter
2491 468 2605 539 jam
2638 485 2733 539 per
2771 484 2969 524 manus
3015 478 3070 524 et
3116 478 3481 525 atramentum

1913 554 2175 626 inscripta
2205 560 2399 614 heresi
2434 561 2703 614 assensio.
2749 558 2937 630 Neque
2966 560 3111 613 cnim
3161 561 3293 613 mihi
3330 561 3484 616 licuit

1911 645 2146 718 eﬁ'ugere
2187 651 2321 704 retia
2367 647 2525 706 malae
2558 651 2835 722 Opinionis
2880 666 2895 705 :
2933 650 3025 706 sed
3062 651 3284 717 accidit,
3331 663 3392 707 ut
3428 661 3485 707 et

1912 737 2094 808 lingua
2127 748 2180 795 et
2208 755 2371 796 manu
2418 741 2474 796 in
2521 757 2586 797 ea
2625 741 3145 813 implicarenQuod
3195 743 3362 797 etiam
3398 757 3484 797 me

1912 830 2087 900 magis
2126 832 2299 901 angit,
2332 841 2392 887 ut
2422 833 2569 904 Quod
2596 835 2794 889 exedat
2840 846 3034 890 sensus
3094 832 3288 901 animi,
3322 830 3483 888 video

1910 932 2102 976 omnes
2128 921 2280 978 orbis
2310 932 2577 979 terrarum
2606 935 2812 995 partes,
2866 942 2989 998 quae
3018 926 3072 980 in
3107 935 3288 981 vestra
3316 939 3481 979 manu

1911 1018 2176 1082 tanquam
2209 1014 2264 1069 in
2301 1024 2505 1071 statera
2551 1018 2954 1088 appenduntur,
2988 1017 3112 1073 fidei
3148 1014 3480 1071 immobilem

1909 1112 2305 1159 conservantes
2358 1106 2643 1173 trutinam,
2687 1119 2741 1163 et
2791 1109 2846 1162 in
2900 1119 3046 1164 recta
3100 1115 3482 1177 permanentes

1909 1191 2162 1247 doctrina
2192 1202 2248 1249 et
2275 1195 2642 1263 exsultantes,
2690 1198 2760 1251 ab
2789 1196 3032 1267 Ecclesia
3081 1208 3266 1253 nostra
3324 1197 3483 1268 longe

1880 1283 2210 1363 dissidere,
2254 1296 2309 1341 et
2335 1296 2594 1358 tanquam
2626 1305 2655 1343 a
2682 1289 2887 1344 Christi
2920 1304 3080 1360 grege
3109 1290 3315 1344 alienas
3353 1301 3484 1344 oves

1909 1377 2194 1445 repellere.
2218 1375 2286 1431 Et
2308 1377 2433 1433 ideo
2458 1394 2656 1434 recuso
2675 1396 2796 1436 esse
2812 1389 2999 1450 pastor
3020 1391 3193 1437 cretus
3221 1381 3479 1445 hmretici,

1907 1475 1963 1519 et
2010 1467 2174 1520 statui
2218 1467 2402 1537 potius
2456 1468 2706 1523 habitare
2758 1469 3093 1538 sepulcrum,
3144 1485 3309 1537 quam
3358 1484 3481 1524 esse

1908 1555 2181 1612 obnoxius
2230 1559 2671 1615 anathematibus
2720 1574 2891 1616 sacra:
2932 1560 3308 1630 quaternionis
3341 1558 3477 1629 (l3),

1909 1646 2122 1700 sedium
2161 1647 2615 1715 apostoliearum.
2651 1646 2759 1703 Sed
2790 1664 2915 1704 cum
2947 1649 3148 1719 sceptri
3179 1649 3475 1717 potentiam

1909 1737 1962 1793 in
1990 1747 2203 1793 vestras
2228 1753 2425 1793 manus
2449 1738 2591 1793 Deus
2615 1739 2917 1802 tradiderit,
2939 1748 2991 1794 et
3014 1738 3349 1809 imperialem
3376 1755 3477 1795 cu-

1910 1846 2026 1885 ram
2054 1830 2259 1901 geratis
2281 1829 2738 1886 Christianissimi
2760 1831 2962 1901 gregis,
2989 1829 3080 1901 qui
3106 1843 3190 1887 est
3213 1833 3316 1887 sub
3341 1835 3479 1899 sole,

1906 1935 1975 1976 ne
2016 1921 2336 1990 despiciatis
2377 1922 2654 1976 tristitiam
2703 1923 2898 1978 matris
2940 1934 3133 1977 vestrte
3184 1922 3477 1992 Ecclesiae,

1911 2015 2006 2070 sed
2040 2015 2277 2079 studete,
2312 2024 2371 2069 ut
2399 2030 2461 2069 ea
2493 2030 2685 2071 rursus
2710 2023 2947 2070 veterem
2984 2013 3211 2085 recipiat
3239 2015 3478 2085 pulchri-

1906 2104 2174 2159 tudinem.
2194 2103 2272 2160 Ne
2297 2106 2576 2175 patiamini
2595 2105 3022 2161 abominandam
3054 2106 3304 2161 haeresim
3332 2120 3481 2163 nunc

1905 2207 2127 2263 quoque
2164 2206 2425 2264 tanquam
2474 2209 2627 2249 suem
2666 2209 2731 2250 ex
2789 2203 3070 2266 querccto,
3124 2204 3183 2250 ut
3238 2195 3477 2258 dicitur,

1905 2293 2125 2339 vastare
2170 2299 2233 2339 ac
2264 2284 2493 2353 perdere
2526 2285 2740 2339 vineam
2788 2292 2982 2339 vestrae
3023 2285 3391 2353 imperatoriae
3423 2295 3481 2341 et

1907 2374 2083 2429 ﬁdelis
2123 2375 2491 2447 agriculturae,
2520 2383 2575 2430 et
2616 2391 2646 2428 a
2677 2384 2996 2429 transeunte
3024 2375 3165 2430 viam
3207 2392 3315 2430 non
3349 2380 3479 2432 trita

1905 2475 1961 2521 et
1989 2481 2205 2536 aspera,
2236 2467 2376 2521 mala
2412 2466 2674 2537 opinione
2704 2466 2933 2536 turpiter
2961 2480 3081 2520 eam
3114 2456 3356 2536 pervadi.
3382 2466 3481 2522 Est

1905 2558 2062 2613 vobis
2087 2558 2491 2613 scientissimus
2505 2555 2767 2628 agricola,
2783 2556 2875 2627 qui
2895 2556 3092 2612 aluerit
3109 2558 3324 2613 botrum
3340 2575 3480 2615 verae

1904 2650 2291 2716 confessionis,
2326 2658 2381 2704 et
2433 2666 2557 2705 eum
2605 2651 2939 2720 expresserit
2969 2651 3022 2704 in
3061 2650 3244 2705 divina
3290 2662 3478 2706 torcu-

1904 2740 2039 2796 laria
2072 2741 2236 2796 unius
2260 2752 2313 2795 et
2336 2740 2505 2795 solius
2530 2736 2809 2804 Ecclesiae,
2830 2750 3023 2795 etcum
3054 2741 3285 2810 itttplcril
3304 2754 3479 2797 crati:-

1904 2847 2020 2911 rem
2045 2832 2346 2901 sapientiae,
2363 2832 2636 2901 paraVerit
2663 2831 2980 2887 fidelissimo
3003 2834 3202 2902 popqu
3226 2835 3476 2902 poculum

1903 2933 2065 2978 rectae
2089 2924 2391 2978 sentcntiae.
2419 2921 2483 2976 Et
2509 2938 2801 2993 quemnam
2834 2924 2981 2977 hunc
3013 2924 3234 2979 innuis?
3258 2926 3305 2980 ei
3327 2927 3478 2980 dixe-

234 3019 654 3074 mouasterium.
711 3017 1006 3090 Postquam
1040 3035 1169 3076 vero
1198 3029 1541 3090 agnoverunt
1582 3019 1801 3091 pontiﬁ-
1830 3033 1873 3093 ρ
1906 3025 2034 3071 runt
2066 3016 2439 3086 imperatores.
2474 3010 2763 3069 Tarasium
2800 3026 2918 3068 mea
2966 3015 3237 3085 significat
3274 3019 3475 3084 oratio,

236 3126 354 3166 cem
411 3112 648 3167 subiisse
699 3111 944 3166 habitum
1004 3112 1353 3177 humilitatis,
1393 3113 1471 3168 ira
1520 3112 1705 3182 repleti
1750 3120 1806 3166 et

236 3213 380 3259 metu
429 3211 760 3273 rogaverunt
800 3218 949 3268 eum,
993 3205 1086 3274 qui
1130 3220 1188 3259 se
1233 3205 1302 3259 ad
1345 3212 1549 3258 tantam
1582 3204 1805 3258 dederat

234 3295 547 3359 audaciam,
578 3309 827 3364 quaenam
860 3294 1057 3349 fuisset
1083 3310 1251 3350 causa
1282 3294 1556 3365 pontiﬁcis
1586 3293 1728 3364 fugae
1749 3302 1804 3349 et

236 3396 497 3451 tonsurae,
525 3393 841 3453 reputantes
876 3400 1007 3439 num
1042 3386 1199 3439 nihili
1236 3395 1384 3439 esset
1412 3385 1654 3440 facturus
1678 3400 1805 3454 gra-

235 3493 356 3531 vem
386 3475 734 3546 imperatoris
757 3476 1206 3546 indignationem.
1241 3475 1443 3530 Paulus
1477 3486 1658 3530 autem
1685 3477 1802 3530 miti

233 3583 298 3622 ac
326 3566 535 3636 placida
568 3565 817 3620 oratione
849 3564 1010 3635 (talis
1041 3564 1188 3618 enim
1222 3573 1359 3630 erat,
1392 3565 1438 3618 si
1466 3564 1607 3618 ullus
1640 3563 1803 3635 alius)

235 3663 375 3715 iram
422 3659 634 3714 leniens
690 3656 1135 3727 imperatoriam,
1190 3656 1465 3725 persuasit
1526 3665 1586 3710 ut
1636 3655 1801 3710 irasci

231 3753 561 3807 desisterent
590 3768 604 3805 :
632 3759 689 3805 et
736 3753 949 3819 aperuit
979 3763 1224 3813 causam,
1269 3763 1392 3818 qua:
1427 3762 1553 3803 cum
1595 3747 1662 3801 ad
1700 3747 1803 3802 hoc

232 3843 544 3905 deduxerat,
580 3842 684 3895 hoc
719 3839 882 3894 modo
919 3840 1083 3893 verba
1121 3838 1362 3893 faciens:

304 3935 357 3986 6.
393 3931 497 3997 Me,
529 3946 563 3984 o
592 3932 971 4000 imperatores.
1021 3940 1076 3983 et
1115 3929 1340 3983 morhus
1375 3935 1429 3984 et
1470 3929 1803 4000 improvisus

234 4026 427 4079 mortis
476 4024 746 4078 adventus
797 4022 978 4091 coegit
1029 4022 1133 4076 hoc
1172 4021 1373 4085 facere,
1411 4021 1581 4075 multo
1616 4033 1800 4077 autem

235 4120 408 4189 magis
434 4118 501 4172 ad
543 4118 594 4172 id
628 4115 844 4185 impulit
890 4114 1148 4169 Ecclesiae
1187 4113 1526 4180 deformitas,
1558 4129 1679 4183 quae
1717 4113 1798 4168 la-

233 4213 392 4267 borat
421 4211 633 4275 hwresi,
665 4219 719 4264 et
747 4224 811 4263 ex
845 4207 1104 4264 diuturna
1131 4206 1276 4261 mala
1295 4206 1558 4277 opinione
1588 4215 1797 4262 tantum

302 4434 378 4506 (7)
418 4433 554 4506 Aliis
584 4427 1193 4506 Salaminu,iu_1‘iotitia
1219 4428 1532 4506 Grterorum
1579 4429 1795 4506 episco-

230 4500 459 4573 patu'um
509 4503 652 4559 facta
711 4516 855 4557 anno
900 4501 1009 4555 882
1052 4500 1373 4555 Constantia
1406 4540 1423 4566 ,
1481 4501 1799 4569 metropolis

230 4575 413 4630 Cvnri.

277 4590 475 4715 y(p8r)'.ln
508 4639 876 4715 Chronologia
917 4639 1208 4715 Nieephori
1236 4654 1249 4689 :
1283 4657 1301 4690 ι
1332 4636 1537 4715 Paulus
1566 4638 1798 4715 Cyprius

232 4707 538 4777 Diaconus,
579 4707 918 4766 orthodoxus
965 4723 1020 4767 et
1055 4707 1378 4781 Confessor.
1409 4724 1429 4757 ι
1487 4711 1528 4761 A
1582 4707 1796 4762 Zonara

235 4787 401 4839 etiam
435 4785 635 4838 dicitur
679 4799 698 4832 ι
742 4781 911 4834 lector
937 4783 1300 4836 orthodoxus.
1349 4795 1368 4828 ι
1431 4838 1441 4845 ,

305 4856 381 4925 (9)
404 4854 580 4923 Aliqui
616 4851 927 4925 referuntur
953 4867 988 4925 a_
1011 4850 1341 4918 Theophane
1365 4862 1550 4916 supra,
1568 4853 1799 4925 sanctus

232 4914 592 4995 Theophanes
612 4921 1138 4995 tuartyriinpalmam
1165 4914 1500 4995 consecutus
1520 4914 1761 4995 ,_Papias
1780 4954 1795 4981 ,

234 4985 577 5065 Strategius,
604 4985 842 5065 Ja_cob'u_s
874 4985 1335 5065 ProtoSpatarius,
1372 4987 1504 5051 Leo,
1533 4985 1794 5049 Thomas,

231 5058 443 5118 omnes'
461 5064 624 5117 aultci
656 5060 859 5115 Leonis
895 5058 1295 5129 imperatoris,
1318 5069 1794 5129 quem_perperain

230 5134 499 5187 Baronius
524 5131 763 5185 Leonem
800 5124 1097 5182 Arnienum
1133 5127 1324 5182 scribit
1371 5126 1424 5177 in
1474 5124 1630 5178 Notis
1668 5124 1732 5176 ad
1763 5124 1798 5178 4

233 5204 507 5265 Ιιοεεηιὶ).,
542 5216 654 5271 quo
682 5201 770 5255 die
794 5214 948 5253 sacra
978 5212 1170 5252 eorum
1210 5193 1470 5251 memoria
1505 5193 1798 5264 quotannis

230 5272 459 5326 recolitu
469 5286 513 5325 r.

312 5339 426 5408 (10)
464 5340 556 5393 Die
570 5338 644 5408 7'51
676 5335 925 5405 Augusti.
948 5333 1221 5408 ind_ict._7,
1248 5348 1393 5408 anno
1426 5332 1642 5408 imperii
1661 5332 1800 5408 Con-

229 5402 455 5463 stantini
479 5419 533 5462 et
562 5407 746 5461 lrenes
764 5402 984 5471 ἶμιειγιο.
1033 5403 1105 5457 lta
1134 5402 1522 5474 Theophanes,
1555 5405 1646 5474 qui
1683 5407 1798 5459 haec

232 5479 479 5547 pluribus
506 5483 711 5530 narrat.
743 5476 836 5528 Est
890 5474 936 5527 is
978 5489 1155 5547 anque
1179 5473 1299 5547 784.

302 5548 347 5614 (l
364 5546 758 5616 l)Subscripsit
778 5543 1026 5616 sequenti
1066 5532 1283 5615 Synodo
1304 5542 1533 5601 Nicena
1555 5541 1796 5614 Ἰλαρίων

230 5614 529 5687 ἡγούμενος
554 5615 659 5669 τῶν
683 5614 934 5686 Φλώρων.

1907 3110 2000 3180 qui
2051 3116 2137 3163 est
2175 3103 2387 3178 priinus
2432 3122 2462 3161 a
2513 3109 2741 3163 secretis
2792 3106 2961 3162 divini
3016 3108 3181 3162 vestri
3241 3109 3475 3178 imperii.

1905 3202 2061 3256 illum
2093 3202 2232 3266 scio,
2253 3208 2306 3253 et
2330 3198 2648 3270 quicunque
2677 3184 2823 3254 recte
2848 3199 3011 3269 sapit,
3037 3199 3331 3255 Ecclesium
3353 3215 3479 3256 esse

1904 3302 2217 3364 opportune
2248 3301 2657 3363 suscepturum,
2695 3299 2748 3347 et
2785 3293 2937 3361 virga
2986 3292 3205 3362 quidem
3244 3293 3477 3347 rationis

1903 3383 2171 3453 participe
2203 3382 2470 3437 haeresum
2503 3397 2677 3452 nugas
2696 3396 2819 3437 esse
2846 3391 3161 3436 exacturum
3195 3401 3209 3437 :
3244 3381 3478 3437 docendi

1903 3485 2084 3529 autem
2128 3484 2181 3530 et
2210 3474 2470 3546 pastorali
2510 3474 2708 3529 baculo
2740 3473 3181 3528 introducturum
3228 3483 3283 3528 et
3323 3474 3477 3528 foras

1904 3567 2329 3642 educturum-ad
2356 3564 2568 3620 stabula
2595 3574 2651 3619 et
2676 3566 2936 3620 mandras
2959 3565 3226 3629 veritatis,
3258 3578 3475 3635 gregem

1905 3658 2338 3712 divinissimum.
2370 3658 2504 3712 Cum
2541 3657 2769 3712 auribus
2805 3657 3171 3725 imperatoriis
3205 3658 3285 3710 sic
3311 3659 3477 3711 semi-

1908 3758 2092 3805 nassct
2129 3750 2456 3813 orationem,
2493 3758 2547 3802 et
2582 3764 2702 3802 eam
2735 3748 3013 3802 eﬁ'ecisset
3058 3748 3368 3817 genitalem,
3419 3758 3477 3804 et

1905 3858 2028 3912 qua:
2059 3843 2174 3912 jam
2222 3840 2460 3895 fructum
2508 3840 2710 3893 tulerat
2746 3839 2799 3892 in
2829 3841 3168 3908 centuplum,
3207 3841 3475 3910 gravitate

1904 3933 2084 3989 morbi
2136 3945 2456 4003 Oppressus,
2495 3930 2564 3984 ad
2621 3929 2960 3984 tabernaculi
3013 3930 3472 4000 dissolutionem,

1902 4040 2000 4097 per
2027 4035 2257 4078 mortem
2293 4021 2633 4077 confidenter
2659 4018 2969 4084 festinabat,
3001 4021 3409 4076 aediﬁcationem
3436 4037 3471 4078 a

1904 4116 2018 4173 Deo
2049 4131 2147 4186 per
2178 4111 2666 4184 incorruptionem,
2696 4120 2755 4167 ut
2790 4111 2967 4166 dicam
2997 4112 3318 4181 apostolice.
3344 4127 3469 4167 sor-

1900 4210 2034 4266 titus
2073 4206 2205 4280 (14).

1970 4429 2084 4501 (η)
2107 4428 2167 4501 in
2192 4425 2461 4501 rescripto
2490 4422 2881 4501 imperatorum
2900 4422 3248 4501 Constantini
3277 4432 3332 4501 e_t
3356 4421 3468 4478 lre-

1898 4490 1999 4556 nes
2037 4490 2258 4574 actione
2298 4497 2324 4574 _l
2367 4490 2868 4574 'synodi.‘Nieaa.nte,
2921 4507 3042 4561 quae
3060 4494 3211 4574 'i‘llud
3257 4494 3470 4574 σᾴκραν

1896 4569 2152 4637 appellat,
2183 4564 2387 4637 Paulus
2410 4559 2690 4617 inducitur
2717 4559 2973 4637 dixisse:
3011 4579 3031 4612 ι
3060 4559 3138 4614 En
3164 4564 3311 4630 quod
3341 4559 3469 4619 cum

1900 4630 2209 4707 huiusmodi
2232 4636 2364 4707 viris
2377 4640 2743 4707 conversatus
2764 4630 2960 4707 fueer
2988 4639 3042 4707 e_t
3063 4641 3428 4707 computatus.
3442 4650 3464 4685 ι

1898 4692 2015 4761 Ιηιό
2042 4706 2340 4761 secundum
2375 4702 2761 4770 Theophanem
2785 4740 2802 4764 ,
2837 4718 2857 4751 ι
2883 4698 3106 4755 Patricii
3152 4692 3206 4754 et
3247 4710 3497 4770 senatus:
3530 4692 3552 4754 Ψ

1896 4752 2166 4846 $33.01;;
2173 4752 2485 4846 "aisais;
2501 4752 2579 4824 ’ἒί
2590 4752 2593 4753 ί
2684 4752 2867 4835 Quare
2913 4752 3494 4846 gas.§.ap.'ssis_j,"éai.;i

1897 4840 2301 4900 consecrareris
2336 4855 2443 4895 non
2480 4848 2532 4893 te
2564 4846 3011 4894 consecraturum
3040 4840 3251 4894 leonam
3277 4840 3302 4894 ‘l
3334 4858 3355 4894 ι

1970 4915 2082 4984 (15)
2123 4913 2383 4966 Romana:
2428 4909 2672 4984 scilicet,
2712 4919 2766 4963 et
2804 4923 2928 4984 quae
2972 4908 3108 4984 hinc
3139 4911 3467 4984 colliguntur

1897 4984 2026 5039 huic
2061 4978 2358 5039 adhaesisse
2390 4990 2579 5034 contra
2606 4978 2969 5033 lconoclastas
2994 5019 3009 5043 .
3047 4978 3427 5035 Alexandrina:
3447 5020 3465 5045 ,

1896 5054 2251 5110 Antiochense
2271 5060 2325 5105 et
2346 5048 2869 5110 Hierosolymitanar.
2910 5045 3024 5102 Hoc
3045 5051 3330 5103 anathema
3361 5051 3476 5105 lco-’

1899 5122 2160 5187 noclastis
2199 5121 2438 5174 minatus
2474 5127 2558 5172 est
2584 5116 2880 5186 Gregorius
2916 5117 3220 5187 ll,__inllix_it
3261 5116 3466 5187 Grc-go-

1897 5194 2014 5248 rius
2038 5184 2125 5257 ll'l,
2158 5198 2220 5244 ut
2257 5204 2324 5244 ex
2350 5189 2643 5242 Anastasio
2666 5184 2720 5240 in
2751 5187 2945 5241 horum
2982 5184 3122 5257 Yita,
3157 5184 3470 5241 Ziinara'de

1897 5262 2078 5317 Leone
2111 5254 2390 5322 Armeno,
2438 5257 2671 5325 aliisque
2716 5264 2951 5310 constat.
2990 5254 3145 5321 Quod
3180 5257 3468 5325 anathema

1896 5347 2028 5387 num
2078 5328 2301 5398 reliqui,
2329 5323 2600 5398 dictamni
2647 5325 3020 5381 Ecelesiarum
3068 5324 3299 5394 amplexi
3355 5323 3469 5378 sint

1896 5395 2255 5472 φυξίῳ-(διώ,
2289 5395 2637 5472 hincliquet.
2710 5462 2774 5472 __
2904 5463 2916 5472 _
3273 5459 3305 5472 __
3376 5459 3409 5472 ν

1968 5461 2081 5543 (1.4)
2116 5457 2193 5524 Ex
2233 5457 2422 5543 hunc,
2486 5457 3094 5543 ihqnit_'l'h_eoph.anes,
3148 5459 3311 5529 cmpit
3359 5457 3471 5543 dici

1896 5529 2248 5609 et'dis'putari
2305 5529 2724 5609 supersanctis
2782 5529 3114 5602 imaginibus
3172 5543 3354 5585 sermo
3398 5529 3470 5586 ab

1900 5606 2158 5667 omnibus
2190 5622 2312 5669 cum
2346 5606 2564 5663 ﬁducia.
