3904 6208
534 203 670 268 139i

1142 307 1370 365 CAPUT
1412 307 1497 363 Ill.

522 447 723 505 .‘Sancti
768 444 979 499 Tarasii
1015 441 1203 497 eiectio
1238 450 1288 495 et
1328 439 1654 493 consecratio
1709 434 2107 505 patriarcltalis.

609 582 662 635 7.
694 580 759 634 Et
786 581 869 635 sic
899 575 1124 647 quidem
1157 589 1217 629 sc
1255 573 1429 644 gessit
1457 570 1660 627 Paulus
1690 587 1704 624 :
1752 568 2112 639 imperatores

534 682 722 728 autem
763 671 817 725 in
848 669 1087 740 pastoris
1132 666 1401 720 electione
1446 670 1685 717 mentem
1722 660 1988 716 habentes
2015 673 2112 714 oc-

532 770 816 833 cupatam,
851 769 905 816 et
932 757 1086 813 Pauli
1118 769 1372 813 sermone
1403 752 1690 816 stimulati,
1723 750 1778 807 in
1823 747 2113 805 Tarasium

539 860 724 921 aperte
768 847 1012 920 defigunt
1040 845 1232 902 oculos
1267 862 1282 899 :
1324 852 1380 898 et
1434 857 1581 905 eum,
1616 839 1726 895 Deo
1772 840 2008 904 volente,
2056 846 2119 893 ut

539 942 765 996 viduato
794 937 943 1008 gregi
972 943 1250 1006 praeesset,
1280 930 1560 987 communi
1596 944 1866 985 consensu
1896 928 2117 998 sapien-

542 1044 625 1087 ter
670 1031 899 1101 eligunt.
936 1027 1028 1082 Eis
1068 1025 1492 1089 assentiebatur,
1535 1022 1798 1093 quidquid
1830 1029 1949 1076 erat
1973 1019 2118 1089 opti-

542 1139 694 1179 mum
738 1131 792 1176 et
824 1115 1339 1190 praestantissimum
1376 1127 1408 1169 e
1447 1126 1608 1167 sacro
1657 1120 1872 1175 senatu,
1899 1108 2118 1164 divinus

536 1213 704 1285 plane
724 1220 900 1266 cmtus
932 1227 947 1264 ;
982 1216 1044 1262 ut
1066 1203 1169 1277 Qui
1198 1205 1424 1260 omnino
1473 1203 1678 1259 scirent
1706 1202 1886 1257 virum
1912 1202 1967 1254 in
1994 1215 2116 1254 om-

536 1304 710 1359 nibus
756 1300 1102 1372 priefulgere,
1161 1306 1214 1351 et
1266 1296 1514 1365 dignum,
1564 1293 1653 1349 cui
1701 1291 2121 1347 demandaretur

538 1396 788 1466 dignitas
836 1389 1149 1462 pastoralis.
1185 1385 1463 1456 Quidquid
1513 1394 1696 1440 autem
1749 1392 1871 1439 erat
1914 1380 2121 1453 promi-

549 1500 742 1541 seuum
773 1479 1292 1542 circumforaneum,
1323 1487 1376 1531 et
1404 1477 1685 1531 lucernam
1717 1474 1992 1530 redolebat
2012 1472 2123 1527 haec

549 1555 802 1638 reticam,
839 1569 1020 1625 Patris
1059 1568 1428 1630 sanctitatem,
1458 1567 1622 1623 etiam
1652 1575 1779 1621 ante
1809 1579 2025 1621 sacram
2054 1563 2123 1617 ab

1625 202 1685 259 S.
1724 197 2032 258 TABASII
2089 192 2593 256 PATRIARCHIE
2642 192 2747 251 (ΣΡ.

2138 312 2182 367 Α
2210 299 2579 374 prehendatur
2602 296 2746 380 quod
2773 293 3139 351 desideratur.
3169 292 3392 365 Tempus
3421 310 3611 371 estergo,
3630 321 3665 362 αι

3576 195 3662 262 fill?

2210 398 2536 448 conteaatur
2573 389 2838 459 praeclara
2871 395 2929 441 et
2963 386 3130 441 valde
3155 386 3376 456 optanda
3400 387 3598 451 εοειεείε
3615 406 3665 454 ω,

2212 482 2358 545 nica,
2387 494 2553 551 quam
2596 476 2763 534 scidit
2805 476 2977 547 pestis
3005 477 3253 532 haeresis.
3290 476 3667 557 Νιιηονθρρτομίι.

2212 580 2347 643 quat
2367 571 2485 627 dies
2518 568 2748 639 insignis
2774 575 2830 623 et
2860 567 3148 631 salutaris,
3175 567 3228 621 in
3250 582 3354 639 quo
3378 569 3667 637 Christum
3752 570 3753 643 ᾖ

2214 675 2340 718 sare
2385 660 2592 716 faciens
2630 658 2912 714 fremitum
2956 659 3167 714 erroris
3204 659 3583 731 simulacrorum,
3615 686 3668 726 aa.

2214 751 2336 807 nuit
2373 751 2613 822 copiosis
2665 750 2783 806 suis
2837 748 3307 818 miserationibus,
3353 762 3408 810 ut
3441 754 3539 826 ejus
3566 775 3668 817 rem.
3752 748 3753 826 1

2214 844 2388 899 randa
2421 843 2726 914 erigeretur
2764 849 2970 906 statua,
2995 842 3146 912 quod
3196 844 3381 899 attinet
3419 847 3476 901 ad
3498 848 3669 906 humaui-
3752 842 3753 915 Ῐ

2219 943 2406 990 tatem.
2439 932 2740 989 Transiens
2766 948 2901 1003 ergo
2936 933 3007 989 ad
3039 942 3255 1003 septum
3294 936 3562 1004 sacerdotii.
3592 958 3667 999 cuu

2217 1029 2487 1085 adversus
2522 1026 2774 1082 heresim
2808 1025 3204 1089 decertaveris,
3233 1040 3358 1081 cane
3380 1027 3575 1085 victoria
3592 1046 3669 1088 can-
3752 1025 3753 1049 ἶ

2220 1121 2389 1176 ticum
2419 1118 2681 1174 adversus
2727 1115 3004 1172 inimicos.
3052 1118 3100 1171 Δ
3136 1117 3248 1173 Deo
3285 1120 3527 1188 premium
3555 1132 3668 1180 eteo-

2217 1226 2412 1267 ronam
2441 1218 2785 1279 accepturus,
2815 1209 3098 1280 egredere.

2290 1302 2344 1357 9.
2386 1302 2648 1357 Tarasius
2701 1310 2884 1357 autem
2931 1300 3278 1370 imperatoris
3308 1301 3576 1359 allocutione
3607 1307 3668 1362 ob-

2221 1393 2585 1463 stupefactus,
2619 1402 2673 1448 et
2702 1402 2964 1462 tanquam
2997 1407 3031 1447 a
3069 1392 3281 1447 cmlesti
3311 1393 3471 1463 aliquo
3504 1410 3667 1451 soccat-

2224 1486 2455 1549 tonitus,
2495 1484 2778 1552 respondit
2807 1482 2862 1537 in
2894 1482 3039 1538 hanc
3088 1482 3403 1538 sententiam
3427 1485 3484 1539 ad
3514 1500 3575 1550 ea,
3594 1503 3667 1556 qua

2223 1574 2369 1630 dicta
2407 1572 2627 1628 fuerant
2652 1590 2667 1626 :
2691 1571 3095 1643 Tempestatem
3122 1572 3357 1643 quidem,
3377 1590 3478 1645 qua:
3506 1576 3546 1630 in
3567 1578 3665 1632 idem

549 1682 616 1721 θο
642 1672 921 1733 acceptam
958 1672 1189 1727 “35mm.
1241 1668 1300 1714 ιιι
1357 1659 1426 1715 ad
1469 1658 1802 1729 πευθηάοω
1834 1657 2126 1712 νθὶιθωοιι-
2156 1648 2198 1703 Β
2225 1672 2279 1719 et
2301 1663 2621 1719 universum
2652 1677 2945 1718 commune
2964 1663 3315 1718 vehementer
3335 1664 3485 1729 irruit,
3506 1674 3546 1720 et
3561 1682 3666 1736 usque

543 1757 819 1812 tissimam
848 1765 904 1809 et
952 1752 1358 1817 acutissimam,
1412 1759 1725 1820 suspectam
1776 1748 1984 1804 habens
2034 1742 2145 1801 se-'

549 1848 771 1913 curim,
817 1844 1039 1900 nolebat
1086 1842 1344 1899 assentiri
1398 1841 1781 1897 communibus
1826 1837 2122 1905 suffragiis,

551 1955 662 1994 non
695 1938 884 1994 volens
914 1936 983 1991 ab
1038 1935 1262 2005 antiqua
1301 1949 1398 1990 sua
1448 1934 1772 2003 resipiscere
1799 1932 2068 1989 sententia
2106 1970 2121 1985 .

553 2041 610 2086 rt
634 2030 871 2085 malebat
904 2026 1108 2083 involvi
1138 2039 1300 2082 coeno
1338 2025 1455 2080 limi
1503 2025 1795 2087 haereseos,
1827 2039 1992 2093 quam
2028 2037 2120 2093 ρος

557 2121 661 2176 tari
691 2112 905 2175 \it'ifico
928 2116 1136 2173 fluento
1162 2106 1286 2188 puri
1325 2122 1382 2170 et
1427 2114 1807 2186 imperturbati
1835 2113 2001 2169 fontis
2026 2114 2125 2169 do-

554 2212 747 2267 ctrinae
768 2207 1007 2264 Tarasii.
1058 2208 1161 2263 Sed
1196 2207 1329 2262 vicit
1364 2206 1441 2273 id,
1471 2206 1617 2277 quod
1639 2206 1845 2276 justum
1879 2214 1995 2261 erat
2026 2223 2041 2259 :
2072 2212 2128 2260 et

560 2302 860 2357 admissum
896 2307 1001 2365 est,
1046 2297 1192 2368 quod
1227 2312 1326 2367 pro
1371 2298 1571 2367 pietate
1607 2295 1903 2364 ferebatur,
1936 2297 2126 2352 decre-

557 2405 697 2449 tum.
720 2388 922 2446 Jubent
960 2388 1147 2459 itaque
1188 2387 1546 2457 imperatores
1573 2387 1758 2443 statim
1787 2402 1969 2443 coram
2006 2387 2127 2443 sisti

558 2481 871 2546 Tarasium,
906 2487 988 2545 ut,
1029 2492 1153 2549 qua:
1181 2476 1295 2532 Deo
1322 2476 1649 2532 videbantur
1691 2486 1747 2533 et
1777 2476 1988 2548 legibus
2033 2491 2128 2531 cc-

558 2569 905 2636 clesiasticis,
934 2567 1058 2639 jura
1097 2567 1153 2623 in
1199 2581 1267 2623 eo
1309 2568 1719 2624 confirmarent.
1751 2566 1848 2623 ille
1878 2582 2006 2622 vero
2034 2566 2130 2620 ad-

558 2671 677 2719 erat
704 2677 829 2718 cum
860 2661 950 2732 pia
980 2671 1035 2716 et
1068 2660 1303 2717 honesta
1337 2660 1538 2731 specie.
1574 2668 1631 2715 et
1658 2673 1796 2729 quas
1825 2673 1857 2714 a
1888 2658 2000 2712 Deo
2030 2658 2130 2710 ha-

559 2753 742 2820 bebat,
774 2753 966 2824 gratiis
992 2750 1369 2807 circumdatus
1399 2771 1412 2806 :
1441 2749 1586 2821 apud
1614 2764 1775 2820 quem
1804 2748 2060 2824 honestis
2076 2755 2130 2800 et

556 2845 790 2916 egregiis
816 2852 1040 2914 agentes
1070 2842 1446 2908 sermonibus,
1478 2852 1533 2897 et
1564 2850 1825 2912 tanquam
1863 2841 1976 2911 jam
2003 2819 2127 2895 cbm

2223 1755 2293 1810 ad
2320 1754 2674 1811 fundamenta
2698 1752 3002 1810 Ecclesiam
3034 1753 3349 1823 periculosis
3370 1756 3544 1826 agitarit
3562 1757 3665 1813 qui-

2222 1846 2351 1914 bus,
2383 1855 2441 1902 et
2468 1846 2668 1901 animae
2693 1843 3047 1915 naufragium
3078 1845 3263 1901 multis
3286 1847 3560 1913 conciliarit,
3578 1850 3664 1903 nulla

2222 1945 2310 1992 est
2351 1938 2526 2001 auris,
2558 1952 2684 2006 qua:
2725 1951 2837 1992 non
2885 1936 3182 2006 acceperit,
3215 1938 3411 1993 etiamsi
3440 1941 3560 2007 pauci
3583 1940 3661 1994 afu-

2225 2028 2407 2100 gerint
2426 2028 2536 2082 vim
2561 2027 2832 2097 procella}.
2862 2024 3024 2084 Hunc
3045 2043 3176 2083 vero
3207 2029 3382 2084 sedare
3407 2032 3615 2095 turbinem,
3633 2044 3663 2088 et

2226 2123 2509 2169 nocturnae
2534 2129 2730 2183 pugnae
2749 2113 2879 2169 luna
2907 2129 3020 2169 non
3048 2115 3261 2172 lucente
3289 2117 3412 2173 lianc
3434 2133 3659 2187 μεθημο-

2227 2202 2442 2272 cellam,
2493 2203 2671 2270 majus
2703 2212 2808 2270 est,
2865 2220 3038 2274 quant
3091 2215 3151 2260 ut
3185 2206 3305 2261 ulla:
3331 2209 3453 2262 vires
3482 2209 3521 2262 id
3542 2219 3659 2277 quan

2228 2304 2513 2364 praestare.
2536 2293 2670 2360 Quis
2690 2296 2860 2360 enim,
2889 2312 3017 2367 qua:
3039 2306 3148 2352 tam
3175 2296 3365 2353 nefarie
3385 2299 3658 2362 inraluitmr-
3756 2282 3757 2285 η

2227 2387 2602 2455 suetudinem,
2655 2395 2711 2443 et
2759 2396 2971 2444 natura:
3022 2389 3134 2443 vim
3179 2389 3390 2458 accepit,
3427 2391 3655 2445 etmuodua

2226 2478 2623 2549 propemodum
2654 2478 3019 2549 jurejurando
3048 2480 3225 2551 adegit
3259 2482 3485 2537 adversus
3512 2479 3653 2536 divina

2228 2576 2575 2636 potestatem,
2604 2568 2957 2636 converterit,
2993 2579 3055 2624 et
3080 2568 3266 2625 fecerit
3299 2570 3479 2626 discere
3504 2571 3655 2640 quodest
3756 2568 3757 2637 ξ

2228 2657 2448 2723 melius,
2494 2657 2603 2713 nisi
2651 2659 2793 2716 Deus
2836 2661 3115 2730 aspexerit
3147 2669 3201 2715 et
3236 2659 3497 2717 defenderit
3518 2671 3653 2716 vestri:

2229 2747 2471 2803 divinam
2515 2752 2881 2818 potestatem?
2923 2750 3195 2817 Ecclesia,
3237 2765 3348 2821 quae
3386 2751 3654 2820 impietatisq-

2230 2836 2461 2893 rannide
2505 2839 2637 2895 olim
2671 2839 2777 2897 fuit
2808 2851 2973 2898 exuta
3003 2841 3210 2898 veteris
3248 2840 3438 2897 decoris
3473 2838 3656 2911 pulchritu-
3756 2832 3757 2911 ᾗ

559 2936 744 3004 Patre,
769 2936 837 2992 de
859 2950 926 2991 eo
955 2934 1100 3005 quod
1130 2943 1251 2990 erat
1281 2942 1472 3004 postea
1502 2933 1972 3000 constituendum,
1995 2948 2127 2988 con-
2157 2967 2202 3025 ο
2233 2929 2379 2996 dine,
2418 2932 2722 3004 lacerisque
2764 2934 2963 3004 pannis
3002 2934 3103 2989 diu
3152 2948 3271 2990 esse
3316 2933 3477 2990 induta
3499 2929 3657 2987 sustinuit

561 3031 744 3087 silium
775 3028 1054 3095 ineuntes,
1086 3026 1172 3084 usi
1204 3036 1337 3083 sunt
1357 3028 1541 3083 verbis
1568 3026 1839 3099 ejusmodi
1878 3041 1892 3079 :

631 3121 687 3177 8.
709 3118 829 3175 Non
870 3129 1128 3191 putamus
1175 3119 1346 3175 latere
1386 3128 1535 3175 tuam
1584 3119 1956 3189 prudentiam,
1988 3118 2136 3189 quod

561 3208 857 3279 praeteritis
908 3208 1249 3278 temporibus
1296 3206 1614 3287 Ecclesium.
1669 3208 1871 3262 invasit
1929 3207 2138 3278 vertigo

564 3300 833 3357 haeretica:
856 3299 1127 3370 caliginis,
1157 3314 1279 3369 quae
1301 3299 1475 3353 nihilo
1503 3297 1841 3354 tolerabilius
1862 3312 1981 3351 eam
2008 3310 2141 3366 cpe-

565 3392 696 3457 ruit,
754 3405 918 3461 quam
954 3404 1094 3445 nova
1142 3391 1299 3461 plaga
1339 3388 1684 3461 Egyptians,
1744 3389 2004 3455 tenebrae,
2057 3388 2142 3442 in-

564 3498 756 3554 quam,
810 3481 1130 3553 palpabiles,
1185 3491 1241 3537 et
1291 3496 1466 3550 usque
1495 3482 1549 3536 in
1607 3480 1932 3536 hodiernum
1992 3478 2140 3534 diem

565 3570 749 3626 cancri
784 3587 936 3626 more
970 3571 1145 3642 serpit
1178 3587 1274 3643 per
1303 3586 1521 3642 gregem
1551 3588 1566 3624 :
1598 3579 1653 3626 et
1696 3571 2139 3641 per‘universum

565 3661 684 3717 fere
715 3661 982 3717 mundum
1032 3660 1087 3715 in
1133 3663 1372 3717 animam
1402 3662 1704 3716 commovit
1739 3671 2139 3734 tempestatem.

567 3750 701 3818 Sed,
739 3751 1002 3822 quoniam
1035 3751 1180 3809 Deus
1211 3752 1474 3808 ineffabili
1521 3763 1658 3808 nutu
1696 3769 1814 3808 eam
1861 3754 2140 3824 produxit,

564 3845 687 3916 ejus
710 3843 990 3908 ductores,
1026 3843 1122 3913 qui
1161 3856 1274 3897 non
1308 3843 1458 3914 juste
1496 3843 1704 3914 justum
1736 3844 1994 3916 persequi
2035 3855 2144 3901 sta-

568 3941 806 3998 tuerant,
831 3933 982 4004 justo
1003 3932 1215 4003 judicio
1259 3933 1327 3988 ab
1374 3933 1605 4003 imperio
1633 3935 1834 3987 exemit
1862 3944 1916 3988 et
1945 3950 1975 3988 a
2005 3933 2140 4002 vita,

568 4037 623 4079 ct
648 4034 907 4094 tanquam
939 4022 1247 4093 lampadem
1271 4025 1655 4094 praelucentem
1682 4032 1924 4079 nostram
1950 4038 2143 4078 accen-

569 4116 650 4169 dit
679 4112 1005 4183 potentiam.
1050 4122 1111 4167 ut
1159 4112 1314 4166 malae
1358 4112 1635 4182 Opinionis
1674 4112 1960 4181 abigamus
1994 4120 2144 4167 tene-

568 4203 719 4268 bras,
751 4210 807 4258 et
836 4201 1108 4257 faciamus
1149 4202 1354 4256 exoriri
1396 4202 1570 4257 solem
1617 4201 1983 4271 cognitionis;
2017 4216 2145 4258 ecce

2236 3031 2453 3091 propter
2481 3024 2661 3094 putria
2691 3031 2746 3078 et
2775 3024 3049 3080 imbecilla
3086 3024 3331 3097 dogmata
3363 3022 3552 3087 haeresis,
3574 3034 3657 3076 nunc

2236 3127 2269 3169 a
2293 3111 2406 3168 Deo
2440 3113 2595 3170 vobis
2616 3122 2843 3168 ornetur
2869 3115 2978 3186 piis
3008 3114 3372 3170 varietatibus.
3402 3114 3483 3168 Per
3501 3127 3568 3167 vos
3584 3123 3658 3178 ergo

2238 3214 2568 3259 renoventur
2600 3205 2855 3259 mandata
2881 3207 3274 3275 apostolorum,
3299 3219 3385 3275 per
3419 3218 3514 3274 qua
3532 3200 3658 3256 refulsit
3756 3200 3757 3275 ξ

2237 3294 2495 3365 splendor
2523 3308 2665 3349 verm
2707 3293 2856 3350 fidei.
2909 3294 3200 3366 Respirent
3246 3309 3482 3351 sacrarum
3514 3290 3658 3359 synodo-

2238 3403 2360 3443 rum
2391 3403 2529 3458 pura
2568 3388 2808 3453 decreta,
2831 3403 2954 3458 quas
2991 3387 3320 3458 evangelicis
3361 3390 3658 3441 servanturtn-
3756 3432 3757 3461 ξ

2239 3478 2565 3542 ditionibus.
2607 3493 2709 3534 nec
2754 3480 3038 3534 sustinent
3089 3480 3143 3534 in
3193 3491 3427 3534 eternum
3455 3474 3538 3528 ullo
3565 3471 3657 3525 modo
3756 3472 3757 3479 ‘

2240 3582 2402 3637 posse
2454 3568 2677 3638 surripi.
2734 3568 3070 3638 Aperiantur
3126 3567 3373 3623 vestibula
3424 3572 3655 3635 paternum

2239 3659 2582 3730 dogmatum,
2615 3667 2671 3714 et
2697 3658 2905 3713 Christi
2935 3659 3207 3730 pecudum
3237 3661 3286 3712 in
3306 3656 3378 3712 eis
3400 3668 3546 3726 greges
3560 3661 3658 3705 mur

2241 3760 2389 3817 eant,
2438 3759 2492 3805 et
2523 3760 2782 3820 tanquam
2812 3764 2877 3805 ex
2934 3751 3125 3806 divino
3159 3748 3388 3821 paradiso
3419 3745 3658 3802 confiteantur

2241 3839 2546 3895 doctrinam
2581 3849 2743 3895 recta:
2767 3839 3156 3897 confessionis.
3182 3841 3279 3896 Per
3309 3829 3658 3907 Caiphaicuuttlsl

2242 3932 2387 3988 enim
2419 3932 2710 3988 concilium
2743 3931 2888 3987 facta
2917 3941 3001 3989 est
3034 3934 3244 3989 abortio
3270 3930 3395 3986 fetus
3414 3923 3659 3981 limit.”

2242 4023 2639 4079 tecumenicam
2690 4024 2958 4094 synodum
3006 4033 3295 4081 nascantur
3325 4013 3658 4076 filiiEcclesiMl

2241 4113 2311 4168 ad
2335 4128 2645 4168 mensuram
2678 4116 2854 4168 aetatis
2879 4113 3084 4170 Christi
3109 4115 3459 4169 incrementum
3473 4100 3656 4171 accipiatu-

2242 4203 2379 4259 Nam
2401 4205 2447 4261 si
2476 4207 2580 4260 ltoc
2612 4209 2813 4260 factum
2839 4205 3029 4272 fuerit,
3052 4215 3107 4262 et
3133 4205 3341 4275 antiqua
3363 4216 3417 4256 ac
3438 4197 3565 4268 prima
3580 4188 3657 4244 ami-
3756 4220 3757 4275 γ

571 4304 625 4350 te
653 4307 949 4350 evocamus
994 4290 1342 4348 defensorem
1391 4300 1446 4346 et
1471 4283 1949 4362 propugnatorem,
1987 4300 2041 4347 et
2070 4293 2137 4348 ad
2168 4296 2216 4354 Ι)
2241 4302 2362 4349 ctus
2401 4293 2667 4365 dignitate
2716 4293 2884 4349 fuerit
2927 4294 3201 4357 decorata,
3250 4300 3300 4347 et
3344 4303 3459 4344 verm
3486 4276 3656 4352 opiniouit
3756 4278 3757 4297 ‘

571 4387 677 4441 hoc
702 4393 981 4441 certamen
1010 4381 1339 4453 adjutorem,
1369 4389 1428 4437 ut
1449 4381 1541 4452 qui
1571 4383 1813 4437 sciamus
1833 4389 1889 4437 te
1916 4381 2143 4451 pulchre

574 4489 734 4548 posse
766 4473 973 4529 armari
1021 4473 1091 4528 ad
1145 4482 1352 4528 rectam
1404 4471 1658 4527 tuendam
1693 4472 2045 4536 sententiam,
2089 4481 2145 4528 et

571 4577 776 4625 structa
805 4582 870 4623 ex
905 4566 1173 4623 divinitus
1206 4565 1490 4638 inSpiratis
1522 4564 1826 4637 Scripturis
1870 4566 2008 4630 acie,
2044 4580 2143 4636 pro

571 4678 636 4717 ca
670 4661 963 4733 confligere
993 4670 1048 4716 et
1098 4668 1150 4715 te
1199 4658 1457 4731 praclare
1486 4672 1693 4729 gerere.
1722 4656 1801 4713 Ne
1834 4672 1963 4728 ergo
1994 4668 2144 4728 terga

573 4763 755 4808 vertas
784 4753 855 4808 ob
892 4766 981 4819 ea,
1026 4767 1150 4822 quae
1179 4750 1268 4820 pie
1327 4764 1359 4804 a
1392 4749 1551 4805 nobis
1596 4759 1994 4819 proponuntur,
2048 4747 2142 4818 qni

574 4843 872 4899 mundanis
898 4844 1095 4912 opibus
1121 4851 1175 4897 et
1202 4841 1375 4911 copiis
1397 4841 1683 4896 studemus
1721 4856 2012 4912 procurare
2048 4855 2145 4910 pa-

573 4937 657 5006 cis
700 4932 989 4987 utilitatem
1026 4951 1041 4985 :
1087 4932 1220 5001 quin
1267 4931 1432 4985 etiam
1497 4932 1726 5001 pedibus
1780 4941 1836 4987 et
1887 4931 2143 4986 manibus

573 5039 734 5096 opem
764 5021 929 5087 ferre,
963 5032 1018 5077 et
1049 5036 1269 5076 omnem
1317 5035 1537 5075 movere
1569 5021 1823 5089 lapidein,
1854 5030 1915 5076 ut
1940 5022 2142 5077 dicitur

574 5118 627 5171 in
658 5113 994 5179 Proverbiis,
1022 5122 1084 5167 ut
1112 5111 1422 5165 inveniatur
1450 5110 1599 5181 quod
1640 5111 1923 5181 quaeritur,
1953 5120 2009 5167 et
2048 5126 2144 5183 ap-

648 5289 760 5359 (15)
800 5286 926 5359 llaec
955 5294 1040 5359 est
1084 5284 1536 5359 pseudosynodus
1551 5283 2045 5359 ‘Constantinopoli
2088 5291 2143 5344 in

578 5356 785 5431 palatio
824 5356 1022 5410 literne
1055 5359 1124 5413 ab
1169 5356 2147 5431 imperatoreﬁonstantinoAilopro-

582 5425 747 5513 ingnio
772 5435 1309 5513 _t-0JLg‘regata,‘anno
1337 5425 1546 5513 imperii
1740 5425 2050 5513 linlictione
2086 5430 2140 5494 7,

583 5495 787 5553 Naristi
830 5495 953 5560 754,
990 5495 1299 5565 'babitaque
1326 5509 1355 5547 a
1385 5505 1583 5565 quarto
1615 5495 1738 5552 ldus
1792 5495 2142 5562 Februarias,

580 5569 648 5623 ad
693 5577 906 5623 sextum
942 5564 1067 5624 ldus
1111 5566 1385 5637 Augustas
1415 5582 1429 5621 :
1467 5566 1620 5621 nullo
1666 5576 1930 5637 praesente
1960 5583 2025 5623 ex
2053 5583 2145 5623 ca-

2243 4386 2369 4457 pius
2395 4386 2715 4457 dogmatum
2746 4384 2967 4441 Lucifer
2994 4395 3176 4443 vestro
3206 4383 3367 4442 studio
3391 4391 3487 4434 eam
3511 4372 3655 4428 illustra-

2244 4456 2403 4542 verit,
2455 4456 2676 4533 habebit
2725 4493 2917 4533 omnes
2964 4478 3149 4534 fideles
3198 4478 3250 4532 in
3292 4473 3450 4529 eadem
3491 4456 3655 4520 sentienti!

2242 4566 2648 4631 convenientes,
2690 4576 2745 4622 et
2774 4582 2903 4623 suas
2947 4569 3157 4624 animas
3201 4561 3540 4638 profundentes.
3566 4557 3652 4605 υιει

2244 4660 2511 4716 stabiliter
2568 4657 2817 4727 fundata,
2868 4670 3216 4718 conservetur
3259 4669 3404 4728 supra
3433 4650 3653 4707 firmanti“

2243 4762 2385 4807 tram
2418 4752 2561 4808 fidei.

2316 4845 2407 4898 fil.
2458 4844 2595 4900 Cum
2635 4844 2756 4901 haec
2804 4860 2987 4901 coram
3037 4845 3344 4915 imperatore
3379 4832 3532 4890 anima
3564 4818 3653 4875 υιίιῖί

2246 4935 2577 4991 declarasset
2605 4938 2883 5006 mysteria,
2917 4937 3034 5005 ipse
3060 4949 3180 4991 eum
3213 4937 3368 5002 rogat,
3404 4931 3452 4978 ut
3469 4931 3558 4974 eum
3575 4919 3651 4980 fl”

2245 5042 2354 5098 que
2398 5027 2467 5082 de
2505 5027 2593 5083 his
2635 5027 2997 5084 disserentem
3049 5025 3226 5081 audiat
3274 5011 3524 5076 communis
3550 5008 3651 5098 uel“

2246 5088 2452 5189 Populi-
2489 5115 2627 5173 Nam
2676 5118 2782 5176 boc
2826 5128 2994 5190 caput
3033 5126 3188 5174 recta:
3226 5109 3338 5169 fidei
3369 5104 3530 5162 ferebat
3562 5088 3649 5146 ιιτδ·

2248 5297 2488 5381 ειξοιῖείε.
2521 5298 2767 5381 sedile?»
2821 5297 3065 5381 Remi-ra
3126 5293 3351 5381 δοίιὶιξοέι
3385 5271 3650 5381 ἕλ’.ῑὶῗὲξὲιῖ

2245 5349 2488 5441 manu
2496 5349 3148 5441 ria;;'n:;ro;3i;.:.isn5
3163 5349 3198 5441 '_:'
3226 5364 3275 5418 in
3301 5349 3616 5441 eagljlffﬁfj

2247 5412 2704 5508 animaanima
2714 5412 3022 5496 "manu;
3030 5412 3148 5493 ἓὲἰῗ
3164 5412 3372 5508 minus
3394 5412 3647 5508 Τιρωυιιιυσν

2246 5498 2585 5578 Νἰεεριιυῐῖιε
2614 5509 2671 5565 in
2698 5509 2974 5565 Breviario
3009 5498 3259 5570 historin
3286 5498 3468 5564 alii‘l‘W'
