3904 6208
223 379 360 444 1393

220 590 532 646 adorandas
557 591 903 648 venerandas
933 592 1226 664 imagines.
1259 592 1406 651 Nutu
1452 611 1585 669 ergo
1613 595 1803 652 Eccle-

221 681 319 736 sia:
345 681 453 738 hoc
480 681 660 739 facere
689 683 972 749 incitatus,
998 699 1123 740 cum
1149 683 1348 743 fuisset
1371 687 1425 742 in
1451 688 1656 761 inclyte
1695 688 1803 744 Ma-

222 786 448 843 gnaurae
475 772 588 844 (16)
614 774 842 843 palatio,
866 774 1123 830 universa
1161 777 1473 835 conﬂuente
1499 779 1719 837 civitate
1747 790 1802 836 et
1840 772 1849 783 ’

220 863 547 918 sacerdotali
585 864 961 929 multitudine,
995 880 1057 921 se
1102 866 1324 936 quidem
1365 870 1667 928 excusavit.
1700 885 1801 925 va-

220 952 348 1008 lidis
391 954 778 1011 demonstrans
824 955 1155 1022 rationibus,
1203 957 1379 1028 qualis
1420 968 1567 1015 esset
1613 975 1801 1015 sacer-

214 1042 351 1098 dotii
385 1042 659 1113 professio
688 1052 744 1101 et
776 1045 1034 1116 dignitas,
1075 1056 1131 1102 et
1165 1049 1231 1102 ad
1264 1058 1525 1120 quautam
1553 1050 1799 1105 altitudi-

218 1149 343 1188 nem
371 1144 425 1190 et
459 1135 893 1206 magnitudinem
925 1137 1123 1193 evehat
1150 1154 1301 1206 eum,
1337 1141 1430 1211 qui
1457 1141 1575 1196 vult
1604 1142 1671 1197 ad
1694 1141 1801 1198 hoc

219 1226 516 1295 procedere
551 1246 565 1281 :
599 1242 767 1298 seque
799 1244 908 1283 non
937 1244 1060 1284 esse
1103 1230 1363 1287 idoneum
1408 1232 1477 1288 ad
1522 1233 1573 1287 id
1619 1234 1799 1290 susci-

216 1316 505 1385 piendum,
565 1327 625 1372 ut
677 1318 773 1389 qui
827 1318 941 1390 jam
988 1320 1118 1377 olim
1169 1321 1336 1378 fuerit
1384 1323 1701 1394 implicatus
1742 1325 1797 1381 in

220 1409 413 1463 mundi
442 1410 831 1481 dignitatibus,
868 1419 925 1467 et
947 1412 1001 1467 in
1033 1412 1199 1483 hujus
1223 1414 1348 1470 vitae
1372 1415 1549 1471 turbis
1569 1424 1624 1471 et
1651 1415 1803 1471 solli-

217 1499 561 1557 citudinibus
592 1502 888 1573 plurimum
920 1502 1225 1570 involutus,
1256 1514 1313 1561 et
1333 1507 1624 1578 mysticum
1653 1508 1803 1565 hunc

217 1600 423 1648 statum
457 1596 704 1649 nondum
731 1597 1050 1667 gustaverit.
1088 1595 1227 1652 Eum
1252 1599 1420 1664 enim,
1446 1600 1540 1668 qui
1569 1600 1635 1654 ad
1660 1601 1803 1657 hanc

217 1684 567 1740 vocationem
603 1695 658 1740 et
705 1686 854 1743 hunc
884 1688 1114 1757 gradum
1162 1698 1443 1760 properat,
1500 1691 1690 1758 illotis,
1741 1699 1804 1747 ut

221 1773 446 1838 dicitur,
498 1774 758 1831 manibus
805 1776 915 1832 cito
964 1777 1031 1832 ad
1065 1777 1121 1833 id
1166 1778 1398 1846 insilire,
1438 1791 1493 1836 et
1530 1797 1654 1852 quae
1691 1798 1799 1837 non
1836 1789 1889 1852 η’

222 1866 371 1936 tangi
406 1877 660 1937 possunt,
710 1876 935 1939 tangere
978 1885 1088 1925 non
1133 1879 1218 1926 est
1251 1880 1429 1927 tutum
1465 1892 1480 1929 :
1519 1876 1616 1931 sed
1649 1890 1797 1943 eum,

216 1957 313 2025 qui
354 1967 436 2012 est
468 1957 739 2015 educatus
768 1959 825 2014 in
860 1961 952 2028 iis,
989 1976 1112 2032 quae
1138 1961 1205 2016 ad
1239 1961 1345 2019 hoc
1377 1962 1580 2033 ferunt,
1599 1966 1802 2035 justifi-

214 2047 566 2115 cationibus,
605 2058 659 2105 et
693 2050 937 2108 directus
982 2052 1315 2124 evangelicis
1369 2064 1423 2110 et
1457 2058 1797 2126 apostolicis,

215 2148 278 2194 ut
327 2155 429 2209 par
479 2151 584 2208 est,
644 2143 876 2200 vivitlcis
928 2145 1216 2210 doctrinis,
1272 2147 1339 2203 ad
1373 2148 1798 2205 discernendum

213 2231 359 2286 viam
388 2242 592 2288 rectam
627 2244 680 2291 et
707 2236 989 2292 incurvam
1025 2255 1041 2293 :
1078 2247 1139 2294 ut
1172 2240 1264 2295 illa
1295 2239 1519 2311 quidem
1544 2255 1801 2313 pastora-

212 2321 337 2377 liter
363 2325 599 2381 deducat
646 2329 711 2382 ad
759 2330 1026 2400 meliora;
1067 2332 1209 2388 hanc
1250 2342 1432 2388 autem
1470 2334 1706 2391 declinet
1746 2344 1802 2392 et

211 2414 367 2480 vitet,
423 2419 817 2476 convenienter
858 2422 1060 2480 divinae
1118 2424 1503 2493 admonitioni,
1561 2437 1622 2481 ut
1678 2443 1801 2499 quae

210 2508 410 2576 procul
463 2507 605 2565 ferat
639 2526 671 2567 a
725 2512 836 2570 Deo
880 2524 936 2571 et.
978 2515 1100 2586 ejus
1148 2510 1656 2575 conatitutiOnibus.
1702 2519 1800 2577 His

210 2596 439 2666 fretum,
476 2601 689 2657 traduci
722 2614 937 2674 oportet
983 2607 1051 2663 ad
1090 2609 1543 2680 magnitudinem.
1589 2609 1675 2667 Me
1701 2627 1802 2666 au-

209 2700 345 2757 tem,
404 2704 467 2750 ut
506 2696 614 2751 scit
657 2696 832 2766 Deus,
873 2701 941 2756 ad
988 2703 1094 2758 hoc
1143 2704 1556 2775 suscipiendum
1608 2720 1801 2762 mona-

208 2785 445 2841 sterium
476 2787 707 2845 invitum
736 2803 1035 2865 coegerunt
1083 2794 1466 2866 imperatores,
1515 2813 1643 2854 cum
1693 2799 1799 2855 hoc

213 2876 349 2931 mihi
386 2894 670 2950 nunquam
713 2884 954 2940 venisset
984 2885 1040 2940 in
1073 2895 1335 2956 mentem,
1386 2904 1565 2961 neque
1594 2889 1662 2945 de
1697 2891 1800 2946 hac

213 2981 453 3037 unquam
485 2972 1094 3046 rectionecogitassem.
1117 2976 1403 3050 Tanquam
1452 2980 1627 3036 electo
1667 2996 1799 3053 ergo

213 3056 309 3113 Dei
355 3061 559 3131 pupulo
602 3071 657 3118 et
694 3064 844 3136 gregi
885 3082 1061 3123 meam
1111 3070 1464 3127 communico
1506 3072 1798 3127 conscien-

1764 391 1939 454 VITA
1951 437 1965 453 .

220 497 497 563 militaris,
526 505 587 552 ιιι
612 497 704 554 cui
749 498 858 555 non
886 498 1168 558 videretur
1205 516 1329 559 esse
1355 502 1720 561 admittendas
1749 512 1805 559 et
1832 507 1880 563 Α

3347 388 3483 456 139i

2514 502 2745 560 CAPUT
2788 502 2876 559 IV.

1904 610 2089 669 Sancti
2126 611 2341 670 Tarasii
2364 615 2677 669 exercitatio
2701 615 2959 689 virtutum
2988 631 3117 689 erga
3147 631 3224 685 se,
3256 617 3491 684 clerum,

2378 700 2660 755 pauperes,
2699 685 3013 741 monachos.

1971 771 2061 829 12.
2080 772 2489 831 Continentiam
2510 776 2657 832 enim
2688 784 2953 847 tanquam
2986 776 3268 835 Encrateaa
3301 779 3493 846 illius,

1901 871 1956 920 et
1984 865 2082 933 qui
2119 880 2241 921 eam
2288 865 2403 937 jam
2437 867 2647 938 pridem
2683 868 2900 924 abunde
2928 879 3276 936 exercuerat,
3305 886 3485 940 usque

1902 958 2040 1014 adeo
2068 959 2174 1015 sibi
2211 961 2426 1031 paravit
2451 975 2519 1016 ex
2544 976 2633 1028 eo,
2664 962 2812 1033 quod
2854 971 3003 1019 esset
3030 963 3221 1034 paucis
3259 974 3487 1019 conten-

1905 1058 2014 1115 tus,
2067 1063 2129 1106 ut
2168 1060 2318 1108 esset
2369 1052 2491 1123 ejus
2540 1054 2718 1110 victus
2770 1069 2800 1110 a
2853 1055 3021 1111 rebus
3061 1057 3486 1127 supervacaneis

1901 1139 2129 1194 omnino
2167 1141 2403 1206 alienus,
2448 1151 2642 1198 etnon
2677 1143 2964 1201 luxurians
3002 1160 3180 1217 usque
3220 1146 3286 1201 ad
3319 1145 3487 1201 satie-

1903 1236 2091 1285 tatem.
2127 1229 2266 1288 Vita
2307 1242 2492 1288 autem
2531 1249 2647 1290 sua:
2674 1234 2919 1293 habenas
2954 1238 3029 1292 ita
3064 1237 3478 1301 moderabatur,

1902 1330 1957 1377 et
1985 1322 2154 1376 animi
2184 1323 2662 1394 perturbationum
2692 1328 2963 1383 tumultus
3007 1328 3084 1384 ita
3121 1330 3485 1400 reprimebat,

1902 1422 1963 1468 ut
1990 1423 2137 1470 esset
2171 1415 2433 1473 omnibus
2483 1416 2892 1474 divinissimum
2923 1421 3204 1491 exemplar
3232 1421 3486 1491 proprii.-

1901 1513 2044 1570 tum,
2091 1505 2180 1560 cui
2222 1521 2504 1578 nunquam
2557 1509 2875 1579 persuaderi
2908 1518 3145 1580 poterat,
3192 1519 3254 1566 ut
3296 1524 3482 1578 move-

1904 1602 2063 1648 retur
2087 1594 2155 1648 ad
2190 1596 2488 1666 appetitum
2514 1598 2830 1668 voluptatis.
2872 1599 3010 1654 Cum
3042 1608 3223 1656 autem
3251 1599 3319 1656 ad
3345 1600 3485 1655 divi-

1903 1699 2101 1740 narum
2129 1683 2540 1757 Scripturarum
2565 1688 2975 1746 meditationem
2994 1692 3099 1747 sibi
3121 1692 3483 1749 domesticam

1905 1774 2194 1830 ascivisset
2217 1775 2486 1845 vigiliam,
2523 1790 2779 1832 somnum
2813 1786 2874 1833 ut
2901 1779 3150 1834 membra
3182 1779 3402 1836 solvens
3428 1791 3487 1835 et

1903 1864 2096 1921 inutile
2135 1867 2469 1922 amandabat
2511 1869 2851 1939 mancipium
2884 1887 2898 1924 :
2926 1877 2983 1924 et
3030 1884 3156 1924 cum
3202 1885 3337 1927 usus
3369 1870 3492 1926 exi-.

1903 1964 2082 2025 geret,
2130 1972 2328 2013 rursus
2368 1957 2597 2029 iubebat
2634 1959 2853 2016 adesse.
2894 1959 3034 2026 Quis
3057 1961 3206 2016 enim
3248 1976 3375 2017 eum
3424 1961 3483 2016 in

1903 2047 2047 2103 lecto
2074 2049 2507 2116 recumbentem,
2539 2059 2637 2107 aut
2669 2052 2925 2108 mollibus
2952 2054 3215 2125 stragulis
3240 2069 3489 2125 unquam

1902 2137 2041 2195 vidit
2078 2139 2435 2195 involutum?
2479 2139 2617 2210 Quis
2666 2143 2911 2199 tunicam
2960 2144 3016 2201 et
3072 2159 3268 2200 zonam
3316 2161 3484 2216 super

1902 2231 2085 2288 cubile
2112 2232 2478 2290 dimittentem
2512 2252 2755 2307 unquam
2785 2238 2997 2308 accepit
3037 2247 3091 2293 et
3129 2239 3481 2311 prtrparavit,

1906 2330 1965 2378 ut
1995 2337 2144 2381 esset
2171 2325 2475 2397 elegantior
2496 2338 2552 2383 et
2580 2329 2948 2385 concinnior?
2974 2330 3107 2397 Quis
3141 2345 3207 2387 ex
3238 2331 3361 2401 eius
3389 2346 3484 2402 pe-

1902 2414 2066 2471 dibus
2096 2431 2341 2487 unquam
2373 2418 2609 2474 detraxit
2634 2421 2873 2487 calceos,
2900 2429 2955 2477 et
2981 2422 3200 2493 alligata
3228 2423 3489 2494 spongia,

1902 2513 1964 2561 ut
2002 2520 2123 2562 mos
2151 2515 2258 2571 est,
2292 2507 2565 2580 ltevigavit
2591 2518 2646 2566 et
2678 2511 2880 2582 poliit?
2919 2510 3026 2569 Sed
3059 2513 3177 2584 ipse
3205 2522 3325 2569 erat
3352 2514 3483 2579 sibi,

1904 2605 1963 2650 ut
1990 2595 2213 2663 dicitur,
2247 2597 2554 2668 balneator,
2584 2609 2639 2656 et
2668 2601 3005 2660 inserviebat
3049 2604 3153 2661 sibi
3197 2605 3265 2661 ad
3319 2621 3485 2663 usum

1902 2689 2154 2757 corporis
2187 2706 2202 2743 :
2240 2688 2296 2743 in
2329 2689 2434 2746 hoc
2471 2705 2694 2763 quoque
2724 2692 3007 2750 Christum
3044 2696 3369 2768 magistrum
3402 2697 3484 2752 di-

1902 2768 2171 2833 vino‘zelo
2203 2778 2458 2847 imitans,
2493 2780 2633 2836 dixit
2664 2799 2680 2837 :
2720 2800 2741 2835 ι
2771 2781 2890 2839 Non
2920 2784 3042 2839 veni
3062 2794 3122 2840 ut
3158 2786 3292 2840 mihi
3323 2785 3485 2841 mini-

1902 2878 2191 2936 straretur,
2221 2871 2316 2927 sed
2369 2881 2429 2928 ut
2461 2873 2834 2931 ministrarem
2890 2875 3115 2947 (Matth.
3143 2892 3238 2941 xx,
3283 2876 3385 2949 28)
3413 2894 3429 2934 :
3459 2898 3487 2929 ι.

1900 2962 2211 3033 exemplum
2253 2963 2585 3023 humilitatis
2607 2966 2856 3039 praebens
2887 2968 3005 3025 suis
3042 2969 3353 3040 discipulis.

1974 3054 2063 3110 15.
2113 3053 2361 3114 Habebat
2406 3066 2591 3115 autem
2625 3061 3029 3131 precationem,
3075 3078 3198 3133 qua:
3244 3069 3491 3118 mentem

211 3149 370 3216 nam,
428 3159 509 3217 ιιι,
562 3154 610 3208 si
660 3169 749 3210 me
802 3155 931 3213 huic
983 3159 1225 3215 maximo
1260 3161 1473 3217 muneri
1508 3163 1794 3220 νοιυετίιίε
1824 3169 1868 3229 c
1902 3148 2139 3206 sublime
2174 3152 2240 3207 ad
2274 3153 2445 3209 custos
2477 3153 2762 3222 evebebat,
2815 3166 2872 3212 et
2914 3156 3015 3212 soli
3065 3154 3188 3233 Deo.
3222 3153 3485 3211 reddebat

211 3241 460 3312 alligare,
515 3246 572 3299 et
623 3260 711 3300 me
756 3245 922 3318 hujus
970 3249 1166 3323 jugum
1226 3252 1414 3309 subire
1466 3255 1793 3323 statueritis,

210 3331 497 3386 traditioni
532 3335 890 3390 tecumenicre
925 3335 1048 3392 fidei
1089 3353 1188 3393 vos
1213 3355 1432 3410 quoque
1458 3342 1609 3413 ipsos
1634 3344 1797 3399 incli-

210 3424 378 3491 netis,
429 3432 485 3480 et
522 3440 592 3480 ne
640 3441 739 3481 vos
773 3427 930 3497 sequi
968 3429 1152 3501 pigeat
1198 3430 1410 3499 Patres,
1447 3434 1540 3502 qui
1575 3434 1680 3490 hac
1710 3436 1797 3490 via

208 3522 344 3569 sunt
377 3515 634 3586 ingressi,
664 3524 719 3572 et
751 3533 847 3573 sex
883 3519 996 3590 (l7)
1033 3522 1242 3577 sanctis
1293 3525 1656 3581 meumenicis
1703 3541 1797 3598 sy-

208 3603 396 3671 nodis,
432 3616 486 3660 et
516 3604 606 3674 iis,
649 3622 773 3677 qua;
812 3608 898 3678 pie
939 3610 1008 3664 ab
1059 3609 1195 3681 ipsis
1230 3619 1362 3666 sunt
1390 3613 1635 3678 decreta,
1666 3629 1800 3670 con-

208 3694 423 3751 sentire
457 3712 528 3752 ne
555 3701 840 3754 recusetis.
873 3700 956 3755 Ad
986 3716 1283 3772 supernam
1319 3704 1465 3759 enim
1509 3704 1801 3761 haeredita-

206 3796 322 3840 tem
375 3789 760 3845 transmittunt
795 3805 917 3858 eos,
975 3794 1070 3863 qui
1116 3794 1250 3864 ipsis
1302 3805 1515 3866 parent,
1557 3802 1612 3850 et
1663 3796 1801 3853 fiunt

206 3886 468 3935 auctores
498 3895 714 3952 magna:
744 3892 799 3937 et
837 3883 1169 3940 immortalis
1202 3886 1692 3945 remunerationis.

284 3969 374 4025 11.
424 3971 561 4042 Ejus
607 3974 792 4044 itaque
840 3976 1249 4033 admonitiones
1304 3986 1565 4048 tanquam
1617 3978 1797 4049 angeli

206 4074 378 4117 voces
411 4064 653 4120 admittit
682 4068 940 4138 populus,
973 4077 1027 4122 et
1056 4068 1282 4138 polliciti
1315 4084 1377 4126 se
1413 4069 1588 4125 instar
1610 4070 1797 4125 ovium

208 4165 505 4211 secuturos
533 4156 824 4214 ducentem
855 4160 1224 4230 pastoraliter,
1247 4176 1326 4228 se,
1351 4170 1411 4217 ut
1432 4160 1544 4217 Deo
1572 4162 1690 4218 etei
1712 4161 1794 4217 vi-

207 4246 396 4314 detur,
426 4249 483 4304 in
514 4251 774 4307 omnibus
816 4252 1096 4321 parituros
1133 4250 1500 4308 allirmabant.
1538 4251 1696 4308 Tunc
1727 4252 1796 4310 de

205 4350 416 4396 caetero
475 4340 839 4413 inspiratione
867 4342 983 4414 (18)
1008 4342 1331 4413 principalis
1371 4351 1428 4398 et
1460 4343 1633 4399 divini
1667 4343 1794 4414 Spi-

210 4432 377 4498 ritus,
411 4434 765 4504 consp'rrante
793 4434 958 4489 etiam
992 4435 1228 4491 consilio
1274 4434 1647 4505 imperatoris,
1674 4436 1791 4490 limi

207 4523 480 4580 mundani
513 4535 721 4580 mutata
749 4526 1035 4597 dignitate,
1067 4534 1124 4581 et
1160 4534 1317 4582 tonsa
1354 4541 1513 4582 coma
1546 4527 1651 4581 ritu
1681 4527 1795 4582 cle-
1827 4509 1869 4563 ί)

207 4613 337 4675 rici,
369 4612 712 4684 honestoque
746 4622 803 4669 et
830 4613 1146 4669 venerando
1174 4613 1283 4667 alio
1310 4623 1531 4683 sumpto
1560 4612 1790 4678 amictu,

202 4704 412 4760 divinis
444 4714 500 4761 et
530 4705 871 4775 spiritalibus
902 4704 1370 4768 invocationibus,
1424 4703 1568 4761 sicut
1607 4702 1792 4758 Aaron

203 4804 266 4851 et
290 4795 543 4862 Phinees,
575 4798 806 4868 suscipit
843 4797 1160 4854 unctionem
1206 4796 1435 4852 honoris
1473 4795 1792 4851 sacerdota-

204 4888 302 4951 lis,
331 4896 387 4943 et
412 4889 662 4945 ascendit
688 4888 756 4944 ad
791 4888 1139 4944 altitudinem
1171 4888 1446 4944 cathedra:
1470 4886 1790 4958 pastoralis,

203 4980 319 5034 luci
352 4979 529 5036 lucem
564 4980 894 5052 adiungens,
928 4990 984 5036 et
1022 4982 1281 5037 virtutem
1328 4996 1537 5053 augens
1574 4983 1795 5037 virtuti-

205 5074 336 5138 bus,
384 5080 440 5129 et
491 5073 715 5129 modum
766 5073 1157 5144 superantibus
1202 5073 1544 5143 profectibus
1572 5074 1789 5144 datum,

203 5164 649 5224 sacratissimum
682 5165 948 5222 talentum
976 5165 1371 5237 multiplicans.

283 5360 398 5431 (l6)
437 5357 948 5443 Luitprandustlib:
980 5357 1077 5442 γι,
1118 5358 1191 5414 De
1218 5362 1372 5442 rebus
1411 5360 1791 5443 imperatorum

207 5440 262 5487 et
293 5446 493 5499 regum,
523 5444 644 5497 cap.
679 5432 736 5495 2,
780 5431 856 5484 ait
886 5431 994 5485 dici
1025 5449 1043 5481 ι
1075 5431 1233 5500 quasi
1259 5446 1510 5501 magnam
1543 5431 1724 5485 aulam
1759 5448 1793 5502 ρ

206 5503 335 5571 loco
360 5499 390 5552 λ
418 5499 623 5571 posita,
672 5515 901 5570 esseque
922 5501 1101 5571 mira:
1146 5501 1537 5570 magnitudinis
1567 5516 1632 5556 ac
1667 5502 1792 5571 pul-

208 5569 582 5641 chritudiuis:
622 5587 640 5619 ι
682 5569 1044 5641 etipluribus
1099 5569 1265 5624 situm
1299 5569 1792 5641 oruatuntque'de-

207 5640 420 5695 scribit.
447 5637 644 5696 Fuisse
677 5640 731 5696 in
766 5637 1049 5696 Hebdomo
1081 5641 1345 5697 suburbio
1373 5643 1504 5696 olim
1539 5637 1588 5695 a'
1609 5641 1792 5697 Theo-

206 5709 372 5782 dosio
398 5710 791 5782 junioregurbi
839 5710 1074 5775 incluso,
1137 5711 1297 5766 ducet
1346 5709 1541 5767 Gillius
1594 5712 1686 5765 lih.
1725 5710 1790 5765 Ν

211 5779 594 5853 Topographt'a:
621 5780 1148 5850 Constantinopoleos
1179 5797 1298 5853 cap.
1334 5782 1387 5850 4,
1427 5783 1684 5853 additque
1723 5783 1791 5837 ab

1901 3240 2256 3312 familiarem,
2287 3254 2344 3300 et
2383 3245 2756 3325 coniungebat
2802 3246 3162 3317 ineorporeis,
3193 3255 3249 3302 et
3292 3246 3481 3316 expel-

1898 3332 2048 3389 lebat
2094 3351 2313 3391 omnem
2369 3336 2770 3403 tentationem,
2820 3338 3209 3394 convenienter
3262 3337 3487 3393 Domini

1898 3425 2140 3495 eloquio.
2166 3425 2385 3482 Nullum
2410 3428 2555 3483 enim
2581 3436 2701 3484 erat
2721 3436 2957 3500 tempus,
2982 3444 3093 3500 quo
3116 3444 3224 3484 non
3251 3428 3483 3484 habebat

1900 3515 2078 3569 solum
2103 3531 2228 3571 eum
2258 3533 2398 3588 genu
2430 3517 2738 3576 ﬂectentem
2762 3530 2817 3577 et
2842 3530 3179 3593 surgentem,
3206 3529 3261 3577 et
3287 3536 3482 3576 manus

1900 3604 1971 3658 ad
2014 3606 2186 3661 caelos
2232 3609 2608 3676 extollentem,
2657 3618 2713 3667 et
2756 3626 2997 3682 superne
3049 3612 3409 3683 accipientem
3449 3628 3482 3667 a

1902 3695 2017 3753 Deo
2051 3697 2537 3755 illuminationem.
2581 3700 2959 3758 Humilitatem
2992 3718 3155 3769 vero,
3190 3712 3254 3758 ut
3285 3718 3407 3773 quae
3430 3706 3482 3759 ei

1900 3803 1932 3843 a
1962 3802 2135 3858 puero
2162 3788 2342 3845 fuerat
2372 3790 2684 3859 familiaris,
2713 3793 2783 3847 ita
2810 3803 2894 3848 est
2914 3794 3256 3863 complexus,
3290 3804 3347 3849 ut
3373 3810 3489 3852 non

1901 3881 2082 3936 solum
2116 3894 2181 3936 ea
2225 3881 2280 3936 iu
2317 3882 2439 3952 ipso
2482 3884 2919 3954 conspiceretur,
2966 3894 3022 3939 et
3073 3900 3139 3940 ex
3167 3899 3231 3940 ea
3265 3885 3483 3940 laudem

1898 3981 2294 4043 assequeretur
2327 3990 2340 4028 :
2374 3974 2470 4030 sed
2518 3974 2684 4029 etiam
2747 3975 3009 4030 transiret
3056 3975 3124 4029 ad
3179 3974 3340 4040 alios,
3387 3975 3487 4044 qui

1898 4065 2156 4134 exemplo
2196 4079 2302 4120 suo
2344 4063 2806 4120 informabantur.
2854 4063 3041 4121 Multis
3085 4066 3234 4121 enim
3277 4079 3344 4121 ex
3391 4064 3486 4131 iis,

1898 4155 1994 4225 qui
2029 4164 2189 4212 erant
2234 4156 2393 4212 relati
2432 4157 2488 4213 in
2519 4172 2812 4212 numerum
2839 4157 3191 4221 clericorum,
3235 4155 3329 4228 qui
3352 4169 3484 4211 suos
3532 4194 3537 4198 -

1897 4248 2116 4304 lumbos
2148 4250 2303 4305 zonis
2335 4249 2632 4321 cingebant
2670 4250 2873 4316 aureis,
2910 4257 2967 4305 et
2996 4248 3177 4305 ornati
3205 4256 3364 4304 erant
3386 4261 3484 4302 va-

1897 4339 1999 4394 riis
2044 4348 2100 4395 et
2135 4341 2393 4410 pretiosis
2442 4342 2693 4398 vestibus
2729 4342 2980 4408 sericeis,
3021 4356 3217 4396 aurum
3252 4339 3475 4413 quidem

1900 4429 2147 4496 ademit;
2202 4429 2333 4487 fecit
2379 4440 2566 4487 autem
2615 4432 2937 4502 succingere
2992 4432 3210 4488 lumbos
3247 4431 3484 4500 cingulis

1898 4524 2171 4578 contextis
2198 4539 2265 4578 ex
2304 4523 2433 4595 pilis
2465 4539 2778 4595 caprarum.
2812 4524 2883 4580 lis
2905 4539 3058 4588 vero,
3090 4525 3185 4594 qui
3232 4524 3331 4578 toti
3361 4539 3486 4580 cor-

1896 4614 2017 4684 pori
2047 4629 2115 4670 ex
2133 4613 2327 4670 iisdem
2366 4614 2468 4671 Illis
2490 4630 2793 4686 purpureas
2819 4623 3000 4671 vestes
3031 4614 3309 4670 habebant
3347 4629 3483 4670 con-

1898 4713 2117 4772 textas,
2172 4705 2450 4777 excogitat
2507 4705 2725 4763 tunicas
2773 4712 3016 4762 remotas
3073 4721 3104 4761 a
3156 4705 3482 4761 curiositate

1894 4795 2071 4853 nimia
2104 4803 2161 4851 et
2188 4795 2428 4862 deliciis,
2462 4806 2526 4853 ut
2551 4812 2674 4868 quas
2696 4807 2883 4854 essent
2916 4797 3147 4853 vestitus
3192 4796 3493 4864 honestus,

1898 4895 1955 4942 et
1998 4886 2361 4943 convenirent
2400 4888 2491 4952 iis,
2539 4889 2635 4959 qui
2671 4887 2784 4943 Deo
2827 4887 3034 4944 servire
3067 4895 3398 4953 statuerunt,
3428 4897 3493 4949 et,

1896 4979 2224 5050 prolltentur
2263 4978 2660 5035 humilitatem.
2695 4980 2775 5035 Ex
2806 4994 2917 5050 quo
2966 4978 3100 5049 quid
3135 4978 3363 5034 evenit?
3410 4979 3483 5039 Ut

1898 5071 2179 5126 tolleretur
2216 5070 2465 5141 quidem,
2496 5071 2765 5143 quidquid
2818 5071 3007 5127 damni
3058 5086 3123 5127 ex
3164 5086 3233 5126 eo
3285 5085 3479 5126 nasce-

1895 5161 2092 5228 batur;
2124 5162 2494 5219 honoraretur
2524 5169 2710 5219 autem
2745 5160 3054 5235 frugalitas,
3097 5170 3158 5217 ut
3182 5162 3491 5216 thesaurus.

1895 5361 2176 5433 aliquibus
2223 5362 2306 5444 ita
2328 5361 2460 5430 dici,
2512 5361 2659 5444 quod
2694 5360 3022 5444 Anastasius
3078 5359 3204 5419 istic
3249 5356 3484 5430 perierit:

1895 5448 2092 5503 magna
2123 5448 2259 5503 aura
2293 5441 2677 5502 tempestatum
2714 5441 3040 5503 exstinctus.

1968 5497 2093 5580 (:17)-
2125 5502 2250 5558 llaec
2284 5497 2433 5580 sunt:
2463 5503 2679 5580 Nicmna
2714 5502 2754 5580 l,
2788 5497 3402 5580 Constantinopolitana
3432 5497 3471 5561 l,

1894 5569 2220 5697 Ερίἰῗέίἱιιίιί
2303 5572 2765 5629 Chalcedonensis
2799 5610 2815 5638 ,
2909 5569 3474 5639 Constantinopolim-

1894 5659 1964 5697 na
2069 5660 2099 5697 e
2226 5682 2241 5697 .

1894 5642 2275 5796 n_a(_:l8)ellll_:tluc
2301 5713 2589 5796 _indicant,
2638 5726 2760 5786 quae
2802 5709 2957 5772 ineo
2995 5706 3284 5768 eluxerunt
3318 5708 3486 5785 signa.

1895 5785 1996 5841 viri
2030 5784 2336 5857 apostolici.
