3936 6212
618 375 753 445 1395

1669 381 1729 438 5.
1761 378 2072 440 TARASII
2101 377 2611 447 PATRIARCHE
2644 378 2753 437 (ΖΡ.
3113 398 3127 411 ·

2152 377 2611 438 ΑΤΒΙΑΒΕΗΕ
2644 378 2753 437 CP.
3113 398 3127 411 '
3617 386 3706 453 i396

620 487 890 557 quispiam
923 485 1370 557 pretiosissimam.
1414 485 1738 542 Castitatetn
1774 502 1935 552 vero,
1978 496 2036 543 et
2063 502 2187 558 qua
2212 494 2261 549 Α
2291 486 2584 542 vocabatur
2612 485 2760 542 Estia
2793 484 2929 557 (2t),
2962 488 3223 546 veniebat.
3264 488 3368 547 Illic
3405 492 3524 549 enim
3554 499 3708 564 parabat

621 594 746 631 cum
782 593 845 631 ea
874 577 1042 633 simul
1074 576 1241 649 degit,
1269 577 1711 649 temperantiam,
1741 587 1802 633 ut
1829 593 1952 661 qua
1979 578 2186 634 sancti-

621 671 927 723 licationem
987 668 1382 734 conciliarent,
1447 669 1738 740 appellavit
1792 683 2055 725 sorores:
2089 684 2187 740 per

617 774 785 828 quas,
829 774 954 828 qua
992 774 1213 816 carnem
1246 760 1482 826 invadit,
1532 761 1808 816 sordidam
1836 770 1891 816 et
1923 761 2187 817 adulteri-

619 864 747 915 nam
782 850 1159 905 exterminans
1191 850 1577 922 cogitationem
1610 861 1666 906 et
1704 850 2017 921 ignominia
2056 850 2188 908 aﬁ'e-

618 941 829 994 rtiones
859 940 1198 1010 depopulans
1222 983 1238 1007 ,
1291 956 1324 996 a
1365 942 1474 997 Deo
1508 940 1614 996 fuit
1648 940 1935 1003 redimitus
1963 942 2188 999 victrice

620 1044 824 1084 corona
862 1030 1311 1100 impatibilitatis.

694 1119 781 1174 14.
829 1119 1377 1178 Commiserationcm
1426 1131 1606 1178 autem
1653 1132 1704 1178 et
1753 1122 2083 1178 ditissimam
2132 1123 2185 1178 in

621 1226 884 1282 pauperes
918 1213 1346 1269 misericordiam
1375 1222 1485 1268 tam
1514 1214 1779 1279 hilariter,
1814 1222 1875 1269 ut
1904 1213 1997 1269 ille
2027 1213 2186 1280 dixit,

622 1302 905 1371 impertiit,
952 1311 1013 1358 ut
1053 1314 1341 1374 superaret
1372 1318 1585 1366 omnes,
1626 1304 1719 1373 qui
1770 1303 2191 1373 suppeditabant

622 1393 972 1462 pauperibus,
1019 1401 1073 1448 et
1116 1392 1269 1449 ﬁeret
1302 1410 1475 1450 novus
1521 1392 1742 1464 Joseph,
1768 1394 1904 1450 dans
1948 1392 2191 1450 frumen-

622 1493 737 1535 tum
769 1483 1072 1553 egentibus.
1109 1481 1234 1539 Sua
1261 1484 1406 1538 enim
1437 1498 1641 1539 mensa
1673 1483 1901 1539 obsonia
1924 1483 1978 1537 in
2013 1482 2187 1539 frusta

619 1574 1025 1642 cotnminucns,
1073 1576 1140 1631 ad
1192 1576 1537 1646 accipiendos
1576 1590 1695 1641 eos,
1731 1576 1821 1646 qui
1853 1576 2186 1643 esuriebant,

622 1663 676 1717 in
716 1660 834 1719 dies
875 1665 957 1720 eis
984 1666 1212 1734 parabat
1239 1667 1574 1721 convivium.
1606 1667 1835 1722 Abunde
1867 1677 2049 1722 autem
2081 1668 2187 1723 hu-

616 1755 707 1822 jus
737 1753 813 1809 rei
843 1763 973 1811 sunt
1022 1763 1187 1813 testes
1230 1773 1404 1826 usque
1447 1757 1503 1811 in
1536 1757 1860 1812 hodiernum
1894 1757 2061 1824 diem,
2094 1758 2191 1813 de-

2284 576 2572 646 egcntibus
2621 575 2942 643 maximum,
2994 593 3102 648 quo
3152 579 3501 650 acciperentur,
3540 586 3705 654 epulum.

2285 667 2439 734 Quos
2475 681 2599 721 cum
2652 665 2873 721 fecisset
2904 669 3229 734 recumbere,
3267 670 3520 740 incipiebat
3543 673 3624 742 ipse
3642 676 3707 729 tui-

2288 757 2544 822 nistrare,
2574 755 2764 810 vinum
2796 756 3081 814 effundens
3104 774 3168 814 ex
3198 771 3404 826 cratere,
3433 770 3480 816 et
3509 767 3708 832 potentis

2287 844 2645 900 distribuens.
2684 844 2891 900 Deinde
2926 860 3054 900 cum
3081 848 3182 902 hoc
3216 864 3396 905 munus
3419 850 3612 915 obiisset,
3637 853 3707 907 ibat

2289 936 2346 991 in
2396 935 2620 989 domum
2675 950 2831 991 suam
2886 937 3309 1005 patriarchicam,
3362 931 3455 996 non
3493 942 3707 1013 aliquam

2290 1024 2672 1087 ltinnulorum,
2705 1033 2764 1078 ut
2788 1023 2922 1078 dicit
2949 1023 3151 1088 fabula,
3178 1027 3406 1084 medullis
3428 1045 3478 1084 se
3512 1032 3705 1095 nutriens,

2291 1129 2469 1185 neque
2512 1130 2697 1171 mensa
2749 1114 3048 1187 Sybaritica
3094 1117 3201 1188 (22)
3250 1120 3508 1190 excipiens,
3542 1138 3616 1177 nec
3632 1138 3709 1194 qua

2289 1215 2534 1265 ventrem
2569 1207 2785 1262 titillant
2816 1216 2873 1262 et
2913 1209 3245 1279 impinguant
3284 1212 3503 1277 bellariis,
3544 1214 3612 1268 sed
3641 1214 3709 1268 irt-

2290 1297 2504 1369 galibus
2531 1298 2798 1361 obsoniis,
2826 1307 2881 1353 et
2900 1314 3019 1368 qua
3042 1315 3144 1354 non
3172 1303 3457 1371 spectabant
3472 1303 3524 1358 ad
3543 1304 3706 1370 delicias,

2290 1404 2351 1447 se
2382 1390 2653 1445 reficiens.
2716 1391 2854 1456 Quis
2896 1391 2962 1445 ad
3005 1400 3208 1446 tantam
3248 1392 3518 1450 humilitatis
3553 1396 3709 1449 altitudi-

2292 1496 2413 1535 nem
2443 1489 2780 1535 memoratur
2807 1479 2979 1536 fuisse
3014 1489 3224 1537 erectus
3249 1497 3307 1536 ex
3344 1482 3421 1549 iis,
3445 1484 3519 1551 qui
3546 1498 3706 1553 unquam

2293 1572 2551 1629 fuerunt?
2591 1571 2726 1640 Quis
2754 1573 3141 1633 demissionem
3168 1574 3354 1631 Christi
3380 1576 3447 1630 sic
3466 1576 3707 1633 estimitatut

2291 1662 2545 1734 (Philipp.
2586 1678 2650 1727 ll,
2695 1665 2775 1731 7),
2811 1664 2907 1734 qui
2949 1666 3157 1735 paterni
3208 1666 3349 1720 sinus
3388 1680 3476 1719 non
3521 1663 3707 1717 exinanita

2293 1753 2686 1822 magnitudine,
2735 1763 2938 1811 nostra
2960 1756 3284 1825 paupertatis
3305 1755 3446 1813 subiit
3475 1753 3657 1824 speciem,
3675 1761 3709 1806 et

621 1846 772 1900 ﬁnita
820 1836 1161 1916 receptacula
1191 1863 1382 1904 eorum
1427 1863 1615 1916 causa,
1645 1848 1739 1919 qui
1775 1848 2012 1918 hospitio
2045 1848 2191 1905 acci-
2224 1832 2265 1888 Β
2295 1843 2659 1899 ministrando
2686 1844 2889 1901 docens
2919 1846 2989 1901 ad
3038 1846 3231 1905 calum
3268 1846 3471 1911 evolare.
3507 1842 3599 1898 ῖθοίι
3622 1855 3691 1895 0°“

621 1937 929 2008 piebantur,
958 1949 1013 1994 et
1042 1953 1345 2010 pauperum
1385 1947 1700 1995 nostrorum
1732 1938 1984 1995 lratrum.
2020 1938 2191 2007 Quin-

618 2029 781 2085 etiam
824 2045 1139 2092 mansuram
1192 2031 1435 2101 pecunia
1464 2031 1739 2086 datiouem
1767 2030 1891 2086 aliis
1920 2031 2006 2101 pie
2036 2031 2193 2086 attri-

619 2120 760 2184 buit,
795 2120 849 2182 in
883 2121 1245 2192 pugillaribus
1280 2138 1475 2192 nomen
1518 2122 1954 2193 uniuscujusque
1985 2123 2193 2193 signiﬁ-

619 2225 775 2265 cans.
826 2210 1209 2278 Quotidianam
1265 2224 1444 2270 autem
1495 2213 1958 2281 distributionem,
2024 2229 2188 2284 quam

621 2316 787 2367 manu
818 2317 918 2358 sua
948 2304 1168 2374 propria
1200 2304 1254 2359 in
1290 2320 1484 2361 manus
1508 2320 1807 2375 pauperum
1841 2305 2188 2373 immittebat,

621 2391 749 2459 nuis
778 2392 1132 2447 ratiocinator
1159 2392 1442 2450 dimensus
1476 2394 1642 2448 fuerit
1684 2393 2027 2464 Diophantus
2054 2393 2187 2464 (l9),

623 2490 715 2548 aut
759 2482 1126 2550 multiplicans
1152 2485 1458 2543 numerarit
1499 2484 1867 2541 Nicomachus
1902 2485 2037 2555 (20),
2071 2500 2193 2555 qua

621 2582 740 2628 erat
782 2590 946 2631 arena
986 2577 1282 2648 copiosior,
1324 2586 1380 2634 et
1404 2592 1705 2649 egenorum
1736 2586 1953 2633 ventres
1981 2576 2193 2633 reﬁcie-

623 2665 757 2732 bat?
782 2664 1001 2736 Jejunio
1023 2682 1177 2732 vero,
1205 2669 1351 2739 quod
1370 2678 1453 2726 est
1482 2678 1608 2726 ante
1625 2668 1831 2725 Christi
1856 2669 2190 2739 passionem,

623 2770 878 2827 magnam
898 2772 1123 2829 erogare
1148 2758 1490 2829 largitionem
1521 2762 1576 2818 in
1604 2763 1834 2819 diversis
1855 2763 1990 2819 locis
2014 2770 2070 2819 et
2090 2778 2197 2819 ca-

624 2847 858 2912 naculis,
889 2848 978 2915 t'ts,
1003 2851 1097 2921 qui
1119 2865 1313 2922 magna
1332 2853 1715 2923 premebantur
1738 2854 1942 2924 inopia,
1966 2852 2083 2923 ipse
2097 2868 2194 2908 ex-

624 2936 883 3004 cogitavit
912 2953 1088 3009 usque
1121 2940 1188 2995 ad
1214 2940 1417 2995 Christi
1450 2941 1623 2997 lucem
1663 2940 1939 2996 aﬁ‘erentis
1995 2940 2192 2995 festum

625 3027 893 3097 festorum
930 3027 1421 3089 Besnrrectionem.
1460 3029 1525 3088 Et
1544 3031 1657 3086 otio
1688 3040 1741 3086 et
1768 3039 2010 3099 tempore
2031 3030 2194 3101 longo

2292 1938 2472 1995 sidere
2497 1955 2619 1996 cum
2660 1949 2885 2010 paterna
2916 1938 3232 2009 majestate?

2366 2032 2451 2088 16.
2479 2029 2577 2086 liic
2610 2032 2744 2101 ipse,
2780 2030 2874 2099 qui
2907 2046 3056 2086 nunc
3081 2030 3339 2094 laudatur,
3365 2026 3536 2083 etiamsi
3569 2025 3606 2079 in
3636 2038 3693 2078 me

2291 2123 2398 2179 diis
2428 2122 2729 2192 iactaretur
2753 2122 3105 2189 tumultibus,
3137 2137 3238 2177 non
3267 2121 3421 2179 solum
3445 2117 3701 2185 amavitquie

2292 2221 2402 2269 tem
2436 2224 2491 2268 et
2521 2212 2823 2277 silentium,
2862 2212 2957 2269 sed
3008 2213 3132 2269 aliis
3157 2226 3355 2282 quoque
3378 2226 3432 2267 ea
3455 2208 3604 2263 atatim
3623 2220 3688 2273 sup

2291 2304 2573 2374 peditavit,
2620 2319 2716 2359 eos
2748 2319 2779 2359 a
2819 2304 3032 2359 mundo
3078 2304 3335 2359 abducens
3361 2311 3408 2356 et
3447 2299 3531 2359 Deo
3558 2295 3707 2351 reddunt

2293 2395 2615 2460 familiares,
2642 2404 2697 2449 et
2724 2395 2940 2451 virtutis
2974 2393 3211 2453 eﬁiciens
3244 2392 3385 2455 ﬁlios,
3421 2398 3469 2445 ut
3491 2389 3607 2457 hujus
3626 2399 3693 2438 salt

2292 2495 2394 2541 cta
2418 2486 2542 2540 vita
2568 2494 2622 2541 et
2655 2485 2999 2554 operationis
3024 2485 3228 2557 genitor
3252 2492 3303 2544 et
3325 2481 3574 2553 productor.
3593 2473 3705 2540 Hujus

2294 2586 2473 2631 autem
2504 2576 2583 2631 rei
2642 2577 2800 2631 ﬁdem
2835 2575 2972 2631 facit
3026 2578 3265 2641 omnino,
3289 2590 3348 2629 ex
3383 2571 3614 2628 haereditate
3645 2578 3696 2617 ω

2293 2685 2441 2734 rum,
2480 2683 2603 2739 qua
2632 2670 2701 2723 ad
2751 2668 2929 2739 ipsum
2974 2670 3094 2740 lege
3138 2669 3273 2725 dotis
3307 2683 3363 2724 ex
3398 2664 3522 2721 bonis
3551 2653 3704 2733 paternis

2292 2760 2541 2816 redibant
2588 2759 2916 2815 adiﬁcatum
2973 2761 3346 2817 monasterium
3379 2757 3470 2827 (23)
3495 2754 3533 2811 in
3560 2749 3701 2807 sinistra

2293 2863 2450 2924 parte
2487 2852 2717 2923 Bospori
2779 2850 3027 2909 Thracii.
3065 2852 3122 2908 in
3172 2869 3277 2923 quo
3308 2867 3412 2908 cum
3438 2847 3610 2901 arborum
3643 2850 3683 2890 ra

2294 2940 2460 2996 tionis
2487 2941 2811 3010 participum
2838 2940 3142 3010 plantasset
3161 2952 3398 3011 generosa
3422 2929 3601 3004 germina.
3617 2933 3703 2989 (ιιι

2295 3031 2722 3102 pinguescebant
2766 3030 2991 3087 attentis
3033 3028 3430 3093 exercitationis,
3456 3016 3703 3087 etaugebal-

624 3119 758 3183 mihi
784 3134 924 3190 opus
958 3119 1141 3187 fuerit,
1177 3130 1238 3179 ιιι
1276 3136 1373 3192 per
1394 3122 1638 3181 ordinem
1674 3122 1935 3179 collocem
1969 3120 2192 3176 accubi-
2217 3134 2268 3217 ϐ·
2298 3129 2386 3174 tttr
2413 3120 2650 3191 copiosis
2676 3121 3047 3178 condimentis
3076 3121 3411 3181 abstinentia,
3432 3131 3481 3171 ea
3501 3111 3592 3213 iecit
3610 3102 3706 3217 Cliti:

623 3218 714 3270 tus
743 3207 1098 3266 invitatorum
1125 3211 1400 3283 hospitum
1435 3222 1489 3267 et
1518 3212 1940 3282 proselytorum,
1971 3210 2194 3265 claudo-

624 3314 859 3370 rumque
903 3310 958 3355 et
984 3316 1256 3357 raeorum
1311 3311 1367 3356 et
1407 3303 1726 3356 mutilorum
1771 3300 2075 3360 ordinatam
2114 3314 2195 3355 se-

622 3403 800 3457 quens
830 3392 1294 3469 consequentiam,
1328 3401 1383 3447 et
1430 3391 1664 3462 posteﬁs
1713 3390 1834 3446 dem
1881 3387 2192 3459 exemplum

625 3481 868 3549 muniﬁci
895 3496 960 3537 ac
989 3482 1230 3538 liberalis
1255 3482 1512 3540 instituti.

695 3591 787 3648 15.
822 3590 1062 3664 Tempus
1104 3602 1286 3651 autem
1336 3595 1572 3668 hyemis,
1608 3598 1752 3668 quod
1814 3608 1935 3655 erat
1987 3601 2195 3657 acerri-

624 3697 816 3751 mum,
853 3684 1087 3756 niveque
1129 3696 1184 3742 et
1227 3689 1349 3759 gelu
1405 3698 1463 3744 et
1507 3690 1679 3760 glacie
1719 3700 1878 3748 terra
1922 3693 2196 3750 vinciebat

623 3772 908 3839 intestina,
943 3784 999 3831 et
1026 3775 1118 3841 iis,
1148 3778 1241 3847 qui
1281 3780 1338 3834 in
1380 3778 1500 3849 ipsa
1540 3791 1719 3847 erant,
1754 3783 2069 3853 imponebat
2109 3784 2195 3840 in-

628 3873 745 3923 star
802 3865 1041 3935 collaris,
1090 3867 1521 3940 frigefacientem
1552 3887 1786 3942 eamque
1811 3874 2194 3945 gravissimam

629 3958 958 4023 molestiam,
993 3960 1271 4029 quomodo
1315 3960 1369 4015 in
1410 3975 1526 4028 eos,
1557 3962 1652 4031 qui
1699 3962 2013 4032 horrebant,
2037 3975 2089 4020 et
2115 3964 2197 4019 la-

628 4048 773 4115 ceris
801 4049 997 4118 pannis
1022 4059 1177 4105 erant
1217 4049 1402 4117 obsiti,
1440 4058 1495 4106 et
1516 4052 1692 4106 solum
1732 4052 1981 4122 pudenda
2015 4063 2199 4110 conte-

630 4138 850 4208 gebant,
880 4153 1013 4193 usus
1037 4139 1530 4195 machinationibus
1557 4138 1786 4196 foventis
1818 4142 2194 4209 recreationis,

632 4230 1013 4300 propulsaviti
1043 4228 1281 4286 Tunicas
1312 4231 1481 4300 enim,
1534 4233 1784 4303 penulas,
1830 4243 1887 4289 et
1934 4245 2196 4303 praeterea

633 4328 946 4391 tegumenta
977 4334 1046 4376 ex
1074 4321 1433 4379 crassissimis
1476 4323 1613 4379 lana
1642 4322 1747 4378 ﬁlis
1775 4331 1831 4377 et
1870 4324 2199 4380 staminibns

629 4409 901 4481 confecta,
934 4421 989 4469 et
1019 4412 1216 4470 vellere
1237 4413 1406 4470 denso
1435 4414 1643 4486 gravia,
1676 4429 1876 4485 magno
1907 4416 2028 4470 auri
2067 4430 2201 4485 pon-

626 4503 758 4569 dere
777 4518 986 4573 emens,
1008 4513 1063 4561 et
1091 4504 1184 4572 iis,
1208 4504 1305 4575 qui
1329 4506 1431 4562 sub
1453 4506 1546 4562 dio
1569 4506 1769 4562 misere
1795 4505 2195 4578 aﬁligebantur,
2227 4505 2273 4561 ι)

630 4595 991 4665 distribuens,
1018 4598 1241 4654 arcebat
1273 4612 1493 4670 gravem
1525 4597 1833 4655 molestiam
1863 4597 2101 4670 frigoris.
2138 4596 2196 4651 In

632 4688 859 4749 salutari
894 4698 1078 4751 autem
1124 4691 1279 4762 prius
1321 4690 1468 4751 dicto
1506 4690 1595 4746 die
1635 4688 1948 4745 reverenda
1993 4687 2197 4745 Christi

630 4776 1090 4852 Resurrectionis,
1109 4787 1231 4850 post
1255 4779 1453 4836 divina
1476 4779 1700 4851 synaxis
1721 4786 1775 4835 et
1793 4778 2198 4835 communionis

635 4877 914 4937 peractum
942 4872 1286 4941 mysterium,
1317 4869 1500 4926 adhuc
1533 4872 1703 4929 sacris
1732 4869 1978 4926 vestibus
2009 4869 2199 4924 candi-

631 4942 816 5031 datus,
849 4957 915 5011 ad
949 4959 1148 5028 vetet-is
1177 4958 1417 5031 basilica
1442 4958 1556 5033 jam
1586 4959 1831 5024 dirutum
1876 4957 2077 5026 locum,
2104 4954 2196 5034 qui

701 5197 813 5269 (lit)
853 5195 1025 5269 [iuius
1053 5205 1232 5252 exstat
1266 5197 1622 5269 arithmetica
1651 5205 1704 5269 et
1735 5198 1988 5269 Algebra.

704 5264 816 5339 (20)
856 5264 1223 5339 Nicomachus
1252 5266 1560 5324 Gerasenus
1589 5264 1830 5339 scripsit'
1844 5269 1913 5325 de
1940 5269 2203 5329 arithmeo

630 5336 1111 5413 ticalgegmetriq,
1148 5337 1597 5413 harmooia,__etc.

702 5406 815 5479 (‘21)
847 5406 1051 5482 Sc_ribit
1074 5406 1411 5482 Soaontenus
1435 5408 1527 5482 lib.
1578 5425 1639 5482 tt,
1674 5427 1794 5482 cap.
1838 5410 1895 5476 2,
1933 5408 2201 5482 Iniqua

633 5477 877 5550 tempore
891 5477 1238 5550 Constantini
1263 5479 1315 5550 in
1343 5478 1590 5550 maximo
1612 5477 1821 5550 honore
1850 5495 1879 5535 a
1901 5478 2201 5550 peregrinis

631 5556 687 5631 et
727 5547 945 5631 civibus
978 5546 1219 5631 habitant
1280 5546 1491 5631 fuisse;
1549 5546 1995 5631 ctJMichae‘lium
2036 5546 2201 5631 etiam

633 5616 740 5675 dici
769 5616 841 5670 ob
866 5618 1040 5671 sancti
1071 5616 1378 5686 archangeli
1411 5616 1798 5687 apparitiones.
1829 5618 1933 5675 Sed
1968 5618 2013 5673 is
2048 5619 2201 5680 locus

633 5702 686 5766 in
713 5685 953 5766 Bosporo
996 5685 1262 5766 Tltracico
1301 5688 1459 5766 situs,
1502 5689 1885 5761 navigantibus
1920 5702 1997 5766 ex_
2031 5687 2202 5766 Ponto

655 5702 686 5739 It
715 5702 953 5753 rsosporo
1011 5702 1262 5755 tnramco
1301 5702 1459 5759 situs,
1502 5702 1885 5757 ttavrganttnus
1920 5702 1985 5741 ex
2031 5702 2201 5740 r'onto

632 5702 1159 5844 totistitntinopolim
1191 5758 1255 5829 ad
1286 5755 1530 5828 dextram
1550 5754 1555 5761 ’
1577 5767 1819 5844 apparet,
1867 5766 1920 5814 ct
1950 5757 2103 5813 abest
2133 5758 2201 5824 ab

2293 3211 2365 3267 sti
2421 3213 2836 3283 agriculturam,
2897 3213 3232 3270 tricesimum
3266 3219 3318 3267 et
3347 3204 3645 3296 sexagesimum

2292 3305 2651 3360 centesimum
2673 3304 2941 3360 virtutum
2990 3305 3222 3361 fructum
3253 3302 3450 3359 ﬁdeliter
3472 3293 3707 3367 productum

2295 3394 2349 3449 in
2383 3395 2672 3452 sanctitate
2721 3404 2778 3451 et
2805 3395 3045 3466 iustitia.
3080 3396 3157 3451 Ex
3189 3395 3371 3465 quibus
3409 3386 3530 3444 multi
3567 3383 3611 3436 ab
3633 3379 3705 3446 ἱνα·

2293 3496 2422 3542 sunt
2456 3486 2632 3541 vocati
2679 3488 2746 3543 ad
2801 3488 3127 3556 dignitatem
3170 3484 3474 3559 pastoralem,
3511 3485 3567 3537 et.
3589 3478 3709 3535 mw

2293 3586 2434 3649 erat,
2462 3588 2729 3635 ornarunt
2751 3579 3159 3650 possessionem
3181 3573 3436 3635 sacerdotii
3457 3587 3469 3622 :
3490 3569 3708 3626 fueruntque

2293 3669 2563 3725 columnae
2618 3649 2932 3727 immobiles
2963 3671 3088 3727 ﬁdei
3115 3668 3391 3728 catholica.
3429 3657 3550 3728 Ωιιοά
3570 3649 3708 3724 quid“

2294 3760 2537 3817 ostendit
2595 3762 2883 3817 tenebrosa
2941 3761 3223 3818 inundatio
3292 3754 3497 3818 haeresis,
3540 3747 3708 3802 advers"

2294 3866 2457 3921 quam
2501 3850 2716 3906 fortiter
2737 3862 3066 3923 pugnantes,
3097 3861 3152 3908 et
3178 3850 3357 3906 nubem
3385 3826 3709 3933 subeuntefimfl

2297 3950 2476 3996 torum
2508 3943 2882 4015 periculorum
2931 3944 2986 3998 in
3019 3938 3447 4015 persecutionibus
3471 3942 3514 3986 et
3549 3924 3707 4015 amldio'

2297 4030 2479 4097 nibus,
2513 4013 2567 4086 et
2614 4031 2719 4088 sub
2767 4032 2858 4088 dio
2898 4013 3350 4104 perpessionibus,
3385 4024 3440 4081 ad
3480 4013 3707 4104 εΡΙεηω

2297 4123 2522 4197 superni
2557 4122 2801 4188 luminis,
2838 4139 2961 4178 eam
3001 4125 3251 4179 fuderunt
3275 4136 3333 4175 ac
3350 4108 3705 4172 dissolverantttl

2297 4228 2406 4281 qua
2455 4212 2619 4266 etiam
2666 4228 2828 4267 suum
2877 4214 3160 4285 cognitum
3210 4209 3457 4268 reddidere
3481 4196 3706 4284 maximni,

2298 4310 2556 4370 tanquam
2591 4315 2806 4373 semper
2832 4301 3110 4361 lucentem
3149 4300 3444 4362 Luciferum.
3471 4291 3519 4345 Et
3541 4289 3708 4351 ιιεειιιιο

2298 4392 2422 4447 dem
2461 4399 2671 4465 postea.

2301 4594 2545 4667 Synodus
2591 4611 2666 4652 vtt
2734 4503 3323 4652 Thiae
3353 4587 3519 4645 habita.
3546 4568 3708 4641 Ιιιιςὶια
3774 4620 3775 4625 η

2957 4688 3229 4741 restituta.

2375 4778 2462 4832 l7.
2503 4776 2624 4847 Ipse
2666 4784 2849 4831 autem
2880 4737 3447 4846 periect'isnvirtutibus
3472 4770 3566 4817 usus
3593 4737 3707 4847 δίξδ
3770 4784 3771 4829 ξ

2304 4844 2636 4930 satietatém,
2663 4880 2787 4920 cum
2825 4844 3069 4920 mentem
3104 4878 3253 4919 suam
3279 4859 3464 4915 actione
3490 4847 3598 4919 prius
3615 4844 3705 4930 ειςῐξ

2302 4955 2523 5024 cuiSset,
2564 4928 2629 5010 ut
2644 4955 2969 5015 ascenderet
3003 4955 3073 5013 ad
3102 4944 3565 5023 contemplationem.
3586 4928 3702 4988 ⁸³⁸³⁸⁵

2303 5202 2459 5279 ειτηερ
2492 5201 2537 5258 ει
3069 5196 3277 5276 οεηειες
3299 5178 3549 5279 magis

2654 5243 3696 5360 vestistis;miseremur;

2305 5326 2475 5424 “FW?-
2503 5326 2728 5427 ‘ior.ss-.".'_
2742 5339 2986 5427 mea
3010 5326 3695 5427 (etaescencsmegzysa

2304 5395 2451 5480 gioni
2494 5409 2985 5473 obsecundaretur,
3013 5422 3081 5469 ea
3111 5395 3278 5461 'statio
3308 5401 3356 5453 in
3382 5396 3492 5447 urbe
3521 5395 3590 5437 ωτι

2305 5483 2487 5574 (Ἠλίαν.
2531 5551 2793 5574 οηιημε...
2818 5547 2871 5574 ς..
2903 5561 3097 5574 mm.--
3126 5539 3316 5574 (numici
3339 5530 3463 5574 lnuti
3484 5511 3693 5574 habeth

2375 5528 2489 5621 (ᾖ)
2531 5551 2796 5623 Sybarita
2818 5547 2875 5603 in
2903 5561 3101 5618 magna
3126 5539 3318 5601 Gracia
3339 5530 3464 5590 luxui
3484 5528 3534 5582 lia

2306 5621 2531 5687 nimium
2565 5621 2750 5677 dediti.
2839 5689 2849 5692 _
2981 5688 2998 5692 _
3035 5687 3046 5692 _
3210 5682 3219 5691 ,
3264 5678 3284 5692 ,
3371 5633 3689 5692 ,μηηηηηει

2377 5663 2948 5769 sepultus
2975 5687 3095 5753 fuit,
3124 5693 3179 5749 ut
3208 5678 3335 5741 infra
3356 5668 3514 5729 diem"
3531 5663 3627 5716 nm

3761 5054 3765 5218 ﬁ
