3936 6212
399 326 539 395 “03

1481 330 1542 389 S.
1591 325 1902 389 TARASII
1940 322 2448 389 PATBIARCHE
2489 328 2600 389 ΕΡ.

3517 321 3652 387 1401

468 443 560 499 21.
598 442 737 497 Cum
763 441 911 497 enim
941 440 1242 498 invenisset
1278 439 1576 497 Eeclesiam
1605 441 1969 513 praestigiato-
1994 440 2040 496 Δ
2066 455 2189 497 cum
2223 458 2415 514 graves
2439 450 2497 499 et
2524 441 2736 497 acerba:
2763 439 2831 497 de
2851 454 2919 497 eo
2937 440 3274 496 haberentur
3293 441 3650 511 quaestiones.

400 533 480 588 ris
526 543 580 589 et
614 532 957 589 circulatoris
1003 533 1061 587 in
1096 547 1304 588 morem
1335 532 1586 588 all'ectam
1617 540 1674 587 et
1699 540 1973 588 errantem

402 625 459 679 in
481 624 759 679 montibus
781 624 1027 688 haeresis,
1048 632 1105 679 et
1123 625 1484 680 sustinentem
1506 624 1704 680 famem
1729 633 1786 680 et
1804 623 1971 690 sitim,

402 728 512 767 non
546 712 700 781 panis
723 724 780 766 et
818 727 992 781 aquae,
1023 712 1116 767 sed
1159 712 1358 766 famem
1394 711 1649 766 audiendi
1681 710 1833 766 verbi
1867 709 1975 763 Do-

402 804 557 866 mini,
589 819 708 858 eam
732 804 886 859 alens
913 804 969 858 in
1006 805 1224 874 pascuis
1262 804 1484 874 quietis,
1514 813 1571 860 et
1602 804 1879 860 deducens
1905 803 1976 859 ad

403 894 623 950 semitas
646 894 893 965 iustitiae,
931 911 1146 967 gregem
1196 896 1325 951 fecit
1355 896 1793 966 pinguissimum,
1825 894 1976 949 salu-

404 987 613 1041 laribus
650 986 1053 1057 pinguel’actum
1088 988 1414 1051 actionibus,
1437 994 1494 1042 et
1518 986 1662 1043 dulci
1687 987 1828 1042 lacte
1852 986 1974 1042 fidei

404 1093 584 1133 acrem
612 1078 851 1133 haeretici
873 1077 1127 1133 fermenti
1152 1079 1569 1135 amaritudinem
1592 1088 1975 1149 exspuentem,

402 1175 460 1219 et
486 1166 743 1222 effectum
771 1184 968 1222 novam
1001 1170 1468 1239 conspersionem.
1501 1169 1568 1225 Et
1594 1170 1830 1240 pritnum
1858 1169 1981 1241 qui-

403 1257 527 1312 dem
558 1258 669 1328 (50)
710 1258 1032 1315 Simoniacae
1074 1275 1350 1316 crumena:
1393 1260 1649 1317 scindens
1675 1262 1974 1329 vinculum,

403 1362 513 1415 quo
567 1356 787 1403 sanctus
848 1349 1083 1419 Spiritus
1139 1350 1341 1406 donum
1392 1351 1587 1406 venale
1634 1353 1976 1422 proponitur,

405 1438 616 1504 statuit,
663 1448 724 1494 ut
772 1441 1112 1496 sacerdotum
1140 1442 1306 1513 gratis
1352 1442 1548 1497 ﬂerent
1582 1444 1886 1499 creationes
1922 1453 1980 1501 et

404 1526 780 1582 ordinationes
816 1546 829 1581 :
863 1544 931 1583 ex
958 1529 1096 1584 atrio
1128 1530 1500 1587 ecclesiastico
1543 1546 1760 1587 omnem
1806 1547 1980 1602 pecu-

405 1616 636 1671 niariam
669 1620 946 1688 expellens
971 1622 1448 1688 consuetudinem,
1482 1631 1539 1677 et
1565 1624 1827 1693 quidquid
1859 1634 1979 1683 erat

403 1722 658 1776 asperum
684 1708 928 1776 ejiciens,
958 1718 1135 1765 rectas
1157 1710 1286 1764 facit
1320 1711 1542 1766 semitas
1586 1713 1731 1778 ﬁdei,
1759 1729 1974 1784 gregem

406 1797 589 1851 multis
617 1812 914 1867 provocans
935 1800 1299 1863 sermonibus.
1322 1809 1377 1856 et
1396 1802 1698 1857 ascendens
1718 1803 1771 1857 in
1796 1818 1977 1860 sacra-

406 1881 678 1939 tissimum
708 1886 1020 1952 ambonem,
1060 1889 1284 1958 parabat
1320 1905 1562 1945 mensam
1593 1891 1976 1961 doctrinae,_ex

404 1972 671 2031 divinitus
721 1977 997 2047 inspiratis
1043 1978 1342 2050 Seripturis
1369 1999 1575 2039 venans
1605 1985 1853 2048 obsonia.
1908 1986 1976 2041 ad

404 2062 628 2119 alendas
654 2065 865 2120 animas
894 2067 1065 2122 utilia.
1097 2067 1242 2134 Quin
1269 2069 1431 2124 etiam
1460 2072 1689 2143 sparsim
1719 2073 1979 2144 colligens

404 2153 616 2208 cantica
655 2154 928 2221 Davidica,
960 2172 1057 2226 per
1095 2158 1543 2228 perspicuitatem
1586 2168 1643 2216 et
1669 2161 1977 2235 evidentem

406 2259 588 2298 rerum
619 2246 1048 2312 distinctionem,
1078 2249 1221 2304 clare
1245 2251 1525 2320 aperiebat
1552 2266 1639 2319 ea,
1664 2269 1786 2323 qua:
1818 2254 1981 2311 intel-

404 2335 713 2407 ligebantur
748 2360 760 2392 :
792 2339 930 2393 adeo
960 2348 1020 2394 ut
1055 2353 1240 2397 essent
1272 2342 1437 2397 veluti
1467 2343 1522 2398 itt
1552 2354 1850 2415 conspectu
1890 2347 1977 2413 iis,

405 2425 684 2495 quierant
717 2428 930 2495 lecturi,
960 2438 1017 2484 et
1042 2440 1190 2487 recta
1222 2432 1289 2488 iis
1323 2433 1419 2503 qui
1472 2434 1759 2491 inveniunt
1790 2438 1980 2508 cogni-

408 2516 634 2572 tionem.

474 2604 564 2661 25.
587 2606 740 2673 Quod
767 2617 947 2663 autem
975 2612 1366 2682 propemodum
1388 2615 1736 2685 praetermisi,
1762 2620 1982 2689 et‘quod

407 2696 726 2751 memoriam
753 2699 1021 2771 eﬂ‘ugiens
1049 2716 1159 2756 non
1190 2711 1307 2757 erat
1332 2706 1752 2774 enuntiandum.
1783 2718 1840 2764 et
1866 2720 1985 2767 erat

404 2787 711 2842 celaturum
742 2805 926 2845 curam
950 2791 1117 2846 divini
1144 2793 1339 2859 Patris,
1362 2811 1523 2864 quam
1545 2799 1763 2867 gerebat
1785 2798 1842 2852 in
1865 2814 1980 2867 eos,

405 2876 503 2947 qui
550 2878 888 2947 laborabant,
932 2897 1037 2951 qua
1077 2882 1197 2954 ipse
1235 2899 1331 2941 eos
1365 2885 1599 2947 levabat.
1634 2896 1691 2943 et
1719 2888 1896 2959 cujus,
1925 2898 1986 2944 ut

405 2968 623 3037 opinor.
661 2968 763 3025 luit
785 2970 901 3041 ipse
927 2973 1139 3043 primus
1162 2975 1363 3045 opifex,
1395 2992 1519 3031 cum
1546 2977 1599 3031 in
1627 2979 1774 3035 hunc
1803 2981 1984 3037 locum

2075 548 2255 605 neque
2307 535 2358 590 ei
2396 533 2693 606 quidquam
2741 533 2965 590 daretur
3012 533 3332 596 laxamenti,
3384 534 3486 588 sed
3516 534 3656 587 allii-

2075 625 2259 681 ctione
2282 636 2339 681 et
2366 626 2612 692 cruciatu
2640 626 2792 681 omni
2831 641 2897 679 ex
2938 634 3091 695 parte
3121 635 3436 694 urgeretur,
3467 626 3657 681 detur-

2073 713 2308 770 babatur
2358 714 2413 769 in
2481 714 2813 785 profundum
2868 713 3268 784 desperationis
3316 730 3435 785 pra
3488 716 3657 769 animi

2073 805 2417 877 aegritudine.
2467 806 2519 860 ls
2555 821 2679 861 cum
2732 813 2953 862 noctem
3002 807 3352 862 observasset
3384 806 3659 877 intempe-

2074 907 2237 960 stam.
2265 912 2362 951 eos
2387 896 2586 960 latens,
2615 912 2848 967 quorum
2876 897 3137 952 custodiae
3169 897 3348 951 fuerat
3388 898 3656 961 creditus,

2076 986 2143 1041 ad
2172 987 2355 1056 templi
2386 987 2627 1042 divinum
2661 1002 2721 1043 se
2771 986 3000 1055 contulit
3040 986 3331 1058 refugium.
3362 987 3505 1043 Cum
3554 1004 3659 1043 au-

2078 1084 2186 1131 tem
2219 1074 2412 1130 fuisset
2440 1076 2582 1130 intra
2613 1077 2790 1147 adyta,
2823 1076 3152 1132 venerandae
3198 1092 3403 1131 mensa:
3446 1078 3657 1132 merdis

2077 1180 2175 1220 cus
2208 1167 2566 1236 apprehensis
2610 1168 2887 1234 cornibus,
2924 1183 2988 1223 ea
3036 1169 3257 1223 tenebat
3292 1183 3419 1222 cum
3458 1185 3660 1240 magno

2078 1265 2314 1311 tremore
2367 1266 2423 1311 et
2475 1258 2688 1313 timore.
2729 1257 2866 1313 Cum
2909 1273 3039 1329 ergo
3090 1273 3218 1313 eum
3269 1259 3660 1325 cognovissent

2076 1346 2370 1421 aufugisse,
2404 1358 2552 1403 metu
2581 1364 2651 1404 ne
2682 1349 2822 1404 idem
2853 1350 3101 1405 subirent
3129 1350 3480 1420 supplicium,
3506 1350 3662 1405 velo-

2076 1437 2232 1492 cibus
2283 1439 2515 1507 pedibus
2540 1448 2813 1494 venerunt
2860 1439 2933 1494 ad
2967 1439 3212 1493 divinum
3254 1439 3542 1508 templum,
3599 1447 3658 1494 et

2076 1539 2201 1579 eum
2240 1522 2567 1595 aspicientes
2611 1542 2854 1581 mensam
2902 1526 3141 1582 divinam
3199 1527 3656 1596 apprehendisse.

2076 1616 2416 1671 circumdant
2444 1617 2590 1688 adyti
2637 1617 2927 1681 ambitum,
2961 1625 3206 1687 tempore
3250 1617 3359 1671 cibi
3395 1618 3654 1672 sumendi

2078 1720 2173 1761 reo
2209 1706 2519 1776 aperientes
2568 1705 2898 1777 ingressum,
2948 1721 3057 1761 non
3092 1706 3285 1761 dantes
3341 1706 3542 1772 locum,
3593 1717 3657 1762 ut

2075 1807 2261 1869 posset
2290 1799 2367 1853 uti
2401 1799 2625 1869 reliquis
2659 1798 2983 1870 necessariis
3018 1815 3035 1853 :
3067 1798 3161 1854 sed
3202 1800 3503 1869 sperabant
3532 1799 3657 1853 fore

2078 1897 2137 1943 ut
2176 1904 2301 1943 eum
2335 1890 2586 1959 proderet
2621 1890 2938 1953 necessitas,
2993 1899 3051 1945 et
3082 1905 3207 1945 eum
3254 1890 3340 1945 vel
3373 1891 3660 1946 nolentem

2075 1980 2391 2049 expelleret.
2437 1980 2789 2036 Adhibebant
2817 1982 2999 2051 itaque
3035 1981 3295 2050 majorem
3324 1983 3657 2037 custodiam.

2075 2067 2381 2124 Prohibent
2425 2070 2575 2125 enim
2633 2069 2861 2124 omnino
2902 2069 3208 2139 ingressum
3260 2069 3329 2123 ad
3366 2085 3545 2134 aram,
3599 2077 3661 2122 ut

2077 2175 2243 2215 nemo
2286 2175 2410 2215 cum
2457 2175 2711 2215 sermone
2757 2160 3087 2230 impertiret,
3134 2168 3229 2214 aut
3275 2160 3348 2214 ad
3398 2175 3521 2225 eos,
3564 2159 3660 2230 qui

2077 2259 2234 2306 erant
2255 2258 2431 2315 extra,
2467 2249 2684 2319 aliquod
2716 2250 2945 2304 verbum
2982 2249 3053 2303 ab
3076 2263 3143 2304 eo
3167 2250 3657 2304 transmitteret-tr.

2147 2342 2237 2397 26.
2269 2341 2406 2397 Cum
2439 2343 2556 2398 haec
2589 2343 2755 2413 igitur
2778 2343 3060 2398 venissent
3093 2342 3161 2397 ad
3194 2357 3361 2396 aures
3391 2340 3659 2405 Pastoris,

2078 2449 2204 2489 eum
2239 2433 2588 2503 repleverunt
2629 2433 2864 2487 maxima
2891 2433 3059 2487 animi
3092 2433 3440 2504 aegritudine,
3478 2445 3541 2489 ut
3562 2434 3657 2504 qui

2079 2525 2291 2579 videret
2330 2523 2796 2594 contemptionem
2829 2523 3141 2578 divinorum
3183 2533 3656 2579 sacramentorum

2079 2628 2302 2670 movere
2350 2616 2418 2669 ad
2466 2613 2896 2685 indignationem
2938 2614 3207 2669 bonorum
3253 2614 3526 2669 datricem
3564 2614 3655 2669 Dei

2082 2704 2497 2775 benignitatem.
2530 2702 2637 2758 Sed
2664 2704 2843 2758 videte
2885 2719 2916 2757 a
2960 2704 3302 2760 misericordi
3334 2703 3500 2758 Patre
3525 2719 3650 2774 sup-

2081 2797 2383 2868 peditatum
2414 2807 2547 2853 tunc
2572 2796 2619 2851 ei
2646 2796 2931 2861 auxilium,
2962 2805 3018 2851 et
3039 2796 3386 2851 admiramini
3414 2797 3643 2866 pruden-

2083 2886 2235 2942 tiam.
2276 2886 2350 2943 Eo
2379 2888 2526 2943 enim
2575 2896 2849 2957 tempore,
2892 2901 3001 2957 quo
3028 2887 3319 2956 oportebat
3345 2886 3522 2941 cibum
3549 2901 3648 2939 su-

2084 2994 2235 3033 mere
2263 2993 2411 3044 eum,
2438 2978 2530 3047 qui
2554 2977 2911 3048 allligebatur,
2941 2991 3095 3031 sacra
3128 2986 3281 3031 veste
3310 2991 3372 3030 se
3392 2975 3656 3042 induens,

407 3059 673 3163 venerim,
732 3066 1458 3163 tanquam—condimentum
1517 3068 1735 3139 aliquod
1773 3080 1830 3126 et
1875 3074 1983 3128 mel
2011 3106 2052 3163 ο
2085 3070 2536 3139 proficiscebatur
2582 3068 2648 3124 ad
2691 3068 2909 3140 adytum
2943 3086 2959 3122 :
2997 3076 3054 3122 et
3083 3082 3180 3137 per
3212 3067 3492 3122 dexteram
3527 3081 3661 3136 por-

409 3148 568 3204 dttlce
603 3151 918 3209 admiscens
947 3155 1159 3225 reliquo
1190 3158 1408 3228 corpori
1439 3159 1727 3223 orationis,
1772 3162 1982 3219 viscera

407 3240 713 3298 clementia:
740 3252 798 3299 et
821 3246 1207 3304 misericordia:
1240 3248 1403 3304 statui
1436 3250 1686 3306 inserere
1719 3252 1773 3306 in
1802 3255 1985 3309 cordi-

409 3328 513 3384 bus
563 3345 774 3397 eorum.
814 3333 908 3402 qui
959 3344 1089 3389 sunt
1123 3335 1341 3406 benigni
1381 3345 1439 3392 et
1486 3338 1803 3392 clementes.
1848 3337 1981 3394 Nam

409 3419 704 3489 aliquando
735 3425 956 3492 quidam
988 3441 1055 3479 ex
1086 3425 1173 3485 iis.
1198 3426 1289 3495 qui
1324 3426 1587 3497 gerebant
1612 3427 1980 3499 magistratus,

410 3511 701 3579 splendore
743 3523 801 3570 et
849 3516 1016 3586 gloria
1046 3524 1103 3571 et
1135 3516 1339 3572 divitiis
1372 3517 1621 3590 insignis,
1650 3519 1743 3588 qui
1794 3521 1980 3588 etiam.

412 3611 473 3655 ut
500 3603 611 3674 (5|)
641 3620 827 3660 ensem
857 3606 1265 3677 imperatorium
1291 3617 1546 3681 gestaret,
1578 3611 1839 3669 honorem
1866 3624 1984 3670 erat

409 3693 662 3765 adeptus,
691 3713 792 3768 pro
821 3714 1016 3772 magno
1038 3701 1289 3771 pecunia:
1315 3703 1558 3773 pondere
1588 3703 1748 3761 luens
1772 3721 1979 3777 poenas,

481 3832 595 3909 (50)
655 3834 941 3909 Sincerum
997 3834 1118 3909 ejus
1177 3836 1444 3909 animum.
1498 3853 1610 3908 quo
1664 3838 1981 3909 ltujttsmodi

410 3906 633 3978 crimen
655 3905 873 3978 penitus
916 3907 1152 3978 evellere
1174 3907 1403 3971 studuit,
1432 3905 1639 3962 indicat
1666 3905 1979 3978 conscripta

411 3975 478 4050 ad
504 3974 804 4050 Ailriantttu
838 3974 1051 4050 Papaut
1069 3976 1322 4050 epistola,
1342 3992 1490 4050 qua:
1523 3978 1627 4050 sub
1659 3980 1819 4033 tinem
1850 3974 1981 4050 sep-

412 4044 561 4117 timae
581 4044 778 4117 synodi
792 4044 975 4117 exstat
1013 4044 1430 4117 Griecofbatitia
1447 4062 1512 4102 ex
1536 4044 1983 4117 interpretatione

411 4113 690 4185 Quastasii
745 4113 1174 4185 Bibliotltecarii.
1212 4114 1269 4169 ln
1317 4131 1382 4169 ea
1435 4126 1562 4185 post
1612 4113 1778 4171 citata
1808 4134 1982 4175 sacra:

414 4180 737 4251 Scripturae.
777 4183 995 4237 Patrum
1026 4194 1079 4237 et
1102 4180 1468 4240 Conciliorum
1518 4186 1856 4251 testimonia,
1904 4188 1978 4242 ita

412 4262 634 4326 perorat
667 4267 736 4326 :_«
776 4253 867 4326 Sic
902 4267 1002 4307 nos
1029 4253 1243 4315 doceto,
1279 4252 1777 4326 virsacratissinte,
1820 4257 1979 4326 sequi

412 4322 652 4395 divinam
686 4321 1046 4389 Scripturant,
1071 4333 1124 4377 et
1162 4323 1498 4395 evangelica,
1526 4325 1845 4395 apostolica,
1885 4321 1981 4381 ea-

412 4390 630 4475 nouica.
668 4399 724 4445 et
758 4401 982 4475 paterna
1021 4390 1330 4475 praecepta:
1346 4390 1646 4475 Obediuius
1677 4395 1977 4475 enimver-
2011 4418 2054 4475 ι)

412 4460 499 4531 bis
520 4461 632 4531 oris
650 4458 844 4531 vestri.
870 4458 1046 4531 Super
1070 4458 1284 4517 excelsa
1324 4465 1633 4519 conscende
1669 4481 1682 4519 :
1709 4465 1888 4520 exalta
1920 4464 1974 4519 itt

414 4529 736 4603 fortitudine
754 4529 1121 4603 vocent‘luam
1158 4550 1170 4587 :
1204 4532 1289 4588 abi
1321 4531 1378 4586 in
1408 4533 1712 4597 latitudine,
1741 4534 1973 4603 praedica

411 4614 537 4654 cum
579 4600 796 4664 fiducia.
823 4609 882 4655 ιιι
914 4601 1192 4656 auferatur
1221 4611 1274 4657 et
1302 4603 1358 4657 in
1404 4600 1756 4657 abolitionem
1796 4604 1977 4658 veniat

413 4670 687 4742 impositio
708 4685 923 4732 manus.
941 4687 1063 4742 quze
1085 4688 1179 4742 per
1200 4672 1458 4742 pecunias
1477 4672 1555 4736 ﬂt.
1583 4690 1602 4724 ι
1628 4681 1733 4727 etc.
1752 4670 1887 4726 Nam
1919 4682 1979 4727 ιιι

413 4739 516 4793 sub
549 4739 763 4793 initium
796 4741 1003 4805 scribit,
1033 4739 1317 4797 «fraterna
1349 4750 1405 4796 et
1428 4757 1646 4797 summo
1671 4742 1978 4797 sacerdotio

411 4808 669 4881 decorata
703 4813 963 4865 sanctitas
1020 4822 1217 4876 vestra.
1262 4811 1385 4881 jure
1432 4827 1496 4867 ac
1543 4811 1846 4867 secundum
1881 4810 1975 4865 Dei

412 4876 770 4949 voluntatem,
797 4880 1164 4947 pontificalem
1194 4876 1457 4936 ordinans
1482 4882 1759 4949 pietatem.
1792 4881 1980 4949 opina-

415 4946 679 5029 tissjmatu
713 4946 882 5029 habet.
911 4950 1162 5029 gloriam:
1186 4969 1205 5003 ι
1239 4951 1446 5029 (insece,
1485 4946 1553 5003 Ἦ
1583 4947 1679 5029 adv
1711 4946 1975 5029 ἁδξκρικῂ

413 5015 568 5089 ῥμῷν
592 5015 937 5085 ἁρχιεροπὴξ
955 5019 1231 5089 ᾁγιωσύνη
1255 5019 1530 5089 ὲνθέσμως
1556 5022 1648 5089 καὶ
1670 5021 1810 5089 κατὰ
1839 5015 1976 5072 Θεοῦ

447 5083 671 5158 σύλησιν
711 5083 1128 5158 τξρυτοίγεύρρ-σα
1165 5083 1627 5158 σςῇνᾲὶεραῖρχιξιὴν
1666 5088 1973 5155 ἁγίστειαν,

442 5153 707 5226 malum:
718 5153 845 5226 {xei
861 5153 959 5226 τὴν
981 5155 1159 5226 δόξᾳν.
1181 5153 1381 5211 eadem
1414 5153 1691 5212 iia'Graace
1718 5153 1978 5226 leguntur

409 5234 465 5279 et
493 5223 632 5293 apud
666 5223 1011 5280 Theodorum
1076 5224 1450 5280 Balsatnouetu
1484 5226 1625 5281 inter
1662 5223 1975 5282 sanctorum

412 5296 635 5367 Patrum
668 5294 937 5364 Epistolas
965 5296 1294 5367 Canotticas,
1353 5297 1422 5351 ab
1453 5313 1519 5351 eo
1572 5308 1693 5367 post
1723 5297 1978 5367 Capones

414 5365 796 5433 Apostolorum
849 5373 902 5419 et
957 5365 1327 5421 Conciliorum
1386 5365 1594 5431 editas,
1643 5377 1697 5422 et
1754 5378 1902 5422 tomo
1958 5365 1976 5418 l

412 5432 565 5488 Juris‘
596 5435 1048 5491 Graeco-Romani
1086 5452 1116 5490 a
1144 5433 1356 5490 Joanne
1379 5434 1707 5492 Leunclavio
1739 5436 1972 5499 collecti,

417 5503 512 5577 l_i_b.
545 5504 637 5567 ΙΙΙ,
676 5506 783 5577 qui
806 5506 1013 5574 primus
1048 5516 1133 5562 est
1161 5505 1513 5577 Decretorum
1538 5508 1880 5577 synodalium
1909 5508 1978 5559 ab

419 5570 725 5627 Enitnutulo
754 5570 1031 5632 Bouelidio
1053 5583 1181 5632 autc
1212 5574 1399 5630 Latine
1427 5570 1668 5631 redditus
1692 5594 1701 5629 :
1735 5591 1799 5629 ex
1818 5577 1977 5643 cujus

416 5643 667 5721 versione
717 5653 932 5721 partem
971 5646 1136 5721 hujus
1191 5648 1432 5721 epistolae
1483 5645 1977 5721 Otlldllzwl‘itll'OlllllS

415 5722 507 5764 an.
534 5713 653 5776 787,
689 5727 836 5767 nunt.
875 5717 935 5769 61
972 5730 1020 5773 ct
1045 5713 1137 5785 62,
1177 5713 1269 5774 sed
1289 5727 1416 5772 ante
1452 5731 1603 5772 num.
1637 5717 1705 5771 60
1735 5715 1976 5772 invectus

2087 3167 2196 3213 tam
2250 3159 2593 3230 ingrediens,
2625 3173 2747 3227 quae
2779 3158 2847 3212 ad
2891 3157 3246 3212 reficiendum
3277 3157 3454 3211 virum
3504 3166 3665 3212 erant

2083 3250 2413 3315 necessaria,
2465 3248 2867 3319 suppeditabat,
2903 3248 3121 3302 abunde
3164 3263 3231 3302 ex
3276 3262 3338 3302 se
3377 3248 3662 3302 afl’erens:

2084 3349 2139 3394 et
2168 3340 2365 3395 deinde
2394 3339 2597 3402 abibat.
2626 3353 2752 3392 eum
2775 3338 3112 3408 relinquens.
3137 3336 3196 3391 Si
3230 3337 3453 3408 quando
3478 3348 3662 3392 autem

2083 3440 2294 3494 venter.
2329 3430 2415 3484 cui
2450 3428 2634 3500 negari
2666 3443 2774 3482 non
2810 3434 3005 3497 potest,
3038 3441 3164 3482 eum
3190 3435 3418 3497 cogeret
3459 3426 3662 3489 facere.

2083 3539 2205 3593 quae
2233 3530 2362 3577 sunt
2393 3519 2655 3590 requisita
2683 3526 2895 3574 natura:
2914 3559 2929 3583 ,
2962 3532 3028 3572 ex
3071 3517 3179 3572 alto
3203 3533 3401 3572 rursus
3433 3518 3668 3572 descen-

2083 3611 2240 3676 dens,
2307 3618 2365 3665 et
2417 3624 2544 3664 eum
2595 3608 2662 3663 ad
2700 3622 2975 3664 secessum
3014 3606 3291 3662 deducens
3320 3616 3379 3662 et
3429 3621 3664 3677 exspec-

2034 3756 2043 3761 ,
2083 3710 2225 3767 tans,
2279 3710 2335 3756 et
2401 3715 2530 3756 eum
2577 3704 2767 3771 postea
2812 3712 2980 3753 manu
3023 3697 3285 3767 capiens,
3336 3697 3667 3753 restituebat

2083 3837 2137 3892 in
2177 3835 2525 3891 Theodorum
2562 3833 2966 3896 Balsamonem,
2997 3830 3154 3902 quasi
3179 3830 3225 3885 is
3240 3830 3663 3902 acerbissimos

2084 3906 2344 3961 Romanu:
2370 3904 2626 3959 Ecclesiae
2656 3904 2828 3958 hostis
2854 3902 2996 3957 hanc
3018 3899 3208 3956 inusta
3235 3899 3503 3955 Simonis
3534 3914 3665 3957 nota

2082 3975 2547 4043 contemptibilem
2603 3973 2829 4043 reddere
2887 3971 3162 4043 voluerit;
3209 3968 3371 4043 cujus
3443 3970 3667 4037 injuriae

2084 4061 2213 4101 reus
2253 4040 2470 4115 videtur
2506 4041 2819 4115 Bonetidius
2867 4041 3077 4115 aliusge
3131 4040 3206 4095 ita
3263 4042 3663 4115 interpretatus

2083 4116 2244 4169 verba
2280 4112 2466 4168 Graeca
2500 4126 2664 4181 supra
2698 4113 2867 4165 relata
2898 4129 2911 4165 :
2953 4128 2973 4161 ι
3013 4108 3277 4181 Fraterna
3314 4108 3452 4178 érgo
3473 4119 3659 4181 vestra

2082 4182 2440 4238 sacerdotalis
2466 4177 2751 4244 sanctitas,
2804 4195 2928 4250 qua:
2980 4194 3091 4250 non
3139 4177 3280 4250 jure,
3315 4177 3421 4232 nec
3464 4193 3533 4233 ex
3568 4179 3659 4233 Dei

2081 4254 2365 4308 voluntate
2421 4249 2733 4320 pontificale
2785 4247 3399 4320 munusadministrat,
3455 4263 3660 4320 magna

2086 4324 2295 4376 laborat
2335 4317 2578 4384 infamia,
2623 4337 2642 4371 ι
2709 4318 3092 4388 quatn_illius
3134 4317 3287 4388 infidi
3338 4317 3663 4388 interpretis

2085 4391 2497 4447 translationem
2526 4390 2599 4443 ita
2633 4384 2859 4456 corrigit
2897 4386 3262 4441 Leunclavius
3290 4404 3305 4441 :
3337 4405 3359 4437 ι
3390 4384 3661 4456 Ειιειιεηη

2085 4476 2216 4531 ergo
2242 4454 2809 4531 vestra‘sacerdotalis'
2829 4457 3119 4531 sanctitas1
3153 4470 3277 4531 qua:
3307 4454 3565 4525 legitime
3596 4471 3664 4510 ac

2085 4526 2389 4585 secundum
2427 4527 2519 4580 Dei
2560 4527 2911 4595 voluntatem
2936 4526 3301 4595 pontificalem
3357 4540 3661 4595 consecra-

2088 4600 2289 4654 tionem
2317 4597 2688 4662 administrat,
2740 4594 3302 4665 percelebremltabet
3332 4594 3596 4665 gloriam.
3634 4613 3656 4646 ι

2084 4669 2386 4722 Gentiauus
2418 4665 2684 4720 Hervetus
2729 4662 3069 4719 Balsamonis
3122 4662 3515 4732 interprésita
3546 4665 3665 4718 hac

2088 4738 2282 4793 habet:
2325 4755 2344 4787 ι
2380 4735 2637 4790 Fraterna
2659 4748 2790 4804 ergo
2821 4741 3009 4804 vestra,
3058 4733 3418 4804 sacerdotalis
3446 4734 3660 4804 sancti-

2089 4818 2189 4871 tas,
2218 4823 2339 4876 qua:
2365 4804 2603 4876 legitime
2634 4802 2800 4873 atque
2824 4819 2900 4876 ex_
2925 4802 3014 4876 Dei
3045 4803 3320 4876 voluntate
3347 4802 3667 4876 pontificale

2087 4872 2285 4930 munus
2322 4872 2688 4936 administrat,
2714 4872 3092 4941 ’percelebrem
3133 4872 3297 4925 habet
3332 4872 3598 4941 gloriam.
3637 4889 3659 4922 ι

2088 4944 2210 5000 Haec
2251 4945 2497 5014 pluribus
2518 4939 2834 5014 deducenda
2862 4942 3138 5014 desimus,
3175 4951 3235 4994 ut
3280 4939 3533 5014 suspicio
3558 4939 3663 5014 Ba:

2086 5008 2528 5080 rouii'tollatur,
2598 5012 2666 5067 de
2716 5012 2819 5065 hac
2876 5010 3104 5080 epistola
3156 5008 3399 5065 nomine
3442 5008 3662 5065 Tarasii

2085 5085 2229 5139 licta.

2158 5153 2269 5223 (5|)
2297 5151 2664 5223 Theophanes
2688 5149 2887 5223 Indici.
2913 5148 3013 5223 ιζ),
3032 5163 3208 5223 Αθηηο
3240 5147 3467 5223 imperii
3506 5146 3659 5223 Con-

2085 5217 2307 5277 stantini
2329 5233 2382 5277 et
2407 5217 2589 5277 [renes
2609 5221 2697 5283 £0,
2723 5219 2929 5274 Christi
2954 5219 3075 5282 790,
3105 5237 3124 5269 ι
3152 5222 3423 5288 Augusta,
3454 5217 3657 5288 inquit.

2085 5294 2508 5363 comprehensos
2552 5290 2803 5345 homines
2860 5287 3251 5358 imperatoris,
3278 5302 3478 5363 omnes
3523 5287 3663 5363 diris

2086 5353 2400 5417 verberibus
2431 5376 2603 5416 exesos
2631 5367 2686 5413 et
2730 5367 2917 5413 tonsos
2942 5353 3059 5412 'uua
3093 5372 3217 5412 cum
3266 5354 3489 5411 Joanne
3523 5353 3660 5409 Pro-

2087 5432 2418 5501 tospatltario
2433 5441 2485 5485 et
2504 5428 2687 5501 bajulo
2708 5426 2903 5501 ipsius,
2917 5428 3015 5501 cui
3036 5425 3659 5501 Picridiuscognogneo-

2090 5495 2225 5564 tum,
2270 5505 2336 5554 ad
2368 5495 2609 5555 remotos
2655 5495 2869 5565 imperii
2898 5498 3036 5565 lines
3064 5511 3239 5564 usque
3298 5496 3353 5549 in
3409 5495 3656 5565 Siciliam

2088 5572 2343 5640 relegavit
2364 5569 2600 5640 exsules.
2623 5586 2649 5640 _t
2697 5564 2769 5621 De
2794 5567 2896 5621 ltoc
2917 5564 3514 5640 {qautteintclligcnda
3548 5564 3657 5640 bare

2087 5634 2382 5693 arbiiratur
2436 5638 2707 5692 Barouius
2743 5652 2885 5693 anno
2922 5635 3024 5692 789
3057 5635 3149 5691 ubi
3189 5634 3659 5689 battc'bistoriam

2088 5714 2251 5766 ιὐίόιι
2280 5727 2428 5766 nutu.
2457 5710 2511 5776 ὃ,
2546 5709 2577 5763 ιι
2614 5718 2668 5761 et
2700 5707 2732 5761 5
