  <div class='ocr_page' id='page_1' title='image "/cluster/home/n/w/nwhite01/storage/ocr_20150623/98/hvd.32044073502148/708.png"; bbox 0 0 3904 6208; ppageno 0'>
   <div class='ocr_carea' id='block_1_1' title="bbox 243 290 3494 363">
    <p class='ocr_par' dir='ltr' id='par_1_1' title="bbox 243 290 3494 363">
     <span class='ocr_line' id='line_1_1' title="bbox 243 290 3494 363; baseline 0.001 -7"><span class='ocrx_word' id='word_1_1' title='bbox 243 294 380 356; x_wconf 64' lang='grc'><strong>1105</strong></span> <span class='ocrx_word' id='word_1_2' title='bbox 1770 295 1969 357; x_wconf 85' lang='lat' dir='ltr'><strong>VITA.</strong></span> <span class='ocrx_word' id='word_1_3' title='bbox 3352 290 3494 363; x_wconf 68' lang='grc' dir='ltr'><strong>11ος</strong></span> 
     </span>
    </p>
   </div>
   <div class='ocr_carea' id='block_1_2' title="bbox 240 403 3498 480">
    <p class='ocr_par' dir='ltr' id='par_1_2' title="bbox 240 403 3498 480">
     <span class='ocr_line' id='line_1_2' title="bbox 240 403 3498 480; baseline 0.002 -22"><span class='ocrx_word' id='word_1_4' title='bbox 240 405 519 460; x_wconf 94' lang='lat' dir='ltr'><strong>tribunali.</strong></span> <span class='ocrx_word' id='word_1_5' title='bbox 565 403 730 476; x_wconf 83' lang='lat' dir='ltr'><strong>quue</strong></span> <span class='ocrx_word' id='word_1_6' title='bbox 778 420 884 463; x_wconf 88' lang='lat' dir='ltr'><strong>non</strong></span> <span class='ocrx_word' id='word_1_7' title='bbox 932 405 1100 460; x_wconf 87' lang='lat' dir='ltr'><strong>senth</strong></span> <span class='ocrx_word' id='word_1_8' title='bbox 1145 412 1203 459; x_wconf 92' lang='lat' dir='ltr'><strong>et</strong></span> <span class='ocrx_word' id='word_1_9' title='bbox 1246 405 1333 460; x_wconf 90' lang='lat' dir='ltr'><strong>bis</strong></span> <span class='ocrx_word' id='word_1_10' title='bbox 1362 403 1417 459; x_wconf 91' lang='lat' dir='ltr'><strong>in</strong></span> <span class='ocrx_word' id='word_1_11' title='bbox 1448 404 1536 460; x_wconf 91' lang='lat' dir='ltr'><strong>die</strong></span> <span class='ocrx_word' id='word_1_12' title='bbox 1562 404 1819 470; x_wconf 76' lang='lat' dir='ltr'><strong>faciebat,</strong></span> <span class='ocrx_word' id='word_1_13' title='bbox 1850 414 1894 468; x_wconf 76' lang='grc' dir='ltr'><strong>Α</strong></span> <span class='ocrx_word' id='word_1_14' title='bbox 1923 422 2172 478; x_wconf 71' lang='lat' dir='ltr'><strong>persona:</strong></span> <span class='ocrx_word' id='word_1_15' title='bbox 2214 408 2398 465; x_wconf 77' lang='lat' dir='ltr'><strong>divitis</strong></span> <span class='ocrx_word' id='word_1_16' title='bbox 2434 408 2790 480; x_wconf 74' lang='lat' dir='ltr'><strong>gratiﬁcans:</strong></span> <span class='ocrx_word' id='word_1_17' title='bbox 2824 408 2918 465; x_wconf 88' lang='lat' dir='ltr'><strong>sed</strong></span> <span class='ocrx_word' id='word_1_18' title='bbox 2966 408 3018 463; x_wconf 92' lang='lat' dir='ltr'><strong>in</strong></span> <span class='ocrx_word' id='word_1_19' title='bbox 3061 408 3319 464; x_wconf 81' lang='lat' dir='ltr'><strong>omnibus</strong></span> <span class='ocrx_word' id='word_1_20' title='bbox 3357 412 3498 480; x_wconf 78' lang='lat' dir='ltr'><strong>juris</strong></span> 
     </span>
    </p>
   </div>
   <div class='ocr_carea' id='block_1_3' title="bbox 237 494 3496 565">
    <p class='ocr_par' dir='ltr' id='par_1_3' title="bbox 237 494 3496 565">
     <span class='ocr_line' id='line_1_3' title="bbox 237 494 3496 565; baseline -0.001 -15"><span class='ocrx_word' id='word_1_21' title='bbox 237 497 332 550; x_wconf 87' lang='lat' dir='ltr'><strong>sed</strong></span> <span class='ocrx_word' id='word_1_22' title='bbox 360 496 578 565; x_wconf 91' lang='lat' dir='ltr'><strong>quoties</strong></span> <span class='ocrx_word' id='word_1_23' title='bbox 600 504 859 551; x_wconf 84' lang='lat' dir='ltr'><strong>evocatus</strong></span> <span class='ocrx_word' id='word_1_24' title='bbox 877 503 995 549; x_wconf 91' lang='lat' dir='ltr'><strong>erat</strong></span> <span class='ocrx_word' id='word_1_25' title='bbox 1018 494 1085 549; x_wconf 88' lang='lat' dir='ltr'><strong>ad</strong></span> <span class='ocrx_word' id='word_1_26' title='bbox 1115 495 1222 550; x_wconf 91' lang='lat' dir='ltr'><strong>hoc</strong></span> <span class='ocrx_word' id='word_1_27' title='bbox 1249 494 1615 550; x_wconf 85' lang='lat' dir='ltr'><strong>ministerium</strong></span> <span class='ocrx_word' id='word_1_28' title='bbox 1641 494 1709 551; x_wconf 90' lang='lat' dir='ltr'><strong>ab</strong></span> <span class='ocrx_word' id='word_1_29' title='bbox 1729 508 1817 562; x_wconf 91' lang='lat' dir='ltr'><strong>eo,</strong></span> <span class='ocrx_word' id='word_1_30' title='bbox 1921 495 2361 553; x_wconf 81' lang='lat' dir='ltr'><strong>indeclinabilem</strong></span> <span class='ocrx_word' id='word_1_31' title='bbox 2415 513 2641 553; x_wconf 73' lang='lat' dir='ltr'><strong>servans</strong></span> <span class='ocrx_word' id='word_1_32' title='bbox 2680 498 3145 560; x_wconf 88' lang='lat' dir='ltr'><strong>distributionem,</strong></span> <span class='ocrx_word' id='word_1_33' title='bbox 3192 513 3303 553; x_wconf 91' lang='lat' dir='ltr'><strong>non</strong></span> <span class='ocrx_word' id='word_1_34' title='bbox 3333 499 3496 552; x_wconf 75' lang='lat' dir='ltr'><strong>dabat</strong></span> 
     </span>
    </p>
   </div>
   <div class='ocr_carea' id='block_1_4' title="bbox 237 586 1064 659">
    <p class='ocr_par' dir='ltr' id='par_1_4' title="bbox 237 586 1064 659">
     <span class='ocr_line' id='line_1_4' title="bbox 237 586 1064 659; baseline -0.004 -17"><span class='ocrx_word' id='word_1_35' title='bbox 237 588 328 659; x_wconf 86' lang='lat' dir='ltr'><strong>qui</strong></span> <span class='ocrx_word' id='word_1_36' title='bbox 365 586 605 659; x_wconf 74' lang='lat' dir='ltr'><strong>graviter</strong></span> <span class='ocrx_word' id='word_1_37' title='bbox 633 586 1064 658; x_wconf 84' lang='lat' dir='ltr'><strong>periclitabatur.</strong></span> 
     </span>
    </p>
   </div>
   <div class='ocr_carea' id='block_1_5' title="bbox 310 674 1820 735">
    <p class='ocr_par' dir='ltr' id='par_1_5' title="bbox 310 674 1820 735">
     <span class='ocr_line' id='line_1_5' title="bbox 310 674 1820 735; baseline 0 -4"><span class='ocrx_word' id='word_1_38' title='bbox 310 678 402 735; x_wconf 72' lang='lat'><strong>27.</strong></span> <span class='ocrx_word' id='word_1_39' title='bbox 442 678 594 733; x_wconf 87' lang='lat' dir='ltr'><strong>Ilanc</strong></span> <span class='ocrx_word' id='word_1_40' title='bbox 648 677 1010 733; x_wconf 89' lang='lat' dir='ltr'><strong>insatiabilem</strong></span> <span class='ocrx_word' id='word_1_41' title='bbox 1054 674 1224 731; x_wconf 84' lang='lat' dir='ltr'><strong>divini</strong></span> <span class='ocrx_word' id='word_1_42' title='bbox 1276 675 1377 730; x_wconf 88' lang='lat' dir='ltr'><strong>viri</strong></span> <span class='ocrx_word' id='word_1_43' title='bbox 1432 675 1820 734; x_wconf 88' lang='lat' dir='ltr'><strong>demissionem</strong></span> 
     </span>
    </p>
   </div>
   <div class='ocr_carea' id='block_1_6' title="bbox 242 765 1825 837">
    <p class='ocr_par' dir='ltr' id='par_1_6' title="bbox 242 765 1825 837">
     <span class='ocr_line' id='line_1_6' title="bbox 242 765 1825 837; baseline -0.002 -15"><span class='ocrx_word' id='word_1_44' title='bbox 242 769 581 823; x_wconf 79' lang='lat' dir='ltr'><strong>admirantes</strong></span> <span class='ocrx_word' id='word_1_45' title='bbox 606 767 830 832; x_wconf 86' lang='lat' dir='ltr'><strong>milites,</strong></span> <span class='ocrx_word' id='word_1_46' title='bbox 855 774 909 821; x_wconf 91' lang='lat' dir='ltr'><strong>et</strong></span> <span class='ocrx_word' id='word_1_47' title='bbox 936 765 1052 821; x_wconf 76' lang='lat' dir='ltr'><strong>ﬁeri</strong></span> <span class='ocrx_word' id='word_1_48' title='bbox 1082 780 1193 820; x_wconf 90' lang='lat' dir='ltr'><strong>non</strong></span> <span class='ocrx_word' id='word_1_49' title='bbox 1226 779 1390 835; x_wconf 84' lang='lat' dir='ltr'><strong>posse</strong></span> <span class='ocrx_word' id='word_1_50' title='bbox 1418 766 1741 837; x_wconf 74' lang='lat' dir='ltr'><strong>cogitantes,</strong></span> <span class='ocrx_word' id='word_1_51' title='bbox 1765 771 1825 820; x_wconf 91' lang='lat' dir='ltr'><strong>ut</strong></span> 
     </span>
    </p>
   </div>
   <div class='ocr_carea' id='block_1_7' title="bbox 243 856 1826 930">
    <p class='ocr_par' dir='ltr' id='par_1_7' title="bbox 243 856 1826 930">
     <span class='ocr_line' id='line_1_7' title="bbox 243 856 1826 930; baseline -0.002 -16"><span class='ocrx_word' id='word_1_52' title='bbox 243 861 333 930; x_wconf 90' lang='lat' dir='ltr'><strong>qui</strong></span> <span class='ocrx_word' id='word_1_53' title='bbox 363 860 592 930; x_wconf 79' lang='lat' dir='ltr'><strong>supplex</strong></span> <span class='ocrx_word' id='word_1_54' title='bbox 622 866 761 923; x_wconf 87' lang='lat' dir='ltr'><strong>erat,</strong></span> <span class='ocrx_word' id='word_1_55' title='bbox 816 867 1124 928; x_wconf 82' lang='lat' dir='ltr'><strong>caperetur,</strong></span> <span class='ocrx_word' id='word_1_56' title='bbox 1169 857 1410 928; x_wconf 90' lang='lat' dir='ltr'><strong>quandiu</strong></span> <span class='ocrx_word' id='word_1_57' title='bbox 1454 856 1587 927; x_wconf 87' lang='lat' dir='ltr'><strong>justi</strong></span> <span class='ocrx_word' id='word_1_58' title='bbox 1628 871 1826 911; x_wconf 85' lang='lat' dir='ltr'><strong>manus</strong></span> 
     </span>
    </p>
   </div>
   <div class='ocr_carea' id='block_1_8' title="bbox 243 946 1824 1020">
    <p class='ocr_par' dir='ltr' id='par_1_8' title="bbox 243 946 1824 1020">
     <span class='ocr_line' id='line_1_8' title="bbox 243 946 1824 1020; baseline -0.003 -16"><span class='ocrx_word' id='word_1_59' title='bbox 243 966 367 1004; x_wconf 91' lang='lat' dir='ltr'><strong>eum</strong></span> <span class='ocrx_word' id='word_1_60' title='bbox 406 958 637 1020; x_wconf 85' lang='lat' dir='ltr'><strong>regeret,</strong></span> <span class='ocrx_word' id='word_1_61' title='bbox 678 949 993 1019; x_wconf 81' lang='lat' dir='ltr'><strong>improbum</strong></span> <span class='ocrx_word' id='word_1_62' title='bbox 1023 948 1077 1003; x_wconf 92' lang='lat' dir='ltr'><strong>in</strong></span> <span class='ocrx_word' id='word_1_63' title='bbox 1108 963 1233 1003; x_wconf 82' lang='lat' dir='ltr'><strong>eum</strong></span> <span class='ocrx_word' id='word_1_64' title='bbox 1262 956 1481 1003; x_wconf 88' lang='lat' dir='ltr'><strong>struunt</strong></span> <span class='ocrx_word' id='word_1_65' title='bbox 1509 946 1824 1013; x_wconf 88' lang='lat' dir='ltr'><strong>consilium,</strong></span> 
     </span>
    </p>
   </div>
   <div class='ocr_carea' id='block_1_9' title="bbox 247 1036 1824 1109">
    <p class='ocr_par' dir='ltr' id='par_1_9' title="bbox 247 1036 1824 1109">
     <span class='ocr_line' id='line_1_9' title="bbox 247 1036 1824 1109; baseline -0.003 -16"><span class='ocrx_word' id='word_1_66' title='bbox 247 1039 391 1108; x_wconf 82' lang='lat' dir='ltr'><strong>quod</strong></span> <span class='ocrx_word' id='word_1_67' title='bbox 424 1040 717 1109; x_wconf 86' lang='lat' dir='ltr'><strong>superabat</strong></span> <span class='ocrx_word' id='word_1_68' title='bbox 750 1053 968 1095; x_wconf 89' lang='lat' dir='ltr'><strong>omnem</strong></span> <span class='ocrx_word' id='word_1_69' title='bbox 1001 1038 1250 1094; x_wconf 77' lang='lat' dir='ltr'><strong>fraudem</strong></span> <span class='ocrx_word' id='word_1_70' title='bbox 1280 1046 1338 1092; x_wconf 92' lang='lat' dir='ltr'><strong>et</strong></span> <span class='ocrx_word' id='word_1_71' title='bbox 1360 1037 1639 1093; x_wconf 88' lang='lat' dir='ltr'><strong>astutiam.</strong></span> <span class='ocrx_word' id='word_1_72' title='bbox 1673 1036 1824 1090; x_wconf 83' lang='lat' dir='ltr'><strong>Clam</strong></span> 
     </span>
    </p>
   </div>
   <div class='ocr_carea' id='block_1_10' title="bbox 249 1127 1829 1202">
    <p class='ocr_par' dir='ltr' id='par_1_10' title="bbox 249 1127 1829 1202">
     <span class='ocr_line' id='line_1_10' title="bbox 249 1127 1829 1202; baseline -0.002 -17"><span class='ocrx_word' id='word_1_73' title='bbox 249 1132 395 1186; x_wconf 88' lang='lat' dir='ltr'><strong>cnim</strong></span> <span class='ocrx_word' id='word_1_74' title='bbox 448 1147 548 1202; x_wconf 94' lang='lat' dir='ltr'><strong>per</strong></span> <span class='ocrx_word' id='word_1_75' title='bbox 594 1131 760 1186; x_wconf 91' lang='lat' dir='ltr'><strong>alium</strong></span> <span class='ocrx_word' id='word_1_76' title='bbox 817 1131 1039 1202; x_wconf 84' lang='lat' dir='ltr'><strong>adytum</strong></span> <span class='ocrx_word' id='word_1_77' title='bbox 1102 1129 1372 1185; x_wconf 90' lang='lat' dir='ltr'><strong>collocant</strong></span> <span class='ocrx_word' id='word_1_78' title='bbox 1412 1127 1702 1194; x_wconf 85' lang='lat' dir='ltr'><strong>insidias,</strong></span> <span class='ocrx_word' id='word_1_79' title='bbox 1766 1135 1829 1183; x_wconf 91' lang='lat' dir='ltr'><strong>ut</strong></span> 
     </span>
    </p>
   </div>
   <div class='ocr_carea' id='block_1_11' title="bbox 249 1219 1829 1295">
    <p class='ocr_par' dir='ltr' id='par_1_11' title="bbox 249 1219 1829 1295">
     <span class='ocr_line' id='line_1_11' title="bbox 249 1219 1829 1295; baseline 0.001 -23"><span class='ocrx_word' id='word_1_80' title='bbox 249 1220 470 1290; x_wconf 82' lang='lat' dir='ltr'><strong>quando</strong></span> <span class='ocrx_word' id='word_1_81' title='bbox 493 1235 559 1277; x_wconf 85' lang='lat' dir='ltr'><strong>ex</strong></span> <span class='ocrx_word' id='word_1_82' title='bbox 592 1220 762 1275; x_wconf 86' lang='lat' dir='ltr'><strong>sacris</strong></span> <span class='ocrx_word' id='word_1_83' title='bbox 802 1221 981 1293; x_wconf 84' lang='lat' dir='ltr'><strong>adytis</strong></span> <span class='ocrx_word' id='word_1_84' title='bbox 1015 1235 1175 1275; x_wconf 87' lang='lat' dir='ltr'><strong>ovem</strong></span> <span class='ocrx_word' id='word_1_85' title='bbox 1204 1229 1395 1295; x_wconf 88' lang='lat' dir='ltr'><strong>pastor_</strong></span> <span class='ocrx_word' id='word_1_86' title='bbox 1436 1219 1679 1274; x_wconf 91' lang='lat' dir='ltr'><strong>traheret</strong></span> <span class='ocrx_word' id='word_1_87' title='bbox 1725 1234 1829 1273; x_wconf 85' lang='lat' dir='ltr'><strong>na-</strong></span> 
     </span>
    </p>
   </div>
   <div class='ocr_carea' id='block_1_12' title="bbox 254 1311 1828 1382">
    <p class='ocr_par' dir='ltr' id='par_1_12' title="bbox 254 1311 1828 1382">
     <span class='ocr_line' id='line_1_12' title="bbox 254 1311 1828 1382; baseline 0.001 -17"><span class='ocrx_word' id='word_1_88' title='bbox 254 1323 390 1366; x_wconf 72' lang='lat' dir='ltr'><strong>turre</strong></span> <span class='ocrx_word' id='word_1_89' title='bbox 435 1312 789 1377; x_wconf 85' lang='lat' dir='ltr'><strong>servientem,</strong></span> <span class='ocrx_word' id='word_1_90' title='bbox 836 1327 957 1366; x_wconf 90' lang='lat' dir='ltr'><strong>eam</strong></span> <span class='ocrx_word' id='word_1_91' title='bbox 1008 1311 1182 1366; x_wconf 87' lang='lat' dir='ltr'><strong>instar</strong></span> <span class='ocrx_word' id='word_1_92' title='bbox 1228 1311 1480 1382; x_wconf 86' lang='lat' dir='ltr'><strong>luporum</strong></span> <span class='ocrx_word' id='word_1_93' title='bbox 1532 1319 1828 1382; x_wconf 88' lang='lat' dir='ltr'><strong>raperent:</strong></span> 
     </span>
    </p>
   </div>
   <div class='ocr_carea' id='block_1_13' title="bbox 1920 586 3491 660">
    <p class='ocr_par' dir='ltr' id='par_1_13' title="bbox 1920 586 3491 660">
     <span class='ocr_line' id='line_1_13' title="bbox 1920 586 3491 660; baseline -0.001 -20"><span class='ocrx_word' id='word_1_94' title='bbox 1920 586 2100 641; x_wconf 89' lang='lat' dir='ltr'><strong>locum</strong></span> <span class='ocrx_word' id='word_1_95' title='bbox 2130 587 2218 651; x_wconf 88' lang='lat' dir='ltr'><strong>iis,</strong></span> <span class='ocrx_word' id='word_1_96' title='bbox 2253 588 2347 658; x_wconf 88' lang='lat' dir='ltr'><strong>qui</strong></span> <span class='ocrx_word' id='word_1_97' title='bbox 2388 590 2645 644; x_wconf 87' lang='lat' dir='ltr'><strong>volebant</strong></span> <span class='ocrx_word' id='word_1_98' title='bbox 2688 590 2941 660; x_wconf 82' lang='lat' dir='ltr'><strong>proximo</strong></span> <span class='ocrx_word' id='word_1_99' title='bbox 2987 589 3169 644; x_wconf 79' lang='lat' dir='ltr'><strong>facere</strong></span> <span class='ocrx_word' id='word_1_100' title='bbox 3216 589 3491 659; x_wconf 83' lang='lat' dir='ltr'><strong>injuriam.</strong></span> 
     </span>
    </p>
   </div>
   <div class='ocr_carea' id='block_1_14' title="bbox 1924 666 3499 751">
    <p class='ocr_par' dir='ltr' id='par_1_14' title="bbox 1924 666 3499 751">
     <span class='ocr_line' id='line_1_14' title="bbox 1924 666 3499 751; baseline -0.001 -17"><span class='ocrx_word' id='word_1_101' title='bbox 1924 677 2035 734; x_wconf 86' lang='lat' dir='ltr'><strong>Sed</strong></span> <span class='ocrx_word' id='word_1_102' title='bbox 2081 678 2223 735; x_wconf 71' lang='lat' dir='ltr'><strong>forte</strong></span> <span class='ocrx_word' id='word_1_103' title='bbox 2254 679 2434 751; x_wconf 81' lang='lat' dir='ltr'><strong>legum</strong></span> <span class='ocrx_word' id='word_1_104' title='bbox 2473 680 2696 750; x_wconf 86' lang='lat' dir='ltr'><strong>quidem</strong></span> <span class='ocrx_word' id='word_1_105' title='bbox 2743 690 2943 737; x_wconf 74' lang='lat' dir='ltr'><strong>ret-tam</strong></span> <span class='ocrx_word' id='word_1_106' title='bbox 2973 690 3029 736; x_wconf 85' lang='lat' dir='ltr'><strong>et</strong></span> <span class='ocrx_word' id='word_1_107' title='bbox 3054 666 3324 750; x_wconf 81' lang='lat' dir='ltr'><strong>nusquam</strong></span> <span class='ocrx_word' id='word_1_108' title='bbox 3367 694 3499 749; x_wconf 85' lang='lat' dir='ltr'><strong>pro—</strong></span> 
     </span>
    </p>
   </div>
   <div class='ocr_carea' id='block_1_15' title="bbox 1922 769 3497 843">
    <p class='ocr_par' dir='ltr' id='par_1_15' title="bbox 1922 769 3497 843">
     <span class='ocr_line' id='line_1_15' title="bbox 1922 769 3497 843; baseline 0.001 -19"><span class='ocrx_word' id='word_1_109' title='bbox 1922 769 2255 840; x_wconf 85' lang='lat' dir='ltr'><strong>pendentem</strong></span> <span class='ocrx_word' id='word_1_110' title='bbox 2303 772 2651 826; x_wconf 87' lang='lat' dir='ltr'><strong>conservavit</strong></span> <span class='ocrx_word' id='word_1_111' title='bbox 2688 773 2977 835; x_wconf 87' lang='lat' dir='ltr'><strong>trutinam,</strong></span> <span class='ocrx_word' id='word_1_112' title='bbox 3026 772 3277 843; x_wconf 81' lang='lat' dir='ltr'><strong>despexit</strong></span> <span class='ocrx_word' id='word_1_113' title='bbox 3314 778 3497 825; x_wconf 89' lang='lat' dir='ltr'><strong>autem</strong></span> 
     </span>
    </p>
   </div>
   <div class='ocr_carea' id='block_1_16' title="bbox 1920 860 3499 931">
    <p class='ocr_par' dir='ltr' id='par_1_16' title="bbox 1920 860 3499 931">
     <span class='ocr_line' id='line_1_16' title="bbox 1920 860 3499 931; baseline 0 -17"><span class='ocrx_word' id='word_1_114' title='bbox 1920 860 2043 930; x_wconf 84' lang='lat' dir='ltr'><strong>jura</strong></span> <span class='ocrx_word' id='word_1_115' title='bbox 2067 901 2084 927; x_wconf 94' lang='lat'><strong>,</strong></span> <span class='ocrx_word' id='word_1_116' title='bbox 2121 876 2245 931; x_wconf 72' lang='lat' dir='ltr'><strong>quae</strong></span> <span class='ocrx_word' id='word_1_117' title='bbox 2291 862 2549 931; x_wconf 63' lang='lat' dir='ltr'><strong>praeclare</strong></span> <span class='ocrx_word' id='word_1_118' title='bbox 2596 870 2912 918; x_wconf 89' lang='lat' dir='ltr'><strong>statuuntur</strong></span> <span class='ocrx_word' id='word_1_119' title='bbox 2949 878 2979 917; x_wconf 93' lang='lat' dir='ltr'><strong>a</strong></span> <span class='ocrx_word' id='word_1_120' title='bbox 3018 862 3361 917; x_wconf 84' lang='lat' dir='ltr'><strong>canonibus?</strong></span> <span class='ocrx_word' id='word_1_121' title='bbox 3395 861 3499 914; x_wconf 78' lang='lat' dir='ltr'><strong>Mi-</strong></span> 
     </span>
    </p>
   </div>
   <div class='ocr_carea' id='block_1_17' title="bbox 1926 951 3502 1024">
    <p class='ocr_par' dir='ltr' id='par_1_17' title="bbox 1926 951 3502 1024">
     <span class='ocr_line' id='line_1_17' title="bbox 1926 951 3502 1024; baseline 0.001 -20"><span class='ocrx_word' id='word_1_122' title='bbox 1926 951 2115 1005; x_wconf 88' lang='lat' dir='ltr'><strong>nime:</strong></span> <span class='ocrx_word' id='word_1_123' title='bbox 2150 953 2245 1007; x_wconf 87' lang='lat' dir='ltr'><strong>sed</strong></span> <span class='ocrx_word' id='word_1_124' title='bbox 2266 967 2391 1007; x_wconf 90' lang='lat' dir='ltr'><strong>cum</strong></span> <span class='ocrx_word' id='word_1_125' title='bbox 2426 953 2594 1008; x_wconf 88' lang='lat' dir='ltr'><strong>sciret</strong></span> <span class='ocrx_word' id='word_1_126' title='bbox 2627 953 2805 1024; x_wconf 88' lang='lat' dir='ltr'><strong>legum</strong></span> <span class='ocrx_word' id='word_1_127' title='bbox 2828 954 3174 1008; x_wconf 84' lang='lat' dir='ltr'><strong>severitatem</strong></span> <span class='ocrx_word' id='word_1_128' title='bbox 3226 951 3502 1009; x_wconf 65' lang='lat' dir='ltr'><strong>canonica</strong></span> 
     </span>
    </p>
   </div>
   <div class='ocr_carea' id='block_1_18' title="bbox 1927 1042 3501 1104">
    <p class='ocr_par' dir='ltr' id='par_1_18' title="bbox 1927 1042 3501 1104">
     <span class='ocr_line' id='line_1_18' title="bbox 1927 1042 3501 1104; baseline 0.001 -9"><span class='ocrx_word' id='word_1_129' title='bbox 1927 1042 2269 1098; x_wconf 87' lang='lat' dir='ltr'><strong>auctoritatis</strong></span> <span class='ocrx_word' id='word_1_130' title='bbox 2316 1043 2398 1098; x_wconf 73' lang='grc' dir='ltr'><strong>ξιι-</strong></span> <span class='ocrx_word' id='word_1_131' title='bbox 2426 1044 2612 1099; x_wconf 88' lang='lat' dir='ltr'><strong>multis</strong></span> <span class='ocrx_word' id='word_1_132' title='bbox 2643 1059 2765 1100; x_wconf 86' lang='lat' dir='ltr'><strong>esse</strong></span> <span class='ocrx_word' id='word_1_133' title='bbox 2793 1059 3036 1100; x_wconf 87' lang='lat' dir='ltr'><strong>sororem</strong></span> <span class='ocrx_word' id='word_1_134' title='bbox 3073 1052 3130 1098; x_wconf 92' lang='lat' dir='ltr'><strong>et</strong></span> <span class='ocrx_word' id='word_1_135' title='bbox 3168 1051 3501 1104; x_wconf 89' lang='lat' dir='ltr'><strong>consortem,</strong></span> 
     </span>
    </p>
   </div>
   <div class='ocr_carea' id='block_1_19' title="bbox 1929 1134 3505 1204">
    <p class='ocr_par' dir='ltr' id='par_1_19' title="bbox 1929 1134 3505 1204">
     <span class='ocr_line' id='line_1_19' title="bbox 1929 1134 3505 1204; baseline -0.001 -17"><span class='ocrx_word' id='word_1_136' title='bbox 1929 1142 1985 1188; x_wconf 87' lang='lat' dir='ltr'><strong>ut</strong></span> <span class='ocrx_word' id='word_1_137' title='bbox 2038 1134 2281 1203; x_wconf 88' lang='lat' dir='ltr'><strong>prudens</strong></span> <span class='ocrx_word' id='word_1_138' title='bbox 2325 1135 2493 1204; x_wconf 83' lang='lat' dir='ltr'><strong>judex</strong></span> <span class='ocrx_word' id='word_1_139' title='bbox 2533 1136 2674 1191; x_wconf 91' lang='lat' dir='ltr'><strong>hanc</strong></span> <span class='ocrx_word' id='word_1_140' title='bbox 2701 1151 2824 1191; x_wconf 91' lang='lat' dir='ltr'><strong>cum</strong></span> <span class='ocrx_word' id='word_1_141' title='bbox 2864 1135 2953 1191; x_wconf 89' lang='lat' dir='ltr'><strong>illa</strong></span> <span class='ocrx_word' id='word_1_142' title='bbox 2991 1143 3398 1204; x_wconf 88' lang='lat' dir='ltr'><strong>contemperat,</strong></span> <span class='ocrx_word' id='word_1_143' title='bbox 3448 1142 3505 1187; x_wconf 92' lang='lat' dir='ltr'><strong>et</strong></span> 
     </span>
    </p>
   </div>
   <div class='ocr_carea' id='block_1_20' title="bbox 1932 1224 3503 1297">
    <p class='ocr_par' dir='ltr' id='par_1_20' title="bbox 1932 1224 3503 1297">
     <span class='ocr_line' id='line_1_20' title="bbox 1932 1224 3503 1297; baseline -0.001 -20"><span class='ocrx_word' id='word_1_144' title='bbox 1932 1224 2178 1279; x_wconf 87' lang='lat' dir='ltr'><strong>ostendit</strong></span> <span class='ocrx_word' id='word_1_145' title='bbox 2223 1239 2348 1279; x_wconf 90' lang='lat' dir='ltr'><strong>esse</strong></span> <span class='ocrx_word' id='word_1_146' title='bbox 2388 1224 2684 1295; x_wconf 74' lang='lat' dir='ltr'><strong>legitimam</strong></span> <span class='ocrx_word' id='word_1_147' title='bbox 2714 1241 2985 1281; x_wconf 80' lang='lat' dir='ltr'><strong>canonum</strong></span> <span class='ocrx_word' id='word_1_148' title='bbox 3012 1226 3416 1297; x_wconf 82' lang='lat' dir='ltr'><strong>accurationem</strong></span> <span class='ocrx_word' id='word_1_149' title='bbox 3449 1225 3503 1276; x_wconf 91' lang='lat' dir='ltr'><strong>in</strong></span> 
     </span>
    </p>
   </div>
   <div class='ocr_carea' id='block_1_21' title="bbox 1929 1312 3507 1388">
    <p class='ocr_par' dir='ltr' id='par_1_21' title="bbox 1929 1312 3507 1388">
     <span class='ocr_line' id='line_1_21' title="bbox 1929 1312 3507 1388; baseline -0.001 -20"><span class='ocrx_word' id='word_1_150' title='bbox 1929 1312 2019 1379; x_wconf 89' lang='lat' dir='ltr'><strong>iis,</strong></span> <span class='ocrx_word' id='word_1_151' title='bbox 2054 1330 2177 1383; x_wconf 72' lang='lat' dir='ltr'><strong>quae</strong></span> <span class='ocrx_word' id='word_1_152' title='bbox 2206 1314 2470 1370; x_wconf 88' lang='lat' dir='ltr'><strong>canonice</strong></span> <span class='ocrx_word' id='word_1_153' title='bbox 2495 1316 2875 1387; x_wconf 86' lang='lat' dir='ltr'><strong>corriguntur;</strong></span> <span class='ocrx_word' id='word_1_154' title='bbox 2917 1316 3093 1388; x_wconf 91' lang='lat' dir='ltr'><strong>legum</strong></span> <span class='ocrx_word' id='word_1_155' title='bbox 3121 1332 3251 1372; x_wconf 91' lang='lat' dir='ltr'><strong>vero</strong></span> <span class='ocrx_word' id='word_1_156' title='bbox 3281 1316 3507 1370; x_wconf 83' lang='lat' dir='ltr'><strong>rectitu-</strong></span> 
     </span>
    </p>
   </div>
   <div class='ocr_carea' id='block_1_22' title="bbox 251 1402 3508 1476">
    <p class='ocr_par' dir='ltr' id='par_1_22' title="bbox 251 1402 3508 1476">
     <span class='ocr_line' id='line_1_22' title="bbox 251 1402 3508 1476; baseline 0 -19"><span class='ocrx_word' id='word_1_157' title='bbox 251 1405 399 1475; x_wconf 91' lang='lat' dir='ltr'><strong>qnod</strong></span> <span class='ocrx_word' id='word_1_158' title='bbox 429 1406 593 1460; x_wconf 88' lang='lat' dir='ltr'><strong>etiam</strong></span> <span class='ocrx_word' id='word_1_159' title='bbox 631 1404 834 1459; x_wconf 78' lang='lat' dir='ltr'><strong>factum</strong></span> <span class='ocrx_word' id='word_1_160' title='bbox 874 1412 980 1460; x_wconf 91' lang='lat' dir='ltr'><strong>est.</strong></span> <span class='ocrx_word' id='word_1_161' title='bbox 1011 1403 1150 1457; x_wconf 88' lang='lat' dir='ltr'><strong>Nam</strong></span> <span class='ocrx_word' id='word_1_162' title='bbox 1184 1417 1308 1458; x_wconf 92' lang='lat' dir='ltr'><strong>cum</strong></span> <span class='ocrx_word' id='word_1_163' title='bbox 1355 1411 1578 1458; x_wconf 88' lang='lat' dir='ltr'><strong>sanctus</strong></span> <span class='ocrx_word' id='word_1_164' title='bbox 1618 1402 1744 1469; x_wconf 90' lang='lat' dir='ltr'><strong>viri,</strong></span> <span class='ocrx_word' id='word_1_165' title='bbox 1773 1410 1834 1459; x_wconf 90' lang='lat' dir='ltr'><strong>ut</strong></span> <span class='ocrx_word' id='word_1_166' title='bbox 1932 1404 2116 1460; x_wconf 86' lang='lat' dir='ltr'><strong>dinem</strong></span> <span class='ocrx_word' id='word_1_167' title='bbox 2144 1404 2199 1458; x_wconf 90' lang='lat' dir='ltr'><strong>in</strong></span> <span class='ocrx_word' id='word_1_168' title='bbox 2231 1405 2319 1470; x_wconf 92' lang='lat' dir='ltr'><strong>iis,</strong></span> <span class='ocrx_word' id='word_1_169' title='bbox 2350 1420 2473 1474; x_wconf 70' lang='lat' dir='ltr'><strong>qua:</strong></span> <span class='ocrx_word' id='word_1_170' title='bbox 2497 1405 2739 1475; x_wconf 79' lang='lat' dir='ltr'><strong>legitime</strong></span> <span class='ocrx_word' id='word_1_171' title='bbox 2771 1416 3028 1476; x_wconf 87' lang='lat' dir='ltr'><strong>aguntur,</strong></span> <span class='ocrx_word' id='word_1_172' title='bbox 3062 1406 3378 1460; x_wconf 86' lang='lat' dir='ltr'><strong>canonicam</strong></span> <span class='ocrx_word' id='word_1_173' title='bbox 3406 1405 3508 1458; x_wconf 84' lang='lat' dir='ltr'><strong>ob-</strong></span> 
     </span>
    </p>
   </div>
   <div class='ocr_carea' id='block_1_23' title="bbox 256 1494 3505 1568">
    <p class='ocr_par' dir='ltr' id='par_1_23' title="bbox 256 1494 3505 1568">
     <span class='ocr_line' id='line_1_23' title="bbox 256 1494 3505 1568; baseline 0.001 -18"><span class='ocrx_word' id='word_1_174' title='bbox 256 1497 488 1561; x_wconf 83' lang='lat' dir='ltr'><strong>snlcbat,</strong></span> <span class='ocrx_word' id='word_1_175' title='bbox 517 1511 703 1551; x_wconf 88' lang='lat' dir='ltr'><strong>curam</strong></span> <span class='ocrx_word' id='word_1_176' title='bbox 728 1503 964 1567; x_wconf 85' lang='lat' dir='ltr'><strong>gereret,</strong></span> <span class='ocrx_word' id='word_1_177' title='bbox 996 1504 1051 1550; x_wconf 91' lang='lat' dir='ltr'><strong>et</strong></span> <span class='ocrx_word' id='word_1_178' title='bbox 1074 1494 1143 1549; x_wconf 89' lang='lat' dir='ltr'><strong>ad</strong></span> <span class='ocrx_word' id='word_1_179' title='bbox 1176 1494 1438 1564; x_wconf 88' lang='lat' dir='ltr'><strong>requisita</strong></span> <span class='ocrx_word' id='word_1_180' title='bbox 1471 1504 1677 1549; x_wconf 67' lang='lat' dir='ltr'><strong>naturae</strong></span> <span class='ocrx_word' id='word_1_181' title='bbox 1705 1509 1833 1550; x_wconf 85' lang='lat' dir='ltr'><strong>eum</strong></span> <span class='ocrx_word' id='word_1_182' title='bbox 1934 1496 2320 1567; x_wconf 88' lang='lat' dir='ltr'><strong>signationem.</strong></span> <span class='ocrx_word' id='word_1_183' title='bbox 2373 1495 2529 1563; x_wconf 84' lang='lat' dir='ltr'><strong>Quod</strong></span> <span class='ocrx_word' id='word_1_184' title='bbox 2562 1504 2745 1552; x_wconf 87' lang='lat' dir='ltr'><strong>autem</strong></span> <span class='ocrx_word' id='word_1_185' title='bbox 2786 1513 2896 1553; x_wconf 90' lang='lat' dir='ltr'><strong>non</strong></span> <span class='ocrx_word' id='word_1_186' title='bbox 2931 1497 3231 1568; x_wconf 89' lang='lat' dir='ltr'><strong>prodiderit</strong></span> <span class='ocrx_word' id='word_1_187' title='bbox 3271 1498 3375 1552; x_wconf 91' lang='lat' dir='ltr'><strong>hoc</strong></span> <span class='ocrx_word' id='word_1_188' title='bbox 3412 1495 3505 1553; x_wconf 89' lang='lat' dir='ltr'><strong>Dei</strong></span> 
     </span>
    </p>
   </div>
   <div class='ocr_carea' id='block_1_24' title="bbox 254 1586 3509 1659">
    <p class='ocr_par' dir='ltr' id='par_1_24' title="bbox 254 1586 3509 1659">
     <span class='ocr_line' id='line_1_24' title="bbox 254 1586 3509 1659; baseline 0 -18"><span class='ocrx_word' id='word_1_189' title='bbox 254 1590 504 1650; x_wconf 86' lang='lat' dir='ltr'><strong>duceret,</strong></span> <span class='ocrx_word' id='word_1_190' title='bbox 555 1587 614 1652; x_wconf 89' lang='lat' dir='ltr'><strong>ii,</strong></span> <span class='ocrx_word' id='word_1_191' title='bbox 664 1587 758 1659; x_wconf 88' lang='lat' dir='ltr'><strong>qui</strong></span> <span class='ocrx_word' id='word_1_192' title='bbox 803 1601 996 1641; x_wconf 91' lang='lat' dir='ltr'><strong>secure</strong></span> <span class='ocrx_word' id='word_1_193' title='bbox 1048 1586 1291 1640; x_wconf 88' lang='lat' dir='ltr'><strong>latebant</strong></span> <span class='ocrx_word' id='word_1_194' title='bbox 1338 1586 1391 1639; x_wconf 93' lang='lat' dir='ltr'><strong>in</strong></span> <span class='ocrx_word' id='word_1_195' title='bbox 1444 1586 1680 1652; x_wconf 88' lang='lat' dir='ltr'><strong>insidiis,</strong></span> <span class='ocrx_word' id='word_1_196' title='bbox 1734 1600 1837 1657; x_wconf 85' lang='lat' dir='ltr'><strong>per</strong></span> <span class='ocrx_word' id='word_1_197' title='bbox 1934 1594 1990 1642; x_wconf 90' lang='lat' dir='ltr'><strong>et</strong></span> <span class='ocrx_word' id='word_1_198' title='bbox 2018 1586 2266 1642; x_wconf 90' lang='lat' dir='ltr'><strong>divinum</strong></span> <span class='ocrx_word' id='word_1_199' title='bbox 2295 1596 2651 1657; x_wconf 61' lang='lat' dir='ltr'><strong>praeceptum,</strong></span> <span class='ocrx_word' id='word_1_200' title='bbox 2686 1588 2781 1644; x_wconf 89' lang='lat' dir='ltr'><strong>sed</strong></span> <span class='ocrx_word' id='word_1_201' title='bbox 2816 1603 2883 1643; x_wconf 90' lang='lat' dir='ltr'><strong>ex</strong></span> <span class='ocrx_word' id='word_1_202' title='bbox 2912 1604 3071 1659; x_wconf 70' lang='lat' dir='ltr'><strong>azquo</strong></span> <span class='ocrx_word' id='word_1_203' title='bbox 3099 1604 3362 1644; x_wconf 86' lang='lat' dir='ltr'><strong>canonem</strong></span> <span class='ocrx_word' id='word_1_204' title='bbox 3390 1605 3509 1643; x_wconf 86' lang='lat' dir='ltr'><strong>ser-</strong></span> 
     </span>
    </p>
   </div>
   <div class='ocr_carea' id='block_1_25' title="bbox 256 1676 3511 1751">
    <p class='ocr_par' dir='ltr' id='par_1_25' title="bbox 256 1676 3511 1751">
     <span class='ocr_line' id='line_1_25' title="bbox 256 1676 3511 1751; baseline 0 -16"><span class='ocrx_word' id='word_1_205' title='bbox 256 1682 418 1735; x_wconf 83' lang='lat' dir='ltr'><strong>aliam</strong></span> <span class='ocrx_word' id='word_1_206' title='bbox 451 1688 664 1750; x_wconf 88' lang='lat' dir='ltr'><strong>portam</strong></span> <span class='ocrx_word' id='word_1_207' title='bbox 695 1679 1084 1749; x_wconf 90' lang='lat' dir='ltr'><strong>irrumpentes,</strong></span> <span class='ocrx_word' id='word_1_208' title='bbox 1116 1693 1243 1734; x_wconf 90' lang='lat' dir='ltr'><strong>eum</strong></span> <span class='ocrx_word' id='word_1_209' title='bbox 1271 1676 1512 1747; x_wconf 81' lang='lat' dir='ltr'><strong>rapiunt,</strong></span> <span class='ocrx_word' id='word_1_210' title='bbox 1547 1684 1604 1731; x_wconf 86' lang='lat' dir='ltr'><strong>et</strong></span> <span class='ocrx_word' id='word_1_211' title='bbox 1637 1676 1707 1731; x_wconf 85' lang='lat' dir='ltr'><strong>ad</strong></span> <span class='ocrx_word' id='word_1_212' title='bbox 1746 1691 1835 1732; x_wconf 85' lang='lat' dir='ltr'><strong>re-</strong></span> <span class='ocrx_word' id='word_1_213' title='bbox 1868 1742 1904 1751; x_wconf 82' lang='lat'><strong>_</strong></span> <span class='ocrx_word' id='word_1_214' title='bbox 1935 1679 2147 1736; x_wconf 90' lang='lat' dir='ltr'><strong>vaverit</strong></span> <span class='ocrx_word' id='word_1_215' title='bbox 2175 1688 2232 1733; x_wconf 92' lang='lat' dir='ltr'><strong>et</strong></span> <span class='ocrx_word' id='word_1_216' title='bbox 2254 1678 2447 1750; x_wconf 88' lang='lat' dir='ltr'><strong>legem.</strong></span> <span class='ocrx_word' id='word_1_217' title='bbox 2483 1694 2596 1733; x_wconf 87' lang='lat' dir='ltr'><strong>non</strong></span> <span class='ocrx_word' id='word_1_218' title='bbox 2619 1688 2711 1733; x_wconf 77' lang='lat' dir='ltr'><strong>est</strong></span> <span class='ocrx_word' id='word_1_219' title='bbox 2732 1680 3002 1735; x_wconf 89' lang='lat' dir='ltr'><strong>obscurus</strong></span> <span class='ocrx_word' id='word_1_220' title='bbox 3033 1681 3210 1746; x_wconf 88' lang='lat' dir='ltr'><strong>testis,</strong></span> <span class='ocrx_word' id='word_1_221' title='bbox 3241 1696 3403 1751; x_wconf 89' lang='lat' dir='ltr'><strong>quem</strong></span> <span class='ocrx_word' id='word_1_222' title='bbox 3428 1692 3511 1736; x_wconf 88' lang='lat' dir='ltr'><strong>cst</strong></span> 
     </span>
    </p>
   </div>
   <div class='ocr_carea' id='block_1_26' title="bbox 258 1768 1835 1842">
    <p class='ocr_par' dir='ltr' id='par_1_26' title="bbox 258 1768 1835 1842">
     <span class='ocr_line' id='line_1_26' title="bbox 258 1768 1835 1842; baseline -0.001 -19"><span class='ocrx_word' id='word_1_223' title='bbox 258 1774 396 1842; x_wconf 79' lang='lat' dir='ltr'><strong>giam</strong></span> <span class='ocrx_word' id='word_1_224' title='bbox 431 1787 529 1840; x_wconf 88' lang='lat' dir='ltr'><strong>per</strong></span> <span class='ocrx_word' id='word_1_225' title='bbox 556 1772 660 1825; x_wconf 88' lang='lat' dir='ltr'><strong>vim</strong></span> <span class='ocrx_word' id='word_1_226' title='bbox 693 1769 938 1825; x_wconf 88' lang='lat' dir='ltr'><strong>trahunt.</strong></span> <span class='ocrx_word' id='word_1_227' title='bbox 969 1768 1264 1840; x_wconf 86' lang='lat' dir='ltr'><strong>Postquam</strong></span> <span class='ocrx_word' id='word_1_228' title='bbox 1292 1769 1835 1824; x_wconf 16' lang='lat' dir='ltr'><strong>autemtsceleratam</strong></span> 
     </span>
    </p>
   </div>
   <div class='ocr_carea' id='block_1_27' title="bbox 259 1862 1840 1931">
    <p class='ocr_par' dir='ltr' id='par_1_27' title="bbox 259 1862 1840 1931">
     <span class='ocr_line' id='line_1_27' title="bbox 259 1862 1840 1931; baseline -0.003 -12"><span class='ocrx_word' id='word_1_229' title='bbox 259 1864 555 1920; x_wconf 77' lang='lat' dir='ltr'><strong>infelicium</strong></span> <span class='ocrx_word' id='word_1_230' title='bbox 580 1864 1039 1919; x_wconf 90' lang='lat' dir='ltr'><strong>machinationem</strong></span> <span class='ocrx_word' id='word_1_231' title='bbox 1065 1863 1120 1917; x_wconf 92' lang='lat' dir='ltr'><strong>in</strong></span> <span class='ocrx_word' id='word_1_232' title='bbox 1142 1877 1266 1917; x_wconf 89' lang='lat' dir='ltr'><strong>eum</strong></span> <span class='ocrx_word' id='word_1_233' title='bbox 1291 1862 1611 1917; x_wconf 88' lang='lat' dir='ltr'><strong>adornatam</strong></span> <span class='ocrx_word' id='word_1_234' title='bbox 1638 1874 1840 1931; x_wconf 87' lang='lat' dir='ltr'><strong>cogno-</strong></span> 
     </span>
    </p>
   </div>
   <div class='ocr_carea' id='block_1_28' title="bbox 262 1951 1837 2027">
    <p class='ocr_par' dir='ltr' id='par_1_28' title="bbox 262 1951 1837 2027">
     <span class='ocr_line' id='line_1_28' title="bbox 262 1951 1837 2027; baseline -0.004 -16"><span class='ocrx_word' id='word_1_235' title='bbox 262 1959 339 2011; x_wconf 88' lang='lat' dir='ltr'><strong>vit</strong></span> <span class='ocrx_word' id='word_1_236' title='bbox 388 1965 577 2027; x_wconf 91' lang='lat' dir='ltr'><strong>pastor</strong></span> <span class='ocrx_word' id='word_1_237' title='bbox 613 1954 1034 2020; x_wconf 86' lang='lat' dir='ltr'><strong>sanctissimus,</strong></span> <span class='ocrx_word' id='word_1_238' title='bbox 1083 1953 1162 2007; x_wconf 91' lang='lat' dir='ltr'><strong>ira</strong></span> <span class='ocrx_word' id='word_1_239' title='bbox 1208 1959 1266 2007; x_wconf 91' lang='lat' dir='ltr'><strong>et</strong></span> <span class='ocrx_word' id='word_1_240' title='bbox 1310 1951 1500 2007; x_wconf 90' lang='lat' dir='ltr'><strong>dolore</strong></span> <span class='ocrx_word' id='word_1_241' title='bbox 1544 1958 1837 2020; x_wconf 90' lang='lat' dir='ltr'><strong>arreptus,</strong></span> 
     </span>
    </p>
   </div>
   <div class='ocr_carea' id='block_1_29' title="bbox 262 2038 1838 2116">
    <p class='ocr_par' dir='ltr' id='par_1_29' title="bbox 262 2038 1838 2116">
     <span class='ocr_line' id='line_1_29' title="bbox 262 2038 1838 2116; baseline -0.004 -15"><span class='ocrx_word' id='word_1_242' title='bbox 262 2038 408 2102; x_wconf 84' lang='lat' dir='ltr'><strong>nulla</strong></span> <span class='ocrx_word' id='word_1_243' title='bbox 444 2055 600 2101; x_wconf 90' lang='lat' dir='ltr'><strong>utens</strong></span> <span class='ocrx_word' id='word_1_244' title='bbox 636 2046 920 2111; x_wconf 89' lang='lat' dir='ltr'><strong>dilatione,</strong></span> <span class='ocrx_word' id='word_1_245' title='bbox 951 2045 1019 2100; x_wconf 92' lang='lat' dir='ltr'><strong>ad</strong></span> <span class='ocrx_word' id='word_1_246' title='bbox 1052 2044 1164 2116; x_wconf 68' lang='lat'><strong>(52)</strong></span> <span class='ocrx_word' id='word_1_247' title='bbox 1194 2042 1494 2099; x_wconf 87' lang='lat' dir='ltr'><strong>Eleutherii</strong></span> <span class='ocrx_word' id='word_1_248' title='bbox 1532 2042 1716 2097; x_wconf 86' lang='lat' dir='ltr'><strong>aulam</strong></span> <span class='ocrx_word' id='word_1_249' title='bbox 1746 2055 1838 2095; x_wconf 88' lang='lat' dir='ltr'><strong>re-</strong></span> 
     </span>
    </p>
   </div>
   <div class='ocr_carea' id='block_1_30' title="bbox 260 2131 1840 2205">
    <p class='ocr_par' dir='ltr' id='par_1_30' title="bbox 260 2131 1840 2205">
     <span class='ocr_line' id='line_1_30' title="bbox 260 2131 1840 2205; baseline -0.001 -18"><span class='ocrx_word' id='word_1_250' title='bbox 260 2135 401 2205; x_wconf 85' lang='lat' dir='ltr'><strong>giam</strong></span> <span class='ocrx_word' id='word_1_251' title='bbox 436 2133 585 2204; x_wconf 90' lang='lat' dir='ltr'><strong>(illic</strong></span> <span class='ocrx_word' id='word_1_252' title='bbox 612 2133 761 2188; x_wconf 90' lang='lat' dir='ltr'><strong>enim</strong></span> <span class='ocrx_word' id='word_1_253' title='bbox 803 2141 934 2188; x_wconf 91' lang='lat' dir='ltr'><strong>tunc</strong></span> <span class='ocrx_word' id='word_1_254' title='bbox 983 2133 1125 2189; x_wconf 78' lang='lat' dir='ltr'><strong>forte</strong></span> <span class='ocrx_word' id='word_1_255' title='bbox 1163 2133 1389 2203; x_wconf 87' lang='lat' dir='ltr'><strong>contigit</strong></span> <span class='ocrx_word' id='word_1_256' title='bbox 1424 2132 1623 2203; x_wconf 90' lang='lat' dir='ltr'><strong>degere</strong></span> <span class='ocrx_word' id='word_1_257' title='bbox 1665 2131 1840 2200; x_wconf 89' lang='lat' dir='ltr'><strong>impe-</strong></span> 
     </span>
    </p>
   </div>
   <div class='ocr_carea' id='block_1_31' title="bbox 262 2223 1839 2293">
    <p class='ocr_par' dir='ltr' id='par_1_31' title="bbox 262 2223 1839 2293">
     <span class='ocr_line' id='line_1_31' title="bbox 262 2223 1839 2293; baseline -0.001 -15"><span class='ocrx_word' id='word_1_258' title='bbox 262 2225 550 2293; x_wconf 85' lang='lat' dir='ltr'><strong>ratricem)</strong></span> <span class='ocrx_word' id='word_1_259' title='bbox 597 2225 827 2280; x_wconf 83' lang='lat' dir='ltr'><strong>accedit.</strong></span> <span class='ocrx_word' id='word_1_260' title='bbox 879 2225 1014 2281; x_wconf 91' lang='lat' dir='ltr'><strong>Cum</strong></span> <span class='ocrx_word' id='word_1_261' title='bbox 1061 2224 1099 2280; x_wconf 89' lang='lat' dir='ltr'><strong>ii</strong></span> <span class='ocrx_word' id='word_1_262' title='bbox 1147 2239 1278 2280; x_wconf 87' lang='lat' dir='ltr'><strong>vero</strong></span> <span class='ocrx_word' id='word_1_263' title='bbox 1320 2224 1497 2279; x_wconf 88' lang='lat' dir='ltr'><strong>Patris</strong></span> <span class='ocrx_word' id='word_1_264' title='bbox 1540 2223 1839 2279; x_wconf 90' lang='lat' dir='ltr'><strong>adventum</strong></span> 
     </span>
    </p>
   </div>
   <div class='ocr_carea' id='block_1_32' title="bbox 264 2314 1842 2387">
    <p class='ocr_par' dir='ltr' id='par_1_32' title="bbox 264 2314 1842 2387">
     <span class='ocr_line' id='line_1_32' title="bbox 264 2314 1842 2387; baseline -0.001 -17"><span class='ocrx_word' id='word_1_265' title='bbox 264 2317 581 2381; x_wconf 83' lang='lat' dir='ltr'><strong>sensissent,</strong></span> <span class='ocrx_word' id='word_1_266' title='bbox 632 2325 687 2372; x_wconf 90' lang='lat' dir='ltr'><strong>et</strong></span> <span class='ocrx_word' id='word_1_267' title='bbox 724 2317 845 2385; x_wconf 87' lang='lat' dir='ltr'><strong>ejus</strong></span> <span class='ocrx_word' id='word_1_268' title='bbox 904 2316 1250 2387; x_wconf 69' lang='lat' dir='ltr'><strong>praesentiam</strong></span> <span class='ocrx_word' id='word_1_269' title='bbox 1299 2315 1355 2369; x_wconf 92' lang='lat' dir='ltr'><strong>in</strong></span> <span class='ocrx_word' id='word_1_270' title='bbox 1398 2316 1549 2386; x_wconf 87' lang='lat' dir='ltr'><strong>ipsos</strong></span> <span class='ocrx_word' id='word_1_271' title='bbox 1596 2314 1842 2369; x_wconf 78' lang='lat' dir='ltr'><strong>futuram</strong></span> 
     </span>
    </p>
   </div>
   <div class='ocr_carea' id='block_1_33' title="bbox 265 2406 1843 2479">
    <p class='ocr_par' dir='ltr' id='par_1_33' title="bbox 265 2406 1843 2479">
     <span class='ocr_line' id='line_1_33' title="bbox 265 2406 1843 2479; baseline -0.003 -16"><span class='ocrx_word' id='word_1_272' title='bbox 265 2408 384 2463; x_wconf 84' lang='lat' dir='ltr'><strong>zelo</strong></span> <span class='ocrx_word' id='word_1_273' title='bbox 427 2408 641 2475; x_wconf 88' lang='lat' dir='ltr'><strong>plenam</strong></span> <span class='ocrx_word' id='word_1_274' title='bbox 681 2416 735 2464; x_wconf 90' lang='lat' dir='ltr'><strong>et</strong></span> <span class='ocrx_word' id='word_1_275' title='bbox 783 2407 959 2462; x_wconf 90' lang='lat' dir='ltr'><strong>instar</strong></span> <span class='ocrx_word' id='word_1_276' title='bbox 1004 2406 1147 2462; x_wconf 89' lang='lat' dir='ltr'><strong>acuti</strong></span> <span class='ocrx_word' id='word_1_277' title='bbox 1195 2406 1357 2479; x_wconf 90' lang='lat' dir='ltr'><strong>gladii</strong></span> <span class='ocrx_word' id='word_1_278' title='bbox 1409 2406 1843 2476; x_wconf 87' lang='lat' dir='ltr'><strong>suspicarentur,</strong></span> 
     </span>
    </p>
   </div>
   <div class='ocr_carea' id='block_1_34' title="bbox 266 2496 1843 2571">
    <p class='ocr_par' dir='ltr' id='par_1_34' title="bbox 266 2496 1843 2571">
     <span class='ocr_line' id='line_1_34' title="bbox 266 2496 1843 2571; baseline -0.002 -18"><span class='ocrx_word' id='word_1_279' title='bbox 266 2515 391 2553; x_wconf 90' lang='lat' dir='ltr'><strong>enm</strong></span> <span class='ocrx_word' id='word_1_280' title='bbox 425 2498 674 2554; x_wconf 77' lang='lat' dir='ltr'><strong>siverunt</strong></span> <span class='ocrx_word' id='word_1_281' title='bbox 723 2508 877 2554; x_wconf 90' lang='lat' dir='ltr'><strong>extra</strong></span> <span class='ocrx_word' id='word_1_282' title='bbox 928 2498 1154 2571; x_wconf 85' lang='lat' dir='ltr'><strong>regiam,</strong></span> <span class='ocrx_word' id='word_1_283' title='bbox 1207 2512 1278 2553; x_wconf 90' lang='lat' dir='ltr'><strong>ne</strong></span> <span class='ocrx_word' id='word_1_284' title='bbox 1320 2510 1574 2553; x_wconf 87' lang='lat' dir='ltr'><strong>sermone</strong></span> <span class='ocrx_word' id='word_1_285' title='bbox 1620 2496 1843 2566; x_wconf 87' lang='lat' dir='ltr'><strong>quidem</strong></span> 
     </span>
    </p>
   </div>
   <div class='ocr_carea' id='block_1_35' title="bbox 269 2586 1842 2658">
    <p class='ocr_par' dir='ltr' id='par_1_35' title="bbox 269 2586 1842 2658">
     <span class='ocr_line' id='line_1_35' title="bbox 269 2586 1842 2658; baseline -0.001 -16"><span class='ocrx_word' id='word_1_286' title='bbox 269 2588 499 2658; x_wconf 84' lang='lat' dir='ltr'><strong>dignati.</strong></span> <span class='ocrx_word' id='word_1_287' title='bbox 548 2588 640 2644; x_wconf 95' lang='lat' dir='ltr'><strong>Ille</strong></span> <span class='ocrx_word' id='word_1_288' title='bbox 679 2598 860 2644; x_wconf 91' lang='lat' dir='ltr'><strong>autem</strong></span> <span class='ocrx_word' id='word_1_289' title='bbox 904 2590 1098 2645; x_wconf 88' lang='lat' dir='ltr'><strong>videns</strong></span> <span class='ocrx_word' id='word_1_290' title='bbox 1143 2603 1303 2643; x_wconf 91' lang='lat' dir='ltr'><strong>suum</strong></span> <span class='ocrx_word' id='word_1_291' title='bbox 1358 2587 1655 2643; x_wconf 88' lang='lat' dir='ltr'><strong>adventum</strong></span> <span class='ocrx_word' id='word_1_292' title='bbox 1707 2586 1842 2641; x_wconf 87' lang='lat' dir='ltr'><strong>nihil</strong></span> 
     </span>
    </p>
   </div>
   <div class='ocr_carea' id='block_1_36' title="bbox 270 2677 1847 2750">
    <p class='ocr_par' dir='ltr' id='par_1_36' title="bbox 270 2677 1847 2750">
     <span class='ocr_line' id='line_1_36' title="bbox 270 2677 1847 2750; baseline 0.001 -19"><span class='ocrx_word' id='word_1_293' title='bbox 270 2678 373 2731; x_wconf 88' lang='lat' dir='ltr'><strong>sibi</strong></span> <span class='ocrx_word' id='word_1_294' title='bbox 416 2677 713 2747; x_wconf 75' lang='lat' dir='ltr'><strong>profuisse.</strong></span> <span class='ocrx_word' id='word_1_295' title='bbox 757 2679 1147 2736; x_wconf 83' lang='lat' dir='ltr'><strong>ecclesiasticae</strong></span> <span class='ocrx_word' id='word_1_296' title='bbox 1180 2695 1359 2750; x_wconf 67' lang='lat' dir='ltr'><strong>pinnae</strong></span> <span class='ocrx_word' id='word_1_297' title='bbox 1388 2679 1625 2734; x_wconf 89' lang='lat' dir='ltr'><strong>vinculis</strong></span> <span class='ocrx_word' id='word_1_298' title='bbox 1654 2693 1847 2735; x_wconf 89' lang='lat' dir='ltr'><strong>omnes</strong></span> 
     </span>
    </p>
   </div>
   <div class='ocr_carea' id='block_1_37' title="bbox 269 2770 1849 2843">
    <p class='ocr_par' dir='ltr' id='par_1_37' title="bbox 269 2770 1849 2843">
     <span class='ocr_line' id='line_1_37' title="bbox 269 2770 1849 2843; baseline 0.002 -20"><span class='ocrx_word' id='word_1_299' title='bbox 269 2770 637 2825; x_wconf 78' lang='lat' dir='ltr'><strong>cmnmuniter</strong></span> <span class='ocrx_word' id='word_1_300' title='bbox 662 2771 879 2843; x_wconf 83' lang='lat' dir='ltr'><strong>alligat,</strong></span> <span class='ocrx_word' id='word_1_301' title='bbox 913 2772 1277 2843; x_wconf 89' lang='lat' dir='ltr'><strong>pronuntians</strong></span> <span class='ocrx_word' id='word_1_302' title='bbox 1319 2771 1575 2841; x_wconf 87' lang='lat' dir='ltr'><strong>indignos</strong></span> <span class='ocrx_word' id='word_1_303' title='bbox 1602 2787 1849 2827; x_wconf 79' lang='lat' dir='ltr'><strong>commu-</strong></span> 
     </span>
    </p>
   </div>
   <div class='ocr_carea' id='block_1_38' title="bbox 270 2862 1850 2935">
    <p class='ocr_par' dir='ltr' id='par_1_38' title="bbox 270 2862 1850 2935">
     <span class='ocr_line' id='line_1_38' title="bbox 270 2862 1850 2935; baseline 0.003 -21"><span class='ocrx_word' id='word_1_304' title='bbox 270 2862 438 2916; x_wconf 88' lang='lat' dir='ltr'><strong>nione</strong></span> <span class='ocrx_word' id='word_1_305' title='bbox 469 2862 673 2917; x_wconf 87' lang='lat' dir='ltr'><strong>Christi</strong></span> <span class='ocrx_word' id='word_1_306' title='bbox 708 2871 1202 2929; x_wconf 89' lang='lat' dir='ltr'><strong>sacramentorum,</strong></span> <span class='ocrx_word' id='word_1_307' title='bbox 1234 2863 1280 2918; x_wconf 92' lang='lat' dir='ltr'><strong>si</strong></span> <span class='ocrx_word' id='word_1_308' title='bbox 1320 2863 1428 2917; x_wconf 91' lang='lat' dir='ltr'><strong>ullo</strong></span> <span class='ocrx_word' id='word_1_309' title='bbox 1462 2863 1611 2935; x_wconf 89' lang='lat' dir='ltr'><strong>gravi</strong></span> <span class='ocrx_word' id='word_1_310' title='bbox 1650 2863 1850 2919; x_wconf 90' lang='lat' dir='ltr'><strong>damno</strong></span> 
     </span>
    </p>
   </div>
   <div class='ocr_carea' id='block_1_39' title="bbox 1937 1770 2897 1841">
    <p class='ocr_par' dir='ltr' id='par_1_39' title="bbox 1937 1770 2897 1841">
     <span class='ocr_line' id='line_1_39' title="bbox 1937 1770 2897 1841; baseline -0.001 -14"><span class='ocrx_word' id='word_1_311' title='bbox 1937 1778 2339 1841; x_wconf 88' lang='lat' dir='ltr'><strong>consequenter</strong></span> <span class='ocrx_word' id='word_1_312' title='bbox 2367 1770 2670 1826; x_wconf 90' lang='lat' dir='ltr'><strong>adductura</strong></span> <span class='ocrx_word' id='word_1_313' title='bbox 2701 1771 2897 1826; x_wconf 87' lang='lat' dir='ltr'><strong>oratio.</strong></span> 
     </span>
    </p>
   </div>
   <div class='ocr_carea' id='block_1_40' title="bbox 2006 1860 3515 1932">
    <p class='ocr_par' dir='ltr' id='par_1_40' title="bbox 2006 1860 3515 1932">
     <span class='ocr_line' id='line_1_40' title="bbox 2006 1860 3515 1932; baseline -0.001 -16"><span class='ocrx_word' id='word_1_314' title='bbox 2006 1861 2099 1917; x_wconf 73' lang='lat'><strong>29.</strong></span> <span class='ocrx_word' id='word_1_315' title='bbox 2133 1860 2320 1917; x_wconf 88' lang='lat' dir='ltr'><strong>Dictus</strong></span> <span class='ocrx_word' id='word_1_316' title='bbox 2355 1860 2458 1916; x_wconf 82' lang='lat' dir='ltr'><strong>fuit</strong></span> <span class='ocrx_word' id='word_1_317' title='bbox 2488 1862 2602 1932; x_wconf 81' lang='lat'><strong>(55)</strong></span> <span class='ocrx_word' id='word_1_318' title='bbox 2650 1861 2951 1931; x_wconf 90' lang='lat' dir='ltr'><strong>imperator</strong></span> <span class='ocrx_word' id='word_1_319' title='bbox 2986 1860 3382 1917; x_wconf 88' lang='lat' dir='ltr'><strong>Constantinus</strong></span> <span class='ocrx_word' id='word_1_320' title='bbox 3422 1861 3515 1929; x_wconf 84' lang='lat' dir='ltr'><strong>ju—</strong></span> 
     </span>
    </p>
   </div>
   <div class='ocr_carea' id='block_1_41' title="bbox 1938 1950 3515 2021">
    <p class='ocr_par' dir='ltr' id='par_1_41' title="bbox 1938 1950 3515 2021">
     <span class='ocr_line' id='line_1_41' title="bbox 1938 1950 3515 2021; baseline -0.002 -14"><span class='ocrx_word' id='word_1_321' title='bbox 1938 1950 2117 2015; x_wconf 88' lang='lat' dir='ltr'><strong>venis,</strong></span> <span class='ocrx_word' id='word_1_322' title='bbox 2148 1950 2451 2006; x_wconf 86' lang='lat' dir='ltr'><strong>desistente</strong></span> <span class='ocrx_word' id='word_1_323' title='bbox 2480 1959 2657 2005; x_wconf 90' lang='lat' dir='ltr'><strong>matre</strong></span> <span class='ocrx_word' id='word_1_324' title='bbox 2688 1951 2844 2006; x_wconf 90' lang='lat' dir='ltr'><strong>lrene</strong></span> <span class='ocrx_word' id='word_1_325' title='bbox 2875 1966 2906 2006; x_wconf 89' lang='lat' dir='ltr'><strong>a</strong></span> <span class='ocrx_word' id='word_1_326' title='bbox 2933 1952 3226 2021; x_wconf 82' lang='lat' dir='ltr'><strong>conjuncta</strong></span> <span class='ocrx_word' id='word_1_327' title='bbox 3257 1967 3380 2007; x_wconf 90' lang='lat' dir='ltr'><strong>cum</strong></span> <span class='ocrx_word' id='word_1_328' title='bbox 3421 1951 3515 2005; x_wconf 90' lang='lat' dir='ltr'><strong>illo</strong></span> 
     </span>
    </p>
   </div>
   <div class='ocr_carea' id='block_1_42' title="bbox 1939 2042 3517 2112">
    <p class='ocr_par' dir='ltr' id='par_1_42' title="bbox 1939 2042 3517 2112">
     <span class='ocr_line' id='line_1_42' title="bbox 1939 2042 3517 2112; baseline -0.003 -15"><span class='ocrx_word' id='word_1_329' title='bbox 1939 2042 2183 2098; x_wconf 91' lang='lat' dir='ltr'><strong>rectione</strong></span> <span class='ocrx_word' id='word_1_330' title='bbox 2215 2042 2455 2112; x_wconf 87' lang='lat' dir='ltr'><strong>imperii,</strong></span> <span class='ocrx_word' id='word_1_331' title='bbox 2502 2051 2559 2097; x_wconf 92' lang='lat' dir='ltr'><strong>et</strong></span> <span class='ocrx_word' id='word_1_332' title='bbox 2603 2042 2752 2099; x_wconf 91' lang='lat' dir='ltr'><strong>solus</strong></span> <span class='ocrx_word' id='word_1_333' title='bbox 2779 2042 3004 2097; x_wconf 90' lang='lat' dir='ltr'><strong>tenebat</strong></span> <span class='ocrx_word' id='word_1_334' title='bbox 3036 2043 3248 2097; x_wconf 85' lang='lat' dir='ltr'><strong>clavum</strong></span> <span class='ocrx_word' id='word_1_335' title='bbox 3281 2042 3517 2097; x_wconf 78' lang='lat' dir='ltr'><strong>admini-</strong></span> 
     </span>
    </p>
   </div>
   <div class='ocr_carea' id='block_1_43' title="bbox 1939 2134 3517 2205">
    <p class='ocr_par' dir='ltr' id='par_1_43' title="bbox 1939 2134 3517 2205">
     <span class='ocr_line' id='line_1_43' title="bbox 1939 2134 3517 2205; baseline -0.003 -15"><span class='ocrx_word' id='word_1_336' title='bbox 1939 2135 2240 2190; x_wconf 89' lang='lat' dir='ltr'><strong>strationis.</strong></span> <span class='ocrx_word' id='word_1_337' title='bbox 2261 2134 2509 2201; x_wconf 90' lang='lat' dir='ltr'><strong>Quicum</strong></span> <span class='ocrx_word' id='word_1_338' title='bbox 2531 2142 2681 2190; x_wconf 89' lang='lat' dir='ltr'><strong>esset</strong></span> <span class='ocrx_word' id='word_1_339' title='bbox 2704 2135 2906 2205; x_wconf 87' lang='lat' dir='ltr'><strong>alioqui</strong></span> <span class='ocrx_word' id='word_1_340' title='bbox 2927 2134 3125 2200; x_wconf 91' lang='lat' dir='ltr'><strong>bonus,</strong></span> <span class='ocrx_word' id='word_1_341' title='bbox 3158 2149 3268 2188; x_wconf 91' lang='lat' dir='ltr'><strong>non</strong></span> <span class='ocrx_word' id='word_1_342' title='bbox 3288 2134 3517 2187; x_wconf 87' lang='lat' dir='ltr'><strong>omnino</strong></span> 
     </span>
    </p>
   </div>
   <div class='ocr_carea' id='block_1_44' title="bbox 1940 2225 3516 2296">
    <p class='ocr_par' dir='ltr' id='par_1_44' title="bbox 1940 2225 3516 2296">
     <span class='ocr_line' id='line_1_44' title="bbox 1940 2225 3516 2296; baseline -0.002 -16"><span class='ocrx_word' id='word_1_343' title='bbox 1940 2235 2121 2281; x_wconf 85' lang='lat' dir='ltr'><strong>autem</strong></span> <span class='ocrx_word' id='word_1_344' title='bbox 2153 2225 2383 2280; x_wconf 79' lang='lat' dir='ltr'><strong>ﬁrmiter</strong></span> <span class='ocrx_word' id='word_1_345' title='bbox 2415 2226 2650 2286; x_wconf 89' lang='lat' dir='ltr'><strong>tenebat.</strong></span> <span class='ocrx_word' id='word_1_346' title='bbox 2684 2241 2806 2295; x_wconf 69' lang='lat' dir='ltr'><strong>quae</strong></span> <span class='ocrx_word' id='word_1_347' title='bbox 2838 2226 2905 2280; x_wconf 91' lang='lat' dir='ltr'><strong>ad</strong></span> <span class='ocrx_word' id='word_1_348' title='bbox 2941 2241 3130 2296; x_wconf 89' lang='lat' dir='ltr'><strong>puram</strong></span> <span class='ocrx_word' id='word_1_349' title='bbox 3153 2234 3211 2280; x_wconf 90' lang='lat' dir='ltr'><strong>et</strong></span> <span class='ocrx_word' id='word_1_350' title='bbox 3245 2228 3516 2279; x_wconf 85' lang='lat' dir='ltr'><strong>sinceram</strong></span> 
     </span>
    </p>
   </div>
   <div class='ocr_carea' id='block_1_45' title="bbox 1942 2317 3519 2387">
    <p class='ocr_par' dir='ltr' id='par_1_45' title="bbox 1942 2317 3519 2387">
     <span class='ocr_line' id='line_1_45' title="bbox 1942 2317 3519 2387; baseline 0 -16"><span class='ocrx_word' id='word_1_351' title='bbox 1942 2318 2104 2372; x_wconf 81' lang='lat' dir='ltr'><strong>ﬁdem</strong></span> <span class='ocrx_word' id='word_1_352' title='bbox 2137 2318 2438 2387; x_wconf 88' lang='lat' dir='ltr'><strong>pertinent,</strong></span> <span class='ocrx_word' id='word_1_353' title='bbox 2478 2325 2533 2371; x_wconf 88' lang='lat' dir='ltr'><strong>et</strong></span> <span class='ocrx_word' id='word_1_354' title='bbox 2569 2317 2713 2387; x_wconf 88' lang='lat' dir='ltr'><strong>quod</strong></span> <span class='ocrx_word' id='word_1_355' title='bbox 2745 2317 3023 2386; x_wconf 77' lang='lat' dir='ltr'><strong>iuniorum</strong></span> <span class='ocrx_word' id='word_1_356' title='bbox 3054 2317 3329 2372; x_wconf 87' lang='lat' dir='ltr'><strong>mentibus</strong></span> <span class='ocrx_word' id='word_1_357' title='bbox 3374 2330 3519 2384; x_wconf 69' lang='lat' dir='ltr'><strong>sa&#39;pe</strong></span> 
     </span>
    </p>
   </div>
   <div class='ocr_carea' id='block_1_46' title="bbox 1943 2406 3517 2478">
    <p class='ocr_par' dir='ltr' id='par_1_46' title="bbox 1943 2406 3517 2478">
     <span class='ocr_line' id='line_1_46' title="bbox 1943 2406 3517 2478; baseline -0.003 -16"><span class='ocrx_word' id='word_1_358' title='bbox 1943 2408 2082 2462; x_wconf 88' lang='lat' dir='ltr'><strong>solet</strong></span> <span class='ocrx_word' id='word_1_359' title='bbox 2113 2406 2429 2470; x_wconf 88' lang='lat' dir='ltr'><strong>usuvenire,</strong></span> <span class='ocrx_word' id='word_1_360' title='bbox 2461 2406 2637 2462; x_wconf 88' lang='lat' dir='ltr'><strong>elatus</strong></span> <span class='ocrx_word' id='word_1_361' title='bbox 2667 2422 2805 2462; x_wconf 90' lang='lat' dir='ltr'><strong>vana</strong></span> <span class='ocrx_word' id='word_1_362' title='bbox 2840 2407 3214 2478; x_wconf 90' lang='lat' dir='ltr'><strong>persuasione,</strong></span> <span class='ocrx_word' id='word_1_363' title='bbox 3242 2406 3386 2476; x_wconf 90' lang='lat' dir='ltr'><strong>quod</strong></span> <span class='ocrx_word' id='word_1_364' title='bbox 3415 2406 3517 2460; x_wconf 87' lang='lat' dir='ltr'><strong>sibi</strong></span> 
     </span>
    </p>
   </div>
   <div class='ocr_carea' id='block_1_47' title="bbox 1942 2494 3523 2567">
    <p class='ocr_par' dir='ltr' id='par_1_47' title="bbox 1942 2494 3523 2567">
     <span class='ocr_line' id='line_1_47' title="bbox 1942 2494 3523 2567; baseline -0.003 -15"><span class='ocrx_word' id='word_1_365' title='bbox 1942 2496 2249 2561; x_wconf 85' lang='lat' dir='ltr'><strong>videbatur,</strong></span> <span class='ocrx_word' id='word_1_366' title='bbox 2287 2496 2635 2550; x_wconf 87' lang='lat' dir='ltr'><strong>existimabat</strong></span> <span class='ocrx_word' id='word_1_367' title='bbox 2683 2496 2884 2566; x_wconf 90' lang='lat' dir='ltr'><strong>justius</strong></span> <span class='ocrx_word' id='word_1_368' title='bbox 2926 2496 3143 2567; x_wconf 87' lang='lat' dir='ltr'><strong>scriptis</strong></span> <span class='ocrx_word' id='word_1_369' title='bbox 3187 2496 3417 2567; x_wconf 81' lang='lat' dir='ltr'><strong>legibus.</strong></span> <span class='ocrx_word' id='word_1_370' title='bbox 3473 2494 3523 2549; x_wconf 91' lang='lat' dir='ltr'><strong>Is</strong></span> 
     </span>
    </p>
   </div>
   <div class='ocr_carea' id='block_1_48' title="bbox 1944 2584 3520 2657">
    <p class='ocr_par' dir='ltr' id='par_1_48' title="bbox 1944 2584 3520 2657">
     <span class='ocr_line' id='line_1_48' title="bbox 1944 2584 3520 2657; baseline -0.002 -16"><span class='ocrx_word' id='word_1_371' title='bbox 1944 2585 2251 2657; x_wconf 89' lang='lat' dir='ltr'><strong>aggreditur</strong></span> <span class='ocrx_word' id='word_1_372' title='bbox 2296 2584 2572 2639; x_wconf 78' lang='lat' dir='ltr'><strong>inﬁrmare</strong></span> <span class='ocrx_word' id='word_1_373' title='bbox 2617 2584 2783 2656; x_wconf 87' lang='lat' dir='ltr'><strong>leges,</strong></span> <span class='ocrx_word' id='word_1_374' title='bbox 2831 2592 2886 2639; x_wconf 84' lang='lat' dir='ltr'><strong>et</strong></span> <span class='ocrx_word' id='word_1_375' title='bbox 2932 2585 3077 2654; x_wconf 91' lang='lat' dir='ltr'><strong>quod</strong></span> <span class='ocrx_word' id='word_1_376' title='bbox 3106 2600 3137 2638; x_wconf 91' lang='lat' dir='ltr'><strong>a</strong></span> <span class='ocrx_word' id='word_1_377' title='bbox 3179 2584 3410 2639; x_wconf 78' lang='lat' dir='ltr'><strong>Domino</strong></span> <span class='ocrx_word' id='word_1_378' title='bbox 3436 2584 3520 2638; x_wconf 86' lang='lat' dir='ltr'><strong>di-</strong></span> 
     </span>
    </p>
   </div>
   <div class='ocr_carea' id='block_1_49' title="bbox 1946 2675 3524 2747">
    <p class='ocr_par' dir='ltr' id='par_1_49' title="bbox 1946 2675 3524 2747">
     <span class='ocr_line' id='line_1_49' title="bbox 1946 2675 3524 2747; baseline -0.002 -16"><span class='ocrx_word' id='word_1_379' title='bbox 1946 2684 2093 2731; x_wconf 89' lang='lat' dir='ltr'><strong>ctum</strong></span> <span class='ocrx_word' id='word_1_380' title='bbox 2122 2684 2207 2731; x_wconf 91' lang='lat' dir='ltr'><strong>est</strong></span> <span class='ocrx_word' id='word_1_381' title='bbox 2235 2676 2293 2730; x_wconf 90' lang='lat' dir='ltr'><strong>in</strong></span> <span class='ocrx_word' id='word_1_382' title='bbox 2316 2675 2645 2747; x_wconf 87' lang='lat' dir='ltr'><strong>Evangeliis,</strong></span> <span class='ocrx_word' id='word_1_383' title='bbox 2678 2675 2982 2746; x_wconf 87' lang='lat' dir='ltr'><strong>patrocinio</strong></span> <span class='ocrx_word' id='word_1_384' title='bbox 3011 2684 3170 2731; x_wconf 88' lang='lat' dir='ltr'><strong>utens</strong></span> <span class='ocrx_word' id='word_1_385' title='bbox 3195 2690 3307 2730; x_wconf 70' lang='lat' dir='ltr'><strong>sua:</strong></span> <span class='ocrx_word' id='word_1_386' title='bbox 3334 2685 3524 2746; x_wconf 84' lang='lat' dir='ltr'><strong>poten-</strong></span> 
     </span>
    </p>
   </div>
   <div class='ocr_carea' id='block_1_50' title="bbox 1947 2762 3526 2835">
    <p class='ocr_par' dir='ltr' id='par_1_50' title="bbox 1947 2762 3526 2835">
     <span class='ocr_line' id='line_1_50' title="bbox 1947 2762 3526 2835; baseline -0.003 -15"><span class='ocrx_word' id='word_1_387' title='bbox 1947 2766 2036 2821; x_wconf 68' lang='lat' dir='ltr'><strong>tite</strong></span> <span class='ocrx_word' id='word_1_388' title='bbox 2066 2783 2080 2820; x_wconf 91' lang='lat'><strong>:</strong></span> <span class='ocrx_word' id='word_1_389' title='bbox 2105 2774 2162 2821; x_wconf 92' lang='lat' dir='ltr'><strong>et</strong></span> <span class='ocrx_word' id='word_1_390' title='bbox 2182 2780 2304 2820; x_wconf 89' lang='lat' dir='ltr'><strong>cum</strong></span> <span class='ocrx_word' id='word_1_391' title='bbox 2335 2765 2615 2820; x_wconf 85' lang='lat' dir='ltr'><strong>statuisset</strong></span> <span class='ocrx_word' id='word_1_392' title='bbox 2643 2779 2675 2819; x_wconf 92' lang='lat' dir='ltr'><strong>a</strong></span> <span class='ocrx_word' id='word_1_393' title='bbox 2708 2778 2806 2819; x_wconf 91' lang='lat' dir='ltr'><strong>sua</strong></span> <span class='ocrx_word' id='word_1_394' title='bbox 2834 2764 2948 2835; x_wconf 70' lang='grc'><strong>(54)</strong></span> <span class='ocrx_word' id='word_1_395' title='bbox 2976 2765 3207 2834; x_wconf 88' lang='lat' dir='ltr'><strong>conjuge</strong></span> <span class='ocrx_word' id='word_1_396' title='bbox 3234 2763 3413 2819; x_wconf 77' lang='lat' dir='ltr'><strong>facere</strong></span> <span class='ocrx_word' id='word_1_397' title='bbox 3440 2762 3526 2818; x_wconf 91' lang='lat' dir='ltr'><strong>di-</strong></span> 
     </span>
    </p>
   </div>
   <div class='ocr_carea' id='block_1_51' title="bbox 1947 2855 3527 2927">
    <p class='ocr_par' dir='ltr' id='par_1_51' title="bbox 1947 2855 3527 2927">
     <span class='ocr_line' id='line_1_51' title="bbox 1947 2855 3527 2927; baseline -0.002 -14"><span class='ocrx_word' id='word_1_398' title='bbox 1947 2857 2205 2918; x_wconf 86' lang='lat' dir='ltr'><strong>vortium,</strong></span> <span class='ocrx_word' id='word_1_399' title='bbox 2237 2865 2294 2912; x_wconf 90' lang='lat' dir='ltr'><strong>et</strong></span> <span class='ocrx_word' id='word_1_400' title='bbox 2333 2856 2445 2927; x_wconf 86' lang='lat'><strong>(55)</strong></span> <span class='ocrx_word' id='word_1_401' title='bbox 2482 2856 2644 2911; x_wconf 89' lang='lat' dir='ltr'><strong>aliam</strong></span> <span class='ocrx_word' id='word_1_402' title='bbox 2692 2856 2747 2910; x_wconf 93' lang='lat' dir='ltr'><strong>in</strong></span> <span class='ocrx_word' id='word_1_403' title='bbox 2786 2856 2969 2911; x_wconf 88' lang='lat' dir='ltr'><strong>animo</strong></span> <span class='ocrx_word' id='word_1_404' title='bbox 3001 2856 3229 2911; x_wconf 89' lang='lat' dir='ltr'><strong>haberet</strong></span> <span class='ocrx_word' id='word_1_405' title='bbox 3265 2855 3527 2911; x_wconf 81' lang='lat' dir='ltr'><strong>extollere</strong></span> 
     </span>
    </p>
   </div>
   <div class='ocr_carea' id='block_1_52' title="bbox 270 2945 3528 3027">
    <p class='ocr_par' dir='ltr' id='par_1_52' title="bbox 270 2945 3528 3027">
     <span class='ocr_line' id='line_1_52' title="bbox 270 2945 3528 3027; baseline -0.002 -21"><span class='ocrx_word' id='word_1_406' title='bbox 270 2954 551 3013; x_wconf 83' lang='lat' dir='ltr'><strong>allicerent</strong></span> <span class='ocrx_word' id='word_1_407' title='bbox 599 2968 747 3019; x_wconf 92' lang='lat' dir='ltr'><strong>eum,</strong></span> <span class='ocrx_word' id='word_1_408' title='bbox 782 2955 875 3024; x_wconf 92' lang='lat' dir='ltr'><strong>qui</strong></span> <span class='ocrx_word' id='word_1_409' title='bbox 908 2954 1227 3027; x_wconf 77' lang='lat' dir='ltr'><strong>confugerat</strong></span> <span class='ocrx_word' id='word_1_410' title='bbox 1272 2955 1502 3026; x_wconf 87' lang='lat' dir='ltr'><strong>supplex</strong></span> <span class='ocrx_word' id='word_1_411' title='bbox 1546 2955 1615 3011; x_wconf 93' lang='lat' dir='ltr'><strong>ad</strong></span> <span class='ocrx_word' id='word_1_412' title='bbox 1662 2954 1853 3010; x_wconf 84' lang='lat' dir='ltr'><strong>Eccle-</strong></span> <span class='ocrx_word' id='word_1_413' title='bbox 1950 2949 2018 3004; x_wconf 90' lang='lat' dir='ltr'><strong>ad</strong></span> <span class='ocrx_word' id='word_1_414' title='bbox 2053 2948 2264 3019; x_wconf 91' lang='lat' dir='ltr'><strong>imperii</strong></span> <span class='ocrx_word' id='word_1_415' title='bbox 2289 2948 2655 3013; x_wconf 89' lang='lat' dir='ltr'><strong>altitudinem,</strong></span> <span class='ocrx_word' id='word_1_416' title='bbox 2681 2947 2903 3018; x_wconf 89' lang='lat' dir='ltr'><strong>juvenis</strong></span> <span class='ocrx_word' id='word_1_417' title='bbox 2929 2947 3157 3002; x_wconf 87' lang='lat' dir='ltr'><strong>adornat</strong></span> <span class='ocrx_word' id='word_1_418' title='bbox 3194 2945 3403 3001; x_wconf 78' lang='lat' dir='ltr'><strong>facinus</strong></span> <span class='ocrx_word' id='word_1_419' title='bbox 3441 2945 3528 2999; x_wconf 84' lang='lat' dir='ltr'><strong>in-</strong></span> 
     </span>
    </p>
   </div>
   <div class='ocr_carea' id='block_1_53' title="bbox 273 3035 3529 3123">
    <p class='ocr_par' dir='ltr' id='par_1_53' title="bbox 273 3035 3529 3123">
     <span class='ocr_line' id='line_1_53' title="bbox 273 3035 3529 3123; baseline -0.003 -23"><span class='ocrx_word' id='word_1_420' title='bbox 273 3047 431 3100; x_wconf 80' lang='lat' dir='ltr'><strong>siam.</strong></span> <span class='ocrx_word' id='word_1_421' title='bbox 473 3044 611 3100; x_wconf 90' lang='lat' dir='ltr'><strong>Cum</strong></span> <span class='ocrx_word' id='word_1_422' title='bbox 644 3045 760 3100; x_wconf 79' lang='lat' dir='ltr'><strong>haec</strong></span> <span class='ocrx_word' id='word_1_423' title='bbox 786 3061 917 3118; x_wconf 89' lang='lat' dir='ltr'><strong>ergo</strong></span> <span class='ocrx_word' id='word_1_424' title='bbox 944 3055 1201 3117; x_wconf 87' lang='lat' dir='ltr'><strong>tanquam</strong></span> <span class='ocrx_word' id='word_1_425' title='bbox 1229 3061 1294 3101; x_wconf 79' lang='lat' dir='ltr'><strong>ex</strong></span> <span class='ocrx_word' id='word_1_426' title='bbox 1335 3046 1630 3117; x_wconf 87' lang='lat' dir='ltr'><strong>apostolica</strong></span> <span class='ocrx_word' id='word_1_427' title='bbox 1661 3054 1850 3101; x_wconf 89' lang='lat' dir='ltr'><strong>aucto-</strong></span> <span class='ocrx_word' id='word_1_428' title='bbox 1875 3065 1919 3123; x_wconf 73' lang='grc' dir='ltr'>ο</span> <span class='ocrx_word' id='word_1_429' title='bbox 1950 3040 2174 3112; x_wconf 85' lang='lat' dir='ltr'><strong>dignum</strong></span> <span class='ocrx_word' id='word_1_430' title='bbox 2196 3054 2295 3095; x_wconf 88' lang='lat' dir='ltr'><strong>sua</strong></span> <span class='ocrx_word' id='word_1_431' title='bbox 2318 3048 2609 3110; x_wconf 88' lang='lat' dir='ltr'><strong>potestate.</strong></span> <span class='ocrx_word' id='word_1_432' title='bbox 2649 3038 2705 3094; x_wconf 89' lang='lat' dir='ltr'><strong>Id</strong></span> <span class='ocrx_word' id='word_1_433' title='bbox 2731 3046 2912 3094; x_wconf 90' lang='lat' dir='ltr'><strong>autem</strong></span> <span class='ocrx_word' id='word_1_434' title='bbox 2943 3037 3045 3093; x_wconf 79' lang='lat' dir='ltr'><strong>fuit</strong></span> <span class='ocrx_word' id='word_1_435' title='bbox 3075 3035 3368 3092; x_wconf 72' lang='lat' dir='ltr'><strong>mortifera:</strong></span> <span class='ocrx_word' id='word_1_436' title='bbox 3397 3035 3529 3089; x_wconf 81' lang='lat' dir='ltr'><strong>insi-</strong></span> 
     </span>
    </p>
   </div>
   <div class='ocr_carea' id='block_1_54' title="bbox 274 3125 3531 3207">
    <p class='ocr_par' dir='ltr' id='par_1_54' title="bbox 274 3125 3531 3207">
     <span class='ocr_line' id='line_1_54' title="bbox 274 3125 3531 3207; baseline -0.004 -15"><span class='ocrx_word' id='word_1_437' title='bbox 274 3136 434 3192; x_wconf 86' lang='lat' dir='ltr'><strong>ritate</strong></span> <span class='ocrx_word' id='word_1_438' title='bbox 467 3137 638 3192; x_wconf 90' lang='lat' dir='ltr'><strong>libere</strong></span> <span class='ocrx_word' id='word_1_439' title='bbox 672 3136 921 3201; x_wconf 83' lang='lat' dir='ltr'><strong>dixisset,</strong></span> <span class='ocrx_word' id='word_1_440' title='bbox 965 3146 1050 3194; x_wconf 91' lang='lat' dir='ltr'><strong>est</strong></span> <span class='ocrx_word' id='word_1_441' title='bbox 1092 3154 1368 3207; x_wconf 84' lang='lat' dir='ltr'><strong>reversus.</strong></span> <span class='ocrx_word' id='word_1_442' title='bbox 1403 3138 1485 3194; x_wconf 91' lang='lat' dir='ltr'><strong>Illi</strong></span> <span class='ocrx_word' id='word_1_443' title='bbox 1520 3147 1704 3193; x_wconf 91' lang='lat' dir='ltr'><strong>autem</strong></span> <span class='ocrx_word' id='word_1_444' title='bbox 1733 3153 1852 3192; x_wconf 86' lang='lat' dir='ltr'><strong>ma-</strong></span> <span class='ocrx_word' id='word_1_445' title='bbox 1952 3132 2077 3196; x_wconf 71' lang='lat' dir='ltr'><strong>diae,</strong></span> <span class='ocrx_word' id='word_1_446' title='bbox 2116 3147 2147 3185; x_wconf 91' lang='lat' dir='ltr'><strong>a</strong></span> <span class='ocrx_word' id='word_1_447' title='bbox 2189 3131 2424 3201; x_wconf 87' lang='lat' dir='ltr'><strong>conjuge</strong></span> <span class='ocrx_word' id='word_1_448' title='bbox 2467 3129 2811 3201; x_wconf 90' lang='lat' dir='ltr'><strong>imperatrice</strong></span> <span class='ocrx_word' id='word_1_449' title='bbox 2849 3129 2901 3185; x_wconf 92' lang='lat' dir='ltr'><strong>ei</strong></span> <span class='ocrx_word' id='word_1_450' title='bbox 2949 3136 3174 3200; x_wconf 67' lang='lat' dir='ltr'><strong>paratae.</strong></span> <span class='ocrx_word' id='word_1_451' title='bbox 3217 3125 3531 3181; x_wconf 77' lang='lat' dir='ltr'><strong>Amrmabat</strong></span> 
     </span>
    </p>
   </div>
   <div class='ocr_carea' id='block_1_55' title="bbox 273 3220 3529 3302">
    <p class='ocr_par' dir='ltr' id='par_1_55' title="bbox 273 3220 3529 3302">
     <span class='ocr_line' id='line_1_55' title="bbox 273 3220 3529 3302; baseline -0.002 -22"><span class='ocrx_word' id='word_1_452' title='bbox 273 3227 429 3298; x_wconf 85' lang='lat' dir='ltr'><strong>gistri</strong></span> <span class='ocrx_word' id='word_1_453' title='bbox 456 3228 589 3285; x_wconf 91' lang='lat' dir='ltr'><strong>linis</strong></span> <span class='ocrx_word' id='word_1_454' title='bbox 618 3229 849 3294; x_wconf 88' lang='lat' dir='ltr'><strong>astricti,</strong></span> <span class='ocrx_word' id='word_1_455' title='bbox 881 3245 1006 3286; x_wconf 93' lang='lat' dir='ltr'><strong>cum</strong></span> <span class='ocrx_word' id='word_1_456' title='bbox 1036 3246 1146 3284; x_wconf 91' lang='lat' dir='ltr'><strong>non</strong></span> <span class='ocrx_word' id='word_1_457' title='bbox 1181 3240 1408 3301; x_wconf 89' lang='lat' dir='ltr'><strong>possent</strong></span> <span class='ocrx_word' id='word_1_458' title='bbox 1431 3230 1675 3302; x_wconf 72' lang='lat' dir='ltr'><strong>ellugere</strong></span> <span class='ocrx_word' id='word_1_459' title='bbox 1698 3245 1854 3285; x_wconf 85' lang='lat' dir='ltr'><strong>sacra</strong></span> <span class='ocrx_word' id='word_1_460' title='bbox 1953 3233 2139 3279; x_wconf 92' lang='lat' dir='ltr'><strong>autem</strong></span> <span class='ocrx_word' id='word_1_461' title='bbox 2174 3223 2228 3279; x_wconf 88' lang='lat' dir='ltr'><strong>id</strong></span> <span class='ocrx_word' id='word_1_462' title='bbox 2272 3238 2394 3278; x_wconf 90' lang='lat' dir='ltr'><strong>esse</strong></span> <span class='ocrx_word' id='word_1_463' title='bbox 2417 3237 2713 3289; x_wconf 90' lang='lat' dir='ltr'><strong>venenum,</strong></span> <span class='ocrx_word' id='word_1_464' title='bbox 2743 3221 2889 3293; x_wconf 91' lang='lat' dir='ltr'><strong>quod</strong></span> <span class='ocrx_word' id='word_1_465' title='bbox 2919 3236 3045 3277; x_wconf 89' lang='lat' dir='ltr'><strong>cum</strong></span> <span class='ocrx_word' id='word_1_466' title='bbox 3077 3229 3209 3291; x_wconf 88' lang='lat' dir='ltr'><strong>potu</strong></span> <span class='ocrx_word' id='word_1_467' title='bbox 3254 3220 3529 3281; x_wconf 84' lang='lat' dir='ltr'><strong>haustum.</strong></span> 
     </span>
    </p>
   </div>
   <div class='ocr_carea' id='block_1_56' title="bbox 274 3309 3536 3389">
    <p class='ocr_par' dir='ltr' id='par_1_56' title="bbox 274 3309 3536 3389">
     <span class='ocr_line' id='line_1_56' title="bbox 274 3309 3536 3389; baseline -0.003 -18"><span class='ocrx_word' id='word_1_468' title='bbox 274 3318 407 3371; x_wconf 90' lang='lat' dir='ltr'><strong>retia</strong></span> <span class='ocrx_word' id='word_1_469' title='bbox 449 3332 625 3387; x_wconf 65' lang='lat' dir='ltr'><strong>pinna:</strong></span> <span class='ocrx_word' id='word_1_470' title='bbox 671 3318 1080 3379; x_wconf 67' lang='lat' dir='ltr'><strong>ecclesiasticze.</strong></span> <span class='ocrx_word' id='word_1_471' title='bbox 1112 3320 1179 3373; x_wconf 94' lang='lat' dir='ltr'><strong>de</strong></span> <span class='ocrx_word' id='word_1_472' title='bbox 1220 3335 1315 3374; x_wconf 87' lang='lat' dir='ltr'><strong>reo</strong></span> <span class='ocrx_word' id='word_1_473' title='bbox 1346 3320 1568 3389; x_wconf 89' lang='lat' dir='ltr'><strong>quidem</strong></span> <span class='ocrx_word' id='word_1_474' title='bbox 1597 3335 1711 3376; x_wconf 90' lang='lat' dir='ltr'><strong>non</strong></span> <span class='ocrx_word' id='word_1_475' title='bbox 1737 3336 1857 3376; x_wconf 85' lang='lat' dir='ltr'><strong>am-</strong></span> <span class='ocrx_word' id='word_1_476' title='bbox 1956 3324 2187 3373; x_wconf 88' lang='lat' dir='ltr'><strong>mortem</strong></span> <span class='ocrx_word' id='word_1_477' title='bbox 2217 3315 2380 3371; x_wconf 89' lang='lat' dir='ltr'><strong>simul</strong></span> <span class='ocrx_word' id='word_1_478' title='bbox 2414 3314 2741 3371; x_wconf 87' lang='lat' dir='ltr'><strong>attrahebat.</strong></span> <span class='ocrx_word' id='word_1_479' title='bbox 2782 3312 2941 3381; x_wconf 85' lang='lat' dir='ltr'><strong>Quod</strong></span> <span class='ocrx_word' id='word_1_480' title='bbox 2979 3311 3199 3382; x_wconf 90' lang='lat' dir='ltr'><strong>quidem</strong></span> <span class='ocrx_word' id='word_1_481' title='bbox 3234 3309 3536 3365; x_wconf 88' lang='lat' dir='ltr'><strong>conabatur</strong></span> 
     </span>
    </p>
   </div>
   <div class='ocr_carea' id='block_1_57' title="bbox 279 3401 3538 3481">
    <p class='ocr_par' dir='ltr' id='par_1_57' title="bbox 279 3401 3538 3481">
     <span class='ocr_line' id='line_1_57' title="bbox 279 3401 3538 3481; baseline -0.002 -21"><span class='ocrx_word' id='word_1_482' title='bbox 279 3408 423 3481; x_wconf 87' lang='lat' dir='ltr'><strong>plius</strong></span> <span class='ocrx_word' id='word_1_483' title='bbox 452 3408 696 3463; x_wconf 88' lang='lat' dir='ltr'><strong>habuere</strong></span> <span class='ocrx_word' id='word_1_484' title='bbox 724 3408 1081 3479; x_wconf 68' lang='lat' dir='ltr'><strong>quaestionem</strong></span> <span class='ocrx_word' id='word_1_485' title='bbox 1106 3409 1414 3475; x_wconf 88' lang='lat' dir='ltr'><strong>tormentis,</strong></span> <span class='ocrx_word' id='word_1_486' title='bbox 1439 3410 1535 3465; x_wconf 86' lang='lat' dir='ltr'><strong>sed</strong></span> <span class='ocrx_word' id='word_1_487' title='bbox 1564 3411 1856 3466; x_wconf 89' lang='lat' dir='ltr'><strong>verborum</strong></span> <span class='ocrx_word' id='word_1_488' title='bbox 1956 3410 2185 3479; x_wconf 85' lang='lat' dir='ltr'><strong>probare</strong></span> <span class='ocrx_word' id='word_1_489' title='bbox 2218 3418 2274 3464; x_wconf 88' lang='lat' dir='ltr'><strong>et</strong></span> <span class='ocrx_word' id='word_1_490' title='bbox 2303 3407 2527 3464; x_wconf 86' lang='lat' dir='ltr'><strong>cuilibet</strong></span> <span class='ocrx_word' id='word_1_491' title='bbox 2561 3405 2911 3478; x_wconf 88' lang='lat' dir='ltr'><strong>persuadere,</strong></span> <span class='ocrx_word' id='word_1_492' title='bbox 2939 3412 3000 3461; x_wconf 93' lang='lat' dir='ltr'><strong>ut</strong></span> <span class='ocrx_word' id='word_1_493' title='bbox 3030 3404 3277 3477; x_wconf 79' lang='lat' dir='ltr'><strong>putabat.</strong></span> <span class='ocrx_word' id='word_1_494' title='bbox 3312 3401 3538 3457; x_wconf 86' lang='lat' dir='ltr'><strong>Putabat</strong></span> 
     </span>
    </p>
   </div>
   <div class='ocr_carea' id='block_1_58' title="bbox 278 3499 1858 3572">
    <p class='ocr_par' dir='ltr' id='par_1_58' title="bbox 278 3499 1858 3572">
     <span class='ocr_line' id='line_1_58' title="bbox 278 3499 1858 3572; baseline 0.001 -18"><span class='ocrx_word' id='word_1_495' title='bbox 278 3500 411 3554; x_wconf 85' lang='lat' dir='ltr'><strong>solis</strong></span> <span class='ocrx_word' id='word_1_496' title='bbox 449 3499 968 3563; x_wconf 86' lang='lat' dir='ltr'><strong>examinationibns,</strong></span> <span class='ocrx_word' id='word_1_497' title='bbox 990 3499 1060 3555; x_wconf 92' lang='lat' dir='ltr'><strong>de</strong></span> <span class='ocrx_word' id='word_1_498' title='bbox 1080 3500 1279 3570; x_wconf 91' lang='lat' dir='ltr'><strong>quibus</strong></span> <span class='ocrx_word' id='word_1_499' title='bbox 1302 3501 1563 3572; x_wconf 88' lang='lat' dir='ltr'><strong>agebatur</strong></span> <span class='ocrx_word' id='word_1_500' title='bbox 1584 3502 1858 3571; x_wconf 91' lang='lat' dir='ltr'><strong>pecuniis,</strong></span> 
     </span>
    </p>
   </div>
   <div class='ocr_carea' id='block_1_59' title="bbox 280 3588 1859 3661">
    <p class='ocr_par' dir='ltr' id='par_1_59' title="bbox 280 3588 1859 3661">
     <span class='ocr_line' id='line_1_59' title="bbox 280 3588 1859 3661; baseline 0.003 -18"><span class='ocrx_word' id='word_1_501' title='bbox 280 3588 542 3644; x_wconf 90' lang='lat' dir='ltr'><strong>trutinam</strong></span> <span class='ocrx_word' id='word_1_502' title='bbox 589 3590 993 3655; x_wconf 84' lang='lat' dir='ltr'><strong>exinanientes,</strong></span> <span class='ocrx_word' id='word_1_503' title='bbox 1047 3600 1304 3661; x_wconf 89' lang='lat' dir='ltr'><strong>tanquam</strong></span> <span class='ocrx_word' id='word_1_504' title='bbox 1343 3591 1699 3648; x_wconf 88' lang='lat' dir='ltr'><strong>innocentem</strong></span> <span class='ocrx_word' id='word_1_505' title='bbox 1733 3608 1859 3647; x_wconf 89' lang='lat' dir='ltr'><strong>eum</strong></span> 
     </span>
    </p>
   </div>
   <div class='ocr_carea' id='block_1_60' title="bbox 280 3680 1862 3745">
    <p class='ocr_par' dir='ltr' id='par_1_60' title="bbox 280 3680 1862 3745">
     <span class='ocr_line' id='line_1_60' title="bbox 280 3680 1862 3745; baseline 0.001 -9"><span class='ocrx_word' id='word_1_506' title='bbox 280 3681 588 3738; x_wconf 82' lang='lat' dir='ltr'><strong>absolvunt.</strong></span> <span class='ocrx_word' id='word_1_507' title='bbox 627 3680 776 3738; x_wconf 87' lang='lat' dir='ltr'><strong>Talis</strong></span> <span class='ocrx_word' id='word_1_508' title='bbox 803 3690 923 3739; x_wconf 90' lang='lat' dir='ltr'><strong>erat</strong></span> <span class='ocrx_word' id='word_1_509' title='bbox 966 3682 1022 3736; x_wconf 89' lang='lat' dir='ltr'><strong>in</strong></span> <span class='ocrx_word' id='word_1_510' title='bbox 1056 3697 1249 3739; x_wconf 91' lang='lat' dir='ltr'><strong>omnes</strong></span> <span class='ocrx_word' id='word_1_511' title='bbox 1285 3682 1371 3736; x_wconf 88' lang='lat' dir='ltr'><strong>vir</strong></span> <span class='ocrx_word' id='word_1_512' title='bbox 1406 3681 1645 3745; x_wconf 89' lang='lat' dir='ltr'><strong>divinus,</strong></span> <span class='ocrx_word' id='word_1_513' title='bbox 1676 3682 1862 3738; x_wconf 89' lang='lat' dir='ltr'><strong>divina</strong></span> 
     </span>
    </p>
   </div>
   <div class='ocr_carea' id='block_1_61' title="bbox 283 3770 1866 3848">
    <p class='ocr_par' dir='ltr' id='par_1_61' title="bbox 283 3770 1866 3848">
     <span class='ocr_line' id='line_1_61' title="bbox 283 3770 1866 3848; baseline 0.003 -24"><span class='ocrx_word' id='word_1_514' title='bbox 283 3770 569 3826; x_wconf 90' lang='lat' dir='ltr'><strong>vindicans</strong></span> <span class='ocrx_word' id='word_1_515' title='bbox 597 3786 661 3825; x_wconf 92' lang='lat' dir='ltr'><strong>ac</strong></span> <span class='ocrx_word' id='word_1_516' title='bbox 692 3770 1019 3841; x_wconf 80' lang='lat' dir='ltr'><strong>defendens,</strong></span> <span class='ocrx_word' id='word_1_517' title='bbox 1052 3781 1110 3829; x_wconf 88' lang='lat' dir='ltr'><strong>et.</strong></span> <span class='ocrx_word' id='word_1_518' title='bbox 1145 3788 1246 3845; x_wconf 91' lang='lat' dir='ltr'><strong>pro</strong></span> <span class='ocrx_word' id='word_1_519' title='bbox 1273 3773 1453 3848; x_wconf 86' lang='lat' dir='ltr'><strong>gregis</strong></span> <span class='ocrx_word' id='word_1_520' title='bbox 1496 3773 1693 3832; x_wconf 83' lang='lat' dir='ltr'><strong>ovibus</strong></span> <span class='ocrx_word' id='word_1_521' title='bbox 1720 3773 1866 3845; x_wconf 90' lang='lat' dir='ltr'><strong>peri-</strong></span> 
     </span>
    </p>
   </div>
   <div class='ocr_carea' id='block_1_62' title="bbox 283 3861 715 3920">
    <p class='ocr_par' dir='ltr' id='par_1_62' title="bbox 283 3861 715 3920">
     <span class='ocr_line' id='line_1_62' title="bbox 283 3861 715 3920; baseline 0.007 -3"><span class='ocrx_word' id='word_1_522' title='bbox 283 3862 466 3917; x_wconf 91' lang='lat' dir='ltr'><strong>culum</strong></span> <span class='ocrx_word' id='word_1_523' title='bbox 500 3861 715 3920; x_wconf 88' lang='lat' dir='ltr'><strong>adiens.</strong></span> 
     </span>
    </p>
   </div>
   <div class='ocr_carea' id='block_1_63' title="bbox 886 4034 1271 4093">
    <p class='ocr_par' dir='ltr' id='par_1_63' title="bbox 886 4034 1271 4093">
     <span class='ocr_line' id='line_1_63' title="bbox 886 4034 1271 4093; baseline 0.005 -2"><span class='ocrx_word' id='word_1_524' title='bbox 886 4034 1118 4093; x_wconf 81' lang='lat' dir='ltr'><strong>CAPUT</strong></span> <span class='ocrx_word' id='word_1_525' title='bbox 1159 4034 1271 4093; x_wconf 83' lang='lat' dir='ltr'><strong>VII.</strong></span> 
     </span>
    </p>
   </div>
   <div class='ocr_carea' id='block_1_64' title="bbox 289 4165 1872 4240">
    <p class='ocr_par' dir='ltr' id='par_1_64' title="bbox 289 4165 1872 4240">
     <span class='ocr_line' id='line_1_64' title="bbox 289 4165 1872 4240; baseline -0.001 -15"><span class='ocrx_word' id='word_1_526' title='bbox 289 4165 514 4225; x_wconf 80' lang='lat' dir='ltr'><strong>Sanctus</strong></span> <span class='ocrx_word' id='word_1_527' title='bbox 546 4166 800 4240; x_wconf 65' lang='lat' dir='ltr'><strong>Turesim</strong></span> <span class='ocrx_word' id='word_1_528' title='bbox 842 4169 1052 4240; x_wconf 79' lang='lat' dir='ltr'><strong>fortiter</strong></span> <span class='ocrx_word' id='word_1_529' title='bbox 1080 4167 1399 4239; x_wconf 85' lang='lat' dir='ltr'><strong>Imperatori</strong></span> <span class='ocrx_word' id='word_1_530' title='bbox 1444 4170 1661 4231; x_wconf 72' lang='lat' dir='ltr'><strong>resistit,</strong></span> <span class='ocrx_word' id='word_1_531' title='bbox 1694 4168 1872 4239; x_wconf 78' lang='lat' dir='ltr'><strong>legiti-</strong></span> 
     </span>
    </p>
   </div>
   <div class='ocr_carea' id='block_1_65' title="bbox 362 4229 1872 4360">
    <p class='ocr_par' dir='ltr' id='par_1_65' title="bbox 362 4229 1872 4360">
     <span class='ocr_line' id='line_1_65' title="bbox 362 4229 1872 4360; baseline 0.003 -71"><span class='ocrx_word' id='word_1_532' title='bbox 362 4254 506 4360; x_wconf 52' lang='lat' dir='ltr'><strong>mtzm</strong></span> <span class='ocrx_word' id='word_1_533' title='bbox 539 4238 814 4319; x_wconf 53' lang='lat' dir='ltr'><strong>coniugem</strong></span> <span class='ocrx_word' id='word_1_534' title='bbox 842 4229 1176 4309; x_wconf 42' lang='lat' dir='ltr'><strong>repudiare;</strong></span> <span class='ocrx_word' id='word_1_535' title='bbox 1191 4249 1240 4294; x_wconf 84' lang='lat' dir='ltr'><strong>et</strong></span> <span class='ocrx_word' id='word_1_536' title='bbox 1262 4229 1657 4294; x_wconf 74' lang='lat' dir='ltr'><strong>cubicularium</strong></span> <span class='ocrx_word' id='word_1_537' title='bbox 1678 4229 1872 4295; x_wconf 51' lang='lat' dir='ltr'><strong>dicere</strong></span> 
     </span>
     <span class='ocr_line' id='line_1_66' title="bbox 364 4318 575 4360; baseline 0 0"><span class='ocrx_word' id='word_1_538' title='bbox 364 4323 423 4360; x_wconf 80' lang='lat' dir='ltr'><strong>vo</strong></span> <span class='ocrx_word' id='word_1_539' title='bbox 447 4318 575 4360; x_wconf 83' lang='lat' dir='ltr'><strong>entt.</strong></span> 
     </span>
    </p>
   </div>
   <div class='ocr_carea' id='block_1_66' title="bbox 364 4318 575 4361">
    <p class='ocr_par' dir='ltr' id='par_1_66' title="bbox 364 4318 575 4361">
     <span class='ocr_line' id='line_1_67' title="bbox 364 4318 575 4361; baseline -0.005 0"><span class='ocrx_word' id='word_1_540' title='bbox 364 4318 575 4361; x_wconf 71' lang='grc' dir='ltr'><strong>υοιεηιι.</strong></span> 
     </span>
    </p>
   </div>
   <div class='ocr_carea' id='block_1_67' title="bbox 1959 3491 3536 3567">
    <p class='ocr_par' dir='ltr' id='par_1_67' title="bbox 1959 3491 3536 3567">
     <span class='ocr_line' id='line_1_68' title="bbox 1959 3491 3536 3567; baseline -0.006 -15"><span class='ocrx_word' id='word_1_541' title='bbox 1959 3498 2105 3552; x_wconf 85' lang='lat' dir='ltr'><strong>enim</strong></span> <span class='ocrx_word' id='word_1_542' title='bbox 2142 3498 2258 3552; x_wconf 89' lang='lat' dir='ltr'><strong>lieri</strong></span> <span class='ocrx_word' id='word_1_543' title='bbox 2308 3513 2419 3552; x_wconf 90' lang='lat' dir='ltr'><strong>non</strong></span> <span class='ocrx_word' id='word_1_544' title='bbox 2461 3511 2645 3567; x_wconf 86' lang='lat' dir='ltr'><strong>posse,</strong></span> <span class='ocrx_word' id='word_1_545' title='bbox 2679 3504 2741 3551; x_wconf 93' lang='lat' dir='ltr'><strong>ut</strong></span> <span class='ocrx_word' id='word_1_546' title='bbox 2771 3495 2905 3551; x_wconf 79' lang='lat' dir='ltr'><strong>ﬁdes</strong></span> <span class='ocrx_word' id='word_1_547' title='bbox 2932 3493 3034 3550; x_wconf 91' lang='lat' dir='ltr'><strong>sibi</strong></span> <span class='ocrx_word' id='word_1_548' title='bbox 3079 3508 3190 3548; x_wconf 91' lang='lat' dir='ltr'><strong>non</strong></span> <span class='ocrx_word' id='word_1_549' title='bbox 3223 3491 3536 3552; x_wconf 87' lang='lat' dir='ltr'><strong>haberetur.</strong></span> 
     </span>
    </p>
   </div>
   <div class='ocr_carea' id='block_1_68' title="bbox 1963 3581 3538 3657">
    <p class='ocr_par' dir='ltr' id='par_1_68' title="bbox 1963 3581 3538 3657">
     <span class='ocr_line' id='line_1_69' title="bbox 1963 3581 3538 3657; baseline -0.008 -12"><span class='ocrx_word' id='word_1_550' title='bbox 1963 3606 2087 3646; x_wconf 91' lang='lat' dir='ltr'><strong>cum</strong></span> <span class='ocrx_word' id='word_1_551' title='bbox 2117 3598 2263 3643; x_wconf 89' lang='lat' dir='ltr'><strong>esset</strong></span> <span class='ocrx_word' id='word_1_552' title='bbox 2290 3589 2607 3657; x_wconf 89' lang='lat' dir='ltr'><strong>imperator,</strong></span> <span class='ocrx_word' id='word_1_553' title='bbox 2634 3595 2690 3642; x_wconf 91' lang='lat' dir='ltr'><strong>et</strong></span> <span class='ocrx_word' id='word_1_554' title='bbox 2711 3588 2877 3641; x_wconf 83' lang='lat' dir='ltr'><strong>verba</strong></span> <span class='ocrx_word' id='word_1_555' title='bbox 2903 3584 3108 3639; x_wconf 76' lang='lat' dir='ltr'><strong>laceret</strong></span> <span class='ocrx_word' id='word_1_556' title='bbox 3134 3582 3279 3653; x_wconf 87' lang='lat' dir='ltr'><strong>apud</strong></span> <span class='ocrx_word' id='word_1_557' title='bbox 3301 3596 3417 3646; x_wconf 82' lang='lat' dir='ltr'><strong>eos,</strong></span> <span class='ocrx_word' id='word_1_558' title='bbox 3445 3581 3538 3649; x_wconf 87' lang='lat' dir='ltr'><strong>qui</strong></span> 
     </span>
    </p>
   </div>
   <div class='ocr_carea' id='block_1_69' title="bbox 1963 3673 3541 3752">
    <p class='ocr_par' dir='ltr' id='par_1_69' title="bbox 1963 3673 3541 3752">
     <span class='ocr_line' id='line_1_70' title="bbox 1963 3673 3541 3752; baseline -0.009 -16"><span class='ocrx_word' id='word_1_559' title='bbox 1963 3680 2193 3752; x_wconf 88' lang='lat' dir='ltr'><strong>subjecti</strong></span> <span class='ocrx_word' id='word_1_560' title='bbox 2223 3688 2379 3735; x_wconf 91' lang='lat' dir='ltr'><strong>erant</strong></span> <span class='ocrx_word' id='word_1_561' title='bbox 2402 3679 2525 3748; x_wconf 89' lang='lat' dir='ltr'><strong>ejus</strong></span> <span class='ocrx_word' id='word_1_562' title='bbox 2568 3678 2817 3747; x_wconf 89' lang='lat' dir='ltr'><strong>imperio.</strong></span> <span class='ocrx_word' id='word_1_563' title='bbox 2849 3673 3043 3730; x_wconf 80' lang='lat' dir='ltr'><strong>Nullus</strong></span> <span class='ocrx_word' id='word_1_564' title='bbox 3072 3690 3204 3729; x_wconf 89' lang='lat' dir='ltr'><strong>vero</strong></span> <span class='ocrx_word' id='word_1_565' title='bbox 3248 3679 3541 3742; x_wconf 83' lang='lat' dir='ltr'><strong>persuade-</strong></span> 
     </span>
    </p>
   </div>
   <div class='ocr_carea' id='block_1_70' title="bbox 1964 3762 3541 3841">
    <p class='ocr_par' dir='ltr' id='par_1_70' title="bbox 1964 3762 3541 3841">
     <span class='ocr_line' id='line_1_71' title="bbox 1964 3762 3541 3841; baseline -0.006 -14"><span class='ocrx_word' id='word_1_566' title='bbox 1964 3772 2147 3836; x_wconf 86' lang='lat' dir='ltr'><strong>batur,</strong></span> <span class='ocrx_word' id='word_1_567' title='bbox 2180 3770 2287 3826; x_wconf 90' lang='lat' dir='ltr'><strong>nisi</strong></span> <span class='ocrx_word' id='word_1_568' title='bbox 2320 3769 2413 3840; x_wconf 87' lang='lat' dir='ltr'><strong>qui</strong></span> <span class='ocrx_word' id='word_1_569' title='bbox 2457 3767 2774 3841; x_wconf 83' lang='lat' dir='ltr'><strong>gratilicans</strong></span> <span class='ocrx_word' id='word_1_570' title='bbox 2806 3764 3141 3835; x_wconf 88' lang='lat' dir='ltr'><strong>imperatori,</strong></span> <span class='ocrx_word' id='word_1_571' title='bbox 3180 3771 3403 3834; x_wconf 88' lang='lat' dir='ltr'><strong>propter</strong></span> <span class='ocrx_word' id='word_1_572' title='bbox 3425 3762 3541 3835; x_wconf 88' lang='lat' dir='ltr'><strong>glo-</strong></span> 
     </span>
    </p>
   </div>
   <div class='ocr_carea' id='block_1_71' title="bbox 1966 3855 3346 3929">
    <p class='ocr_par' dir='ltr' id='par_1_71' title="bbox 1966 3855 3346 3929">
     <span class='ocr_line' id='line_1_72' title="bbox 1966 3855 3346 3929; baseline -0.011 -9"><span class='ocrx_word' id='word_1_573' title='bbox 1966 3865 2102 3920; x_wconf 84' lang='lat' dir='ltr'><strong>riam</strong></span> <span class='ocrx_word' id='word_1_574' title='bbox 2131 3863 2187 3918; x_wconf 92' lang='lat' dir='ltr'><strong>in</strong></span> <span class='ocrx_word' id='word_1_575' title='bbox 2206 3860 2453 3917; x_wconf 88' lang='lat' dir='ltr'><strong>animum</strong></span> <span class='ocrx_word' id='word_1_576' title='bbox 2483 3860 2774 3915; x_wconf 88' lang='lat' dir='ltr'><strong>inducebat</strong></span> <span class='ocrx_word' id='word_1_577' title='bbox 2796 3858 2947 3929; x_wconf 87' lang='lat' dir='ltr'><strong>justo</strong></span> <span class='ocrx_word' id='word_1_578' title='bbox 2972 3857 3061 3926; x_wconf 87' lang='lat' dir='ltr'><strong>jus</strong></span> <span class='ocrx_word' id='word_1_579' title='bbox 3082 3855 3346 3910; x_wconf 89' lang='lat' dir='ltr'><strong>adimere.</strong></span> 
     </span>
    </p>
   </div>
   <div class='ocr_carea' id='block_1_72' title="bbox 2039 3945 3547 4024">
    <p class='ocr_par' dir='ltr' id='par_1_72' title="bbox 2039 3945 3547 4024">
     <span class='ocr_line' id='line_1_73' title="bbox 2039 3945 3547 4024; baseline -0.01 -12"><span class='ocrx_word' id='word_1_580' title='bbox 2039 3957 2130 4013; x_wconf 76' lang='lat'><strong>30.</strong></span> <span class='ocrx_word' id='word_1_581' title='bbox 2160 3955 2453 4024; x_wconf 90' lang='lat' dir='ltr'><strong>Postquam</strong></span> <span class='ocrx_word' id='word_1_582' title='bbox 2483 3961 2668 4007; x_wconf 88' lang='lat' dir='ltr'><strong>autem</strong></span> <span class='ocrx_word' id='word_1_583' title='bbox 2694 3950 2929 4005; x_wconf 82' lang='lat' dir='ltr'><strong>excitata</strong></span> <span class='ocrx_word' id='word_1_584' title='bbox 2956 3948 3098 4002; x_wconf 78' lang='lat' dir='ltr'><strong>fama</strong></span> <span class='ocrx_word' id='word_1_585' title='bbox 3121 3947 3226 4002; x_wconf 88' lang='lat' dir='ltr'><strong>hoc</strong></span> <span class='ocrx_word' id='word_1_586' title='bbox 3246 3945 3547 4001; x_wconf 88' lang='lat' dir='ltr'><strong>transmisit</strong></span> 
     </span>
    </p>
   </div>
   <div class='ocr_carea' id='block_1_73' title="bbox 1970 4037 3548 4119">
    <p class='ocr_par' dir='ltr' id='par_1_73' title="bbox 1970 4037 3548 4119">
     <span class='ocr_line' id='line_1_74' title="bbox 1970 4037 3548 4119; baseline -0.008 -15"><span class='ocrx_word' id='word_1_587' title='bbox 1970 4063 2144 4119; x_wconf 86' lang='lat' dir='ltr'><strong>usque</strong></span> <span class='ocrx_word' id='word_1_588' title='bbox 2175 4047 2243 4103; x_wconf 85' lang='lat' dir='ltr'><strong>ad</strong></span> <span class='ocrx_word' id='word_1_589' title='bbox 2287 4045 2423 4100; x_wconf 91' lang='lat' dir='ltr'><strong>atria</strong></span> <span class='ocrx_word' id='word_1_590' title='bbox 2464 4041 2746 4108; x_wconf 65' lang='lat' dir='ltr'><strong>Ecclesiae,</strong></span> <span class='ocrx_word' id='word_1_591' title='bbox 2782 4049 2839 4097; x_wconf 88' lang='lat' dir='ltr'><strong>et</strong></span> <span class='ocrx_word' id='word_1_592' title='bbox 2885 4039 3095 4095; x_wconf 80' lang='lat' dir='ltr'><strong>nefaria</strong></span> <span class='ocrx_word' id='word_1_593' title='bbox 3128 4037 3271 4093; x_wconf 84' lang='lat' dir='ltr'><strong>actio</strong></span> <span class='ocrx_word' id='word_1_594' title='bbox 3298 4037 3548 4107; x_wconf 88' lang='lat' dir='ltr'><strong>pervenit</strong></span> 
     </span>
    </p>
   </div>
   <div class='ocr_carea' id='block_1_74' title="bbox 1971 4128 3550 4209">
    <p class='ocr_par' dir='ltr' id='par_1_74' title="bbox 1971 4128 3550 4209">
     <span class='ocr_line' id='line_1_75' title="bbox 1971 4128 3550 4209; baseline -0.008 -14"><span class='ocrx_word' id='word_1_595' title='bbox 1971 4153 2147 4209; x_wconf 88' lang='lat' dir='ltr'><strong>usque</strong></span> <span class='ocrx_word' id='word_1_596' title='bbox 2172 4138 2243 4193; x_wconf 89' lang='lat' dir='ltr'><strong>ad</strong></span> <span class='ocrx_word' id='word_1_597' title='bbox 2268 4152 2433 4193; x_wconf 90' lang='lat' dir='ltr'><strong>aures</strong></span> <span class='ocrx_word' id='word_1_598' title='bbox 2457 4134 2750 4208; x_wconf 79' lang='lat' dir='ltr'><strong>pontiﬁcis,</strong></span> <span class='ocrx_word' id='word_1_599' title='bbox 2780 4132 2835 4188; x_wconf 91' lang='lat' dir='ltr'><strong>id</strong></span> <span class='ocrx_word' id='word_1_600' title='bbox 2863 4146 2990 4188; x_wconf 90' lang='lat' dir='ltr'><strong>eum</strong></span> <span class='ocrx_word' id='word_1_601' title='bbox 3018 4129 3254 4187; x_wconf 90' lang='lat' dir='ltr'><strong>reddidit</strong></span> <span class='ocrx_word' id='word_1_602' title='bbox 3271 4128 3427 4184; x_wconf 90' lang='lat' dir='ltr'><strong>valde</strong></span> <span class='ocrx_word' id='word_1_603' title='bbox 3450 4128 3550 4183; x_wconf 87' lang='lat' dir='ltr'><strong>du-</strong></span> 
     </span>
    </p>
   </div>
   <div class='ocr_carea' id='block_1_75' title="bbox 1973 4218 3551 4299">
    <p class='ocr_par' dir='ltr' id='par_1_75' title="bbox 1973 4218 3551 4299">
     <span class='ocr_line' id='line_1_76' title="bbox 1973 4218 3551 4299; baseline -0.008 -14"><span class='ocrx_word' id='word_1_604' title='bbox 1973 4229 2122 4285; x_wconf 91' lang='lat' dir='ltr'><strong>bium</strong></span> <span class='ocrx_word' id='word_1_605' title='bbox 2154 4238 2212 4283; x_wconf 91' lang='lat' dir='ltr'><strong>et</strong></span> <span class='ocrx_word' id='word_1_606' title='bbox 2241 4228 2595 4299; x_wconf 87' lang='lat' dir='ltr'><strong>perplexum;</strong></span> <span class='ocrx_word' id='word_1_607' title='bbox 2618 4225 2748 4280; x_wconf 90' lang='lat' dir='ltr'><strong>dum</strong></span> <span class='ocrx_word' id='word_1_608' title='bbox 2772 4222 2916 4294; x_wconf 88' lang='lat' dir='ltr'><strong>apud</strong></span> <span class='ocrx_word' id='word_1_609' title='bbox 2949 4236 3009 4278; x_wconf 90' lang='lat' dir='ltr'><strong>se</strong></span> <span class='ocrx_word' id='word_1_610' title='bbox 3033 4222 3254 4292; x_wconf 88' lang='lat' dir='ltr'><strong>cogitat,</strong></span> <span class='ocrx_word' id='word_1_611' title='bbox 3279 4218 3551 4289; x_wconf 89' lang='lat' dir='ltr'><strong>quomodo</strong></span> 
     </span>
    </p>
   </div>
   <div class='ocr_carea' id='block_1_76' title="bbox 1975 4307 3550 4375">
    <p class='ocr_par' dir='ltr' id='par_1_76' title="bbox 1975 4307 3550 4375">
     <span class='ocr_line' id='line_1_77' title="bbox 1975 4307 3550 4375; baseline -0.01 0"><span class='ocrx_word' id='word_1_612' title='bbox 1975 4336 2035 4375; x_wconf 90' lang='lat' dir='ltr'><strong>se</strong></span> <span class='ocrx_word' id='word_1_613' title='bbox 2094 4326 2334 4373; x_wconf 85' lang='lat' dir='ltr'><strong>armaret</strong></span> <span class='ocrx_word' id='word_1_614' title='bbox 2378 4317 2644 4371; x_wconf 88' lang='lat' dir='ltr'><strong>adversus</strong></span> <span class='ocrx_word' id='word_1_615' title='bbox 2698 4313 2844 4368; x_wconf 90' lang='lat' dir='ltr'><strong>hanc</strong></span> <span class='ocrx_word' id='word_1_616' title='bbox 2894 4312 3342 4374; x_wconf 87' lang='lat' dir='ltr'><strong>decertationem,</strong></span> <span class='ocrx_word' id='word_1_617' title='bbox 3393 4315 3449 4362; x_wconf 90' lang='lat' dir='ltr'><strong>et</strong></span> <span class='ocrx_word' id='word_1_618' title='bbox 3496 4307 3550 4360; x_wconf 90' lang='lat' dir='ltr'><strong>in</strong></span> 
     </span>
    </p>
   </div>
   <div class='ocr_carea' id='block_1_77' title="bbox 363 4398 3554 4489">
    <p class='ocr_par' dir='ltr' id='par_1_77' title="bbox 363 4398 3554 4489">
     <span class='ocr_line' id='line_1_78' title="bbox 363 4398 3554 4489; baseline -0.004 -23"><span class='ocrx_word' id='word_1_619' title='bbox 363 4417 456 4472; x_wconf 73' lang='lat'><strong>28.</strong></span> <span class='ocrx_word' id='word_1_620' title='bbox 496 4416 633 4472; x_wconf 87' lang='lat' dir='ltr'><strong>Cum</strong></span> <span class='ocrx_word' id='word_1_621' title='bbox 664 4426 847 4474; x_wconf 80' lang='lat' dir='ltr'><strong>autem</strong></span> <span class='ocrx_word' id='word_1_622' title='bbox 881 4426 937 4473; x_wconf 82' lang='lat' dir='ltr'><strong>et</strong></span> <span class='ocrx_word' id='word_1_623' title='bbox 965 4418 1111 4489; x_wconf 72' lang='lat' dir='ltr'><strong>leges</strong></span> <span class='ocrx_word' id='word_1_624' title='bbox 1140 4428 1396 4474; x_wconf 72' lang='lat' dir='ltr'><strong>accurate</strong></span> <span class='ocrx_word' id='word_1_625' title='bbox 1436 4427 1681 4484; x_wconf 62' lang='lat' dir='ltr'><strong>teneret,</strong></span> <span class='ocrx_word' id='word_1_626' title='bbox 1712 4428 1770 4474; x_wconf 65' lang='lat' dir='ltr'><strong>et</strong></span> <span class='ocrx_word' id='word_1_627' title='bbox 1803 4420 1859 4474; x_wconf 77' lang='lat' dir='ltr'><strong>in</strong></span> <span class='ocrx_word' id='word_1_628' title='bbox 1893 4404 1936 4458; x_wconf 83' lang='lat' dir='ltr'><strong>D</strong></span> <span class='ocrx_word' id='word_1_629' title='bbox 1966 4410 2145 4480; x_wconf 89' lang='lat' dir='ltr'><strong>ipsum</strong></span> <span class='ocrx_word' id='word_1_630' title='bbox 2168 4410 2576 4478; x_wconf 89' lang='lat' dir='ltr'><strong>imperatorem,</strong></span> <span class='ocrx_word' id='word_1_631' title='bbox 2606 4405 2686 4460; x_wconf 90' lang='lat' dir='ltr'><strong>rei</strong></span> <span class='ocrx_word' id='word_1_632' title='bbox 2711 4404 2920 4460; x_wconf 77' lang='lat' dir='ltr'><strong>bellicae</strong></span> <span class='ocrx_word' id='word_1_633' title='bbox 2942 4402 3333 4473; x_wconf 80' lang='lat' dir='ltr'><strong>peritissimum</strong></span> <span class='ocrx_word' id='word_1_634' title='bbox 3358 4407 3413 4455; x_wconf 91' lang='lat' dir='ltr'><strong>et</strong></span> <span class='ocrx_word' id='word_1_635' title='bbox 3439 4398 3554 4453; x_wconf 71' lang='grc' dir='ltr'><strong>[ον-</strong></span> 
     </span>
    </p>
   </div>
   <div class='ocr_carea' id='block_1_78' title="bbox 299 4506 1872 4578">
    <p class='ocr_par' dir='ltr' id='par_1_78' title="bbox 299 4506 1872 4578">
     <span class='ocr_line' id='line_1_79' title="bbox 299 4506 1872 4578; baseline 0.004 -22"><span class='ocrx_word' id='word_1_636' title='bbox 299 4506 452 4561; x_wconf 89' lang='lat' dir='ltr'><strong>omni</strong></span> <span class='ocrx_word' id='word_1_637' title='bbox 503 4521 706 4578; x_wconf 91' lang='lat' dir='ltr'><strong>genere</strong></span> <span class='ocrx_word' id='word_1_638' title='bbox 754 4506 1035 4562; x_wconf 64' lang='lat' dir='ltr'><strong>canonica:</strong></span> <span class='ocrx_word' id='word_1_639' title='bbox 1077 4507 1423 4562; x_wconf 86' lang='lat' dir='ltr'><strong>rectitudinis</strong></span> <span class='ocrx_word' id='word_1_640' title='bbox 1467 4516 1617 4563; x_wconf 90' lang='lat' dir='ltr'><strong>esset</strong></span> <span class='ocrx_word' id='word_1_641' title='bbox 1657 4508 1872 4563; x_wconf 85' lang='lat' dir='ltr'><strong>exerci-</strong></span> 
     </span>
    </p>
   </div>
   <div class='ocr_carea' id='block_1_79' title="bbox 299 4598 1874 4670">
    <p class='ocr_par' dir='ltr' id='par_1_79' title="bbox 299 4598 1874 4670">
     <span class='ocr_line' id='line_1_80' title="bbox 299 4598 1874 4670; baseline 0 -17"><span class='ocrx_word' id='word_1_642' title='bbox 299 4608 465 4665; x_wconf 84' lang='lat' dir='ltr'><strong>tatus,</strong></span> <span class='ocrx_word' id='word_1_643' title='bbox 503 4615 625 4669; x_wconf 69' lang='lat' dir='ltr'><strong>quae</strong></span> <span class='ocrx_word' id='word_1_644' title='bbox 653 4598 916 4655; x_wconf 83' lang='lat' dir='ltr'><strong>universo</strong></span> <span class='ocrx_word' id='word_1_645' title='bbox 943 4598 1227 4654; x_wconf 89' lang='lat' dir='ltr'><strong>communi</strong></span> <span class='ocrx_word' id='word_1_646' title='bbox 1267 4598 1584 4654; x_wconf 87' lang='lat' dir='ltr'><strong>incidebant</strong></span> <span class='ocrx_word' id='word_1_647' title='bbox 1614 4599 1757 4662; x_wconf 88' lang='lat' dir='ltr'><strong>lites,</strong></span> <span class='ocrx_word' id='word_1_648' title='bbox 1781 4600 1874 4670; x_wconf 89' lang='lat' dir='ltr'><strong>ju-</strong></span> 
     </span>
    </p>
   </div>
   <div class='ocr_carea' id='block_1_80' title="bbox 298 4690 1875 4761">
    <p class='ocr_par' dir='ltr' id='par_1_80' title="bbox 298 4690 1875 4761">
     <span class='ocr_line' id='line_1_81' title="bbox 298 4690 1875 4761; baseline 0.001 -16"><span class='ocrx_word' id='word_1_649' title='bbox 298 4691 549 4755; x_wconf 84' lang='lat' dir='ltr'><strong>dicabat,</strong></span> <span class='ocrx_word' id='word_1_650' title='bbox 586 4699 641 4745; x_wconf 90' lang='lat' dir='ltr'><strong>et</strong></span> <span class='ocrx_word' id='word_1_651' title='bbox 695 4690 1014 4747; x_wconf 88' lang='lat' dir='ltr'><strong>acutissima</strong></span> <span class='ocrx_word' id='word_1_652' title='bbox 1063 4690 1292 4761; x_wconf 89' lang='lat' dir='ltr'><strong>cogebat</strong></span> <span class='ocrx_word' id='word_1_653' title='bbox 1342 4691 1553 4760; x_wconf 91' lang='lat' dir='ltr'><strong>prolata</strong></span> <span class='ocrx_word' id='word_1_654' title='bbox 1601 4691 1875 4746; x_wconf 91' lang='lat' dir='ltr'><strong>sententia</strong></span> 
     </span>
    </p>
   </div>
   <div class='ocr_carea' id='block_1_81' title="bbox 298 4782 1878 4853">
    <p class='ocr_par' dir='ltr' id='par_1_81' title="bbox 298 4782 1878 4853">
     <span class='ocr_line' id='line_1_82' title="bbox 298 4782 1878 4853; baseline -0.001 -12"><span class='ocrx_word' id='word_1_655' title='bbox 298 4782 565 4841; x_wconf 81' lang='lat' dir='ltr'><strong>eosinter</strong></span> <span class='ocrx_word' id='word_1_656' title='bbox 600 4800 661 4841; x_wconf 91' lang='lat' dir='ltr'><strong>se</strong></span> <span class='ocrx_word' id='word_1_657' title='bbox 691 4783 1029 4839; x_wconf 89' lang='lat' dir='ltr'><strong>convenire:</strong></span> <span class='ocrx_word' id='word_1_658' title='bbox 1067 4798 1178 4836; x_wconf 88' lang='lat' dir='ltr'><strong>non</strong></span> <span class='ocrx_word' id='word_1_659' title='bbox 1222 4782 1497 4853; x_wconf 89' lang='lat' dir='ltr'><strong>pauperis.</strong></span> <span class='ocrx_word' id='word_1_660' title='bbox 1536 4782 1631 4852; x_wconf 90' lang='lat' dir='ltr'><strong>qui</strong></span> <span class='ocrx_word' id='word_1_661' title='bbox 1682 4782 1738 4837; x_wconf 90' lang='lat' dir='ltr'><strong>in</strong></span> <span class='ocrx_word' id='word_1_662' title='bbox 1787 4782 1878 4852; x_wconf 88' lang='lat' dir='ltr'><strong>jus</strong></span> 
     </span>
    </p>
   </div>
   <div class='ocr_carea' id='block_1_82' title="bbox 301 4873 1875 4944">
    <p class='ocr_par' dir='ltr' id='par_1_82' title="bbox 301 4873 1875 4944">
     <span class='ocr_line' id='line_1_83' title="bbox 301 4873 1875 4944; baseline 0.001 -16"><span class='ocrx_word' id='word_1_663' title='bbox 301 4875 600 4931; x_wconf 88' lang='lat' dir='ltr'><strong>vocabatur</strong></span> <span class='ocrx_word' id='word_1_664' title='bbox 623 4914 639 4939; x_wconf 91' lang='lat'><strong>,</strong></span> <span class='ocrx_word' id='word_1_665' title='bbox 686 4874 859 4930; x_wconf 84' lang='lat' dir='ltr'><strong>Ilexus</strong></span> <span class='ocrx_word' id='word_1_666' title='bbox 894 4873 1268 4930; x_wconf 82' lang='lat' dir='ltr'><strong>misericordia</strong></span> <span class='ocrx_word' id='word_1_667' title='bbox 1300 4891 1315 4928; x_wconf 88' lang='lat'><strong>:</strong></span> <span class='ocrx_word' id='word_1_668' title='bbox 1356 4887 1533 4943; x_wconf 89' lang='lat' dir='ltr'><strong>neque</strong></span> <span class='ocrx_word' id='word_1_669' title='bbox 1578 4873 1875 4944; x_wconf 85' lang='lat' dir='ltr'><strong>quidquam</strong></span> 
     </span>
    </p>
   </div>
   <div class='ocr_carea' id='block_1_83' title="bbox 376 5053 1880 5126">
    <p class='ocr_par' dir='ltr' id='par_1_83' title="bbox 376 5053 1880 5126">
     <span class='ocr_line' id='line_1_84' title="bbox 376 5053 1880 5126; baseline -0.005 -12"><span class='ocrx_word' id='word_1_670' title='bbox 376 5059 489 5126; x_wconf 74' lang='lat'><strong>(52)</strong></span> <span class='ocrx_word' id='word_1_671' title='bbox 523 5057 789 5112; x_wconf 84' lang='lat' dir='ltr'><strong>Palatium</strong></span> <span class='ocrx_word' id='word_1_672' title='bbox 834 5054 1131 5111; x_wconf 80' lang='lat' dir='ltr'><strong>Eleutlierii</strong></span> <span class='ocrx_word' id='word_1_673' title='bbox 1177 5054 1385 5126; x_wconf 87' lang='lat' dir='ltr'><strong>lrcnem</strong></span> <span class='ocrx_word' id='word_1_674' title='bbox 1418 5054 1719 5122; x_wconf 82' lang='lat' dir='ltr'><strong>Augustam</strong></span> <span class='ocrx_word' id='word_1_675' title='bbox 1745 5053 1880 5126; x_wconf 67' lang='lat' dir='ltr'><strong>tedi-</strong></span> 
     </span>
    </p>
   </div>
   <div class='ocr_carea' id='block_1_84' title="bbox 306 5124 1877 5196">
    <p class='ocr_par' dir='ltr' id='par_1_84' title="bbox 306 5124 1877 5196">
     <span class='ocr_line' id='line_1_85' title="bbox 306 5124 1877 5196; baseline -0.003 -13"><span class='ocrx_word' id='word_1_676' title='bbox 306 5124 521 5188; x_wconf 69' lang='lat' dir='ltr'><strong>Iiras~e,</strong></span> <span class='ocrx_word' id='word_1_677' title='bbox 558 5129 612 5181; x_wconf 93' lang='lat' dir='ltr'><strong>in</strong></span> <span class='ocrx_word' id='word_1_678' title='bbox 648 5142 822 5195; x_wconf 86' lang='lat' dir='ltr'><strong>eaque</strong></span> <span class='ocrx_word' id='word_1_679' title='bbox 871 5137 927 5179; x_wconf 89' lang='lat' dir='ltr'><strong>et</strong></span> <span class='ocrx_word' id='word_1_680' title='bbox 952 5126 1156 5182; x_wconf 89' lang='lat' dir='ltr'><strong>multas</strong></span> <span class='ocrx_word' id='word_1_681' title='bbox 1192 5125 1455 5196; x_wconf 86' lang='lat' dir='ltr'><strong>pecunias</strong></span> <span class='ocrx_word' id='word_1_682' title='bbox 1501 5124 1877 5188; x_wconf 80' lang='lat' dir='ltr'><strong>abscondisse,</strong></span> 
     </span>
    </p>
   </div>
   <div class='ocr_carea' id='block_1_85' title="bbox 306 5196 1877 5253">
    <p class='ocr_par' dir='ltr' id='par_1_85' title="bbox 306 5196 1877 5253">
     <span class='ocr_line' id='line_1_86' title="bbox 306 5196 1877 5253; baseline -0.005 0"><span class='ocrx_word' id='word_1_683' title='bbox 306 5209 415 5253; x_wconf 89' lang='lat' dir='ltr'><strong>eta</strong></span> <span class='ocrx_word' id='word_1_684' title='bbox 476 5199 590 5251; x_wconf 88' lang='lat' dir='ltr'><strong>tilio</strong></span> <span class='ocrx_word' id='word_1_685' title='bbox 644 5196 1010 5251; x_wconf 88' lang='lat' dir='ltr'><strong>Constantino</strong></span> <span class='ocrx_word' id='word_1_686' title='bbox 1072 5196 1191 5250; x_wconf 91' lang='lat' dir='ltr'><strong>solo</strong></span> <span class='ocrx_word' id='word_1_687' title='bbox 1247 5204 1505 5253; x_wconf 67' lang='lat' dir='ltr'><strong>regnante</strong></span> <span class='ocrx_word' id='word_1_688' title='bbox 1549 5196 1877 5248; x_wconf 84' lang='lat' dir='ltr'><strong>collocatam</strong></span> 
     </span>
    </p>
   </div>
   <div class='ocr_carea' id='block_1_86' title="bbox 306 5262 1883 5329">
    <p class='ocr_par' dir='ltr' id='par_1_86' title="bbox 306 5262 1883 5329">
     <span class='ocr_line' id='line_1_87' title="bbox 306 5262 1883 5329; baseline -0.002 -9"><span class='ocrx_word' id='word_1_689' title='bbox 306 5283 431 5322; x_wconf 81' lang='lat' dir='ltr'><strong>esse</strong></span> <span class='ocrx_word' id='word_1_690' title='bbox 452 5282 643 5321; x_wconf 90' lang='lat' dir='ltr'><strong>mense</strong></span> <span class='ocrx_word' id='word_1_691' title='bbox 686 5264 995 5329; x_wconf 89' lang='lat' dir='ltr'><strong>Decembri,</strong></span> <span class='ocrx_word' id='word_1_692' title='bbox 1019 5266 1219 5319; x_wconf 88' lang='lat' dir='ltr'><strong>lndict.</strong></span> <span class='ocrx_word' id='word_1_693' title='bbox 1263 5262 1351 5325; x_wconf 60' lang='lat' dir='ltr'><strong>I5,</strong></span> <span class='ocrx_word' id='word_1_694' title='bbox 1378 5279 1524 5317; x_wconf 87' lang='lat' dir='ltr'><strong>anno</strong></span> <span class='ocrx_word' id='word_1_695' title='bbox 1541 5264 1743 5319; x_wconf 87' lang='lat' dir='ltr'><strong>Christi</strong></span> <span class='ocrx_word' id='word_1_696' title='bbox 1775 5262 1883 5317; x_wconf 89' lang='lat'><strong>790</strong></span> 
     </span>
    </p>
   </div>
   <div class='ocr_carea' id='block_1_87' title="bbox 309 5332 1879 5403">
    <p class='ocr_par' dir='ltr' id='par_1_87' title="bbox 309 5332 1879 5403">
     <span class='ocr_line' id='line_1_88' title="bbox 309 5332 1879 5403; baseline -0.003 -11"><span class='ocrx_word' id='word_1_697' title='bbox 309 5336 475 5399; x_wconf 85' lang='lat' dir='ltr'><strong>tradit</strong></span> <span class='ocrx_word' id='word_1_698' title='bbox 502 5336 881 5400; x_wconf 88' lang='lat' dir='ltr'><strong>&#39;l‘heophanes.</strong></span> <span class='ocrx_word' id='word_1_699' title='bbox 916 5332 1201 5403; x_wconf 82' lang='lat' dir='ltr'><strong>Eamdem</strong></span> <span class='ocrx_word' id='word_1_700' title='bbox 1234 5334 1642 5403; x_wconf 88' lang='lat' dir='ltr'><strong>imperatricem</strong></span> <span class='ocrx_word' id='word_1_701' title='bbox 1678 5334 1879 5403; x_wconf 88' lang='lat' dir='ltr'><strong>iterum</strong></span> 
     </span>
    </p>
   </div>
   <div class='ocr_carea' id='block_1_88' title="bbox 309 5402 1881 5471">
    <p class='ocr_par' dir='ltr' id='par_1_88' title="bbox 309 5402 1881 5471">
     <span class='ocr_line' id='line_1_89' title="bbox 309 5402 1881 5471; baseline -0.001 -10"><span class='ocrx_word' id='word_1_702' title='bbox 309 5406 638 5461; x_wconf 71' lang='lat' dir='ltr'><strong>declaratum</strong></span> <span class='ocrx_word' id='word_1_703' title='bbox 672 5404 864 5457; x_wconf 88' lang='lat' dir='ltr'><strong>Indicl.</strong></span> <span class='ocrx_word' id='word_1_704' title='bbox 887 5405 967 5468; x_wconf 80' lang='lat' dir='ltr'><strong>I5,</strong></span> <span class='ocrx_word' id='word_1_705' title='bbox 986 5404 1072 5460; x_wconf 86' lang='lat' dir='ltr'><strong>die</strong></span> <span class='ocrx_word' id='word_1_706' title='bbox 1096 5402 1446 5471; x_wconf 80' lang='lat' dir='ltr'><strong>l5Januarii,</strong></span> <span class='ocrx_word' id='word_1_707' title='bbox 1465 5402 1881 5468; x_wconf 80' lang='lat' dir='ltr'><strong>anniCItr.795,</strong></span> 
     </span>
    </p>
   </div>
   <div class='ocr_carea' id='block_1_89' title="bbox 313 5474 1091 5542">
    <p class='ocr_par' dir='ltr' id='par_1_89' title="bbox 313 5474 1091 5542">
     <span class='ocr_line' id='line_1_90' title="bbox 313 5474 1091 5542; baseline 0 -13"><span class='ocrx_word' id='word_1_708' title='bbox 313 5475 454 5529; x_wconf 71' lang='grc' dir='ltr'><strong>ἰιΙιιηι</strong></span> <span class='ocrx_word' id='word_1_709' title='bbox 485 5478 682 5527; x_wconf 74' lang='lat' dir='ltr'><strong>asserit</strong></span> <span class='ocrx_word' id='word_1_710' title='bbox 708 5474 1091 5542; x_wconf 83' lang='lat' dir='ltr'><strong>Theophanes.</strong></span> 
     </span>
    </p>
   </div>
   <div class='ocr_carea' id='block_1_90' title="bbox 384 5539 1882 5613">
    <p class='ocr_par' dir='ltr' id='par_1_90' title="bbox 384 5539 1882 5613">
     <span class='ocr_line' id='line_1_91' title="bbox 384 5539 1882 5613; baseline 0.004 -23"><span class='ocrx_word' id='word_1_711' title='bbox 384 5542 496 5607; x_wconf 70' lang='lat'><strong>(355)</strong></span> <span class='ocrx_word' id='word_1_712' title='bbox 521 5542 816 5613; x_wconf 82' lang='lat' dir='ltr'><strong>Indietiune</strong></span> <span class='ocrx_word' id='word_1_713' title='bbox 842 5539 929 5605; x_wconf 54' lang='lat' dir='ltr'><strong>I1,</strong></span> <span class='ocrx_word' id='word_1_714' title='bbox 959 5559 1145 5599; x_wconf 83' lang='lat' dir='ltr'><strong>mense</strong></span> <span class='ocrx_word' id='word_1_715' title='bbox 1171 5541 1475 5613; x_wconf 87' lang='lat' dir='ltr'><strong>Septembri</strong></span> <span class='ocrx_word' id='word_1_716' title='bbox 1522 5556 1705 5613; x_wconf 82' lang='lat' dir='ltr'><strong>annus</strong></span> <span class='ocrx_word' id='word_1_717' title='bbox 1732 5539 1882 5596; x_wconf 87' lang='lat' dir='ltr'><strong>Con-</strong></span> 
     </span>
    </p>
   </div>
   <div class='ocr_carea' id='block_1_91' title="bbox 315 5612 1880 5684">
    <p class='ocr_par' dir='ltr' id='par_1_91' title="bbox 315 5612 1880 5684">
     <span class='ocr_line' id='line_1_92' title="bbox 315 5612 1880 5684; baseline 0.001 -21"><span class='ocrx_word' id='word_1_718' title='bbox 315 5612 542 5684; x_wconf 74' lang='lat' dir='ltr'><strong>stantini</strong></span> <span class='ocrx_word' id='word_1_719' title='bbox 573 5613 745 5684; x_wconf 84' lang='lat' dir='ltr'><strong>solius</strong></span> <span class='ocrx_word' id='word_1_720' title='bbox 770 5614 1041 5683; x_wconf 87' lang='lat' dir='ltr'><strong>regnantis</strong></span> <span class='ocrx_word' id='word_1_721' title='bbox 1064 5615 1227 5684; x_wconf 66' lang='lat' dir='ltr'><strong>etrapit</strong></span> <span class='ocrx_word' id='word_1_722' title='bbox 1254 5612 1555 5684; x_wconf 85' lang='lat' dir='ltr'><strong>numerari,</strong></span> <span class='ocrx_word' id='word_1_723' title='bbox 1572 5628 1704 5679; x_wconf 81' lang='lat' dir='ltr'><strong>ergo</strong></span> <span class='ocrx_word' id='word_1_724' title='bbox 1732 5627 1880 5684; x_wconf 79' lang='lat' dir='ltr'><strong>anno</strong></span> 
     </span>
    </p>
   </div>
   <div class='ocr_carea' id='block_1_92' title="bbox 315 5681 1878 5755">
    <p class='ocr_par' dir='ltr' id='par_1_92' title="bbox 315 5681 1878 5755">
     <span class='ocr_line' id='line_1_93' title="bbox 315 5681 1878 5755; baseline -0.001 -17"><span class='ocrx_word' id='word_1_725' title='bbox 315 5685 444 5746; x_wconf 79' lang='lat' dir='ltr'><strong>Chr.</strong></span> <span class='ocrx_word' id='word_1_726' title='bbox 481 5683 601 5739; x_wconf 77' lang='lat'><strong>790.</strong></span> <span class='ocrx_word' id='word_1_727' title='bbox 638 5681 919 5754; x_wconf 79' lang='lat' dir='ltr'><strong>Legendus</strong></span> <span class='ocrx_word' id='word_1_728' title='bbox 940 5684 1006 5739; x_wconf 84' lang='lat' dir='ltr'><strong>de</strong></span> <span class='ocrx_word' id='word_1_729' title='bbox 1034 5701 1097 5740; x_wconf 83' lang='lat' dir='ltr'><strong>ea</strong></span> <span class='ocrx_word' id='word_1_730' title='bbox 1128 5681 1308 5740; x_wconf 69' lang='lat' dir='ltr'><strong>rerum</strong></span> <span class='ocrx_word' id='word_1_731' title='bbox 1332 5683 1473 5755; x_wconf 84' lang='lat' dir='ltr'><strong>apud</strong></span> <span class='ocrx_word' id='word_1_732' title='bbox 1492 5681 1878 5739; x_wconf 83' lang='lat' dir='ltr'><strong>Constantino-</strong></span> 
     </span>
    </p>
   </div>
   <div class='ocr_carea' id='block_1_93' title="bbox 1976 4493 3552 4571">
    <p class='ocr_par' dir='ltr' id='par_1_93' title="bbox 1976 4493 3552 4571">
     <span class='ocr_line' id='line_1_94' title="bbox 1976 4493 3552 4571; baseline -0.008 -15"><span class='ocrx_word' id='word_1_733' title='bbox 1976 4501 2246 4557; x_wconf 91' lang='lat' dir='ltr'><strong>tissimum</strong></span> <span class='ocrx_word' id='word_1_734' title='bbox 2298 4508 2680 4569; x_wconf 89' lang='lat' dir='ltr'><strong>pugnatorem,</strong></span> <span class='ocrx_word' id='word_1_735' title='bbox 2722 4512 2793 4571; x_wconf 78' lang='lat' dir='ltr'><strong>ex</strong></span> <span class='ocrx_word' id='word_1_736' title='bbox 2826 4496 3083 4567; x_wconf 85' lang='lat' dir='ltr'><strong>pharetra</strong></span> <span class='ocrx_word' id='word_1_737' title='bbox 3116 4503 3173 4549; x_wconf 90' lang='lat' dir='ltr'><strong>et</strong></span> <span class='ocrx_word' id='word_1_738' title='bbox 3219 4508 3351 4548; x_wconf 87' lang='lat' dir='ltr'><strong>arcu</strong></span> <span class='ocrx_word' id='word_1_739' title='bbox 3388 4493 3552 4547; x_wconf 90' lang='lat' dir='ltr'><strong>telum</strong></span> 
     </span>
    </p>
   </div>
   <div class='ocr_carea' id='block_1_94' title="bbox 1969 4585 3554 4663">
    <p class='ocr_par' dir='ltr' id='par_1_94' title="bbox 1969 4585 3554 4663">
     <span class='ocr_line' id='line_1_95' title="bbox 1969 4585 3554 4663; baseline -0.008 -14"><span class='ocrx_word' id='word_1_740' title='bbox 1969 4592 2322 4663; x_wconf 89' lang='lat' dir='ltr'><strong>jacularetur,</strong></span> <span class='ocrx_word' id='word_1_741' title='bbox 2351 4590 2464 4660; x_wconf 88' lang='lat' dir='ltr'><strong>jam</strong></span> <span class='ocrx_word' id='word_1_742' title='bbox 2496 4590 2626 4645; x_wconf 92' lang='lat' dir='ltr'><strong>olim</strong></span> <span class='ocrx_word' id='word_1_743' title='bbox 2676 4589 2980 4643; x_wconf 87' lang='lat' dir='ltr'><strong>honoratus</strong></span> <span class='ocrx_word' id='word_1_744' title='bbox 3011 4585 3335 4641; x_wconf 87' lang='lat' dir='ltr'><strong>sacerdotali</strong></span> <span class='ocrx_word' id='word_1_745' title='bbox 3360 4586 3554 4639; x_wconf 88' lang='lat' dir='ltr'><strong>horum</strong></span> 
     </span>
    </p>
   </div>
   <div class='ocr_carea' id='block_1_95' title="bbox 1975 4679 3557 4749">
    <p class='ocr_par' dir='ltr' id='par_1_95' title="bbox 1975 4679 3557 4749">
     <span class='ocr_line' id='line_1_96' title="bbox 1975 4679 3557 4749; baseline -0.006 -9"><span class='ocrx_word' id='word_1_746' title='bbox 1975 4684 2222 4740; x_wconf 90' lang='lat' dir='ltr'><strong>omnium</strong></span> <span class='ocrx_word' id='word_1_747' title='bbox 2250 4682 2521 4737; x_wconf 89' lang='lat' dir='ltr'><strong>nuditate.</strong></span> <span class='ocrx_word' id='word_1_748' title='bbox 2550 4680 2688 4736; x_wconf 90' lang='lat' dir='ltr'><strong>Cum</strong></span> <span class='ocrx_word' id='word_1_749' title='bbox 2717 4681 2836 4735; x_wconf 65' lang='lat' dir='ltr'><strong>batc</strong></span> <span class='ocrx_word' id='word_1_750' title='bbox 2862 4679 3007 4749; x_wconf 89' lang='lat' dir='ltr'><strong>apud</strong></span> <span class='ocrx_word' id='word_1_751' title='bbox 3030 4693 3090 4734; x_wconf 91' lang='lat' dir='ltr'><strong>sc</strong></span> <span class='ocrx_word' id='word_1_752' title='bbox 3116 4692 3345 4749; x_wconf 90' lang='lat' dir='ltr'><strong>magnus</strong></span> <span class='ocrx_word' id='word_1_753' title='bbox 3375 4688 3557 4731; x_wconf 83' lang='lat' dir='ltr'><strong>meme</strong></span> 
     </span>
    </p>
   </div>
   <div class='ocr_carea' id='block_1_96' title="bbox 1977 4766 3556 4841">
    <p class='ocr_par' dir='ltr' id='par_1_96' title="bbox 1977 4766 3556 4841">
     <span class='ocr_line' id='line_1_97' title="bbox 1977 4766 3556 4841; baseline -0.008 -10"><span class='ocrx_word' id='word_1_754' title='bbox 1977 4782 2220 4831; x_wconf 81' lang='lat' dir='ltr'><strong>versaret</strong></span> <span class='ocrx_word' id='word_1_755' title='bbox 2256 4772 2535 4837; x_wconf 84' lang='lat' dir='ltr'><strong>Tarasius,</strong></span> <span class='ocrx_word' id='word_1_756' title='bbox 2571 4781 2629 4827; x_wconf 92' lang='lat' dir='ltr'><strong>et</strong></span> <span class='ocrx_word' id='word_1_757' title='bbox 2660 4779 2877 4841; x_wconf 88' lang='lat' dir='ltr'><strong>pararet</strong></span> <span class='ocrx_word' id='word_1_758' title='bbox 2904 4784 2963 4825; x_wconf 87' lang='lat' dir='ltr'><strong>se</strong></span> <span class='ocrx_word' id='word_1_759' title='bbox 2993 4769 3063 4824; x_wconf 89' lang='lat' dir='ltr'><strong>ad</strong></span> <span class='ocrx_word' id='word_1_760' title='bbox 3094 4766 3556 4838; x_wconf 88' lang='lat' dir='ltr'><strong>congrediendum</strong></span> 
     </span>
    </p>
   </div>
   <div class='ocr_carea' id='block_1_97' title="bbox 1976 4857 3560 4937">
    <p class='ocr_par' dir='ltr' id='par_1_97' title="bbox 1976 4857 3560 4937">
     <span class='ocr_line' id='line_1_98' title="bbox 1976 4857 3560 4937; baseline -0.008 -14"><span class='ocrx_word' id='word_1_761' title='bbox 1976 4882 2103 4926; x_wconf 91' lang='lat' dir='ltr'><strong>cum</strong></span> <span class='ocrx_word' id='word_1_762' title='bbox 2125 4866 2473 4937; x_wconf 90' lang='lat' dir='ltr'><strong>imperatore,</strong></span> <span class='ocrx_word' id='word_1_763' title='bbox 2513 4873 2570 4920; x_wconf 91' lang='lat' dir='ltr'><strong>et</strong></span> <span class='ocrx_word' id='word_1_764' title='bbox 2595 4862 2991 4920; x_wconf 86' lang='lat' dir='ltr'><strong>decertandum</strong></span> <span class='ocrx_word' id='word_1_765' title='bbox 3025 4860 3194 4917; x_wconf 89' lang='lat' dir='ltr'><strong>armis</strong></span> <span class='ocrx_word' id='word_1_766' title='bbox 3214 4857 3560 4915; x_wconf 82' lang='lat' dir='ltr'><strong>sacerdotali—</strong></span> 
     </span>
    </p>
   </div>
   <div class='ocr_carea' id='block_1_98' title="bbox 1979 5039 3554 5118">
    <p class='ocr_par' dir='ltr' id='par_1_98' title="bbox 1979 5039 3554 5118">
     <span class='ocr_line' id='line_1_99' title="bbox 1979 5039 3554 5118; baseline -0.005 -17"><span class='ocrx_word' id='word_1_767' title='bbox 1979 5049 2253 5118; x_wconf 81' lang='lat' dir='ltr'><strong>politanos</strong></span> <span class='ocrx_word' id='word_1_768' title='bbox 2278 5043 2697 5118; x_wconf 77' lang='lat' dir='ltr'><strong>perturbatione</strong></span> <span class='ocrx_word' id='word_1_769' title='bbox 2724 5039 3111 5118; x_wconf 66' lang='lat' dir='ltr'><strong>Theophanes.</strong></span> <span class='ocrx_word' id='word_1_770' title='bbox 3189 5105 3255 5118; x_wconf 46' lang='grc' dir='ltr'><strong>Μ,</strong></span> <span class='ocrx_word' id='word_1_771' title='bbox 3378 5102 3416 5118; x_wconf 48' lang='lat' dir='ltr'><strong>ﬂ</strong></span> <span class='ocrx_word' id='word_1_772' title='bbox 3524 5102 3554 5118; x_wconf 54' lang='grc' dir='ltr'><strong>ν</strong></span> 
     </span>
    </p>
   </div>
   <div class='ocr_carea' id='block_1_99' title="bbox 2051 5102 3558 5188">
    <p class='ocr_par' dir='ltr' id='par_1_99' title="bbox 2051 5102 3558 5188">
     <span class='ocr_line' id='line_1_100' title="bbox 2051 5102 3558 5188; baseline -0.011 -16"><span class='ocrx_word' id='word_1_773' title='bbox 2051 5102 2166 5188; x_wconf 66' lang='grc'><strong>(54)</strong></span> <span class='ocrx_word' id='word_1_774' title='bbox 2204 5102 2385 5188; x_wconf 69' lang='lat' dir='ltr'><strong>Primo</strong></span> <span class='ocrx_word' id='word_1_775' title='bbox 2416 5114 2785 5188; x_wconf 74' lang='lat' dir='ltr'><strong>desponderat</strong></span> <span class='ocrx_word' id='word_1_776' title='bbox 2843 5102 3129 5188; x_wconf 73' lang='lat' dir='ltr'><strong>Rotrudim</strong></span> <span class='ocrx_word' id='word_1_777' title='bbox 3186 5105 3349 5188; x_wconf 80' lang='lat' dir='ltr'><strong>ﬁliam</strong></span> <span class='ocrx_word' id='word_1_778' title='bbox 3371 5102 3558 5188; x_wconf 53' lang='lat' dir='ltr'><strong>Caroli</strong></span> 
     </span>
    </p>
   </div>
   <div class='ocr_carea' id='block_1_100' title="bbox 1980 5174 3558 5254">
    <p class='ocr_par' dir='ltr' id='par_1_100' title="bbox 1980 5174 3558 5254">
     <span class='ocr_line' id='line_1_101' title="bbox 1980 5174 3558 5254; baseline -0.014 -9"><span class='ocrx_word' id='word_1_779' title='bbox 1980 5174 2161 5254; x_wconf 67' lang='lat' dir='ltr'><strong>magni</strong></span> <span class='ocrx_word' id='word_1_780' title='bbox 2195 5202 2261 5240; x_wconf 82' lang='lat' dir='ltr'><strong>ex</strong></span> <span class='ocrx_word' id='word_1_781' title='bbox 2289 5174 2616 5254; x_wconf 76' lang='lat' dir='ltr'><strong>Hildegarde</strong></span> <span class='ocrx_word' id='word_1_782' title='bbox 2644 5182 2823 5252; x_wconf 85' lang='lat' dir='ltr'><strong>prima</strong></span> <span class='ocrx_word' id='word_1_783' title='bbox 2876 5181 2998 5254; x_wconf 75' lang='lat' dir='ltr'><strong>ejus</strong></span> <span class='ocrx_word' id='word_1_784' title='bbox 3019 5191 3227 5254; x_wconf 61' lang='lat' dir='ltr'><strong>pxore,</strong></span> <span class='ocrx_word' id='word_1_785' title='bbox 3259 5184 3317 5230; x_wconf 89' lang='lat' dir='ltr'><strong>ut</strong></span> <span class='ocrx_word' id='word_1_786' title='bbox 3351 5174 3558 5252; x_wconf 72' lang='lat' dir='ltr'><strong>dictum</strong></span> 
     </span>
    </p>
   </div>
   <div class='ocr_carea' id='block_1_101' title="bbox 1987 5205 3561 5326">
    <p class='ocr_par' dir='ltr' id='par_1_101' title="bbox 1987 5205 3561 5326">
     <span class='ocr_line' id='line_1_102' title="bbox 1987 5205 3558 5254; baseline -0.014 -9"><span class='ocrx_word' id='word_1_787' title='bbox 1987 5205 2066 5245; x_wconf 73' lang='lat' dir='ltr'><strong>M3</strong></span> <span class='ocrx_word' id='word_1_788' title='bbox 2110 5205 2161 5240; x_wconf 91' lang='lat' dir='ltr'><strong>III</strong></span> <span class='ocrx_word' id='word_1_789' title='bbox 2195 5205 2261 5240; x_wconf 76' lang='lat' dir='ltr'><strong>ex</strong></span> <span class='ocrx_word' id='word_1_790' title='bbox 2291 5205 2616 5254; x_wconf 69' lang='lat' dir='ltr'><strong>ullaegarue</strong></span> <span class='ocrx_word' id='word_1_791' title='bbox 2645 5205 2823 5252; x_wconf 74' lang='lat' dir='ltr'><strong>prmia</strong></span> <span class='ocrx_word' id='word_1_792' title='bbox 2876 5205 2998 5249; x_wconf 75' lang='lat' dir='ltr'><strong>ejus</strong></span> <span class='ocrx_word' id='word_1_793' title='bbox 3032 5205 3227 5240; x_wconf 75' lang='lat' dir='ltr'><strong>uxurc,</strong></span> <span class='ocrx_word' id='word_1_794' title='bbox 3260 5205 3317 5230; x_wconf 77' lang='grc' dir='ltr'><strong>ιιι</strong></span> <span class='ocrx_word' id='word_1_795' title='bbox 3351 5205 3429 5252; x_wconf 46' lang='lat' dir='ltr'><strong>up</strong></span> <span class='ocrx_word' id='word_1_796' title='bbox 3444 5205 3558 5252; x_wconf 39' lang='lat' dir='ltr'><strong>tu...</strong></span> 
     </span>
     <span class='ocr_line' id='line_1_103' title="bbox 1987 5205 3561 5326; baseline -0.013 -11"><span class='ocrx_word' id='word_1_797' title='bbox 1987 5262 2043 5315; x_wconf 91' lang='lat' dir='ltr'><strong>in</strong></span> <span class='ocrx_word' id='word_1_798' title='bbox 2073 5205 2238 5326; x_wconf 61' lang='lat' dir='ltr'><strong>ﬁujus</strong></span> <span class='ocrx_word' id='word_1_799' title='bbox 2267 5254 2390 5326; x_wconf 65' lang='lat' dir='ltr'><strong>Vita</strong></span> <span class='ocrx_word' id='word_1_800' title='bbox 2427 5254 2499 5307; x_wconf 73' lang='lat'><strong>28</strong></span> <span class='ocrx_word' id='word_1_801' title='bbox 2530 5252 2909 5326; x_wconf 79' lang='lat' dir='ltr'><strong>Januar._cap.</strong></span> <span class='ocrx_word' id='word_1_802' title='bbox 2942 5250 2996 5302; x_wconf 85' lang='lat'><strong>6.</strong></span> <span class='ocrx_word' id='word_1_803' title='bbox 3019 5248 3095 5326; x_wconf 76' lang='lat' dir='ltr'><strong>Ea</strong></span> <span class='ocrx_word' id='word_1_804' title='bbox 3131 5256 3310 5323; x_wconf 74' lang='lat' dir='ltr'><strong>tamen</strong></span> <span class='ocrx_word' id='word_1_805' title='bbox 3337 5257 3561 5323; x_wconf 77' lang='lat' dir='ltr'><strong>nnnnnc</strong></span> 
     </span>
    </p>
   </div>
   <div class='ocr_carea' id='block_1_102' title="bbox 1981 5317 3559 5393">
    <p class='ocr_par' dir='ltr' id='par_1_102' title="bbox 1981 5317 3559 5393">
     <span class='ocr_line' id='line_1_104' title="bbox 1981 5317 3559 5393; baseline -0.015 -8"><span class='ocrx_word' id='word_1_806' title='bbox 1981 5317 2165 5392; x_wconf 61' lang='lat' dir='ltr'><strong>ducta:</strong></span> <span class='ocrx_word' id='word_1_807' title='bbox 2196 5326 2302 5380; x_wconf 90' lang='lat' dir='ltr'><strong>sibi</strong></span> <span class='ocrx_word' id='word_1_808' title='bbox 2350 5324 2610 5393; x_wconf 83' lang='lat' dir='ltr'><strong>junxerat</strong></span> <span class='ocrx_word' id='word_1_809' title='bbox 2666 5317 2903 5392; x_wconf 70' lang='lat' dir='ltr'><strong>puellain</strong></span> <span class='ocrx_word' id='word_1_810' title='bbox 2956 5333 3023 5371; x_wconf 89' lang='lat' dir='ltr'><strong>ex</strong></span> <span class='ocrx_word' id='word_1_811' title='bbox 3062 5317 3424 5393; x_wconf 82' lang='lat' dir='ltr'><strong>Armeniacis,</strong></span> <span class='ocrx_word' id='word_1_812' title='bbox 3455 5326 3559 5363; x_wconf 90' lang='lat' dir='ltr'><strong>no-</strong></span> 
     </span>
    </p>
   </div>
   <div class='ocr_carea' id='block_1_103' title="bbox 1982 5389 3537 5464">
    <p class='ocr_par' dir='ltr' id='par_1_103' title="bbox 1982 5389 3537 5464">
     <span class='ocr_line' id='line_1_105' title="bbox 1982 5389 3537 5464; baseline -0.016 -10"><span class='ocrx_word' id='word_1_813' title='bbox 1982 5399 2133 5454; x_wconf 89' lang='lat' dir='ltr'><strong>mine</strong></span> <span class='ocrx_word' id='word_1_814' title='bbox 2153 5389 2391 5464; x_wconf 19' lang='lat' dir='ltr'><strong>‘Mariam</strong></span> <span class='ocrx_word' id='word_1_815' title='bbox 2417 5393 2487 5447; x_wconf 86' lang='lat' dir='ltr'><strong>ab</strong></span> <span class='ocrx_word' id='word_1_816' title='bbox 2509 5389 2813 5464; x_wconf 72' lang='lat' dir='ltr'><strong>Amnia,ct</strong></span> <span class='ocrx_word' id='word_1_817' title='bbox 2834 5460 2843 5464; x_wconf 93' lang='lat'><strong>_</strong></span> <span class='ocrx_word' id='word_1_818' title='bbox 2865 5389 3394 5464; x_wconf 69' lang='lat' dir='ltr'><strong>consummaverunt</strong></span> <span class='ocrx_word' id='word_1_819' title='bbox 3426 5396 3537 5464; x_wconf 48' lang='grc' dir='ltr'><strong>Ἃρ</strong></span> 
     </span>
    </p>
   </div>
   <div class='ocr_carea' id='block_1_104' title="bbox 1985 5450 3559 5533">
    <p class='ocr_par' dir='ltr' id='par_1_104' title="bbox 1985 5450 3559 5533">
     <span class='ocr_line' id='line_1_106' title="bbox 1985 5450 3559 5533; baseline -0.013 -10"><span class='ocrx_word' id='word_1_820' title='bbox 2110 5450 2299 5521; x_wconf 78' lang='lat' dir='ltr'><strong>mense</strong></span> <span class='ocrx_word' id='word_1_821' title='bbox 2324 5450 2957 5533; x_wconf 72' lang='lat' dir='ltr'><strong>Novembri,indictione</strong></span> <span class='ocrx_word' id='word_1_822' title='bbox 2986 5459 3069 5515; x_wconf 70' lang='lat' dir='ltr'><strong>I2.</strong></span> <span class='ocrx_word' id='word_1_823' title='bbox 3094 5454 3144 5533; x_wconf 75' lang='lat' dir='ltr'><strong>id</strong></span> <span class='ocrx_word' id='word_1_824' title='bbox 3168 5462 3254 5533; x_wconf 73' lang='lat' dir='ltr'><strong>est</strong></span> <span class='ocrx_word' id='word_1_825' title='bbox 3273 5450 3559 5533; x_wconf 43' lang='lat' dir='ltr'><strong>anno7l88.</strong></span> 
     </span>
    </p>
   </div>
   <div class='ocr_carea' id='block_1_105' title="bbox 1984 5518 3559 5603">
    <p class='ocr_par' dir='ltr' id='par_1_105' title="bbox 1984 5518 3559 5603">
     <span class='ocr_line' id='line_1_107' title="bbox 1984 5518 3559 5603; baseline -0.012 -12"><span class='ocrx_word' id='word_1_826' title='bbox 1984 5518 2602 5603; x_wconf 28' lang='lat' dir='ltr'><strong>Ilavfere&#39;l‘licopltanes.</strong></span> <span class='ocrx_word' id='word_1_827' title='bbox 2628 5518 2777 5584; x_wconf 82' lang='lat' dir='ltr'><strong>lianc</strong></span> <span class='ocrx_word' id='word_1_828' title='bbox 2812 5528 2975 5595; x_wconf 71' lang='lat' dir='ltr'><strong>ctupit</strong></span> <span class='ocrx_word' id='word_1_829' title='bbox 3005 5523 3265 5595; x_wconf 82' lang='lat' dir='ltr'><strong>paulatim</strong></span> <span class='ocrx_word' id='word_1_830' title='bbox 3301 5519 3427 5575; x_wconf 75' lang='lat' dir='ltr'><strong>uilio</strong></span> <span class='ocrx_word' id='word_1_831' title='bbox 3460 5518 3559 5573; x_wconf 78' lang='lat' dir='ltr'><strong>ha~-</strong></span> 
     </span>
    </p>
   </div>
   <div class='ocr_carea' id='block_1_106' title="bbox 1984 5601 2710 5672">
    <p class='ocr_par' dir='ltr' id='par_1_106' title="bbox 1984 5601 2710 5672">
     <span class='ocr_line' id='line_1_108' title="bbox 1984 5601 2710 5672; baseline -0.011 -9"><span class='ocrx_word' id='word_1_832' title='bbox 1984 5610 2111 5663; x_wconf 87' lang='lat' dir='ltr'><strong>bere</strong></span> <span class='ocrx_word' id='word_1_833' title='bbox 2141 5622 2204 5659; x_wconf 83' lang='lat' dir='ltr'><strong>ac</strong></span> <span class='ocrx_word' id='word_1_834' title='bbox 2238 5601 2710 5672; x_wconf 40' lang='lat' dir='ltr'><strong>velle—repudiare.</strong></span> 
     </span>
    </p>
   </div>
   <div class='ocr_carea' id='block_1_107' title="bbox 2056 5668 2960 5745">
    <p class='ocr_par' dir='ltr' id='par_1_107' title="bbox 2056 5668 2960 5745">
     <span class='ocr_line' id='line_1_109' title="bbox 2056 5668 2960 5745; baseline -0.01 -17"><span class='ocrx_word' id='word_1_835' title='bbox 2056 5676 2168 5745; x_wconf 68' lang='lat'><strong>(53)</strong></span> <span class='ocrx_word' id='word_1_836' title='bbox 2195 5668 2507 5729; x_wconf 69' lang='lat' dir='ltr'><strong>&#39;I&#39;Itcodotcn</strong></span> <span class='ocrx_word' id='word_1_837' title='bbox 2544 5668 2960 5729; x_wconf 74' lang='lat' dir='ltr'><strong>cubicularium.</strong></span> 
     </span>
    </p>
   </div>
  </div>
