3936 6212
364 282 499 347 ιιοτ

1451 284 1517 347 8.
1552 283 1864 345 TARASII
1908 279 2418 342 PATRIARCH/E
2474 280 2585 340 (ΖΡ.

3515 274 3660 341 1868

364 404 486 467 bus,
522 413 651 456 ecce
688 399 909 470 quidam
939 412 1005 455 ex
1038 396 1129 466 iis,
1158 396 1252 469 qui
1276 397 1541 470 gerebant
1568 397 1940 468 magistratus,
1972 400 2015 454 A
2047 394 2323 448 lutabatur
2360 394 2411 448 in
2439 391 2823 448 fornicatione.
2876 391 3148 462 lmpulsus
3172 391 3324 448 enim
3361 392 3437 449 ab
3467 393 3655 465 impu-

363 492 432 546 ab
455 489 783 559 imperatore
821 488 1144 553 instructus,
1189 487 1516 542 renuntians
1553 486 1697 556 quod
1739 485 1943 539 factum

364 596 430 639 ac
465 589 838 651 comparatum
879 579 1115 634 inaniter
1147 579 1434 634 dicebatur
1465 577 1818 639 veneficium,
1855 592 1947 631 ac-

364 672 533 727 cessit
575 672 643 725 ad
666 666 1004 741 'gnomonem
1055 669 1365 724 castitatis:
1425 683 1659 738 cumque
1702 667 1754 722 id
1782 682 1945 736 quam

365 761 634 833 potuisset
663 761 1072 816 accuratissime
1098 769 1155 815 et
1178 761 1534 815 subtilissime
1553 758 1944 822 contexuisset,

366 852 550 908 omnia
575 868 697 908 esse
727 853 1033 918 verissima,
1065 861 1122 907 et
1150 867 1272 922 qum
1300 852 1505 906 nullam
1535 852 1827 905 admittant
1854 864 1950 904 ca-

368 943 655 1009 lnmniam,
687 943 987 998 affirmabat
1021 959 1036 998 :
1065 950 1121 999 et
1152 952 1216 998 ut
1243 943 1600 1004 consentiret.
1626 950 1687 996 ut
1713 942 1947 1011 impera-

369 1046 455 1088 tor
492 1043 679 1104 posset
707 1036 898 1090 venire
934 1035 1002 1090 ad
1048 1035 1348 1090 secundum
1378 1041 1720 1089 contractum
1760 1030 1950 1086 matri-

369 1124 560 1187 monii,
602 1124 857 1180 instabat.
897 1126 1020 1180 llaec
1056 1141 1181 1181 cum
1215 1126 1461 1187 dixisset,
1497 1125 1848 1195 exspectabat
1888 1133 1951 1180 ut

368 1217 435 1270 de
462 1215 530 1270 iis
556 1231 878 1285 responsum
909 1216 1202 1286 acciperet.
1231 1216 1355 1282 Cui,
1388 1231 1513 1271 cum
1541 1231 1607 1270 ex
1630 1216 1739 1269 imo
1764 1216 1949 1284 suspi-

369 1313 546 1360 rasset
572 1315 629 1360 et
652 1305 1075 1376 lacrymabiliter
1097 1305 1437 1369 subrisisset,
1476 1314 1699 1360 sanctus
1720 1320 1951 1375 respon-

367 1396 448 1450 dit
483 1413 497 1449 :
530 1395 588 1451 Si
635 1396 774 1458 haec,
809 1404 870 1450 ut
901 1405 956 1450 tu
1003 1395 1212 1462 dixisti,
1254 1397 1512 1465 cogitavit
1546 1396 1860 1465 imperator,
1896 1403 1951 1450 et

367 1498 591 1538 carnem
618 1484 803 1538 divina
834 1484 951 1553 lege
980 1484 1426 1555 conglutinatam,
1454 1493 1509 1539 et
1538 1500 1660 1554 quae
1688 1500 1796 1539 una
1824 1499 1951 1539 cum

368 1572 491 1642 ipso
524 1571 660 1628 facta
700 1585 804 1638 est,
841 1574 1030 1629 statuit
1058 1574 1399 1639 exscindere,
1432 1575 1637 1639 nescio,
1684 1574 1950 1643 quemad-

371 1664 593 1718 modum
617 1664 758 1718 feret
782 1664 1189 1735 gravissimum,
1219 1665 1363 1733 quod
1392 1668 1445 1718 in
1477 1680 1605 1720 eum
1637 1680 1667 1719 a
1693 1665 1949 1736 gentibus

371 1753 714 1808 inferendum
745 1726 854 1820 est,
883 1755 1175 1823 probrum,
1207 1726 1301 1808 aut
1328 1726 1787 1823 quemadmodum
1827 1756 1949 1825 ejus
1982 1726 2025 1786 Β

371 1853 613 1913 potestas
642 1860 859 1914 gregem
891 1854 1046 1915 coget
1074 1845 1141 1900 ad
1172 1845 1606 1914 temperantiam,
1635 1854 1688 1900 et
1719 1844 1952 1900 fornica-

371 1936 578 1991 tionem
606 1936 794 2004 puniet
832 1946 888 1991 et
905 1936 1254 2000 adulterium,
1290 1951 1414 1990 cum
1451 1936 1566 2005 ipse
1591 1936 1662 1990 sit
1687 1945 1794 1990 tam
1833 1945 1949 1991 tur-

372 2025 522 2095 pium
573 2026 856 2081 convictus
903 2025 1253 2096 flagitiorum.
1308 2025 1442 2080 Nam
1485 2026 1698 2081 etiamsi
1731 2026 1952 2081 dederi-

373 2132 494 2171 mus
527 2115 631 2171 fide
660 2117 821 2186 digna
850 2131 990 2177 esse,
1019 2131 1141 2185 quae
1172 2132 1203 2170 a
1239 2125 1290 2171 te
1317 2116 1686 2182 adducuntur,
1722 2127 1778 2171 et
1802 2125 1952 2171 esset

373 2205 617 2261 mulieris
642 2206 870 2261 evidens
895 2205 1242 2271 maleficium,
1288 2205 1369 2262 sic
1400 2206 1562 2262 etiam
1592 2217 1873 2277 oporteret
1898 2208 1949 2262 id

370 2311 566 2351 cavere
602 2306 823 2366 propter
872 2296 1235 2351 reverentiam
1262 2296 1411 2352 vocis
1453 2296 1691 2362 Domini,
1718 2313 1841 2367 qua:
1863 2297 1950 2352 di-

371 2383 490 2439 cit:
523 2384 624 2449 Qui
663 2384 886 2439 dimittit
917 2400 1142 2440 uxorem
1182 2400 1362 2448 suam.
1413 2396 1774 2457 praeterquam
1816 2404 1949 2458 pro-

372 2483 494 2544 pter
508 2473 942 2539 fornicationem,
967 2476 1269 2531 mtechatur
1292 2476 1510 2546 (Matth.
1531 2495 1585 2542 v,
1609 2479 1721 2549 32).
1744 2479 1951 2545 Quem-

372 2582 498 2620 nam
533 2576 717 2622 autem
761 2567 989 2636 imperio
1037 2568 1478 2624 excellentiorem
1529 2570 1632 2625 sibi
1687 2571 1949 2627 societate

372 2656 701 2710 matrimonii
743 2657 911 2713 voluit
936 2657 1291 2729 conjungere,
1320 2674 1442 2728 qua
1480 2660 1550 2715 ad
1575 2666 1786 2715 tantum
1819 2676 1950 2731 pro~

370 2748 541 2804 cessit
574 2746 876 2819 flagitium?
907 2750 1017 2805 Sed
1056 2750 1159 2804 hoc
1191 2748 1316 2805 ideo
1352 2752 1687 2821 praetexitur,
1740 2759 1805 2807 ut
1845 2753 1951 2807 ho-

373 2836 646 2892 norabiles
678 2837 887 2908 nuptiae
943 2846 1000 2894 et
1048 2845 1200 2895 torus
1236 2839 1618 2896 immaculatus
1669 2841 1945 2898 violetur:

372 2927 753 2985 introducatur
782 2944 912 2985 vero
938 2929 1178 2986 dedecus
1214 2930 1609 2999 fornicationis,
1644 2941 1700 2989 et
1730 2949 1947 3005 germa-

2047 484 2252 549 dentia,
2286 485 2373 541 his
2400 484 2583 539 verbis
2614 499 2745 539 usus
2764 491 2849 537 est
2868 483 2933 537 ad
2964 483 3282 553 pontificem
3310 499 3327 538 :

2117 577 2208 633 32.
2235 576 2347 648 Ego
2371 576 2591 646 quidem
2639 575 2719 639 id,
2752 574 2899 645 quod
2924 573 3039 644 jam
3067 574 3282 644 pridem
3330 574 3471 629 mihi
3502 575 3679 630 aeci-'

2051 669 2153 733 dit,
2194 668 2262 723 ad
2284 677 2521 723 vestram
2575 666 2740 722 retuli
2794 666 3163 723 sanctitatem.
3195 664 3346 721 Nihil
3390 666 3545 723 enim
3599 678 3655 721 te

2047 764 2193 820 volui
2227 763 2426 827 celare,
2460 761 2808 817 affectionem
2848 776 2913 817 ac
2968 760 3412 817 benevolentiam
3477 761 3661 830 patris

2050 854 2107 910 in
2157 864 2212 910 te
2247 853 2514 908 indicans.
2544 854 2717 908 Porro
2750 861 2934 907 autem
2970 866 3116 906 nunc
3146 866 3366 922 quoque
3396 866 3504 921 per
3525 866 3653 905 eam

2054 946 2302 1016 linguam
2340 943 2774 1015 imperatoriam,
2819 944 2984 999 statui
3014 942 3212 998 clarius
3256 958 3423 1014 agere
3469 932 3683 998 meaml

2050 1052 2290 1093 causam.
2332 1035 2449 1090 Meo
2487 1034 2634 1089 enim
2687 1032 2917 1104 imperio
2960 1031 3332 1096 insidiantem,
3375 1047 3503 1101 quae
3542 1046 3659 1085 non

2050 1141 2120 1181 ex
2179 1127 2292 1181 Deo
2337 1125 2471 1181 mihi
2518 1125 2677 1180 unita
2736 1124 2933 1189 fuerat,
2986 1123 3335 1193 adjutricem.
3379 1138 3511 1178 cum
3565 1122 3651 1179 lex

2051 1225 2238 1286 aperte
2282 1216 2495 1286 jubeat;
2527 1215 2661 1286 quin
2705 1215 2773 1270 ab
2800 1230 2865 1270 ea
2906 1215 3112 1284 possim
3140 1214 3441 1281 divertere,
3482 1229 3656 1269 nemo

2050 1307 2409 1363 contradicet.
2466 1304 2602 1359 Nam
2641 1320 2765 1360 cum
2792 1305 2903 1359 sint
2927 1302 3211 1359 manifesta
3256 1304 3511 1370 crimina,
3554 1312 3657 1357 aut

2050 1413 2198 1454 mors
2250 1413 2371 1452 eam
2427 1397 2682 1466 excipiet,
2723 1405 2838 1461 aut,
2884 1396 3030 1465 quod
3058 1405 3143 1451 est
3188 1396 3504 1467 benignius,
3549 1411 3661 1466 per

2052 1497 2218 1544 totam
2250 1489 2416 1543 vitam
2445 1498 2567 1558 aget
2596 1487 2996 1558 paenitentiam.
3025 1486 3143 1541 Non
3172 1486 3320 1541 enim
3347 1486 3419 1541 ad
3450 1501 3652 1555 quem-

2052 1582 2197 1651 piam
2220 1595 2287 1635 ex
2320 1578 2480 1650 vulgo
2507 1587 2626 1633 erat
2691 1578 3070 1643 transiturum,
3102 1577 3247 1647 quod
3281 1577 3351 1630 ab
3378 1592 3446 1631 ea
3475 1577 3649 1630 ador-

2052 1681 2241 1727 natum
2281 1679 2419 1734 erat,
2460 1670 2684 1725 scelus:
2728 1668 2823 1723 sed
2862 1668 2931 1723 ad
2961 1682 3280 1738 germanum
3323 1667 3651 1737 conjugem.

2053 1772 2110 1818 et
2166 1762 2540 1817 fidelissimum
2596 1761 3011 1825 imperatorem,
3043 1766 3099 1812 et
3126 1758 3382 1828 gentibus
3415 1757 3644 1811 terribi-

2052 1849 2179 1913 lem,
2226 1857 2283 1903 et
2333 1848 2400 1903 ad
2453 1848 2767 1903 universum
2821 1847 3010 1901 orbem
3067 1856 3226 1901 terrae
3277 1862 3648 1916 pervasurum

2051 1946 2169 1994 erat
2212 1937 2557 1993 maleficium.
2597 1935 2717 2003 Quo
2759 1936 2889 2006 quid
2926 1949 3050 1990 esse
3084 1936 3333 2005 potuerit
3360 1935 3647 2005 periculo-

2051 2031 2166 2085 sius
2218 2038 2273 2085 et
2331 2029 2503 2099 magis
2556 2027 3039 2083 horribile2adeo
3090 2035 3149 2081 ut
3203 2026 3322 2096 ipsa
3374 2026 3648 2096 deinceps

2050 2122 2221 2193 possit
2248 2121 2315 2175 ad
2351 2121 2555 2175 nullam
2594 2119 2892 2190 confugere
2924 2117 3325 2173 defensionem.
3368 2116 3468 2171 Est
3494 2119 3647 2172 enim

2049 2213 2258 2283 privata
2292 2212 2440 2267 omni
2485 2211 2753 2270 oratione,
2799 2219 2855 2265 et
2883 2226 3006 2280 qua:
3033 2209 3204 2280 ipsam
3239 2209 3647 2264 commendare

2052 2305 2299 2373 possint,
2352 2303 2807 2373 probationibus,
2865 2310 2927 2356 ut
2984 2318 3105 2371 qua:
3164 2311 3647 2372 argumentorum.

2049 2413 2170 2467 quae
2195 2396 2385 2452 evitari
2415 2411 2523 2449 non
2555 2404 2803 2465 possunt,
2848 2394 3049 2448 habeat
3092 2402 3283 2447 contra
3332 2410 3394 2448 se
3441 2394 3645 2448 verita-

2050 2496 2160 2542 tem
2225 2486 2294 2542 ad
2354 2486 2651 2556 perfectam
2714 2486 3247 2542 condemnationem.
3307 2484 3383 2539 De
3439 2492 3649 2540 caetero

2049 2588 2232 2633 autem
2276 2586 2435 2632 vocat
2482 2586 2715 2647 tempus,
2759 2585 2821 2631 ttt
2850 2576 2968 2646 ipsa
3004 2575 3234 2630 letifera:
3276 2573 3527 2644 potionis
3551 2588 3638 2628 ve-

2050 2682 2193 2722 nena
2221 2667 2501 2736 aperiam:
2544 2675 2605 2721 ut
2636 2682 2761 2721 cum
2791 2674 2973 2721 vestra
3003 2674 3197 2720 sancta
3225 2664 3430 2719 viderit
3457 2673 3630 2735 pater-

2048 2760 2194 2815 nitas
2223 2760 2448 2816 sceleris
2494 2760 2943 2833 magnitudinem,
2991 2760 3045 2815 id
3091 2768 3304 2814 eertum
3350 2759 3629 2814 hahenset

2048 2850 2411 2921 exploratum,
2475 2867 2585 2907 non
2638 2852 2873 2922 amplius
2924 2851 3174 2916 dubitet,
3233 2866 3410 2919 neque
3467 2851 3638 2906 ullam

2046 2948 2327 3012 exspectet
2385 2958 2592 2997 moram
2673 2952 2768 2998 aut
2823 2943 3086 3013 temporis
3142 2942 3484 3005 dilationem,
3542 2942 3643 2997 sed

372 3035 505 3074 “um
535 3019 844 3113 Semen?”
864 3020 1253 3113 θξίυηθτίξιυφι
1284 3029 1339 3075 ει
1361 3021 1563 3078 alia!“
1589 3023 1663 3086 id,
1694 3023 1839 3092 (1³οά
1864 3032 1949 3078 θδι
1976 3055 2018 3113 ο
2048 3033 2447 3104 quamprimum
2487 3049 2606 3090 eam
2637 3034 2780 3106 jugis
2807 3033 3062 3105 subjiciat
3091 3033 3401 3096 canonicis,
3430 3042 3489 3088 et
3514 3049 3644 3104 per-

374 3120 686 3181 cognatum,
737 3110 1049 3167 introducto
1087 3110 1288 3168 furtivo
1339 3120 1396 3167 et
1436 3112 1580 3183 turpi
1632 3114 1949 3167 concubitu.

375 3199 527 3257 llanc
553 3217 683 3276 ergo
719 3221 749 3262 a
784 3209 941 3266 nobis
965 3219 1023 3265 et
1075 3209 1161 3277 iis,
1204 3210 1296 3281 qui
1331 3220 1462 3267 sunt
1506 3213 1677 3267 nostri
1724 3213 1953 3277 similes,

374 3292 561 3363 accipe
583 3298 1017 3365 responsionem,
1038 3313 1094 3357 et
1112 3303 1262 3371 aperi
1292 3302 1378 3367 iis,
1402 3304 1496 3373 qui
1522 3305 1811 3359 miserunt.
1836 3304 1955 3359 Non

375 3381 526 3436 enim
550 3384 808 3442 cedemus
839 3387 926 3452 iis,
985 3405 1110 3459 qua:
1138 3405 1170 3444 a
1197 3399 1252 3446 te
1275 3391 1567 3461 iactantur.
1601 3394 1827 3450 Mortem
1858 3411 1958 3466 po-

378 3472 488 3527 tius
519 3480 578 3529 et
602 3477 783 3545 gravia
831 3479 1138 3537 subibimtts
1163 3483 1448 3553 supplicia,
1496 3500 1660 3555 quam
1709 3486 1763 3541 in
1791 3488 1956 3544 rebus

376 3562 645 3631 ejusmodi
690 3567 742 3622 ei
783 3568 896 3625 ullo
925 3570 1089 3626 modo
1127 3572 1360 3629 velimus
1413 3574 1698 3634 inservire.
1761 3579 1958 3634 Audiat

379 3653 674 3725 imperator
700 3674 802 3717 nos
848 3660 979 3718 huic
1021 3663 1366 3734 improbabili
1408 3668 1639 3723 consilio
1672 3684 1785 3724 non
1834 3685 1957 3726 esse

379 3757 444 3812 pa
453 3743 674 3803 rituros.

449 3838 538 3894 3|.
572 3838 667 3894 His
698 3843 880 3899 verbis
914 3846 1232 3905 cmlestihus
1253 3851 1522 3907 attonitus
1551 3850 1621 3914 is,
1650 3852 1743 3922 qui
1779 3852 1955 3924 impe-

379 3929 600 3985 ratoriis
630 3933 905 3990 serviebat
930 3940 1233 4015 responsis,
1262 3942 1415 3997 vultu
1444 3950 1632 4013 tegens
1657 3943 1951 4009 tristitiam,

377 4023 530 4076 venit
558 4038 719 4091 quam
750 4024 1010 4082 citissime
1041 4029 1110 4084 ad
1142 4045 1289 4094 eum.
1332 4034 1425 4103 qui
1456 4034 1698 4097 miserat,
1740 4050 1952 4103 eorum,

377 4129 500 4184 qua:
536 4116 626 4172 ille
659 4120 936 4189 sperabat,
976 4123 1113 4177 nihil
1158 4125 1306 4194 quod
1349 4127 1400 4181 ei
1445 4136 1593 4183 esset
1633 4129 1804 4193 cordi,
1835 4144 1957 4184 om-

380 4205 513 4261 nino
544 4206 800 4264 efferens.
849 4208 1142 4279 Postquam
1187 4222 1368 4268 autem
1403 4217 1732 4271 sacrosancti
1774 4228 1956 4287 pasto-
2034 4262 2043 4267 -

381 4296 458 4352 ris
489 4299 848 4355 constantiam
878 4301 1017 4356 vidit
1037 4302 1334 4374 imperator
1359 4320 1567 4375 quercu
1601 4321 1721 4362 esse
1745 4308 1954 4363 firmio-

380 4403 517 4451 rem,
541 4404 662 4459 qua:
689 4390 760 4446 ab
815 4391 1024 4462 impetu
1054 4390 1342 4452 ventorum
1380 4414 1491 4453 non
1534 4401 1862 4467 concutitur,
1901 4400 1956 4455 in

380 4479 742 4538 admiratione
770 4482 982 4549 habuit,
1010 4487 1157 4555 quod
1186 4487 1391 4544 factum
1419 4491 1614 4557 fuerat,
1639 4491 1860 4557 timens,
1888 4507 1958 4547 ne

382 4570 566 4643 inclyti
606 4570 782 4631 Patris
810 4591 967 4632 mens
996 4576 1308 4637 inﬂexibilis
1335 4581 1486 4636 nullo
1528 4583 1757 4652 strepitu
1787 4591 1960 4639 terre-

383 4670 554 4718 retur.
591 4663 802 4723 Rursus
828 4682 959 4740 ergo
988 4670 1233 4737 mittens,
1266 4672 1427 4742 jubet
1467 4673 1659 4729 adesse
1687 4686 1958 4738 sanctum,

379 4753 636 4820 credens,
670 4759 713 4812 si
746 4775 930 4818 coram
973 4762 1258 4832 adfuisset,
1283 4764 1398 4822 fore
1429 4774 1490 4821 ut
1519 4781 1579 4822 se
1617 4768 1964 4823 submitteret

386 4848 673 4915 potestatis
701 4854 1031 4931 austeritati.
1059 4855 1199 4912 Cum
1239 4871 1369 4929 ergo
1396 4858 1640 4914 venisset
1672 4858 1727 4912 in
1761 4858 1961 4929 regiam

385 4945 445 4991 et
474 4936 542 4991 ad
565 4937 741 5006 ipsum
767 4940 1171 5011 imperatorem,
1214 4956 1269 5001 et
1297 4963 1420 5003 cum
1452 4963 1518 5002 eo
1558 4948 1626 5003 de
1657 4964 1807 5003 more
1832 4964 1965 5004 con-

386 5026 642 5089 sedisset,
684 5027 893 5084 habens
925 5045 1111 5088 secum
1141 5049 1329 5089 senem
1355 5036 1504 5089 illum
1533 5036 1645 5106 (56)
1673 5034 1961 5097 Joannem.

389 5132 576 5185 quem,
608 5133 733 5174 cum
770 5119 827 5175 in
857 5123 1101 5193 synodali
1135 5136 1446 5181 versaretur
1483 5127 1836 5197 expositione,
1865 5129 1966 5185 ad-

390 5208 607 5263 monuit
640 5211 812 5267 oratio
861 5211 1033 5269 fuisse
1076 5214 1313 5286 legatum
1345 5215 1595 5272 dimcesis
1647 5215 1964 5285 orientalis;

391 5301 686 5372 multisque
709 5304 1039 5361 salutaribus
1062 5306 1523 5365 admonitionibus
1544 5309 1688 5380 apud
1728 5308 1966 5380 impera-

392 5396 570 5447 torem
600 5404 748 5451 esset
772 5412 903 5453 usus
931 5397 1187 5469 princeps
1206 5408 1501 5469 pastorum,
1526 5409 1582 5455 et
1608 5415 1719 5455 non
1742 5416 1968 5470 persua-

394 5478 595 5538 sisset:
620 5492 737 5540 erat
762 5487 929 5553 enim,
954 5496 1015 5542 ut
1038 5497 1121 5543 est
1146 5487 1199 5543 in
1232 5488 1535 5559 proverbio,
1570 5490 1792 5561 hydram
1820 5492 1968 5548 scin-

394 5567 544 5637 dere,
580 5589 704 5630 eum
736 5592 765 5631 a
799 5579 951 5649 lapsu
979 5579 1229 5648 liberare,
1269 5581 1360 5653 qni
1385 5581 1497 5653 jam
1525 5581 1638 5638 suis
1672 5582 1842 5639 instar
1872 5600 1967 5641 ιὀο

471 5680 587 5755 (56)
618 5685 781 5745 Num.
818 5691 878 5746 l9
906 5690 1106 5747 dicitur
1146 5694 1435 5765 synccllus.

2056 3123 2282 3178 suadeat
2313 3124 2363 3179 ei
2393 3124 2559 3179 vitam
2580 3124 2781 3196 eligere
2802 3124 3046 3194 quietam
3072 3139 3136 3178 ac
3169 3123 3564 3187 monasticam,
3599 3122 3645 3177 si

2056 3214 2188 3271 velit
2215 3231 2334 3271 eam
2365 3231 2588 3271 manere
2617 3217 2759 3272 inter
2801 3217 2975 3271 vivos.
3004 3215 3141 3271 Nam
3167 3231 3293 3271 cum
3343 3213 3451 3270 hoc
3481 3215 3648 3269 male-

2055 3308 2235 3364 ficium
2268 3309 2337 3363 sit
2363 3308 2495 3362 mihi
2546 3309 2779 3378 positum
2812 3316 2939 3363 ante
2971 3308 3177 3370 oculos,
3212 3306 3335 3361 fieri
3384 3322 3503 3362 non
3546 3321 3647 3377 po-

2055 3410 2183 3465 test,
2221 3411 2280 3457 ut
2306 3416 2429 3456 cum
2461 3416 2525 3456 ea
2554 3402 2789 3472 amplius
2836 3417 3051 3457 servem
3085 3402 3210 3472 jura
3247 3402 3517 3472 coniugii,
3550 3416 3646 3455 aut

2054 3489 2229 3545 amice
2256 3489 2486 3558 amplius
2520 3505 2644 3544 cum
2672 3504 2735 3544 ea
2780 3491 3083 3561 conjungar
3126 3499 3182 3544 et
3211 3488 3395 3544 fmdus
3440 3489 3647 3544 ineam.

2054 3581 2351 3637 Nocentem
2381 3583 2547 3648 enim,
2575 3591 2635 3637 ut
2670 3581 2799 3637 dicit
2835 3581 3208 3651 proverbium,
3252 3579 3399 3635 Deus
3423 3595 3649 3651 quoque

2054 3673 2418 3743 persequitur.
2457 3671 2641 3727 lnnuit
2667 3687 2818 3744 ergo,
2853 3680 2910 3727 et
2957 3671 3121 3725 allata
3154 3679 3282 3725 sunt
3312 3687 3442 3725 vasa
3471 3671 3646 3725 vitrea

2054 3777 2178 3819 cum
2225 3764 2438 3834 liquore
2481 3763 2698 3820 turbido
2745 3765 2961 3819 curiose
3005 3763 3312 3834 composito
3349 3764 3417 3817 ad
3450 3763 3647 3817 falsam

2055 3854 2459 3910 accusationem
2489 3870 2640 3925 :qua:
2656 3864 2784 3910 ante
2814 3853 3008 3910 faciem
3028 3855 3148 3921 ejus
3173 3854 3237 3909 et
3255 3855 3441 3924 magni
3469 3855 3647 3909 Patris

2055 3956 2387 4010 statuerunt,
2417 3947 2510 4017 qui
2558 3946 2882 4012 all'erebant,
2925 3947 3124 4016 quibus
3177 3947 3418 4011 dicebat,
3450 3948 3650 4015 conju-

2055 4051 2176 4108 gem
2206 4036 2291 4092 vel
2346 4046 2579 4093 mortem
2624 4040 2677 4094 ei
2723 4052 2847 4093 esse
2895 4038 3284 4103 machinatam,
3329 4038 3417 4092 vel
3444 4038 3647 4092 mentis

2054 4127 2412 4183 emotionem.

2124 4216 2212 4271 33.
2257 4215 2465 4272 Videns
2486 4232 2616 4289 ergo
2648 4232 2882 4289 magnus
2907 4216 3166 4273 Tarasius
3195 4218 3285 4283 iis,
3311 4219 3408 4288 qui
3435 4233 3648 4287 nequa-

2053 4322 2216 4377 quam
2249 4307 2670 4372 conveniebant,
2711 4308 2943 4363 nexibus
2978 4315 3197 4378 captum
3230 4309 3643 4377 imperatorem.

1989 4398 2033 4454 D
2061 4405 2118 4451 et
2150 4396 2266 4452 falsi
2297 4397 2620 4467 labyrinthis
2653 4398 2981 4464 involutum,
3019 4409 3077 4454 ut
3105 4397 3341 4452 evadere
3385 4414 3500 4451 non
3525 4414 3649 4468 pos-

2061 4488 2153 4552 sit,
2202 4486 2309 4542 lahi
2351 4487 2406 4541 in
2459 4489 2667 4558 peccati
2702 4489 3031 4558 periculum,
3075 4489 3434 4543 sacerrimum
3477 4490 3647 4543 telum

2061 4578 2237 4650 infigit
2268 4578 2324 4633 in
2350 4579 2468 4649 ejus
2496 4581 2682 4645 corde,
2726 4580 2807 4636 sic
2830 4580 3020 4635 dicens
3046 4597 3061 4636 :
3091 4578 3173 4635 Ne
3207 4596 3455 4641 moveas,
3482 4595 3520 4634 ο
3545 4581 3649 4632 ἰηι-

2061 4681 2298 4741 perator,
2359 4688 2508 4727 arma
2556 4673 2720 4727 surda
2768 4673 3031 4728 adversus
3084 4672 3178 4727 Dei
3234 4672 3406 4742 leges,
3468 4688 3651 4740 neque

2061 4770 2288 4833 prepter
2310 4762 2505 4818 harum
2558 4763 3067 4835 transgressionem,
3108 4761 3421 4818 clanculum
3455 4771 3647 4815 contra

2063 4854 2284 4909 milites.
2312 4854 2410 4909 Est
2437 4855 2582 4909 enim
2624 4853 2988 4924 imperatoriae
3031 4851 3315 4923 potestatis
3351 4852 3645 4915 indicium,

2063 4944 2244 4997 omnia
2267 4959 2391 4999 cum
2416 4944 2584 4998 libera
2604 4942 2781 4998 facere
2806 4942 3162 5006 conscientia,
3187 4951 3241 4996 et
3269 4941 3413 4995 nihil
3442 4951 3650 4997 tectum

2065 5048 2130 5089 ac
2161 5034 2561 5089 dissimulatum
2601 5043 2784 5088 mente
2832 5033 3045 5103 agitare
3073 5032 3337 5087 adversus
3367 5048 3523 5097 eum,
3554 5036 3648 5103 qui

2065 5125 2215 5181 dedit
2243 5140 2525 5192 coronam,
2563 5132 2619 5178 et
2651 5124 2885 5179 maxime
2920 5123 3218 5179 evertenda
3242 5123 3493 5179 divinum
3528 5125 3651 5193 ejus

2068 5217 2385 5273 mandatum
2445 5226 2502 5273 et
2547 5217 2903 5273 voluntatem.
2957 5216 3244 5273 Neminem
3300 5214 3452 5270 enim
3518 5216 3649 5269 latet

2066 5311 2275 5367 nullum
2298 5310 2672 5366 intercessisse
2705 5309 2883 5365 scelus
2907 5308 2975 5364 ad
3006 5323 3089 5375 ea,
3116 5323 3236 5378 qua:
3261 5322 3413 5361 nunc
3438 5308 3647 5363 nefarie

2070 5409 2358 5456 struuntur
2382 5401 2640 5455 adversus
2678 5398 3099 5470 imperatricem,
3142 5406 3198 5452 et
3242 5413 3366 5466 qua:
3400 5413 3524 5452 eam
3553 5414 3645 5453 vo-

2070 5495 2190 5550 lunt
2245 5494 2515 5564 subjicere
2541 5493 2906 5548 maleficorum
2959 5489 3256 5553 veneficiis,
3291 5487 3346 5545 et
3371 5489 3644 5545 aliirmant

2071 5603 2189 5644 eam
2219 5586 2581 5643 machinatam
2616 5601 2737 5644 esse
2764 5593 2995 5642 mortem
3018 5582 3286 5656 majestati
3309 5591 3419 5640 tua:
3438 5584 3644 5640 incum.
