3904 6208
233 234 365 301 1403

1768 231 1971 292 VITA.

3344 221 3487 287 1410

224 341 544 412 parabilem.
570 339 704 407 Quis
736 340 907 406 enim,
939 348 999 395 ut
1034 341 1185 410 prius
1203 339 1335 406 dixi,
1360 340 1598 413 glorians
1624 340 1791 409 specit

1912 333 2122 398 rodem,
2154 333 2244 404 qui
2267 343 2390 405 post
2414 343 2642 391 mortem
2678 334 2862 390 fratris
2888 335 3008 406 ejus
3039 350 3256 406 sponse
3287 337 3480 393 insano

218 434 523 503 juventutis
566 432 867 503 comparari
913 432 1157 505 potuerit
1199 447 1324 487 cum
1375 442 1465 486 tua
1493 432 1803 502 pulchritu-

223 524 372 591 dine,
404 534 463 579 ut
495 541 527 579 a
570 524 760 579 fraude
801 524 1045 579 inescata
1073 522 1169 578 tibi
1212 538 1485 578 venenum
1535 523 1807 594 pmberet

225 616 567 680 muliercula,
609 624 665 670 et
698 630 758 670 se
787 615 855 670 ab
884 630 969 682 ea,
1019 629 1142 685 quae
1179 623 1265 668 est
1310 614 1365 668 in
1394 623 1468 680 te,
1506 615 1807 672 abduceret

227 708 469 762 amicitia
498 714 552 762 et
584 722 841 777 germano
864 706 1100 762 ardore?
1137 704 1399 772 Quisnam
1435 717 1662 778 apparet
1686 723 1804 763 ma-

222 799 328 869 jori
372 800 610 870 glorians
654 798 995 864 excellentia,
1038 813 1200 868 quam
1244 799 1412 853 vestri
1450 799 1662 869 imperii
1691 800 1802 871 (57)

226 889 566 959 quadruplici
603 890 894 959 purpura?
924 888 1095 955 Quem
1134 888 1306 944 oculis
1335 898 1390 944 et
1423 891 1648 945 nutibus
1690 891 1805 961 pel-

228 979 425 1034 lectum
476 995 703 1035 summa:
772 990 972 1035 vestrae
1041 979 1276 1049 praetulit
1327 980 1621 1052 dignitati?
1669 980 1803 1049 Quis

227 1079 419 1123 contra
462 1070 804 1125 adversarios
842 1071 896 1124 in
927 1079 1008 1125 tot
1039 1070 1237 1140 prteliis
1283 1085 1342 1125 se
1391 1080 1498 1125 tam
1545 1072 1803 1141 praeclare

225 1160 395 1229 gessit
427 1175 589 1228 supra
608 1167 842 1214 vestram
869 1159 991 1229 plus
1011 1175 1171 1228 quam
1199 1160 1503 1215 Davidicam
1528 1159 1804 1216 fortitudi-

225 1264 374 1314 nem,
410 1260 468 1304 ut
489 1251 556 1305 ab
578 1251 691 1321 ipsa
713 1258 986 1304 amaretur
1013 1250 1136 1320 plus
1155 1264 1314 1319 quam
1338 1260 1430 1305 tua
1456 1251 1803 1320 imperatoria

223 1340 556 1410 dominatio?
586 1341 703 1396 Non
746 1351 851 1407 est,
891 1356 1002 1395 non
1032 1351 1117 1395 est
1146 1341 1239 1396 ita.
1276 1340 1520 1397 Fuerunt
1568 1343 1683 1398 haec
1713 1343 1803 1398 in-

223 1436 384 1482 venta
417 1439 472 1484 et
517 1430 843 1500 excogitata,
897 1439 957 1484 ut
1000 1431 1478 1499 praetenderentur
1525 1433 1594 1488 ad
1640 1449 1804 1489 omne

222 1519 455 1575 vitium:
515 1522 815 1591 proposita,
848 1533 907 1576 ttt
945 1522 1122 1577 labem
1166 1523 1385 1577 inurant
1431 1532 1645 1592 sceptro
1701 1525 1803 1579 im-

224 1611 382 1680 perii,
420 1612 730 1681 parabolam
783 1612 838 1666 in
865 1614 1139 1683 gentibus,
1192 1621 1247 1668 et
1277 1614 1573 1669 motionem
1610 1617 1801 1686 capitis

226 1701 279 1754 in
308 1703 519 1772 populis
550 1718 645 1757 vos
678 1719 883 1773 ponere
915 1704 1156 1775 graviter
1187 1705 1460 1776 urgentia.
1498 1703 1799 1775 Propterea

225 1792 460 1863 legitima
484 1794 605 1863 jura
639 1807 835 1852 vestra:
859 1798 1159 1869 conjugalis
1180 1807 1235 1853 et
1260 1799 1622 1868 imperatoriae
1643 1802 1801 1856 unio-

225 1885 310 1937 nis
340 1900 449 1938 non
471 1887 737 1941 audemus
767 1888 1092 1952 dissolvere,
1123 1889 1216 1944 Dei
1241 1889 1574 1961 legislatoris
1600 1893 1803 1947 timen-

226 1980 308 2027 tes
346 1977 672 2030 sententiam
710 1994 724 2031 :
771 1992 951 2047 neque
991 1978 1213 2045 verbis,
1264 1995 1386 2049 qua:
1439 1990 1691 2047 spectant
1735 1981 1802 2037 ad

222 2066 590 2121 accusandum
631 2076 781 2123 tuam
837 2069 1148 2140 conjugem,
1189 2072 1412 2128 credere
1444 2074 1798 2141 sustinemus,

222 2152 436 2207 etiamsi
492 2154 636 2210 mille
660 2156 925 2212 mortibus
953 2165 1009 2213 et
1041 2160 1328 2215 tormentis
1355 2162 1588 2231 subjecti
1631 2163 1802 2217 fueri-

220 2259 364 2306 tuus,
397 2254 454 2300 ut
480 2248 571 2316 qui
595 2248 833 2302 sciamus
880 2249 1137 2305 diuturna
1168 2250 1596 2308 inflammatione
1625 2254 1797 2309 teneri

222 2340 371 2387 tuatn
414 2336 760 2392 alfectionem
809 2338 864 2393 in
897 2340 1275 2395 mulierculam
1320 2342 1463 2397 illam
1497 2343 1803 2398 fornicatri-

222 2437 365 2476 cvm.
396 2422 537 2490 Quin
567 2427 733 2481 etiam
762 2427 867 2482 hoc
895 2443 1111 2499 quoque
1141 2440 1332 2485 notum
1358 2431 1592 2488 facimus
1614 2447 1797 2488 coram

225 2509 404 2566 Deoin
430 2514 616 2582 primis
640 2515 975 2573 honorandae
1014 2526 1121 2574 tuae
1149 2535 1427 2591 purpurae,
1468 2521 1616 2591 quod
1649 2521 1794 2575 intra

223 2604 492 2658 cancellos
541 2605 837 2663 incruenta:
890 2624 1115 2674 mensa,
1180 2609 1236 2664 in
1300 2627 1406 2681 qua
1467 2612 1795 2667 sacrificium

223 2709 431 2765 magna:
471 2695 661 2752 hostia:
688 2697 887 2753 Christi
924 2701 1304 2756 venerabiliter
1356 2704 1653 2774 peragitur,
1684 2719 1796 2759 non

222 2781 467 2839 sinemus
503 2786 737 2856 amplius
783 2787 1065 2842 nobiscum
1091 2798 1327 2845 vestram
1357 2791 1564 2863 ingredi
1595 2802 1793 2863 poten-

224 2874 371 2938 tiam,
398 2889 467 2929 ne
498 2890 599 2930 nos
628 2892 846 2947 quoque
868 2878 1173 2942 audiamus.
1206 2881 1351 2951 quod
1375 2881 1430 2935 in
1461 2886 1793 2941 exsecratio.

1906 442 2093 482 amore
2141 428 2448 493 tenebatur,
2496 428 2672 498 arguit
2715 428 2943 497 (Matth.
2980 443 3091 494 xlv,
3123 428 3226 498 5);
3262 429 3351 484 hic
3376 446 3480 484 au-

1907 527 2039 584 tem,
2082 533 2207 573 cum
2254 519 2436 575 adhuc
2465 529 2612 575 esset
2635 529 2917 590 superstes
2945 534 3081 575 uxor
3109 519 3476 591 imperatoris,

1905 618 1961 664 et
1990 625 2114 665 eum
2142 624 2206 665 ea
2223 620 2414 666 ornata
2445 619 2595 666 esset
2615 611 2830 681 imperii
2851 612 3179 679 diademate,
3204 622 3260 669 et
3281 614 3479 669 deinde

1904 701 2132 772 expulsa
2154 711 2321 767 esset,
2344 717 2454 757 non
2472 703 2759 759 ferendum
2781 718 2903 760 esse
2922 714 3074 761 ratus
3103 707 3245 778 quod
3274 706 3476 762 factum

1905 790 2106 856 fuerat,
2138 788 2243 846 fuit
2281 793 2675 848 convenienter
2704 792 3156 865 Psalmographo,
3198 795 3263 848 ad
3301 803 3480 849 matu-

1904 881 2079 935 tinum
2125 882 2444 937 acutissima
2480 882 2840 952 reprehensio
2862 923 2879 948 ,
2925 885 3140 939 etiamsi
3180 885 3382 948 cribro,
3416 890 3503 939 nt'

1903 968 2122 1033 dicitur,
2161 972 2422 1036 hauserit,
2474 980 2532 1027 et
2578 971 2797 1027 acinum
2844 972 3070 1037 inlIarit,
3122 988 3246 1028 cum
3291 975 3474 1029 saucia

1902 1067 2047 1112 esset
2074 1069 2130 1114 et
2157 1061 2451 1130 pertineret
2481 1079 2636 1119 mens
2667 1063 3015 1134 imperatoris
3041 1064 3214 1136 (Ρεαι.
3251 1082 3302 1128 c,
3335 1067 3414 1135 8).

1971 1146 2060 1202 35.
2094 1150 2311 1204 Etenim
2337 1166 2459 1206 cum
2490 1155 2675 1208 statim
2700 1171 2843 1218 eam,
2868 1171 2991 1225 quat
3015 1156 3117 1211 sibi
3142 1157 3473 1212 matrimonii

1897 1238 2023 1307 jure
2049 1242 2339 1310 conjuncta
2371 1252 2510 1306 erat,
2540 1259 2570 1297 a
2600 1259 2663 1299 se
2695 1247 3072 1315 amandasset,
3107 1255 3164 1303 et
3195 1249 3265 1303 ab
3300 1249 3474 1319 impe‘-

1904 1331 2108 1387 ratoria
2157 1333 2280 1387 aula
2312 1334 2630 1399 alienasset,
2685 1346 2742 1391 et
2774 1338 2888 1406 (58)
2931 1338 3145 1406 privato
3187 1340 3374 1394 habitu
3416 1351 3475 1396 et

1904 1419 2027 1475 loco
2063 1435 2182 1476 eam
2210 1422 2751 1494 circumscripsisset,
2777 1439 2807 1478 a
2840 1434 3164 1495 tempestate
3195 1438 3249 1483 et
3278 1430 3472 1500 caligi-

1904 1524 2044 1564 noso
2092 1511 2186 1565 illo
2231 1512 2364 1577 salo,
2409 1513 2555 1582 quod
2595 1513 2837 1567 subierat
2873 1514 3077 1579 animo,
3119 1516 3345 1581 destitit,
3376 1532 3475 1586 per

1904 1602 2306 1670 separationem
2346 1617 2376 1656 a
2404 1618 2663 1673 germano
2695 1620 2796 1659 suo
2844 1608 3113 1661 membro.
3162 1609 3298 1662 Cum
3341 1623 3472 1662 vero

1902 1692 2240 1747 volutaretur
2271 1694 2328 1747 in
2356 1709 2517 1749 emno
2547 1695 2844 1751 introducti
2875 1698 3023 1753 illius
3050 1701 3392 1763 concubitus,
3415 1711 3473 1755 et

1903 1784 2140 1837 maxima
2172 1784 2225 1837 vi
2251 1784 2302 1838 ei
2334 1784 2525 1848 allata,
2580 1787 2775 1842 crebro
2806 1789 3119 1857 pontificem
3169 1792 3468 1857 incitasset,

1903 1880 1965 1926 ut
1993 1872 2118 1942 ejus
2145 1874 2340 1930 vertici
2369 1884 2690 1931 contexeret
2718 1892 2976 1934 coronam
3010 1882 3290 1937 tenebrosi
3324 1883 3472 1937 illius

1901 1972 1958 2018 et
1985 1964 2185 2019 occulti
2227 1974 2577 2033 contractus,
2620 1983 2729 2023 non
2769 1969 2872 2025 fuit
2906 1973 3050 2041 quod
3078 1973 3290 2028 volebat
3320 1989 3472 2029 asse-

1901 2063 2079 2110 cutus.
2110 2055 2186 2111 De
2213 2066 2413 2113 caetero
2438 2070 2619 2115 autem
2660 2062 2769 2117 huc
2807 2063 3013 2129 obibat,
3061 2081 3312 2136 quaerens
3355 2068 3471 2137 (59)

1901 2146 2263 2210 sacerdotem,
2295 2149 2387 2217 qui
2428 2163 2692 2206 coronam
2725 2161 3083 2222 contexeret,
3142 2165 3203 2213 ut
3253 2168 3471 2229 turpem

1899 2234 2053 2290 illum
2083 2236 2386 2293 celebraret
2420 2238 2788 2310 hymenaeum.

2480 2392 2709 2450 CAPUT
2752 2395 2888 2452 VIII.

1898 2499 2083 2574 Sancti
2120 2504 2327 2558 Tarasii
2359 2506 2619 2574 patientia
2667 2508 2724 2561 in
2756 2509 2989 2564 adversis
3016 2526 3036 2564 :
3073 2513 3363 2567 aamonitio
3397 2515 3471 2568 ad

1991 2573 2193 2627 clerum
2220 2575 2284 2628 de
2314 2573 2574 2645 frenando
2622 2578 2811 2632 illicito
2841 2596 3088 2634 sensuum
3115 2589 3377 2651 appetitu.

1970 2685 2063 2740 36.
2118 2684 2188 2741 Et
2236 2686 2305 2741 de
2353 2685 2703 2757 imperatoris
2751 2690 2972 2760 quidem
3026 2692 3081 2747 in
3138 2693 3470 2750 inﬁrmando

1897 2791 2175 2852 praecepto
2204 2782 2572 2849 recusatione,
2606 2796 2662 2838 et
2689 2784 2859 2838 divini
2894 2783 3069 2841 Patris
3107 2785 3234 2841 forti
3277 2802 3342 2841 ac
3369 2802 3465 2857 ge-

1895 2886 2094 2927 nerosa
2123 2873 2430 2928 constantia
2461 2873 2747 2929 hactenus.
2773 2874 2961 2945 Neque
2991 2876 3137 2931 enim
3165 2877 3247 2931 fas
3274 2885 3359 2932 est
3376 2892 3466 2933 res
3528 2950 3542 2964 .

223 2963 382 3018 nibus
428 2964 540 3035 jam
612 2967 740 3020 olim
808 2968 1011 3024 dicitur
1053 2972 1120 3027 ad
1166 2974 1516 3029 sacerdotes:
1575 2977 1791 3033 Calcare

1899 2963 2044 3019 illius
2101 2964 2332 3020 ulterius
2376 2966 2639 3021 mandare
2688 2968 3060 3023 monumentis
3117 2969 3420 3024 litterarum
3443 2967 3471 3038 ,³

222 3049 417 3103 atrium
467 3065 649 3106 meum
689 3067 799 3107 non
856 3056 1142 3125 adjicietis.
1193 3058 1319 3113 IIth
1382 3059 1662 3127 Tarasius,
1699 3066 1792 3135 qui

224 3141 380 3211 primi
399 3140 640 3199 Pastoris
667 3144 869 3200 Christi
896 3160 1029 3203 oves
1047 3149 1267 3220 regebat
1292 3151 1637 3221 spiritaliter,
1666 3171 1791 3211 cum

222 3246 401 3288 coram
443 3235 777 3304 imperatore
826 3240 1227 3305 pronuntiasset
1268 3257 1393 3296 cum
1437 3244 1619 3301 cordis
1657 3260 1792 3301 con-

222 3323 460 3389 tritione,
498 3326 799 3380 orationem
831 3328 1098 3383 conclusit
1125 3331 1361 3386 silentio.

292 3412 381 3467 '54.
417 3413 720 3468 Prmdictus
752 3424 934 3469 autem
964 3416 1221 3483 Joannes,
1260 3434 1387 3473 cum
1430 3421 1545 3492 ipse
1575 3439 1793 3495 quoque

221 3501 289 3557 ad
325 3501 708 3572 imperatorem
748 3506 932 3559 multis
961 3517 1108 3562 esset
1144 3524 1272 3563 usus
1303 3511 1789 3582 admonitionibus,

221 3594 485 3649 sustinuit
538 3597 805 3651 maximos
837 3598 1035 3653 lluclus
1092 3600 1400 3671 ignominiae
1446 3605 1515 3658 ab
1561 3604 1648 3670 iis,
1697 3609 1792 3677 qui

223 3693 472 3754 praetura:
517 3687 784 3758 dignitate
830 3691 1204 3761 gloriabantur
1257 3701 1313 3747 et
1362 3694 1573 3751 honore
1618 3700 1792 3767 patri-

220 3778 394 3833 ciatus
429 3797 443 3833 :
479 3778 571 3848 qui
605 3780 767 3834 etiam
804 3781 1149 3836 minabantur
1179 3798 1239 3837 se
1266 3798 1453 3839 ensem
1499 3787 1791 3843 adacturos

219 3883 318 3939 per
346 3869 605 3924 intestina
644 3871 811 3933 senis,
864 3878 924 3925 ut
971 3872 1062 3942 qui
1113 3874 1479 3943 imperatoriae
1528 3878 1787 3946 potestati

219 3961 386 4014 verba
418 3970 712 4031 exspueret
741 3964 1111 4027 contraria,et
1133 3979 1243 4019 non
1279 3966 1388 4020 cito
1419 3968 1790 4037 acquiesceret

217 4054 481 4109 voluntati
515 4054 879 4124 imperatoris.
909 4055 1048 4109 Cum
1072 4064 1258 4111 autem
1288 4056 1500 4112 firmam
1533 4067 1591 4113 et
1616 4059 1787 4114 stabi-

217 4144 324 4198 lem
359 4160 582 4199 manere
629 4146 917 4215 utriusque
962 4147 1310 4213 sententiam,
1361 4148 1661 4217 imperator
1699 4150 1786 4206 his

215 4235 400 4291 verbis
424 4238 689 4292 sensisset
714 4246 767 4292 et
791 4238 973 4303 minis,
1019 4238 1268 4294 fervente
1301 4239 1380 4294 ira
1409 4241 1685 4305 incensus,
1727 4251 1783 4297 et

1895 3070 2019 3126 quae
2050 3054 2137 3121 iis,
2188 3056 2281 3125 qui
2311 3057 2577 3122 audiunt,
2622 3058 2829 3113 nullam
2876 3056 3116 3113 aderunt
3151 3060 3461 3117 utilitatem.

1894 3146 2011 3202 Hoc
2036 3157 2217 3201 autem
2249 3155 2470 3217 oportet
2497 3162 2949 3215 commemorare,
2987 3149 3130 3219 quod
3156 3164 3185 3203 a
3218 3159 3463 3219 tempore

1892 3238 2040 3292 illius
2068 3237 2254 3307 lapsus
2284 3239 2581 3309 imperator
2601 3255 2861 3309 magnum
2885 3241 3157 3310 oppressit
3177 3241 3460 3297 Tarasium

1892 3330 2081 3385 multis
2106 3331 2531 3394 tentationihus,
2562 3331 2612 3386 ei
2636 3330 2905 3387 adhibens
2935 3333 3213 3397 custodes,
3243 3334 3335 3403 qui
3363 3348 3461 3388 no-

1891 3420 2041 3473 mine
2076 3420 2296 3489 quidem
2330 3421 2414 3475 usi
2455 3430 2588 3476 sunt
2617 3420 2729 3491 (60)
2779 3421 3169 3491 syncellorum,
3216 3423 3464 3479 moribus

1893 3523 2023 3564 vero
2049 3512 2208 3582 longe
2237 3513 2467 3567 aberant
2490 3528 2520 3567 a
2555 3514 2780 3582 pietate.
2820 3511 2970 3578 Quos
3000 3514 3103 3568 nisi
3131 3515 3463 3584 assumpsis-

1891 3608 2004 3663 set,
2040 3608 2097 3654 et
2137 3600 2243 3653 nisi
2296 3616 2395 3669 per
2432 3616 2621 3655 eorum
2664 3602 2854 3656 oculos
2885 3602 3211 3663 transiisset.
3247 3619 3356 3657 non
3390 3604 3458 3658 li-

1891 3691 2048 3745 t-ehat
2086 3692 2338 3761 cuiquam
2377 3692 2445 3745 ad
2474 3691 2721 3746 divinum
2750 3701 2806 3745 et
2831 3694 3138 3761 sapientem
3179 3705 3460 3763 pastorum

1889 3780 2190 3850 principem
2221 3782 2502 3845 accedere,
2535 3792 2592 3836 et
2633 3797 2695 3836 ea
2726 3797 2848 3851 quae
2890 3784 3216 3837 videbantur
3251 3785 3458 3854 eloqui.

1889 3871 2087 3939 Taceo,
2118 3882 2378 3945 quantam
2409 3874 2712 3944 imperator
2736 3879 3053 3929 ostenderet
3080 3876 3458 3933 crudelitatem

1889 3963 1943 4015 in
1974 3977 2089 4030 eos,»
2124 3963 2217 4033 qui
2263 3962 2339 4017 illi
2378 3963 2915 4033 appmpinquabant,
2966 3973 3020 4018 et
3047 3979 3171 4018 eum
3201 3964 3462 4019 observa-

1888 4055 2021 4110 bant
2065 4070 2322 4127 germana
2361 4056 2661 4121 servitute,
2718 4055 2893 4125 plagis
2937 4055 3177 4111 afﬁciens
3218 4065 3275 4111 et
3321 4071 3461 4111 con-

1883 4146 2153 4201 demnans
2176 4146 2385 4201 exsiliis
2411 4146 2560 4201 nulla
2597 4146 2745 4216 justa
2770 4147 2839 4201 de
2866 4162 3050 4211 causa,
3080 4148 3310 4202 studens
3328 4162 3456 4203 eum

1884 4237 2122 4307 dejicere
2153 4253 2183 4292 a
2225 4252 2355 4292 cura
2390 4252 2574 4293 rerum
2618 4237 2950 4303 divinarum,
2983 4246 3041 4293 et
3074 4246 3290 4292 tentans
3327 4253 3456 4293 eum

214 4326 395 4381 sciens
423 4341 481 4381 se
504 4342 616 4383 non
648 4344 808 4397 posse
842 4338 1030 4384 contra
1057 4328 1174 4385 haec
1201 4330 1404 4394 dicere,
1426 4330 1590 4400 jussit
1624 4347 1719 4387 eos
1750 4347 1782 4387 a
1814 4320 1861 4378 ί)
1886 4328 2102 4384 allicere
2135 4328 2378 4382 tristitia.
2410 4328 2501 4382 Ille
2529 4336 2713 4382 autem
2741 4327 2869 4382 forti
2894 4343 2956 4383 ac
2978 4330 3251 4383 constanti
3274 4328 3457 4383 excel-

213 4432 273 4473 se
311 4419 528 4488 expelli,
582 4421 821 4475 victores
867 4421 988 4475 sine
1034 4420 1329 4485 vibicibus,
1376 4429 1432 4475 et
1478 4431 1779 4493 martyres,

210 4507 355 4576 quod
395 4508 462 4563 ad
511 4523 570 4564 se
602 4508 819 4569 attinet.
852 4508 1197 4580 proclamans
1234 4524 1441 4565 corona
1474 4512 1778 4567 redimitos.

211 4595 354 4663 Quid
385 4599 491 4655 hoc
520 4600 678 4656 abest
701 4615 732 4655 a
765 4598 992 4655 Joannis
1021 4599 1329 4655 miraculo?
1362 4601 1457 4656 Ille
1482 4603 1632 4659 enim
1671 4601 1781 4659 IIe-

280 4731 393 4807 (57)
428 4732 666 4798 Quartus
693 4732 747 4787 in
774 4748 872 4807 sua
896 4732 1100 4789 familia
1146 4745 1548 4807 consequenter
1606 4736 1779 4807 impes
1828 4786 1831 4789 ,

209 4802 388 4874 nabat,
414 4813 533 4870 post
554 4813 764 4874 patrem
808 4802 1068 4874 Leonem,
1134 4802 1778 4874 avumA'Constantin'utu

207 4871 615 4957 CopLon‘vmu'tn
643 4881 696 4927 et
730 4887 991 4954 proavum
1011 4871 1256 4957 lant-onem
1306 4872 1632 4929 Isauricum.

279 4940 391 5011 (58)
414 4940 605 5012 Coegit
642 4940 786 5004 eam.
815 4942 988 5012 inquit
1011 4940 1388 5010 TheOphancs,
1423 4953 1481 4997 ut
1509 4944 1777 5001 monacba

208 5009 394 5065 θοή-εις
427 5009 590 5079 quain
615 5027 737 5065 cum
761 5009 988 5076 inflexit,
1015 5009 1269 5077 totondit,
1297 5013 1560 5080 indict.3,
1588 5031 1776 5071 mense

205 5079 491 5144 Januario,
533 5095 681 5136 anno
706 5081 916 5149 imperii
945 5081 997 5145 5,
1040 5080 1244 5149 Christi
1283 5080 1407 5136 795.

278 5149 391 5216 (59)
430 5149 657 5206 Michael
690 5148 992 5204 monachus
1025 5149 1080 5203 in
1124 5148 1248 5203 Vita
1287 5153 1461 5205 sancti
1511 5151 1777 5209 Theodori

210 5217 558 5292 Studitwmit
576 5239 603 5292 ιΔ
616 5229 889 5292 repertum
913 5233 1034 5275 esse
1060 5222 1430 5291 presbyterum
1458 5222 1770 5292 quemdam,

204 5286 407 5356 Joseph
458 5286 907 5358 ttoniine,_gradtt
943 5286 1075 5344 vero
1112 5286 1771 5358 (economum'Ecclesiae,

208 5357 300 5423 qui
364 5357 485 5425 plus
536 5356 934 5432 illo“('I‘arasio)
971 5359 1209 5432 sapiens.
1257 5361 1549 5432 divinaque
1588 5356 1771 5419 omnia

208 5433 582 5500 contemnens,
614 5427 927 5482 illicitarum
964 5430 1297 5500 nuptiarum,
1357 5427 1501 5500 quod
1542 5432 1772 5489 minime

208 5495 417 5571 debuit,
446 5496 691 5571 lenonem
720 5512 778 5571 se
808 5495 1059 5571 praestitit
1086 5495 1524 5571 initiatoremque
1550 5513 1603 5558 et
1633 5516 1769 5557 con-

206 5565 504 5639 cdiatorem
533 5566 794 5639 conjugii,
810 5565 1210 5639 obsequentem
1239 5585 1299 5624 se
1329 5565 1633 5639 per'omuia
1660 5573 1764 5625 im-

202 5635 438 5705 peratori
456 5636 721 5707 praebens,
738 5637 818 5692 vir
834 5638 935 5708 [ide
961 5635 1152 5695 Servus
1175 5635 1409 5709 teqtte'ac
1430 5643 1767 5698 voluntate.»

1885 4432 2057 4487 soque
2087 4426 2144 4472 et
2184 4417 2419 4473 infracto
2457 4419 2644 4473 animo
2687 4433 2774 4484 ea,
2821 4434 2944 4488 qua:
2980 4418 3304 4474 accidebant
3331 4429 3457 4473 tan-

1882 4523 2044 4578 quam
2079 4523 2202 4577 qure
2231 4515 2390 4561 erant
2416 4508 2571 4562 utilia
2604 4516 2887 4577 reputans,
2928 4523 3122 4580 graves
3165 4509 3288 4563 illos
3311 4524 3454 4579 prat-

1882 4601 2095 4668 fectos,
2151 4610 2408 4672 tanquam
2459 4599 2808 4673 Egyptiacos
2856 4615 3085 4671 operum
3134 4609 3451 4668 exactores,

1880 4731 1948 4788 Et
2005 4732 2087 4788 sic
2135 4731 2437 4788 secundum
2468 4731 2856 4800 'I‘hmphanem
2902 4747 2922 4782 ι
2954 4729 3203 4797 Augusto
3263 4746 3452 4786 mense

1883 4803 2173 4857 coronavit
2220 4804 2518 4871 imperator
2565 4800 2893 4871 Theodoten
2933 4801 3330 4871 cubiculariam
3394 4803 3450 4855 in

1879 4871 2201 4943 Angustam,
2238 4868 2683 4943 et—deSponsavit
2711 4886 2832 4924 eam
2875 4870 3090 4943 inique.
3130 4868 3263 4924 Dein
3303 4885 3451 4943 anno

1880 4939 2093 5011 imperii
2122 4943 2205 4997 sui
2227 4952 2405 5011 sexto,
2422 4939 2625 4996 'mense
2651 4939 3291 5011 Septetnbri,in-perator
3303 4941 3451 4995 Cou-

1879 5008 2151 5067 sta'ntinus
2196 5026 2321 5066 cum
2353 5010 2631 5066 Theodote
2667 5008 2884 5079 nuptias
2915 5012 2968 5064 in
3006 5008 3209 5078 palatio
3262 5008 3446 5064 Sancti

1878 5081 2171 5136 Matuautis
2217 5082 2537 5135 celebravit.
2573 5099 2593 5133 ι
2622 5080 2672 5135 Is
2699 5089 2817 5133 erat
2866 5095 3045 5135 annus
3073 5079 3278 5133 Christi
3319 5079 3443 5143 795,

1877 5151 2073 5205 Iudict.
2106 5151 2140 5203 ι
2175 5160 2371 5219 coepta.
2407 5150 2528 5217 Quo
2561 5165 2670 5204 non
2697 5150 3082 5203 animadverso
3119 5150 3332 5219 tertiam
3362 5148 3447 5219 in-

1876 5223 2201 5296 diction_e_m_
2237 5216 2342 5296 hic
2387 5216 2755 5296 legi__dehere
2816 5229 2969 5296 ratus
3033 5228 3118 5273 est
3174 5216 3444 5296 Batonius

1876 5308 2028 5366 num.
2062 5292 2159 5366 tl.
2182 5290 2260 5366 Ita
2293 5288 2460 5366 idem'
2481 5288 2843 5366 Theophanes
2884 5290 2950 5342 ad
2983 5300 3187 5366 annum
3230 5288 3440 5366 imperii

1875 5361 2227 5436 Constantini
2268 5369 2323 5413 et
2354 5358 2534 5436 [renes
2570 5352 2869 5436 septimum
2906 5371 3096 5436 mense
3134 5352 3440 5436 Sfptembri

1874 5433 2120 5501 adjuugit
2155 5431 2369 5484 inittum
2403 5430 2719 5501 indic-tionis
2752 5428 3440 5501 decimaa,et_primo_anno

1874 5493 2486 5576 im'pet'ii“Constantini
2528 5500 2701 5555 solius
2754 5510 2999 5576 mensem
3058 5493 3436 5563 Septembrem

1873 5570 2321 5647 cuutnjndictioue
2351 5569 2561 5647 decima
2589 5576 2783 5647 quarta
2814 5569 3028 5647 statuit.
3174 5642 3186 5647 Α
3226 5633 3239 5647 ⁸

1954 5640 2064 5711 (60)
2089 5640 2321 5710 Syncelii
2353 5641 2569 5711 proprie
2593 5631 2791 5695 domus
2815 5636 3072 5707 cellaque
3102 5631 3443 5708 patriarcha-
