3936 6212
281 249 416 313 1413

1824 244 2025 307 VITA.

3397 258 3537 322 14M

270 379 389 418 mas
422 346 645 432 propter
703 360 876 414 Deum
913 357 1188 429 prodegit,
1224 372 1334 412 non
1386 356 1455 412 ad
1498 354 1735 412 tribunal
1785 369 1845 408 se
1879 363 1921 415 Α
1953 357 2079 410 tur?
2109 358 2244 424 Quis
2276 375 2402 414 eum
2427 360 2638 426 videns,
2671 361 2759 416 cui
2807 373 2969 434 caput
3006 365 3282 435 tyrannica
3310 382 3537 439 propter

268 454 466 510 sistens
491 451 850 523 tyrannicum,
882 450 937 504 in
963 450 1309 519 stadiumque
1334 458 1390 503 et
1410 462 1636 502 arenam
1658 447 1848 501 decer-

270 553 485 600 taturus
526 542 787 613 prodiens
823 549 907 596 est
947 540 1209 604 imitatus,
1246 549 1302 594 et
1343 538 1519 594 erexit
1542 537 1845 607 trophteum

269 631 543 688 veritatis:
572 630 670 686 sed
699 643 814 693 eos,
847 628 941 698 qui
972 627 1090 682 haec
1118 633 1174 682 et
1206 626 1293 681 his
1335 625 1542 695 majora
1570 625 1849 680 sustinue-

271 731 420 787 runt,
463 720 809 785 desiderans,
839 728 895 774 et
941 717 1095 773 miris
1148 715 1418 772 extollens
1458 714 1738 781 laudibus,
1791 722 1849 769 et

268 829 539 869 coronans
556 812 723 868 veluti
750 812 1078 883 quibusdam
1103 808 1387 865 victoriam
1412 806 1846 879 signiﬁcantibus

268 905 560 962 verborum
606 903 1045 969 diadematibus,
1109 908 1165 956 et
1208 913 1401 955 eorum
1455 899 1722 953 salutares
1776 897 1846 952 ad

268 996 441 1051 Deum
484 1009 747 1051 reverens
777 993 1240 1058 intercessiones,
1272 997 1329 1045 et
1365 1004 1568 1045 vocans
1595 989 1665 1044 ad
1692 988 1848 1043 auxi-

267 1089 399 1143 lium
427 1097 669 1158 paratam
702 1087 1033 1158 scripturam
1062 1095 1120 1142 et
1165 1085 1390 1151 librum,
1431 1099 1491 1140 se
1518 1097 1617 1138 sua
1649 1090 1846 1151 sponte

264 1178 593 1235 oﬂ'erentem
625 1178 683 1233 in
713 1177 886 1233 sacris
918 1176 1160 1247 templis,
1190 1174 1497 1231 honoriﬁce
1526 1172 1595 1227 de
1622 1170 1845 1241 scriptis

266 1282 458 1323 eorum
504 1266 919 1330 certaminibus,
961 1264 1182 1336 posuit:
1221 1272 1281 1319 ut
1317 1264 1405 1329 iis,
1451 1262 1545 1332 qui
1574 1260 1843 1327 viderent,

264 1360 504 1431 aperiret
530 1359 796 1416 vestibula
835 1358 1297 1429 compunctionis,
1339 1364 1395 1411 et
1422 1354 1658 1410 athletas
1685 1354 1844 1409 indu-

262 1459 433 1515 ceret,
465 1466 657 1506 eorum
687 1451 807 1506 zelo
841 1465 1121 1515 accensos,
1154 1459 1214 1505 ut
1252 1447 1507 1512 similem,
1540 1445 1585 1501 si
1628 1453 1843 1515 tempus

264 1550 514 1606 vocaret,
562 1542 777 1597 beatam
843 1541 1151 1612 arriperent
1212 1537 1665 1595 decertationem.
1732 1535 1844 1590 Res

262 1628 410 1683 enim
446 1629 716 1699 ejusmodi
762 1630 864 1687 scit
905 1631 1197 1687 conciliare
1237 1629 1452 1693 oculus,
1499 1627 1594 1698 qui
1630 1634 1716 1682 est
1739 1626 1842 1681 bo-

1949 447 2228 505 Christum
2281 452 2385 507 fuit
2422 463 2763 522 amputatum
2795 458 3087 524 sententia,
3123 467 3180 514 et
3217 460 3312 528 qui
3368 476 3536 517 omne

1948 555 2123 610 genus
2179 541 2434 599 ﬂuctibus
2481 560 2729 599 seorsum
2787 545 2963 601 fertur
3008 563 3039 602 a
3073 549 3280 619 reliqua
3343 554 3534 620 cymlia

1948 632 2215 702 corporis,
2241 642 2298 689 et
2319 644 2456 690 nutu
2488 636 2659 691 divini
2689 638 2877 693 auxilii
2904 653 2969 694 ea
3001 640 3153 694 unita
3174 650 3230 695 et
3250 657 3349 710 per
3379 658 3532 696 mare

1950 729 2206 792 tanquam
2267 738 2362 793 per
2416 725 2627 779 aridam
2685 734 2838 782 recto
2890 727 3088 783 itinere
3142 729 3532 800 ingredientia,

1947 812 2159 869 etiamsi
2211 814 2413 871 duritie
2466 831 2561 871 cor
2614 817 2813 872 habeat
2864 817 3162 885 ﬂuctuans,
3209 836 3319 874 non
3346 822 3533 875 statim

1947 903 2098 957 venit
2122 904 2191 961 ad
2223 913 2437 973 portum
2467 906 2873 976 tranquillitatis
2902 908 3163 978 spiritalis
3181 909 3206 962 ?
3224 908 3359 975 Quis
3380 924 3532 972 eum,

1946 992 2107 1061 cujus
2167 1010 2379 1066 ungues
2439 997 2799 1053 arundinibus
2853 999 3030 1055 acutis
3077 1000 3449 1070 perforantur,
3477 1009 3536 1056 et

1944 1083 2038 1151 qui
2072 1082 2127 1136 in
2174 1084 2494 1140 bnllientem
2536 1086 2675 1156 picis
2703 1088 2938 1142 lebetem
2978 1104 3225 1158 praeceps
3250 1091 3534 1161 immergi-

1948 1184 2037 1228 tnr
2059 1182 2114 1229 et
2138 1190 2328 1230 rursus
2375 1181 2629 1246 emergit,
2661 1185 2719 1233 et
2746 1179 2922 1249 gladio
2966 1179 3241 1234 hostiliter
3268 1196 3535 1236 consum-

1948 1253 2147 1331 matur,
2188 1267 2484 1337 aspiciens,
2528 1283 2640 1323 non
2670 1283 2870 1323 manus
2895 1269 2967 1324 ad
3004 1268 3173 1324 Deum
3199 1270 3441 1335 sustulit,
3475 1279 3532 1325 et

1944 1373 2056 1412 non
2080 1359 2287 1430 optavit
2327 1361 2528 1417 deinde
2559 1361 2718 1416 talem
2754 1362 2993 1431 experiri
3017 1363 3320 1418 cruciatum
3344 1364 3369 1417 Ἰ
3393 1362 3531 1432 Quis

1943 1463 2060 1514 eos,
2084 1449 2176 1519 qui
2211 1451 2336 1521 gelu
2374 1452 2605 1508 hiberno
2648 1461 2703 1507 et
2744 1452 2889 1507 aeris
2920 1453 3107 1523 algore
3139 1464 3527 1520 concrescunt,

1944 1548 1999 1593 et
2026 1539 2159 1594 nudi
2191 1541 2495 1605 decertant,
2523 1549 2729 1598 attente
2749 1541 3109 1597 considerans
3141 1559 3156 1608 ;
3193 1552 3249 1597 et
3276 1542 3370 1613 qui
3399 1558 3529 1596 cru-

1946 1645 2065 1684 rum
2101 1630 2375 1699 sustinent
2404 1630 2719 1694 fractiones,
2744 1642 2799 1687 et
2827 1647 2950 1688 cum
2974 1633 3234 1688 ardentes
3259 1633 3527 1688 carbones

263 1734 393 1774 num
446 1732 824 1791 argumentum
861 1734 1211 1789 consecutus,
1260 1731 1319 1777 et
1354 1720 1603 1775 auditum
1636 1732 1841 1788 prtece-
1871 1721 1916 1779 Β
1945 1730 2153 1776 natura:
2177 1722 2374 1776 robore
2403 1721 2715 1791 eﬂ‘ugerint,
2746 1722 2803 1777 in
2834 1722 3126 1778 ﬂuviorum
3157 1722 3364 1778 ﬂuenta
3395 1725 3530 1779 mit-

262 1809 414 1863 dere.
480 1808 599 1879 Ipse
635 1811 782 1866 enim
828 1813 1130 1868 secundum
1177 1812 1444 1866 honorem
1492 1816 1611 1879 post
1662 1807 1840 1862 visum

260 1909 347 1955 est
397 1900 664 1972 adeptus,
719 1911 777 1959 et
821 1892 946 1959 cum
1003 1904 1194 1960 oculus
1233 1904 1442 1973 absque
1498 1900 1841 1972 expositione

261 2006 474 2057 eorum,
500 2008 622 2063 quas
650 2002 781 2048 sunt
826 1994 1096 2066 subjecta,
1126 1995 1325 2066 figuras
1347 1992 1583 2064 accipiat
1611 1991 1839 2046 eviden-

261 2091 369 2150 tes,
418 2086 637 2141 auditus
691 2101 906 2156 semper
955 2087 1258 2143 secundum
1314 2086 1495 2142 locum
1551 2093 1723 2150 tenet,
1782 2091 1842 2139 ut

260 2174 396 2231 dixit
418 2176 636 2246 quidam
667 2177 912 2248 sapiens.

332 2266 423 2320 40.
462 2266 595 2333 Quis
635 2268 780 2323 enim
814 2267 1089 2326 coloribus
1117 2283 1437 2340 expressum
1471 2267 1665 2325 videns
1690 2282 1839 2332 eum,

260 2354 353 2423 qui
398 2354 660 2422 decertat,
698 2364 755 2411 et
784 2358 961 2430 ignem
1000 2357 1419 2429 despicientem,
1467 2366 1520 2413 et
1548 2356 1697 2412 nube
1746 2355 1844 2410 ﬂa-

261 2446 524 2516 gellorum
570 2448 993 2515 circumdatum,
1045 2460 1103 2507 et
1152 2450 1208 2506 in
1257 2451 1344 2507 his
1382 2450 1629 2507 Creatori
1670 2448 1844 2505 conli-

263 2534 461 2587 denter
518 2537 773 2605 spiritum
825 2540 1192 2606 emittentem,
1228 2556 1343 2596 non
1383 2541 1573 2597 calidis
1601 2541 1843 2597 circum-

265 2624 512 2681 funditur
556 2628 828 2699 lacrymis,
877 2640 935 2687 et
981 2632 1234 2703 suspiriis
1270 2648 1337 2688 ac
1363 2634 1660 2705 gemitibus
1688 2649 1845 2690 com-

265 2718 567 2788 pnngitur?
596 2718 731 2786 Quis
755 2735 903 2787 eum,
931 2725 1026 2793 qui
1060 2738 1121 2778 se
1147 2723 1298 2779 exuit
1322 2724 1390 2780 ad
1416 2725 1601 2796 gravia
1633 2725 1846 2779 crucia-

263 2820 419 2862 tuttm
461 2818 518 2864 et
560 2811 954 2881 suppliciorum
1003 2829 1228 2885 genera,
1271 2822 1327 2870 et
1357 2821 1637 2884 postremo
1666 2824 1846 2870 tortus

264 2897 388 2963 fuit,
438 2901 732 2971 aspiciens,
777 2919 887 2958 non
920 2906 1102 2961 cordis
1129 2906 1457 2962 contritione
1485 2914 1677 2977 pectus
1719 2918 1846 2963 tun-

267 2992 404 3048 dens
433 2994 681 3051 recedit?
709 2995 842 3062 Quis
875 3012 1002 3053 eum
1031 2998 1242 3066 videns,
1282 3000 1377 3070 qui
1406 3014 1506 3070 pro
1531 2998 1753 3055 Christo
1786 3015 1845 3055 se

268 3084 488 3139 tradidit
513 3085 812 3153 lictoribus,
836 3089 1191 3159 compedibus
1209 3092 1547 3161 manicisque
1567 3102 1621 3146 et
1647 3091 1846 3147 fidibus

266 3178 587 3249 constringi,
609 3187 666 3233 et
683 3180 880 3236 deinde
915 3180 1133 3236 fortiter
1159 3183 1446 3254 exspirare
1477 3185 1535 3239 in
1561 3183 1847 3254 suppliciis

267 3268 639 3336 intolerandis,
701 3287 812 3326 non
838 3272 1140 3328 admiratur
1177 3274 1519 3344 patientiam,
1553 3275 1846 3333 invictam-

267 3376 376 3430 que
412 3361 612 3417 excelsi
656 3363 825 3419 animi
866 3364 1125 3433 virtutem
1162 3373 1220 3420 et
1270 3366 1480 3422 ﬁdem?
1540 3366 1677 3434 Quis
1721 3384 1847 3425 eum

267 3460 546 3520 spectans,
569 3453 686 3523 qui,
734 3469 806 3510 ne
854 3455 1072 3524 aliquod
1104 3456 1332 3512 verbum
1384 3458 1665 3514 emitteret
1701 3459 1847 3514 indi-

268 3558 439 3612 gnum
473 3543 694 3614 pietate,
728 3553 797 3600 et'
818 3545 877 3601 in
922 3546 1186 3603 lateribus
1217 3556 1275 3603 et
1307 3546 1366 3603 in
1399 3549 1564 3604 dorso
1588 3549 1846 3615 laniatur,

271 3650 383 3689 non
418 3635 720 3692 emollescit
743 3637 1260 3694 commiseratione?
1285 3637 1420 3706 Quis
1444 3655 1556 3695 non
1588 3640 1850 3710 impletur

271 3718 656 3786 admiratione,
680 3729 736 3776 et
771 3722 1013 3791 quatitur
1036 3723 1254 3788 timore,
1283 3724 1504 3794 quando
1527 3724 1675 3781 videt
1698 3740 1849 3791 eum,

270 3810 370 3882 qni
396 3826 494 3881 pro
517 3811 621 3867 ﬂde
646 3812 870 3884 patitur,
905 3817 1088 3871 omnia
1120 3816 1363 3871 membra
1390 3831 1488 3871 sua
1510 3815 1851 3871 distribuen-

271 3912 426 3970 tem;
460 3904 588 3959 dum
621 3905 908 3973 scinditur,
943 3915 999 3962 et
1034 3907 1102 3962 ad
1133 3908 1228 3962 Dei
1252 3907 1581 3963 sacrificium
1607 3915 1664 3963 et
1698 3907 1853 3963 abla-

274 3996 478 4049 tionem
510 4010 573 4050 ea
610 3997 864 4063 secrevit,
905 4013 1028 4068 quae
1057 4014 1229 4070 usque
1266 3998 1333 4053 ad
1368 3998 1651 4054 musculos
1680 3997 1854 4054 femo-

276 4099 449 4154 raque
482 4094 539 4141 et
569 4086 704 4142 talos
741 4096 798 4142 et
837 4097 1016 4143 tarsos
1054 4088 1374 4143 dividuntur
1403 4086 1855 4144 immisericordi-

280 4188 385 4241 ter,
418 4193 529 4232 non
571 4179 873 4236 admiratur
910 4181 1390 4237 laboriosissimam
1435 4180 1490 4235 in
1522 4180 1856 4237 decertanth

277 4270 635 4341 patientiam?
694 4270 828 4339 Quis
898 4288 1024 4328 eum
1080 4274 1392 4344 aspiciens,
1449 4273 1545 4343 qui
1603 4273 1858 4329 leonibus

1943 1821 2131 1867 tuntur
2153 1828 2343 1868 eorum
2377 1813 2638 1883 reliquiae,
2679 1829 2787 1868 non
2827 1813 3161 1870 desideravit
3199 1829 3296 1869 eos
3327 1814 3528 1871 habere

1939 1914 2222 1972 patronos,
2273 1912 2329 1959 et
2359 1903 2618 1974 precibus
2668 1904 2954 1960 attrahere
3003 1920 3196 1960 eorum
3257 1920 3439 1960 acrem
3471 1915 3529 1962 et

1938 1995 2156 2066 dignam
2191 1993 2610 2051 defensionem?

2009 2086 2101 2141 4t.
2138 2084 2266 2143 Haec
2289 2097 2472 2142 autem
2498 2085 2700 2142 videris
2732 2084 2847 2141 ﬁeri
2885 2100 2997 2141 non
3021 2085 3198 2141 solum
3226 2084 3280 2141 in
3308 2102 3527 2141 mascu-

1940 2176 2027 2239 lis.
2076 2178 2172 2233 sed
2213 2178 2376 2233 etiam
2424 2177 2483 2232 in
2535 2176 2779 2242 feminis,
2831 2192 2953 2247 quae.
2983 2177 3208 2247 paribus
3243 2176 3527 2233 decertant

1943 2268 2359 2334 certaminibus,
2396 2277 2453 2323 et
2498 2268 2857 2339 equuleorum
2895 2274 2951 2322 et
2987 2279 3232 2323 retarum
3279 2276 3337 2322 et
3358 2276 3525 2323 caete-

1943 2376 2129 2415 rorum
2158 2370 2555 2416 tormentorum
2581 2361 2789 2416 nullam
2821 2361 3031 2417 ducunt
3070 2361 3359 2417 rationem.
3391 2360 3529 2428 Quis

1942 2450 2089 2506 enim
2136 2451 2254 2506 haec
2304 2450 2423 2507 fieri
2470 2451 2747 2522 aspiciens
2777 2450 2832 2505 in
2867 2451 3190 2507 mollissima
3217 2461 3437 2517 natura,
3479 2454 3527 2508 si

1943 2542 2112 2597 veluti
2138 2543 2349 2597 litteras
2376 2543 2686 2607 attendens,
2715 2542 2858 2614 legat
2891 2542 3127 2607 colores,
3178 2559 3290 2598 non
3330 2544 3529 2599 mulie-

1945 2632 2099 2688 brem
2129 2632 2353 2701 abjiciat
2398 2633 2765 2698 timiditatem,
2810 2642 2866 2688 et
2906 2632 3099 2688 fiducia
3140 2633 3389 2698 indutus,
3417 2650 3528 2690 non

1945 2731 2127 2777 autem
2176 2722 2467 2776 temeraria
2516 2721 2765 2788 audacia,
2814 2731 2872 2777 et
2922 2722 2993 2777 ad
3022 2721 3195 2777 Deum
3243 2724 3529 2780 funebrem

1945 2821 2107 2867 canat
2164 2812 2552 2878 laudationem,
2612 2820 2669 2867 et
2711 2821 2901 2882 aperte
2950 2813 3274 2883 pronuntiet
3313 2814 3531 2871 beatam

1948 2904 2090 2958 hanc
2119 2903 2380 2958 invictam
2442 2902 2857 2958 fortitudinem?
2901 2902 3038 2970 Quis
3090 2903 3287 2960 videns
3334 2904 3531 2962 imma-

1948 3004 2196 3049 turorum
2225 3009 2519 3064 puerorum
2568 3003 2787 3049 aetatem
2818 2993 2874 3048 in
2906 2993 3223 3064 asperrimis
3249 2995 3533 3053 doloribus

1872 3063 1916 3122 ο
1952 3097 2205 3156 tanquam
2230 3063 2287 3141 in
2317 3086 2474 3157 aquis
2500 3086 2861 3151 innatantem,
2891 3096 2948 3142 et
2974 3063 3249 3158 tanquam
3284 3088 3371 3145 lac
3400 3104 3534 3145 coa-

1947 3180 2210 3251 gulatum,
2270 3178 2539 3234 emulsum
2593 3195 2659 3235 ex
2720 3179 2983 3236 uberibus
3044 3179 3208 3246 fidei,
3260 3190 3318 3237 et
3369 3197 3535 3237 omne

1946 3284 2117 3341 genus
2150 3270 2407 3325 tormenti
2436 3279 2492 3327 et
2534 3269 2787 3340 supplicii
2819 3270 2981 3324 simul
3008 3268 3275 3325 ferentem
3309 3280 3537 3342 propter

1945 3360 2248 3425 Christum,
2302 3376 2416 3416 non
2468 3361 2768 3430 coniecerit
2824 3361 2929 3416 hoc
2982 3376 3108 3419 esse
3163 3377 3308 3432 opus
3357 3358 3532 3418 divini

1946 3450 2157 3516 auxilii,
2205 3452 2352 3522 quod
2389 3460 2445 3507 et
2481 3452 2806 3508 muliebrem
2861 3450 3295 3507 imbecillitatem
3324 3453 3535 3510 virtute

1945 3543 2086 3598 virili
2113 3543 2243 3599 fecit
2272 3543 2660 3606 robustiorem,
2692 3551 2749 3598 et
2786 3542 3127 3612 impuberem
3166 3558 3234 3599 ac
3264 3537 3534 3614 puerilem

1950 3633 2421 3703 imperfectionem
2446 3634 2691 3689 ostendit
2720 3632 2917 3703 spiritu
2954 3649 3019 3689 ac
3061 3649 3228 3689 sensu
3258 3650 3381 3690 esse
3410 3652 3558 3692 mu-.

1953 3730 2116 3777 tatam
2169 3723 2227 3779 in
2279 3722 2510 3778 senilem
2548 3722 2916 3778 vetustatem?
2979 3723 3117 3788 Quis
3168 3724 3426 3779 Theclam
3479 3736 3536 3780 ct

1954 3810 2314 3882 Stephanum,
2362 3812 2457 3882 qui
2517 3811 2682 3882 primi
2730 3820 2856 3882 post
2881 3812 3164 3868 Christum
3208 3814 3532 3869 athleticam

1953 3910 2163 3973 portam
2190 3909 2523 3972 aperuerunt
2545 3902 2894 3974 martyribus,
2928 3901 3079 3957 hunc
3100 3901 3321 3972 quidem
3340 3903 3567 3958 videns‘

1954 3994 2227 4065 lapidibus
2257 3995 2584 4065 appetitum,
2628 4004 2685 4050 et
2715 3994 3020 4050 occisorum
3054 4009 3154 4064 per
3178 4009 3405 4064 precum
3447 3997 3535 4048 in-

1955 4087 2343 4143 tercessionem
2376 4088 2523 4158 apud
2562 4087 2733 4143 Deum
2772 4102 2961 4142 curam
3005 4094 3331 4156 gerentem;
3383 4086 3533 4142 illam

1956 4194 2088 4235 vero
2129 4189 2187 4235 et
2236 4180 2476 4235 ferarum
2529 4178 2794 4234 saevitiam
2831 4177 3251 4248 despicientem,
3309 4186 3536 4247 propter

1958 4285 2112 4326 suam
2145 4286 2258 4327 non
2287 4271 2468 4326 ﬁctam
2522 4271 2578 4325 in
2616 4271 2915 4336 Christum,
2957 4284 3120 4340 quem
3164 4267 3532 4337 desiderabat,

276 4361 537 4432 objicitur
563 4362 929 4430 devorandas,
959 4375 1017 4418 et
1035 4361 1291 4419 dentibus
1323 4378 1515 4419 eorum
1544 4362 1854 4428 molendus,
1890 4399 1934 4455 υ
1959 4360 2302 4425 charitatem,
2338 4377 2447 4417 non
2487 4361 2671 4417 statim
2699 4361 2861 4418 discit
2901 4378 3009 4416 non
3042 4360 3184 4415 male
3216 4360 3423 4431 precari
3448 4360 3536 4415 in-

278 4465 340 4510 et
375 4454 543 4511 veluti
588 4456 831 4511 caelestis
861 4455 1018 4527 panis
1060 4469 1265 4512 mensae
1293 4453 1506 4510 coeleSti
1539 4451 1859 4523 conspergi-
1890 4450 1921 4455 '
1959 4452 2274 4516 imicis,sed
2310 4460 2566 4520 tanquam
2601 4451 3040 4507 benefactoribus
3077 4452 3158 4507 eis
3187 4450 3413 4522 gratiam
3444 4468 3534 4508 re-

280 4555 395 4609 tur,
438 4561 550 4600 non
578 4556 661 4603 est
696 4546 1047 4619 intelligentia
1086 4546 1362 4617 particeps
1398 4545 1545 4600 illius
1572 4541 1854 4615 martyrici

280 4634 546 4704 spiritalis
595 4632 872 4691 convivii?
923 4633 1057 4701 Quis
1115 4649 1240 4688 eum
1285 4632 1702 4704 contemplans,
1764 4631 1857 4701 qui

280 4725 480 4781 acerba
511 4734 699 4781 catena
715 4734 939 4797 propter
968 4723 1140 4780 Deum
1167 4724 1491 4796 exagitatus,
1521 4732 1580 4779 et
1605 4725 1661 4778 in
1690 4722 1859 4777 altum

282 4817 555 4884 sublatus;
595 4827 652 4874 et
679 4817 807 4873 loris
836 4832 899 4873 ac
922 4817 1143 4873 stntinis
1168 4816 1371 4873 vibices
1389 4816 1554 4871 habet
1583 4822 1858 4880 extensas,

281 4918 345 4964 et
376 4908 592 4964 tandem
637 4908 813 4979 gladio
854 4916 1086 4963 mortem
1115 4907 1284 4972 subit,
1321 4922 1433 4961 non
1458 4905 1706 4976 seipsum
1739 4919 1861 4960 om-

283 5001 425 5056 nino
466 5000 644 5056 cordis
676 5000 1008 5057 contrahens
1030 5000 1480 5065 contritionibus,
1525 4999 1863 5055 convertitur

284 5097 358 5150 ad
392 5102 602 5165 gratam
638 5093 736 5150 Dei
784 5092 1264 5165 gloriﬁcationem?
1305 5092 1443 5159 Quis
1473 5107 1599 5148 eum
1643 5090 1861 5157 videns,

284 5187 385 5259 qui
418 5196 600 5244 rectus
629 5186 686 5241 in
720 5185 866 5257 ligno
907 5184 1164 5249 vincitur,
1201 5193 1260 5241 et
1288 5184 1448 5255 cujus
1476 5183 1867 5239 exinaniuntur

285 5278 555 5336 intestina
601 5276 979 5349 frequentibus
1021 5276 1223 5332 ictibus
1264 5274 1599 5346 ﬂagellorum
1625 5314 1641 5340 ,
1676 5282 1734 5329 et
1770 5273 1864 5345 qui

285 5368 607 5425 diuturnam
644 5367 788 5421 illam
818 5364 1050 5420 sustinet
1082 5363 1137 5418 in
1166 5363 1311 5434 ligno
1343 5363 1780 5433 perpessionem,
1810 5371 1866 5418 et

287 5458 415 5518 sine
463 5455 764 5513 visceribus
822 5437 1163 5526 ingrediens,
1242 5452 1528 5508 funebrem
1574 5451 1865 5523 quamdam

287 5550 457 5607 saltat
494 5548 862 5613 saltationem,
901 5562 1013 5602 non
1063 5545 1246 5602 divino
1291 5545 1402 5601 telo
1444 5543 1502 5599 in
1532 5544 1697 5601 corde
1738 5558 1867 5599 sau-

286 5643 490 5709 ciatur,
525 5640 1044 5710 tabernaculumque
1071 5646 1124 5695 et
1151 5637 1413 5709 templum
1445 5635 1667 5707 pietatis
1694 5634 1866 5692 eﬂici-

1957 4542 2121 4604 ferre.
2151 4550 2207 4597 et
2253 4542 2519 4597 adversus
2572 4557 2791 4597 omnem
2825 4542 3120 4597 belluinam
3171 4547 3231 4595 et
3257 4551 3533 4600 amentem

1958 4630 2236 4687 decertare
2270 4630 2561 4687 haeresim?

2028 4719 2120 4774 42.
2156 4717 2264 4775 Sed
2301 4728 2520 4775 transeo
2565 4718 2634 4774 ad
2669 4717 2840 4773 Deum
2870 4732 3053 4773 meum
3101 4728 3159 4775 et
3197 4720 3495 4777 Dominum
3517 4763 3534 4787 ,

1961 4811 2055 4880 qui
2089 4820 2295 4882 martyr
2322 4818 2409 4865 est
2450 4809 2779 4881 appellatus,
2814 4819 2870 4866 et
2914 4811 3018 4865 fuit
3045 4813 3281 4881 posteris
3309 4814 3559 4885 dispen-t

1962 4912 2111 4957 sator
2161 4901 2405 4957 victoria:
2437 4918 2451 4955 :
2484 4916 2650 4973 quem
2692 4901 2746 4956 in
2795 4901 2945 4974 ligno
2990 4916 3224 4960 cernens
3255 4906 3424 4961 clavis
3449 4907 3539 4961 af-

1964 4995 2155 5060 ﬂxum,
2190 5001 2247 5049 et
2281 4993 2511 5065 spongia
2545 5000 2704 5049 aceto
2732 5002 2789 5049 et
2823 4992 2949 5049 felle
2984 5004 3250 5064 putatum,
3290 5006 3347 5053 et
3367 4997 3537 5053 latere

1964 5084 2154 5140 lancea
2197 5094 2483 5155 punctum,
2527 5094 2585 5140 et
2612 5100 2678 5141 ex
2709 5100 2777 5141 eo
2802 5084 3014 5141 viviﬂca
3047 5085 3252 5143 ﬂuenta
3281 5088 3540 5143 emitten-

1968 5184 2101 5240 tem,
2132 5176 2335 5231 horreo
2361 5184 2420 5231 et
2451 5191 2484 5231 a
2517 5191 2606 5232 me
2630 5176 2874 5244 discedo,
2923 5176 3244 5248 honoroque
3285 5179 3406 5248 ejus
3452 5177 3538 5233 in-

1966 5267 2341 5338 vestigabilem
2380 5276 2437 5323 et
2463 5267 2792 5338 stupendam
2826 5268 2910 5322 sui
2944 5267 3359 5331 demissionem.
3390 5268 3541 5337 ejus-

1966 5375 2074 5429 que
2121 5359 2362 5414 admiror
2406 5373 2635 5415 summa:
2667 5358 2935 5414 malorum
2967 5358 3267 5414 tolerantiae
3291 5359 3535 5431 pelagus.

1968 5451 2182 5507 Etenim
2210 5460 2435 5522 propter
2458 5450 2765 5506 clementia:
2783 5449 3238 5521 magnitudinem,
3266 5458 3324 5504 et
3347 5449 3542 5505 ineﬂ‘a-

1968 5544 2131 5600 bilem
2193 5541 2587 5599 misericordia:
2643 5540 2987 5606 bonitatem,
3060 5555 3186 5596 cum
3237 5541 3544 5611 accepisset

1967 5649 2185 5692 carnem
2221 5633 2504 5707 ejusdem,
2548 5633 2707 5706 cujus
2756 5639 2968 5702 nostra,
3013 5630 3283 5704 essentia,
3328 5646 3540 5705 nequa-
