3936 6212
439 267 576 331 1415

431 399 594 455 quam
624 390 684 437 se
728 392 852 434 esse
893 376 1066 432 Deum
1100 370 1397 435 inficiatus,
1433 368 1601 422 verbo
1629 362 1849 434 quidem
1867 358 2018 455 veri-

434 453 585 537 tatis,
615 489 646 527 a
673 470 826 526 verbi
857 466 1130 525 ministris
1157 470 1467 519 atramento
1494 458 1757 519 colorato,
1780 463 1842 509 ut
1865 453 2017 514 licet,

1501 252 1564 311 S.
1616 242 1924 307 TARASII
1964 233 2477 300 PATRIABCHA']
2510 232 2621 292 (ΣΡ.

3564 222 3698 289 1416

2123 353 2197 408 sit
2238 352 2360 423 ejus
2391 348 2677 419 exemplar
2713 343 3108 410 venerandum,
3155 352 3215 399 et
3260 341 3460 398 Jovem
3491 341 3705 399 abomi-

2120 443 2303 509 naris,
2349 449 2577 512 propter
2617 437 3017 493 exsecrandam
3036 436 3157 504 ejus
3203 434 3493 490 libidinem
3544 444 3707 505 atque

435 525 799 619 adnuntiatur
829 577 844 614 :
889 573 949 614 re
982 572 1113 612 vera
1139 563 1325 611 autem
1358 550 1640 607 coloribus
1683 548 1753 601 ab
1802 544 1937 615 ipsis
1964 550 2021 597 et
2119 533 2520 608 petulantiam?
2561 530 2685 587 Non
2726 529 3009 586 Christum
3046 527 3219 583 Deum
3251 525 3609 597 pronuntias,
3641 529 3708 582 ob

437 672 628 712 eorum
667 652 893 709 asseclis
922 644 1402 708 circumscribitur
1431 650 1488 698 et
1530 639 1862 711 depingitur,
1908 646 2022 688 non
2123 631 2469 686 sanctitatem
2498 627 2621 698 ejus
2649 622 3160 695 incomparabilem,
3196 629 3254 676 et
3288 636 3416 690 qua:
3448 634 3707 712 expressa

438 710 637 803 crassa:
685 744 930 800 materiae
978 736 1465 796 commiscentibus
1513 710 1921 802 simplicitatem
1967 732 2024 778 et
2123 729 2206 775 est
2247 734 2344 789 per
2387 717 2674 772 materiam
2698 716 2769 770 ab
2796 713 3039 784 antiquis
3068 711 3422 775 honoratam,
3453 710 3629 765 Deum
3656 723 3709 766 et

441 840 632 894 format
659 837 992 891 vacuitatem
1023 851 1036 887 :
1071 845 1251 900 neque
1282 826 1429 883 enim
1460 819 1893 881 circumciditur,
1920 830 2025 871 nec
2128 813 2412 868 hominem
2459 809 2754 865 referentis
2800 806 3055 900 imaginis
3106 806 3351 900 admittis
3385 805 3709 860 similitudi-

442 932 592 985 suhit
633 929 978 984 aﬂectionem
1012 941 1027 980 :
1062 924 1158 980 sed
1197 920 1343 992 quod
1385 934 1481 973 sua
1525 924 1723 970 natura
1747 910 1900 967 cerni
1929 923 2028 977 po—

444 1031 553 1076 test
580 1031 636 1076 et
686 1018 1038 1084 contrectari,
1075 1013 1469 1089 iquamoptime
1510 1005 1934 1079 depingentibus
1971 1007 2028 1055 et

446 1113 1045 1170 circumscribentibus.
1086 1111 1454 1178 Quamobrem
1482 1114 1596 1160 tota
1623 1104 1824 1166 anima,
1864 1098 2028 1154 corde

446 1215 502 1259 et
531 1203 885 1274 cogitatione,
909 1217 1030 1271 quae
1064 1209 1195 1256 sunt
1227 1201 1296 1254 ab
1331 1198 1413 1252 eis
1443 1197 1684 1256 decreta,
1728 1196 1948 1244 tuentes
1972 1193 2030 1241 et

446 1296 861 1364 amplectentes,
912 1300 965 1347 et
1001 1290 1093 1361 qui
1138 1306 1202 1344 ex
1259 1290 1373 1343 Deo
1418 1295 1548 1341 sunt
1594 1283 1792 1338 mentis
1828 1287 2031 1335 nostra:

450 1401 673 1455 gressus
732 1386 800 1439 ab
874 1398 940 1438 eo
1004 1380 1349 1451 apertissime
1404 1378 1671 1432 habentes
1728 1372 2028 1435 dilatatos,

450 1493 647 1548 magno
694 1474 878 1529 studio
924 1471 1313 1527 contendimus
1350 1469 1417 1523 ad
1448 1465 1853 1536 excipiendam,
1887 1470 1944 1516 et
1973 1468 2032 1515 ut

452 1571 532 1623 fas
572 1576 676 1631 est,
713 1566 1044 1621 adorandam
1085 1563 1293 1618 Christi
1334 1561 1625 1631 imaginem
1662 1566 1716 1611 et
1759 1555 1880 1625 ejus
1907 1568 2033 1624 per-

451 1659 787 1731 pessionem,
837 1666 893 1713 et
926 1657 993 1712 ad
1031 1671 1133 1710 nos
1178 1653 1517 1709 exhibendos
1567 1651 1760 1721 dignos
1805 1645 2032 1710 sanctis,

453 1749 547 1818 qui
600 1749 821 1803 fuerunt
870 1763 901 1802 a
949 1746 1169 1801 saeculo.
1205 1744 1490 1811 Quomodo
1520 1757 1652 1812 ergo
1684 1755 1795 1793 non
1843 1753 1908 1792 ex
1947 1736 2035 1791 his

453 1840 635 1895 bonus
664 1838 900 1893 ellieitur
926 1836 1145 1906 aliquis,
1176 1833 1392 1890 etiamsi
1417 1849 1514 1887 cor
1539 1832 1736 1886 habeat
1763 1828 2036 1884 sententia

454 1926 772 1999 lapideum?
813 1926 948 1993 Quis
980 1941 1090 1980 non
1120 1933 1401 1978 reveretur
1427 1921 1719 1977 coloratam
1742 1919 2031 1989 picturam,

455 2034 577 2087 qua:
619 2017 725 2071 fert
754 2015 1004 2085 exempla
1040 2014 1285 2085 pietatis.
1323 2027 1423 2083 per
1444 2027 1566 2082 qua:
1593 2009 1778 2066 doceri
1808 2016 2040 2079 possunt

455 2118 674 2164 veteres
712 2122 802 2162 res
846 2115 1030 2178 gestae,
1074 2105 1263 2159 mundi
1298 2112 1472 2169 ortus,
1521 2103 1763 2174 legisque
1804 2112 1861 2157 et
1911 2115 2040 2170 pro-

459 2199 770 2268 phetarum,
798 2210 1098 2265 senemque
1122 2206 1177 2250 et
1196 2196 1477 2264 antiquam
1508 2195 1722 2249 ellicere
1751 2192 2040 2264 cegitatio-

457 2290 627 2345 nem?
668 2288 774 2343 Per
798 2303 960 2358 quam
991 2288 1204 2344 accedit
1245 2287 1498 2343 meditari
1544 2286 1724 2341 divina
1765 2295 1820 2340 et
1846 2300 2038 2356 magna

459 2380 649 2451 gratia:
677 2379 961 2442 miracula,
990 2394 1112 2449 qua:
1138 2380 1205 2433 ad
1238 2377 1334 2433 Dei
1368 2378 1592 2449 gloriam
1620 2377 1891 2433 inducunt
1916 2392 2043 2447 speo

458 2480 720 2536 ctatores,
741 2470 834 2540 qui
857 2470 1045 2525 omnia
1069 2469 1201 2525 fecit
1228 2470 1285 2524 in
1313 2470 1599 2539 sapientia,
1624 2477 1680 2524 et
1700 2483 1829 2526 suos
1852 2483 2043 2525 servos

462 2577 562 2633 per
589 2576 741 2617 suam
774 2561 829 2615 in
864 2561 1013 2631 ipsos
1048 2561 1511 2625 benevolentiam,
1558 2560 1811 2615 maximis
1850 2560 2047 2616 extulit

462 2653 772 2709 honoribus
824 2651 1012 2724 (Psal.
1056 2666 1187 2718 ent,
1232 2652 1339 2721 24)
1374 2670 1389 2707 :
1422 2660 1476 2707 et
1521 2659 1807 2722 propterea
1854 2657 2045 2723 aperte

462 2745 637 2800 voluit
666 2759 762 2799 eos
783 2743 1006 2814 depingi
1034 2758 1099 2797 ac
1131 2743 1389 2807 describi,
1423 2754 1476 2798 et
1501 2757 1693 2797 eorum
1724 2742 2044 2796 memoriam

465 2851 588 2891 esse
620 2843 943 2906 perpetuam
987 2834 1044 2888 in
1089 2835 1295 2890 nostris
1331 2834 1610 2889 cordibus.
1656 2833 1942 2899 Quodnam
1978 2848 2045 2887 ex

467 2928 555 2981 his
577 2940 814 2995 unquam
839 2926 1096 2980 damnum
1130 2924 1195 2979 ad
1224 2925 1462 2978 animam
1490 2924 1756 2978 redierit?
1783 2924 2044 2989 Quisnam

2124 918 2285 969 nem;
2327 901 2639 957 fabulosum
2675 908 2861 954 autem
2900 898 3051 952 illum
3089 896 3446 969 parricidam,
3478 906 3539 952 et
3571 897 3707 966 ejus,

2126 1010 2251 1066 quae
2280 1009 2311 1048 a
2362 993 2651 1048 divinitate
2700 990 2939 1055 excidit,
2991 987 3224 1060 elllgiem
3277 988 3616 1044 transmittis
3659 989 3707 1043 in

2127 1083 2485 1155 profundum,
2518 1082 2573 1136 in
2602 1095 2708 1151 qua
2737 1079 2856 1150 ipse
2882 1079 3055 1149 patris
3085 1078 3192 1142 sui,
3228 1093 3353 1148 qua
3375 1078 3709 1140 absciderat,

2127 1176 2370 1230 verenda
2402 1183 2491 1230 est
2515 1172 2824 1243 jaculatus?
2848 1170 2943 1226 Nae
2966 1179 3026 1224 tu
3052 1169 3334 1225 Christum
3361 1170 3709 1225 Servatum

2130 1264 2338 1320 habeas
2392 1264 2727 1335 prapitium,
2776 1262 2870 1332 qui
2921 1261 3193 1316 materiali
3245 1268 3567 1317 sanctorum
3616 1275 3708 1315 ex-

2130 1372 2322 1428 pressa
2359 1356 2663 1411 delectatur
2688 1354 2882 1426 eﬂigie,
2908 1354 3036 1408 odio
3065 1362 3249 1408 autem
3294 1353 3463 1407 habet
3492 1350 3705 1407 Satanz

2132 1458 2191 1503 et
2217 1448 2594 1517 improborum
2623 1447 2745 1516 ejus
2771 1447 3065 1501 satellitum
3095 1445 3546 1500 abominationes
3575 1463 3591 1499 :
3619 1445 3707 1515 qui

2134 1555 2258 1595 cum
2292 1540 2484 1594 vident
2515 1537 2723 1593 Christi
2755 1546 2812 1591 et
2834 1537 2956 1606 ejus
2989 1551 3277 1591 servorum
3323 1544 3540 1591 erectas
3582 1536 3715 1590 ima-

2135 1633 2311 1704 gines,
2347 1638 2696 1693 evertuntur,
2748 1628 3115 1699 ingemiscunt
3148 1636 3204 1683 et
3244 1627 3483 1691 deﬂent,
3528 1635 3589 1682 et
3622 1628 3716 1682 ad-

2137 1740 2331 1780 versus
2356 1739 2473 1790 eos,
2502 1722 2596 1794 qui
2626 1723 2743 1777 haec
2771 1721 3025 1775 lubenter
3051 1719 3282 1785 faciunt,
3308 1720 3547 1775 strident
3584 1720 3716 1775 den-

2130 1817 2304 1879 tibus,
2338 1824 2395 1870 et
2422 1815 2702 1886 pulverem
2727 1813 2971 1867 excitant
2997 1811 3396 1865 calamitatum.
3431 1809 3530 1865 His
3555 1825 3720 1865 enco—

2137 1898 2599 1964 miorum‘verbis
2636 1905 2885 1960 excitans
2941 1902 3239 1966 Tarasius,
3295 1910 3354 1956 et
3407 1901 3466 1956 in
3523 1902 3721 1956 tabulis

2138 1999 2438 2055 honorifice
2487 1997 2809 2067 insculpens
2864 1995 2936 2051 ab
2964 1995 3045 2051 eis
3077 2010 3178 2066 pro
3207 1994 3435 2049 Christo
3465 2004 3718 2063 suscepta

2138 2085 2444 2150 certamina
2478 2100 2534 2147 et
2573 2090 2857 2161 pericula,
2900 2103 3091 2145 eorum
3131 2086 3428 2142 insistebat
3462 2085 3718 2156 vestigifis,

2137 2178 2357 2234 etiamsi
2406 2178 2675 2232 manserit
2715 2176 2837 2233 sine
2876 2175 3168 2243 vibicibus,
3205 2189 3320 2229 non
3350 2183 3547 2230 autem
3575 2190 3667 2230 eos
3691 2189 3720 2226 a

2140 2278 2296 2341 tergo
2325 2269 2684 2341 sequebatur.

2755 2378 2986 2436 CAPUT
3022 2379 3092 2435 X.

2206 2471 2550 2542 Comparatio
2594 2472 2766 2527 sancti
2804 2470 3159 2594 Tqraslii'cum
3199 2470 3461 2541 apostolis
3485 2479 3539 2525 et
3565 2486 3658 2540 ρι-

2805 2551 3069 2594 ινιανεηε.

2805 2551 3069 2596 triarcltis.

2210 2634 2302 2689 Η.
2342 2634 2638 2689 Videamus
2669 2648 2822 2696 vero,
2866 2649 2937 2688 an
2986 2633 3150 2689 etiam
3197 2633 3563 2688 contenderit
3604 2649 3715 2687 eum

2143 2723 2211 2778 iis
2237 2725 2329 2794 qui
2369 2732 2528 2778 erant
2568 2724 2624 2778 in
2669 2723 2858 2793 gratia.
2901 2722 3040 2777 Nam
3068 2738 3195 2778 cum
3232 2722 3402 2778 Verbi
3457 2723 3711 2793 discipuli,

2144 2815 2344 2867 mentis
2379 2813 2434 2867 in
2476 2813 2791 2884 Magistrum
2822 2806 3345 2877 imtnutahilitatem,
3371 2829 3474 2884 per
3493 2801 3713 2869 divinam

2142 2904 2498 2960 ostenderent
2527 2903 2949 2968 confessionem,
2987 2904 3104 2973 ipse
3140 2919 3363 2974 quoque
3388 2919 3504 2958 eam
3534 2920 3724 2958 scrva-

468 2985 814 3070 attteinmon
858 3015 1039 3084 potius
1076 3030 1143 3070 ex
1189 3013 1256 3069 iis
1291 3015 1498 3084 accepit
1545 3014 1876 3069 utilitatem?
1913 3013 2045 3080 Quis

2147 2994 2227 3048 vit
2277 2995 2540 3065 integram
2592 3001 2647 3048 et
2700 2985 3066 3048 inviolabilem
3096 3009 3125 3047 a
3155 3004 3407 3049 materno
3430 3004 3631 3060 ,ulero,
3672 3006 3727 3050 et

468 3121 539 3161 ex
569 3105 762 3160 crebra
814 3119 879 3159 ac
915 3106 1164 3177 diligenti
1207 3122 1396 3161 eorum
1447 3105 1884 3160 consideratione
1935 3121 2048 3160 non

471 3202 792 3265 perpetuam
820 3195 1161 3264 comparavit
1190 3195 1512 3250 memoriam
1558 3194 1752 3249 salutis
1790 3195 2048 3248 concilia-

472 3287 663 3342 tricem
682 3287 707 3340 ἲ

543 3376 632 3430 45.
666 3375 763 3429 Dic
791 3373 921 3427 mihi
960 3373 1107 3428 enim
1129 3412 1143 3436 ,
1179 3373 1273 3442 qui
1318 3371 1540 3427 infamis
1586 3380 1641 3427 et
1678 3370 2052 3441 ignominiosa:

473 3449 646 3534 partis
673 3463 920 3516 ordinem
950 3462 1155 3526 laudas,
1192 3477 1226 3516 o
1258 3462 1544 3526 heretice;
1577 3475 1757 3529 neque
1793 3461 1941 3514 enim
1967 3461 2052 3514 di-

464 3546 655 3607 dicisti
705 3552 976 3606 honorare
1030 3550 1176 3620 quod
1250 3561 1338 3606 est
1389 3551 1611 3621 dignum
1666 3551 1909 3613 honore;
1961 3550 2053 3619 qui

477 3643 637 3698 idolis
678 3652 736 3697 et
766 3641 1093 3696 venerandis
1139 3641 1472 3712 imaginibus
1520 3640 1772 3694 lubenter
1805 3640 2053 3693 eamdem

477 3732 675 3788 tribuis
707 3732 1085 3803 ignominiam,
1117 3733 1346 3801 quando’
1368 3731 1584 3803 profani
1623 3738 1679 3786 et
1715 3729 1885 3785 sancti
1915 3730 2056 3783 scies

477 3825 871 3887 dill‘erentiam,
908 3833 968 3878 et
998 3824 1088 3885 iis,
1121 3838 1243 3892 quae
1283 3838 1348 3878 ex
1387 3823 1498 3877 illis
1536 3822 1904 3881 deducuntur,
1955 3819 2054 3872 tri-

476 3912 617 3970 bues
651 3914 703 3968 id
729 3913 874 3984 quod
898 3914 1198 3969 convenit?
1229 3913 1325 3968 Est
1348 3913 1493 3968 enim
1524 3913 1806 3982 proprium
1840 3910 1974 3984 legis
2002 3918 2057 3964 et

458 4005 829 4067 eruditionis,
883 4013 1072 4059 sancta
1116 4005 1430 4060 discernere
1469 4019 1498 4057 a
1535 4003 1798 4073 profanis,
1850 4012 1908 4057 et
1954 4001 2057 4055 im-

480 4097 686 4151 munda
735 4111 765 4150 a
813 4095 1074 4150 mundis:
1108 4095 1382 4164 quomodo
1423 4109 1613 4147 rursus
1644 4101 1727 4147 est
1756 4090 2057 4161 iniquitatis

462 4199 537 4243 et
568 4188 820 4252 inscitiae,
869 4203 990 4257 quae
1021 4186 1165 4240 inter
1210 4200 1272 4239 se
1309 4193 1575 4255 pugnant,
1621 4184 1783 4237 simul
1819 4198 2015 4253 cogere
2039 4221 2055 4245 ,

480 4279 861 4350 permiseendo
884 4287 941 4331 et
968 4276 1357 4331 confundenda
1381 4277 1582 4330 omnia.
1609 4275 1666 4330 Si
1690 4276 1839 4329 enim
1864 4274 2054 4330 Jovem

2153 3085 2312 3140 factis
2342 3086 2519 3155 ipsum
2553 3100 2745 3141 verum
2778 3085 2947 3139 Deum
2979 3085 3309 3155 prtedieans,
3348 3086 3445 3156 qui
3470 3102 3537 3141 ex
3564 3084 3730 3140 llar’a

2151 3177 2207 3231 in
2235 3176 2439 3232 ultimis
2478 3175 2837 3245 temporibus,
2874 3181 2932 3229 et
2970 3189 3036 3228 ex
3064 3172 3227 3227 Patre
3256 3181 3389 3228 ante
3420 3175 3625 3229 srcula
3656 3186 3730 3229 est

2152 3269 2389 3340 genitus,
2419 3267 2683 3337 aequalem
2718 3265 2885 3329 Patri,
2936 3266 3081 3335 quod
3128 3266 3328 3320 attinet
3374 3267 3450 3320 ad
3496 3268 3733 3336 ejusdem

2152 3360 2336 3431 gloriae
2391 3359 2650 3412 virtutem
2707 3342 3027 3413 divinitatis.
3088 3355 3181 3411 Sic
3222 3372 3347 3410 curn
3400 3356 3737 3429 Pbilippoet

2154 3451 2366 3505 Thoma
2416 3451 2697 3505 decretum
2756 3449 3023 3521 protulit,
3104 3448 3399 3502 Dominum
3462 3458 3523 3504 et
3578 3449 3737 3504 Deum

2154 3544 2435 3598 Christum
2478 3542 2688 3605 dicens,
2741 3557 2850 3596 non
2882 3541 3121 3612 palpatis
3154 3556 3277 3610 quae
3308 3541 3488 3595 clavis
3517 3542 3740 3596 confixa

2156 3634 2395 3700 fuerant,
2422 3634 2700 3696 manibus,
2732 3648 2911 3702 neque
2936 3632 3200 3702 quaesitis,
3218 3646 3343 3702 quas
3368 3648 3475 3702 per
3499 3633 3739 3688 lanceam

2155 3726 2311 3782 facta:
2346 3735 2525 3791 erant,
2562 3725 2949 3794 punctionibus
2999 3722 3195 3794 (Joau.
3233 3739 3336 3788 xx,
3366 3724 3502 3793 27).
3543 3723 3739 3791 Quam-

2155 3819 2343 3873 obrem
2389 3819 2611 3873 beatum
2663 3831 2883 3886 quoque
2932 3816 3098 3870 finem
3146 3826 3340 3885 aperte
3385 3820 3609 3887 accepit
3651 3832 3741 3888 per

2154 3911 2369 3966 fidelem
2411 3919 2467 3964 et
2511 3910 2815 3964 ferventem
2858 3908 3284 3963 confessionem.
3339 3905 3435 3962 Sic
3496 3908 3739 3963 Zehedazi

2157 4000 2328 4055 lilium
2372 4010 2598 4054 secutus
2638 4008 2744 4063 est,
2783 3999 2875 4069 qui
2918 3998 3223 4067 appellatus
3266 3996 3370 4052 fuit
3414 3998 3566 4053 filius
3602 3999 3741 4053 toni-

2156 4103 2246 4148 tru
2274 4091 2479 4162 (Marc.
2512 4107 2595 4155 m,
2634 4092 2730 4157 l7)
2761 4110 2775 4146 :
2808 4099 3094 4161 propterea
3126 4089 3272 4158 quod
3324 4099 3522 4159 aperte
3550 4090 3742 4145 memi-

2155 4183 2243 4237 nit
2265 4183 2318 4235 in
2363 4181 2636 4251 principio
2658 4180 2900 4235 Verbum
2936 4194 3079 4239 esse.
3106 4186 3163 4232 et
3192 4180 3341 4248 apud
3375 4178 3552 4234 Deum
3578 4194 3696 4234 esse
3723 4199 3739 4234 :

2157 4282 2214 4328 et
2242 4273 2504 4328 erudiens
2544 4272 2728 4327 eﬂ'ecit
2775 4272 2915 4326 alios
2970 4270 3166 4341 spiritu
3203 4272 3575 4341 apostolicos,
3615 4288 3738 4344 pro-

480 4385 609 4425 cum
638 4370 929 4423 Servatore
949 4382 1300 4437 comparans,
1331 4367 1384 4420 in
1408 4382 1475 4421 eo
1496 4367 1641 4437 quod
1669 4365 2055 4421 venerabiliter
2088 4360 2130 4415 ι)
2160 4375 2348 4436 pterea
2393 4364 2539 4434 quod
2582 4363 3042 4435 evangelistarum
3097 4363 3365 4418 divinitus
3410 4365 3739 4434 inspiratnrn

478 4462 819 4534 exprimatur
838 4458 1062 4531 efﬁgies,
1092 4460 1198 4515 hoc
1238 4458 1476 4514 afﬁrmas
1528 4459 1649 4514 sine
1682 4457 1831 4513 omni
1859 4457 2056 4513 distin-

479 4555 706 4609 ctione:
756 4551 1025 4621 numquid
1053 4550 1438 4606 contumeliam
1492 4557 1549 4604 et
1594 4549 1852 4611 dedecus,
1909 4547 2056 4618 quod

476 4644 624 4709 Jovi,
673 4644 763 4712 qui
823 4642 961 4697 falso
1013 4641 1243 4704 dicitur,
1292 4639 1526 4705 tribuis,
1586 4649 1789 4694 sanctae
1836 4652 2056 4709 quoque

479 4735 680 4790 Christi
711 4735 901 4790 formae
935 4734 1159 4789 inures?
1195 4732 1392 4789 Audivi
1426 4732 1573 4787 enim
1608 4742 1662 4788 te
1692 4731 1875 4787 inania
1902 4748 2056 4802 quae-

479 4827 605 4880 dam
640 4825 951 4893 hujusmodi
986 4826 1259 4881 adducere
1293 4841 1359 4881 ac
1392 4825 1690 4890 blaterare,
1725 4832 1780 4879 et
1829 4824 1917 4890 iis,
1960 4824 2056 4893 qui

481 4936 511 4972 a
541 4917 747 4971 Christi
774 4925 1042 4972 vocantur
1066 4919 1313 4982 nomine,
1336 4927 1393 4972 et
1416 4917 1698 4972 Trinitatis
1725 4916 1913 4987 gloriae
1938 4915 2055 4971 cul-

480 5017 622 5072 tum,
656 5008 922 5063 honorem
957 5018 1013 5063 et
1055 5010 1226 5063 solam
1260 5009 1429 5064 latrim
1456 5009 1829 5064 adorationem
1862 5009 2056 5063 invisi-

483 5098 665 5156 biliter
683 5106 740 5153 et
766 5108 973 5151 canunt
1001 5106 1053 5152 et
1068 5099 1335 5165 tribuunt,
1357 5099 1630 5153 intentare
1655 5098 1861 5153 crimen
1880 5098 2050 5153 idolo-

479 5193 673 5258 latria,
714 5199 771 5247 et
804 5190 1041 5262 maligne
1074 5190 1306 5245 miscere
1363 5207 1483 5261 quae
1509 5206 1619 5246 non
1658 5200 1888 5261 possunt
1917 5192 2058 5247 inter

478 5301 539 5343 se
561 5283 880 5341 convenire.
914 5280 1032 5338 Non
1055 5281 1153 5337 das
1178 5282 1549 5339 differentiam
1574 5283 1828 5354 imaginis
1850 5282 2056 5337 Christi

478 5385 536 5431 et
567 5374 847 5431 simulacri
889 5372 1086 5431 lovis?
1127 5372 1247 5429 Non
1281 5373 1519 5430 honoras
1551 5374 1862 5440 Christum,
1910 5372 2056 5443 quod

554 5510 664 5582 (δῖ)
703 5511 783 5566 lta
814 5511 957 5583 apud
992 5509 1359 5582 Nicephorum
1393 5510 1571 5583 sancti
1596 5509 1812 5583 Tarasii
1837 5523 2059 5583 succes-

483 5579 659 5652 sorem
708 5583 762 5635 in
814 5579 1075 5652 C'atalogo
1106 5579 1805 5652 epiSCOportundByzantii,
1846 5580 2057 5652 primus

486 5600 659 5634 SOI'CIII
709 5600 762 5635 ιη
814 5600 1075 5652 ωιιιιιοεο
1106 5600 1293 5652 EPISCO
1331 5600 1488 5634 οτιιιῐι
1540 5600 1805 5650 ιηίθηιιι,
1846 5600 2054 5649 primu

486 5650 727 5723 Andreas
754 5654 1037 5719 apostolus
1069 5666 1249 5723 prteco
1292 5600 1536 5722 Byzantii
1560 5652 1694 5723 “fuit
1740 5649 2054 5723 Evangelii;

484 5721 757 5774 exstruxit
784 5723 978 5789 aedem,
1012 5721 1198 5794 inqua
1229 5721 1486 5796 precibus
1521 5721 1625 5792 piis
1658 5722 2047 5790 ἱιιψιηινειιηειιιιε

2157 4458 2608 4522 instrumentum,
2652 4466 2713 4511 ut
2756 4470 2991 4527 quorum
3032 4469 3165 4511 voce
3208 4456 3401 4511 mundi
3456 4459 3609 4513 salus
3657 4473 3741 4512 re-

2157 4559 2333 4615 sonet,
2371 4549 2423 4604 in
2478 4549 2763 4613 Ecclesiis,
2803 4564 2926 4619 qua:
2977 4555 3135 4604 erant
3191 4548 3396 4618 ubique
3446 4558 3737 4613 terrarum,

2156 4641 2431 4696 coloribus
2461 4655 2778 4711 expressum
2811 4640 3202 4702 materialibus,
3231 4642 3639 4698 convenienter
3662 4644 3741 4697 di-

2156 4732 2298 4788 vina:
2324 4741 2380 4787 et
2408 4741 2650 4803 paterna;
2681 4732 2958 4788 traditioni
2997 4732 3226 4803 jusserit
3254 4750 3268 4786 :
3295 4742 3357 4788 ut
3385 4749 3547 4789 mens
3590 4750 3737 4790 com-

2157 4835 2359 4893 puncta
2390 4840 2487 4894 per
2516 4825 2889 4896 evangelicam
2919 4840 3241 4895 sacramque
3267 4825 3505 4898 eﬂigiem
3528 4838 3585 4882 et
3613 4842 3735 4881 san-

2156 4916 2399 4971 ctitatem
2432 4915 2499 4970 ad
2540 4914 2733 4979 Deum,
2760 4915 2855 4986 qui
2895 4916 3012 4970 haec
3043 4916 3124 4971 eis
3154 4915 3464 4986 inspiravit,
3498 4916 3733 4971 multifa-

2158 5006 2294 5060 riam
2328 5007 2589 5061 honorem
2619 5006 3037 5071 transmitteret,
3064 5015 3121 5063 et
3148 5006 3468 5063 etileeretur
3495 5016 3736 5078 recepta-

2160 5096 2347 5152 culum
2407 5096 2844 5153 venerandarum
2892 5097 3527 5153 auditionum.Andrea3
3586 5112 3731 5160 vero,

2156 5188 2250 5258 qui
2310 5187 2414 5249 fuit
2447 5194 2670 5243 vocatus
2704 5186 2914 5256 primus
2940 5202 3007 5245 ex
3038 5188 3299 5258 apostolis
3334 5185 3523 5259 (δοσιν.
3557 5202 3598 5252 ι,
3620 5186 3729 5256 40),

2157 5281 2298 5335 adeo
2346 5279 2448 5334 fuit
2477 5278 2815 5350 propinquus
2855 5290 2913 5335 et
2944 5280 3270 5350 eonjunctus
3296 5294 3562 5351 germano
3612 5279 3731 5333 vita

2157 5371 2429 5435 instituto,
2464 5377 2526 5424 ut
2552 5369 2667 5440 (62)
2698 5369 2941 5425 habenas
2964 5370 3207 5442 ejusdem
3237 5371 3528 5441 pastoralis
3553 5369 3727 5426 cathe-

2159 5503 2326 5569 Deus,
2357 5502 3163 5575 ultraregionent_Argyropoli
3183 5545 3198 5569 ,
3228 5512 3283 5559 et
3311 5502 3727 5575 ordinavitepi-

2158 5589 2386 5643 scopum
2447 5573 2602 5627 urbis
2624 5573 2778 5644 illius
2802 5572 3076 5644 ‘Slachyn,
3109 5574 3267 5644 cujus
3296 5574 3554 5631 meminit
3585 5574 3723 5644 Apo-

2160 5641 2335 5700 stolus
2361 5644 2415 5699 in
2444 5642 2673 5713 epistola
2703 5643 2770 5698 ad
2799 5641 3097 5709 Romanos,
3126 5641 3246 5715 cap.
3279 5659 3394 5710 xvi,
3427 5645 3485 5699 9.
