  <div class='ocr_page' id='page_1' title='image "/cluster/home/n/w/nwhite01/storage/ocr_20150623/98/hvd.32044073502148/714.png"; bbox 0 0 3936 6212; ppageno 0'>
   <div class='ocr_carea' id='block_1_1' title="bbox 303 205 530 312">
    <p class='ocr_par' dir='ltr' id='par_1_1' title="bbox 303 205 530 312">
     <span class='ocr_line' id='line_1_1' title="bbox 303 205 530 312; baseline 0.009 -2"><span class='ocrx_word' id='word_1_1' title='bbox 303 205 306 208; x_wconf 56' lang='grc'><strong>’</strong></span> <span class='ocrx_word' id='word_1_2' title='bbox 395 247 530 312; x_wconf 63' lang='grc'><strong>1417</strong></span> 
     </span>
    </p>
   </div>
   <div class='ocr_carea' id='block_1_2' title="bbox 1935 259 2134 321">
    <p class='ocr_par' dir='ltr' id='par_1_2' title="bbox 1935 259 2134 321">
     <span class='ocr_line' id='line_1_2' title="bbox 1935 259 2134 321; baseline -0.005 0"><span class='ocrx_word' id='word_1_3' title='bbox 1935 259 2134 321; x_wconf 82' lang='lat' dir='ltr'><strong>VITA.</strong></span> 
     </span>
    </p>
   </div>
   <div class='ocr_carea' id='block_1_3' title="bbox 3509 254 3650 320">
    <p class='ocr_par' dir='ltr' id='par_1_3' title="bbox 3509 254 3650 320">
     <span class='ocr_line' id='line_1_3' title="bbox 3509 254 3650 320; baseline 0.021 -3"><span class='ocrx_word' id='word_1_4' title='bbox 3509 254 3650 320; x_wconf 72' lang='grc'><strong>1418</strong></span> 
     </span>
    </p>
   </div>
   <div class='ocr_carea' id='block_1_4' title="bbox 385 361 3650 436">
    <p class='ocr_par' dir='ltr' id='par_1_4' title="bbox 385 361 3650 436">
     <span class='ocr_line' id='line_1_4' title="bbox 385 361 3650 436; baseline 0.002 -23"><span class='ocrx_word' id='word_1_5' title='bbox 385 364 672 429; x_wconf 67' lang='grc' dir='ltr'><strong>ιιε·ειε,ροει</strong></span> <span class='ocrx_word' id='word_1_6' title='bbox 693 361 1004 424; x_wconf 73' lang='lat' dir='ltr'><strong>totsaecula,</strong></span> <span class='ocrx_word' id='word_1_7' title='bbox 1037 362 1134 417; x_wconf 89' lang='lat' dir='ltr'><strong>sed</strong></span> <span class='ocrx_word' id='word_1_8' title='bbox 1157 377 1388 419; x_wconf 89' lang='lat' dir='ltr'><strong>numero</strong></span> <span class='ocrx_word' id='word_1_9' title='bbox 1410 364 1567 420; x_wconf 84' lang='lat' dir='ltr'><strong>valde</strong></span> <span class='ocrx_word' id='word_1_10' title='bbox 1601 365 1968 434; x_wconf 73' lang='lat' dir='ltr'><strong>multiplicata:</strong></span> <span class='ocrx_word' id='word_1_11' title='bbox 1997 375 2040 430; x_wconf 76' lang='grc' dir='ltr'><strong>Α</strong></span> <span class='ocrx_word' id='word_1_12' title='bbox 2071 367 2312 436; x_wconf 84' lang='lat' dir='ltr'><strong>pretioso</strong></span> <span class='ocrx_word' id='word_1_13' title='bbox 2352 365 2445 420; x_wconf 91' lang='lat' dir='ltr'><strong>illo</strong></span> <span class='ocrx_word' id='word_1_14' title='bbox 2491 364 2784 436; x_wconf 81' lang='lat' dir='ltr'><strong>sanguine,</strong></span> <span class='ocrx_word' id='word_1_15' title='bbox 2827 379 2988 433; x_wconf 85' lang='lat' dir='ltr'><strong>quem</strong></span> <span class='ocrx_word' id='word_1_16' title='bbox 3035 363 3348 429; x_wconf 88' lang='lat' dir='ltr'><strong>ostendens,</strong></span> <span class='ocrx_word' id='word_1_17' title='bbox 3383 365 3548 420; x_wconf 83' lang='lat' dir='ltr'><strong>dabat</strong></span> <span class='ocrx_word' id='word_1_18' title='bbox 3583 367 3650 420; x_wconf 89' lang='lat' dir='ltr'><strong>ad</strong></span> 
     </span>
    </p>
   </div>
   <div class='ocr_carea' id='block_1_5' title="bbox 387 446 1962 528">
    <p class='ocr_par' dir='ltr' id='par_1_5' title="bbox 387 446 1962 528">
     <span class='ocr_line' id='line_1_5' title="bbox 387 446 1962 528; baseline 0.004 -24"><span class='ocrx_word' id='word_1_19' title='bbox 387 450 679 519; x_wconf 83' lang='lat' dir='ltr'><strong>acceperit,</strong></span> <span class='ocrx_word' id='word_1_20' title='bbox 709 463 766 506; x_wconf 88' lang='lat' dir='ltr'><strong>ct</strong></span> <span class='ocrx_word' id='word_1_21' title='bbox 791 451 857 505; x_wconf 86' lang='lat' dir='ltr'><strong>ad</strong></span> <span class='ocrx_word' id='word_1_22' title='bbox 897 461 1100 506; x_wconf 90' lang='lat' dir='ltr'><strong>metam</strong></span> <span class='ocrx_word' id='word_1_23' title='bbox 1126 446 1365 509; x_wconf 70' lang='lat' dir='ltr'><strong>eailestis</strong></span> <span class='ocrx_word' id='word_1_24' title='bbox 1393 469 1592 512; x_wconf 87' lang='lat' dir='ltr'><strong>cursus</strong></span> <span class='ocrx_word' id='word_1_25' title='bbox 1623 471 1842 528; x_wconf 85' lang='lat' dir='ltr'><strong>gregem</strong></span> <span class='ocrx_word' id='word_1_26' title='bbox 1865 473 1962 526; x_wconf 75' lang='lat' dir='ltr'><strong>per</strong></span> 
     </span>
    </p>
   </div>
   <div class='ocr_carea' id='block_1_6' title="bbox 389 541 1967 614">
    <p class='ocr_par' dir='ltr' id='par_1_6' title="bbox 389 541 1967 614">
     <span class='ocr_line' id='line_1_6' title="bbox 389 541 1967 614; baseline 0.006 -18"><span class='ocrx_word' id='word_1_27' title='bbox 389 541 648 596; x_wconf 72' lang='lat' dir='ltr'><strong>virtutem</strong></span> <span class='ocrx_word' id='word_1_28' title='bbox 671 541 978 614; x_wconf 80' lang='lat' dir='ltr'><strong>deduxerit,</strong></span> <span class='ocrx_word' id='word_1_29' title='bbox 1003 553 1060 599; x_wconf 88' lang='lat' dir='ltr'><strong>et</strong></span> <span class='ocrx_word' id='word_1_30' title='bbox 1077 544 1321 600; x_wconf 66' lang='lat' dir='ltr'><strong>victoria:</strong></span> <span class='ocrx_word' id='word_1_31' title='bbox 1345 546 1424 600; x_wconf 89' lang='lat' dir='ltr'><strong>eis</strong></span> <span class='ocrx_word' id='word_1_32' title='bbox 1449 561 1614 602; x_wconf 84' lang='lat' dir='ltr'><strong>causa</strong></span> <span class='ocrx_word' id='word_1_33' title='bbox 1640 546 1808 604; x_wconf 77' lang='lat' dir='ltr'><strong>fuerit</strong></span> <span class='ocrx_word' id='word_1_34' title='bbox 1833 562 1967 604; x_wconf 86' lang='lat' dir='ltr'><strong>con-</strong></span> 
     </span>
    </p>
   </div>
   <div class='ocr_carea' id='block_1_7' title="bbox 391 633 1964 710">
    <p class='ocr_par' dir='ltr' id='par_1_7' title="bbox 391 633 1964 710">
     <span class='ocr_line' id='line_1_7' title="bbox 391 633 1964 710; baseline 0.008 -24"><span class='ocrx_word' id='word_1_35' title='bbox 391 641 469 688; x_wconf 82' lang='lat' dir='ltr'><strong>tra</strong></span> <span class='ocrx_word' id='word_1_36' title='bbox 501 633 866 692; x_wconf 76' lang='lat' dir='ltr'><strong>adversarios.</strong></span> <span class='ocrx_word' id='word_1_37' title='bbox 903 635 1073 690; x_wconf 83' lang='lat' dir='ltr'><strong>Paulo</strong></span> <span class='ocrx_word' id='word_1_38' title='bbox 1095 667 1102 672; x_wconf 90' lang='lat'><strong>-</strong></span> <span class='ocrx_word' id='word_1_39' title='bbox 1124 644 1308 691; x_wconf 81' lang='lat' dir='ltr'><strong>autem</strong></span> <span class='ocrx_word' id='word_1_40' title='bbox 1356 635 1459 692; x_wconf 82' lang='lat' dir='ltr'><strong>fuit</strong></span> <span class='ocrx_word' id='word_1_41' title='bbox 1485 638 1768 710; x_wconf 86' lang='lat' dir='ltr'><strong>colligatus</strong></span> <span class='ocrx_word' id='word_1_42' title='bbox 1792 639 1848 693; x_wconf 90' lang='lat' dir='ltr'><strong>in</strong></span> <span class='ocrx_word' id='word_1_43' title='bbox 1877 655 1964 704; x_wconf 84' lang='lat' dir='ltr'><strong>eo,</strong></span> 
     </span>
    </p>
   </div>
   <div class='ocr_carea' id='block_1_8' title="bbox 383 725 1964 798">
    <p class='ocr_par' dir='ltr' id='par_1_8' title="bbox 383 725 1964 798">
     <span class='ocr_line' id='line_1_8' title="bbox 383 725 1964 798; baseline 0.007 -21"><span class='ocrx_word' id='word_1_44' title='bbox 383 725 532 795; x_wconf 84' lang='lat' dir='ltr'><strong>quod</strong></span> <span class='ocrx_word' id='word_1_45' title='bbox 569 727 623 779; x_wconf 92' lang='lat' dir='ltr'><strong>in</strong></span> <span class='ocrx_word' id='word_1_46' title='bbox 653 727 903 782; x_wconf 82' lang='lat' dir='ltr'><strong>docendo</strong></span> <span class='ocrx_word' id='word_1_47' title='bbox 930 728 1136 797; x_wconf 86' lang='lat' dir='ltr'><strong>primas</strong></span> <span class='ocrx_word' id='word_1_48' title='bbox 1181 738 1363 798; x_wconf 89' lang='lat' dir='ltr'><strong>partes</strong></span> <span class='ocrx_word' id='word_1_49' title='bbox 1398 730 1720 790; x_wconf 76' lang='lat' dir='ltr'><strong>obtinuerit.</strong></span> <span class='ocrx_word' id='word_1_50' title='bbox 1767 730 1964 788; x_wconf 88' lang='lat' dir='ltr'><strong>Totum</strong></span> 
     </span>
    </p>
   </div>
   <div class='ocr_carea' id='block_1_9' title="bbox 386 816 1964 878">
    <p class='ocr_par' dir='ltr' id='par_1_9' title="bbox 386 816 1964 878">
     <span class='ocr_line' id='line_1_9' title="bbox 386 816 1964 878; baseline 0.004 -6"><span class='ocrx_word' id='word_1_51' title='bbox 386 816 533 872; x_wconf 84' lang='lat' dir='ltr'><strong>enim</strong></span> <span class='ocrx_word' id='word_1_52' title='bbox 566 817 832 872; x_wconf 83' lang='lat' dir='ltr'><strong>mundum</strong></span> <span class='ocrx_word' id='word_1_53' title='bbox 857 819 1007 874; x_wconf 89' lang='lat' dir='ltr'><strong>verbi</strong></span> <span class='ocrx_word' id='word_1_54' title='bbox 1039 819 1272 874; x_wconf 80' lang='lat' dir='ltr'><strong>nexibus</strong></span> <span class='ocrx_word' id='word_1_55' title='bbox 1289 820 1562 876; x_wconf 87' lang='lat' dir='ltr'><strong>inclusum</strong></span> <span class='ocrx_word' id='word_1_56' title='bbox 1587 823 1729 876; x_wconf 86' lang='lat' dir='ltr'><strong>intra</strong></span> <span class='ocrx_word' id='word_1_57' title='bbox 1749 823 1964 878; x_wconf 89' lang='lat' dir='ltr'><strong>decreta</strong></span> 
     </span>
    </p>
   </div>
   <div class='ocr_carea' id='block_1_10' title="bbox 387 906 1966 983">
    <p class='ocr_par' dir='ltr' id='par_1_10' title="bbox 387 906 1966 983">
     <span class='ocr_line' id='line_1_10' title="bbox 387 906 1966 983; baseline 0.004 -23"><span class='ocrx_word' id='word_1_58' title='bbox 387 906 782 970; x_wconf 73' lang='lat' dir='ltr'><strong>welesiastica.</strong></span> <span class='ocrx_word' id='word_1_59' title='bbox 809 910 1086 978; x_wconf 74' lang='lat' dir='ltr'><strong>sapienter</strong></span> <span class='ocrx_word' id='word_1_60' title='bbox 1105 909 1284 965; x_wconf 79' lang='lat' dir='ltr'><strong>eﬁ‘ecit</strong></span> <span class='ocrx_word' id='word_1_61' title='bbox 1303 912 1566 982; x_wconf 79' lang='lat' dir='ltr'><strong>populum</strong></span> <span class='ocrx_word' id='word_1_62' title='bbox 1595 911 1708 968; x_wconf 90' lang='lat' dir='ltr'><strong>Deo</strong></span> <span class='ocrx_word' id='word_1_63' title='bbox 1726 911 1966 983; x_wconf 81' lang='lat' dir='ltr'><strong>acquisi-</strong></span> 
     </span>
    </p>
   </div>
   <div class='ocr_carea' id='block_1_11' title="bbox 389 999 1965 1072">
    <p class='ocr_par' dir='ltr' id='par_1_11' title="bbox 389 999 1965 1072">
     <span class='ocr_line' id='line_1_11' title="bbox 389 999 1965 1072; baseline 0.003 -20"><span class='ocrx_word' id='word_1_64' title='bbox 389 1005 502 1052; x_wconf 84' lang='lat' dir='ltr'><strong>tum</strong></span> <span class='ocrx_word' id='word_1_65' title='bbox 554 1006 611 1054; x_wconf 89' lang='lat' dir='ltr'><strong>et</strong></span> <span class='ocrx_word' id='word_1_66' title='bbox 663 999 842 1070; x_wconf 84' lang='lat' dir='ltr'><strong>regale</strong></span> <span class='ocrx_word' id='word_1_67' title='bbox 893 1001 1283 1056; x_wconf 83' lang='lat' dir='ltr'><strong>sacerdotium.</strong></span> <span class='ocrx_word' id='word_1_68' title='bbox 1338 1000 1558 1056; x_wconf 86' lang='lat' dir='ltr'><strong>Petrum</strong></span> <span class='ocrx_word' id='word_1_69' title='bbox 1616 1011 1772 1064; x_wconf 75' lang='lat' dir='ltr'><strong>vero;</strong></span> <span class='ocrx_word' id='word_1_70' title='bbox 1819 1002 1965 1072; x_wconf 87' lang='lat' dir='ltr'><strong>quod</strong></span> 
     </span>
    </p>
   </div>
   <div class='ocr_carea' id='block_1_12' title="bbox 387 1090 1966 1174">
    <p class='ocr_par' dir='ltr' id='par_1_12' title="bbox 387 1090 1966 1174">
     <span class='ocr_line' id='line_1_12' title="bbox 387 1090 1966 1174; baseline 0.001 -28"><span class='ocrx_word' id='word_1_71' title='bbox 387 1090 684 1146; x_wconf 71' lang='lat' dir='ltr'><strong>munitorum</strong></span> <span class='ocrx_word' id='word_1_72' title='bbox 719 1101 936 1160; x_wconf 82' lang='lat' dir='ltr'><strong>patrum</strong></span> <span class='ocrx_word' id='word_1_73' title='bbox 967 1106 1216 1174; x_wconf 79' lang='lat' dir='ltr'><strong>summus</strong></span> <span class='ocrx_word' id='word_1_74' title='bbox 1247 1094 1322 1148; x_wconf 87' lang='lat' dir='ltr'><strong>sit</strong></span> <span class='ocrx_word' id='word_1_75' title='bbox 1347 1095 1672 1164; x_wconf 86' lang='lat' dir='ltr'><strong>appellatus,</strong></span> <span class='ocrx_word' id='word_1_76' title='bbox 1718 1104 1776 1149; x_wconf 87' lang='lat' dir='ltr'><strong>et</strong></span> <span class='ocrx_word' id='word_1_77' title='bbox 1818 1094 1966 1164; x_wconf 84' lang='lat' dir='ltr'><strong>quod</strong></span> 
     </span>
    </p>
   </div>
   <div class='ocr_carea' id='block_1_13' title="bbox 387 1175 1967 1256">
    <p class='ocr_par' dir='ltr' id='par_1_13' title="bbox 387 1175 1967 1256">
     <span class='ocr_line' id='line_1_13' title="bbox 387 1175 1967 1256; baseline 0.006 -22"><span class='ocrx_word' id='word_1_78' title='bbox 387 1181 440 1235; x_wconf 83' lang='lat' dir='ltr'><strong>ei</strong></span> <span class='ocrx_word' id='word_1_79' title='bbox 469 1175 740 1256; x_wconf 80' lang='lat' dir='ltr'><strong>creditum</strong></span> <span class='ocrx_word' id='word_1_80' title='bbox 759 1183 926 1239; x_wconf 80' lang='lat' dir='ltr'><strong>fuerit</strong></span> <span class='ocrx_word' id='word_1_81' title='bbox 949 1185 1126 1255; x_wconf 83' lang='lat' dir='ltr'><strong>ligare</strong></span> <span class='ocrx_word' id='word_1_82' title='bbox 1139 1195 1194 1239; x_wconf 89' lang='lat' dir='ltr'><strong>et</strong></span> <span class='ocrx_word' id='word_1_83' title='bbox 1215 1185 1450 1250; x_wconf 73' lang='lat' dir='ltr'><strong>solve‘re,</strong></span> <span class='ocrx_word' id='word_1_84' title='bbox 1477 1199 1817 1256; x_wconf 60' lang='lat' dir='ltr'><strong>quacunque</strong></span> <span class='ocrx_word' id='word_1_85' title='bbox 1836 1198 1967 1242; x_wconf 87' lang='lat' dir='ltr'><strong>sunt</strong></span> 
     </span>
    </p>
   </div>
   <div class='ocr_carea' id='block_1_14' title="bbox 385 1271 1962 1346">
    <p class='ocr_par' dir='ltr' id='par_1_14' title="bbox 385 1271 1962 1346">
     <span class='ocr_line' id='line_1_14' title="bbox 385 1271 1962 1346; baseline 0.004 -20"><span class='ocrx_word' id='word_1_86' title='bbox 385 1271 608 1328; x_wconf 78' lang='lat' dir='ltr'><strong>vinculo</strong></span> <span class='ocrx_word' id='word_1_87' title='bbox 643 1274 810 1344; x_wconf 88' lang='lat' dir='ltr'><strong>digna</strong></span> <span class='ocrx_word' id='word_1_88' title='bbox 839 1281 896 1329; x_wconf 86' lang='lat' dir='ltr'><strong>et</strong></span> <span class='ocrx_word' id='word_1_89' title='bbox 931 1275 1228 1340; x_wconf 86' lang='lat' dir='ltr'><strong>solutione,</strong></span> <span class='ocrx_word' id='word_1_90' title='bbox 1257 1277 1474 1331; x_wconf 77' lang='lat' dir='ltr'><strong>abunde</strong></span> <span class='ocrx_word' id='word_1_91' title='bbox 1501 1278 1791 1346; x_wconf 77' lang='lat' dir='ltr'><strong>expressit.</strong></span> <span class='ocrx_word' id='word_1_92' title='bbox 1825 1275 1962 1332; x_wconf 89' lang='lat' dir='ltr'><strong>Cum</strong></span> 
     </span>
    </p>
   </div>
   <div class='ocr_carea' id='block_1_15' title="bbox 385 1359 1966 1439">
    <p class='ocr_par' dir='ltr' id='par_1_15' title="bbox 385 1359 1966 1439">
     <span class='ocr_line' id='line_1_15' title="bbox 385 1359 1966 1439; baseline 0.006 -23"><span class='ocrx_word' id='word_1_93' title='bbox 385 1359 732 1419; x_wconf 63' lang='lat' dir='ltr'><strong>Prmenrsore</strong></span> <span class='ocrx_word' id='word_1_94' title='bbox 761 1365 1157 1422; x_wconf 78' lang='lat' dir='ltr'><strong>convenienter</strong></span> <span class='ocrx_word' id='word_1_95' title='bbox 1202 1367 1422 1436; x_wconf 84' lang='lat' dir='ltr'><strong>quidem</strong></span> <span class='ocrx_word' id='word_1_96' title='bbox 1473 1367 1546 1433; x_wconf 90' lang='lat' dir='ltr'><strong>ei,</strong></span> <span class='ocrx_word' id='word_1_97' title='bbox 1600 1368 1694 1438; x_wconf 90' lang='lat' dir='ltr'><strong>qui</strong></span> <span class='ocrx_word' id='word_1_98' title='bbox 1727 1369 1797 1424; x_wconf 90' lang='lat' dir='ltr'><strong>ab</strong></span> <span class='ocrx_word' id='word_1_99' title='bbox 1847 1368 1966 1439; x_wconf 90' lang='lat' dir='ltr'><strong>ipso</strong></span> 
     </span>
    </p>
   </div>
   <div class='ocr_carea' id='block_1_16' title="bbox 386 1453 1966 1528">
    <p class='ocr_par' dir='ltr' id='par_1_16' title="bbox 386 1453 1966 1528">
     <span class='ocr_line' id='line_1_16' title="bbox 386 1453 1966 1528; baseline 0.004 -20"><span class='ocrx_word' id='word_1_100' title='bbox 386 1453 490 1509; x_wconf 74' lang='lat' dir='ltr'><strong>fuit</strong></span> <span class='ocrx_word' id='word_1_101' title='bbox 516 1455 830 1525; x_wconf 65' lang='lat' dir='ltr'><strong>prmdictus.</strong></span> <span class='ocrx_word' id='word_1_102' title='bbox 863 1465 920 1511; x_wconf 90' lang='lat' dir='ltr'><strong>et</strong></span> <span class='ocrx_word' id='word_1_103' title='bbox 963 1457 1100 1512; x_wconf 81' lang='lat' dir='ltr'><strong>dixit</strong></span> <span class='ocrx_word' id='word_1_104' title='bbox 1127 1459 1389 1528; x_wconf 81' lang='lat' dir='ltr'><strong>majorem</strong></span> <span class='ocrx_word' id='word_1_105' title='bbox 1431 1457 1648 1516; x_wconf 79' lang='lat' dir='ltr'><strong>Joanne</strong></span> <span class='ocrx_word' id='word_1_106' title='bbox 1695 1473 1806 1514; x_wconf 81' lang='lat' dir='ltr'><strong>non</strong></span> <span class='ocrx_word' id='word_1_107' title='bbox 1840 1475 1966 1515; x_wconf 87' lang='lat' dir='ltr'><strong>sur-</strong></span> 
     </span>
    </p>
   </div>
   <div class='ocr_carea' id='block_1_17' title="bbox 384 1547 1964 1621">
    <p class='ocr_par' dir='ltr' id='par_1_17' title="bbox 384 1547 1964 1621">
     <span class='ocr_line' id='line_1_17' title="bbox 384 1547 1964 1621; baseline 0.003 -21"><span class='ocrx_word' id='word_1_108' title='bbox 384 1547 592 1602; x_wconf 77' lang='lat' dir='ltr'><strong>rexisse</strong></span> <span class='ocrx_word' id='word_1_109' title='bbox 643 1547 790 1602; x_wconf 90' lang='lat' dir='ltr'><strong>inter</strong></span> <span class='ocrx_word' id='word_1_110' title='bbox 821 1556 980 1603; x_wconf 81' lang='lat' dir='ltr'><strong>natos</strong></span> <span class='ocrx_word' id='word_1_111' title='bbox 1011 1549 1303 1604; x_wconf 79' lang='lat' dir='ltr'><strong>mulierum</strong></span> <span class='ocrx_word' id='word_1_112' title='bbox 1335 1549 1556 1621; x_wconf 69' lang='lat' dir='ltr'><strong>(Matth.</strong></span> <span class='ocrx_word' id='word_1_113' title='bbox 1583 1567 1661 1615; x_wconf 73' lang='grc' dir='ltr'><strong>ιι,</strong></span> <span class='ocrx_word' id='word_1_114' title='bbox 1704 1549 1822 1620; x_wconf 77' lang='grc' dir='ltr'><strong>Η),</strong></span> <span class='ocrx_word' id='word_1_115' title='bbox 1848 1565 1964 1606; x_wconf 88' lang='lat' dir='ltr'><strong>non</strong></span> 
     </span>
    </p>
   </div>
   <div class='ocr_carea' id='block_1_18' title="bbox 381 1627 1961 1706">
    <p class='ocr_par' dir='ltr' id='par_1_18' title="bbox 381 1627 1961 1706">
     <span class='ocr_line' id='line_1_18' title="bbox 381 1627 1961 1706; baseline 0.005 -16"><span class='ocrx_word' id='word_1_116' title='bbox 381 1627 692 1698; x_wconf 81' lang='lat' dir='ltr'><strong>audendum</strong></span> <span class='ocrx_word' id='word_1_117' title='bbox 705 1647 790 1696; x_wconf 88' lang='lat' dir='ltr'><strong>est</strong></span> <span class='ocrx_word' id='word_1_118' title='bbox 805 1653 932 1696; x_wconf 88' lang='lat' dir='ltr'><strong>eum</strong></span> <span class='ocrx_word' id='word_1_119' title='bbox 962 1639 1017 1694; x_wconf 92' lang='lat' dir='ltr'><strong>in</strong></span> <span class='ocrx_word' id='word_1_120' title='bbox 1048 1639 1237 1696; x_wconf 83' lang='lat' dir='ltr'><strong>multis</strong></span> <span class='ocrx_word' id='word_1_121' title='bbox 1260 1639 1530 1706; x_wconf 74' lang='lat' dir='ltr'><strong>conferre,</strong></span> <span class='ocrx_word' id='word_1_122' title='bbox 1561 1641 1672 1697; x_wconf 86' lang='lat' dir='ltr'><strong>nisi</strong></span> <span class='ocrx_word' id='word_1_123' title='bbox 1696 1642 1874 1697; x_wconf 88' lang='lat' dir='ltr'><strong>solum</strong></span> <span class='ocrx_word' id='word_1_124' title='bbox 1907 1643 1961 1698; x_wconf 92' lang='lat' dir='ltr'><strong>in</strong></span> 
     </span>
    </p>
   </div>
   <div class='ocr_carea' id='block_1_19' title="bbox 381 1727 1964 1804">
    <p class='ocr_par' dir='ltr' id='par_1_19' title="bbox 381 1727 1964 1804">
     <span class='ocr_line' id='line_1_19' title="bbox 381 1727 1964 1804; baseline 0.005 -23"><span class='ocrx_word' id='word_1_125' title='bbox 381 1727 492 1782; x_wconf 88' lang='lat' dir='ltr'><strong>acri</strong></span> <span class='ocrx_word' id='word_1_126' title='bbox 530 1737 588 1784; x_wconf 88' lang='lat' dir='ltr'><strong>et</strong></span> <span class='ocrx_word' id='word_1_127' title='bbox 638 1729 927 1799; x_wconf 73' lang='lat' dir='ltr'><strong>przel‘racta</strong></span> <span class='ocrx_word' id='word_1_128' title='bbox 952 1731 1207 1787; x_wconf 73' lang='lat' dir='ltr'><strong>libertate</strong></span> <span class='ocrx_word' id='word_1_129' title='bbox 1235 1732 1698 1802; x_wconf 78' lang='lat' dir='ltr'><strong>reprehendendi,</strong></span> <span class='ocrx_word' id='word_1_130' title='bbox 1735 1733 1964 1804; x_wconf 85' lang='lat' dir='ltr'><strong>zeloque</strong></span> 
     </span>
    </p>
   </div>
   <div class='ocr_carea' id='block_1_20' title="bbox 381 1818 1964 1894">
    <p class='ocr_par' dir='ltr' id='par_1_20' title="bbox 381 1818 1964 1894">
     <span class='ocr_line' id='line_1_20' title="bbox 381 1818 1964 1894; baseline 0.006 -23"><span class='ocrx_word' id='word_1_131' title='bbox 381 1818 474 1886; x_wconf 88' lang='lat' dir='ltr'><strong>qui</strong></span> <span class='ocrx_word' id='word_1_132' title='bbox 507 1819 730 1889; x_wconf 82' lang='lat' dir='ltr'><strong>reprimi</strong></span> <span class='ocrx_word' id='word_1_133' title='bbox 775 1835 888 1880; x_wconf 84' lang='lat' dir='ltr'><strong>non</strong></span> <span class='ocrx_word' id='word_1_134' title='bbox 919 1823 1158 1890; x_wconf 85' lang='lat' dir='ltr'><strong>poterat,</strong></span> <span class='ocrx_word' id='word_1_135' title='bbox 1189 1819 1567 1878; x_wconf 74' lang='lat' dir='ltr'><strong>aﬂirmandum</strong></span> <span class='ocrx_word' id='word_1_136' title='bbox 1591 1831 1805 1878; x_wconf 82' lang='lat' dir='ltr'><strong>estnon</strong></span> <span class='ocrx_word' id='word_1_137' title='bbox 1836 1839 1964 1894; x_wconf 68' lang='lat' dir='ltr'><strong>prov-</strong></span> 
     </span>
    </p>
   </div>
   <div class='ocr_carea' id='block_1_21' title="bbox 379 1909 1492 1969">
    <p class='ocr_par' dir='ltr' id='par_1_21' title="bbox 379 1909 1492 1969">
     <span class='ocr_line' id='line_1_21' title="bbox 379 1909 1492 1969; baseline 0.007 -7"><span class='ocrx_word' id='word_1_138' title='bbox 379 1909 470 1963; x_wconf 86' lang='lat' dir='ltr'><strong>cul</strong></span> <span class='ocrx_word' id='word_1_139' title='bbox 528 1910 773 1966; x_wconf 84' lang='lat' dir='ltr'><strong>abfuisse</strong></span> <span class='ocrx_word' id='word_1_140' title='bbox 814 1911 1124 1969; x_wconf 83' lang='lat' dir='ltr'><strong>Tarasium.</strong></span> <span class='ocrx_word' id='word_1_141' title='bbox 1475 1927 1492 1936; x_wconf 83' lang='lat'>&#39;</span> 
     </span>
    </p>
   </div>
   <div class='ocr_carea' id='block_1_22' title="bbox 449 1991 1962 2074">
    <p class='ocr_par' dir='ltr' id='par_1_22' title="bbox 449 1991 1962 2074">
     <span class='ocr_line' id='line_1_22' title="bbox 449 1991 1962 2074; baseline 0.001 -18"><span class='ocrx_word' id='word_1_142' title='bbox 449 2001 541 2059; x_wconf 75' lang='grc'><strong>45.</strong></span> <span class='ocrx_word' id='word_1_143' title='bbox 590 2001 663 2057; x_wconf 87' lang='lat' dir='ltr'><strong>Ut</strong></span> <span class='ocrx_word' id='word_1_144' title='bbox 713 1991 901 2067; x_wconf 72' lang='lat' dir='ltr'><strong>autem</strong></span> <span class='ocrx_word' id='word_1_145' title='bbox 931 2018 1058 2062; x_wconf 80' lang='lat' dir='ltr'><strong>eum</strong></span> <span class='ocrx_word' id='word_1_146' title='bbox 1095 2017 1315 2074; x_wconf 84' lang='lat' dir='ltr'><strong>quoque</strong></span> <span class='ocrx_word' id='word_1_147' title='bbox 1357 2003 1546 2062; x_wconf 81' lang='lat' dir='ltr'><strong>videas</strong></span> <span class='ocrx_word' id='word_1_148' title='bbox 1579 2005 1777 2060; x_wconf 81' lang='lat' dir='ltr'><strong>merito</strong></span> <span class='ocrx_word' id='word_1_149' title='bbox 1809 2006 1962 2074; x_wconf 85' lang='lat' dir='ltr'><strong>sequi</strong></span> 
     </span>
    </p>
   </div>
   <div class='ocr_carea' id='block_1_23' title="bbox 2066 456 2974 514">
    <p class='ocr_par' dir='ltr' id='par_1_23' title="bbox 2066 456 2974 514">
     <span class='ocr_line' id='line_1_23' title="bbox 2066 456 2974 514; baseline -0.004 0"><span class='ocrx_word' id='word_1_150' title='bbox 2066 458 2380 514; x_wconf 83' lang='lat' dir='ltr'><strong>debitorum</strong></span> <span class='ocrx_word' id='word_1_151' title='bbox 2405 457 2607 513; x_wconf 69' lang='lat' dir='ltr'><strong>anime</strong></span> <span class='ocrx_word' id='word_1_152' title='bbox 2623 456 2974 512; x_wconf 84' lang='lat' dir='ltr'><strong>solutionem.</strong></span> 
     </span>
    </p>
   </div>
   <div class='ocr_carea' id='block_1_24' title="bbox 2135 546 3648 618">
    <p class='ocr_par' dir='ltr' id='par_1_24' title="bbox 2135 546 3648 618">
     <span class='ocr_line' id='line_1_24' title="bbox 2135 546 3648 618; baseline -0.003 -12"><span class='ocrx_word' id='word_1_153' title='bbox 2135 549 2226 606; x_wconf 70' lang='grc'><strong>46.</strong></span> <span class='ocrx_word' id='word_1_154' title='bbox 2255 549 2460 605; x_wconf 77' lang='lat' dir='ltr'><strong>Ilosem</strong></span> <span class='ocrx_word' id='word_1_155' title='bbox 2487 558 2671 605; x_wconf 87' lang='lat' dir='ltr'><strong>autem</strong></span> <span class='ocrx_word' id='word_1_156' title='bbox 2694 546 2966 618; x_wconf 73' lang='lat' dir='ltr'><strong>expressit</strong></span> <span class='ocrx_word' id='word_1_157' title='bbox 2996 547 3050 601; x_wconf 90' lang='lat' dir='ltr'><strong>in</strong></span> <span class='ocrx_word' id='word_1_158' title='bbox 3075 561 3164 611; x_wconf 88' lang='lat' dir='ltr'><strong>eo,</strong></span> <span class='ocrx_word' id='word_1_159' title='bbox 3194 546 3340 616; x_wconf 90' lang='lat' dir='ltr'><strong>quod</strong></span> <span class='ocrx_word' id='word_1_160' title='bbox 3365 557 3514 602; x_wconf 80' lang='lat' dir='ltr'><strong>esset</strong></span> <span class='ocrx_word' id='word_1_161' title='bbox 3541 549 3648 603; x_wconf 76' lang='lat' dir='ltr'><strong>mi—</strong></span> 
     </span>
    </p>
   </div>
   <div class='ocr_carea' id='block_1_25' title="bbox 2065 636 3650 708">
    <p class='ocr_par' dir='ltr' id='par_1_25' title="bbox 2065 636 3650 708">
     <span class='ocr_line' id='line_1_25' title="bbox 2065 636 3650 708; baseline -0.001 -12"><span class='ocrx_word' id='word_1_162' title='bbox 2065 642 2158 705; x_wconf 73' lang='lat' dir='ltr'><strong>tis,</strong></span> <span class='ocrx_word' id='word_1_163' title='bbox 2189 649 2248 696; x_wconf 88' lang='lat' dir='ltr'><strong>et</strong></span> <span class='ocrx_word' id='word_1_164' title='bbox 2275 641 2333 694; x_wconf 86' lang='lat' dir='ltr'><strong>in</strong></span> <span class='ocrx_word' id='word_1_165' title='bbox 2354 639 2573 698; x_wconf 87' lang='lat' dir='ltr'><strong>nullum</strong></span> <span class='ocrx_word' id='word_1_166' title='bbox 2601 638 2903 696; x_wconf 79' lang='lat' dir='ltr'><strong>ostenderit</strong></span> <span class='ocrx_word' id='word_1_167' title='bbox 2939 637 3229 708; x_wconf 72' lang='lat' dir='ltr'><strong>vestigium</strong></span> <span class='ocrx_word' id='word_1_168' title='bbox 3260 636 3374 692; x_wconf 85' lang='lat' dir='ltr'><strong>odii</strong></span> <span class='ocrx_word' id='word_1_169' title='bbox 3399 647 3455 692; x_wconf 90' lang='lat' dir='ltr'><strong>et</strong></span> <span class='ocrx_word' id='word_1_170' title='bbox 3485 638 3650 694; x_wconf 83' lang='lat' dir='ltr'><strong>male-</strong></span> 
     </span>
    </p>
   </div>
   <div class='ocr_carea' id='block_1_26' title="bbox 2065 729 3646 798">
    <p class='ocr_par' dir='ltr' id='par_1_26' title="bbox 2065 729 3646 798">
     <span class='ocr_line' id='line_1_26' title="bbox 2065 729 3646 798; baseline -0.003 -9"><span class='ocrx_word' id='word_1_171' title='bbox 2065 732 2340 798; x_wconf 60' lang='lat' dir='ltr'><strong>volentia,</strong></span> <span class='ocrx_word' id='word_1_172' title='bbox 2375 732 2594 788; x_wconf 83' lang='lat' dir='ltr'><strong>etiamsi</strong></span> <span class='ocrx_word' id='word_1_173' title='bbox 2621 731 2814 786; x_wconf 77' lang='lat' dir='ltr'><strong>furiosi</strong></span> <span class='ocrx_word' id='word_1_174' title='bbox 2842 740 2900 786; x_wconf 87' lang='lat' dir='ltr'><strong>et</strong></span> <span class='ocrx_word' id='word_1_175' title='bbox 2931 730 3201 795; x_wconf 82' lang='lat' dir='ltr'><strong>malevoli,</strong></span> <span class='ocrx_word' id='word_1_176' title='bbox 3235 729 3414 786; x_wconf 84' lang='lat' dir='ltr'><strong>Patris</strong></span> <span class='ocrx_word' id='word_1_177' title='bbox 3439 729 3646 786; x_wconf 84' lang='lat' dir='ltr'><strong>Tarasii</strong></span> 
     </span>
    </p>
   </div>
   <div class='ocr_carea' id='block_1_27' title="bbox 2065 821 3650 893">
    <p class='ocr_par' dir='ltr' id='par_1_27' title="bbox 2065 821 3650 893">
     <span class='ocr_line' id='line_1_27' title="bbox 2065 821 3650 893; baseline -0.003 -15"><span class='ocrx_word' id='word_1_178' title='bbox 2065 823 2281 880; x_wconf 81' lang='lat' dir='ltr'><strong>dicendi</strong></span> <span class='ocrx_word' id='word_1_179' title='bbox 2317 823 2646 889; x_wconf 82' lang='lat' dir='ltr'><strong>libertatem,</strong></span> <span class='ocrx_word' id='word_1_180' title='bbox 2673 837 2796 893; x_wconf 69' lang='lat' dir='ltr'><strong>qua:</strong></span> <span class='ocrx_word' id='word_1_181' title='bbox 2837 825 2908 878; x_wconf 87' lang='lat' dir='ltr'><strong>ad</strong></span> <span class='ocrx_word' id='word_1_182' title='bbox 2953 821 3328 891; x_wconf 85' lang='lat' dir='ltr'><strong>insipientium</strong></span> <span class='ocrx_word' id='word_1_183' title='bbox 3368 822 3650 892; x_wconf 77' lang='lat' dir='ltr'><strong>spectabat</strong></span> 
     </span>
    </p>
   </div>
   <div class='ocr_carea' id='block_1_28' title="bbox 2065 913 3646 982">
    <p class='ocr_par' dir='ltr' id='par_1_28' title="bbox 2065 913 3646 982">
     <span class='ocr_line' id='line_1_28' title="bbox 2065 913 3646 982; baseline -0.001 -12"><span class='ocrx_word' id='word_1_184' title='bbox 2065 916 2488 981; x_wconf 85' lang='lat' dir='ltr'><strong>correctionem,</strong></span> <span class='ocrx_word' id='word_1_185' title='bbox 2515 915 2651 970; x_wconf 83' lang='lat' dir='ltr'><strong>iram</strong></span> <span class='ocrx_word' id='word_1_186' title='bbox 2679 923 2737 970; x_wconf 87' lang='lat' dir='ltr'><strong>et</strong></span> <span class='ocrx_word' id='word_1_187' title='bbox 2759 913 2946 970; x_wconf 82' lang='lat' dir='ltr'><strong>odium</strong></span> <span class='ocrx_word' id='word_1_188' title='bbox 2971 928 3092 969; x_wconf 87' lang='lat' dir='ltr'><strong>esse</strong></span> <span class='ocrx_word' id='word_1_189' title='bbox 3121 915 3264 968; x_wconf 86' lang='lat' dir='ltr'><strong>male</strong></span> <span class='ocrx_word' id='word_1_190' title='bbox 3288 914 3646 982; x_wconf 84' lang='lat' dir='ltr'><strong>conjecerint.</strong></span> 
     </span>
    </p>
   </div>
   <div class='ocr_carea' id='block_1_29' title="bbox 2043 1003 3646 1070">
    <p class='ocr_par' dir='ltr' id='par_1_29' title="bbox 2043 1003 3646 1070">
     <span class='ocr_line' id='line_1_29' title="bbox 2043 1003 3646 1070; baseline -0.001 -12"><span class='ocrx_word' id='word_1_191' title='bbox 2043 1004 2318 1066; x_wconf 84' lang='lat' dir='ltr'><strong>.Gustavit</strong></span> <span class='ocrx_word' id='word_1_192' title='bbox 2343 1005 2465 1062; x_wconf 82' lang='lat' dir='ltr'><strong>Jobi</strong></span> <span class='ocrx_word' id='word_1_193' title='bbox 2495 1006 2845 1070; x_wconf 87' lang='lat' dir='ltr'><strong>tentationes,</strong></span> <span class='ocrx_word' id='word_1_194' title='bbox 2882 1003 3098 1060; x_wconf 77' lang='lat' dir='ltr'><strong>etiamsi</strong></span> <span class='ocrx_word' id='word_1_195' title='bbox 3131 1019 3242 1058; x_wconf 91' lang='lat' dir='ltr'><strong>non</strong></span> <span class='ocrx_word' id='word_1_196' title='bbox 3282 1003 3341 1057; x_wconf 88' lang='lat' dir='ltr'><strong>in</strong></span> <span class='ocrx_word' id='word_1_197' title='bbox 3387 1004 3552 1062; x_wconf 84' lang='lat' dir='ltr'><strong>rebus</strong></span> <span class='ocrx_word' id='word_1_198' title='bbox 3575 1004 3646 1058; x_wconf 84' lang='lat' dir='ltr'><strong>si-</strong></span> 
     </span>
    </p>
   </div>
   <div class='ocr_carea' id='block_1_30' title="bbox 2067 1094 3648 1167">
    <p class='ocr_par' dir='ltr' id='par_1_30' title="bbox 2067 1094 3648 1167">
     <span class='ocr_line' id='line_1_30' title="bbox 2067 1094 3648 1167; baseline 0 -17"><span class='ocrx_word' id='word_1_199' title='bbox 2067 1096 2310 1152; x_wconf 80' lang='lat' dir='ltr'><strong>milibus.</strong></span> <span class='ocrx_word' id='word_1_200' title='bbox 2335 1095 2472 1151; x_wconf 83' lang='lat' dir='ltr'><strong>Cum</strong></span> <span class='ocrx_word' id='word_1_201' title='bbox 2495 1095 2666 1153; x_wconf 82' lang='lat' dir='ltr'><strong>Jacob</strong></span> <span class='ocrx_word' id='word_1_202' title='bbox 2687 1104 2748 1151; x_wconf 90' lang='lat' dir='ltr'><strong>ut</strong></span> <span class='ocrx_word' id='word_1_203' title='bbox 2769 1095 2956 1167; x_wconf 61' lang='lat' dir='ltr'><strong>gratia;</strong></span> <span class='ocrx_word' id='word_1_204' title='bbox 2978 1094 3242 1160; x_wconf 86' lang='lat' dir='ltr'><strong>lsraelita,</strong></span> <span class='ocrx_word' id='word_1_205' title='bbox 3265 1103 3318 1150; x_wconf 89' lang='lat' dir='ltr'><strong>et</strong></span> <span class='ocrx_word' id='word_1_206' title='bbox 3343 1095 3648 1164; x_wconf 84' lang='lat' dir='ltr'><strong>appellatus</strong></span> 
     </span>
    </p>
   </div>
   <div class='ocr_carea' id='block_1_31' title="bbox 2066 1179 3647 1250">
    <p class='ocr_par' dir='ltr' id='par_1_31' title="bbox 2066 1179 3647 1250">
     <span class='ocr_line' id='line_1_31' title="bbox 2066 1179 3647 1250; baseline 0 -16"><span class='ocrx_word' id='word_1_207' title='bbox 2066 1193 2246 1246; x_wconf 90' lang='lat' dir='ltr'><strong>mens,</strong></span> <span class='ocrx_word' id='word_1_208' title='bbox 2275 1195 2399 1250; x_wconf 66' lang='lat' dir='ltr'><strong>quae</strong></span> <span class='ocrx_word' id='word_1_209' title='bbox 2423 1180 2596 1236; x_wconf 86' lang='lat' dir='ltr'><strong>Deum</strong></span> <span class='ocrx_word' id='word_1_210' title='bbox 2623 1181 2862 1246; x_wconf 87' lang='lat' dir='ltr'><strong>videbat,</strong></span> <span class='ocrx_word' id='word_1_211' title='bbox 2889 1180 3060 1238; x_wconf 84' lang='lat' dir='ltr'><strong>simul</strong></span> <span class='ocrx_word' id='word_1_212' title='bbox 3093 1189 3358 1249; x_wconf 88' lang='lat' dir='ltr'><strong>purgatus</strong></span> <span class='ocrx_word' id='word_1_213' title='bbox 3403 1179 3647 1234; x_wconf 88' lang='lat' dir='ltr'><strong>sanctiﬁ-</strong></span> 
     </span>
    </p>
   </div>
   <div class='ocr_carea' id='block_1_32' title="bbox 2067 1270 3647 1343">
    <p class='ocr_par' dir='ltr' id='par_1_32' title="bbox 2067 1270 3647 1343">
     <span class='ocr_line' id='line_1_32' title="bbox 2067 1270 3647 1343; baseline 0 -17"><span class='ocrx_word' id='word_1_214' title='bbox 2067 1279 2224 1326; x_wconf 81' lang='lat' dir='ltr'><strong>catur</strong></span> <span class='ocrx_word' id='word_1_215' title='bbox 2276 1271 2566 1328; x_wconf 51' lang='lat' dir='ltr'><strong>animast</strong></span> <span class='ocrx_word' id='word_1_216' title='bbox 2591 1271 2942 1343; x_wconf 76' lang='lat' dir='ltr'><strong>cogitatione.</strong></span> <span class='ocrx_word' id='word_1_217' title='bbox 2977 1270 3151 1328; x_wconf 85' lang='lat' dir='ltr'><strong>Simul</strong></span> <span class='ocrx_word' id='word_1_218' title='bbox 3189 1285 3313 1326; x_wconf 85' lang='lat' dir='ltr'><strong>cum</strong></span> <span class='ocrx_word' id='word_1_219' title='bbox 3360 1270 3514 1327; x_wconf 84' lang='lat' dir='ltr'><strong>Isaac</strong></span> <span class='ocrx_word' id='word_1_220' title='bbox 3545 1271 3647 1326; x_wconf 82' lang='lat' dir='ltr'><strong>fuit</strong></span> 
     </span>
    </p>
   </div>
   <div class='ocr_carea' id='block_1_33' title="bbox 2065 1359 3647 1433">
    <p class='ocr_par' dir='ltr' id='par_1_33' title="bbox 2065 1359 3647 1433">
     <span class='ocr_line' id='line_1_33' title="bbox 2065 1359 3647 1433; baseline 0.001 -16"><span class='ocrx_word' id='word_1_221' title='bbox 2065 1361 2174 1417; x_wconf 75' lang='lat' dir='ltr'><strong>ﬁde</strong></span> <span class='ocrx_word' id='word_1_222' title='bbox 2193 1359 2582 1426; x_wconf 76' lang='lat' dir='ltr'><strong>sanetiﬁ&#39;catus,</strong></span> <span class='ocrx_word' id='word_1_223' title='bbox 2613 1363 2827 1418; x_wconf 89' lang='lat' dir='ltr'><strong>etiamsi</strong></span> <span class='ocrx_word' id='word_1_224' title='bbox 2853 1379 2968 1419; x_wconf 88' lang='lat' dir='ltr'><strong>non</strong></span> <span class='ocrx_word' id='word_1_225' title='bbox 2995 1379 3026 1417; x_wconf 89' lang='lat' dir='ltr'><strong>a</strong></span> <span class='ocrx_word' id='word_1_226' title='bbox 3055 1371 3234 1433; x_wconf 87' lang='lat' dir='ltr'><strong>patre,</strong></span> <span class='ocrx_word' id='word_1_227' title='bbox 3281 1361 3378 1420; x_wconf 84' lang='lat' dir='ltr'><strong>sed</strong></span> <span class='ocrx_word' id='word_1_228' title='bbox 3407 1361 3524 1432; x_wconf 88' lang='lat' dir='ltr'><strong>ipse</strong></span> <span class='ocrx_word' id='word_1_229' title='bbox 3551 1377 3647 1418; x_wconf 89' lang='lat' dir='ltr'><strong>cor</strong></span> 
     </span>
    </p>
   </div>
   <div class='ocr_carea' id='block_1_34' title="bbox 2067 1453 3645 1523">
    <p class='ocr_par' dir='ltr' id='par_1_34' title="bbox 2067 1453 3645 1523">
     <span class='ocr_line' id='line_1_34' title="bbox 2067 1453 3645 1523; baseline -0.001 -13"><span class='ocrx_word' id='word_1_230' title='bbox 2067 1469 2230 1510; x_wconf 88' lang='lat' dir='ltr'><strong>suum</strong></span> <span class='ocrx_word' id='word_1_231' title='bbox 2253 1454 2312 1508; x_wconf 86' lang='lat' dir='ltr'><strong>in</strong></span> <span class='ocrx_word' id='word_1_232' title='bbox 2349 1453 3038 1510; x_wconf 74' lang='lat' dir='ltr'><strong>holocaustumoﬁ‘erens:</strong></span> <span class='ocrx_word' id='word_1_233' title='bbox 3070 1468 3306 1523; x_wconf 83' lang='lat' dir='ltr'><strong>cumque</strong></span> <span class='ocrx_word' id='word_1_234' title='bbox 3342 1453 3534 1510; x_wconf 80' lang='lat' dir='ltr'><strong>fuisset</strong></span> <span class='ocrx_word' id='word_1_235' title='bbox 3565 1454 3645 1508; x_wconf 88' lang='lat' dir='ltr'><strong>vi—</strong></span> 
     </span>
    </p>
   </div>
   <div class='ocr_carea' id='block_1_35' title="bbox 2067 1545 3646 1612">
    <p class='ocr_par' dir='ltr' id='par_1_35' title="bbox 2067 1545 3646 1612">
     <span class='ocr_line' id='line_1_35' title="bbox 2067 1545 3646 1612; baseline -0.003 -10"><span class='ocrx_word' id='word_1_236' title='bbox 2067 1547 2232 1602; x_wconf 83' lang='lat' dir='ltr'><strong>ctima</strong></span> <span class='ocrx_word' id='word_1_237' title='bbox 2281 1554 2340 1602; x_wconf 89' lang='lat' dir='ltr'><strong>et</strong></span> <span class='ocrx_word' id='word_1_238' title='bbox 2393 1547 2694 1612; x_wconf 81' lang='lat' dir='ltr'><strong>sacriﬁcus,</strong></span> <span class='ocrx_word' id='word_1_239' title='bbox 2738 1547 2796 1601; x_wconf 91' lang='lat' dir='ltr'><strong>in</strong></span> <span class='ocrx_word' id='word_1_240' title='bbox 2845 1545 3071 1602; x_wconf 85' lang='lat' dir='ltr'><strong>odorem</strong></span> <span class='ocrx_word' id='word_1_241' title='bbox 3117 1546 3403 1607; x_wconf 72' lang='lat' dir='ltr'><strong>suavitatis</strong></span> <span class='ocrx_word' id='word_1_242' title='bbox 3451 1546 3646 1605; x_wconf 77' lang='lat' dir='ltr'><strong>obtulit</strong></span> 
     </span>
    </p>
   </div>
   <div class='ocr_carea' id='block_1_36' title="bbox 2068 1628 3647 1708">
    <p class='ocr_par' dir='ltr' id='par_1_36' title="bbox 2068 1628 3647 1708">
     <span class='ocr_line' id='line_1_36' title="bbox 2068 1628 3647 1708; baseline -0.002 -16"><span class='ocrx_word' id='word_1_243' title='bbox 2068 1637 2503 1708; x_wconf 85' lang='lat' dir='ltr'><strong>pulcherrimum</strong></span> <span class='ocrx_word' id='word_1_244' title='bbox 2549 1628 2660 1694; x_wconf 72' lang='lat' dir='ltr'><strong>Deo</strong></span> <span class='ocrx_word' id='word_1_245' title='bbox 2687 1636 3035 1694; x_wconf 81' lang='lat' dir='ltr'><strong>sacriﬁcium.</strong></span> <span class='ocrx_word' id='word_1_246' title='bbox 3065 1635 3202 1693; x_wconf 88' lang='lat' dir='ltr'><strong>Cum</strong></span> <span class='ocrx_word' id='word_1_247' title='bbox 3248 1636 3544 1700; x_wconf 80' lang='lat' dir='ltr'><strong>Abraham,</strong></span> <span class='ocrx_word' id='word_1_248' title='bbox 3581 1653 3647 1694; x_wconf 85' lang='lat' dir='ltr'><strong>eo</strong></span> 
     </span>
    </p>
   </div>
   <div class='ocr_carea' id='block_1_37' title="bbox 2067 1728 3648 1800">
    <p class='ocr_par' dir='ltr' id='par_1_37' title="bbox 2067 1728 3648 1800">
     <span class='ocr_line' id='line_1_37' title="bbox 2067 1728 3648 1800; baseline -0.001 -14"><span class='ocrx_word' id='word_1_249' title='bbox 2067 1729 2214 1800; x_wconf 89' lang='lat' dir='ltr'><strong>quod</strong></span> <span class='ocrx_word' id='word_1_250' title='bbox 2245 1728 2622 1800; x_wconf 50' lang='lat' dir='ltr'><strong>fuerit&#39;pater</strong></span> <span class='ocrx_word' id='word_1_251' title='bbox 2666 1730 2930 1800; x_wconf 81' lang='lat' dir='ltr'><strong>spiritalis</strong></span> <span class='ocrx_word' id='word_1_252' title='bbox 2975 1729 3268 1784; x_wconf 80' lang='lat' dir='ltr'><strong>multarunt</strong></span> <span class='ocrx_word' id='word_1_253' title='bbox 3321 1729 3561 1784; x_wconf 90' lang='lat' dir='ltr'><strong>tribuum</strong></span> <span class='ocrx_word' id='word_1_254' title='bbox 3591 1739 3648 1785; x_wconf 91' lang='lat' dir='ltr'><strong>et</strong></span> 
     </span>
    </p>
   </div>
   <div class='ocr_carea' id='block_1_38' title="bbox 2067 1819 3643 1890">
    <p class='ocr_par' dir='ltr' id='par_1_38' title="bbox 2067 1819 3643 1890">
     <span class='ocr_line' id='line_1_38' title="bbox 2067 1819 3643 1890; baseline -0.001 -16"><span class='ocrx_word' id='word_1_255' title='bbox 2067 1819 2415 1890; x_wconf 85' lang='lat' dir='ltr'><strong>populorum,</strong></span> <span class='ocrx_word' id='word_1_256' title='bbox 2455 1829 2512 1876; x_wconf 89' lang='lat' dir='ltr'><strong>et</strong></span> <span class='ocrx_word' id='word_1_257' title='bbox 2555 1821 2871 1886; x_wconf 81' lang='lat' dir='ltr'><strong>crediderit,</strong></span> <span class='ocrx_word' id='word_1_258' title='bbox 2919 1829 2976 1875; x_wconf 91' lang='lat' dir='ltr'><strong>et</strong></span> <span class='ocrx_word' id='word_1_259' title='bbox 3009 1820 3084 1883; x_wconf 87' lang='lat' dir='ltr'><strong>ei,</strong></span> <span class='ocrx_word' id='word_1_260' title='bbox 3113 1820 3208 1890; x_wconf 87' lang='lat' dir='ltr'><strong>qui</strong></span> <span class='ocrx_word' id='word_1_261' title='bbox 3249 1835 3373 1876; x_wconf 83' lang='lat' dir='ltr'><strong>eum</strong></span> <span class='ocrx_word' id='word_1_262' title='bbox 3417 1820 3643 1885; x_wconf 81' lang='lat' dir='ltr'><strong>fecerat,</strong></span> 
     </span>
    </p>
   </div>
   <div class='ocr_carea' id='block_1_39' title="bbox 2067 1912 3646 1985">
    <p class='ocr_par' dir='ltr' id='par_1_39' title="bbox 2067 1912 3646 1985">
     <span class='ocr_line' id='line_1_39' title="bbox 2067 1912 3646 1985; baseline -0.003 -15"><span class='ocrx_word' id='word_1_263' title='bbox 2067 1930 2206 1985; x_wconf 87' lang='lat' dir='ltr'><strong>pure</strong></span> <span class='ocrx_word' id='word_1_264' title='bbox 2233 1914 2506 1980; x_wconf 85' lang='lat' dir='ltr'><strong>servierit,</strong></span> <span class='ocrx_word' id='word_1_265' title='bbox 2527 1913 2834 1970; x_wconf 86' lang='lat' dir='ltr'><strong>divinarum</strong></span> <span class='ocrx_word' id='word_1_266' title='bbox 2861 1912 3288 1984; x_wconf 86' lang='lat' dir='ltr'><strong>promissionum</strong></span> <span class='ocrx_word' id='word_1_267' title='bbox 3311 1912 3544 1970; x_wconf 82' lang='lat' dir='ltr'><strong>fructum</strong></span> <span class='ocrx_word' id='word_1_268' title='bbox 3563 1922 3646 1972; x_wconf 81' lang='lat' dir='ltr'><strong>est</strong></span> 
     </span>
    </p>
   </div>
   <div class='ocr_carea' id='block_1_40' title="bbox 2066 1989 3644 2077">
    <p class='ocr_par' dir='ltr' id='par_1_40' title="bbox 2066 1989 3644 2077">
     <span class='ocr_line' id='line_1_40' title="bbox 2066 1989 3644 2077; baseline 0 -17"><span class='ocrx_word' id='word_1_269' title='bbox 2066 2013 2416 2060; x_wconf 85' lang='lat' dir='ltr'><strong>consecutus.</strong></span> <span class='ocrx_word' id='word_1_270' title='bbox 2440 2003 2547 2059; x_wconf 84' lang='lat' dir='ltr'><strong>Sed</strong></span> <span class='ocrx_word' id='word_1_271' title='bbox 2577 2005 2706 2074; x_wconf 85' lang='lat' dir='ltr'><strong>quid</strong></span> <span class='ocrx_word' id='word_1_272' title='bbox 2733 1989 2858 2074; x_wconf 65' lang='lat' dir='ltr'><strong>eius</strong></span> <span class='ocrx_word' id='word_1_273' title='bbox 2873 2004 3140 2060; x_wconf 87' lang='lat' dir='ltr'><strong>virtutum</strong></span> <span class='ocrx_word' id='word_1_274' title='bbox 3162 2003 3468 2077; x_wconf 65' lang='lat' dir='ltr'><strong>transmitte</strong></span> <span class='ocrx_word' id='word_1_275' title='bbox 3495 2019 3644 2060; x_wconf 86' lang='lat' dir='ltr'><strong>mare</strong></span> 
     </span>
    </p>
   </div>
   <div class='ocr_carea' id='block_1_41' title="bbox 379 2092 3642 2166">
    <p class='ocr_par' dir='ltr' id='par_1_41' title="bbox 379 2092 3642 2166">
     <span class='ocr_line' id='line_1_41' title="bbox 379 2092 3642 2166; baseline -0.002 -12"><span class='ocrx_word' id='word_1_276' title='bbox 379 2107 498 2156; x_wconf 73' lang='lat'><strong>€05.</strong></span> <span class='ocrx_word' id='word_1_277' title='bbox 519 2094 618 2162; x_wconf 81' lang='lat' dir='ltr'><strong>qui</strong></span> <span class='ocrx_word' id='word_1_278' title='bbox 657 2092 966 2156; x_wconf 75' lang='lat' dir='ltr'><strong>ﬂoruerunt</strong></span> <span class='ocrx_word' id='word_1_279' title='bbox 990 2103 1122 2156; x_wconf 77' lang='lat' dir='ltr'><strong>ante</strong></span> <span class='ocrx_word' id='word_1_280' title='bbox 1150 2095 1412 2164; x_wconf 77' lang='lat' dir='ltr'><strong>gratiam,</strong></span> <span class='ocrx_word' id='word_1_281' title='bbox 1458 2093 1590 2156; x_wconf 83' lang='lat' dir='ltr'><strong>hinc</strong></span> <span class='ocrx_word' id='word_1_282' title='bbox 1631 2096 1794 2152; x_wconf 70' lang='lat' dir='ltr'><strong>soles.</strong></span> <span class='ocrx_word' id='word_1_283' title='bbox 1825 2093 1963 2149; x_wconf 86' lang='lat' dir='ltr'><strong>Cum</strong></span> <span class='ocrx_word' id='word_1_284' title='bbox 2063 2095 2438 2151; x_wconf 77' lang='lat' dir='ltr'><strong>Atlanticum?</strong></span> <span class='ocrx_word' id='word_1_285' title='bbox 2467 2095 2814 2166; x_wconf 85' lang='lat' dir='ltr'><strong>lmponamus</strong></span> <span class='ocrx_word' id='word_1_286' title='bbox 2847 2109 2977 2165; x_wconf 89' lang='lat' dir='ltr'><strong>ergo</strong></span> <span class='ocrx_word' id='word_1_287' title='bbox 3009 2094 3172 2152; x_wconf 80' lang='lat' dir='ltr'><strong>rebus</strong></span> <span class='ocrx_word' id='word_1_288' title='bbox 3209 2093 3642 2160; x_wconf 79' lang='lat' dir='ltr'><strong>conclusionem,</strong></span> 
     </span>
    </p>
   </div>
   <div class='ocr_carea' id='block_1_42' title="bbox 378 2169 3643 2258">
    <p class='ocr_par' dir='ltr' id='par_1_42' title="bbox 378 2169 3643 2258">
     <span class='ocr_line' id='line_1_42' title="bbox 378 2169 3643 2258; baseline 0.001 -19"><span class='ocrx_word' id='word_1_289' title='bbox 378 2186 641 2240; x_wconf 83' lang='lat' dir='ltr'><strong>divinitus</strong></span> <span class='ocrx_word' id='word_1_290' title='bbox 670 2197 818 2240; x_wconf 84' lang='lat' dir='ltr'><strong>moto</strong></span> <span class='ocrx_word' id='word_1_291' title='bbox 839 2193 984 2252; x_wconf 65' lang='lat' dir='ltr'><strong>creto</strong></span> <span class='ocrx_word' id='word_1_292' title='bbox 1011 2169 1404 2256; x_wconf 68' lang='lat' dir='ltr'><strong>prophetarum</strong></span> <span class='ocrx_word' id='word_1_293' title='bbox 1421 2187 1755 2255; x_wconf 72' lang='lat' dir='ltr'><strong>conspiravit</strong></span> <span class='ocrx_word' id='word_1_294' title='bbox 1776 2187 1963 2250; x_wconf 85' lang='lat' dir='ltr'><strong>divino</strong></span> <span class='ocrx_word' id='word_1_295' title='bbox 2064 2196 2122 2241; x_wconf 89' lang='lat' dir='ltr'><strong>et</strong></span> <span class='ocrx_word' id='word_1_296' title='bbox 2154 2203 2220 2242; x_wconf 90' lang='lat' dir='ltr'><strong>ex</strong></span> <span class='ocrx_word' id='word_1_297' title='bbox 2273 2187 2540 2258; x_wconf 76' lang='lat' dir='ltr'><strong>prommio</strong></span> <span class='ocrx_word' id='word_1_298' title='bbox 2593 2186 2758 2250; x_wconf 81' lang='lat' dir='ltr'><strong>ﬁnem</strong></span> <span class='ocrx_word' id='word_1_299' title='bbox 2797 2185 3116 2246; x_wconf 66' lang='lat' dir='ltr'><strong>elﬁciamus.</strong></span> <span class='ocrx_word' id='word_1_300' title='bbox 3159 2192 3216 2242; x_wconf 91' lang='lat' dir='ltr'><strong>et</strong></span> <span class='ocrx_word' id='word_1_301' title='bbox 3256 2200 3329 2242; x_wconf 89' lang='lat' dir='ltr'><strong>ne</strong></span> <span class='ocrx_word' id='word_1_302' title='bbox 3373 2185 3643 2256; x_wconf 87' lang='lat' dir='ltr'><strong>promisso</strong></span> 
     </span>
    </p>
   </div>
   <div class='ocr_carea' id='block_1_43' title="bbox 379 2276 3642 2352">
    <p class='ocr_par' dir='ltr' id='par_1_43' title="bbox 379 2276 3642 2352">
     <span class='ocr_line' id='line_1_43' title="bbox 379 2276 3642 2352; baseline -0 -22"><span class='ocrx_word' id='word_1_303' title='bbox 379 2277 579 2346; x_wconf 87' lang='lat' dir='ltr'><strong>spiritu</strong></span> <span class='ocrx_word' id='word_1_304' title='bbox 629 2277 930 2352; x_wconf 64' lang='lat' dir='ltr'><strong>inspiratus</strong></span> <span class='ocrx_word' id='word_1_305' title='bbox 957 2292 971 2328; x_wconf 88' lang='lat'><strong>:</strong></span> <span class='ocrx_word' id='word_1_306' title='bbox 1001 2276 1446 2347; x_wconf 69' lang='lat' dir='ltr'><strong>quandoquidem</strong></span> <span class='ocrx_word' id='word_1_307' title='bbox 1492 2277 1572 2348; x_wconf 75' lang='lat' dir='ltr'><strong>illi</strong></span> <span class='ocrx_word' id='word_1_308' title='bbox 1606 2277 1828 2346; x_wconf 79' lang='lat' dir='ltr'><strong>quidem</strong></span> <span class='ocrx_word' id='word_1_309' title='bbox 1865 2293 1963 2346; x_wconf 89' lang='lat' dir='ltr'><strong>po-</strong></span> <span class='ocrx_word' id='word_1_310' title='bbox 2065 2291 2178 2332; x_wconf 91' lang='lat' dir='ltr'><strong>non</strong></span> <span class='ocrx_word' id='word_1_311' title='bbox 2206 2287 2356 2344; x_wconf 74' lang='lat' dir='ltr'><strong>stare</strong></span> <span class='ocrx_word' id='word_1_312' title='bbox 2383 2293 2695 2350; x_wconf 78' lang='lat' dir='ltr'><strong>arguantur,</strong></span> <span class='ocrx_word' id='word_1_313' title='bbox 2727 2277 2853 2348; x_wconf 85' lang='lat' dir='ltr'><strong>plus</strong></span> <span class='ocrx_word' id='word_1_314' title='bbox 2881 2291 3046 2347; x_wconf 80' lang='lat' dir='ltr'><strong>quam</strong></span> <span class='ocrx_word' id='word_1_315' title='bbox 3079 2293 3178 2347; x_wconf 79' lang='lat' dir='ltr'><strong>par</strong></span> <span class='ocrx_word' id='word_1_316' title='bbox 3229 2277 3301 2334; x_wconf 85' lang='lat' dir='ltr'><strong>sit</strong></span> <span class='ocrx_word' id='word_1_317' title='bbox 3336 2280 3642 2348; x_wconf 65' lang='lat' dir='ltr'><strong>producent.</strong></span> 
     </span>
    </p>
   </div>
   <div class='ocr_carea' id='block_1_44' title="bbox 380 2366 2497 2439">
    <p class='ocr_par' dir='ltr' id='par_1_44' title="bbox 380 2366 2497 2439">
     <span class='ocr_line' id='line_1_44' title="bbox 380 2366 2497 2439; baseline 0.002 -19"><span class='ocrx_word' id='word_1_318' title='bbox 380 2367 530 2438; x_wconf 87' lang='lat' dir='ltr'><strong>pulo,</strong></span> <span class='ocrx_word' id='word_1_319' title='bbox 561 2369 653 2437; x_wconf 89' lang='lat' dir='ltr'><strong>qui</strong></span> <span class='ocrx_word' id='word_1_320' title='bbox 682 2369 822 2434; x_wconf 83' lang='lat' dir='ltr'><strong>duce</strong></span> <span class='ocrx_word' id='word_1_321' title='bbox 843 2367 996 2432; x_wconf 73' lang='lat' dir='ltr'><strong>Mose</strong></span> <span class='ocrx_word' id='word_1_322' title='bbox 1027 2383 1126 2439; x_wconf 84' lang='lat' dir='ltr'><strong>per</strong></span> <span class='ocrx_word' id='word_1_323' title='bbox 1153 2383 1305 2432; x_wconf 76' lang='lat' dir='ltr'><strong>mare</strong></span> <span class='ocrx_word' id='word_1_324' title='bbox 1349 2366 1597 2430; x_wconf 79' lang='lat' dir='ltr'><strong>Rubrum</strong></span> <span class='ocrx_word' id='word_1_325' title='bbox 1627 2383 1806 2438; x_wconf 77' lang='lat' dir='ltr'><strong>nuper</strong></span> <span class='ocrx_word' id='word_1_326' title='bbox 1841 2367 1961 2424; x_wconf 51' lang='lat' dir='ltr'><strong>ius.</strong></span> <span class='ocrx_word' id='word_1_327' title='bbox 2065 2377 2148 2424; x_wconf 83' lang='lat' dir='ltr'><strong>tes</strong></span> <span class='ocrx_word' id='word_1_328' title='bbox 2175 2369 2497 2425; x_wconf 75' lang='lat' dir='ltr'><strong>orationem.</strong></span> 
     </span>
    </p>
   </div>
   <div class='ocr_carea' id='block_1_45' title="bbox 382 2459 3035 2524">
    <p class='ocr_par' dir='ltr' id='par_1_45' title="bbox 382 2459 3035 2524">
     <span class='ocr_line' id='line_1_45' title="bbox 382 2459 3035 2524; baseline 0 -12"><span class='ocrx_word' id='word_1_329' title='bbox 382 2468 466 2514; x_wconf 89' lang='lat' dir='ltr'><strong>rat</strong></span> <span class='ocrx_word' id='word_1_330' title='bbox 504 2475 536 2516; x_wconf 90' lang='lat' dir='ltr'><strong>a</strong></span> <span class='ocrx_word' id='word_1_331' title='bbox 568 2459 704 2522; x_wconf 75' lang='lat' dir='ltr'><strong>dura</strong></span> <span class='ocrx_word' id='word_1_332' title='bbox 734 2461 1007 2518; x_wconf 86' lang='lat' dir='ltr'><strong>servitute</strong></span> <span class='ocrx_word' id='word_1_333' title='bbox 1035 2460 1409 2524; x_wconf 81' lang='lat' dir='ltr'><strong>liberatus,.et</strong></span> <span class='ocrx_word' id='word_1_334' title='bbox 1450 2460 1522 2519; x_wconf 82' lang='lat' dir='ltr'><strong>ab</strong></span> <span class='ocrx_word' id='word_1_335' title='bbox 1565 2459 1761 2516; x_wconf 82' lang='lat' dir='ltr'><strong>insano</strong></span> <span class='ocrx_word' id='word_1_336' title='bbox 1807 2461 1957 2516; x_wconf 89' lang='lat' dir='ltr'><strong>cultu</strong></span> <span class='ocrx_word' id='word_1_337' title='bbox 2388 2495 2392 2500; x_wconf 56' lang='grc' dir='ltr'><strong>λ</strong></span> <span class='ocrx_word' id='word_1_338' title='bbox 2675 2459 2902 2518; x_wconf 74' lang='lat' dir='ltr'><strong>CAPUT</strong></span> <span class='ocrx_word' id='word_1_339' title='bbox 2941 2461 3035 2519; x_wconf 76' lang='lat' dir='ltr'><strong>XI.</strong></span> 
     </span>
    </p>
   </div>
   <div class='ocr_carea' id='block_1_46' title="bbox 384 2546 3584 2623">
    <p class='ocr_par' dir='ltr' id='par_1_46' title="bbox 384 2546 3584 2623">
     <span class='ocr_line' id='line_1_46' title="bbox 384 2546 3584 2623; baseline 0.003 -22"><span class='ocrx_word' id='word_1_340' title='bbox 384 2549 652 2608; x_wconf 81' lang='lat' dir='ltr'><strong>idolorum</strong></span> <span class='ocrx_word' id='word_1_341' title='bbox 689 2552 1083 2610; x_wconf 81' lang='lat' dir='ltr'><strong>admirabiliter</strong></span> <span class='ocrx_word' id='word_1_342' title='bbox 1114 2551 1428 2616; x_wconf 80' lang='lat' dir='ltr'><strong>transierat,</strong></span> <span class='ocrx_word' id='word_1_343' title='bbox 1460 2561 1583 2622; x_wconf 72' lang='lat' dir='ltr'><strong>post</strong></span> <span class='ocrx_word' id='word_1_344' title='bbox 1617 2553 1864 2620; x_wconf 73' lang='lat' dir='ltr'><strong>divinum</strong></span> <span class='ocrx_word' id='word_1_345' title='bbox 1888 2551 1958 2606; x_wconf 77' lang='lat' dir='ltr'><strong>ib-</strong></span> <span class='ocrx_word' id='word_1_346' title='bbox 2041 2593 2046 2598; x_wconf 83' lang='lat'><strong>.</strong></span> <span class='ocrx_word' id='word_1_347' title='bbox 2091 2549 2282 2608; x_wconf 74' lang='lat' dir='ltr'><strong>Sancti</strong></span> <span class='ocrx_word' id='word_1_348' title='bbox 2308 2552 2516 2608; x_wconf 70' lang='lat' dir='ltr'><strong>Taurii</strong></span> <span class='ocrx_word' id='word_1_349' title='bbox 2539 2561 2796 2618; x_wconf 62' lang='lat' dir='ltr'><strong>senectus,</strong></span> <span class='ocrx_word' id='word_1_350' title='bbox 2824 2555 3056 2620; x_wconf 65' lang='lat' dir='ltr'><strong>morbus,</strong></span> <span class='ocrx_word' id='word_1_351' title='bbox 3075 2553 3266 2618; x_wconf 58' lang='lat' dir='ltr'><strong>obuiis,</strong></span> <span class='ocrx_word' id='word_1_352' title='bbox 3289 2546 3584 2623; x_wconf 66' lang='lat' dir='ltr'><strong>sepultura.</strong></span> 
     </span>
    </p>
   </div>
   <div class='ocr_carea' id='block_1_47' title="bbox 383 2623 3638 2714">
    <p class='ocr_par' dir='ltr' id='par_1_47' title="bbox 383 2623 3638 2714">
     <span class='ocr_line' id='line_1_47' title="bbox 383 2623 3638 2714; baseline 0.001 -20"><span class='ocrx_word' id='word_1_353' title='bbox 383 2639 495 2696; x_wconf 91' lang='lat' dir='ltr'><strong>lum</strong></span> <span class='ocrx_word' id='word_1_354' title='bbox 545 2639 640 2696; x_wconf 88' lang='lat' dir='ltr'><strong>Dei</strong></span> <span class='ocrx_word' id='word_1_355' title='bbox 671 2623 1197 2711; x_wconf 63' lang='lat' dir='ltr'><strong>contemplatorem;</strong></span> <span class='ocrx_word' id='word_1_356' title='bbox 1211 2643 1478 2701; x_wconf 73' lang='lat' dir='ltr'><strong>salutares</strong></span> <span class='ocrx_word' id='word_1_357' title='bbox 1531 2649 1724 2712; x_wconf 88' lang='lat' dir='ltr'><strong>portus</strong></span> <span class='ocrx_word' id='word_1_358' title='bbox 1757 2643 1959 2712; x_wconf 55' lang='lat' dir='ltr'><strong>divinis</strong></span> <span class='ocrx_word' id='word_1_359' title='bbox 2130 2643 2222 2699; x_wconf 73' lang='grc'><strong>47.</strong></span> <span class='ocrx_word' id='word_1_360' title='bbox 2259 2643 2386 2700; x_wconf 83' lang='lat' dir='ltr'><strong>Post</strong></span> <span class='ocrx_word' id='word_1_361' title='bbox 2409 2644 2643 2714; x_wconf 77' lang='lat' dir='ltr'><strong>plurima</strong></span> <span class='ocrx_word' id='word_1_362' title='bbox 2681 2644 2828 2700; x_wconf 88' lang='lat' dir='ltr'><strong>enim</strong></span> <span class='ocrx_word' id='word_1_363' title='bbox 2865 2643 3187 2708; x_wconf 82' lang='lat' dir='ltr'><strong>certamina,</strong></span> <span class='ocrx_word' id='word_1_364' title='bbox 3215 2652 3272 2698; x_wconf 91' lang='lat' dir='ltr'><strong>et</strong></span> <span class='ocrx_word' id='word_1_365' title='bbox 3304 2641 3638 2713; x_wconf 78' lang='lat' dir='ltr'><strong>profundum</strong></span> 
     </span>
    </p>
   </div>
   <div class='ocr_carea' id='block_1_48' title="bbox 383 2725 3641 2802">
    <p class='ocr_par' dir='ltr' id='par_1_48' title="bbox 383 2725 3641 2802">
     <span class='ocr_line' id='line_1_48' title="bbox 383 2725 3641 2802; baseline -0.004 -6"><span class='ocrx_word' id='word_1_366' title='bbox 383 2738 473 2786; x_wconf 75' lang='grc' dir='ltr'><strong>ωε</strong></span> <span class='ocrx_word' id='word_1_367' title='bbox 491 2729 808 2796; x_wconf 71' lang='lat' dir='ltr'><strong>adfuerunt.</strong></span> <span class='ocrx_word' id='word_1_368' title='bbox 841 2731 1144 2802; x_wconf 63' lang='lat' dir='ltr'><strong>Prophetia</strong></span> <span class='ocrx_word' id='word_1_369' title='bbox 1169 2725 1400 2792; x_wconf 71' lang='lat' dir='ltr'><strong>ancoras</strong></span> <span class='ocrx_word' id='word_1_370' title='bbox 1426 2733 1758 2800; x_wconf 79' lang='lat' dir='ltr'><strong>relaxantea,</strong></span> <span class='ocrx_word' id='word_1_371' title='bbox 1779 2747 1838 2791; x_wconf 88' lang='lat' dir='ltr'><strong>et</strong></span> <span class='ocrx_word' id='word_1_372' title='bbox 1862 2749 1958 2799; x_wconf 63' lang='lat' dir='ltr'><strong>va»-</strong></span> <span class='ocrx_word' id='word_1_373' title='bbox 2059 2732 2324 2789; x_wconf 73' lang='lat' dir='ltr'><strong>doctrinae</strong></span> <span class='ocrx_word' id='word_1_374' title='bbox 2372 2731 2668 2799; x_wconf 88' lang='lat' dir='ltr'><strong>inﬁnitum,</strong></span> <span class='ocrx_word' id='word_1_375' title='bbox 2698 2739 2756 2787; x_wconf 86' lang='lat' dir='ltr'><strong>et</strong></span> <span class='ocrx_word' id='word_1_376' title='bbox 2786 2731 2913 2790; x_wconf 74' lang='lat' dir='ltr'><strong>vitze</strong></span> <span class='ocrx_word' id='word_1_377' title='bbox 2951 2733 3196 2786; x_wconf 66' lang='lat' dir='ltr'><strong>honestat</strong></span> <span class='ocrx_word' id='word_1_378' title='bbox 3223 2730 3537 2802; x_wconf 77' lang='lat' dir='ltr'><strong>puritatem,</strong></span> <span class='ocrx_word' id='word_1_379' title='bbox 3583 2741 3641 2788; x_wconf 91' lang='lat' dir='ltr'><strong>et</strong></span> 
     </span>
    </p>
   </div>
   <div class='ocr_carea' id='block_1_49' title="bbox 380 2821 3644 2894">
    <p class='ocr_par' dir='ltr' id='par_1_49' title="bbox 380 2821 3644 2894">
     <span class='ocr_line' id='line_1_49' title="bbox 380 2821 3644 2894; baseline 0.001 -19"><span class='ocrx_word' id='word_1_380' title='bbox 380 2821 506 2888; x_wconf 85' lang='lat' dir='ltr'><strong>lidis</strong></span> <span class='ocrx_word' id='word_1_381' title='bbox 537 2822 760 2892; x_wconf 82' lang='lat' dir='ltr'><strong>pietatis</strong></span> <span class='ocrx_word' id='word_1_382' title='bbox 787 2823 1072 2894; x_wconf 80' lang='lat' dir='ltr'><strong>alligantes</strong></span> <span class='ocrx_word' id='word_1_383' title='bbox 1093 2823 1434 2888; x_wconf 80' lang='lat' dir='ltr'><strong>rudentibus.</strong></span> <span class='ocrx_word' id='word_1_384' title='bbox 1465 2833 1522 2879; x_wconf 88' lang='lat' dir='ltr'><strong>et</strong></span> <span class='ocrx_word' id='word_1_385' title='bbox 1546 2824 1684 2884; x_wconf 84' lang='lat' dir='ltr'><strong>citra</strong></span> <span class='ocrx_word' id='word_1_386' title='bbox 1713 2841 1956 2884; x_wconf 75' lang='lat' dir='ltr'><strong>errorem</strong></span> <span class='ocrx_word' id='word_1_387' title='bbox 2059 2839 2204 2880; x_wconf 70' lang='lat' dir='ltr'><strong>verte</strong></span> <span class='ocrx_word' id='word_1_388' title='bbox 2231 2823 2359 2888; x_wconf 85' lang='lat' dir='ltr'><strong>ﬁdei</strong></span> <span class='ocrx_word' id='word_1_389' title='bbox 2387 2822 2810 2888; x_wconf 80' lang='lat' dir='ltr'><strong>confessionem,</strong></span> <span class='ocrx_word' id='word_1_390' title='bbox 2840 2831 2898 2883; x_wconf 79' lang='lat' dir='ltr'><strong>et</strong></span> <span class='ocrx_word' id='word_1_391' title='bbox 2940 2823 3154 2890; x_wconf 67' lang='lat' dir='ltr'><strong>ratione</strong></span> <span class='ocrx_word' id='word_1_392' title='bbox 3203 2821 3420 2892; x_wconf 71' lang='lat' dir='ltr'><strong>praediti</strong></span> <span class='ocrx_word' id='word_1_393' title='bbox 3461 2823 3644 2894; x_wconf 90' lang='lat' dir='ltr'><strong>gregis</strong></span> 
     </span>
    </p>
   </div>
   <div class='ocr_carea' id='block_1_50' title="bbox 379 2899 3640 2997">
    <p class='ocr_par' dir='ltr' id='par_1_50' title="bbox 379 2899 3640 2997">
     <span class='ocr_line' id='line_1_50' title="bbox 379 2899 3640 2997; baseline -0.001 -27"><span class='ocrx_word' id='word_1_394' title='bbox 379 2913 718 2978; x_wconf 78' lang='lat' dir='ltr'><strong>deducentes</strong></span> <span class='ocrx_word' id='word_1_395' title='bbox 743 2915 813 2973; x_wconf 75' lang='lat' dir='ltr'><strong>ad</strong></span> <span class='ocrx_word' id='word_1_396' title='bbox 867 2924 1066 2976; x_wconf 77' lang='lat' dir='ltr'><strong>terram</strong></span> <span class='ocrx_word' id='word_1_397' title='bbox 1092 2915 1584 2987; x_wconf 69' lang='lat' dir='ltr'><strong>,iDeicoguitionis.</strong></span> <span class='ocrx_word' id='word_1_398' title='bbox 1632 2917 1732 2974; x_wconf 83' lang='lat' dir='ltr'><strong>Hie</strong></span> <span class='ocrx_word' id='word_1_399' title='bbox 1775 2929 1956 2976; x_wconf 86' lang='lat' dir='ltr'><strong>autem</strong></span> <span class='ocrx_word' id='word_1_400' title='bbox 2044 2915 2129 2997; x_wconf 30' lang='lat' dir='ltr'><strong>[ad</strong></span> <span class='ocrx_word' id='word_1_401' title='bbox 2165 2931 2251 2984; x_wconf 89' lang='lat' dir='ltr'><strong>ea,</strong></span> <span class='ocrx_word' id='word_1_402' title='bbox 2283 2930 2406 2994; x_wconf 64' lang='lat' dir='ltr'><strong>quae</strong></span> <span class='ocrx_word' id='word_1_403' title='bbox 2455 2924 2586 2972; x_wconf 89' lang='lat' dir='ltr'><strong>sunt</strong></span> <span class='ocrx_word' id='word_1_404' title='bbox 2609 2899 2993 2994; x_wconf 56' lang='lat' dir='ltr'><strong>praestantiora</strong></span> <span class='ocrx_word' id='word_1_405' title='bbox 3025 2924 3083 2984; x_wconf 78' lang='lat' dir='ltr'><strong>et</strong></span> <span class='ocrx_word' id='word_1_406' title='bbox 3109 2913 3312 2981; x_wconf 88' lang='lat' dir='ltr'><strong>divina,</strong></span> <span class='ocrx_word' id='word_1_407' title='bbox 3347 2915 3469 2984; x_wconf 82' lang='lat' dir='ltr'><strong>ejus</strong></span> <span class='ocrx_word' id='word_1_408' title='bbox 3516 2929 3640 2969; x_wconf 77' lang='grc' dir='ltr'><strong>πιο-</strong></span> 
     </span>
    </p>
   </div>
   <div class='ocr_carea' id='block_1_51' title="bbox 379 3005 1958 3082">
    <p class='ocr_par' dir='ltr' id='par_1_51' title="bbox 379 3005 1958 3082">
     <span class='ocr_line' id='line_1_51' title="bbox 379 3005 1958 3082; baseline 0.002 -20"><span class='ocrx_word' id='word_1_409' title='bbox 379 3005 702 3072; x_wconf 84' lang='lat' dir='ltr'><strong>Ecclesiam,</strong></span> <span class='ocrx_word' id='word_1_410' title='bbox 739 3021 862 3076; x_wconf 72' lang='lat' dir='ltr'><strong>quin</strong></span> <span class='ocrx_word' id='word_1_411' title='bbox 899 3017 1010 3062; x_wconf 80' lang='lat' dir='ltr'><strong>non</strong></span> <span class='ocrx_word' id='word_1_412' title='bbox 1036 3021 1200 3064; x_wconf 82' lang='lat' dir='ltr'><strong>secus</strong></span> <span class='ocrx_word' id='word_1_413' title='bbox 1224 3021 1292 3062; x_wconf 88' lang='lat' dir='ltr'><strong>ac</strong></span> <span class='ocrx_word' id='word_1_414' title='bbox 1319 3008 1512 3079; x_wconf 80' lang='lat' dir='ltr'><strong>cymba</strong></span> <span class='ocrx_word' id='word_1_415' title='bbox 1537 3010 1594 3064; x_wconf 86' lang='lat' dir='ltr'><strong>in</strong></span> <span class='ocrx_word' id='word_1_416' title='bbox 1621 3011 1758 3064; x_wconf 84' lang='lat' dir='ltr'><strong>mari</strong></span> <span class='ocrx_word' id='word_1_417' title='bbox 1787 3011 1958 3082; x_wconf 86' lang='lat' dir='ltr'><strong>agita-</strong></span> 
     </span>
    </p>
   </div>
   <div class='ocr_carea' id='block_1_52' title="bbox 379 3097 1955 3168">
    <p class='ocr_par' dir='ltr' id='par_1_52' title="bbox 379 3097 1955 3168">
     <span class='ocr_line' id='line_1_52' title="bbox 379 3097 1955 3168; baseline 0.002 -14"><span class='ocrx_word' id='word_1_418' title='bbox 379 3099 541 3155; x_wconf 81' lang='lat' dir='ltr'><strong>batur</strong></span> <span class='ocrx_word' id='word_1_419' title='bbox 566 3097 843 3164; x_wconf 81' lang='lat' dir='ltr'><strong>lluctibns,</strong></span> <span class='ocrx_word' id='word_1_420' title='bbox 877 3105 934 3153; x_wconf 87' lang='lat' dir='ltr'><strong>et</strong></span> <span class='ocrx_word' id='word_1_421' title='bbox 957 3098 1216 3157; x_wconf 82' lang='lat' dir='ltr'><strong>veniebat</strong></span> <span class='ocrx_word' id='word_1_422' title='bbox 1245 3098 1302 3156; x_wconf 91' lang='lat' dir='ltr'><strong>in</strong></span> <span class='ocrx_word' id='word_1_423' title='bbox 1337 3098 1664 3168; x_wconf 86' lang='lat' dir='ltr'><strong>periculum.</strong></span> <span class='ocrx_word' id='word_1_424' title='bbox 1703 3115 1775 3156; x_wconf 90' lang='lat' dir='ltr'><strong>ne</strong></span> <span class='ocrx_word' id='word_1_425' title='bbox 1801 3100 1955 3157; x_wconf 74' lang='lat' dir='ltr'><strong>face-</strong></span> 
     </span>
    </p>
   </div>
   <div class='ocr_carea' id='block_1_53' title="bbox 378 3189 1953 3262">
    <p class='ocr_par' dir='ltr' id='par_1_53' title="bbox 378 3189 1953 3262">
     <span class='ocr_line' id='line_1_53' title="bbox 378 3189 1953 3262; baseline 0.001 -18"><span class='ocrx_word' id='word_1_426' title='bbox 378 3197 460 3246; x_wconf 88' lang='lat' dir='ltr'><strong>ret</strong></span> <span class='ocrx_word' id='word_1_427' title='bbox 481 3189 764 3261; x_wconf 39' lang='lat' dir='ltr'><strong>iacturam.</strong></span> <span class='ocrx_word' id='word_1_428' title='bbox 783 3194 1004 3253; x_wconf 76' lang='lat' dir='ltr'><strong>eorum,”</strong></span> <span class='ocrx_word' id='word_1_429' title='bbox 1027 3202 1167 3258; x_wconf 83' lang='lat' dir='ltr'><strong>quos</strong></span> <span class='ocrx_word' id='word_1_430' title='bbox 1200 3189 1454 3255; x_wconf 84' lang='lat' dir='ltr'><strong>vehebat,</strong></span> <span class='ocrx_word' id='word_1_431' title='bbox 1491 3199 1780 3262; x_wconf 80' lang='lat' dir='ltr'><strong>prepterea</strong></span> <span class='ocrx_word' id='word_1_432' title='bbox 1807 3191 1953 3260; x_wconf 87' lang='lat' dir='ltr'><strong>quod</strong></span> 
     </span>
    </p>
   </div>
   <div class='ocr_carea' id='block_1_54' title="bbox 377 3279 1951 3349">
    <p class='ocr_par' dir='ltr' id='par_1_54' title="bbox 377 3279 1951 3349">
     <span class='ocr_line' id='line_1_54' title="bbox 377 3279 1951 3349; baseline 0.002 -15"><span class='ocrx_word' id='word_1_433' title='bbox 377 3279 598 3334; x_wconf 86' lang='lat' dir='ltr'><strong>deesset</strong></span> <span class='ocrx_word' id='word_1_434' title='bbox 617 3280 828 3349; x_wconf 85' lang='lat' dir='ltr'><strong>peritus</strong></span> <span class='ocrx_word' id='word_1_435' title='bbox 857 3280 1213 3349; x_wconf 72' lang='lat' dir='ltr'><strong>gubernator,</strong></span> <span class='ocrx_word' id='word_1_436' title='bbox 1240 3280 1335 3348; x_wconf 89' lang='lat' dir='ltr'><strong>qui</strong></span> <span class='ocrx_word' id='word_1_437' title='bbox 1366 3280 1648 3337; x_wconf 84' lang='lat' dir='ltr'><strong>resisteret</strong></span> <span class='ocrx_word' id='word_1_438' title='bbox 1675 3279 1951 3347; x_wconf 70' lang='lat' dir='ltr'><strong>ﬂuctibus,</strong></span> 
     </span>
    </p>
   </div>
   <div class='ocr_carea' id='block_1_55' title="bbox 377 3370 1951 3441">
    <p class='ocr_par' dir='ltr' id='par_1_55' title="bbox 377 3370 1951 3441">
     <span class='ocr_line' id='line_1_55' title="bbox 377 3370 1951 3441; baseline 0.001 -13"><span class='ocrx_word' id='word_1_439' title='bbox 377 3377 528 3428; x_wconf 65' lang='lat' dir='ltr'><strong>sanas</strong></span> <span class='ocrx_word' id='word_1_440' title='bbox 560 3372 684 3428; x_wconf 85' lang='lat' dir='ltr'><strong>ﬁdei</strong></span> <span class='ocrx_word' id='word_1_441' title='bbox 717 3371 872 3438; x_wconf 78' lang='lat' dir='ltr'><strong>clavo</strong></span> <span class='ocrx_word' id='word_1_442' title='bbox 904 3386 1122 3441; x_wconf 82' lang='lat' dir='ltr'><strong>regens,</strong></span> <span class='ocrx_word' id='word_1_443' title='bbox 1170 3370 1230 3426; x_wconf 87' lang='lat' dir='ltr'><strong>in</strong></span> <span class='ocrx_word' id='word_1_444' title='bbox 1258 3379 1422 3440; x_wconf 85' lang='lat' dir='ltr'><strong>portu</strong></span> <span class='ocrx_word' id='word_1_445' title='bbox 1447 3371 1678 3428; x_wconf 89' lang='lat' dir='ltr'><strong>collocat</strong></span> <span class='ocrx_word' id='word_1_446' title='bbox 1705 3389 1724 3426; x_wconf 84' lang='lat'><strong>:</strong></span> <span class='ocrx_word' id='word_1_447' title='bbox 1749 3382 1806 3430; x_wconf 88' lang='lat' dir='ltr'><strong>et</strong></span> <span class='ocrx_word' id='word_1_448' title='bbox 1835 3389 1951 3438; x_wconf 83' lang='lat' dir='ltr'><strong>eos,</strong></span> 
     </span>
    </p>
   </div>
   <div class='ocr_carea' id='block_1_56' title="bbox 376 3461 1952 3535">
    <p class='ocr_par' dir='ltr' id='par_1_56' title="bbox 376 3461 1952 3535">
     <span class='ocr_line' id='line_1_56' title="bbox 376 3461 1952 3535; baseline 0.001 -17"><span class='ocrx_word' id='word_1_449' title='bbox 376 3464 471 3535; x_wconf 85' lang='lat' dir='ltr'><strong>qui</strong></span> <span class='ocrx_word' id='word_1_450' title='bbox 499 3473 660 3520; x_wconf 83' lang='lat' dir='ltr'><strong>erant</strong></span> <span class='ocrx_word' id='word_1_451' title='bbox 698 3463 755 3520; x_wconf 91' lang='lat' dir='ltr'><strong>in</strong></span> <span class='ocrx_word' id='word_1_452' title='bbox 782 3479 869 3533; x_wconf 79' lang='lat' dir='ltr'><strong>ea,</strong></span> <span class='ocrx_word' id='word_1_453' title='bbox 901 3471 1272 3527; x_wconf 78' lang='lat' dir='ltr'><strong>conservatos,</strong></span> <span class='ocrx_word' id='word_1_454' title='bbox 1301 3461 1496 3526; x_wconf 79' lang='lat' dir='ltr'><strong>idolica</strong></span> <span class='ocrx_word' id='word_1_455' title='bbox 1518 3472 1576 3520; x_wconf 88' lang='lat' dir='ltr'><strong>et</strong></span> <span class='ocrx_word' id='word_1_456' title='bbox 1599 3478 1760 3526; x_wconf 84' lang='lat' dir='ltr'><strong>vana,</strong></span> <span class='ocrx_word' id='word_1_457' title='bbox 1789 3479 1952 3534; x_wconf 84' lang='lat' dir='ltr'><strong>quam</strong></span> 
     </span>
    </p>
   </div>
   <div class='ocr_carea' id='block_1_57' title="bbox 373 3553 1953 3628">
    <p class='ocr_par' dir='ltr' id='par_1_57' title="bbox 373 3553 1953 3628">
     <span class='ocr_line' id='line_1_57' title="bbox 373 3553 1953 3628; baseline -0.001 -18"><span class='ocrx_word' id='word_1_458' title='bbox 373 3557 434 3610; x_wconf 87' lang='lat' dir='ltr'><strong>in</strong></span> <span class='ocrx_word' id='word_1_459' title='bbox 459 3553 645 3628; x_wconf 80' lang='lat' dir='ltr'><strong>lingua</strong></span> <span class='ocrx_word' id='word_1_460' title='bbox 671 3556 950 3621; x_wconf 75' lang='lat' dir='ltr'><strong>habebant</strong></span> <span class='ocrx_word' id='word_1_461' title='bbox 975 3555 1241 3616; x_wconf 77' lang='lat' dir='ltr'><strong>adversus</strong></span> <span class='ocrx_word' id='word_1_462' title='bbox 1259 3568 1444 3619; x_wconf 82' lang='lat' dir='ltr'><strong>sacras</strong></span> <span class='ocrx_word' id='word_1_463' title='bbox 1469 3555 1754 3626; x_wconf 78' lang='lat' dir='ltr'><strong>imagines,</strong></span> <span class='ocrx_word' id='word_1_464' title='bbox 1775 3556 1953 3622; x_wconf 76' lang='lat' dir='ltr'><strong>ablata</strong></span> 
     </span>
    </p>
   </div>
   <div class='ocr_carea' id='block_1_58' title="bbox 375 3645 1954 3719">
    <p class='ocr_par' dir='ltr' id='par_1_58' title="bbox 375 3645 1954 3719">
     <span class='ocr_line' id='line_1_58' title="bbox 375 3645 1954 3719; baseline 0 -17"><span class='ocrx_word' id='word_1_465' title='bbox 375 3649 658 3719; x_wconf 90' lang='lat' dir='ltr'><strong>opinione,</strong></span> <span class='ocrx_word' id='word_1_466' title='bbox 685 3646 1041 3718; x_wconf 80' lang='lat' dir='ltr'><strong>synodalibus</strong></span> <span class='ocrx_word' id='word_1_467' title='bbox 1065 3645 1418 3717; x_wconf 81' lang='lat' dir='ltr'><strong>paternisque</strong></span> <span class='ocrx_word' id='word_1_468' title='bbox 1443 3654 1496 3705; x_wconf 90' lang='lat' dir='ltr'><strong>ct</strong></span> <span class='ocrx_word' id='word_1_469' title='bbox 1528 3646 1694 3712; x_wconf 85' lang='lat' dir='ltr'><strong>rectis</strong></span> <span class='ocrx_word' id='word_1_470' title='bbox 1717 3647 1954 3712; x_wconf 63' lang='lat' dir='ltr'><strong>circum,-</strong></span> 
     </span>
    </p>
   </div>
   <div class='ocr_carea' id='block_1_59' title="bbox 378 3735 1954 3808">
    <p class='ocr_par' dir='ltr' id='par_1_59' title="bbox 378 3735 1954 3808">
     <span class='ocr_line' id='line_1_59' title="bbox 378 3735 1954 3808; baseline -0.001 -12"><span class='ocrx_word' id='word_1_471' title='bbox 378 3742 598 3796; x_wconf 70' lang='lat' dir='ltr'><strong>vallavit</strong></span> <span class='ocrx_word' id='word_1_472' title='bbox 643 3735 900 3798; x_wconf 68' lang='lat' dir='ltr'><strong>decretis.</strong></span> <span class='ocrx_word' id='word_1_473' title='bbox 958 3739 1098 3794; x_wconf 81' lang='lat' dir='ltr'><strong>Cum</strong></span> <span class='ocrx_word' id='word_1_474' title='bbox 1146 3747 1497 3801; x_wconf 84' lang='lat' dir='ltr'><strong>sacrosancto</strong></span> <span class='ocrx_word' id='word_1_475' title='bbox 1541 3747 1728 3802; x_wconf 78' lang='lat' dir='ltr'><strong>autem</strong></span> <span class='ocrx_word' id='word_1_476' title='bbox 1779 3739 1954 3808; x_wconf 83' lang='lat' dir='ltr'><strong>psalte</strong></span> 
     </span>
    </p>
   </div>
   <div class='ocr_carea' id='block_1_60' title="bbox 379 3828 1955 3899">
    <p class='ocr_par' dir='ltr' id='par_1_60' title="bbox 379 3828 1955 3899">
     <span class='ocr_line' id='line_1_60' title="bbox 379 3828 1955 3899; baseline -0.001 -13"><span class='ocrx_word' id='word_1_477' title='bbox 379 3831 550 3887; x_wconf 83' lang='lat' dir='ltr'><strong>David</strong></span> <span class='ocrx_word' id='word_1_478' title='bbox 579 3829 859 3887; x_wconf 86' lang='lat' dir='ltr'><strong>concurrit</strong></span> <span class='ocrx_word' id='word_1_479' title='bbox 895 3829 954 3886; x_wconf 87' lang='lat' dir='ltr'><strong>in</strong></span> <span class='ocrx_word' id='word_1_480' title='bbox 1013 3828 1348 3892; x_wconf 82' lang='lat' dir='ltr'><strong>innocentia,</strong></span> <span class='ocrx_word' id='word_1_481' title='bbox 1378 3837 1435 3882; x_wconf 92' lang='lat' dir='ltr'><strong>et</strong></span> <span class='ocrx_word' id='word_1_482' title='bbox 1472 3843 1600 3884; x_wconf 86' lang='lat' dir='ltr'><strong>cum</strong></span> <span class='ocrx_word' id='word_1_483' title='bbox 1625 3843 1692 3883; x_wconf 91' lang='lat' dir='ltr'><strong>eo</strong></span> <span class='ocrx_word' id='word_1_484' title='bbox 1724 3828 1955 3899; x_wconf 85' lang='lat' dir='ltr'><strong>diligens</strong></span> 
     </span>
    </p>
   </div>
   <div class='ocr_carea' id='block_1_61' title="bbox 375 3919 1955 3992">
    <p class='ocr_par' dir='ltr' id='par_1_61' title="bbox 375 3919 1955 3992">
     <span class='ocr_line' id='line_1_61' title="bbox 375 3919 1955 3992; baseline -0.004 -12"><span class='ocrx_word' id='word_1_485' title='bbox 375 3924 634 3980; x_wconf 86' lang='lat' dir='ltr'><strong>decorem</strong></span> <span class='ocrx_word' id='word_1_486' title='bbox 673 3921 871 3978; x_wconf 91' lang='lat' dir='ltr'><strong>domus</strong></span> <span class='ocrx_word' id='word_1_487' title='bbox 902 3920 1141 3992; x_wconf 87' lang='lat' dir='ltr'><strong>Domini,</strong></span> <span class='ocrx_word' id='word_1_488' title='bbox 1176 3936 1289 3976; x_wconf 92' lang='lat' dir='ltr'><strong>non</strong></span> <span class='ocrx_word' id='word_1_489' title='bbox 1320 3921 1469 3979; x_wconf 86' lang='lat' dir='ltr'><strong>dedit</strong></span> <span class='ocrx_word' id='word_1_490' title='bbox 1497 3925 1749 3978; x_wconf 83' lang='lat' dir='ltr'><strong>somnum</strong></span> <span class='ocrx_word' id='word_1_491' title='bbox 1780 3919 1955 3992; x_wconf 80' lang='lat' dir='ltr'><strong>oculis</strong></span> 
     </span>
    </p>
   </div>
   <div class='ocr_carea' id='block_1_62' title="bbox 295 4013 1950 4086">
    <p class='ocr_par' dir='ltr' id='par_1_62' title="bbox 295 4013 1950 4086">
     <span class='ocr_line' id='line_1_62' title="bbox 295 4013 1950 4086; baseline -0.001 -14"><span class='ocrx_word' id='word_1_492' title='bbox 295 4068 304 4076; x_wconf 84' lang='grc'><strong><em>,</em></strong></span> <span class='ocrx_word' id='word_1_493' title='bbox 374 4025 433 4072; x_wconf 84' lang='lat' dir='ltr'><strong>et</strong></span> <span class='ocrx_word' id='word_1_494' title='bbox 453 4015 729 4086; x_wconf 87' lang='lat' dir='ltr'><strong>palpebris</strong></span> <span class='ocrx_word' id='word_1_495' title='bbox 753 4013 1221 4077; x_wconf 83' lang='lat' dir='ltr'><strong>dormitationem,</strong></span> <span class='ocrx_word' id='word_1_496' title='bbox 1242 4023 1299 4069; x_wconf 92' lang='lat' dir='ltr'><strong>et</strong></span> <span class='ocrx_word' id='word_1_497' title='bbox 1323 4013 1567 4086; x_wconf 84' lang='lat' dir='ltr'><strong>requiem</strong></span> <span class='ocrx_word' id='word_1_498' title='bbox 1591 4014 1950 4084; x_wconf 84' lang='lat' dir='ltr'><strong>temporibus,</strong></span> 
     </span>
    </p>
   </div>
   <div class='ocr_carea' id='block_1_63' title="bbox 373 4095 1950 4176">
    <p class='ocr_par' dir='ltr' id='par_1_63' title="bbox 373 4095 1950 4176">
     <span class='ocr_line' id='line_1_63' title="bbox 373 4095 1950 4176; baseline 0.002 -17"><span class='ocrx_word' id='word_1_499' title='bbox 373 4106 552 4162; x_wconf 87' lang='lat' dir='ltr'><strong>donec</strong></span> <span class='ocrx_word' id='word_1_500' title='bbox 579 4104 823 4176; x_wconf 85' lang='lat' dir='ltr'><strong>seipsum</strong></span> <span class='ocrx_word' id='word_1_501' title='bbox 875 4104 1152 4176; x_wconf 89' lang='lat' dir='ltr'><strong>exemplar</strong></span> <span class='ocrx_word' id='word_1_502' title='bbox 1182 4105 1412 4160; x_wconf 85' lang='lat' dir='ltr'><strong>Domino</strong></span> <span class='ocrx_word' id='word_1_503' title='bbox 1441 4113 1498 4161; x_wconf 90' lang='lat' dir='ltr'><strong>et</strong></span> <span class='ocrx_word' id='word_1_504' title='bbox 1539 4095 1950 4164; x_wconf 77' lang='lat' dir='ltr'><strong>tabernaculum</strong></span> 
     </span>
    </p>
   </div>
   <div class='ocr_carea' id='block_1_64' title="bbox 377 4194 1950 4270">
    <p class='ocr_par' dir='ltr' id='par_1_64' title="bbox 377 4194 1950 4270">
     <span class='ocr_line' id='line_1_64' title="bbox 377 4194 1950 4270; baseline 0.002 -20"><span class='ocrx_word' id='word_1_505' title='bbox 377 4197 488 4251; x_wconf 87' lang='lat' dir='ltr'><strong>Deo</strong></span> <span class='ocrx_word' id='word_1_506' title='bbox 515 4194 702 4264; x_wconf 82' lang='lat' dir='ltr'><strong>Jacob,</strong></span> <span class='ocrx_word' id='word_1_507' title='bbox 751 4196 895 4254; x_wconf 87' lang='lat' dir='ltr'><strong>sicut</strong></span> <span class='ocrx_word' id='word_1_508' title='bbox 935 4196 1045 4264; x_wconf 89' lang='lat' dir='ltr'><strong>ille,</strong></span> <span class='ocrx_word' id='word_1_509' title='bbox 1095 4197 1363 4256; x_wconf 84' lang='lat' dir='ltr'><strong>exhibuit.</strong></span> <span class='ocrx_word' id='word_1_510' title='bbox 1413 4197 1541 4254; x_wconf 88' lang='lat' dir='ltr'><strong>Zelo</strong></span> <span class='ocrx_word' id='word_1_511' title='bbox 1595 4206 1778 4252; x_wconf 91' lang='lat' dir='ltr'><strong>motus</strong></span> <span class='ocrx_word' id='word_1_512' title='bbox 1825 4215 1950 4270; x_wconf 85' lang='lat' dir='ltr'><strong>cum</strong></span> 
     </span>
    </p>
   </div>
   <div class='ocr_carea' id='block_1_65' title="bbox 373 4286 1952 4362">
    <p class='ocr_par' dir='ltr' id='par_1_65' title="bbox 373 4286 1952 4362">
     <span class='ocr_line' id='line_1_65' title="bbox 373 4286 1952 4362; baseline 0.005 -20"><span class='ocrx_word' id='word_1_513' title='bbox 373 4286 632 4360; x_wconf 75' lang='lat' dir='ltr'><strong>Phincos.</strong></span> <span class='ocrx_word' id='word_1_514' title='bbox 661 4287 910 4344; x_wconf 75' lang='lat' dir='ltr'><strong>haeresim</strong></span> <span class='ocrx_word' id='word_1_515' title='bbox 937 4299 993 4358; x_wconf 82' lang='lat' dir='ltr'><strong>et</strong></span> <span class='ocrx_word' id='word_1_516' title='bbox 1026 4289 1145 4358; x_wconf 82' lang='lat' dir='ltr'><strong>ejus</strong></span> <span class='ocrx_word' id='word_1_517' title='bbox 1188 4297 1461 4358; x_wconf 77' lang='lat' dir='ltr'><strong>amatores</strong></span> <span class='ocrx_word' id='word_1_518' title='bbox 1505 4301 1766 4362; x_wconf 77' lang='lat' dir='ltr'><strong>tanquam</strong></span> <span class='ocrx_word' id='word_1_519' title='bbox 1809 4307 1952 4350; x_wconf 66' lang='lat' dir='ltr'><strong>verae</strong></span> 
     </span>
    </p>
   </div>
   <div class='ocr_carea' id='block_1_66' title="bbox 2061 3006 3640 3078">
    <p class='ocr_par' dir='ltr' id='par_1_66' title="bbox 2061 3006 3640 3078">
     <span class='ocr_line' id='line_1_66' title="bbox 2061 3006 3640 3078; baseline -0.001 -16"><span class='ocrx_word' id='word_1_520' title='bbox 2061 3006 2189 3062; x_wconf 88' lang='lat' dir='ltr'><strong>uitis</strong></span> <span class='ocrx_word' id='word_1_521' title='bbox 2217 3006 2624 3070; x_wconf 83' lang='lat' dir='ltr'><strong>deductionem,</strong></span> <span class='ocrx_word' id='word_1_522' title='bbox 2665 3016 2723 3072; x_wconf 84' lang='lat' dir='ltr'><strong>et</strong></span> <span class='ocrx_word' id='word_1_523' title='bbox 2751 3007 2808 3062; x_wconf 90' lang='lat' dir='ltr'><strong>in</strong></span> <span class='ocrx_word' id='word_1_524' title='bbox 2841 3006 3055 3068; x_wconf 84' lang='lat' dir='ltr'><strong>alendis</strong></span> <span class='ocrx_word' id='word_1_525' title='bbox 3079 3006 3412 3078; x_wconf 87' lang='lat' dir='ltr'><strong>pauperibus</strong></span> <span class='ocrx_word' id='word_1_526' title='bbox 3447 3007 3640 3077; x_wconf 84' lang='lat' dir='ltr'><strong>copio-</strong></span> 
     </span>
    </p>
   </div>
   <div class='ocr_carea' id='block_1_67' title="bbox 2060 3085 3638 3178">
    <p class='ocr_par' dir='ltr' id='par_1_67' title="bbox 2060 3085 3638 3178">
     <span class='ocr_line' id='line_1_67' title="bbox 2060 3085 3638 3178; baseline 0 -24"><span class='ocrx_word' id='word_1_527' title='bbox 2060 3111 2176 3154; x_wconf 84' lang='lat' dir='ltr'><strong>sam</strong></span> <span class='ocrx_word' id='word_1_528' title='bbox 2204 3085 2722 3178; x_wconf 78' lang='lat' dir='ltr'><strong>suppeditationem,</strong></span> <span class='ocrx_word' id='word_1_529' title='bbox 2752 3108 2808 3154; x_wconf 90' lang='lat' dir='ltr'><strong>et</strong></span> <span class='ocrx_word' id='word_1_530' title='bbox 2825 3097 3102 3156; x_wconf 82' lang='lat' dir='ltr'><strong>assiduam</strong></span> <span class='ocrx_word' id='word_1_531' title='bbox 3120 3097 3327 3164; x_wconf 84' lang='lat' dir='ltr'><strong>sanctis</strong></span> <span class='ocrx_word' id='word_1_532' title='bbox 3352 3099 3515 3154; x_wconf 89' lang='lat' dir='ltr'><strong>rebus</strong></span> <span class='ocrx_word' id='word_1_533' title='bbox 3541 3100 3638 3154; x_wconf 88' lang='lat' dir='ltr'><strong>da-</strong></span> 
     </span>
    </p>
   </div>
   <div class='ocr_carea' id='block_1_68' title="bbox 2059 3185 3637 3262">
    <p class='ocr_par' dir='ltr' id='par_1_68' title="bbox 2059 3185 3637 3262">
     <span class='ocr_line' id='line_1_68' title="bbox 2059 3185 3637 3262; baseline 0.001 -20"><span class='ocrx_word' id='word_1_534' title='bbox 2059 3196 2172 3242; x_wconf 87' lang='lat' dir='ltr'><strong>tam</strong></span> <span class='ocrx_word' id='word_1_535' title='bbox 2197 3202 2444 3256; x_wconf 83' lang='lat' dir='ltr'><strong>cperam,</strong></span> <span class='ocrx_word' id='word_1_536' title='bbox 2471 3186 2599 3242; x_wconf 86' lang='lat' dir='ltr'><strong>etin</strong></span> <span class='ocrx_word' id='word_1_537' title='bbox 2619 3187 2884 3258; x_wconf 83' lang='lat' dir='ltr'><strong>pastorali</strong></span> <span class='ocrx_word' id='word_1_538' title='bbox 2908 3202 3139 3262; x_wconf 79' lang='lat' dir='ltr'><strong>munere</strong></span> <span class='ocrx_word' id='word_1_539' title='bbox 3159 3185 3472 3241; x_wconf 90' lang='lat' dir='ltr'><strong>diuturnam</strong></span> <span class='ocrx_word' id='word_1_540' title='bbox 3515 3203 3637 3243; x_wconf 85' lang='lat' dir='ltr'><strong>mo-</strong></span> 
     </span>
    </p>
   </div>
   <div class='ocr_carea' id='block_1_69' title="bbox 2057 3263 3636 3350">
    <p class='ocr_par' dir='ltr' id='par_1_69' title="bbox 2057 3263 3636 3350">
     <span class='ocr_line' id='line_1_69' title="bbox 2057 3263 3636 3350; baseline 0.001 -18"><span class='ocrx_word' id='word_1_541' title='bbox 2057 3293 2174 3334; x_wconf 85' lang='lat' dir='ltr'><strong>ram</strong></span> <span class='ocrx_word' id='word_1_542' title='bbox 2201 3263 2411 3350; x_wconf 82' lang='lat' dir='ltr'><strong>(viginti</strong></span> <span class='ocrx_word' id='word_1_543' title='bbox 2467 3277 2614 3342; x_wconf 86' lang='lat' dir='ltr'><strong>enim</strong></span> <span class='ocrx_word' id='word_1_544' title='bbox 2643 3287 2700 3333; x_wconf 92' lang='lat' dir='ltr'><strong>et</strong></span> <span class='ocrx_word' id='word_1_545' title='bbox 2743 3277 2882 3336; x_wconf 89' lang='lat' dir='ltr'><strong>duos</strong></span> <span class='ocrx_word' id='word_1_546' title='bbox 2906 3277 3018 3348; x_wconf 78' lang='lat'><strong>(65)</strong></span> <span class='ocrx_word' id='word_1_547' title='bbox 3057 3293 3232 3334; x_wconf 86' lang='lat' dir='ltr'><strong>annos</strong></span> <span class='ocrx_word' id='word_1_548' title='bbox 3267 3276 3636 3350; x_wconf 88' lang='lat' dir='ltr'><strong>pontiﬁcalem</strong></span> 
     </span>
    </p>
   </div>
   <div class='ocr_carea' id='block_1_70' title="bbox 2055 3370 3638 3442">
    <p class='ocr_par' dir='ltr' id='par_1_70' title="bbox 2055 3370 3638 3442">
     <span class='ocr_line' id='line_1_70' title="bbox 2055 3370 3638 3442; baseline 0 -14"><span class='ocrx_word' id='word_1_549' title='bbox 2055 3371 2333 3431; x_wconf 83' lang='lat' dir='ltr'><strong>decoravit</strong></span> <span class='ocrx_word' id='word_1_550' title='bbox 2379 3370 2745 3442; x_wconf 81' lang='lat' dir='ltr'><strong>cathedram),</strong></span> <span class='ocrx_word' id='word_1_551' title='bbox 2779 3371 3039 3442; x_wconf 78' lang='lat' dir='ltr'><strong>ingruens</strong></span> <span class='ocrx_word' id='word_1_552' title='bbox 3095 3371 3340 3440; x_wconf 78' lang='lat' dir='ltr'><strong>morbus</strong></span> <span class='ocrx_word' id='word_1_553' title='bbox 3375 3382 3430 3428; x_wconf 93' lang='lat' dir='ltr'><strong>et</strong></span> <span class='ocrx_word' id='word_1_554' title='bbox 3481 3373 3638 3428; x_wconf 85' lang='lat' dir='ltr'><strong>valde</strong></span> 
     </span>
    </p>
   </div>
   <div class='ocr_carea' id='block_1_71' title="bbox 2055 3462 3638 3538">
    <p class='ocr_par' dir='ltr' id='par_1_71' title="bbox 2055 3462 3638 3538">
     <span class='ocr_line' id='line_1_71' title="bbox 2055 3462 3638 3538; baseline -0.001 -18"><span class='ocrx_word' id='word_1_555' title='bbox 2055 3479 2274 3538; x_wconf 85' lang='lat' dir='ltr'><strong>gravem</strong></span> <span class='ocrx_word' id='word_1_556' title='bbox 2307 3464 2358 3520; x_wconf 88' lang='lat' dir='ltr'><strong>ei</strong></span> <span class='ocrx_word' id='word_1_557' title='bbox 2379 3464 2627 3522; x_wconf 88' lang='lat' dir='ltr'><strong>dolerem</strong></span> <span class='ocrx_word' id='word_1_558' title='bbox 2659 3462 2916 3532; x_wconf 63' lang='lat' dir='ltr'><strong>aﬁerens,</strong></span> <span class='ocrx_word' id='word_1_559' title='bbox 2943 3481 3053 3523; x_wconf 88' lang='lat' dir='ltr'><strong>non</strong></span> <span class='ocrx_word' id='word_1_560' title='bbox 3084 3463 3377 3536; x_wconf 84' lang='lat' dir='ltr'><strong>persuasit,</strong></span> <span class='ocrx_word' id='word_1_561' title='bbox 3410 3473 3470 3518; x_wconf 91' lang='lat' dir='ltr'><strong>ut</strong></span> <span class='ocrx_word' id='word_1_562' title='bbox 3497 3464 3638 3520; x_wconf 81' lang='lat' dir='ltr'><strong>obli-</strong></span> 
     </span>
    </p>
   </div>
   <div class='ocr_carea' id='block_1_72' title="bbox 2057 3555 3637 3634">
    <p class='ocr_par' dir='ltr' id='par_1_72' title="bbox 2057 3555 3637 3634">
     <span class='ocr_line' id='line_1_72' title="bbox 2057 3555 3637 3634; baseline -0.002 -20"><span class='ocrx_word' id='word_1_563' title='bbox 2057 3557 2360 3614; x_wconf 87' lang='lat' dir='ltr'><strong>visceretur</strong></span> <span class='ocrx_word' id='word_1_564' title='bbox 2390 3559 2640 3634; x_wconf 85' lang='lat' dir='ltr'><strong>perpetui</strong></span> <span class='ocrx_word' id='word_1_565' title='bbox 2677 3565 2735 3614; x_wconf 90' lang='lat' dir='ltr'><strong>et</strong></span> <span class='ocrx_word' id='word_1_566' title='bbox 2763 3557 2940 3617; x_wconf 87' lang='lat' dir='ltr'><strong>divini</strong></span> <span class='ocrx_word' id='word_1_567' title='bbox 2965 3556 3148 3614; x_wconf 77' lang='lat' dir='ltr'><strong>cilicii.</strong></span> <span class='ocrx_word' id='word_1_568' title='bbox 3198 3555 3336 3612; x_wconf 80' lang='lat' dir='ltr'><strong>Nam</strong></span> <span class='ocrx_word' id='word_1_569' title='bbox 3365 3566 3420 3632; x_wconf 83' lang='lat' dir='ltr'><strong>et</strong></span> <span class='ocrx_word' id='word_1_570' title='bbox 3443 3557 3637 3632; x_wconf 85' lang='lat' dir='ltr'><strong>morbo</strong></span> 
     </span>
    </p>
   </div>
   <div class='ocr_carea' id='block_1_73' title="bbox 2056 3649 3633 3732">
    <p class='ocr_par' dir='ltr' id='par_1_73' title="bbox 2056 3649 3633 3732">
     <span class='ocr_line' id='line_1_73' title="bbox 2056 3649 3633 3732; baseline 0 -28"><span class='ocrx_word' id='word_1_571' title='bbox 2056 3658 2111 3704; x_wconf 85' lang='lat' dir='ltr'><strong>et</strong></span> <span class='ocrx_word' id='word_1_572' title='bbox 2135 3649 2288 3709; x_wconf 83' lang='lat' dir='ltr'><strong>senio</strong></span> <span class='ocrx_word' id='word_1_573' title='bbox 2310 3649 2949 3732; x_wconf 36' lang='lat' dir='ltr'><strong>latronum-nequaquam</strong></span> <span class='ocrx_word' id='word_1_574' title='bbox 2972 3651 3276 3705; x_wconf 82' lang='lat' dir='ltr'><strong>satiabatur</strong></span> <span class='ocrx_word' id='word_1_575' title='bbox 3303 3651 3633 3729; x_wconf 83' lang='lat' dir='ltr'><strong>sacrosancti</strong></span> 
     </span>
    </p>
   </div>
   <div class='ocr_carea' id='block_1_74' title="bbox 2056 3723 3636 3810">
    <p class='ocr_par' dir='ltr' id='par_1_74' title="bbox 2056 3723 3636 3810">
     <span class='ocr_line' id='line_1_74' title="bbox 2056 3723 3636 3810; baseline 0.001 -16"><span class='ocrx_word' id='word_1_576' title='bbox 2056 3739 2300 3810; x_wconf 81' lang='lat' dir='ltr'><strong>mysterii</strong></span> <span class='ocrx_word' id='word_1_577' title='bbox 2327 3723 2714 3806; x_wconf 82' lang='lat' dir='ltr'><strong>celebratione,</strong></span> <span class='ocrx_word' id='word_1_578' title='bbox 2751 3741 2845 3808; x_wconf 78' lang='lat' dir='ltr'><strong>sed</strong></span> <span class='ocrx_word' id='word_1_579' title='bbox 2894 3739 3114 3800; x_wconf 78' lang='lat' dir='ltr'><strong>intonso</strong></span> <span class='ocrx_word' id='word_1_580' title='bbox 3149 3741 3218 3795; x_wconf 90' lang='lat' dir='ltr'><strong>ad</strong></span> <span class='ocrx_word' id='word_1_581' title='bbox 3246 3723 3418 3794; x_wconf 84' lang='lat' dir='ltr'><strong>Deum</strong></span> <span class='ocrx_word' id='word_1_582' title='bbox 3448 3723 3636 3795; x_wconf 83' lang='lat' dir='ltr'><strong>amore</strong></span> 
     </span>
    </p>
   </div>
   <div class='ocr_carea' id='block_1_75' title="bbox 2055 3820 3635 3900">
    <p class='ocr_par' dir='ltr' id='par_1_75' title="bbox 2055 3820 3635 3900">
     <span class='ocr_line' id='line_1_75' title="bbox 2055 3820 3635 3900; baseline 0 -16"><span class='ocrx_word' id='word_1_583' title='bbox 2055 3831 2274 3895; x_wconf 86' lang='lat' dir='ltr'><strong>ardens,</strong></span> <span class='ocrx_word' id='word_1_584' title='bbox 2301 3838 2358 3884; x_wconf 91' lang='lat' dir='ltr'><strong>et</strong></span> <span class='ocrx_word' id='word_1_585' title='bbox 2385 3829 2559 3884; x_wconf 89' lang='lat' dir='ltr'><strong>morbi</strong></span> <span class='ocrx_word' id='word_1_586' title='bbox 2606 3829 2809 3884; x_wconf 88' lang='lat' dir='ltr'><strong>nullam</strong></span> <span class='ocrx_word' id='word_1_587' title='bbox 2836 3820 3044 3900; x_wconf 76' lang='lat' dir='ltr'><strong>ducens</strong></span> <span class='ocrx_word' id='word_1_588' title='bbox 3075 3830 3364 3893; x_wconf 88' lang='lat' dir='ltr'><strong>rationem,</strong></span> <span class='ocrx_word' id='word_1_589' title='bbox 3415 3841 3635 3900; x_wconf 74' lang='lat' dir='ltr'><strong>pectore</strong></span> 
     </span>
    </p>
   </div>
   <div class='ocr_carea' id='block_1_76' title="bbox 2056 3918 3634 3990">
    <p class='ocr_par' dir='ltr' id='par_1_76' title="bbox 2056 3918 3634 3990">
     <span class='ocr_line' id='line_1_76' title="bbox 2056 3918 3634 3990; baseline 0 -15"><span class='ocrx_word' id='word_1_590' title='bbox 2056 3920 2300 3986; x_wconf 84' lang='lat' dir='ltr'><strong>innitens</strong></span> <span class='ocrx_word' id='word_1_591' title='bbox 2333 3935 2535 3974; x_wconf 74' lang='lat' dir='ltr'><strong>mensa:</strong></span> <span class='ocrx_word' id='word_1_592' title='bbox 2567 3919 2778 3990; x_wconf 64' lang='lat' dir='ltr'><strong>ligneae,</strong></span> <span class='ocrx_word' id='word_1_593' title='bbox 2807 3933 2932 3989; x_wconf 78' lang='lat' dir='ltr'><strong>quze</strong></span> <span class='ocrx_word' id='word_1_594' title='bbox 2969 3918 3279 3990; x_wconf 87' lang='lat' dir='ltr'><strong>ponebatur</strong></span> <span class='ocrx_word' id='word_1_595' title='bbox 3329 3930 3456 3974; x_wconf 87' lang='lat' dir='ltr'><strong>ante</strong></span> <span class='ocrx_word' id='word_1_596' title='bbox 3485 3935 3634 3975; x_wconf 84' lang='lat' dir='ltr'><strong>aram</strong></span> 
     </span>
    </p>
   </div>
   <div class='ocr_carea' id='block_1_77' title="bbox 2053 4007 3634 4080">
    <p class='ocr_par' dir='ltr' id='par_1_77' title="bbox 2053 4007 3634 4080">
     <span class='ocr_line' id='line_1_77' title="bbox 2053 4007 3634 4080; baseline -0.002 -12"><span class='ocrx_word' id='word_1_597' title='bbox 2053 4009 2316 4073; x_wconf 86' lang='lat' dir='ltr'><strong>divinam,</strong></span> <span class='ocrx_word' id='word_1_598' title='bbox 2343 4017 2532 4064; x_wconf 87' lang='lat' dir='ltr'><strong>sancta</strong></span> <span class='ocrx_word' id='word_1_599' title='bbox 2560 4008 2876 4080; x_wconf 85' lang='lat' dir='ltr'><strong>peragebat.</strong></span> <span class='ocrx_word' id='word_1_600' title='bbox 2900 4007 2946 4065; x_wconf 92' lang='lat'><strong>0</strong></span> <span class='ocrx_word' id='word_1_601' title='bbox 2977 4008 3140 4064; x_wconf 85' lang='lat' dir='ltr'><strong>ﬁdem</strong></span> <span class='ocrx_word' id='word_1_602' title='bbox 3167 4019 3221 4065; x_wconf 92' lang='lat' dir='ltr'><strong>et</strong></span> <span class='ocrx_word' id='word_1_603' title='bbox 3247 4010 3548 4080; x_wconf 86' lang='lat' dir='ltr'><strong>sapientem</strong></span> <span class='ocrx_word' id='word_1_604' title='bbox 3577 4010 3634 4065; x_wconf 90' lang='lat' dir='ltr'><strong>in</strong></span> 
     </span>
    </p>
   </div>
   <div class='ocr_carea' id='block_1_78' title="bbox 2054 4097 3634 4177">
    <p class='ocr_par' dir='ltr' id='par_1_78' title="bbox 2054 4097 3634 4177">
     <span class='ocr_line' id='line_1_78' title="bbox 2054 4097 3634 4177; baseline -0.001 -20"><span class='ocrx_word' id='word_1_605' title='bbox 2054 4102 2218 4158; x_wconf 89' lang='lat' dir='ltr'><strong>rebus</strong></span> <span class='ocrx_word' id='word_1_606' title='bbox 2245 4101 2448 4156; x_wconf 89' lang='lat' dir='ltr'><strong>divinis</strong></span> <span class='ocrx_word' id='word_1_607' title='bbox 2477 4099 2846 4172; x_wconf 86' lang='lat' dir='ltr'><strong>diligentiam!</strong></span> <span class='ocrx_word' id='word_1_608' title='bbox 2881 4117 2915 4156; x_wconf 91' lang='grc' dir='ltr'><strong>ο</strong></span> <span class='ocrx_word' id='word_1_609' title='bbox 2935 4097 3346 4177; x_wconf 82' lang='lat' dir='ltr'><strong>interminatum</strong></span> <span class='ocrx_word' id='word_1_610' title='bbox 3374 4103 3428 4159; x_wconf 92' lang='lat' dir='ltr'><strong>in</strong></span> <span class='ocrx_word' id='word_1_611' title='bbox 3459 4101 3634 4167; x_wconf 84' lang='lat' dir='ltr'><strong>Deum</strong></span> 
     </span>
    </p>
   </div>
   <div class='ocr_carea' id='block_1_79' title="bbox 2051 4179 3630 4266">
    <p class='ocr_par' dir='ltr' id='par_1_79' title="bbox 2051 4179 3630 4266">
     <span class='ocr_line' id='line_1_79' title="bbox 2051 4179 3630 4266; baseline -0.001 -16"><span class='ocrx_word' id='word_1_612' title='bbox 2051 4179 2292 4252; x_wconf 84' lang='lat' dir='ltr'><strong>amorem</strong></span> <span class='ocrx_word' id='word_1_613' title='bbox 2318 4197 2330 4250; x_wconf 87' lang='lat' dir='ltr'><strong>l</strong></span> <span class='ocrx_word' id='word_1_614' title='bbox 2360 4193 2477 4251; x_wconf 86' lang='lat' dir='ltr'><strong>Non</strong></span> <span class='ocrx_word' id='word_1_615' title='bbox 2503 4195 2649 4262; x_wconf 85' lang='lat' dir='ltr'><strong>enim</strong></span> <span class='ocrx_word' id='word_1_616' title='bbox 2674 4209 2861 4250; x_wconf 91' lang='lat' dir='ltr'><strong>curam</strong></span> <span class='ocrx_word' id='word_1_617' title='bbox 2883 4195 3103 4266; x_wconf 89' lang='lat' dir='ltr'><strong>gerebat</strong></span> <span class='ocrx_word' id='word_1_618' title='bbox 3126 4191 3390 4264; x_wconf 89' lang='lat' dir='ltr'><strong>corporis,</strong></span> <span class='ocrx_word' id='word_1_619' title='bbox 3421 4205 3479 4249; x_wconf 91' lang='lat' dir='ltr'><strong>ut</strong></span> <span class='ocrx_word' id='word_1_620' title='bbox 3506 4210 3630 4250; x_wconf 90' lang='lat' dir='ltr'><strong>cum</strong></span> 
     </span>
    </p>
   </div>
   <div class='ocr_carea' id='block_1_80' title="bbox 2052 4285 3634 4356">
    <p class='ocr_par' dir='ltr' id='par_1_80' title="bbox 2052 4285 3634 4356">
     <span class='ocr_line' id='line_1_80' title="bbox 2052 4285 3634 4356; baseline -0.001 -14"><span class='ocrx_word' id='word_1_621' title='bbox 2052 4304 2235 4344; x_wconf 89' lang='lat' dir='ltr'><strong>rerum</strong></span> <span class='ocrx_word' id='word_1_622' title='bbox 2291 4287 2600 4342; x_wconf 85' lang='lat' dir='ltr'><strong>divinarum</strong></span> <span class='ocrx_word' id='word_1_623' title='bbox 2638 4301 2764 4342; x_wconf 91' lang='lat' dir='ltr'><strong>eum</strong></span> <span class='ocrx_word' id='word_1_624' title='bbox 2816 4286 3049 4356; x_wconf 86' lang='lat' dir='ltr'><strong>cepisset</strong></span> <span class='ocrx_word' id='word_1_625' title='bbox 3093 4285 3337 4346; x_wconf 88' lang='lat' dir='ltr'><strong>satietas,</strong></span> <span class='ocrx_word' id='word_1_626' title='bbox 3379 4286 3634 4355; x_wconf 83' lang='lat' dir='ltr'><strong>mysteria</strong></span> 
     </span>
    </p>
   </div>
   <div class='ocr_carea' id='block_1_81' title="bbox 371 4376 3630 4460">
    <p class='ocr_par' dir='ltr' id='par_1_81' title="bbox 371 4376 3630 4460">
     <span class='ocr_line' id='line_1_81' title="bbox 371 4376 3630 4460; baseline -0.002 -26"><span class='ocrx_word' id='word_1_627' title='bbox 371 4379 750 4441; x_wconf 79' lang='lat' dir='ltr'><strong>fornicationis</strong></span> <span class='ocrx_word' id='word_1_628' title='bbox 789 4380 1192 4450; x_wconf 75' lang='lat' dir='ltr'><strong>introductores</strong></span> <span class='ocrx_word' id='word_1_629' title='bbox 1237 4391 1302 4436; x_wconf 91' lang='lat' dir='ltr'><strong>et.</strong></span> <span class='ocrx_word' id='word_1_630' title='bbox 1333 4382 1648 4452; x_wconf 82' lang='lat' dir='ltr'><strong>dogmatum</strong></span> <span class='ocrx_word' id='word_1_631' title='bbox 1687 4383 1949 4448; x_wconf 83' lang='lat' dir='ltr'><strong>adulteri-</strong></span> <span class='ocrx_word' id='word_1_632' title='bbox 1983 4384 2027 4438; x_wconf 91' lang='lat' dir='ltr'><strong>D</strong></span> <span class='ocrx_word' id='word_1_633' title='bbox 2055 4381 2239 4436; x_wconf 82' lang='lat' dir='ltr'><strong>divina</strong></span> <span class='ocrx_word' id='word_1_634' title='bbox 2272 4377 2717 4449; x_wconf 77' lang='lat' dir='ltr'><strong>interrumperet,</strong></span> <span class='ocrx_word' id='word_1_635' title='bbox 2760 4377 2856 4433; x_wconf 90' lang='lat' dir='ltr'><strong>sed</strong></span> <span class='ocrx_word' id='word_1_636' title='bbox 2905 4376 3180 4460; x_wconf 86' lang='lat' dir='ltr'><strong>laboribus</strong></span> <span class='ocrx_word' id='word_1_637' title='bbox 3224 4377 3630 4439; x_wconf 85' lang='lat' dir='ltr'><strong>corroboratus,</strong></span> 
     </span>
    </p>
   </div>
   <div class='ocr_carea' id='block_1_82' title="bbox 369 4473 1952 4544">
    <p class='ocr_par' dir='ltr' id='par_1_82' title="bbox 369 4473 1952 4544">
     <span class='ocr_line' id='line_1_82' title="bbox 369 4473 1952 4544; baseline 0.001 -16"><span class='ocrx_word' id='word_1_638' title='bbox 369 4485 570 4528; x_wconf 85' lang='lat' dir='ltr'><strong>norum</strong></span> <span class='ocrx_word' id='word_1_639' title='bbox 601 4473 895 4544; x_wconf 82' lang='lat' dir='ltr'><strong>genitores,</strong></span> <span class='ocrx_word' id='word_1_640' title='bbox 921 4473 1183 4540; x_wconf 74' lang='lat' dir='ltr'><strong>confodit.</strong></span> <span class='ocrx_word' id='word_1_641' title='bbox 1214 4473 1446 4539; x_wconf 70' lang='lat' dir='ltr'><strong>Aaronis</strong></span> <span class='ocrx_word' id='word_1_642' title='bbox 1467 4478 1745 4544; x_wconf 81' lang='lat' dir='ltr'><strong>superavit</strong></span> <span class='ocrx_word' id='word_1_643' title='bbox 1771 4489 1952 4532; x_wconf 86' lang='lat' dir='ltr'><strong>sacer-</strong></span> 
     </span>
    </p>
   </div>
   <div class='ocr_carea' id='block_1_83' title="bbox 370 4563 1954 4637">
    <p class='ocr_par' dir='ltr' id='par_1_83' title="bbox 370 4563 1954 4637">
     <span class='ocr_line' id='line_1_83' title="bbox 370 4563 1954 4637; baseline 0 -15"><span class='ocrx_word' id='word_1_644' title='bbox 370 4564 606 4622; x_wconf 84' lang='lat' dir='ltr'><strong>dotium.</strong></span> <span class='ocrx_word' id='word_1_645' title='bbox 635 4563 755 4620; x_wconf 78' lang='lat' dir='ltr'><strong>Non</strong></span> <span class='ocrx_word' id='word_1_646' title='bbox 787 4564 930 4632; x_wconf 79' lang='lat' dir='ltr'><strong>enim</strong></span> <span class='ocrx_word' id='word_1_647' title='bbox 977 4563 1340 4626; x_wconf 82' lang='lat' dir='ltr'><strong>tintinnabula</strong></span> <span class='ocrx_word' id='word_1_648' title='bbox 1377 4575 1434 4622; x_wconf 91' lang='lat' dir='ltr'><strong>et</strong></span> <span class='ocrx_word' id='word_1_649' title='bbox 1469 4567 1610 4631; x_wconf 79' lang='lat' dir='ltr'><strong>mala</strong></span> <span class='ocrx_word' id='word_1_650' title='bbox 1647 4567 1866 4637; x_wconf 82' lang='lat' dir='ltr'><strong>punica,</strong></span> <span class='ocrx_word' id='word_1_651' title='bbox 1899 4577 1954 4624; x_wconf 87' lang='lat' dir='ltr'><strong>et</strong></span> 
     </span>
    </p>
   </div>
   <div class='ocr_carea' id='block_1_84' title="bbox 369 4653 1952 4736">
    <p class='ocr_par' dir='ltr' id='par_1_84' title="bbox 369 4653 1952 4736">
     <span class='ocr_line' id='line_1_84' title="bbox 369 4653 1952 4736; baseline 0.003 -30"><span class='ocrx_word' id='word_1_652' title='bbox 369 4653 579 4724; x_wconf 76' lang='lat' dir='ltr'><strong>lapides</strong></span> <span class='ocrx_word' id='word_1_653' title='bbox 603 4655 927 4736; x_wconf 74' lang='lat' dir='ltr'><strong>pectoriset</strong></span> <span class='ocrx_word' id='word_1_654' title='bbox 959 4654 1446 4724; x_wconf 82' lang='lat' dir='ltr'><strong>superbumeralis,</strong></span> <span class='ocrx_word' id='word_1_655' title='bbox 1473 4671 1654 4726; x_wconf 84' lang='lat' dir='ltr'><strong>neque</strong></span> <span class='ocrx_word' id='word_1_656' title='bbox 1684 4657 1866 4718; x_wconf 88' lang='lat' dir='ltr'><strong>mitra,</strong></span> <span class='ocrx_word' id='word_1_657' title='bbox 1897 4667 1952 4712; x_wconf 86' lang='lat' dir='ltr'><strong>et</strong></span> 
     </span>
    </p>
   </div>
   <div class='ocr_carea' id='block_1_85' title="bbox 368 4743 1948 4820">
    <p class='ocr_par' dir='ltr' id='par_1_85' title="bbox 368 4743 1948 4820">
     <span class='ocr_line' id='line_1_85' title="bbox 368 4743 1948 4820; baseline 0.004 -23"><span class='ocrx_word' id='word_1_658' title='bbox 368 4743 588 4820; x_wconf 84' lang='lat' dir='ltr'><strong>cidaris,</strong></span> <span class='ocrx_word' id='word_1_659' title='bbox 616 4753 674 4800; x_wconf 84' lang='lat' dir='ltr'><strong>et</strong></span> <span class='ocrx_word' id='word_1_660' title='bbox 697 4745 905 4814; x_wconf 80' lang='lat' dir='ltr'><strong>talaris,</strong></span> <span class='ocrx_word' id='word_1_661' title='bbox 929 4755 984 4802; x_wconf 90' lang='lat' dir='ltr'><strong>et</strong></span> <span class='ocrx_word' id='word_1_662' title='bbox 1025 4745 1146 4800; x_wconf 89' lang='lat' dir='ltr'><strong>auri</strong></span> <span class='ocrx_word' id='word_1_663' title='bbox 1189 4746 1408 4814; x_wconf 81' lang='lat' dir='ltr'><strong>lamina,</strong></span> <span class='ocrx_word' id='word_1_664' title='bbox 1449 4747 1602 4812; x_wconf 80' lang='lat' dir='ltr'><strong>hunc</strong></span> <span class='ocrx_word' id='word_1_665' title='bbox 1628 4749 1768 4814; x_wconf 82' lang='lat' dir='ltr'><strong>sicut</strong></span> <span class='ocrx_word' id='word_1_666' title='bbox 1799 4749 1948 4806; x_wconf 88' lang='lat' dir='ltr'><strong>illum</strong></span> 
     </span>
    </p>
   </div>
   <div class='ocr_carea' id='block_1_86' title="bbox 367 4835 1951 4910">
    <p class='ocr_par' dir='ltr' id='par_1_86' title="bbox 367 4835 1951 4910">
     <span class='ocr_line' id='line_1_86' title="bbox 367 4835 1951 4910; baseline 0.001 -20"><span class='ocrx_word' id='word_1_667' title='bbox 367 4835 660 4890; x_wconf 88' lang='lat' dir='ltr'><strong>amiciebat</strong></span> <span class='ocrx_word' id='word_1_668' title='bbox 713 4836 821 4892; x_wconf 88' lang='lat' dir='ltr'><strong>ritu</strong></span> <span class='ocrx_word' id='word_1_669' title='bbox 873 4837 1196 4904; x_wconf 83' lang='lat' dir='ltr'><strong>sacerdotis,</strong></span> <span class='ocrx_word' id='word_1_670' title='bbox 1251 4853 1426 4910; x_wconf 79' lang='lat' dir='ltr'><strong>neque</strong></span> <span class='ocrx_word' id='word_1_671' title='bbox 1479 4838 1802 4906; x_wconf 74' lang='lat' dir='ltr'><strong>Sacriﬁcium</strong></span> <span class='ocrx_word' id='word_1_672' title='bbox 1851 4855 1951 4910; x_wconf 88' lang='lat' dir='ltr'><strong>per</strong></span> 
     </span>
    </p>
   </div>
   <div class='ocr_carea' id='block_1_87' title="bbox 369 4927 1948 5002">
    <p class='ocr_par' dir='ltr' id='par_1_87' title="bbox 369 4927 1948 5002">
     <span class='ocr_line' id='line_1_87' title="bbox 369 4927 1948 5002; baseline 0.001 -22"><span class='ocrx_word' id='word_1_673' title='bbox 369 4927 694 4996; x_wconf 86' lang='lat' dir='ltr'><strong>sanguinem</strong></span> <span class='ocrx_word' id='word_1_674' title='bbox 725 4935 1002 4982; x_wconf 91' lang='lat' dir='ltr'><strong>taurorum</strong></span> <span class='ocrx_word' id='word_1_675' title='bbox 1049 4936 1108 4982; x_wconf 89' lang='lat' dir='ltr'><strong>et</strong></span> <span class='ocrx_word' id='word_1_676' title='bbox 1153 4928 1453 4994; x_wconf 84' lang='lat' dir='ltr'><strong>hircorum,</strong></span> <span class='ocrx_word' id='word_1_677' title='bbox 1485 4931 1604 4999; x_wconf 83' lang='lat' dir='ltr'><strong>ejus</strong></span> <span class='ocrx_word' id='word_1_678' title='bbox 1655 4940 1709 4984; x_wconf 92' lang='lat' dir='ltr'><strong>et</strong></span> <span class='ocrx_word' id='word_1_679' title='bbox 1765 4928 1948 5002; x_wconf 85' lang='lat' dir='ltr'><strong>pepuli</strong></span> 
     </span>
    </p>
   </div>
   <div class='ocr_carea' id='block_1_88' title="bbox 366 5015 1946 5090">
    <p class='ocr_par' dir='ltr' id='par_1_88' title="bbox 366 5015 1946 5090">
     <span class='ocr_line' id='line_1_88' title="bbox 366 5015 1946 5090; baseline 0.004 -22"><span class='ocrx_word' id='word_1_680' title='bbox 366 5016 621 5082; x_wconf 79' lang='lat' dir='ltr'><strong>expiabat</strong></span> <span class='ocrx_word' id='word_1_681' title='bbox 652 5015 986 5085; x_wconf 88' lang='lat' dir='ltr'><strong>ignorantias</strong></span> <span class='ocrx_word' id='word_1_682' title='bbox 1017 5035 1028 5069; x_wconf 91' lang='lat'><strong>:</strong></span> <span class='ocrx_word' id='word_1_683' title='bbox 1069 5017 1162 5072; x_wconf 88' lang='lat' dir='ltr'><strong>sed</strong></span> <span class='ocrx_word' id='word_1_684' title='bbox 1197 5017 1512 5090; x_wconf 84' lang='lat' dir='ltr'><strong>moderatus</strong></span> <span class='ocrx_word' id='word_1_685' title='bbox 1550 5019 1786 5076; x_wconf 86' lang='lat' dir='ltr'><strong>amictus</strong></span> <span class='ocrx_word' id='word_1_686' title='bbox 1822 5038 1946 5075; x_wconf 91' lang='lat' dir='ltr'><strong>cum</strong></span> 
     </span>
    </p>
   </div>
   <div class='ocr_carea' id='block_1_89' title="bbox 368 5105 1948 5178">
    <p class='ocr_par' dir='ltr' id='par_1_89' title="bbox 368 5105 1948 5178">
     <span class='ocr_line' id='line_1_89' title="bbox 368 5105 1948 5178; baseline 0.004 -19"><span class='ocrx_word' id='word_1_687' title='bbox 368 5105 561 5176; x_wconf 84' lang='lat' dir='ltr'><strong>spiritu</strong></span> <span class='ocrx_word' id='word_1_688' title='bbox 617 5107 973 5178; x_wconf 83' lang='lat' dir='ltr'><strong>paupertatis,</strong></span> <span class='ocrx_word' id='word_1_689' title='bbox 1005 5124 1129 5161; x_wconf 83' lang='lat' dir='ltr'><strong>eum</strong></span> <span class='ocrx_word' id='word_1_690' title='bbox 1185 5108 1446 5166; x_wconf 77' lang='lat' dir='ltr'><strong>reddebat</strong></span> <span class='ocrx_word' id='word_1_691' title='bbox 1483 5109 1848 5178; x_wconf 86' lang='lat' dir='ltr'><strong>splendidum,</strong></span> <span class='ocrx_word' id='word_1_692' title='bbox 1892 5123 1948 5166; x_wconf 89' lang='lat' dir='ltr'><strong>et</strong></span> 
     </span>
    </p>
   </div>
   <div class='ocr_carea' id='block_1_90' title="bbox 367 5195 1945 5271">
    <p class='ocr_par' dir='ltr' id='par_1_90' title="bbox 367 5195 1945 5271">
     <span class='ocr_line' id='line_1_90' title="bbox 367 5195 1945 5271; baseline 0.006 -23"><span class='ocrx_word' id='word_1_693' title='bbox 367 5195 522 5266; x_wconf 88' lang='lat' dir='ltr'><strong>legali</strong></span> <span class='ocrx_word' id='word_1_694' title='bbox 561 5199 880 5253; x_wconf 76' lang='lat' dir='ltr'><strong>liolocausto</strong></span> <span class='ocrx_word' id='word_1_695' title='bbox 909 5210 1067 5253; x_wconf 85' lang='lat' dir='ltr'><strong>erant</strong></span> <span class='ocrx_word' id='word_1_696' title='bbox 1099 5199 1418 5266; x_wconf 86' lang='lat' dir='ltr'><strong>sacratiora,</strong></span> <span class='ocrx_word' id='word_1_697' title='bbox 1457 5217 1578 5271; x_wconf 68' lang='lat' dir='ltr'><strong>qua:</strong></span> <span class='ocrx_word' id='word_1_698' title='bbox 1609 5202 1677 5256; x_wconf 88' lang='lat' dir='ltr'><strong>ab</strong></span> <span class='ocrx_word' id='word_1_699' title='bbox 1713 5219 1779 5256; x_wconf 88' lang='lat' dir='ltr'><strong>eo</strong></span> <span class='ocrx_word' id='word_1_700' title='bbox 1806 5203 1945 5258; x_wconf 69' lang='lat' dir='ltr'><strong>olle-</strong></span> 
     </span>
    </p>
   </div>
   <div class='ocr_carea' id='block_1_91' title="bbox 343 5277 1946 5362">
    <p class='ocr_par' dir='ltr' id='par_1_91' title="bbox 343 5277 1946 5362">
     <span class='ocr_line' id='line_1_91' title="bbox 343 5277 1946 5362; baseline 0.005 -24"><span class='ocrx_word' id='word_1_701' title='bbox 343 5287 629 5341; x_wconf 86' lang='lat' dir='ltr'><strong>‘rebantur</strong></span> <span class='ocrx_word' id='word_1_702' title='bbox 660 5305 673 5341; x_wconf 90' lang='lat'><strong>:</strong></span> <span class='ocrx_word' id='word_1_703' title='bbox 705 5293 765 5341; x_wconf 86' lang='lat' dir='ltr'><strong>ul</strong></span> <span class='ocrx_word' id='word_1_704' title='bbox 803 5288 897 5358; x_wconf 86' lang='lat' dir='ltr'><strong>qui</strong></span> <span class='ocrx_word' id='word_1_705' title='bbox 941 5287 1161 5360; x_wconf 78' lang='lat' dir='ltr'><strong>agnum,</strong></span> <span class='ocrx_word' id='word_1_706' title='bbox 1195 5291 1287 5361; x_wconf 83' lang='lat' dir='ltr'><strong>qui</strong></span> <span class='ocrx_word' id='word_1_707' title='bbox 1335 5277 1471 5344; x_wconf 59' lang='lat' dir='ltr'><strong>t&#39;ollit</strong></span> <span class='ocrx_word' id='word_1_708' title='bbox 1511 5292 1694 5346; x_wconf 87' lang='lat' dir='ltr'><strong>mundi</strong></span> <span class='ocrx_word' id='word_1_709' title='bbox 1751 5309 1946 5362; x_wconf 78' lang='lat' dir='ltr'><strong>pecca-</strong></span> 
     </span>
    </p>
   </div>
   <div class='ocr_carea' id='block_1_92' title="bbox 368 5380 1944 5441">
    <p class='ocr_par' dir='ltr' id='par_1_92' title="bbox 368 5380 1944 5441">
     <span class='ocr_line' id='line_1_92' title="bbox 368 5380 1944 5441; baseline 0.004 -7"><span class='ocrx_word' id='word_1_710' title='bbox 368 5389 506 5441; x_wconf 90' lang='lat' dir='ltr'><strong>tum,</strong></span> <span class='ocrx_word' id='word_1_711' title='bbox 537 5380 817 5436; x_wconf 87' lang='lat' dir='ltr'><strong>Cbrislum</strong></span> <span class='ocrx_word' id='word_1_712' title='bbox 847 5382 1184 5438; x_wconf 84' lang='lat' dir='ltr'><strong>sacriﬁcaret</strong></span> <span class='ocrx_word' id='word_1_713' title='bbox 1207 5384 1376 5438; x_wconf 86' lang='lat' dir='ltr'><strong>sacris</strong></span> <span class='ocrx_word' id='word_1_714' title='bbox 1421 5385 1854 5440; x_wconf 75' lang='lat' dir='ltr'><strong>invocationihus</strong></span> <span class='ocrx_word' id='word_1_715' title='bbox 1888 5396 1944 5440; x_wconf 82' lang='lat' dir='ltr'><strong>et</strong></span> 
     </span>
    </p>
   </div>
   <div class='ocr_carea' id='block_1_93' title="bbox 367 5470 1943 5550">
    <p class='ocr_par' dir='ltr' id='par_1_93' title="bbox 367 5470 1943 5550">
     <span class='ocr_line' id='line_1_93' title="bbox 367 5470 1943 5550; baseline 0.004 -24"><span class='ocrx_word' id='word_1_716' title='bbox 367 5470 606 5527; x_wconf 79' lang='lat' dir='ltr'><strong>ﬁdelium</strong></span> <span class='ocrx_word' id='word_1_717' title='bbox 637 5473 990 5534; x_wconf 86' lang='lat' dir='ltr'><strong>distribueret</strong></span> <span class='ocrx_word' id='word_1_718' title='bbox 1011 5474 1288 5539; x_wconf 86' lang='lat' dir='ltr'><strong>manibus,</strong></span> <span class='ocrx_word' id='word_1_719' title='bbox 1321 5484 1376 5529; x_wconf 84' lang='lat' dir='ltr'><strong>et</strong></span> <span class='ocrx_word' id='word_1_720' title='bbox 1399 5491 1592 5531; x_wconf 88' lang='lat' dir='ltr'><strong>oumcs</strong></span> <span class='ocrx_word' id='word_1_721' title='bbox 1628 5489 1943 5550; x_wconf 70' lang='lat' dir='ltr'><strong>aSpergeret</strong></span> 
     </span>
    </p>
   </div>
   <div class='ocr_carea' id='block_1_94' title="bbox 438 5650 1604 5721">
    <p class='ocr_par' dir='ltr' id='par_1_94' title="bbox 438 5650 1604 5721">
     <span class='ocr_line' id='line_1_94' title="bbox 438 5650 1604 5721; baseline 0.002 -15"><span class='ocrx_word' id='word_1_722' title='bbox 438 5650 553 5720; x_wconf 73' lang='lat'><strong>(63)</strong></span> <span class='ocrx_word' id='word_1_723' title='bbox 593 5651 706 5708; x_wconf 71' lang='lat' dir='ltr'><strong>Non</strong></span> <span class='ocrx_word' id='word_1_724' title='bbox 737 5653 1058 5721; x_wconf 68' lang='lat' dir='ltr'><strong>completos.</strong></span> <span class='ocrx_word' id='word_1_725' title='bbox 1090 5663 1145 5706; x_wconf 87' lang='lat' dir='ltr'><strong>ut</strong></span> <span class='ocrx_word' id='word_1_726' title='bbox 1172 5669 1335 5721; x_wconf 77' lang='lat' dir='ltr'><strong>supra</strong></span> <span class='ocrx_word' id='word_1_727' title='bbox 1375 5653 1448 5707; x_wconf 73' lang='lat' dir='ltr'><strong>di:</strong></span> <span class='ocrx_word' id='word_1_728' title='bbox 1469 5663 1604 5708; x_wconf 84' lang='lat' dir='ltr'><strong>tum.</strong></span> 
     </span>
    </p>
   </div>
   <div class='ocr_carea' id='block_1_95' title="bbox 679 5771 1441 5833">
    <p class='ocr_par' dir='ltr' id='par_1_95' title="bbox 679 5771 1441 5833">
     <span class='ocr_line' id='line_1_95' title="bbox 679 5771 1441 5833; baseline 0 -3"><span class='ocrx_word' id='word_1_729' title='bbox 679 5771 950 5832; x_wconf 74' lang='grc' dir='ltr'><strong>ΡΑτιιοι..</strong></span> <span class='ocrx_word' id='word_1_730' title='bbox 999 5776 1116 5832; x_wconf 79' lang='lat' dir='ltr'><strong>Gtt.</strong></span> <span class='ocrx_word' id='word_1_731' title='bbox 1170 5772 1441 5833; x_wconf 69' lang='lat' dir='ltr'><strong>XCVI”.</strong></span> 
     </span>
    </p>
   </div>
   <div class='ocr_carea' id='block_1_96' title="bbox 2055 4460 3630 4546">
    <p class='ocr_par' dir='ltr' id='par_1_96' title="bbox 2055 4460 3630 4546">
     <span class='ocr_line' id='line_1_96' title="bbox 2055 4460 3630 4546; baseline -0.003 -20"><span class='ocrx_word' id='word_1_732' title='bbox 2055 4481 2110 4526; x_wconf 90' lang='lat' dir='ltr'><strong>ct</strong></span> <span class='ocrx_word' id='word_1_733' title='bbox 2131 4486 2255 4526; x_wconf 90' lang='lat' dir='ltr'><strong>cum</strong></span> <span class='ocrx_word' id='word_1_734' title='bbox 2289 4470 2452 4524; x_wconf 82' lang='lat' dir='ltr'><strong>Paulo</strong></span> <span class='ocrx_word' id='word_1_735' title='bbox 2479 4471 2761 4546; x_wconf 80' lang='lat' dir='ltr'><strong>clamans:</strong></span> <span class='ocrx_word' id='word_1_736' title='bbox 2791 4469 2926 4524; x_wconf 88' lang='lat' dir='ltr'><strong>Cum</strong></span> <span class='ocrx_word' id='word_1_737' title='bbox 2967 4460 3232 4538; x_wconf 76' lang='lat' dir='ltr'><strong>inﬁrmor,</strong></span> <span class='ocrx_word' id='word_1_738' title='bbox 3270 4475 3404 4522; x_wconf 91' lang='lat' dir='ltr'><strong>tunc</strong></span> <span class='ocrx_word' id='word_1_739' title='bbox 3437 4477 3630 4537; x_wconf 84' lang='lat' dir='ltr'><strong>potens</strong></span> 
     </span>
    </p>
   </div>
   <div class='ocr_carea' id='block_1_97' title="bbox 2055 4557 3627 4636">
    <p class='ocr_par' dir='ltr' id='par_1_97' title="bbox 2055 4557 3627 4636">
     <span class='ocr_line' id='line_1_97' title="bbox 2055 4557 3627 4636; baseline -0.003 -19"><span class='ocrx_word' id='word_1_740' title='bbox 2055 4577 2176 4618; x_wconf 87' lang='lat' dir='ltr'><strong>sum</strong></span> <span class='ocrx_word' id='word_1_741' title='bbox 2209 4559 2297 4631; x_wconf 88' lang='lat' dir='ltr'><strong>(II</strong></span> <span class='ocrx_word' id='word_1_742' title='bbox 2327 4560 2449 4616; x_wconf 87' lang='lat' dir='ltr'><strong>Cor.</strong></span> <span class='ocrx_word' id='word_1_743' title='bbox 2481 4561 2712 4634; x_wconf 75' lang='lat' dir='ltr'><strong>xu,10),</strong></span> <span class='ocrx_word' id='word_1_744' title='bbox 2744 4561 2944 4615; x_wconf 87' lang='lat' dir='ltr'><strong>acriter</strong></span> <span class='ocrx_word' id='word_1_745' title='bbox 2977 4559 3201 4636; x_wconf 82' lang='lat' dir='ltr'><strong>vacabat</strong></span> <span class='ocrx_word' id='word_1_746' title='bbox 3229 4559 3414 4614; x_wconf 87' lang='lat' dir='ltr'><strong>divino</strong></span> <span class='ocrx_word' id='word_1_747' title='bbox 3437 4557 3627 4612; x_wconf 89' lang='lat' dir='ltr'><strong>cultui.</strong></span> 
     </span>
    </p>
   </div>
   <div class='ocr_carea' id='block_1_98' title="bbox 2123 4645 3632 4721">
    <p class='ocr_par' dir='ltr' id='par_1_98' title="bbox 2123 4645 3632 4721">
     <span class='ocr_line' id='line_1_98' title="bbox 2123 4645 3632 4721; baseline -0.001 -14"><span class='ocrx_word' id='word_1_748' title='bbox 2123 4651 2211 4707; x_wconf 69' lang='lat' dir='ltr'><strong>t8.</strong></span> <span class='ocrx_word' id='word_1_749' title='bbox 2256 4653 2497 4718; x_wconf 24' lang='lat' dir='ltr'><strong>Invaluitﬂ</strong></span> <span class='ocrx_word' id='word_1_750' title='bbox 2516 4667 2644 4721; x_wconf 85' lang='lat' dir='ltr'><strong>ergo</strong></span> <span class='ocrx_word' id='word_1_751' title='bbox 2673 4645 2915 4716; x_wconf 84' lang='lat' dir='ltr'><strong>morbus,</strong></span> <span class='ocrx_word' id='word_1_752' title='bbox 2950 4660 3004 4705; x_wconf 89' lang='lat' dir='ltr'><strong>et</strong></span> <span class='ocrx_word' id='word_1_753' title='bbox 3041 4666 3166 4705; x_wconf 89' lang='lat' dir='ltr'><strong>eum</strong></span> <span class='ocrx_word' id='word_1_754' title='bbox 3195 4649 3263 4704; x_wconf 89' lang='lat' dir='ltr'><strong>de</strong></span> <span class='ocrx_word' id='word_1_755' title='bbox 3285 4659 3486 4704; x_wconf 68' lang='lat' dir='ltr'><strong>caetero</strong></span> <span class='ocrx_word' id='word_1_756' title='bbox 3511 4667 3632 4705; x_wconf 86' lang='lat' dir='ltr'><strong>ces-</strong></span> 
     </span>
    </p>
   </div>
   <div class='ocr_carea' id='block_1_99' title="bbox 2051 4743 3632 4814">
    <p class='ocr_par' dir='ltr' id='par_1_99' title="bbox 2051 4743 3632 4814">
     <span class='ocr_line' id='line_1_99' title="bbox 2051 4743 3632 4814; baseline -0.004 -10"><span class='ocrx_word' id='word_1_757' title='bbox 2051 4760 2174 4804; x_wconf 78' lang='lat' dir='ltr'><strong>sare</strong></span> <span class='ocrx_word' id='word_1_758' title='bbox 2219 4744 2428 4800; x_wconf 80' lang='lat' dir='ltr'><strong>faciens</strong></span> <span class='ocrx_word' id='word_1_759' title='bbox 2479 4759 2510 4799; x_wconf 88' lang='lat' dir='ltr'><strong>a</strong></span> <span class='ocrx_word' id='word_1_760' title='bbox 2562 4745 2871 4800; x_wconf 91' lang='lat' dir='ltr'><strong>divinorum</strong></span> <span class='ocrx_word' id='word_1_761' title='bbox 2924 4743 3263 4813; x_wconf 84' lang='lat' dir='ltr'><strong>Operatione,</strong></span> <span class='ocrx_word' id='word_1_762' title='bbox 3319 4743 3368 4796; x_wconf 82' lang='lat' dir='ltr'><strong>ei</strong></span> <span class='ocrx_word' id='word_1_763' title='bbox 3423 4743 3632 4814; x_wconf 74' lang='lat' dir='ltr'><strong>paravit</strong></span> 
     </span>
    </p>
   </div>
   <div class='ocr_carea' id='block_1_100' title="bbox 2052 4834 3631 4904">
    <p class='ocr_par' dir='ltr' id='par_1_100' title="bbox 2052 4834 3631 4904">
     <span class='ocr_line' id='line_1_100' title="bbox 2052 4834 3631 4904; baseline 0 -14"><span class='ocrx_word' id='word_1_764' title='bbox 2052 4836 2252 4892; x_wconf 86' lang='lat' dir='ltr'><strong>lcetqu</strong></span> <span class='ocrx_word' id='word_1_765' title='bbox 2285 4835 2639 4900; x_wconf 87' lang='lat' dir='ltr'><strong>inﬁrmitatis,</strong></span> <span class='ocrx_word' id='word_1_766' title='bbox 2668 4834 2814 4904; x_wconf 89' lang='lat' dir='ltr'><strong>quod</strong></span> <span class='ocrx_word' id='word_1_767' title='bbox 2847 4834 3053 4890; x_wconf 87' lang='lat' dir='ltr'><strong>utinam</strong></span> <span class='ocrx_word' id='word_1_768' title='bbox 3087 4853 3197 4890; x_wconf 90' lang='lat' dir='ltr'><strong>nou</strong></span> <span class='ocrx_word' id='word_1_769' title='bbox 3231 4835 3452 4890; x_wconf 85' lang='lat' dir='ltr'><strong>fecisset</strong></span> <span class='ocrx_word' id='word_1_770' title='bbox 3503 4845 3631 4890; x_wconf 84' lang='lat' dir='ltr'><strong>ante</strong></span> 
     </span>
    </p>
   </div>
   <div class='ocr_carea' id='block_1_101' title="bbox 2050 4929 3630 5002">
    <p class='ocr_par' dir='ltr' id='par_1_101' title="bbox 2050 4929 3630 5002">
     <span class='ocr_line' id='line_1_101' title="bbox 2050 4929 3630 5002; baseline -0.002 -17"><span class='ocrx_word' id='word_1_771' title='bbox 2050 4931 2240 4998; x_wconf 87' lang='lat' dir='ltr'><strong>oculos</strong></span> <span class='ocrx_word' id='word_1_772' title='bbox 2265 4945 2476 4996; x_wconf 82' lang='lat' dir='ltr'><strong>eorum.</strong></span> <span class='ocrx_word' id='word_1_773' title='bbox 2506 4929 2600 5002; x_wconf 91' lang='lat' dir='ltr'><strong>qui</strong></span> <span class='ocrx_word' id='word_1_774' title='bbox 2627 4944 2753 4984; x_wconf 88' lang='lat' dir='ltr'><strong>eum</strong></span> <span class='ocrx_word' id='word_1_775' title='bbox 2776 4945 3054 5000; x_wconf 87' lang='lat' dir='ltr'><strong>nunquam</strong></span> <span class='ocrx_word' id='word_1_776' title='bbox 3079 4929 3132 4984; x_wconf 90' lang='lat' dir='ltr'><strong>in</strong></span> <span class='ocrx_word' id='word_1_777' title='bbox 3158 4929 3300 4986; x_wconf 91' lang='lat' dir='ltr'><strong>lecto</strong></span> <span class='ocrx_word' id='word_1_778' title='bbox 3327 4943 3630 4998; x_wconf 78' lang='lat' dir='ltr'><strong>conspexe-</strong></span> 
     </span>
    </p>
   </div>
   <div class='ocr_carea' id='block_1_102' title="bbox 2049 5019 3698 5088">
    <p class='ocr_par' dir='ltr' id='par_1_102' title="bbox 2049 5019 3698 5088">
     <span class='ocr_line' id='line_1_102' title="bbox 2049 5019 3698 5088; baseline -0.001 -12"><span class='ocrx_word' id='word_1_779' title='bbox 2049 5031 2192 5076; x_wconf 86' lang='lat' dir='ltr'><strong>rant.</strong></span> <span class='ocrx_word' id='word_1_780' title='bbox 2228 5019 2404 5084; x_wconf 85' lang='lat' dir='ltr'><strong>Tunc,</strong></span> <span class='ocrx_word' id='word_1_781' title='bbox 2441 5031 2571 5076; x_wconf 90' lang='lat' dir='ltr'><strong>tunc</strong></span> <span class='ocrx_word' id='word_1_782' title='bbox 2598 5023 2657 5088; x_wconf 81' lang='lat' dir='ltr'><strong>lit</strong></span> <span class='ocrx_word' id='word_1_783' title='bbox 2701 5022 3018 5078; x_wconf 85' lang='lat' dir='ltr'><strong>miraculum</strong></span> <span class='ocrx_word' id='word_1_784' title='bbox 3042 5037 3243 5078; x_wconf 89' lang='lat' dir='ltr'><strong>novum</strong></span> <span class='ocrx_word' id='word_1_785' title='bbox 3271 5033 3327 5077; x_wconf 89' lang='lat' dir='ltr'><strong>et</strong></span> <span class='ocrx_word' id='word_1_786' title='bbox 3366 5019 3628 5085; x_wconf 72' lang='lat' dir='ltr'><strong>terribile,</strong></span> <span class='ocrx_word' id='word_1_787' title='bbox 3693 5039 3698 5048; x_wconf 94' lang='grc'><strong>·</strong></span> 
     </span>
    </p>
   </div>
   <div class='ocr_carea' id='block_1_103' title="bbox 2048 5112 3630 5184">
    <p class='ocr_par' dir='ltr' id='par_1_103' title="bbox 2048 5112 3630 5184">
     <span class='ocr_line' id='line_1_103' title="bbox 2048 5112 3630 5184; baseline -0.002 -14"><span class='ocrx_word' id='word_1_788' title='bbox 2048 5115 2191 5184; x_wconf 88' lang='lat' dir='ltr'><strong>quod</strong></span> <span class='ocrx_word' id='word_1_789' title='bbox 2239 5130 2360 5178; x_wconf 90' lang='lat' dir='ltr'><strong>nos,</strong></span> <span class='ocrx_word' id='word_1_790' title='bbox 2391 5114 2484 5184; x_wconf 84' lang='lat' dir='ltr'><strong>qui</strong></span> <span class='ocrx_word' id='word_1_791' title='bbox 2540 5115 2849 5178; x_wconf 89' lang='lat' dir='ltr'><strong>aderamus,</strong></span> <span class='ocrx_word' id='word_1_792' title='bbox 2885 5113 3246 5170; x_wconf 80' lang='lat' dir='ltr'><strong>admiratione</strong></span> <span class='ocrx_word' id='word_1_793' title='bbox 3303 5112 3542 5182; x_wconf 85' lang='lat' dir='ltr'><strong>implevit</strong></span> <span class='ocrx_word' id='word_1_794' title='bbox 3573 5125 3630 5167; x_wconf 70' lang='lat' dir='ltr'><strong>rt</strong></span> 
     </span>
    </p>
   </div>
   <div class='ocr_carea' id='block_1_104' title="bbox 2046 5204 3623 5280">
    <p class='ocr_par' dir='ltr' id='par_1_104' title="bbox 2046 5204 3623 5280">
     <span class='ocr_line' id='line_1_104' title="bbox 2046 5204 3623 5280; baseline -0.008 -20"><span class='ocrx_word' id='word_1_795' title='bbox 2046 5206 2265 5270; x_wconf 87' lang='lat' dir='ltr'><strong>timore,</strong></span> <span class='ocrx_word' id='word_1_796' title='bbox 2295 5205 2545 5280; x_wconf 77' lang='lat' dir='ltr'><strong>videntes</strong></span> <span class='ocrx_word' id='word_1_797' title='bbox 2573 5220 2699 5269; x_wconf 79' lang='lat' dir='ltr'><strong>eum</strong></span> <span class='ocrx_word' id='word_1_798' title='bbox 2726 5206 2890 5272; x_wconf 84' lang='lat' dir='ltr'><strong>veluti</strong></span> <span class='ocrx_word' id='word_1_799' title='bbox 2925 5207 2980 5259; x_wconf 90' lang='lat' dir='ltr'><strong>in</strong></span> <span class='ocrx_word' id='word_1_800' title='bbox 3010 5207 3176 5259; x_wconf 79' lang='lat' dir='ltr'><strong>extasi</strong></span> <span class='ocrx_word' id='word_1_801' title='bbox 3207 5245 3222 5267; x_wconf 94' lang='lat'><strong>,</strong></span> <span class='ocrx_word' id='word_1_802' title='bbox 3247 5215 3302 5257; x_wconf 91' lang='lat' dir='ltr'><strong>et</strong></span> <span class='ocrx_word' id='word_1_803' title='bbox 3329 5204 3623 5256; x_wconf 81' lang='lat' dir='ltr'><strong>luctantem</strong></span> 
     </span>
    </p>
   </div>
   <div class='ocr_carea' id='block_1_105' title="bbox 2045 5297 3620 5367">
    <p class='ocr_par' dir='ltr' id='par_1_105' title="bbox 2045 5297 3620 5367">
     <span class='ocr_line' id='line_1_105' title="bbox 2045 5297 3620 5367; baseline -0.004 -16"><span class='ocrx_word' id='word_1_804' title='bbox 2045 5313 2169 5352; x_wconf 84' lang='lat' dir='ltr'><strong>cum</strong></span> <span class='ocrx_word' id='word_1_805' title='bbox 2225 5297 2573 5362; x_wconf 87' lang='lat' dir='ltr'><strong>adversariis,</strong></span> <span class='ocrx_word' id='word_1_806' title='bbox 2624 5298 2716 5367; x_wconf 89' lang='lat' dir='ltr'><strong>qui</strong></span> <span class='ocrx_word' id='word_1_807' title='bbox 2761 5314 2874 5364; x_wconf 86' lang='lat' dir='ltr'><strong>non</strong></span> <span class='ocrx_word' id='word_1_808' title='bbox 2926 5297 3127 5352; x_wconf 87' lang='lat' dir='ltr'><strong>cadunt</strong></span> <span class='ocrx_word' id='word_1_809' title='bbox 3184 5297 3285 5348; x_wconf 90' lang='lat' dir='ltr'><strong>sub</strong></span> <span class='ocrx_word' id='word_1_810' title='bbox 3315 5307 3620 5362; x_wconf 78' lang='lat' dir='ltr'><strong>aspecrum.</strong></span> 
     </span>
    </p>
   </div>
   <div class='ocr_carea' id='block_1_106' title="bbox 2044 5387 3626 5459">
    <p class='ocr_par' dir='ltr' id='par_1_106' title="bbox 2044 5387 3626 5459">
     <span class='ocr_line' id='line_1_106' title="bbox 2044 5387 3626 5459; baseline -0.001 -16"><span class='ocrx_word' id='word_1_811' title='bbox 2044 5391 2165 5443; x_wconf 73' lang='lat' dir='ltr'><strong>Non</strong></span> <span class='ocrx_word' id='word_1_812' title='bbox 2204 5390 2348 5443; x_wconf 77' lang='grc' dir='ltr'><strong>οιιίιιι</strong></span> <span class='ocrx_word' id='word_1_813' title='bbox 2420 5391 2681 5446; x_wconf 83' lang='lat' dir='ltr'><strong>adversus</strong></span> <span class='ocrx_word' id='word_1_814' title='bbox 2744 5407 2965 5447; x_wconf 86' lang='lat' dir='ltr'><strong>carnem</strong></span> <span class='ocrx_word' id='word_1_815' title='bbox 3021 5400 3076 5444; x_wconf 87' lang='lat' dir='ltr'><strong>et</strong></span> <span class='ocrx_word' id='word_1_816' title='bbox 3128 5387 3444 5459; x_wconf 85' lang='lat' dir='ltr'><strong>sanguinem</strong></span> <span class='ocrx_word' id='word_1_817' title='bbox 3507 5397 3626 5441; x_wconf 86' lang='lat' dir='ltr'><strong>erat</strong></span> 
     </span>
    </p>
   </div>
   <div class='ocr_carea' id='block_1_107' title="bbox 2044 5476 3626 5547">
    <p class='ocr_par' dir='ltr' id='par_1_107' title="bbox 2044 5476 3626 5547">
     <span class='ocr_line' id='line_1_107' title="bbox 2044 5476 3626 5547; baseline -0.001 -15"><span class='ocrx_word' id='word_1_818' title='bbox 2044 5480 2091 5532; x_wconf 92' lang='lat' dir='ltr'><strong>ei</strong></span> <span class='ocrx_word' id='word_1_819' title='bbox 2124 5489 2426 5546; x_wconf 86' lang='lat' dir='ltr'><strong>certamen,</strong></span> <span class='ocrx_word' id='word_1_820' title='bbox 2483 5481 2575 5536; x_wconf 88' lang='lat' dir='ltr'><strong>scd</strong></span> <span class='ocrx_word' id='word_1_821' title='bbox 2613 5481 2874 5536; x_wconf 86' lang='lat' dir='ltr'><strong>adversus</strong></span> <span class='ocrx_word' id='word_1_822' title='bbox 2925 5477 3282 5547; x_wconf 63' lang='lat' dir='ltr'><strong>principatus,</strong></span> <span class='ocrx_word' id='word_1_823' title='bbox 3360 5476 3626 5531; x_wconf 85' lang='lat' dir='ltr'><strong>adversus</strong></span> 
     </span>
    </p>
   </div>
   <div class='ocr_carea' id='block_1_108' title="bbox 3216 5775 3294 5832">
    <p class='ocr_par' dir='ltr' id='par_1_108' title="bbox 3216 5775 3294 5832">
     <span class='ocr_line' id='line_1_108' title="bbox 3216 5775 3294 5832; baseline 0.038 -3"><span class='ocrx_word' id='word_1_824' title='bbox 3216 5775 3294 5832; x_wconf 56' lang='grc' dir='ltr'><strong>Εὖ</strong></span> 
     </span>
    </p>
   </div>
  </div>
