3936 6212
281 319 417 386 1429

1697 331 2092 396 EPISTOL/E.

3394 291 3534 393 ttae

273 457 375 509 νην
428 439 822 512 χαριέστξροη
864 441 1017 498 Ἐπεὶ
1047 442 1106 498 δὲ
1126 443 1432 517 ἀνέστησάν
1455 463 1600 512 τινες
1627 449 1844 520 ἄνδρες,

1967 468 2082 508 vero
2123 453 2546 508 insurrexerunt
2578 451 2798 522 quidam
2843 448 2989 515 viri,
3037 448 3272 506 formam
3309 451 3530 522 quidem

281 531 566 599 μόρφωσιν
622 533 723 603 μὲν
778 533 1062 598 εὐσεϐείας
1127 535 1366 606 ἔχοντες.
1414 539 1496 592 ὅτι
1551 541 1852 610 ίερωσύνης

278 620 498 692 άξ’ωμα
529 623 970 696 περιεϐέϐληντο,
1007 624 1105 698 τὴν
1135 627 1193 680 δὲ
1230 627 1460 700 δύναμιν
1489 631 1661 700 αὐτῆς
1693 633 1854 703 ήρνη-

279 713 452 784 μένοι,
487 714 599 770 τῶν
629 714 985 773 Βαϐυλωνίων
1021 719 1214 790 ἱερέων
1259 720 1360 790 τήν
1386 722 1726 792 κατηγορίαν
1742 725 1854 776 ἐπι-

277 806 621 875 σπασάμενοι
641 820 655 834 ·
688 805 784 870 οὓς
808 809 904 861 καὶ
933 811 966 879 ή
1017 809 1331 880 προφητεία
1391 811 1718 883 θριαμῦεύει
1763 813 1852 869 λέ-

278 910 448 962 γουσα
483 913 498 926 ο
543 914 562 948 ι
609 895 864 967 Ἐξῆλθεν
892 899 1102 971 ἀνομία
1131 899 1192 964 ἐξ
1216 899 1407 972 ίερέων
1444 902 1787 966 Βαϐυλῶνος.
1826 922 1845 955 ι

277 989 498 1044 Μᾶλλον
521 991 578 1045 δὲ
611 991 920 1061 Καῖφαῖκδν
953 993 1232 1068 συνέδριον
1260 997 1686 1068 συστησάμενοι,
1729 1015 1851 1066 γεν-

217 1095 227 1154 έ
278 1083 503 1151 νήτορες
532 1083 794 1162 γεγόνασι
836 1084 1114 1138 δυσσεσῶν
1146 1084 1515 1157 διδαγμάτων.
1566 1088 1678 1142 Καὶ
1713 1089 1852 1161 ἀρᾶς

213 1175 225 1186 '
277 1172 372 1224 καὶ
403 1173 633 1244 πικρίας
659 1173 877 1244 ἔχοντες
920 1174 1144 1268 στόμαν
1175 1178 1238 1229 τὸ
1262 1177 1356 1229 ἐπὶ
1409 1180 1600 1242 κακοῖς
1643 1178 1852 1249 ἰσχύειν

274 1261 435 1328 δόξαν
465 1263 801 1332 ἔλογίσαντο.
832 1265 944 1321 Καὶ
963 1261 1251 1337 δύσφημον
1297 1267 1518 1339 ἔχοντες
1577 1269 1850 1337 γλῶτταν,

278 1353 372 1410 καὶ
397 1351 642 1420 κάλαμον
674 1353 1056 1424 ὑπουργοῦντα
1122 1354 1318 1429 ταύτῃ,
1349 1359 1470 1420 ταῖς
1501 1358 1854 1424 αὑτολέκτοις

276 1441 371 1497 τοῦ
412 1443 548 1497 Θεοῦ
580 1447 786 1512 φωναῖς
816 1445 1120 1518 μαχόμενοι
1149 1448 1644 1522 ἔτερατολόγησαν,
1672 1450 1734 1504 τὸ
1763 1450 1854 1522 βα-

280 1535 479 1590 σίλειον
510 1537 812 1608 ἱεράτευμα
862 1539 961 1592 καὶ
989 1537 1144 1604 ἔθνος
1175 1537 1353 1608 ἅγιον,
1381 1541 1510 1606 τοὺς
1549 1541 1852 1613 ἐνδυσαμέ-

279 1644 402 1690 von;
435 1627 694 1696 Χριστὸν,
722 1628 818 1682 καὶ
840 1630 912 1699 τῇ
947 1627 1138 1700 χάριτι
1173 1628 1344 1684 αὑτοῦ
1379 1630 1759 1695 ἀνασωθέντας
1787 1632 1854 1706 ἔκ

278 1720 377 1788 τῆς
409 1717 516 1772 τῶν
541 1717 777 1773 εἰδώλων
805 1719 1036 1791 πλάνης,
1057 1719 1450 1792 εἰδωλολάτρας
1477 1721 1854 1776 άποκαλέσαν-

276 1786 392 1868 τες.
451 1807 559 1862 Καὶ
585 1809 929 1881 κακουργίας
953 1786 1173 1882 ἔχοντες
1199 1786 1450 1880 γνώμην,
1482 1813 1672 1881 χεῖρας
1723 1810 1852 1864 ἀθέ-
1883 1786 1934 1840 Β.

279 1913 448 1966 open;
474 1897 760 1962 ἔπέὸαλον,
799 1898 1063 1966 ἀφανίσαι
1086 1897 1328 1968 οἰόμενοι
1349 1899 1446 1970 τὴν
1474 1898 1586 1952 τῶν
1638 1899 1852 1952 σεπτῶν

278 1987 505 2056 εἱκᾴνων
539 1988 1030 2060 ἀναζωγράφησιν.
1059 1989 1170 2042 Καὶ
1217 1989 1318 2048 ὃσα
1356 1988 1456 2070 μὲν
1507 1989 1572 2042 ὲκ
1621 1988 1855 2059 ψηφῖδος

275 2077 429 2144 ὄντα,
467 2076 749 2150 ὲξώρυξαν
775 2095 792 2110 ·
821 2078 924 2132 ὅσα
977 2079 1034 2132 δὲ
1057 2080 1122 2132 ἐκ
1159 2078 1470 2150 κηροχὺτου
1495 2095 1856 2152 χρωματουρ-

279 2163 406 2239 fiat;
439 2170 724 2236 λεάναντες
751 2171 858 2224 τῶν
897 2171 1116 2226 σεπτῶν
1152 2171 1428 2242 ναῶντὴν
1455 2171 1752 2242 εὐκοσμίαν
1772 2173 1855 2236 εἰς

282 2262 560 2334 ἀκοσμίαν
619 2263 942 2335 μετέϐαλον.
971 2265 1078 2317 Σὺν
1105 2265 1321 2328 τούτοις
1341 2265 1397 2316 δὲ
1434 2265 1528 2318 καὶ
1553 2263 1620 2318 τά
1651 2263 1709 2316 ὲν
1760 2281 1859 2317 σαι-

283 2353 426 2406 νίσιν
451 2355 532 2418 εἰς
581 2357 808 2426 μνήμην
838 2353 967 2409 ὄντα
1001 2355 1240 2427 Χριστοῦ
1275 2355 1371 2409 τοῦ
1401 2354 1538 2408 Θεοῦ
1571 2353 1734 2425 ἡμῶν
1762 2355 1858 2408 καὶ

283 2443 394 2496 τῶν
425 2443 598 2512 άγίων
625 2443 792 2498 αὑτοῦ
826 2445 962 2517 πυρὶ
1025 2443 1353 2517 παρέδωκαν
1386 2459 1402 2475 ⁶
1462 2444 1557 2497 καὶ
1599 2444 1676 2507 ὠς
1725 2443 1859 2508 ἔπος

287 2536 485 2600 εἰπεῖν,
539 2535 641 2598 τὰς
696 2534 818 2589 καθ’
874 2535 1026 2606 ἡμᾶς
1089 2535 1394 2608 ἐκκλησίας
1483 2533 1860 2605 λυμηνάμενοι

288 2625 640 2696 διετάραξαν.
675 2627 786 2680 Καὶ
811 2627 1160 2699 αἱρεσιάρχαι
1186 2627 1237 2680 οἰ
1283 2626 1533 2697 ἰεράρχαι
1563 2625 1820 2694 γεγόνασι
1841 2637 1858 2652 ⁸

289 2716 385 2767 καὶ
418 2715 549 2786 ἀντὶ-
575 2717 672 2786 μὲν
691 2718 933 2788 ἐἰρήνης
978 2719 1094 2789 ἔριν
1122 2717 1201 2788 τῷ
1228 2717 1341 2788 λαῷ
1400 2717 1861 2788 προσεφώνησαν,

289 2807 417 2858 ἀντὶ
452 2806 510 2859 δὲ
544 2806 693 2860 σίτου
724 2803 942 2871 ζιζάνια
978 2809 1096 2869 ταῖς
1155 2805 1638 2875 ἐκκλησιαστικαῖς
1701 2804 1866 2876 ἀρού-

292 2913 416 2966 ραις
454 2895 781 2970 ὲνέσπειραν
808 2912 822 2927 ·
868 2895 961 2950 τὸν
986 2893 1130 2950 οἶνον
1157 2895 1350 2966 ἔμιξαν
1403 2893 1578 2958 ὕδατι,
1627 2897 1721 2950 καὶ
1773 2895 1865 2950 τδν

291 2985 530 3056 πλησίον
571 2987 830 3038 ὲπότισαν
873 2986 1192 3057 ἀνατροπὴν
1237 2985 1466 3058 θολεράν
1496 3002 1510 3015 ο
1554 2987 1649 3040 καὶ
1707 2986 1864 3040 λύκοι

1952 543 2172 612 pietatis
2195 542 2482 608 habentes,
2513 542 2775 612 quoniam
2809 540 3104 598 sacerdotii
3132 541 3536 610 dignitatecir-

1956 633 2270 704 cumatnicti
2303 643 2466 701 sunt;
2523 634 2784 689 virtutem
2807 641 3002 712 autem
3033 632 3152 701 ejus
3177 631 3560 700 ahnegantes,.

1952 734 2009 780 et
2051 725 2509 798 Babyloncnsium
2561 724 2905 780 sacerdotum
2949 723 3280 779 calumniam
3321 721 3342 792 ι
3375 735 3534 776 λδθυο

1954 812 2265 886 sationem]
2303 814 2669 884 arripientes;
2714 830 2856 885 quos
2896 823 2952 870 et
2982 813 3262 884 prophetia
3296 805 3535 882 publicat

1953 905 2142 962 dicens
2177 925 2196 960 :
2253 924 2273 958 ι
2321 905 2554 978 Egressa
2600 915 2686 962 est
2747 905 3006 976 iniquitas
3068 921 3101 960 a
3153 905 3534 962 sacerdotibus

1955 997 2252 1067 Babylonis
2273 999 2315 1052 '.
2345 1017 2366 1049 ι
2406 997 2520 1054 lmo
2549 1012 2680 1052 vero
2706 996 3067 1067 Caiphaicum
3101 997 3392 1054 concilium
3418 1007 3533 1053 sta-

1956 1096 2192 1152 tuentes,
2225 1089 2500 1156 genitores
2527 1075 2662 1144 'l'acti
2684 1098 2812 1143 sunt
2837 1088 3159 1158 dogmatum
3191 1087 3486 1156 impiorum
3515 1104 3531 1134 :

1951 1189 2006 1231 et
2037 1193 2106 1232 os
2136 1178 2536 1242 maledictionis
2567 1187 2621 1234 et
2652 1178 3032 1234 amaritudinis
3061 1179 3326 1232 habentes
3345 1216 3360 1242 ,
3396 1191 3535 1246 pra-

1951 1267 2136 1322 valere
2168 1267 2222 1320 in
2252 1267 2414 1321 malis
2435 1266 2669 1338 gloriam
2686 1267 2936 1324 arbitrati
2967 1277 3117 1323 sunt.
3159 1267 3536 1336 Infamemque

1952 1358 2192 1427 linguam
2232 1366 2288 1412 et
2323 1355 2593 1412 calamum
2632 1359 3034 1414 ministrantem
3079 1357 3210 1413 huic
3249 1357 3538 1426 possiden-

1955 1456 2056 1512 tes,
2087 1459 2143 1502 et
2169 1461 2333 1503 voces
2361 1463 2482 1518 qua:
2510 1449 2580 1503 ab
2609 1447 2728 1518 ipso
2757 1447 2867 1504 Deo
2901 1449 3134 1518 prolatae
3163 1456 3321 1508 sunt.
3358 1445 3539 1515 impne

1950 1545 2208 1608 gnantes,
2247 1547 2413 1609 atque
2467 1548 2782 1608 portentose
2833 1539 3014 1610 regale
3059 1538 3540 1598 sacerdotium,et

1952 1638 2168 1698 gentem
2198 1635 2446 1682 sanctam
2468 1665 2485 1692 ,
2529 1638 2582 1682 et
2628 1643 2727 1687 eos
2761 1629 2856 1698 qui
2897 1627 3534 1691 Christuminduerunt,

1953 1727 2007 1773 et
2033 1718 2204 1790 gratia
2226 1719 2343 1789 ejus
2367 1719 2432 1773 ab
2452 1719 2716 1774 idolorum
2733 1733 2921 1773 errore
2935 1719 3128 1774 ξαίνειιί
3146 1718 3536 1780 sunt.idolola-

1955 1818 2065 1864 tras
2087 1817 2362 1865 vocantes.
2385 1808 2689 1880 Etnequam
2707 1808 3040 1879 operationis
3053 1809 3315 1865 habentes
3331 1818 3536 1874 votum,

1955 1915 2156 1955 manus
2187 1901 2255 1958 ad
2289 1901 2476 1958 illicita
2522 1900 2888 1966 immiserunt,
2916 1900 3168 1956 demoliri
3199 1900 3405 1971 opinati
3441 1915 3538 1956 ve-

1955 1991 2278 2046 nerabilium
2333 1991 2604 2060 picturam
2660 1989 2976 2060 imaginum.
3009 1991 3087 2057 .Et
3128 1991 3346 2060 quidem
3392 2006 3540 2060 qua:-

1957 2097 2174 2152 cunque
2207 2083 2274 2137 de
2299 2083 2531 2138 tessellis
2554 2079 2779 2136 luerunt
2813 2080 2990 2148 facta,
3021 2081 3325 2136 eﬂ‘oderunt
3345 2098 3368 2136 ι
3408 2096 3529 2150 quae

1955 2189 2088 2230 vero
2124 2189 2189 2229 ex
2219 2188 2344 2229 cera
2384 2172 2538 2230 luere
2581 2172 2801 2246 perfuso
2827 2173 3071 2230 colorum
3099 2189 3296 2244 opere.-
3315 2172 3538 2233 deleve-

1959 2275 2120 2332 runt,
2151 2265 2658 2336 venerabiliumque
2700 2263 3150 2338 intaginunt.[6r.
3187 2260 3536 2336 templorum]

1958 2357 2126 2412 decus
2155 2357 2210 2411 in
2243 2357 2480 2412 dedecus
2521 2357 2942 2416 transtulerunt.
2983 2355 3122 2412 Cum
3155 2357 3242 2410 his
3269 2366 3451 2411 autem
3486 2364 3543 2412 et

1957 2464 2022 2504 ea
2056 2463 2179 2520 qua:
2213 2447 2269 2502 in
2305 2447 2504 2503 tabulis
2535 2447 2590 2502 in
2627 2447 2945 2522 memoriam
2978 2445 3182 2502 Christi
3223 2446 3319 2500 Dei
3365 2446 3540 2502 nostri

1960 2545 2016 2592 et
2045 2546 2360 2592 sanctorum
2389 2535 2508 2602 eius
2540 2534 2908 2601 exstiterunt,
2938 2534 3048 2604 igni
3081 2534 3441 2590 tradiderunt.
3475 2532 3544 2588 Et

1964 2636 2024 2682 ut
2053 2627 2295 2697 apertius
2325 2625 2604 2688 dicamus.
2657 2625 2919 2680 ecclesias
2961 2634 3176 2680 nostras
3204 2625 3538 2696 depopulati,

1962 2715 2468 2783 conturbaverunt;
2511 2723 2565 2768 et
2593 2713 2720 2768 facti
2761 2722 2890 2768 sunt
2916 2713 3196 2768 haereseou
3223 2713 3502 2792 principes
3522 2753 3540 2775 ,

1965 2806 2058 2876 qui
2087 2814 2244 2862 erant
2288 2805 2566 2875 principes
2599 2804 2991 2872 sacerdotum;
3037 2812 3094 2860 et
3127 2818 3225 2874 pro
3253 2817 3389 2873 pace
3419 2802 3543 2872 qui-

1965 2900 2089 2956 dem
2127 2899 2534 2954 contentionem
2587 2895 2789 2968 populo
2829 2896 3274 2952 acclamavcrnut
3314 2911 3329 2949 :
3377 2910 3543 2962 porro

1967 3006 2066 3062 pro
2102 2991 2378 3046 frumento
2411 2989 2623 3044 zizania
2669 2991 2724 3044 in
2777 2987 3167 3044 ecclesiasticis
3197 2987 3343 3044 arvis
3373 2987 3544 3042 scini-

305 3080 359 3130 *Α
371 3076 591 3151 ραόικοῖ.
610 3077 782 3142 ὄντες,
807 3077 970 3147 δορὰν
999 3077 1295 3147 προϐάτων
1348 3077 1726 3148 ὑπεκρίθησαν
1777 3079 1865 3130 ὲν-

1969 3086 2274 3146 naverunt;
2309 3077 2493 3132 vinum
2527 3077 2872 3134 miscuerunt
2917 3091 3106 3146 aquae,
3143 3083 3198 3129 et
3229 3075 3542 3144 proximum

290 3169 560 3226 δύσασθαι
588 3186 605 3201 ο
644 3169 738 3223 καὶ
763 3170 865 3240 τὴν
917 3168 1177 3242 ἀλήθειαν
1209 3167 1758 3240 -παραλογιζόμενοι,
1781 3166 1786 3172 ’
1806 3171 1865 3224 τὸ

1968 3182 2292 3242 potavernnt
2326 3169 2687 3226 subversioue
2727 3169 3087 3224 turbulenta:
3134 3175 3189 3223 et
3245 3183 3372 3224 cum
3431 3165 3544 3238 lupi

291 3260 490 3332 ψεῦδος
517 3263 921 3315 ἐπεσπάσαντο.
982 3259 1122 3313 Ἀλλ’
1159 3258 1252 3312 ὠά
1303 3259 1550 3314 ἀσπίδων
1600 3258 1864 3334 ἔρῤηξαν,

293 3355 388 3406 καὶ
420 3353 567 3406 ἰστὸν
601 3353 843 3424 ἀράχνης
863 3351 1005 3405 κατὰ
1035 3351 1126 3404 τὺν
1165 3352 1456 3422 προφήτην
1485 3350 1699 3420 ὕφαναν
1727 3369 1742 3384 ο
1768 3353 1864 3406 καὶ

291 3447 322 3499 ὁ
371 3443 581 3515 μέλλων
611 3443 721 3496 τῶν
759 3441 882 3496 ὠῶν
910 3441 1090 3496 αὐτῶν
1142 3445 1361 3511 φαγεῖν,
1417 3442 1717 3515 συντρίψας
1770 3441 1865 3496 οὓς

293 3553 412 3606 ριον
440 3535 614 3606 εὖροι,
643 3536 738 3590 καὶ
767 3535 826 3588 ὲν
855 3532 1005 3606 αὐτῷ
1043 3533 1362 3604 βασιλίσκον
1431 3533 1512 3588 ίοῦ
1543 3537 1639 3592 καὶ
1691 3535 1862 3606 πνοῆς

293 3629 673 3702 θανατηφόρου
707 3627 968 3700 γέμοντα.

371 3911 484 3964 Καὶ
508 3910 630 3964 ἐπεὶ
659 3907 835 3964 ταῦτα
865 3907 1014 3964 οὕτω
1043 3907 1302 3972 διέθεντο,
1338 3908 1432 3960 καὶ
1463 3906 1562 3977 τὴν
1613 3905 1872 3977 ἀλήθειαν

292 4006 358 4057 τὸ
381 3983 574 4074 ψεῦδος
603 4000 984 4065 κατεὸόσκετο,
1010 4002 1070 4054 οὗ
1106 4001 1546 4070 συνεχωρήσατε,
1579 3998 1872 4070 ἡμερώτα-

293 4093 380 4146 τοί
437 4109 497 4146 τε
530 4093 624 4146 καὶ
658 4085 1029 4162 ἀνδρειότατοι
1055 4087 1213 4160 ήμῶν
1245 4088 1504 4157 βασιλεῖς,
1531 4088 1589 4139 ὲν
1612 4087 1724 4148 τοῖς
1748 4085 1876 4156 ὑμε-

293 4187 483 4255 τέροις
510 4185 726 4253 χρόνοις
748 4184 854 4252 τήν
877 4179 1021 4235 οὕτω
1072 4179 1316 4251 λοιμώδη
1371 4180 1466 4233 καὶ
1523 4177 1872 4250 ψυχοφθόρον

298 4267 510 4346 πλάνην
556 4275 932 4346 ἑνδιαμένεινσ
993 4273 1128 4326 ἀλλά
1185 4271 1392 4342 ταύτην
1448 4273 1514 4342 τῇ
1583 4270 1728 4340 αὔρᾳ
1779 4267 1873 4321 τοῦ

295 4373 447 4426 θείου
481 4369 798 4440 Πνεὺματος
843 4365 939 4422 τοῦ
1001 4368 1060 4420 ὲν
1110 4367 1240 4436 ὑμῖν
1287 4363 1566 4426 οἰκοῦντος
1615 4363 1880 4433 ἀφανίσαι

297 4456 755 4534 προεθυμήθῃε,
785 4457 936 4522 ὅπως
959 4456 1221 4520 εὐσταθὲς
1247 4454 1480 4526 διαμένῃ
1508 4455 1609 4524 τῆς
1657 4451 1881 4522 Ἐκκληι

1966 3259 2184 3318 Arabici
2229 3271 2448 3328 essent,
2495 3261 2636 3332 pelle
2661 3261 2844 3318 ovium
2891 3275 2952 3316 se
2991 3259 3393 3314 simulaverunt
3425 3273 3548 3314 esse

1967 3355 2188 3408 indutos
2241 3368 2256 3407 :
2318 3362 2373 3408 et
2430 3352 2662 3408 veritate
2716 3352 3042 3422 parvipensa
3099 3347 3546 3424 [deiraudata],

1966 3443 2312 3500 mendacium
2349 3441 2742 3512 arripuerunt‘
2771 3458 2786 3495 :
2840 3442 2932 3496 sed
2969 3455 3071 3495 ova
3102 3441 3353 3510 aspitlum
3385 3455 3552 3510 rupe-

1911 3571 1917 3574 -
1961 3545 2112 3598 runt,
2143 3545 2199 3590 et
2225 3536 2386 3590 telam
2416 3549 2631 3608 araneze
2659 3533 2961 3590 secundum
2999 3533 3322 3604 prophetam
3359 3541 3550 3585 texue-

1956 3636 2105 3691 runt,
2158 3633 2214 3682 et
2263 3627 2358 3696 qui
2407 3636 2756 3682 comesturus
2797 3633 2902 3690 est,
2949 3639 3112 3679 ovum
3189 3639 3380 3678 eorum
3417 3637 3550 3676 con-

1967 3729 2170 3786 terens,
2219 3720 2541 3776 calefactum
2591 3718 2918 3792 [putridum]
2975 3717 3252 3782 inveniet,
3289 3727 3342 3770 et
3393 3715 3447 3768 in
3485 3730 3551 3769 ει

1951 3817 2205 3886 regulum
2249 3829 2370 3870 esse
2401 3829 2613 3869 veneno
2647 3823 2702 3868 et
2744 3813 2943 3884 spiritu
2989 3811 3272 3866 mortifero
3303 3812 3549 3880 plenum.

2043 3906 2109 3960 Et
2139 3904 2268 3975 quia
2302 3903 2416 3958 haec
2451 3903 2527 3958 ita
2559 3903 2971 3972 disposuerunt,
2999 3910 3054 3958 et
3081 3902 3363 3956 veritatem
3395 3919 3552 3956 meu-

1971 3996 2186 4053 dacium
2221 3995 2441 4067 depavit
2462 4035 2477 4061 ,
2520 4010 2630 4052 non
2660 3994 2988 4058 iudulsistis,
3015 3993 3440 4049 mansuetissimi
3470 4005 3554 4050 at-

1971 4099 2078 4153 que
2152 4082 2436 4138 fortissimi
2496 4083 2860 4154 imperatores
2924 4081 3150 4146 nostri,
3213 4081 3554 4152 temporibus

1969 4178 2171 4232 vestris
2207 4187 2532 4247 permanere
2567 4188 2676 4231 tam
2715 4175 3057 4246 pestilentem
3093 4185 3149 4228 ct
3185 4173 3398 4232 animas
3428 4189 3556 4228 Cur-

1977 4281 2328 4338 rumpentem
2351 4284 2635 4333 errorem;
2683 4267 2777 4324 sed
2820 4269 2969 4323 hunc
2999 4281 3132 4321 aura
3165 4266 3557 4335 divini‘S'piri-

1977 4369 2064 4414 tus
2093 4359 2188 4428 qui
2217 4361 2285 4413 in'
2307 4361 2464 4415 vobis
2503 4360 2732 4425 habitat,
2763 4358 3134 4414 exterminare
3167 4357 3510 4427 procurastis
3540 4374 3554 4410 :

1979 4459 2250 4520 quatenus
2305 4449 2518 4506 stabilis
2569 4458 2892 4520 permaneat
2947 4449 3233 4506 Ecclesiae.-
3266 4458 3473 4507 crelus.
3505 4455 3559 4503 et

301 4511 435 4616 σίας,
465 4511 830 4621 τδΐὲὐστημα,
855 4549 951 4619 καὶ
979 4547 1074 4600 τοῦ
1110 4547 1314 4610 παντδς
1619 4543 1687 4596 es.
1740 4541 1865 4610 σύγ-

1981 4511 2308 4596 cuuctorum
2356 4511 2702 4597 subdito-rum
2736 4541 2956 4597 collatio
2996 4540 3358 4618 [collectio],
3395 4551 3560 4611 atque

300 4633 503 4715 κριμα,
535 4643 632 4696 καὶ
658 4641 719 4695 τὸ
747 4639 1020 4712 βασίλειον
1048 4637 1204 4708 ὀμῶν
1227 4637 1370 4691 κατά
1427 4637 1528 4706 τὴν
1601 4633 1879 4707 ὗμετέραν

299 4735 620 4804 ἐπωνυμίαν
653 4730 943 4804 εἰρηνικῶς
965 4728 1314 4799 διευθύνηται
1391 4728 1486 4782 καὶ
1521 4727 1622 4781 οὐκ
1655 4725 1880 4780 ἀνεκτὸν

300 4829 338 4900 ἦ
373 4829 610 4901 φορητὸν
645 4823 986 4896 ἡγήσασθαι,
1011 4821 1083 4877 τὰ
1117 4820 1218 4893 μὲν
1241 4819 1376 4876 ἄλλα
1431 4821 1676 4890 ὁμονοεῖν
1731 4819 1882 4888 ἡμᾶς

299 4920 403 4974 καί.
434 4915 894 4989 συμϐιόάζεσθαι,
924 4915 1057 4986 περὶ
1091 4913 1150 4968 δὲ
1180 4912 1243 4966 τὸ
1267 4911 1370 4982 τῆς
1409 4909 1560 4981 ζωῆς
1598 4910 1756 4981 ήμῶν
1789 4928 1883 4964 κε-

301 5011 557 5081 φάλαιον,
585 5009 707 5079 ήτοι
735 5008 834 5079 τὴν
854 5005 1082 5078 εἰρήνην
1113 5003 1224 5060 τῶν
1275 5003 1604 5076 ἐκκλησιῶν,
1668 5001 1880 5057 ἑαυτῶν

299 5097 761 5173 ἀπορρήγνυσθαι
796 5097 892 5152 καὶ
929 5093 1361 5165 ἀποσχίζεσθαι·
1395 5093 1492 5149 καὶ
1522 5092 1698 5147 ταῦτα
1745 5095 1882 5164 Χρι-

302 5193 436 5248 στοῦ
463 5191 758 5262 κεφάλαιον
783 5187 962 5255 ὄντος,
1011 5188 1172 5259 ήμῶν
1205 5186 1262 5241 δὲ
1315 5187 1549 5258 καθεξῆς
1585 5186 1722 5260 μέλη
1786 5185 1884 5240 καὶ

301 5285 366 5339 ἓν
392 5285 558 5356 σῶμα
589 5283 679 5337 διὰ
705 5283 808 5352 τῆς
836 5281 974 5352 πρὸς
1001 5279 1268 5350 ἀλλήλους
1318 5277 1603 5349 ὁμοδοξίας
1655 5277 1750 5332 καὶ
1793 5277 1885 5332 πί-

304 5393 503 5440 στεως.
536 5377 627 5428 Διὸ
655 5374 755 5444 τὴν
786 5372 937 5444 ἱεράν
966 5370 1129 5442 ήμῶν
1153 5370 1250 5423 καὶ
1301 5365 1730 5440 πολυάνθρωπον
1755 5385 1883 5422 suv-

303 5467 667 5542 αθροισθῆναι
688 5464 1014 5518 ἐκελεύσατε
1042 5463 1314 5534 ὁμήγυριν
1341 5463 1400 5514 ὲν
1447 5461 1622 5536 ταύτῃ
1671 5464 1738 5533 τῇ
1780 5461 1882 5514 Νιο

303 5563 490 5616 καέων
521 5557 874 5630 μητροπόλει,
902 5555 991 5609 ἵνα
1011 5555 1110 5623 τὴν
1154 5553 1266 5606 τῶν
1304 5553 1613 5624 ἐκκλησιῶν
1663 5552 1882 5606 διάστα-

383 5744 402 5773 ¹
437 5742 571 5796 Dan.
615 5759 708 5798 xm
736 5786 749 5810 ,
787 5743 838 5796 Si.
916 5743 936 5773 ⁸
965 5742 1064 5796 Isa.
1102 5755 1185 5796 υτ
1213 5784 1226 5804 ,
1264 5743 1358 5796 5οό

1980 4629 2271 4702 imperium
2316 4641 2562 4688 vestrum
2612 4633 2916 4690 secundum
2962 4649 3288 4705 cognomen.
3313 4641 3555 4689 vestrum

1983 4722 2212 4794 paciﬁce
2271 4723 2564 4795 dirigatur.
2630 4720 2743 4778 Nec
2797 4722 3106 4778 tolerabile-
3144 4722 3228 4776 vel
3287 4721 3559 4794 portabilc

1980 4815 2239 4878 duxistis,
2267 4831 2380 4886 quo
2405 4815 2586 4870 minus
2613 4829 2787 4869 unum
2832 4811 2968 4886 [σν.
3001 4823 3058 4869 ιιι
3097 4813 3152 4868 in
3185 4811 3309 4869 aliis
3337 4814 3558 4886 quidem

1985 4921 2156 4962 unum
2179 4945 2195 4970 ,
2231 4903 2383 4978 etc.]
2424 4906 2792 4970 sentiremus,
2839 4913 2911 4961 et.
2933 4903 2989 4958 in
3021 4903 3257 4974 idipsum
3293 4905 3560 4960 conveni-

1988 5011 2206 5064 remus,
2235 5008 2292 5054 et
2318 5013 2448 5070 erga
2481 4999 2608 5054 vitae
2637 5006 2842 5052 nostra
2867 4997 3170 5067 capitulum
3195 5037 3211 5063 ,
3246 4997 3298 5052 id
3331 5007 3417 5054 est
3457 5013 3557 5068 pa-

1986 5103 2106 5144 cem
2141 5087 2510 5144 Ecclesiarum
2536 5128 2551 5152 ,
2594 5101 2756 5143 nemo
2785 5103 2856 5142 ex
2891 5087 3098 5144 nostris
3128 5103 3189 5144 se
3227 5087 3562 5143 discinderet

1986 5188 2042 5235 et
2065 5179 2408 5235 abscinderet
2430 5175 2564 5253 [σι’.
2591 5177 2946 5235 Eccl..cssent
2968 5179 3110 5233 inter
3131 5193 3233 5232 nos
3255 5176 3519 5250 dissidia]
3544 5193 3562 5245 ;

1989 5285 2115 5325 cum
2145 5269 2398 5325 Christus
2426 5271 2497 5324 sit
2524 5277 2688 5340 caput
2711 5279 2987 5335 nostrum,
3017 5283 3118 5323 nos
3147 5278 3330 5322 autem
3363 5282 3565 5323 conse-

1991 5373 2222 5433 quenter
2264 5359 2511 5416 membra
2547 5371 2603 5416 et
2647 5377 2817 5416 unum
2863 5375 3063 5431 corpus
3107 5374 3203 5430 per
3257 5371 3460 5414 mutua:
3501 5373 3568 5414 ac

1992 5463 2158 5516 unius
2187 5450 2468 5531 Opinionis
2502 5459 2682 5514 (idem.
2732 5459 2961 5528 Propter
3005 5456 3149 5526 qttod
3194 5471 3408 5511 sacram
3462 5471 3566 5510 nn-

1991 5562 2161 5609 stram
2208 5563 2263 5610 et
2306 5553 2624 5623 populosam
2656 5550 2976 5623 congregari
3009 5549 3252 5620 iussistis
3290 5559 3566 5605 catervam
