3936 6212
210 293 314 358 lilii

259 498 308 551 Εἰ
325 515 390 560 τις
433 496 731 554 ἐπίσκοπος
779 493 870 548 διὰ
919 493 1219 566 χρημάτων
1265 491 1365 555 τῆς
1400 489 1555 556 ἀξίας
1587 489 1713 543 ταύ-

200 607 279 661 της
319 589 568 660 ἐγκρατὴς
617 587 875 656 γένηται,
907 586 940 657 ἢ
967 585 1364 657 πρεσϐύτερος,
1388 584 1421 654 ἢ
1443 584 1710 645 διάκονος,

199 681 504 752 καθαιρείσθω
535 678 631 732 καὶ
664 679 828 742 αύτδς
862 678 957 732 καὶ
991 679 1018 731 ὀ
1048 677 1464 748 χειροτονήσας⁸
1506 674 1600 727 καὶ
1621 674 1714 726 ἐκ·

1577 281 1986 346 ΕῙἾΕΤΟΙΑΕ.

393 403 597 460 Κανῶν
615 402 735 457 τῶν
756 401 944 473 ἁγίων
963 401 1326 456 ἀποστόλων
1365 396 1479 456 κθ.’
1741 401 1786 455 Α

3257 276 3393 340 1446

2075 391 2260 446 Cotton
2291 398 2596 446 sanctorum
2646 388 3008 458 apostolorum
3029 389 3122 444 29.

1887 482 1944 536 Si
1967 482 2090 552 quis
2114 483 2428 552 episcopus,
2455 488 2548 534 aut
2575 482 2875 552 presbyter.
2895 491 2987 534 aut
3008 481 3274 536 diaconus
3294 497 3397 552 per

1813 576 2078 644 pecunias
2126 575 2266 629 hanc
2312 571 2615 628 obtinuerit
2636 571 2979 642 dignitatem.
3015 572 3308 650 deiiciatur
3339 583 3393 626 ιιι

1815 667 1936 738 ipse
1960 676 2016 722 et
2036 666 2320 721 ordinatur
2335 665 2479 735 ejus,
2504 672 2560 718 et
2580 677 2609 716 a
2643 666 3028 720 communione
3057 665 3240 720 modis
3273 679 3394 720 0m-

197 751 426 826 κοπτέσθω
450 769 769 823 παντάπασι
817 767 913 820 καὶ
941 767 1040 838 τῆς
1085 765 1395 832 κοινωνίας,
1425 763 1503 827 ὡς
1531 761 1716 832 Σίμων

1847 758 1979 813 libus
2001 756 2377 822 abscindatur,
2403 755 2551 812 sicut
2576 751 2768 808 Simon
2804 754 2994 827 Magus
3029 773 3061 812 a
3091 771 3180 812 me
3209 755 3393 812 Petro.

195 867 219 918 ὀ
243 863 378 934 μάγος
406 863 495 914 ὑπ’
513 859 646 928 ἐμοῦ
677 859 913 927 Πέτρου.

301 955 384 1008 Ἐκ
409 951 522 1005 τῶν
541 950 828 1019 Πρὰξεων
849 933 969 1003 τῶν
987 948 1171 1019 ἁγίων
1195 947 1578 1003 ἀποστόλων.

259 1061 274 1094 ι
302 1040 422 1099 Ἰδὼν
447 1039 504 1094 δὲ
523 1041 556 1092 ὀ
583 1039 792 1108 Σίμων,
849 1030 933 1092 ὅτι
988 1037 1079 1092 διὰ
1127 1040 1227 1108 τῆς
1273 1037 1576 1102 ἐπιθέσεως
1605 1035 1718 1094 τῶν

198 1135 362 1206 χειρῶν
392 1132 496 1186 τῶν
544 1131 862 1186 ἀποστόλων
884 1123 1088 1183 δίδοται
1115 1129 1178 1182 τὸ
1199 1127 1425 1200 Πνεῦμα
1451 1128 1516 1182 τὺ
1540 1129 1717 1198 ἅγιον,

197 1227 520 1298 προσήνεγκεν
581 1222 765 1286 αὐτοῖς
807 1221 1068 1294 χρήματα
1103 1259 1119 1286 ,
1165 1220 1367 1290 λέγων,
1414 1220 1544 1275 Δότε
1617 1220 1722 1275 κὰ-

195 1320 271 1390 pol
301 1319 381 1388 τὴν
427 1301 674 1384 ἐξουσίαν
717 1313 920 1384 ταύτην
947 1354 962 1378 ,
1012 1313 1105 1368 ῐνα
1155 1307 1200 1382 ᾧ
1247 1313 1343 1368 ἐὰν
1398 1311 1580 1367 ἐπιθῶ
1621 1313 1722 1378 τὰς

191 1411 382 1481 χεῖρας,
435 1407 688 1479 λαμϐάνῃ
736 1404 962 1481 Πνεῦμα
1011 1407 1189 1475 ἅγιον.
1247 1405 1456 1478 Πέτρος
1503 1405 1561 1458 δὲ
1587 1403 1722 1458 εἷπε

191 1501 306 1570 πρὸς
329 1499 476 1553 αὐτόν
496 1515 512 1532 ο
545 1499 618 1551 Τὸ
644 1497 907 1568 ἀργύριόν
933 1513 1029 1551 σου
1087 1500 1184 1552 σὺν
1221 1499 1307 1552 σοὶ
1349 1499 1436 1570 εἴη
1481 1500 1562 1562 είς
1621 1500 1729 1552 ἀπ-

189 1591 374 1654 ώλειαν,
425 1591 508 1644 ὅτι
534 1589 632 1661 τὴν
661 1589 868 1660 δωρεὰν
885 1588 980 1642 τοῦ
1011 1589 1150 1643 Θεοῦ
1178 1590 1436 1662 ἐνόμισας
1463 1589 1554 1644 διὰ
1592 1606 1729 1661 χρη-

194 1681 354 1751 μάτων
377 1681 624 1734 κτᾶσθαι.
678 1681 794 1734 οὐκ
825 1679 940 1734 ἔστι
989 1697 1072 1735 σοι
1122 1681 1306 1752 μερὶς,
1353 1679 1476 1734 ούδέ
1512 1680 1726 1753 -κλῆρος

188 1774 241 1824 ἐν
260 1771 329 1843 τῷ
381 1771 528 1855 λόγῳ.
557 1772 734 1844 τούτῳ
759 1789 775 1805 ο
811 1773 984 1846 ἡγὰρ
1021 1773 1228 1846 καρδία
1271 1790 1366 1827 σου
1424 1774 1526 1841 οὐκ
1575 1774 1726 1829 ἐστιν

186 1864 346 1917 εὐθεῖα
367 1863 590 1916 ἐνώπιον
615 1862 710 1916 τοῦ
739 1863 900 1919 Θεοῦ.
947 1859 1306 1936 Μετανόησον
1345 1861 1442 1918 οὖν
1493 1863 1601 1918 ἀπὸ
1628 1863 1732 1935 τῆς

185 1955 360 2019 κακίας
385 1971 474 2007 σου
487 1951 730 2024 ’ταὼ-ης,
757 1955 852 2008 καὶ
875 1954 1102 2025 δεήθητι
1127 1954 1224 2028 τού
1259 1953 1496 2026 Κυρίου,
1537 1955 1586 2008 εί
1617 1957 1730 2026 ἄρα

183 2044 485 2116 ἀφεθήσεταί
531 2061 614 2098 σοι
669 2045 706 2116 ἡ
745 2045 962 2100 ἐπίνοια
1008 2045 1112 2116 τῆς
1168 2045 1398 2118 καρδίας
1457 2062 1575 2100 σου.
1635 2045 1732 2110 Είς

181 2135 284 2208 γὰρ
332 2136 491 2208 χολὴν
537 2133 766 2207 πικρίας
792 2137 889 2190 καὶ
928 2137 1228 2210 σύνδεσμον
1279 2137 1494 2203 ἀδικίας
1526 2137 1640 2209 ὁρῶ
1670 2154 1732 2192 σε

179 2229 314 2283 ὄντα.
339 2248 358 2282 ι
795 2239 800 2246 ’

446 2315 542 2375 Ἐκ
565 2319 674 2389 τῆς
696 2321 902 2392 τρίτης
920 2319 1040 2374 τῶν
1065 2319 1424 2376 Βασαειῶν.

249 2429 266 2462 t
288 2412 388 2466 Kal
433 2413 534 2465 οὐκ
566 2409 905 2483 ἐπέστρεψεν
944 2411 1234 2483 Ἱεροϐοὰμ
1259 2411 1368 2466 ἀπὸ
1395 2414 1500 2484 τῆς
1527 2411 1732 2474 κακίας

173 2501 340 2556 αὑτοῦ
361 2521 375 2536 ο
398 2505 493 2557 καὶ
523 2505 848 2574 ἐπέστρεψε,
879 2504 977 2558 καὶ
1017 2504 1278 2574 ἐποίησεν
1309 2507 1374 2558 ἐκ
1405 2504 1612 2575 μέρους
1635 2502 1732 2556 τοῦ

174 2593 296 2646 λαοῦ
354 2595 514 2666 ἱερεῖς
573 2596 816 2666 ὑψηλῶν.
856 2595 918 2650 '0
952 2595 1277 2667 βουλόμενος
1327 2595 1571 2666 ἐπλήρου
1633 2597 1734 2666 τὴν

173 2685 325 2756 χεῖρα
350 2685 534 2750 αὐτοῦ,
567 2687 662 2739 καὶ
710 2687 922 2754 ἐγίνετο
975 2686 1156 2757 ἱερεὺς
1177 2687 1258 2748 είς
1287 2687 1356 2740 τὰ
1389 2687 1595 2758 ὑψηλά.
1624 2688 1736 2741 Kal

170 2775 378 2841 ἐγένετο
397 2777 459 2828 τὸ
483 2777 636 2847 ῥῆμα
669 2776 828 2830 τοῦτο
854 2778 934 2840 είς
983 2777 1264 2848 ἁμαρτίαν
1319 2778 1400 2849 τῷ
1449 2780 1585 2850 οῐκῳ
1629 2779 1731 2832 Ἰε-

172 2865 394 2938 ροϐοὰμ,
437 2871 533 2922 καὶ
584 2871 662 2933 είς
723 2869 1036 2939 ἀφανισμὸν
1098 2869 1210 2924 ἀπὸ
1275 2869 1574 2943 προσώπου
1632 2871 1736 2942 τῆς

169 2975 289 3030 γης.
317 2977 336 3012 ι

181 3051 282 3106 Ἐκ
329 3049 436 3120 τῆς
568 3051 688 3106 τῶν
731 3051 1104 3140 Bac-clauim,
1159 3052 1298 3122 περὶ
1349 3052 1464 3122 τῆς
1501 3052 1734 3122 λέπρας
1763 3059 1808 3122 c

845 3119 1044 3190 Γιεζῆ.

243 3231 259 3262 ι
287 3211 395 3266 Kal
419 3213 723 3282 ἐπέστρεψε
741 3212 965 3284 Νεεμὰν
987 3211 1124 3282 πρὸς
1154 3211 1429 3268 Ἐλισσαιέ
1459 3213 1620 3286 «ore;
1645 3213 1740 3268 καὶ

166 3303 318 3356 πᾶσα
351 3304 384 3373 ἡ
411 3303 732 3374 παρεμϐολὴ
759 3304 925 3356 αὑτοῦ
951 3319 964 3333 ·
995 3303 1091 3356 καὶ
1139 3299 1292 3375 ἦλθε,
1355 3305 1450 3358 καὶ
1478 3303 1610 3376 ἔστη
1651 3309 1740 3360 ἐν-

163 3389 339 3442 ώπιον
364 3387 697 3448 αύτοῢ.’Καὶ
730 3387 1070 3446 είπεντἸδοὺ
1106 3391 1171 3463 δὴ
1198 3391 1415 3460 ἔγνωκα
1435 3434 1450 3456 ,
1498 3395 1581 3450 δτι
1639 3396 1742 3450 οὐκ

161 3481 282 3536 ἔστι
334 3481 468 3548 Θεδς
487 3484 548 3536 ἐν
583 3483 734 3556 πάσῃ
787 3487 855 3555 τῇ
911 3487 1018 3556 γῇ,
1071 3484 1243 3556 ἀλλ’ἢ
1275 3487 1335 3540 ἐν
1384 3486 1464 3558 τῷ
1500 3487 1739 3560 Ἰσραήλ.

160 3575 274 3628 Kal
301 3573 400 3627 νῦν
434 3575 567 3629 λάϐε
597 3575 700 3646 τὴν
763 3575 1016 3644 εὐλογίαν
1067 3565 1222 3649 παρὰ
1247 3577 1340 3631 τοῦ
1369 3578 1560 3633 δούλου
1623 3598 1740 3636 σου.

162 3668 280 3721 Kal
327 3662 487 3722 εἷπεν
525 3667 825 3724 Ἑλισσαιέ·
857 3669 934 3738 Ζῆ
967 3667 1174 3740 Κύριος
1213 3662 1258 3738 ᾧ
1287 3671 1569 3742 παρέστην
1613 3671 1746 3726 ἐνώ-

159 3776 290 3812 πιον
323 3757 516 3819 αὐτοῦ.
550 3761 598 3812 εί
627 3758 892 3830 λήψομαι.
927 3761 1038 3813 Καὶ
1073 3761 1445 3831 παρεϐιάσατο
1467 3763 1631 3817 αὐτὸν
1656 3763 1748 3817 λα-

157 3851 304 3914 ϐετν,
366 3851 467 3904 καὶ
502 3849 792 3921 ἡπείθησε.
815 3869 833 3902 ι
863 3851 972 3903 Kal
1007 3849 1128 3922 μετ’
1175 3851 1335 3920 ὀλίγα
1359 3869 1374 3883 ο
1425 3871 1446 3904 ι
1467 3855 1578 3908 Kal
1624 3851 1746 3908 εἶπε

157 3941 331 4013 Γιεζῆ
389 3941 452 3994 τὸ
507 3942 795 4012 παιδάριον
857 3941 1129 3995 Ἐλισσαιέ
1165 3956 1180 3972 ·
1227 3943 1380 4018 Ἰδοὺ.
1420 3945 1680 4014 ἐφείσατο
1719 3947 1750 4000 ὀ

152 4035 362 4106 κύριός
419 4051 522 4105 μου
549 4033 642 4086 τοῦ
671 4035 892 4104 Νεεμὰν
924 4032 1019 4087 τοῦ
1071 4033 1269 4105 Σύρου,
1318 4033 1416 4089 τοῦ
1456 4035 1643 4091 λαϐεῖν
1685 4038 1751 4094 ἐκ

149 4125 351 4197 χειρός
371 4124 548 4178 ἀὐτοῦ
583 4118 659 4178 ὧν
691 4125 933 4195 ἐνήνοχε.
968 4126 1042 4198 Ζῇ
1084 4123 1312 4198 Κύριος,
1341 4128 1390 4180 εἰ
1418 4127 1493 4197 μὴ
1525 4127 1752 4198 δράμω-

153 4233 266 4286 μαι
329 4215 514 4268 ὀπίσω
539 4209 726 4278 αὖτοῦ,
764 4215 860 4268 καὶ
882 4213 1140 4295 λὴψωμαι
1173 4216 1306 4288 παρ’
1336 4215 1502 4270 αὑτοῦ
1532 4234 1610 4272 τι.
1641 4219 1754 4272 Kal

150 4305 362 4372 ἐδίωξε
399 4304 565 4374 Γιεζῆ
593 4307 770 4360 ὀπίσω
822 4306 1064 4378 Νεεμάν.
1099 4327 1117 4358 ι
1173 4307 1283 4364 Καὶ
1330 4307 1470 4378 μετὰ
1500 4308 1710 4379 βραχέα
1735 4324 1749 4339 ⁸

2221 937 2298 991 De
2338 937 2558 992 Actibus
2602 937 2986 1007 apostolorum.

1899 1048 1921 1081 ι
1949 1027 2096 1106 cum
2123 1029 2354 1085 vidisset
2381 1037 2563 1084 autem
2603 1028 2817 1092 Simon,
2863 1030 2993 1099 quia
3028 1043 3127 1098 per
3163 1031 3399 1100 imposi-

1822 1121 2028 1176 tiouem
2045 1135 2243 1176 manus
2258 1121 2630 1191 apostolorum
2649 1122 2876 1196 daretur
2892 1120 3132 1192 Spiritus
3153 1131 3398 1186 sanctus,

1821 1212 2024 1271 obtulit
2051 1213 2134 1268 eis
2183 1213 2498 1284 pecuniam,
2531 1213 2760 1268 dicens:
2795 1213 2930 1268 Date
2983 1223 3038 1268 ct
3070 1215 3205 1268 milii
3261 1215 3404 1268 lianc

1823 1313 2176 1376 potestatem,
2213 1313 2273 1359 ut
2297 1305 2612 1373 cuicunque
2647 1304 2971 1373 imposuere
3009 1319 3225 1369 manus,
3258 1311 3405 1360 arci-

1772 1424 1778 1430 -
1825 1397 1942 1466 piat
1977 1395 2246 1466 Spiritum
2306 1401 2582 1450 sanctum.
2640 1393 2845 1448 Petrus
2909 1405 3092 1448 autem
3145 1395 3283 1448 dixit
3335 1397 3402 1448 atl

1825 1501 1995 1544 cum:
2034 1488 2275 1553 Pecunia
2307 1495 2398 1541 tua
2434 1495 2614 1550 tecum
2645 1487 2718 1540 sit
2743 1485 2802 1540 in
2851 1484 3236 1555 perditionem,
3279 1485 3406 1556 quia

1827 1580 2032 1636 donum
2063 1579 2159 1636 Dei
2189 1577 2517 1635 existimasti
2548 1576 2780 1649 pecunia
2821 1577 3128 1648 possidere.
3165 1577 3282 1631 Neu
3322 1585 3410 1632 est

1829 1672 1928 1729 tibi
1981 1688 2128 1743 pars,
2177 1686 2354 1742 neque
2379 1685 2504 1726 sors
2562 1670 2616 1724 in
2648 1684 2902 1725 sermone
2927 1670 3069 1724 isto:
3121 1683 3217 1723 cor
3259 1669 3408 1727 enim

1828 1775 1984 1822 tuum
2014 1779 2123 1819 non
2169 1773 2254 1820 est
2312 1771 2524 1818 rectum
2578 1775 2768 1818 coram
2830 1759 2961 1816 Deo.
3020 1759 3409 1816 Paenitentiam

1831 1858 2017 1928 itaque
2050 1872 2152 1928 age
2193 1856 2264 1910 ab
2305 1855 2406 1910 hac
2437 1853 2681 1924 nequitia
2711 1861 2824 1917 tua,
2857 1860 2914 1906 et
2971 1867 3100 1923 roga
3129 1851 3323 1918 Deum,
3361 1853 3410 1907 si

1831 1948 1973 2003 forte
2003 1948 2314 2002 remittatur
2364 1945 2462 1999 tibi
2499 1945 2616 1998 inec
2658 1943 2925 2013 cogitatio
2969 1943 3154 1996 cordis
3206 1942 3307 1995 tui.
3351 1941 3410 1994 In

1830 2041 1959 2097 felle
1986 2023 2134 2096 enim
2173 2036 2560 2093 amaritudinis
2610 2042 2682 2090 ct'
2715 2033 3054 2104 obligatione
3103 2032 3413 2103 iniquitatis

1831 2133 1993 2188 video
2019 2141 2072 2187 te
2089 2141 2217 2187 esse
2245 2129 2325 2183 ⁸⁸.
2357 2147 2378 2180 ι

2161 2335 2171 2346 -
2235 2309 2316 2363 Ea:
2345 2309 2486 2362 libro
2521 2309 2680 2363 tertio
2710 2307 3031 2377 Regnorum.

1907 2421 1928 2454 ι
1959 2399 2080 2456 Non
2107 2409 2192 2456 est
2214 2411 2469 2455 reversus
2501 2397 2794 2454 Jeroboam
2822 2399 2892 2453 de
2920 2399 3006 2452 via
3037 2411 3136 2452 sua
3157 2395 3416 2467 pessima,

1834 2497 1929 2550 sed
1953 2494 2292 2550 eooutrario
2323 2492 2455 2548 fecit
2509 2492 2580 2546 tle
2613 2491 2934 2548 novissimis
2980 2493 3169 2562 populi
3228 2506 3416 2546 sacer--

1835 2585 1996 2640 dotes
2025 2585 2392 2638 excelsorum.
2444 2579 2776 2650 Quicunque
2846 2580 3083 2645 volebat,
3147 2581 3415 2648 implebat

1835 2689 2059 2728 manum
2113 2687 2270 2729 suam
2305 2683 2362 2728 et
2392 2674 2556 2727 ﬂebat
2603 2672 2865 2727 sacerdos
2925 2673 3299 2734 e'xceisorum,
3364 2683 3420 2726 et

1836 2773 2062 2835 propter
2103 2763 2256 2824 hanc
2279 2777 2505 2817 causam
2544 2764 2790 2833 peccavit
2837 2762 3037 2817 domus
3097 2761 3417 2824 J-croboam,

1834 2865 1889 2911 et
1917 2869 2114 2911 eversa
2135 2863 2241 2920 est,
2272 2855 2523 2910 etdeleta
2551 2856 2786 2926 desuper
2819 2854 2957 2910 facie
2989 2865 3150 2913 terra:
3179 2855 3245 2909 ".
3277 2875 3296 2907 ι

1983 3050 2068 3106 Ex
2103 3051 2243 3106 libro
2271 3027 2467 3123 quarto
2499 3053 2822 3125 Regnorum,
2851 3055 3085 3126 delcpra
3108 3011 3279 3112 Giczi.

1916 3225 1935 3258 ι
1972 3205 2354 3278 Reversusque
2403 3204 2646 3262 Naaman
2683 3208 2750 3262 ad
2798 3210 2976 3264 virum
3015 3208 3108 3264 Dei
3148 3225 3272 3266 cum
3299 3211 3423 3264 uoi-

1843 3314 2005 3354 verso
2047 3297 2310 3354 conititatu
2339 3314 2465 3365 suo,
2504 3299 2656 3354 venit
2701 3312 2754 3354 et
2797 3301 2947 3355 stetit
2995 3317 3182 3356 coram
3234 3319 3322 3364 eo,
3370 3314 3426 3358 et

1842 3391 1922 3445 ait
1953 3408 1967 3443 :
2018 3390 2156 3446 Vere
2183 3393 2300 3446 scio
2330 3390 2477 3460 quod
2509 3406 2618 3444 non
2643 3387 2716 3446 sit
2752 3391 2892 3446 Deus
2923 3391 3064 3447 alius
3089 3392 3143 3446 in
3163 3393 3423 3448 universa

1843 3494 2017 3547 terra,
2059 3482 2163 3536 nisi
2212 3493 2424 3554 tantum
2473 3483 2528 3538 in
2579 3481 2764 3538 Israel.
2813 3483 3056 3539 Obsecro
3110 3487 3312 3555 itaque,
3367 3497 3428 3541 ut

1843 3574 2084 3643 accipias
2115 3573 2551 3628 benedictionem
2585 3589 2614 3627 a
2639 3591 2803 3629 servo
2836 3585 2950 3629 tuo.
2979 3575 3047 3629 At
3074 3577 3164 3631 ille
3200 3593 3425 3646 respon-

1845 3665 1925 3720 dit
1950 3684 1964 3718 :
2006 3663 2150 3718 Vivit
2178 3663 2462 3727 Dominus,
2487 3673 2614 3719 ante
2639 3681 2801 3734 quem
2833 3675 2939 3730 sto,
2965 3668 3094 3736 quia
3123 3684 3230 3722 non
3267 3672 3422 3724 acci—

1847 3761 2019 3831 piam.
2047 3757 2301 3827 Cumque
2325 3757 2435 3810 vim
2471 3756 2698 3822 faceret,
2753 3758 2972 3826 penitus
3039 3773 3150 3812 non
3193 3767 3425 3830 acquie-

1848 3853 1926 3908 vit
1952 3853 2073 3906 ³⁸.»
2129 3848 2193 3905 Et
2237 3858 2362 3920 post
2414 3865 2634 3919 pauca:
2697 3867 2717 3900 ι
2761 3849 3015 3920 Dixitque
3073 3849 3224 3906 Giezi
3292 3870 3430 3922 puer

1848 3946 1953 4000 viri
2007 3943 2154 3998 Dei:
2207 3943 2460 4014 Pepercit
2489 3943 2744 3998 dominus
2795 3960 2950 4000 meus
3000 3943 3246 4000 Naaman
3292 3945 3430 4018 Syro

1851 4039 1967 4105 isti,
2009 4046 2072 4093 ut
2100 4051 2212 4091 non
2249 4034 2523 4105 acciperet
2551 4036 2622 4090 ab
2653 4052 2719 4088 eo
2745 4052 2866 4106 qua:
2903 4037 3106 4091 attulit.
3141 4034 3288 4093 Vivit
3323 4038 3431 4092 Do-

1853 4129 2061 4193 minus,
2095 4129 2225 4200 quia
2250 4141 2468 4182 curram
2521 4136 2644 4198 post
2693 4143 2842 4192 eum,
2878 4135 2933 4181 et
2963 4129 3230 4198 accipiam
3261 4129 3330 4184 ab
3366 4145 3431 4185 eo

1855 4219 2089 4290 aliquid.
2135 4217 2203 4274 Et
2263 4229 2486 4274 secutus
2529 4228 2612 4274 est
2643 4218 2791 4272 Giezi
2867 4229 2987 4288 post
3025 4229 3239 4291 tergum
3289 4219 3434 4274 Naa-

1854 4327 1980 4365 man
2009 4311 2092 4363 ³³.
2122 4328 2142 4362 ι
2219 4309 2289 4363 Ει
2326 4321 2451 4379 post
2499 4324 2674 4372 pauca
2711 4328 2724 4364 ι
2797 4327 2816 4360 ι
2857 4309 2920 4363 Iit
2967 4304 3107 4364 dixit
3151 4310 3431 4366 Naamau:

153 4422 170 4448 ι
207 4399 331 4452 Kal
373 4393 501 4450 εἷπε
547 4397 800 4467 Νεεμάν·
827 4389 975 4452 Λάϐε
1013 4399 1078 4471 δὴ
1133 4399 1396 4454 τάλαντον
1459 4401 1740 4472 ἀργυρίου,

1857 4401 2060 4474 Accipe
2093 4403 2356 4456 talentum
2392 4401 2602 4471 argenti
2630 4418 2644 4466 ;
2677 4411 2732 4455 et
2760 4403 2937 4472 coegit
2963 4417 3110 4466 euut,
3143 4401 3436 4470 ligavitquc

149 4489 276 4542 Kal
319 4487 493 4541 ἔλαϐε
530 4487 624 4540 δύο
651 4488 892 4542 τάλαντα
919 4489 1184 4560 ἀργυρίου
1208 4491 1268 4543 ἐν
1295 4490 1415 4544 δυσὶ
1444 4489 1754 4557 Θυλακίοις,

143 4582 252 4635 καὶ
315 4579 423 4635 δύο
473 4581 855 4652 ἁλασσομένας
899 4583 1152 4646 στολάς.»
1210 4582 1322 4638 Kal
1383 4583 1504 4654 μεθ’
1561 4585 1754 4658 ἓτερω

142 4693 164 4724 ι
199 4674 326 4726 Καὶ
358 4670 492 4727 εἷπε
512 4673 651 4746 πρὸς
681 4674 845 4728 αὑτὸν
883 4674 1160 4728 Ἐλισσαιέ
1181 4690 1196 4706 °
1233 4674 1404 4730 Πόθεν
1433 4673 1632 4746 Γιεζῆς
1667 4677 1760 4730 καὶ

134 4761 281 4816 εἷπε
327 4763 540 4835 Γιεζῆ·
567 4765 641 4818 Ού
676 4764 1016 4836 πεπόρευται
1071 4766 1101 4818 ὀ
1127 4764 1318 4830 δοῦλός
1375 4783 1470 4820 σου
1507 4766 1636 4820 ἔνθα
1666 4769 1762 4822 καὶ

133 4857 314 4911 ἐνοα.
353 4857 476 4910 Kal
499 4849 620 4910 εἷπε
653 4857 789 4928 πρὸς
817 4857 984 4911 αὑτὸν
1016 4855 1286 4912 Ἐλισσαιέ
1308 4872 1324 4888 ·
1357 4857 1541 4930 Ούχὶὴ
1563 4859 1763 4932 καρδία

135 4967 262 5017 μου
291 4949 590 5020 ἐπορεύθη
615 4951 760 5020 μετὰ
791 4948 910 5014 σοῦ,
946 4951 1040 5002 καὶ
1083 4945 1222 5014 οἶδα,
1272 4949 1362 5003 ὅτε
1415 4939 1765 5021 ἀπέστρεψεν

126 5043 160 5094 ὀ
191 5039 363 5110 ἀνὴρ
396 5023 511 5094 ἀπὸ
538 5041 633 5094 τοῦ
664 5039 912 5111 ἅρματος
951 5041 1034 5102 είς
1080 5039 1408 5112 συνάντησίι
1467 5057 1596 5108 σου;
1657 5043 1768 5096 Kal

124 5133 245 5185 νῦν
271 5131 492 5194 ἔλαϐες
521 5131 584 5184 τὸ
612 5129 900 5201 ἀργύριον,
929 5130 1026 5184 καὶ
1054 5130 1150 5184 νῦν
1199 5129 1393 5194 ἔλαϐες
1423 5132 1518 5184 καὶ
1543 5131 1612 5184 τὰ
1641 5131 1769 5204 ιμά-

118 5239 276 5280 τιςιο
325 5224 442 5277 καὶ
493 5223 641 5295 λήψῃ
670 5225 729 5278 ἐν
751 5223 902 5294 αύτῷ
943 5213 1182 5294 κήπούς,
1223 5223 1320 5278 καὶ
1369 5223 1624 5290 ἐλαιῶνα,
1676 5227 1770 5280 καὶ

113 5321 506 5392 ἀμπελῶνα,
543 5323 636 5378 καὶ¹
654 5321 922 5394 πρόϐατα,
960 5321 1056 5374 καὶ
1085 5318 1239 5390 βόας,
1292 5317 1387 5370 καὶ
1416 5315 1634 5381 παῖδας,
1668 5317 1764 5370 καὶ

115 5411 481 5477 παιδίσκας
511 5430 526 5444 ο
557 5413 653 5466 καὶ
681 5416 716 5483 ἡ
753 5411 932 5483 λέπρα
982 5411 1205 5481 Νεεμὰν
1250 5406 1649 5479 κολληθήσεται
1705 5412 1762 5462 ἐν

1855 4491 1968 4547 duo
2015 4493 2216 4547 talenta
2250 4494 2459 4562 argenti
2501 4489 2554 4544 in
2601 4490 2821 4546 duobus
2864 4491 3066 4557 saccis,
3106 4503 3159 4546 et
3195 4491 3435 4560 duplicia

1858 4585 2182 4639 vestimenta
2209 4583 2288 4636 “.
2318 4603 2336 4635 ι
2382 4581 2446 4637 Et
2476 4592 2597 4654 post
2629 4583 2734 4638 alia
2770 4601 2784 4639 :
2827 4601 2844 4632 ι
2872 4580 2937 4636 Ει
2970 4581 3112 4635 dixit
3165 4581 3436 4636 Elistens:

1858 4676 2018 4732 Unde
2051 4677 2200 4732 venit
2223 4675 2416 4732 Giczi?
2457 4674 2560 4741 Qui
2594 4674 2922 4744 respondit:
2953 4671 3077 4726 Non
3123 4672 3435 4727 ivitservus

1865 4778 1995 4826 tuus
2020 4783 2326 4840 quoquam.
2357 4767 2543 4821 Atille
2591 4767 2705 4821 ait:
2765 4765 2958 4820 Nonne
3007 4779 3104 4819 cor
3148 4778 3333 4818 meum
3374 4759 3426 4815 in

1874 4863 2124 4935 pmsenti
2154 4870 2292 4917 erat.
2328 4861 2547 4930 quando
2595 4873 2852 4913 reversus
2877 4867 2960 4912 cst
2991 4857 3156 4912 homo
3174 4857 3242 4912 de
3272 4872 3438 4913 curru

1865 4967 1969 5006 suo
1993 4951 2048 5004 in
2083 4966 2378 5014 occursum
2408 4947 2528 5002 tui?
2566 4945 2911 5018 Nunc'igitur
2939 4948 3204 5018 accepisti
3243 4963 3442 5018 argen-

1867 5054 2004 5106 tum,
2037 5053 2092 5097 et
2147 5041 2408 5113 accepisti
2492 5051 2710 5096 vestes:
2768 5051 2828 5108 ut
2884 5057 3037 5096 emas
3108 5039 3328 5105 oliveta,
3391 5050 3444 5092 ct

1865 5137 2098 5199 vineas,
2176 5144 2231 5190 ct
2284 5151 2438 5197 oves,
2513 5145 2569 5190 et
2629 5137 2814 5198 boves,
2862 5145 2916 5188 et
2979 5143 3278 5194 serros,et
3344 5147 3443 5184 au-

1869 5227 2067 5282 cillas:
2139 5223 2235 5280 sed
2312 5226 2460 5296 lepra
2513 5223 2758 5279 Naantan
2812 5225 3114 5278 adlaturi-bit
3149 5224 3244 5276 tibi
3271 5232 3324 5275 rt
3360 5239 3446 5275 sv-

1873 5320 2009 5373 miui
2067 5330 2162 5372 tuo
2218 5322 2274 5372 in
2340 5319 2758 5387 sempiternum.
2817 5316 2884 5370 Et
2949 5332 3204 5386 egressus
3237 5327 3319 5370 est
3377 5315 3447 5367 ab

1873 5427 1940 5464 eo
1959 5411 2213 5480 leprosos
2246 5407 2404 5478 quasi
2429 5411 2518 5462 uix
2545 5409 2589 5440 ³⁸
2610 5451 2623 5465 .
2649 5429 2667 5460 ι

112 5505 222 5558 σοὶ
272 5505 394 5558 καὶ
431 5503 591 5574 ἐντῷ
623 5503 900 5576 σπέρματί
967 5519 1061 5556 σου
1111 5501 1193 5564 είς
1250 5501 1342 5554 τὸν
1399 5501 1590 5555 αίῶνα.
1655 5502 1763 5556 Kal
1800 5499 2028 5572 ἐξῆλθεν
2054 5503 2118 5553 ἐκ
2180 5499 2274 5552 τοῦ
2323 5497 2620 5569 προσώπου
2678 5498 2844 5553 αὐτοῦ
2875 5498 3285 5569 λελεπρωμὲνος
3314 5497 3449 5550 ὡσεὶ

111 5595 320 5668 χιών.
339 5617 364 5649 ι

205 5716 264 5748 ³⁸
312 5716 464 5770 Act.
490 5729 609 5777 viti,
639 5711 898 5768 18-25."‘
942 5710 1006 5766 ill
1034 5711 1164 5781 Reg.
1206 5727 1322 5774 xm,
1348 5711 1436 5774 5.5,
1467 5711 1555 5764 3i.
1635 5711 1676 5742 ³³
1710 5708 1740 5760 l'

1847 5724 1928 5778 eg.
1963 5724 2014 5772 ι’,
2046 5708 2134 5774 13,
2167 5705 2252 5762 16.
2286 5707 2328 5741 ³³
2357 5705 2486 5762 illiti.
2515 5704 2605 5766 20,
2639 5702 2684 5735 ⁸³
2711 5699 2820 5754 ibid
2845 5701 2938 5757 9.3.
3015 5702 3058 5734 "
3087 5701 3217 5755 ibid.
3242 5698 3436 5755 ‘25-‘37.
