3936 6212
241 331 367 397 1449

1648 321 2051 387 EPISTOLE.
2084 351 2091 358 -

3373 311 3508 380 1450

237 451 342 500 τῶν
402 446 500 517 μὲν
555 445 778 511 λαῖκῶν,
831 445 939 500 τῶν
987 445 1045 499 δέ
1096 444 1507 517 πρεσϐυτέρων,
1566 439 1648 504 οἷς
1701 443 1818 495 ἕδο-

1963 448 2076 492 aut.
2111 439 2358 511 Cumque
2385 445 2771 512 permanerent
2821 442 2987 491 testes
3023 443 3132 490 tam
3179 432 3306 488 laici
3341 449 3508 501 quam

240 540 332 606 ξαν
361 539 759 611 τεθαῤῥηκέναι
780 555 792 568 ⁸
828 539 990 592 τινῶν
1013 537 1077 590 δὲ
1112 539 1210 592 καὶ
1267 536 1570 606 γυναικῶν,
1631 535 1727 588 καὶ⁴
1753 533 1823 586 τὰ

239 632 353 702 εἴδη
379 630 489 684 τῶν
515 629 792 703 ἐνεχύρων
844 630 1135 698 λεγόντων,
1162 630 1291 692 τοὺς
1320 628 1538 691 τόπους,
1569 627 1661 680 καὶ
1694 625 1822 687 τοὺς

240 719 489 790 καιροὺς,
540 719 638 773 καὶ
661 717 762 790 τὴν
814 720 1114 789 ποσότητα,
1149 719 1212 772 οὐ
1241 718 1382 772 πάνυ
1413 716 1593 781 καλῶς
1645 713 1822 768 αὐτῶν

239 810 591 884 διακειμένης
641 811 742 883 τῆς
803 812 1164 884 συνειδήσεως
1195 851 1210 873 ,
1263 809 1576 880 αὐθαίρετοι
1629 809 1822 879 ὁμολο-

242 903 402 972 γοῦσι
425 904 553 976 δίχα
605 903 830 976 πολλῆς·
852 905 1102 974 ἀνάγκης
1133 919 1148 934 ⁸
1187 903 1271 957 ὅτι
1301 903 1637 974 δεδώκαμεν,
1688 905 1821 970 ὁμο-

241 994 535 1066 λογοῦμεν.
568 997 665 1050 καὶ
714 988 1022 1068 γεγόναμεν
1053 995 1313 1066 τοιαύτην
1341 993 1664 1065 νομίσαντες
1694 993 1824 1046 ἀκο-

241 1087 463 1142 λουθίαν
526 1083 688 1142 εἶναι.
732 1090 849 1142 Ἵνα
885 1087 1128 1159 δόξωμεν
1161 1088 1264 1156 τῆς
1302 1085 1498 1157 βουλῆς
1535 1086 1634 1156 τῆς
1658 1085 1826 1156 δημο-

246 1180 366 1244 σίας
413 1179 854 1252 ἐλευθεροῦσθαι.
915 1179 1025 1232 Kal.
1056 1179 1153 1232 νῦν
1184 1177 1442 1250 δεόμεθα,
1478 1178 1526 1230 εί
1552 1177 1654 1247 μέν
1676 1177 1826 1228 ἐστιν

240 1271 388 1325 ὅσιον
442 1272 590 1342 ἡμᾶς
622 1266 764 1324 εἶναι
813 1273 870 1325 ὲν
901 1272 968 1341 τῇ
999 1269 1316 1342 λειτουργίᾳ
1352 1271 1456 1338 τῆς
1482 1265 1779 1336 ἐκκλησίας
1804 1281 1822 1299 ·

243 1360 366 1414 ἐπεὶ
417 1361 522 1414 κᾶν
581 1359 643 1416 τὸ
689 1360 976 1432 χρυσίονῦ
1025 1358 1359 1432 δεδώκαμεν,
1411 1359 1500 1412 ἵνα
1547 1350 1823 1428 λάϐωμεν.

243 1454 366 1508 Τῶν
393 1453 502 1526 γὰρ
550 1453 824 1522 γυναικῶν
873 1452 1034 1524 ἡμῶν
1094 1451 1412 1524 δεδώκαμεν
1458 1467 1581 1504 τινα
1631 1448 1824 1519 σκεύη.

254 1542 510 1613 Ἰωάννης
541 1542 677 1613 πρὸς
723 1539 899 1595 ταῦτα
922 1541 1194 1610 ὑπέσχετο
1238 1542 1304 1612 τῇ
1331 1539 1555 1611 συνόδῳ,
1586 1540 1670 1593 ὅτι
1718 1535 1828 1590 Τοῦ

141 1629 146 1633 ⁴
246 1635 348 1704 μὲν
398 1631 783 1704 βουλευτηρίου
835 1632 947 1703 ἐγὼ
993 1634 1194 1698 αὐτοὺς
1253 1634 1352 1688 σὺν
1382 1631 1504 1704 Θεῷ
1545 1629 1830 1686 ἀπαλλάσ-

244 1743 326 1778 σω
360 1765 375 1790 ,
421 1723 660 1790 ἀξιώσας
711 1724 803 1778 τὸν
861 1724 1124 1796 βασιλέα·
1165 1725 1328 1797 ὑμεῖς
1373 1724 1432 1778 δὲ
1477 1722 1825 1795 προστάξατε

244 1818 444 1882 αὐτοὺς
465 1817 650 1872 λαϐεῖν
678 1817 715 1872 ἃ
737 1815 1001 1872 δεδώκασι
1027 1817 1182 1888 παρὰ
1201 1817 1310 1870 τῶν
1347 1817 1676 1869 Ἀντωνίνου
1697 1813 1830 1884 κλη-

245 1909 515 1980 ρονόμων.
575 1907 918 1980 Προσὲταξεν
962 1909 996 1978 ἡ
1041 1907 1281 1970 σύνοδος,
1333 1905 1398 1960 τὸ
1446 1905 1549 1977 μὲν
1603 1904 1831 1978 χρυσίον

244 2001 446 2064 αὐτοὺς
506 2001 690 2052 λαϐεῖν
739 1997 892 2070 παρὰ
930 1997 1041 2050 τῶν
1093 1995 1452 2069 κληρονόμων
1482 1993 1828 2055 ’Λντωνίνου.

245 2095 526 2146 κοινωνεῖν
551 2093 608 2146 δέ
633 2091 780 2145 ἔνδον
829 2089 925 2144 τοῦ
992 2089 1412 2160 θυσιαστηρίου,
1469 2083 1610 2143 εἶναι
1639 2087 1696 2142 δὲ
1723 2086 1833 2140 ἀπὸ

247 2185 477 2256 ἱερέων·
507 2183 594 2237 ἵνα
631 2183 704 2255 μὴ
739 2183 944 2238 τούτων
987 2183 1476 2256 συγχωρηθέντων,
1518 2180 1639 2245 ἔθος
1669 2180 1832 2250 γένη-

244 2296 340 2329 ται
371 2275 662 2330 Ἰουδαῖκὸν
681 2277 712 2347 ἦ
729 2275 1027 2344 Αἰγύπτιον
1053 2275 1148 2330 τοῦ
1184 2275 1390 2330 πωλεῖν
1421 2275 1518 2328 καὶ
1541 2272 1834 2345 ἀγοράζειν

242 2369 347 2437 τὴν
383 2367 702 2438 ἱερωσύνην.
738 2368 875 2420 Φασὶ
934 2367 1045 2438 γὰρ
1091 2365 1184 2420 τὸν
1239 2365 1494 2438 λυμεῶνα
1551 2365 1649 2418 καὶ
1702 2364 1836 2434 ψευ-

245 2457 278 2510 δ
299 2457 495 2528 ἔνθυμον
521 2458 867 2528 πατριάρχην
910 2459 1018 2510 τῶν
1060 2455 1335 2510 Ἰουδαίων
1357 2455 1478 2510 κατ’
1517 2455 1639 2518 ἔτος
1671 2453 1834 2534 ἀμεί-

248 2549 389 2608 ϐειν,
415 2549 557 2620 ﬁnal.
583 2551 714 2620 παρ’
743 2549 865 2614 ἔτος
891 2551 1020 2613 τοὺς
1041 2547 1556 2622 ἀρχισυναγώγουςν
1581 2547 1674 2600 ἐπὶ
1707 2546 1833 2600 συλ-

249 2637 388 2707 λίΥῇ
421 2637 514 2690 τοῦ
546 2639 842 2707 ἀργυρίου·
874 2641 1077 2710 ὁμοίως
1105 2639 1202 2692 καὶ
1262 2639 1356 2692 τὸν
1403 2636 1656 2708 ζηλωτὴν
1711 2635 1837 2688 τού-

250 2745 348 2780 του
407 2727 515 2782 τῶν
563 2728 883 2798 -Αἰγυπτίων
937 2730 1320 2802 πατριάρχην·
1347 2729 1436 2782 ἵνα
1480 2724 1743 2798 πληρωθῇ
1776 2726 1837 2779 τὸ

253 2821 632 2890 προψητικόν·
674 2839 693 2871 ι
718 2821 781 2874 Οἱ
813 2822 978 2891 ἱερεῖς
1006 2821 1178 2892 αὐτῆς
1214 2819 1356 2892 μετὰ
1384 2817 1574 2890 δώρων
1601 2817 1838 2889 ἁπεκρί-

249 2929 428 2979 νοντο,
457 2913 550 2966 καὶ
580 2913 627 2966 oi
671 2914 946 2985 προφῆται
979 2914 1149 2985 αὐτῆς
1179 2913 1318 2986 μετὰ
1355 2912 1621 2985 ἀργυρίου
1671 2913 1840 2984 ἐμαν-

251 3021 540 3060 τευοντο.»

265 3099 362 3152 Ἐκ
397 3097 515 3152 τῶν
565 3100 844 3155 κανόνων
877 3097 998 3152 τῶν
1051 3097 1394 3164 ἑξακοσίων
1419 3097 1739 3166 τριάκοντα
1773 3100 1838 3154 ἁ-

327 3171 474 3237 γίων
499 3170 777 3239 Πατέρων
799 3167 920 3222 τῶν
935 3169 1008 3222 ἐν
1025 3167 1367 3236 Χαλκηδόνι
1388 3168 1836 3232 συνελθόντων,

328 3239 528 3292 κανὼν
544 3239 844 3308 δεύτερος.

330 3332 396 3384 Εἴ
420 3350 502 3394 τις
549 3332 850 3393 ἐπίσκοπος
881 3331 976 3384 ἐπὶ
1018 3332 1268 3402 χρήμασι
1323 3330 1658 3403 χειροτονίαν
1683 3331 1838 3399 ποιήο

254 3441 428 3486 σαιτο,
481 3425 575 3479 καὶ
601 3427 682 3488 εἰς
741 3425 946 3495 πρᾶσιν
997 3423 1290 3495 καταγάγῃ
1343 3427 1442 3493 τὴν
1470 3425 1718 3494 ἄπρατον
1741 3425 1839 3494 χά-

255 3535 366 3590 ριν,
400 3505 493 3572 καὶ
543 3520 901 3589 χειροτονήσῃ
963 3517 1064 3571 ἐπὶ
1115 3519 1394 3589 χρήμασιν
1443 3516 1836 3588 ἐπίσκοπον,ῆ

251 3612 698 3683 χωρεπίσκοπον,
729 3611 762 3682 ἢ
791 3610 1194 3682 πρεσϐύτερον,
1227 3611 1320 3665 καὶ
1351 3611 1626 3672 διάκονον,
1657 3611 1690 3681 ἢ
1719 3610 1838 3662 ἓτε-

256 3707 351 3776 ρόν
377 3724 498 3762 τινα
510 3705 620 3760 τῶν
649 3709 708 3760 ἐν
732 3705 810 3776 τῷ
835 3705 1024 3777 κλήρῳ
1054 3703 1610 3774 καταριθμουμένων,
1639 3702 1672 3773 ἢ
1705 3719 1840 3772 προ-

251 3799 504 3853 σάλλοιτο
554 3802 648 3854 ἐπὶ
703 3801 979 3870 χρήμασιν
1041 3799 1347 3868 οἰκονόμον,
1387 3797 1420 3869 ἢ
1471 3795 1708 3861 ἔκδικον,
1743 3795 1840 3848 καὶ

253 3889 696 3959 παραμονάριον,
749 3889 782 3959 ἢ
829 3887 976 3949 ὅλως.
1013 3886 1136 3940 τινὰ
1186 3885 1288 3940 τοῦ
1331 3884 1580 3950 κανόνος,
1639 3883 1707 3938 δι’
1761 3882 1840 3936 αἰ-

253 3983 643 4054 σχροκέρδειαν
701 3978 1165 4044 οίκείαν,ότοῦτο
1221 3978 1604 4048 ἐπιχειρήσας,
1657 3975 1840 4046 ἐλεγχ-

251 4075 369 4138 θεὶς
417 4072 781 4127 κινδυνευέτω
840 4073 970 4142 περὶ
1023 4070 1114 4124 τὸν
1167 4071 1368 4123 οἰκεῖον
1405 4068 1615 4140 βαθμόν
1641 4083 1653 4096 ·
1689 4067 1784 4120 καὶ
1810 4069 1839 4121 ό

250 4165 762 4238 χειροτονούμενος,
801 4163 970 4235 μηδὲν
1001 4165 1066 4216 ἐκ
1095 4163 1194 4230 τῆς
1251 4162 1368 4216 κατ’
1395 4159 1666 4232 ἐμπορίαν
1691 4159 1838 4229 ὠφεο

249 4256 453 4312 λείσθω
509 4255 853 4326 χειροτονίας
893 4255 926 4325 ἢ
971 4253 1266 4325 προϐολῆς,
1319 4253 1436 4306 ἀλλ’
1489 4251 1630 4304 ἔστω
1677 4249 1836 4304 ἀλλό-

247 4366 406 4422 τριος
465 4350 564 4419 τῆς
620 4347 840 4418 ἀξίαςῆ
886 4346 982 4400 τοῦ
1041 4345 1468 4416 φροντίσματος,
1522 4337 1694 4412 οὗπερ
1743 4343 1836 4394 ἐπὶ

1929 531 2260 601 presbyteri,
2297 531 2500 601 quibus
2537 531 2719 586 visum
2753 527 2929 582 fuerat
2983 526 3213 580 lidenter
3252 520 3370 596 [Gr.
3405 523 3508 576 visi

1927 620 2144 676 fuerant
2164 619 2461 693 conﬁdere]
2493 635 2616 676 esse
2639 619 2970 675 credendum
3000 635 3015 684 ;
3049 617 3295 686 quaedam
3325 623 3508 670 autem

1925 722 1979 768 et
2007 713 2313 768 mulieres:
2355 713 2518 768 etiam
2569 714 2780 782 species
2836 712 3126 782 pignorum
3187 707 3426 780 praefati,
3457 717 3514 764 et
3588 773 3595 786 ³

1927 803 2065 870 loca,
2099 815 2152 859 et
2208 813 2475 874 tempora,
2505 813 2564 859 ct
2595 803 3001 874 quantitatem;
3059 816 3167 856 non
3213 800 3510 855 admodum
3592 812 3603 880 ξ

1928 895 2067 949 bene
2085 896 2426 952 conscientia
2460 909 2559 949 sua
2583 894 2876 966 disposita,
2907 893 3143 948 ultronei
3182 891 3514 947 confitentur

1927 986 2138 1056 absque
2161 988 2330 1042 multa
2366 987 2694 1042 necessitate
2718 1007 2730 1018 ·
2785 985 2924 1053 Quia
2965 985 3242 1050 dedimus,
3282 986 3517 1040 confite-

1928 1093 2074 1141 mur,
2103 1087 2158 1132 et
2197 1077 2325 1133 facti
2385 1094 2598 1145 sumus,
2653 1077 2814 1134 t’alem
2879 1078 3268 1134 existimantes
3317 1093 3515 1133 consc-
3585 1063 3596 1079 ’

1928 1169 2214 1238 quentiam
2271 1168 2782 1242 [consuetudinem]
2831 1185 2974 1236 esse,
3025 1178 3086 1225 ut
3136 1170 3452 1224 videremur
3486 1186 3517 1224 a

1929 1261 2082 1316 curia
2111 1261 2334 1328 publica
2369 1263 2616 1319 liberari.
2647 1261 2711 1318 Et
2747 1279 2895 1318 nunc
2938 1263 3320 1330 obsecramus,
3381 1273 3441 1318 ut
3469 1265 3518 1318 si

1930 1345 2159 1426 quidem
2177 1356 2391 1426 justum
2425 1366 2510 1412 est
2549 1373 2652 1412 nos
2683 1372 2808 1414 esse
2838 1358 2890 1412 in
2925 1359 3238 1414 ministerio
3269 1359 3518 1414 ecclesia:

1931 1448 2148 1504 simus:
2183 1449 2268 1504 sin
2295 1459 2502 1514 autem,
2545 1449 2738 1504 saltem
2784 1465 2982 1504 aurum
3030 1453 3177 1522 quod
3240 1451 3514 1514 dedimus.

1933 1539 2308 1610 recipiamus:
2341 1557 2466 1596 nam
2495 1557 2732 1596 uxorum
2778 1551 3098 1598 nostrarum
3136 1549 3384 1614 quazdam
3421 1546 3518 1599 dc-

1931 1630 2113 1686 dimus
2141 1645 2290 1685 vasa.
2320 1628 2562 1686 Joannes
2582 1632 2647 1684 ad
2674 1631 2789 1687 haec
2821 1632 3232 1702 repromittebat
3261 1633 3516 1700 concilio,

1905 1719 2060 1794 'quia
2097 1737 2126 1776 a
2176 1723 2332 1778 curia
2380 1724 2602 1793 quidem
2660 1740 2761 1797 ego
2789 1741 2886 1782 eos
2917 1743 3040 1782 cum
3086 1727 3196 1784 Deo
3252 1729 3516 1795 liberabo,

1935 1817 2223 1886 postulans
2263 1817 2682 1888 imperatorem:
2713 1835 2813 1876 vos
2849 1811 3032 1874 autem
3066 1823 3345 1892 prtecipite
3375 1827 3521 1879 acci-

1935 1897 2064 1976 pere
2111 1909 2234 1964 illos
2269 1909 2414 1979 quod
2447 1909 2737 1975 dederunt,
2795 1912 2865 1967 ab
2893 1912 3202 1969 ltmredibus
3231 1917 3518 1972 Antonini.

1933 1999 2206 2070 Praecepit
2259 2003 2500 2074 synodus
2533 2019 2728 2057 aurum
2760 2005 2980 2074 quidem
3024 2021 3117 2061 cos
3167 2008 3408 2078 recipere
3452 2009 3522 2062 ab

1935 2091 2246 2148 lneredibus
2299 2092 2587 2158 Antonini,
2651 2095 3066 2151 communicare
3137 2105 3318 2152 autem
3375 2098 3520 2152 intra

1932 2183 2129 2247 altare,
2163 2195 2217 2238 et
2242 2199 2366 2240 csse
2407 2185 2653 2254 privatos
2684 2187 2996 2242 sacerdotio
3027 2205 3042 2244 :
3079 2192 3154 2244 ne’
3177 2187 3300 2245 istis
3335 2190 3520 2245 indul-

1934 2277 2172 2346 gentiam
2208 2280 2549 2344 consecutis,
2579 2281 2922 2336 consuetudo
2959 2281 3116 2338 fierct
3159 2281 3392 2341 Iudaica
3435 2287 3520 2338 vel

1935 2369 2187 2442 Egyptia
2215 2371 2476 2426 vendendi
2510 2373 2909 2436 sacerdotium,
2946 2376 3032 2430 vel
3067 2377 3306 2432 emendi.
3350 2378 3522 2432 Aiunt

1934 2463 2080 2518 enim
2109 2463 2456 2533 pestilentem
2487 2472 2540 2518 ct
2569 2464 2880 2520 falsidicum
2909 2468 3278 2538 patriarcbam
3300 2468 3521 2524 Judaeu-

1937 2569 2059 2608 rum
2093 2569 2187 2623 per
2218 2552 2465 2624 singulos
2490 2569 2666 2610 annos
2710 2556 2794 2610 vel
2837 2555 3003 2618 infra,
3054 2558 3517 2631 archisynagogns

1935 2659 2035 2714 per
2088 2646 2236 2700 vices
2273 2647 2611 2700 constituere
2657 2662 2820 2700 causa
2867 2646 3186 2718 colligendae
3235 2651 3516 2719 pecunia-z

1939 2735 2192 2790 similiter
2229 2745 2282 2788 et
2311 2737 2690 2790 :emulatorcm
2725 2736 2916 2801 hujus,
2975 2737 3358 2809 Egyptiorum
3409 2743 3520 2795 sci-

1942 2825 2070 2882 licet
2094 2826 2500 2897 patriarcbam;
2539 2837 2596 2881 ut
2623 2827 2914 2896 impleatur
2943 2828 3074 2884 illud
3100 2831 3480 2902 propheticum
3505 2851 3520 2886 :

1945 2936 1964 2970 ι
2007 2909 2332 2975 Sacerdotes
2350 2918 2471 2988 ejus
2497 2935 2622 2974 cum
2656 2920 2983 2976 muneribus
3015 2923 3440 2990 respondebant,
3470 2933 3520 2978 ct

1943 3011 2220 3081 propheta:
2247 3009 2393 3065 illius
2417 3025 2544 3065 cum
2579 3020 2806 3083 argento
2839 3013 3156 3068 divinabam.
3183 3011 3252 3070 ⁵³.
3285 3033 3304 3066 ι

1865 3125 1909 3185 c
1948 3099 2032 3185 Eat
2063 3101 2363 3185 canonibn‘s.
2382 3113 2750 3185 sexcentarum
2779 3103 3007 3185 triginta
3049 3115 3361 3185 sanctarum
3417 3102 3521 3185 lfa-

2015 3171 2633 3242 trum,quiC/talcedone
2657 3171 3026 3240 convenerunt,
3059 3174 3236 3246 regula
3269 3177 3520 3232 secunda.

2012 3333 2070 3387 Si
2103 3333 2228 3403 quis
2261 3333 2554 3405 episcopus
2607 3349 2703 3405 per
2743 3333 3012 3405 pecunias
3064 3333 3254 3390 fecerit
3295 3333 3520 3390 ordina-

1941 3425 2167 3489 tionem,
2197 3433 2254 3481 et
2285 3425 2407 3482 sub“
2429 3425 2603 3496 pretio
2647 3426 2918 3497 redegerit
2961 3427 3197 3496 gratiam
3251 3441 3376 3496 quae
3413 3441 3521 3480 non

1942 3528 2116 3588 potest
2147 3519 2330 3583 vendi,
2357 3519 2807 3588 ordinaveritque
2845 3535 2940 3588 per
2989 3519 3277 3590 pecuniam
3306 3519 3522 3589 episco.

1941 3626 2094 3678 pum,
2130 3611 2214 3666 vel
2270 3611 2752 3680 ehorepiscopnm,
2812 3611 2900 3666 vel
2964 3613 3370 3683 presbyterum,
3430 3621 3520 3666 aut

1939 3703 2256 3766 diaconum,
2287 3702 2372 3756 vel
2410 3703 2710 3770 quemlibet
2755 3717 2821 3756 ex
2865 3701 2951 3756 his
2984 3703 3080 3770 qui
3106 3717 3520 3757 connumeran—

1941 3805 2028 3850 tnr
2055 3797 2111 3850 in
2137 3795 2288 3850 clero
2320 3811 2334 3860 ;
2382 3805 2477 3848 aut
2506 3793 2847 3864 promoverit
2879 3807 2972 3861 per
2999 3793 3261 3862 pecunias
3297 3793 3520 3864 dispen-

1939 3885 2719 3954 saturem,autdefensorem,
2784 3885 2869 3940 vel
2905 3885 3366 3948 mansionarium,
3425 3895 3520 3940 aut

1939 3995 2271 4052 quemquam
2310 3979 2406 4048 qui
2437 3978 2720 4048 subjectus
2751 3985 2835 4032 est
2881 3977 3104 4047 regulae,
3141 3991 3244 4046 pro
3289 3977 3374 4032 sui
3403 3986 3519 4032 tur-

1939 4073 2150 4144 pissimi
2193 4071 2332 4126 lucri
2369 4069 2699 4126 commodo:
2755 4069 2802 4122 is
2847 4083 3008 4138 quem
3066 4071 3168 4124 hoc
3217 4079 3520 4125 atlentasse

1898 4230 1901 4231 ν
1940 4165 2229 4236 probatum
2273 4161 2458 4224 fuerit,
2494 4161 2701 4232 proprii
2729 4162 2932 4232 gradus
2970 4161 3220 4231 periculo
3268 4163 3522 4230 subiace.

1941 4260 2017 4315 bit
2047 4279 2060 4314 :
2098 4266 2152 4314 et
2181 4259 2273 4329 qui
2319 4259 2607 4314 ordinatus
2641 4264 2759 4320 'est,
2794 4255 2926 4310 nihil
2951 4271 3017 4311 ex
3047 4259 3146 4313 hac
3172 4259 3521 4315 ordinatione

1939 4361 2031 4405 aut
2061 4353 2428 4420 promotionc,
2460 4363 2583 4418 quae
2637 4362 2730 4416 per
2757 4348 3186 4418 negotiationem
3245 4349 3389 4406 facta
3413 4364 3520 4415 est,

249 4443 534 4515 χρήμασιν
581 4440 794 4512 ἔτυχεν,
825 4441 873 4492 εί
905 4439 962 4492 δέ
991 4456 1076 4502 τις
1121 4439 1218 4491 καὶ
1270 4435 1570 4508 μεσιτεύων
1637 4435 1831 4526 φανείη

1940 4443 2216 4514 proficiat,
2258 4441 2355 4497 sed
2388 4442 2463 4496 sit
2491 4440 2708 4495 alienus
2758 4455 2823 4494 ea
2851 4440 3117 4510 dignitate
3163 4450 3219 4496 et
3251 4443 3518 4498 sollicitu-

247 4536 365 4598 τοῖς
393 4533 563 4596 οὕτως
593 4534 842 4602 αἰσχροῖς
872 4531 968 4584 καὶ
998 4530 1282 4600 ἀθεμίτοις
1313 4528 1582 4598 λήμμασι.
1610 4527 1706 4578 καὶ
1735 4521 1828 4580 οὗ·

249 4643 344 4688 τος
367 4626 414 4678 εἰ
462 4625 562 4694 μὲν
600 4621 862 4694 κληρικὸς
915 4623 1001 4692 εἴη
1030 4663 1046 4686 ,
1106 4619 1200 4673 τοῦ
1246 4620 1452 4672 οἰκείου
1514 4619 1830 4672 ἐκπιπτέτω

251 4716 467 4790 βαθμοῦ
495 4732 508 4746 ·
549 4719 599 4768 εί
655 4715 713 4769 δὲ
751 4714 937 4778 tam;
990 4715 1023 4785 ἢ
1083 4712 1330 4783 μονὰζων
1357 4751 1372 4775 ,
1433 4708 1832 4780 ἁναθεματιζέ-

253 4809 390 4864 σθω.

263 4923 369 4976 Ἐκ
401 4921 512 4988 τῆς
556 4922 884 4992 ἐγκυκλίου
921 4919 1252 4988 ἐπιστολῆς
1265 4923 1602 4976 Γενναδίου
1625 4921 1730 4976 τοῦ
1767 4923 1834 4975 ἁ-

326 4993 612 5058 γιωτάτου
697 4993 1180 5060 ἀρχιεπισκόπου
1261 4995 1834 5048 Κωνσταντινουπό-

324 5067 498 5124 ἁεως,
533 5062 630 5116 καί
669 5061 779 5128 τῆς
807 5062 929 5115 σὺν
954 5062 1118 5123 αὐτῴ
1147 5061 1438 5117 συνόδου.
1530 5095 1540 5105 -

329 5155 518 5208 Ἔστω
547 5154 728 5208 τοίνυν
757 5156 851 5208 καὶ
876 5153 1025 5207 ἔστιν
1085 5155 1492 5227 ἀποκήρυκτος,
1529 5155 1626 5208 καί¹
1657 5155 1838 5227 πάσης

251 5252 294 5303 is
306 5248 538 5319 ρατικῆς
557 5246 720 5312 ,ἀξίας
747 5263 808 5301 τε
838 5247 932 5300 καὶ
957 5246 1302 5317 λειτουργίας
1326 5246 1630 5317 ἀλλότριος,
1655 5247 1750 5300 καὶ
1768 5250 1835 5318 τῇ

251 5342 474 5413 κατάρα
529 5341 625 5394 τοῦ
670 5339 1012 5410 ἀναθέματος
1045 5339 1430 5410 ὑποκείμενος,
1454 5340 1482 5393 δ
1511 5357 1571 5394 τε
1599 5341 1834 5394 κτᾶσθαι

249 5433 462 5504 ταύτην
492 5435 589 5506 τὴν
643 5433 947 5504 ἱερωσύνην
1000 5433 1088 5486 διὰ
1116 5432 1415 5504 χρημάτων
1433 5433 1703 5498 οἰόμενος,
1740 5435 1836 5490 καὶ

247 5529 278 5582 ὁ
309 5527 518 5597 ταύτην
566 5526 830 5597 παρέχειν
888 5525 980 5578 ἐπὶ
1028 5527 1310 5596 χρήμασιν
1355 5525 1786 5596 ὑπισχνούμενος
1818 5565 1834 5590 ,

249 5621 363 5677 εἴτε
392 5619 673 5692 κληρικδς,
711 5619 820 5671 εἴτε
853 5617 1038 5680 λαῖκδς
1075 5619 1158 5688 εἴη
1187 5634 1200 5648 ·
1235 5616 1338 5671 κᾶν
1399 5617 1708 5688 ἐλέγχοιτο,
1735 5619 1840 5674 κᾶν

329 5775 371 5805 ⁸¹
407 5771 570 5826 ΜίιΙι.
610 5787 691 5830 ιιι,
733 5769 820 5822 Η.

548 5869 821 5925 Parum.
857 5865 1266 5928 Gn.XC\'lll.

1927 4540 2075 4600 dine,
2103 4551 2268 4607 quam
2300 4532 2552 4603 pecuniis
2586 4533 2859 4602 quaesivit.
2884 4532 2941 4587 Si
2961 4534 3084 4603 quis
3103 4550 3230 4589 vero
3249 4535 3515 4592 mediator

1928 4645 2039 4689 tam
2073 4628 2325 4699 turpibus
2353 4633 2406 4680 et
2431 4622 2682 4679 nefandis
2700 4624 2842 4680 datis
2865 4626 2950 4679 vel
2966 4627 3204 4696 acceptis
3224 4628 3518 4694 exstiterit,

1929 4727 1974 4780 si
2003 4723 2220 4794 quidem
2259 4717 2491 4774 clericus
2538 4714 2963 4808 fuerit,.proprio
3013 4719 3180 4788 gradu
3208 4720 3446 4788 decidat,
3473 4724 3517 4777 si

1931 4832 2061 4872 vero
2105 4813 2280 4868 laicus
2310 4820 2405 4865 aut
2445 4808 2771 4870 monachus,
2805 4808 3316 4867 anathematizetur.

1941 4931 2024 4984 Ea:
2087 4925 2338 4999 synodico
2369 4924 2639 4999 Δινρίειοιιι
2701 4920 2964 4999 Gennadii
3034 4926 3366 4999 sanctissimi
3427 4946 3518 4982 ar.

2008 4993 2326 5068 clliépiswpi
2355 4993 2922 5064 Constantinopoleos,
2955 5003 3004 5048 et
3034 4997 3223 5066 synodi
3253 5014 3372 5068 qua:
3401 5015 3516 5052 cum

2007 5087 2066 5124 80
2101 5077 2237 5122 erat.

2009 5163 2096 5217 Sit
2128 5162 2315 5232 igitur,
2346 5169 2398 5214 et
2445 5167 2532 5214 est
2563 5157 2834 5228 abjectus,
2874 5170 2929 5214 et
2967 5159 3038 5214 ab
3073 5159 3222 5214 omni
3262 5159 3513 5213 sacerdo-

1937 5255 2032 5310 tali
2065 5251 2330 5324 diguitate
2373 5260 2540 5320 atque
2569 5251 2747 5306 olIicio
2795 5251 3030 5319 alienus,
3061 5260 3117 5306 et
3147 5250 3514 5306 maledictiuni

1943 5342 2310 5398 anathematis
2360 5340 2644 5404 subditus,
2688 5349 2798 5394 tam
2834 5343 2928 5410 qui
2971 5341 3252 5410 possidere
3286 5341 3390 5396 hoc
3437 5360 3525 5394 su-

1943 5435 2254 5494 cerdotium
2323 5449 2422 5504 per
2473 5433 2739 5502 pecunias
2789 5434 3072 5503 opinatur,
3130 5447 3292 5502 quam
3339 5431 3386 5486 is
3425 5434 3518 5502 (ιιί

1944 5525 2194 5598 praebere
2218 5521 2270 5577 id
2306 5530 2529 5593 propter
2563 5522 2831 5592 pecunias
2867 5521 3175 5590 pollicetur,
3208 5521 3324 5576 sive
3355 5521 3522 5576 cleri-

1947 5634 2068 5683 cus,
2098 5617 2214 5674 sive
2243 5616 2414 5672 laicus
2447 5615 2519 5670 sit
2549 5633 2564 5669 :
2589 5616 2706 5672 sive
2724 5615 3032 5680 convictus,
3059 5615 3174 5670 sive
3214 5629 3322 5670 non
3357 5613 3522 5672 fuerit

3029 5833 3116 5922 to
