3936 6212
257 336 393 404 1153

1623 341 1629 348 ’
1655 333 1662 340 ’
1685 343 2086 404 ΕΡΙΞΤΟΙᾸΕ.
3377 335 3514 403 1-Ξῖκὶ

325 462 390 514 01
446 453 541 515 οῦν
581 461 970 532 ἐρευνητικῶς,
1014 461 1108 515 καὶ
1152 461 1213 516 ού
1257 461 1660 532 παροδευτικῶς
1693 463 1827 516 πᾶσι

1999 442 2103 526 Qui
2129 475 2261 530 ergo
2289 459 2655 515 scrutahiliter
2682 469 2736 515 et
2769 474 2878 514 non
2910 460 3224 515 transitorie
3249 461 3508 517 omnibus

253 557 369 618 τοῖς
428 553 730 624 Γραφικοϊς
778 553 875 606 καὶ
933 553 1232 624 ὶΙατρικοῖς
1283 551 1604 622 διδάγμασιν
1666 551 1834 620 ἐγκύ-

255 660 486 708 πτοντες
513 683 530 708 ,
590 643 683 698 καὶ
740 645 807 714 τῇ
856 641 1159 711 ἀναγνώσει
1237 641 1444 696 τούτων
1534 643 1830 710 προσέχον-

253 754 368 802 τες,
402 735 496 790 καὶ
519 734 612 789 τὸν
627 733 752 788 νοῦν
776 733 983 787 ἐαυτῶν
1005 735 1071 804 τῇ
1103 732 1355 805 εὐσεϐείᾳ
1381 733 1476 787 καὶ
1508 735 1575 805 τῇ
1605 733 1834 804 ἀληθείᾳ

255 805 742 898 προσπηγνύντες,
795 825 890 878 καὶ
964 825 1030 878 ού
1085 825 1224 896 πρὸς
1287 825 1348 878 τὸ
1421 825 1550 879 ῐδιον
1618 825 1833 896 θέλημα

253 916 418 972 τοῦτο
441 917 720 989 φέροντες,
753 915 1079 986 φωτίζονται
1111 915 1467 986 θαυμαστῶς,
1525 915 1633 969 ἀπὺ
1657 915 1832 986 όρέων

255 1009 514 1085 αίωνίων,
549 1009 1022 1081 καταυγαζόμενοι
1049 1007 1155 1062 ὑπὸ
1191 1009 1300 1061 τῶν
1329 1005 1706 1075 εύαγγελικῶν
1736 1007 1833 1060 καὶ

255 1100 634 1156 ἀποστολικῶν
690 1100 1066 1172 ἐνταλμάτων.
1099 1099 1242 1170 Ὄρη
1277 1097 1384 1169 γὰρ
1409 1095 1580 1151 ταῦτα
1597 1099 1625 1150 ό
1646 1096 1830 1166 ψαλμ-

253 1193 390 1263 ῳδδς
417 1192 696 1262 ὀνομάζει,
709 1192 790 1246 ὅτι
818 1192 876 1246 ἐν
889 1187 1489 1260 αὐτοίςὲμμελετῶντες
1511 1186 1604 1240 καὶ
1618 1185 1830 1240 ὁδεύον-

253 1301 368 1346 τες,
421 1283 558 1351 πρὸς
611 1283 682 1336 τὰ
736 1281 961 1352 οὐράνια
1024 1279 1398 1348 ἐπιϐαίνομεν.
1463 1275 1668 1330 Δίὼνια
1729 1275 1824 1340 δὲ,

255 1375 341 1426 ὅτι
370 1373 432 1441 ού
460 1372 773 1442 πρόσφατα,
815 1371 936 1424 ούδέ
1001 1370 1332 1441 πρόσκαιρα,
1389 1367 1526 1422 ἀλλά
1562 1367 1668 1439 πρὸ
1727 1385 1828 1420 κα-

253 1463 489 1534 ταϐολῆς
515 1464 721 1535 κόσμου
751 1463 1099 1535 λελάληνται,
1135 1463 1184 1516 εί
1216 1464 1310 1515 καὶ
1335 1462 1424 1514 ἐπ’
1449 1461 1692 1530 ἐσχάτων
1720 1459 1828 1512 τῶν

256 1557 466 1628 χρόνων
503 1555 920 1627 ἐκπεφώνηνται
948 1555 1102 1626 παρὰ.
1118 1555 1226 1608 τῶν
1248 1554 1504 1626 κηρύκων
1542 1551 1637 1606 τοῦ
1660 1553 1827 1620 εύαγ-

255 1647 476 1717 γελικοῦ
525 1648 902 1718 κηρύγματος.
936 1647 1126 1717 Ἡμεῖς
1173 1641 1286 1710 οῦν,
1316 1645 1446 1716 ἄνερ
1495 1641 1824 1713 ἐπιθυμιῶν,

254 1741 366 1794 τῶν
422 1739 517 1794 τοῦ
571 1741 928 1810 Πνεύματος,
977 1739 1052 1802 ὡς
1093 1737 1171 1810 τῷ
1222 1736 1340 1808 Θεῷ
1385 1754 1444 1789 σε
1475 1737 1539 1790 ἐκ
1581 1735 1828 1805 νεότητος

1940 554 2118 608 sacris
2147 552 2447 622 Scripturis
2487 563 2539 607 et
2571 553 2812 622 paternis
2849 552 3115 607 doctrinis
3159 552 3506 616 incumbunt,

1939 652 1994 698 et
2021 641 2238 698 teetioni
2273 641 2466 696 horum
2507 641 2819 707 intendunt,
2853 649 2908 696 et
2939 651 3174 696 mentem
3201 658 3358 698 suam
3389 643 3506 712 pie-

1942 733 2037 788 tati
2071 743 2126 788 et
2168 732 2383 787 veritati
2419 732 2668 802 inﬁgunt,
2708 742 2764 786 et
2797 748 2906 788 non
2941 733 3010 787 ad
3047 734 3320 803 propriam
3368 733 3511 788 hanc

1941 829 2272 883 voluntatem
2327 827 2608 894 referunt,
2672 827 3051 884 illuminantur
3105 829 3434 884 mirabiliter
3481 847 3509 884 a

1939 920 2220 976 montibus
2251 921 2500 985 aeternis,
2529 920 2784 975 il!ustrati
2821 922 2888 976 ab
2915 922 3248 992 evangelieis
3290 933 3343 976 et
3375 937 3513 992 apo-
3584 931 3589 936 '

1939 1011 2146 1066 stolicis
2201 1011 2502 1082 praeceptis.
2567 1010 2778 1066 Montes
2840 1014 2986 1066 enim
3045 1014 3162 1068 haec
3219 1011 3512 1068 Psalmista
3591 1059 3595 1065 .

1911 1103 2190 1156 .nominat
2211 1103 2282 1166 ",
2321 1103 2584 1172 quoniam
2617 1103 2670 1156 in
2705 1103 2790 1158 his
2823 1104 3153 1161 meditantes
3175 1112 3228 1158 et
3264 1103 3514 1157 inambu-

1936 1191 2138 1256 lantes,
2163 1191 2231 1246 ad
2266 1192 2508 1246 coelestia
2545 1192 2970 1262 pertransimus.
3011 1184 3274 1246 Aiteruos
3303 1201 3509 1256 autem,

1935 1283 2066 1354 quia
2108 1297 2216 1338 non
2253 1285 2490 1338 recentia
2525 1299 2625 1340 nec
2674 1285 3022 1352 temporalia,
3059 1283 3155 1339 sed
3191 1284 3261 1339 ab
3300 1280 3514 1353 origine

1937 1376 2124 1430 mundi
2163 1376 2422 1446 praedicta
2483 1386 2616 1431 sunt
2660 1376 2780 1448 [Cn
2833 1385 2960 1431 ante
3005 1377 3194 1431 mundi
3239 1379 3514 1432 consulu-

1935 1469 2140 1524 tionem
2167 1469 2312 1523 dicta
2358 1465 2546 1541 sunt];
2594 1483 2910 1538 quanquam
2946 1468 3259 1523 novissimis
3300 1479 3513 1536 tempo-

1936 1561 2089 1618 ribus
2146 1560 2358 1630 prolata
2421 1560 2533 1616 sint
2579 1576 2607 1614 a
2663 1559 3118 1630 praedicatoribus
3183 1558 3514 1628 evangelica

1935 1645 2360 1719 praedicationis.
2401 1648 2510 1707 Nos
2563 1666 2735 1719 ergo.
2785 1651 2870 1706 vir
2912 1651 3319 1706 desideriorum
3349 1693 3364 1717 ,
3413 1668 3512 1706 eo-

1936 1752 2060 1794 rum
2087 1740 2337 1796 videlicet
2367 1755 2488 1811 qua:
2533 1752 2662 1797 sunt
2691 1741 2952 1812 Spiritus,
2997 1743 3111 1798 Deo
3163 1753 3216 1798 te
3257 1760 3286 1797 a
3311 1743 3507 1814 juven-

256 1833 620 1902 γινώσκοντες
681 1833 1059 1902 ἀνακείμενον,
1091 1829 1191 1900 τῆς
1228 1828 1458 1900 καρδίας
1483 1826 1638 1896 ἡμῶν
1671 1825 1829 1893 ὀλίγα

1939 1838 2046 1885 tute
2092 1839 2486 1902 cognoscentes
2530 1832 2800 1898 deditum,
2843 1846 3051 1902 paucos
3100 1835 3286 1889 cordis
3338 1834 3510 1888 nostri

256 1925 380 1979 τινὰ
409 1925 687 1995 κινήματά
703 1942 762 1978 τε
797 1924 892 1977 καὶ
929 1920 1276 1994 βουλεύματα
1306 1919 1442 1990 πρός
1473 1917 1712 1988 ψυχικὴν
1736 1916 1827 1968 εὐ-

257 2015 460 2084 θυμίαν
516 2015 902 2088 ἀνατιθέμεθα.
957 2013 1038 2067 Τὰ
1084 2014 1192 2084 γὰρ
1248 2011 1469 2066 πλείονα
1517 2011 1694 2078 σιωπῇ
1743 2025 1829 2060 τι-

204 2123 212 2129 ·
260 2105 476 2178 μάσθω.

329 2197 554 2261 Πάντως
600 2194 836 2268 ἐνηχήθη
894 2197 1024 2266 ὑμῖν
1094 2194 1222 2266 περὶ
1277 2193 1374 2263 τῆς
1434 2189 1659 2245 συνόδου
1730 2189 1831 2260 τῆς

257 2289 558 2359 γενομένης
605 2287 825 2358 εύδοκίᾳ
879 2287 1016 2342 Θεοῦ
1053 2287 1110 2341 ἐν
1133 2287 1200 2358 τῇ
1229 2285 1485 2342 Νικαέων
1518 2284 1670 2337 πόλει
1702 2298 1716 2314 ·
1749 2283 1832 2346 είς

259 2380 325 2450 ἦν
356 2380 572 2434 σύνοδον
593 2383 756 2452 ἡμεῖς
780 2397 840 2434 τε
873 2381 963 2433 καὶ
1027 2377 1348 2449 ίερομύσται
1372 2376 1566 2446 ἄνδρες
1596 2391 1831 2444 τοποτη-

259 2474 423 2544 ρηταὶ
441 2471 536 2527 τοῦ
563 2489 622 2526 τε
645 2473 802 2528 πάπα
821 2474 918 2542 τῆς
949 2471 1326 2543 πρεσϐυτέρας
1342 2469 1581 2541 Ῥώμης,
1606 2467 1830 2523 καὶτῶν

258 2564 358 2632 τῆς
389 2565 652 2634 ἀνατολῆς
675 2563 998 2633 ἁγιωτάτων
1022 2563 1328 2636 ἀρχιερέων
1345 2560 1704 2633 συνήλθομεν,
1734 2558 1826 2612 καὶ

261 2653 529 2724 θεοφιλεῖς
569 2657 858 2710 ἐπίσκοποι
897 2656 1144 2710 πλεῖστοι
1203 2654 1346 2711 κατά
1395 2651 1690 2724 πρόσταξιν
1719 2651 1828 2702 τῶν

257 2745 499 2800 εὐσεϐῶν
523 2747 788 2818 βασιλέων
815 2747 993 2820 ἡμῶν.
1035 2746 1310 2809 Ὡσαύτως
1338 2746 1431 2799 καὶ
1459 2740 1702 2805 εὐλααῖς
1732 2737 1829 2811 ἅρ-

257 2835 604 2906 χιμανδρῖται
653 2837 748 2892 καὶ
791 2835 1111 2907 ἡγούμενοι,
1151 2836 1247 2889 καὶ
1288 2834 1496 2906 πληθὺς
1553 2832 1822 2902 μοναχῶν.

258 2929 368 2982 Καὶ
401 2913 500 2997 ἤδη
537 2929 748 2982 πολλῶν
791 2929 992 3000 μεταξὺ
1025 2928 1184 2999 ἡμῶν
1215 2924 1578 2998 λαληθέντων,
1604 2923 1666 2977 τὸ
1693 2923 1826 2984 ἁλη-

259 3015 349 3081 θές
371 3019 467 3072 καὶ
484 3018 710 3088 ἀρεστὸν
731 3018 810 3089 τῷ
822 3019 941 3090 Θεῷ
965 3018 1178 3090 ἐκρίθη.
1199 3019 1308 3072 Καὶ
1327 3017 1471 3074 κατά
1481 3017 1578 3086 τὴν
1597 3015 1828 3088 ἀρχαίαν

1933 1927 2116 1974 motus
2143 1927 2198 1974 et
2227 1921 2537 1976 voluntates
2563 1921 2629 1976 ad
2664 1921 2833 1976 animi
2864 1922 3203 1978 alacritatem
3229 1937 3508 1978 commen-

1931 2011 2129 2066 damus
2157 2028 2170 2065 :
2202 2011 2359 2082 plura
2393 2011 2596 2083 quippe
2637 2012 2858 2072 silentio
2887 2013 3250 2069 honorentur.

2005 2193 2208 2266 Utique
2243 2195 2490 2252 auditum
2520 2206 2604 2252 est
2639 2213 2670 2251 a
2705 2197 2860 2254 vobis
2880 2197 2956 2253 de
2975 2198 3185 2270 synodo
3213 2211 3337 2268 quae
3365 2196 3508 2253 facta

1931 2294 2016 2338 est
2039 2285 2385 2355 beneplaclto
2427 2284 2520 2340 Dei
2558 2287 2613 2340 in
2645 2285 3008 2343 Nicaeensium
3035 2288 3166 2345 urbe
3197 2305 3211 2342 :
3242 2287 3309 2342 ad
3341 2302 3506 2357 quam

1932 2377 2190 2432 videlicet
2231 2378 2502 2451 synodum
2549 2396 2650 2436 nos
2696 2388 2751 2436 et
2790 2382 2988 2436 sacrati
3021 2381 3122 2436 viri
3165 2390 3221 2436 et
3252 2382 3355 2437 lnei
3390 2395 3509 2436 ser-

1931 2461 2152 2521 vatdres
2188 2475 2296 2522 tam
2344 2483 2497 2539 papae
2537 2469 2772 2524 senioris
2806 2469 3216 2540 Roum,quam
3265 2470 3508 2526 Orientis

1931 2557 2414 2614 sanctissimorum
2473 2561 2784 2630 principum
2835 2561 3182 2616 sacerdotum
3246 2562 3508 2616 conveni-

1932 2665 2090 2715 mus;
2141 2665 2241 2706 nec
2292 2668 2402 2706 non
2445 2663 2499 2706 et
2528 2652 2644 2706 Deo
2685 2653 2950 2708 amabiles
2999 2655 3240 2724 episc0pi
3284 2656 3505 2725 plurimi

1929 2743 2237 2802 secundum
2277 2745 2696 2814 praeceptionem
2725 2745 2942 2816 piorum
2981 2745 3374 2816 imperatorum
3410 2766 3510 2804 no-

1931 2841 2194 2889 strorum.
2237 2833 2512 2891 Similiter
2560 2846 2613 2892 et
2645 2837 2929 2912 revercndi
2964 2837 3410 2895 archimandrita:
3454 2855 3508 2896 et

1934 2922 2264 2994 hegumeni,
2329 2934 2382 2980 et
2435 2925 2728 2981 multitudo
2784 2926 3209 2983 monachorum.
3258 2929 3510 2999 Cumque

1931 3013 2104 3069 multa
2146 3013 2288 3068 inter
2335 3028 2435 3068 nos
2465 3014 2802 3078 dicerentur,
2837 3015 2984 3084 quod
3021 3031 3210 3069 verum
3251 3025 3306 3071 et
3335 3007 3531 3088 placi:

261 3109 620 3180 θεσμοθεσίαν
647 3109 757 3164 τῶν
781 3111 954 3178 άγὶων
983 3110 1242 3182 Πατέρων
1268 3110 1427 3180 ἡμῶν
1455 3111 1487 3179 ἡ
1529 3108 1827 3176 Ἐκκλησία

1939 3114 2049 3158 tum
2083 3113 2167 3160 est
2193 3104 2326 3170 Deo,
2365 3105 2632 3160 sancitum
2673 3113 2792 3171 est;
2828 3113 2882 3160 et
2921 3107 3224 3161 secundum
3268 3108 3505 3178 priscam

257 3202 501 3255 ἀπέλαϐε
521 3204 618 3274 τὴν
649 3202 759 3256 τῶν
784 3203 1006 3257 εἰκόνων
1035 3200 1502 3272 ἀναζωγράφησίν
1518 3216 1576 3254 τε
1593 3201 1685 3252 καὶ
1705 3215 1834 3265 cer.-

260 3294 588 3364 λογραφίαν,
621 3293 758 3364 πρὸς
787 3293 1079 3364 ἀναγωγὴν
1121 3295 1218 3348 καὶ
1251 3292 1561 3360 ὑπόμνησιν
1583 3288 1678 3342 τοῦ
1713 3287 1837 3340 καθ’

261 3387 410 3458 ἡμᾶς
436 3385 574 3450 νοὸς,
607 3385 700 3439 καὶ
727 3387 956 3456 μετοχήν
991 3398 1134 3447 τινος
1156 3380 1452 3452 ἀγιασμοῦ.
1472 3380 1539 3434 Εἴ
1561 3399 1614 3434 τι
1641 3381 1748 3452 γὰρ
1779 3379 1838 3432 τὸ

263 3479 423 3548 ἅγιον
463 3477 795 3546 Εὐαγγέλιον
860 3476 950 3530 διά
983 3479 1082 3546 τῆς
1115 3475 1476 3544 ἀναγνώσεως
1520 3473 1839 3542 ἐνσημαίνει

261 3573 418 3643 ἡμίν,
453 3571 513 3624 τὸ
541 3571 676 3624 αὐτὸ
727 3570 818 3624 καὶ
848 3569 904 3621 αί
935 3567 1142 3629 είκόνες
1168 3583 1181 3597 ·
1208 3566 1302 3619 καὶ
1334 3567 1388 3618 εί
1407 3583 1458 3618 τι
1483 3565 1540 3617 al
1575 3579 1842 3634 μαρτυρι-

263 3664 363 3718 καὶ
391 3663 562 3734 βίϐλοι
589 3661 903 3733 διηγοῦνται
930 3677 996 3714 πε
1005 3657 1059 3730 pl
1073 3658 1179 3713 τῶν
1201 3658 1543 3728 παθημάτων
1559 3655 1667 3709 τῶν
1702 3673 1774 3726 μα
1786 3674 1840 3727 ρ-

263 3738 466 3828 τύρων,
502 3755 704 3826 ὁμοίως
734 3755 830 3808 καὶ
857 3754 914 3807 αί
939 3751 1148 3814 εἰκόνες
1181 3767 1196 3782 ·
1225 3751 1322 3804 καὶ
1345 3749 1555 3812 ταύτας
1597 3747 1842 3813 ἀσπαζό-

269 3838 410 3920 μεθα
439 3848 516 3910 ὡς
547 3843 931 3914 ἐκτυπὼματα
985 3842 1093 3896 τῶν
1138 3839 1513 3912 πρωτοτόκων
1566 3839 1714 3900 ὄντα,
1749 3839 1843 3892 καὶ

263 3942 418 3997 οὐδὲν
444 3941 652 4010 ἕτερον·
681 3935 949 4007 πρόδηλον
984 3932 1336 3995 πιστεύοντες
1371 3931 1452 3994 είς
1480 3929 1577 3984 ἕνα
1613 3929 1746 3982 Θεὸν
1783 3931 1843 3982 ἐν

263 4029 902 4104 Τριάδιάνυμνούμενον,
948 4026 1044 4080 καὶ
1079 4024 1229 4093 αύτῷ
1275 4023 1423 4094 μόνῳ
1461 4021 1840 4093 λατρεύοντες.

277 4123 682 4194 Ἐξαιτούμεθα
699 4121 756 4176 δέ
774 4120 982 4183 καὶτὰς
1001 4115 1299 4190 πρεσϐείας
1316 4116 1414 4186 τῆς
1439 4114 1714 4186 ἀχράντου
1750 4114 1844 4167 As-

263 4212 660 4284 σποίνηςὴμῶν
676 4213 773 4280 τῆς
797 4210 956 4279 ἀγίας
979 4208 1268 4272 Θεοτόκου,
1302 4207 1470 4274 ἁγίων
1494 4223 1552 4258 τε
1570 4204 1840 4274 ἀγγέλων,

263 4308 361 4361 καὶ
383 4307 600 4358 πάντων
615 4303 724 4356 τῶν
743 4302 912 4370 ἁγίων
929 4299 1198 4354 καὶόσίων
1217 4299 1480 4368 Πατέρων
1499 4296 1674 4367 ἡμῶν.
1705 4294 1844 4348 Τού-

261 4411 375 4450 των
399 4394 570 4457 οὕτως
587 4392 780 4455 ὄντων,
812 4389 1142 4447 ἐνεκάλεσαν
1159 4390 1223 4458 τῇ
1248 4387 1454 4458 συνόδῳ
1469 4388 1528 4440 τὸ
1561 4387 1723 4440 πλέον
1749 4387 1843 4456 μὲ-

1940 3195 2340 3266 legislationem
2373 3205 2690 3253 Sanctorum
2715 3197 2938 3251 Patrum
2979 3208 3294 3257 nostrorum
3333 3200 3513 3255 Eccle.

1939 3285 2021 3341 sia
2085 3285 2293 3356 recepit
2352 3285 2650 3352 imaginum
2710 3287 2980 3356 picturam
3047 3299 3100 3344 et
3157 3291 3387 3358 titulos,
3444 3294 3510 3348 ad

1940 3366 2280 3444 superiorem
2312 3391 2534 3430 sensum
2571 3373 2956 3447 [elevationem
3001 3377 3194 3454 animi]
3221 3391 3274 3437 et
3304 3398 3514 3438 memo-

1943 3466 2078 3520 riam
2113 3469 2314 3521 mentis
2357 3478 2582 3528 nosme.
2622 3484 2686 3524 ac
2719 3471 3188 3540 participationem
3225 3473 3514 3544 cujusdam

1941 3557 2412 3614 sanctificationis.
2459 3561 2734 3630 QuithuiJ
2783 3563 2927 3616 enim
2972 3573 3222 3618 sanctum
3269 3568 3516 3636 Lvauge‘

1941 3645 2074 3700 lium
2127 3663 2228 3716 per
2275 3648 2564 3704 lectionem
2611 3650 2857 3706 insinuat
2889 3655 3066 3719 nobis,
3127 3655 3180 3710 id
3231 3658 3408 3726 ipsum
3463 3670 3516 3715 et

1945 3733 2210 3803 imagines
2243 3751 2257 3788 :
2287 3747 2340 3791 et
2365 3738 2628 3808 quidquid
2664 3749 2943 3809 gestorum
2981 3744 3106 3798 libri
3140 3746 3207 3800 de
3245 3750 3518 3816 passioni-

1944 3828 2047 3882 bus
2093 3835 2394 3900 martyrum
2440 3840 2682 3895 narrant,
2734 3833 2987 3888 similiter
3033 3847 3084 3889 et
3122 3837 3388 3908 imagines
3419 3857 3436 3896 :
3465 3854 3518 3897 et

1907 3921 2063 3974 has
2085 3920 2392 3976 salutamus
2442 3933 2703 3992 tauquam
2752 3923 2958 3980 fortnas
2990 3928 3419 3998 primitivorum,
3465 3946 3517 3988 et

1946 4012 2082 4066 nihil
2123 4011 2273 4067 aliud
2309 4031 2324 4068 :
2360 4013 2610 4084 profecto
2643 4014 2698 4068 in
2736 4032 2902 4071 unum
2947 4016 3114 4074 Deum
3164 4020 3217 4076 in
3247 4021 3519 4082 Trinitate

1946 4101 2278 4158 laudandum
2307 4104 2609 4170 credentes,
2635 4114 2690 4160 et
2720 4107 2824 4175 ipsi
2856 4108 2957 4162 soli
2984 4111 3306 4168 servientes.
3345 4117 3520 4187 Expe-

1947 4196 2111 4251 limus
2171 4195 2332 4252 etiam
2390 4197 2817 4254 intercessiones
2873 4199 3212 4257 intemerata!
3275 4205 3520 4264 Domina

1947 4297 2148 4344 nostrre
2180 4301 2384 4344 sancta!
2414 4287 2507 4342 Dei
2539 4288 2856 4354 Genitricis,
2887 4307 3317 4366 sanctorumque
3353 4314 3519 4369 ange-

1946 4380 2161 4442 lorum,
2201 4387 2256 4434 et
2283 4380 2528 4434 omnium
2563 4394 2876 4438 sanctorum
2921 4384 3142 4442 Patrum
3175 4400 3514 4446 nostrorum.

267 4504 361 4558 ρος
393 4485 506 4538 τῶν
528 4483 776 4538 εύλαϐῶν
801 4479 1072 4552 μοναχῶν.
1107 4476 1214 4532 Καὶ
1255 4478 1416 4548 ἡμεῖς
1449 4478 1506 4532 δὲ
1541 4476 1835 4547 προεγινὼε

1948 4469 2042 4524 llis
2097 4471 2171 4524 ita
2211 4486 2270 4525 se
2328 4469 2689 4536 habentibus,
2747 4486 2940 4544 questa
2989 4487 3074 4533 est
3121 4481 3332 4552 synodo
3388 4499 3518 4552 pars

265 4593 472 4646 σκομεν
504 4574 602 4646 τὴν
646 4572 909 4642 ἓγκλησιν
945 4573 1152 4638 ταύτην
1177 4584 1192 4598 °
1222 4569 1305 4624 ὅτι
1334 4569 1384 4621 oi
1417 4566 1664 4630 πλείονες
1731 4565 1840 4618 τᾶν

263 4669 584 4724 ἐπισκόπων
631 4668 914 4738 χρήμασιν
975 4663 1259 4734 ὠνήσαντο
1315 4661 1414 4729 τὴν
1470 4646 1790 4730 ῖερωσύνην
1825 4673 1838 4688 ο

263 4767 365 4822 καὶ
381 4763 483 4818 κᾶν
499 4763 532 4816 ἀ
540 4777 614 4832 μα
623 4759 843 4830 ρτίαιςή
854 4756 1111 4827 μετέραις
1129 4771 1195 4808 πε
1203 4751 1436 4826 ριπειρώ
1445 4751 1605 4824 μεθα,
1628 4751 1721 4805 καὶ
1735 4767 1789 4803 σε
1801 4768 1843 4802 ι-

267 4857 392 4925 ραῖς
435 4855 642 4905 τούτων
695 4845 1126 4916 συσφιγγώμεθα
1154 4885 1170 4910 ,
1222 4844 1308 4914 ἐφ’
1357 4840 1444 4908 αἷς
1495 4841 1658 4904 ἵλεως
1709 4841 1842 4912 ἡμῖν

265 4947 480 5016 γένοιτο
531 4941 734 5015 Κύριος
761 4956 776 4972 ·
807 4938 924 4992 ἀλλ’
961 4933 1055 4992 οῦν
1086 4937 1194 4992 τῶν
1249 4935 1623 5005 εύαγγελικῶν
1651 4933 1840 4986 ἐνταλ-

268 5039 460 5108 μάτων
489 5036 586 5088 καὶ
615 5028 920 5087 κανονικῶν
944 5027 1248 5093 διατάξεων
1268 5027 1366 5093 τὴν
1388 5027 1591 5096 γνῶσιν
1617 5024 1844 5097 είλήφα-

269 5146 396 5201 μεν,
442 5127 541 5180 καὶ
571 5125 631 5178 ἐν
661 5121 892 5194 καθαρῷ
943 5119 1230 5185 συνειδότι,
1290 5119 1386 5172 καὶ
1441 5118 1586 5190 ἁπλῇ
1621 5119 1840 5192 καρδίᾳ,

267 5220 366 5276 καὶ
391 5216 753 5289 ἀφιλαργύρῳ
776 5215 984 5286 τρόπῳ,
1012 5212 1106 5267 καὶ
1122 5213 1179 5264 ἐν
1210 5210 1513 5282 συνειδήσει
1534 5205 1730 5264 ἀνεπτε
1741 5229 1844 5283 ρωο

272 5313 412 5384 μένῃ
464 5309 603 5381 πρὸς
625 5307 731 5361 τὸν
773 5305 928 5371 Θεὸν,
954 5307 1022 5376 τῇ
1044 5305 1304 5374 κανονικῇ
1361 5301 1453 5356 καὶ
1513 5303 1840 5373 εύαγγελικῇ

267 5391 510 5468 διατάξεᾶ
542 5399 683 5455 κατά
709 5399 888 5452 πάντα
903 5397 1130 5452 ἕπεσθαι
1157 5393 1452 5465 εὐχόμεθα’
1487 5395 1580 5447 καὶ
1595 5393 1844 5460 καθήκαο

271 5511 374 5567 μεν
400 5492 629 5554 ἑαυτοὺς
651 5489 744 5544 καὶ
779 5485 1150 5556 ύπεκλίναμεν
1184 5481 1505 5548 δουλοῦσθαι
1529 5486 1640 5544 τοῖς
1679 5484 1843 5549 εὐαγ-

267 5586 508 5657 γελικοίς
536 5583 628 5637 καὶ
645 5579 1020 5642 ἀποστολικοῖς
1043 5577 1330 5648 πατρικοῖς
1359 5573 1840 5647 παραγγέλμασιν

341 5699 555 5766 ⁸³Ρξξλ1.
599 5713 761 5764 Lxxv,
798 5697 850 5751 5.

1945 4561 2122 4631 major
2165 4564 2591 4618 reverendorurn
2629 4568 3024 4624 monachorum
3059 4569 3514 4647 [episcoporum].

1943 4652 2046 4707 Sed
2106 4661 2159 4708 et
2211 4671 2309 4710 nos
2367 4657 2746 4724 praescivimus
2799 4662 3082 4730 querelam
3134 4665 3333 4731 istam,
3390 4669 3518 4737 quia

1943 4747 2127 4816 plures
2157 4747 2540 4817 episcoporum
2580 4752 2832 4819 pecuniis
2863 4753 3225 4812 obtinuerunt
3262 4761 3520 4817 sacerdo-

1945 4841 2078 4895 tium
2113 4861 2125 4894 :
2157 4851 2209 4894 et
2243 4841 2372 4896 licet
2415 4843 2653 4910 peccatis
2699 4845 2905 4900 nostris
2939 4846 3282 4903 obczeremur
3315 4848 3522 4922 [impli-

1945 4929 2188 5004 centur],
2250 4941 2304 4986 et
2361 4932 2556 4986 horum
2625 4934 2870 4990 restibus
2920 4939 3398 5011 constringamur,
3463 4944 3515 4998 in

1944 5027 2146 5095 quibus
2177 5025 2444 5096 prapitius
2479 5025 2637 5081 nobis
2674 5027 2748 5082 sit
2787 5027 2928 5084 Deus
2961 5048 2974 5084 :
3011 5039 3250 5088 attamen
3279 5050 3516 5106 evange-

1945 5117 2175 5172 licorum
2225 5119 2606 5172 mandatorum
2645 5131 2716 5184 ct,
2746 5122 3138 5178 canonicarum
3191 5129 3516 5196 prwception

1944 5223 2072 5262 num
2109 5210 2470 5278 COgnitiouem
2505 5213 2866 5282 percepimus,
2921 5224 2976 5270 et
3025 5218 3080 5271 in
3133 5217 3332 5272 munda
3381 5234 3516 5272 eou-

1945 5301 2196 5366 scienlia,
2225 5311 2277 5354 et
2321 5303 2556 5372 simplici
2587 5306 2772 5371 cur-de,
2805 5317 2858 5362 et
2891 5309 2943 5361 in
2981 5323 3136 5364 more
3174 5311 3293 5363 sine
3336 5311 3516 5364 avari-

1947 5395 2040 5456 tia,
2071 5400 2126 5445 et
2153 5393 2584 5460 impertiit-habili
2628 5397 2694 5450 ad
2731 5397 2896 5451 Deum
2933 5399 3140 5461 habito,
3188 5401 3511 5458 canonicum

1945 5483 2062 5556 [σν.
2113 5483 2446 5539 conscientia
2495 5487 2749 5542 alacriter
2801 5491 3048 5559 erigente
3099 5505 3159 5546 se
3207 5491 3273 5545 ad
3319 5491 3511 5556 Deum,

1945 5571 2094 5643 can.]
2136 5588 2232 5642 per
2286 5575 2468 5630 omnia
2529 5577 2682 5646 seqdi
2723 5583 2997 5646 ‘optamus
3047 5589 3380 5648 praeceptum
3415 5594 3430 5635 :
3463 5586 3517 5638 et
