3904 6208
385 209 556 282 *1455

1517 219 1578 279 s.
1611 199 1919 278 TARASII
1947 218 2449 298 PATRIARCHzE
2491 220 2598 280 CP.

3559 217 3705 283 ιιεε

389 328 944 400 ‘comprehendimus
972 327 1385 402 [submisimus]
1429 329 1821 400 nosmetipsos,
1852 328 2004 384 incli-

2115 329 2510 401 ἀγωνιζόμενοι
2529 330 2764 394 καὶτοὺς
2785 330 2882 403 τὴν
2904 331 3206 402 ἱερωσύνην
3230 331 3710 402 κληρωσαμένους

419 422 673 476 navimus
709 420 776 475 ad
811 420 1162 476 serviendum
1210 418 1548 490 evangelicis
1579 427 1744 490 atque
1783 428 2009 489 aposto-

419 513 540 568 licis
570 522 625 566 et
653 511 898 582 paternis
936 505 1398 582 dispositionibus
1433 529 1446 567 :
1481 511 1826 567 decertantes
1861 519 1920 565 ut
1951 510 2008 566 hi

415 603 509 672 qui
545 603 920 660 sacerdotium
967 602 1148 658 sortiti
1197 611 1346 667 sunt,
1377 601 1458 656 sic
1488 602 1691 672 degant
1727 609 1782 656 et
1820 599 2009 655 vivant

416 703 472 748 et
508 703 929 762 conversentur,
969 695 1062 750 sed
1096 704 1149 750 et
1189 710 1386 750 omnes
1417 694 1511 765 qui
1543 693 1752 749 Christi
1787 693 2008 748 nomine

417 787 759 842 vocitantur.
795 788 862 842 At
892 788 938 843 si
973 787 1202 858 quidam
1244 801 1353 842 non
1383 785 1765 856 acquieverint
1806 797 2007 854 praece-

419 879 531 948 ptis
569 877 716 940 istis,
753 877 1194 933 eommunicator
1230 877 1422 932 talium
1456 875 1551 946 qui
1581 875 1847 931 dicuntur
1881 873 2008 944 qui-

419 969 566 1036 dem,
598 987 704 1025 non
754 980 934 1025 autem
968 979 1097 1024 sunt
1129 969 1470 1032 sacerdotes,
1503 981 1627 1022 esse
1666 981 1774 1020 non
1803 966 2004 1036 patior,

421 1061 515 1113 sed
581 1060 797 1115 alienus
853 1059 922 1112 ab
985 1058 1183 1112 horum
1251 1071 1374 1112 sum
1441 1055 1826 1125 portione:et
1871 1049 2005 1104 mihi

411 1151 643 1222 quidem
697 1150 987 1222 protestari
1027 1149 1142 1204 haec
1196 1163 1307 1204 non
1354 1147 1594 1218 pigr‘um,
1645 1144 1782 1216 ipsis
1821 1151 2006 1197 autem

421 1254 624 1298 tutum.
651 1242 832 1298 Divini
861 1259 992 1313 ergo
1018 1256 1260 1298 canones
1291 1242 1510 1295 dantem
1536 1238 1617 1293 vel
1646 1236 2006 1306 accipientem

422 1337 476 1388 in
509 1337 865 1392 ordinatione
889 1333 1212 1398 sacerdotii,
1243 1331 1546 1402 deponunt,
1587 1341 1641 1384 et
1669 1342 2010 1400 persequun-

422 1437 511 1481 tur
553 1423 889 1499 [expellunt]
936 1440 966 1478 a
1016 1424 1345 1480 sacerdotali
1390 1422 1677 1494 dignitate.
1726 1418 2010 1490 inspector

421 1517 516 1572 Dei
541 1517 782 1588 Moyses,
825 1527 884 1571 ut
930 1515 1070 1582 dixi,
1106 1516 1348 1570 clamat:
1389 1531 1409 1565 ι
1443 1513 1500 1568 In
1545 1512 1676 1578 illis,
1725 1511 2004 1580 inquiens,

419 1624 529 1664 non
579 1618 665 1664 est
715 1607 1051 1673 addendum,
1107 1616 1162 1662 et
1213 1607 1284 1662 ab
1326 1607 1404 1662 eis
1451 1620 1558 1660 non
1605 1611 1691 1658 cst
1751 1600 2009 1657 auferen-

2111 418 2284 483 οὕτως
2303 422 2744 492 ἀναστρέφεσθαι
2763 421 2855 475 καὶ
2872 421 3022 492 βιοῦν
3041 423 3137 476 καὶ
3155 420 3710 486 πολιτεύεσθαι,ἀλλά

2111 511 2208 566 καὶ
2231 513 2442 577 πάντας
2465 514 2592 576 τοὺς
2607 512 2946 584 τῷΧριστοῦ
2965 513 3190 583 ὀνόματι
3219 510 3622 583 κεκλημένους.
3643 512 3710 565 El

2108 599 2166 658 δέ
2196 621 2345 668 τινες
2375 605 2666 659 ἀπειθοῦσι
2689 607 2804 667 τοῖς
2835 604 3140 675 ἑντάλμασι
3170 603 3411 667 τούτοις,
3443 603 3712 668 κοινωνὸς

2087 695 2219 749 -τῶν
2247 694 2508 750 τοιούτων
2529 695 2842 765 λεγομένων
2867 695 3080 767 ἱερέων,
3128 695 3229 748 οὐκ
3257 695 3429 749 όντων
3450 694 3534 760 δὲ,
3563 689 3710 748 εἶναι

2109 788 2210 840 οὐκ
2263 788 2562 858 ἀνέχομαι·
2617 787 2753 842 ἀλλά
2813 786 3096 859 ἀλλότριος
3159 787 3260 858 τῆς
3314 787 3532 840 τούτων
3585 788 3712 856 είμὶ

2113 876 2352 946 μερίδος.
2396 879 2508 932 Καὶ
2543 876 2672 949 ἐμοὶ
2691 876 3174 949 διαμαρτύρασθαι
3199 875 3377 931 ταῦτα
3398 877 3505 930 οὐκ
3533 877 3710 946 ὀκνη-

2114 968 2226 1040 ρδν,
2295 969 2478 1033 αὐτοῖς
2506 969 2564 1022 δὲ
2595 967 2868 1038 ἀσφαλές.
2903 969 2969 1022 Οί
2994 964 3092 1024 οὖν
3135 969 3270 1022 θεῖοι
3323 970 3555 1033 κανόνες
3611 969 3712 1022 τδν

2108 1059 2270 1115 δόντα
2300 1062 2333 1130 ἢ
2360 1059 2592 1114 λαθόντα
2649 1060 2744 1114 ἐπὶ
2809 1061 3116 1134 χειροτονίᾳ
3168 1060 3475 1132 ἱερωσύνης
3513 1061 3713 1115 καθαιο

2111 1150 2267 1223 ροῦσι
2294 1150 2389 1204 καὶ
2428 1149 2796 1204 ἀποδιώκουσι
2840 1152 2939 1221 τῆς
2967 1150 3257 1222 ἱερατικῆς
3285 1150 3602 1222 ἁγιότητος.
3651 1149 3711 1204 ὐ

2111 1241 2350 1312 θεόπτης
2404 1241 2682 1312 Μωῢσῆς,
2738 1241 2814 1306 ὡς
2862 1240 3036 1312 ἔφθην
3088 1239 3283 1307 εἰπὼν,
3337 1241 3474 1310 βοᾷο
3520 1261 3540 1294 ι
3585 1242 3711 1295 Ἐπ’

2112 1332 2418 1395 αὐτοῖςόὒκ
2442 1330 2561 1384 ἐστι
2589 1331 2940 1402 προσθεῖναι,
2969 1334 3067 1384 καὶ
3091 1331 3191 1385 ἀπ’
3209 1331 3395 1386 αὐτῶν
3423 1333 3531 1386 οὐκ
3556 1332 3710 1386 ἐστιν

2111 1422 2352 1493 ἀφελεῖν.
2383 1441 2402 1476 ι
2444 1423 2721 1487 Ὡσαύτως
2767 1424 2862 1476 καὶ
2887 1425 2916 1476 ὁ
2939 1423 3292 1494 ὑμνογράφος
3342 1425 3512 1477 Δασὶδ
3563 1425 3708 1494 ψάλ-

2110 1513 2213 1577 λει,
2247 1515 2344 1568 καὶ
2379 1515 2548 1585 ἡμεῖς
2575 1511 2852 1586 σὺνάύτῷ
2881 1533 2894 1545 ·
2925 1533 2945 1568 ι
2969 1515 3274 1588 Καταρχὰς
3303 1514 3478 1584 ἔγνων
3510 1518 3582 1570 ἐκ
3597 1514 3710 1570 τῶν

2114 1605 2438 1677 μαρτυρίων
2466 1623 2584 1670 σου,
2620 1607 2704 1661 ὅτι
2749 1607 2828 1670 είς
2867 1607 2958 1660 τὸν
2988 1606 3162 1662 αἰῶνα
3205 1605 3585 1678 ἐθεμελίωσας
3613 1608 3711 1660 αὒ-

421 1702 553 1754 dum
579 1699 648 1754 ⁸³.
683 1719 702 1752 ι
747 1697 1018 1753 Similiter
1053 1709 1109 1754 et
1149 1695 1602 1769 hymnographus
1646 1693 1815 1750 David
1846 1691 2004 1765 psal-

2109 1674 2241 1752 τά.»
2272 1674 2385 1750 Καὶ
2419 1695 2504 1760 τίς
2544 1694 2729 1761 ίκανδς
2762 1697 2901 1768 πρὸς
2943 1697 3115 1752 ταῦτα
3145 1674 3510 1768 ἀντιστῆναις
3547 1699 3598 1750 εί
3627 1699 3702 1769 μή

428 1794 512 1857 lit,
547 1801 602 1846 et
631 1807 730 1847 nos
755 1807 880 1846 cum
925 1790 1020 1846 illo
1053 1807 1068 1843 :
1105 1807 1124 1842 ι
1155 1790 1240 1844 Ab
1283 1789 1440 1844 initio
1483 1789 1714 1860 cognovi
1755 1788 1822 1842 de
1857 1787 2006 1842 testi-

422 1883 626 1939 moniis
664 1883 796 1946 tuis,
832 1882 961 1953 quia
1009 1883 1064 1938 in
1101 1891 1368 1938 aternum
1400 1880 1646 1936 fundasti
1692 1895 1756 1936 ea
1779 1878 1848 1933 “.
1885 1898 1902 1930 ι
1945 1879 2010 1933 Et

421 1975 549 2046 quis
579 1975 648 2029 ad
682 1975 797 2030 haec
825 1973 1121 2030 resistendi
1151 1973 1425 2028 idoneus?
1455 1973 1560 2027 nisi
1593 1971 1734 2026 forte
1768 1970 2008 2026 infatue-

423 2080 512 2122 tur
567 2083 766 2134 sensu,
826 2077 882 2123 et
941 2067 1146 2123 divinis
1198 2067 1328 2122 velit
1382 2065 1630 2120 illudere.
1684 2062 1806 2119 lam
1862 2065 2006 2120 enim

421 2159 653 2214 fumlala
697 2167 830 2215 sunt
876 2158 1198 2214 testimonia
1231 2155 1349 2224 Dei,
1396 2167 1450 2212 et
1483 2157 1724 2212 radicata
1777 2164 1909 2210 sunt
1953 2155 2006 2210 in

385 2241 668 2306 'l-Ieelesia
737 2251 860 2322 ejus
915 2269 928 2305 :
981 2249 1110 2304 licet
1164 2249 1386 2320 quidam
1457 2247 1830 2318 temporaliter
1899 2262 2008 2302 non

341 4521 352 4550 ξ
357 4521 382 4550 ίὶ

421 2343 764 2410 obedientcs,
821 2340 1052 2396 minime
1097 2341 1414 2396 custodiant
1473 2354 1558 2410 ea.
1621 2339 1718 2394 illa
1772 2331 1904 2412 ergo
1954 2339 2007 2392 in

421 2443 692 2490 aeternum
747 2441 1004 2498 manent;
1057 2440 1110 2486 et
1143 2431 1288 2486 beati
1321 2430 1416 2500 qui
1466 2439 1789 2486 scrutantur
1831 2443 1919 2494 ea,
1956 2438 2010 2484 et

426 2525 512 2580 his
540 2525 806 2580 obetliunt
831 2543 846 2580 :
876 2534 932 2580 et
961 2539 1039 2578 vze
1072 2523 1167 2594 qui
1201 2537 1307 2577 non
1334 2521 1624 2579 obediunt.

483 2643 694 2700 ‘Omnis
735 2657 867 2713 ergo
915 2641 1230 2712 episcopus.
1275 2639 1360 2695 vel
1395 2637 1716 2710 'presbyter,
1766 2645 1862 2692 aut
1893 2637 2013 2694 dia-

425 2750 601 2790 conus
630 2731 936 2796 convictus,
957 2730 1108 2802 quod
1133 2745 1232 2800 per
1256 2727 1520 2799 pecunias
1551 2743 1748 2784 manus
1778 2728 2010 2798 imposi-

428 2827 635 2880 tionem
671 2821 888 2877 dederit
921 2821 1006 2874 vel
1037 2819 1339 2890 acceperit,
1375 2835 1405 2874 a
1439 2818 1754 2875 sacerdotio
1780 2818 2008 2874 decidit.

426 2913 714 2971 Fortassis
757 2923 940 2969 autem
980 2912 1174 2966 dicunt
1217 2911 1414 2989 aliqui,
1460 2910 1590 2981 quia
1628 2911 2008 2980 paenitentiam

2110 1803 2214 1839 που
2251 1785 2498 1858 μωραίνῃ
2520 1787 2617 1856 τὴν
2641 1787 2906 1851 διάνοιαν,
2927 1787 3023 1840 καὶ
3045 1787 3263 1852 παίζειν
3290 1787 3452 1859 ἐθέλῃ
3467 1789 3541 1842 τά
3561 1789 3702 1856 θείας

2114 1879 2254 1949 Ἤδη
2299 1879 2407 1950 γὰρ
2461 1877 2890 1950 τεθεμελίωνται
2928 1879 2998 1932 τὰ
3044 1880 3324 1954 μαρτύρια
3383 1879 3486 1934 τοῦ
3541 1880 3700 1949 Θεοῦ,

2110 1970 2206 2024 καὶ
2258 1968 2608 2040 ἑρῤιζωμένα
2661 1970 2802 2022 είσὶν
2833 1970 2986 2041 ὲντῇ
3024 1968 3324 2043 Ἐκκλησία
3356 1971 3557 2038 αὐτοῦ,
3604 1975 3702 2026 κᾶν

2110 2061 2468 2134 προσκαίρως
2499 2061 2643 2126 τινὲς
2677 2060 3035 2126 ἀπειθοῦντες
3058 2061 3118 2115 οὐ
3153 2063 3515 2132 φυλάττωσιν
3545 2066 3695 2121 αύτά.

2123 2155 2341 2210 Ἐκεῖνα
2365 2147 2460 2208 οὗν
2482 2155 2563 2218 εἰς
2597 2153 2690 2208 τὸν
2729 2153 2899 2209 αἰῶνα
2941 2149 3185 2226 μένουσι,
3215 2157 3311 2210 καὶ
3358 2157 3624 2228 μακάριοι
3651 2161 3695 2211 οί

2111 2243 2510 2316 ἐξερευνῶντες
2535 2245 2696 2312 αὐτὰ,
2717 2245 2816 2298 xui.
2841 2245 3054 2310 τούτοις
3082 2244 3432 2318 πειθόμενοι·
3456 2250 3558 2302 καὶ
3586 2249 3696 2302 οὐαὶ

2110 2335 2420 2392 ἀπειθοῦσι.

2165 2648 2299 2710 οηᾶς
2359 2644 2454 2702 οὖν
2515 2651 2844 2719 ἐπίσκοπος,
2879 2652 2911 2724 ἦ
2949 2655 3413 2728 πρεσϐύτερος,ἧ
3458 2658 3690 2722 διάκονος

2111 2739 2388 2810 ἐλεγχθεὶς
2441 2742 2538 2796 ἐπὶ
2599 2745 2850 2816 χρήμασι
2891 2745 2994 2816 τὴν
3028 2750 3376 2820 χειροτονίαν
3419 2752 3452 2824 ἢ
3499 2754 3615 2815 δοὺς
3651 2755 3684 2824 ἦ

2123 2830 2309 2884 λαϐὼν
2343 2873 2358 2896 ,
2421 2833 2524 2904 τῆς
2579 2835 2880 2908 ἱερωσύνης
2937 2841 3214 2896 ἐκπίπτει.
3281 2839 3466 2905 Ἴσως⁶
3499 2847 3554 2900 δέ
3600 2865 3691 2898 τι-

2111 2939 2201 2986 νες
2235 2923 2513 2993 λέγουσιν,
2543 2926 2626 2980 ὅτι
2655 2929 3046 3002 διετανοοῦμεν
3074 2933 3217 3006 ὑπὲρ
3264 2936 3373 3007 τῆς
3399 2939 3693 3010 ἁμαρτιας,

429 3007 644 3076 agimus
675 3018 776 3076 pro
818 3009 1073 3074 peccato,
1122 3011 1176 3056 et
1213 3001 1356 3056 Deus
1384 3001 1621 3072 ignoscit
1650 3001 1806 3056 illud.
1840 3001 1920 3056 lta
1955 3007 2004 3056 et

2113 3013 2206 3065 καὶ
2239 3015 2268 3066 ό
2291 3013 2424 3084 Θεὸς
2481 3019 2758 3087 συγχωρεῖ
2805 3001 3001 3092 αὑτήν.
3058 3001 3198 3074 Ναὶ⁷
3221 3001 3334 3077 καὶ*
3372 3001 3486 3094 ιτὶι.

430 3111 534 3167 ego
562 3097 708 3161 dico,
737 3095 868 3166 quia
899 3103 952 3150 et
975 3108 1170 3150 omnes
1201 3101 1430 3173 agentes
1461 3092 1836 3162 pmnitentiam
1867 3091 2004 3148 Deus

2111 3103 2192 3156 ὅτι
2224 3106 2404 3158 πᾶσαν
2444 3107 2738 3176 μετάνοιαν
2759 3111 2788 3163 ὁ
2812 3091 2946 3175 Θεὸς
2988 3113 3378 3185 προσδέχεται,
3414 3091 3519 3170 καὶ
3572 3091 3699 3186 συγ.

430 3187 686 3260 suscipit,
715 3197 768 3243 et
799 3187 1046 3258 indulget
1082 3201 1179 3256 per
1211 3185 1595 3256 paenitentiam
1627 3193 1850 3254 peccata
1887 3199 2009 3252 quae

423 3278 538 3349 jam
574 3285 794 3350 patrata
847 3284 997 3334 sunt.
1046 3273 1184 3331 Novi
1224 3275 1374 3330 enim
1427 3283 1484 3330 et
1521 3272 1690 3328 David
1741 3273 2008 3329 adulterio

427 3372 754 3441 depressum
799 3377 855 3425 et
900 3368 1226 3433 homicidio,
1272 3367 1370 3424 sed
1407 3375 1530 3422 acta
1564 3367 1887 3437 pmuitentia
1921 3383 2008 3422 re-

429 3473 676 3535 ceptum.
722 3472 779 3517 et
825 3461 1016 3515 divino
1054 3445 1373 3514 testimonio
1405 3457 1769 3529 approbatum
1803 3476 1816 3511 :
1865 3477 1884 3511 ι
1919 3457 2009 3512 ln-

425 3553 551 3606 veni
589 3550 782 3618 David,
819 3549 1023 3621 inquit,
1066 3548 1242 3604 tilium
1272 3545 1446 3612 Jesse,
1479 3548 1657 3602 virum
1703 3547 2006 3604 secundum

427 3660 524 3698 ror
561 3659 770 3707 meum,
807 3643 902 3714 qui
937 3641 1104 3698 faciet
1127 3655 1322 3696 omnes
1349 3640 1660 3696 voluntates
1687 3656 1838 3696 meas
1859 3641 1938 3706 ⁸⁸;
1981 3659 2000 3690 ι

425 3746 478 3788 ιιι
515 3743 702 3790 sancta
738 3733 906 3788 David
937 3733 1254 3804 pr0phetice
1289 3731 1666 3787 testimonium
1701 3731 1956 3786 habentia
1989 3748 2003 3784 :

427 3828 777 3897 perspicuum
825 3841 956 3898 ergo
999 3833 1085 3881 est
1140 3841 1240 3896 per
1269 3826 1645 3896 paenitentiam
1675 3841 1799 3881 eum
1839 3825 2006 3880 fuisse

424 3927 737 3972 «υιϊι-οιιιιῐι
790 3914 911 3988 [σι’.
959 3931 1144 3988 persp.
1179 3917 1269 3971 ubi
1323 3917 1369 3971 is
1416 3917 1678 3986 pwniten.
1727 3927 2006 3973 correctus

423 4009 550 4082 est].
584 4003 690 4064 Sed
725 4009 923 4063 iterum
963 4007 1087 4063 novi
1119 4008 1342 4062 audisse
1381 4007 1532 4061 illum
1563 4022 1592 4062 ιι
1633 4006 1744 4062 Deo
1777 4026 1790 4062 :
1831 4025 1849 4060 ι
1884 4003 2003 4062 Νιιη

425 4114 482 4155 ιιι
527 4101 828 4157 aztliﬂcabis
879 4101 1013 4155 mihi
1060 4101 1324 4166 domum,
1367 4100 1495 4168 quia
1538 4099 1620 4153 vir
1667 4099 2001 4170 sanguinum

420 4209 481 4248 es
503 4193 570 4246 “.
616 4211 634 4244 ι
676 4191 812 4246 Novi
862 4190 1174 4246 Manassen:
1207 4205 1305 4260 per
1349 4187 1756 4244 confessionem
1801 4190 1870 4245 ab
1899 4192 2002 4244 im-

423 4286 628 4354 pietate
655 4284 970 4340 dimissunr.
1009 4283 1142 4338 Novi
1169 4291 1225 4337 et
1248 4283 1568 4338 meretrices
1595 4293 1649 4338 et
1674 4284 2000 4353 publicanos

343 4553 382 4624 ’Ϊ
419 4571 549 4617 ante
589 4561 861 4632 baptisma
898 4559 1262 4616 commiserit.
1291 4558 1431 4616 Novi
1474 4569 1529 4616 et
1563 4561 1864 4617 monachos
1893 4561 1996 4614 ali-

418 4664 584 4724 quot,
619 4667 744 4710 eum
783 4653 838 4709 in
873 4653 1081 4709 mundo
1110 4660 1298 4709 essent
1321 4689 1340 4714 ,
1373 4663 1377 4668 ·
1425 4653 1575 4708 omni
1611 4653 1834 4709 libidine
1863 4668 1996 4708 con-

417 4756 747 4816 spurcatos;
789 4761 912 4802 cum
941 4753 1124 4800 autem
1149 4744 1400 4801 solitarie
1431 4745 1698 4814 viverent,
1736 4754 1995 4816 tanquam

419 4839 571 4893 faces
606 4838 660 4892 in
697 4837 830 4893 orbe
863 4836 1274 4908 resplenduisse
1303 4856 1318 4894 :
1353 4838 1565 4892 nullum
1602 4849 1784 4894 tamen
1812 4853 1880 4892 ex
1913 4837 1996 4892 his

418 4935 474 4984 in
529 4930 872 4986 sacerdotem
929 4930 1335 4987 ordinatum".
1392 4929 1548 4996 Quod
1601 4931 1649 4986 si
1709 4939 1893 4985 autem
1942 4930 1995 4984 id

416 5026 588 5084 semel
619 5035 785 5094 atque
833 5024 1032 5077 iterum
1078 5023 1286 5078 factum
1329 5033 1434 5088 est,
1483 5037 1592 5076 non
1641 5031 1820 5076 tamen
1858 5036 1996 5076 con-

421 5120 604 5173 l'estim
641 5117 816 5187 legem
867 5116 922 5168 in
954 5114 1199 5170 Ecclesia
1241 5113 1569 5184 praescribit.
1618 5113 1838 5169 Scimus
1868 5130 1999 5170 san-

422 5219 564 5265 ctam
602 5206 852 5282 [almam]
901 5205 1130 5260 Mariam
1162 5203 1590 5278 [Egyptiacam]
1637 5206 1791 5278 prius
1821 5223 1998 5263 mere-

422 5299 615 5356 tricem
651 5300 844 5366 fuisse,
884 5306 1075 5370 postea
1104 5297 1307 5354 factam
1335 5299 1705 5356 continentem
1736 5298 1999 5372 [fornica-

423 5393 585 5459 riam,
625 5409 820 5449 rursus
861 5401 1044 5448 autem
1079 5390 1364 5463 pudicam]
1405 5410 1419 5446 :
1457 5407 1566 5448 non
1619 5403 1801 5450 tamen
1853 5393 1994 5450 inter

483 5531 532 5565 ⁵³
562 5530 722 5587 Deut.
747 5547 822 5594 Ir,
850 5533 919 5598 ες
947 5547 1042 5598 xu,
1066 5529 1156 5588 '52.
1233 5529 1281 5564 ”
1304 5528 1446 5586 Psal.
1469 5546 1741 5598 cxxxvm,
1769 5532 1892 5589 152.
1929 5533 1976 5566 "
2007 5533 2151 5590 Psal.
2179 5551 2371 5600 ωινιιι,
2394 5535 2487 5591 21.

2111 3199 2282 3282 χωρεῖ
2312 3199 2398 3253 διὰ
2435 3201 2730 3268 μετανοίας
2759 3203 2828 3255 τὰ
2857 3206 3237 3274 προγεγονότα
3291 3209 3696 3282 ἁμαρτήματα.

2107 3281 2238 3338 Οἶδα
2275 3287 2385 3356 γὰρ
2433 3289 2528 3342 καὶ
2571 3290 2742 3344 Δαὸὶδ
2798 3293 3019 3365 μοιχείᾳ
3068 3297 3411 3368 συσχεθέντα
3457 3304 3560 3354 καὶ
3605 3309 3700 3370 φο-

2107 3393 2203 3446 νῳ,
2236 3376 2375 3430 ἀλλά
2438 3381 2874 3451 μετανοήσαντα,
2926 3383 3190 3456 δεχθέντα
3249 3389 3345 3441 καὶ
3408 3408 3702 3463 μαρτυρη-

2108 3467 2308 3524 θέντα·
2351 3464 2564 3542 ιΕὗρον
2599 3473 2768 3528 Δαόὶδ
2814 3475 2908 3528 τὸν
2963 3477 3060 3532 τοῦ
3104 3478 3274 3535 ἰεσαὶ
3316 3481 3497 3554 ἀνδρα
3560 3489 3708 3540 κατά

2105 3561 2205 3630 τὴν
2254 3561 2482 3631 καρδίαν
2533 3581 2658 3634 μου,
2685 3565 2746 3629 ὃς
2796 3569 3019 3640 ποιήσει
3076 3571 3260 3626 πάντα
3297 3573 3368 3628 τά
3409 3575 3708 3646 θελήματα

2111 3667 2236 3722 μου·
2253 3672 2272 3704 ι
2305 3655 2400 3708 καὶ
2431 3655 2496 3708 τὰ
2515 3656 2638 3710 ὅσια
2663 3658 2830 3712 Δαόὶδ
2849 3663 3207 3733 προφητικῶς
3235 3669 3706 3739 μαρτυρούμενα,

2105 3742 2332 3816 εῠδηλον
2355 3747 2446 3801 διὰ
2477 3751 2767 3818 μετανοίας
2791 3753 2986 3807 τούτου
3025 3753 3498 3827 διορθωσαμένου.
3537 3762 3706 3815 Ἀλλὰ

2106 3835 2268 3890 πάλιν
2289 3831 2407 3891 οῖδα
2446 3837 2761 3896 ἀκούσαντα
2783 3843 2949 3898 αὑτὸν
2995 3848 3147 3916 παρά
3196 3848 3294 3902 τοῦ
3340 3851 3530 3919 Θεοῡ,·
3576 3857 3704 3908 «03

2107 3927 2174 3980 σὺ
2208 3927 2592 4000 οίκοδομήσεις
2625 3949 2718 4003 μοι
2764 3929 2938 4002 οἶκον,
2960 3936 3042 3990 ὅτι
3097 3938 3240 4011 ἀνὴρ
3279 3943 3542 4012 αἱμάτων
3581 3942 3702 4000 εἴ.»

2107 4015 2240 4076 Οἶδα
2285 4022 2590 4110 Μανασσῆν
2643 4025 2712 4078 δι’
2763 4026 3172 4102 ἑξαγορεύσεως
3243 4035 3533 4104 ἀφεθέντα
3597 4043 3706 4110 τῆς

2103 4112 2378 4179 ἀσεϐείας.
2403 4109 2537 4170 Οἶδα
2553 4117 2648 4171 καὶ
2673 4119 2878 4190 πόρνας
2897 4122 2998 4176 καὶ
3012 4122 3256 4190 τελώνας
3277 4127 3582 4198 δεχθέντας

2105 4204 2414 4272 μετανοίας,
2443 4205 2564 4260 οὐδέ
2593 4224 2714 4261 τινα
2745 4209 2804 4262 δὲ
2832 4211 3042 4266 τούτων
3076 4215 3158 4278 είς
3206 4217 3524 4292 ἱερωσύνην
3571 4225 3700 4296 ἀρι-

2103 4291 2404 4364 θμηθὲντα,
2450 4297 2502 4348 εί
2551 4297 2626 4368 μή
2677 4315 2778 4351 που
2815 4299 2922 4373 πρὸ
2977 4301 3072 4355 τοῦ
3107 4291 3492 4378 βαπτίσματος
3543 4291 3704 4368 τούτο

339 4363 360 4452 ξ
422 4388 676 4448 receptos
723 4392 822 4446 per
854 4375 1233 4446 pmnitentiam
1275 4392 1290 4429 :
1336 4391 1526 4430 verum
1571 4375 1783 4430 nullum
1813 4392 1878 4430 ex
1913 4377 1999 4433 his

2108 4363 2407 4457 πέπραχεν.
2464 4363 2626 4442 θῐόιῖι⁷
2654 4406 2806 4454 τινας
2858 4363 3152 4464 μοναχοὺς,
3204 4398 3294 4452 ὅτε
3313 4363 3327 4378 ι
3353 4363 3490 4471 μὲν.

342 4462 379 4539 ἴα
422 4473 476 4525 iu
517 4469 809 4526 sacerdotii
859 4467 1128 4539 dignitate
1172 4477 1560 4534 numeratum;
1612 4468 1721 4522 nisi
1769 4467 1908 4524 forte
1943 4469 1996 4524 id
2105 4475 2296 4539 κόσμῳ
2367 4471 2532 4539 ἦσαν,
2591 4481 2822 4539 πορνεία
2862 4461 3292 4539 -συσνεθένταυ
3347 4461 3688 4539 Lavina:

2105 4475 2296 4546 κόσμῳ
2367 4471 2532 4548 ἦσαν,
2591 4481 2822 4554 πορνείᾳ
2881 4473 3292 4555 συσχεθένταςέ
3345 4471 3706 4561 μονάσαντας

2100 4564 2176 4628 δὲ,
2214 4565 2291 4628 ὡς
2313 4567 2609 4639 φωστῆρας
2636 4572 2695 4624 ὲν
2719 4572 2798 4643 τῷ
2838 4575 3031 4648 κόσμῳ
3081 4577 3407 4651 λάμψαντας
3454 4585 3554 4640 διὰ
3605 4593 3704 4642 τοῦ

2099 4656 2402 4729 ἀσκητικοῦ
2438 4657 2556 4728 βίου
2591 4677 2606 4690 ·
2635 4661 2828 4718 οὐδένα
2861 4665 2920 4720 δὲ
2942 4669 3024 4732 είς
3051 4670 3358 4743 ἱερωσύνην
3391 4677 3699 4742 ἐπιϐάντα.

2099 4747 2258 4843 [Si—5%
2309 4748 2404 4802 καὶ
2443 4751 2698 4830 ⁹σπόινιον
2751 4755 3000 4825 γέγονεν,
3033 4761 3096 4814 οὐ
3146 4763 3311 4834 νόμος
3352 4767 3704 4843 Ἐκκλησίας

2098 4840 2277 4895 τοῦτο.
2309 4843 2422 4914 Τὴν
2481 4844 2636 4898 ὁσίαν
2671 4847 2894 4918 Μαρίαν
2933 4851 3142 4923 πόρνην
3161 4855 3224 4909 τὸ
3269 4840 3568 4930 πρότερον.
3619 4867 3701 4920 Ea-

2097 4951 2218 5004 μεν.
2275 4929 2443 4998 Αὖθις
2490 4935 2548 4989 δὲ
2604 4935 2880 5008 σώφρονα,
2915 4943 2976 4996 οὐ
3035 4945 3144 5018 μὴν
3177 4947 3234 5002 δὲ
3280 4952 3363 5014 είς
3410 4929 3520 5020 τάς
3579 4957 3702 5011 δια-

2095 5026 2288 5118 κόνους
2311 5027 2734 5118 καταλεγεῖσαν,
2761 5032 2926 5102 ἀγίαν
2945 5035 3002 5089 δὲ
3032 5039 3128 5092 καὶ
3160 5020 3524 5118 eampis,”
3564 5067 3704 5103 παν.

2095 5115 2186 5180 τὸς
2211 5117 2450 5189 πονηροῦ
2509 5121 2855 5193 πράγματος.
2925 5127 3036 5182 Καὶ
3062 5131 3116 5182 τί
3141 5132 3316 5188 ταῦτα
3348 5115 3542 5208 λέγω,
3605 5143 3699 5195 τὸν

2098 5207 2276 5280 ἀληθῆ
2327 5209 2487 5278 λόγον
2529 5213 2901 5284 ἐπιστάμενος
2929 5233 2944 5282 ;
2976 5219 3130 5290 παρά
3173 5221 3282 5276 τῶν
3348 5225 3519 5283 θείων
3551 5235 3698 5287 ἀπο-

2102 5301 2304 5356 στόλων
2333 5302 2588 5374 μυηθεὶς,
2612 5308 2708 5360 καὶ
2734 5309 2888 5381 παρά
2915 5311 3028 5366 τῶν
3059 5315 3249 5382 αὐτοῖς
3268 5319 3699 5395 ἀκολουθησάν-

2100 5410 2208 5448 των
2238 5395 2410 5462 ἁγίων
2441 5395 2701 5484 ῐιατέρων
2719 5399 2901 5471 ήμῶν,
2928 5407 3518 5482 πεπαρρησιασμένως
3549 5416 3691 5487 βοῶ·

2599 5539 2714 5615 ⁸⁸11
2743 5539 2879 5614 Reg.
2909 5561 3019 5611 xw,
3050 5547 3102 5602 8.
3218 5551 3261 5583 "
3289 5549 3695 5615 Fornicatione

417 5602 688 5670 detentos,
735 5602 960 5659 effectos
989 5611 1174 5659 autem
1195 5602 1500 5660 monachos
1556 5605 1704 5661 sicut
1753 5604 2048 5659 luminaria
2083 5606 2137 5661 in
2181 5606 2384 5664 mundo
2425 5621 2524 5678 per
2551 5602 2855 5668 studiosae?
2883 5602 3046 5672 vitam
3075 5602 3345 5680 lucentes.
