3904 6208
283 285 416 354 Mill

1702 293 1826 352 ΕΡῘ
1836 291 2103 354 STOL.-E.

3406 282 3540 346 1162

282 401 574 472 τυιγμένον,
623 401 722 456 οὐκ
757 399 875 457 οἴδα
907 399 987 465 οἷς
1035 400 1334 473 κρίμασινο
1371 401 1536 466 αὐτὸς
1560 403 1819 472 γινώσκει
1843 421 1856 436 ⁶

1986 404 2091 474 ςείι)
2145 401 2556 458 in-cathedram
2615 399 2980 473 pontificalem
3049 398 3266 464 evexit,
3318 398 3536 453 hortatu

286 497 366 556 cl;
393 495 570 548 θῶκον
593 494 978 565 ἀρχιερατικδν
1006 492 1319 559 ἀνεϐίϐασε,
1339 493 1654 566 προτροπῆς
1681 493 1863 564 βιαίας

290 587 440 658 τοιρά
485 587 584 655 τῆς
629 585 890 656 ἀληθείας
945 584 1251 655 προμάχων
1316 585 1722 640 εὐσεϐεστάτων
1768 587 1864 639 καὶ

288 675 588 747 ὀρθοδόξων
618 675 886 746 βασιλέων
916 675 1095 745 ἡμῶν,
1127 675 1223 728 καὶ
1268 674 1590 740 ἁγιωτάτων
1637 674 1862 729 ἐπισκό-

291 785 408 822 πων
433 784 493 820 τε
529 767 622 820 καὶ
643 766 939 838 κληρικῶν,
970 767 1052 828 είς
1090 765 1190 834 ἐμὲ
1221 757 1542 836 γενομένης.
1580 765 1671 820 Διὸ
1691 767 1863 834 ἀναγ-

291 845 568 922 καστικῶς
593 857 878 927 ὑποκύψας
933 856 1227 921 ύπένευσα,
1257 857 1352 910 καὶ
1380 857 1472 909 τὸν
1493 858 1592 928 τῆς
1618 859 1866 926 ὑπακοῆς

293 951 503 1022 καρπὸν
533 949 836 1021 δρέψασθαι
865 949 1077 1012 τούτοις
1106 947 1384 1002 ἀπέδωκα.
1422 948 1531 1002 Καὶ
1562 947 1868 1018 παρακαλῶ

292 1044 418 1105 τοὺς
441 1041 596 1098 πανιέ
608 1057 734 1111 ρους
761 1040 930 1110 ὑμᾶς,
963 1039 1038 1103 ὡς
1067 1039 1167 1109 μὲν
1185 1037 1431 1110 πατέρας
1457 1037 1867 1109 μικροψυχοῦν-

293 1149 360 1184 τα
393 1130 670 1202 βακτηρίᾳ.
703 1129 1010 1198 δυνάμεως,
1036 1129 1159 1191 ταῖς
1198 1113 1496 1198 πατρικαῖς
1542 1126 1698 1198 ὑμῶν
1726 1125 1869 1180 διδα-

298 1221 544 1284 σκαλίαις
590 1219 986 1290 ὑποστηρίξαι·
1019 1217 1096 1281 ὡς
1135 1217 1192 1272 δέ
1231 1217 1498 1288 ἀδελφοὺς
1542 1219 1664 1280 ταῖς
1695 1217 1868 1270 καθα-

299 1315 420 1384 ριίς
481 1312 636 1383 ὑμῶν
676 1308 866 1382 εὐχαῖς
899 1310 1114 1382 βοηθεῖν
1145 1311 1303 1380 ἡμῖν,
1333 1312 1400 1380 τῇ
1439 1309 1533 1363 τοῦ
1566 1307 1702 1363 Θεοῦ
1733 1325 1868 1361 παν-

298 1403 484 1474 οπλίᾳ.
510 1403 646 1473 πρὸς
700 1392 807 1464 τὰς
853 1400 1139 1472 μεθοδείας
1195 1399 1292 1454 τοῦ
1335 1399 1872 1470 Ἀντικειμένου,καὶ

300 1495 540 1565 κύμασιν
579 1491 1008 1563 άλλεπαλλήλοις
1048 1490 1510 1566 ἐνθαλαττεύοντά
1564 1507 1632 1561 με
1677 1491 1872 1544 διακυ-

298 1585 650 1657 ϐερνηθῆναι,
683 1587 832 1647 ὅπως
861 1583 1260 1655 καθορμίσαιμι
1291 1583 1384 1636 ἐπὶ
1413 1582 1611 1654 λιμένα
1635 1582 1876 1652 θελήμα-

1964 497 2147 552 valido
2181 511 2212 550 a
2247 495 2493 552 veritatis
2522 492 3044 566 propugnatoribus,
3079 489 3344 562 piissimis
3389 490 3540 543 vide-

1965 589 2094 644 licet
2147 601 2213 642 ac
2279 585 2603 642 orthodoxis
2639 583 3065 654 imperatoribus
3099 582 3324 646 nostris,
3375 589 3540 651 atquc

1966 679 2332 736 sanctissimis
2361 677 2656 748 episcopis,
2691 692 2786 732 seu
2815 675 3050 742 clericis,
3075 675 3131 729 in
3167 689 3254 729 me
3275 674 3542 729 violenter

1967 772 2199 828 effecto:
2231 771 2319 826 cui
2359 769 2726 825 succumbens
2754 766 2948 832 annui,
2986 775 3040 821 et
3067 765 3390 821 obedientize
3422 763 3540 818 fru-

1967 875 2113 921 ctum
2146 865 2232 919 bis
2263 861 2594 933 carpendum
2619 858 2891 914 commisi.
2914 858 2979 912 Et
3004 873 3136 930 rogo
3161 873 3256 912 vos
3287 857 3542 912 sacratis—

1969 956 2162 1020 simos,
2193 961 2254 1008 ut
2303 965 2562 1022 tanquam
2587 961 2772 1021 patres
2802 964 2890 1004 me
2914 949 3319 1020 pusillanimem
3347 948 3543 1001 baculo

1969 1043 2244 1114 potentiae,
2279 1043 2330 1097 id
2363 1050 2470 1108 est,
2517 1040 2760 1111 paternis
2805 1039 3006 1096 vestris
3055 1033 3386 1109 magisteriis
3441 1036 3543 1092 ful-

1969 1135 2150 1200 ciatis,
2181 1143 2236 1190 et
2288 1135 2455 1189 veluti
2505 1133 2704 1188 fratres
2756 1132 2910 1202 puris
2971 1130 3319 1186 orationibus
3352 1129 3544 1183 vestris

1969 1240 2072 1280 nos
2135 1239 2260 1280 cum
2317 1233 2596 1280 armatura
2645 1224 2742 1280 Dei
2797 1232 2986 1279 contra
3034 1221 3306 1277 versutias
3334 1221 3543 1290 antiqui

1971 1317 2145 1372 hostis
2203 1316 2496 1386 adiuvetis,
2533 1327 2698 1386 atque
2735 1315 2998 1372 fluctibus
3049 1315 3284 1370 invicem
3317 1329 3546 1384 surgen-

1971 1411 2117 1466 tibus
2157 1409 2502 1465 vacillantem
2548 1407 2888 1474 gubernetis,
2925 1415 3195 1476 quatenus
3239 1406 3544 1476 pertingant

1974 1503 2040 1558 ad
2069 1511 2284 1572 portum
2315 1499 2616 1556 voluntatis
2657 1498 2866 1555 Christi
2901 1498 2995 1553 Dei
3029 1498 3225 1553 nostri.
3265 1493 3362 1551 Est
3399 1497 3544 1549 enim

1974 1607 2201 1662 prorsus
2247 1589 2375 1662 [est]
2398 1589 2540 1660 apud
2562 1605 2664 1644 nos
2680 1586 3218 1660 quoddam-praelium
3242 1585 3359 1640 sine
3381 1583 3548 1646 ferro,

299 1695 389 1743 τος
418 1677 657 1749 Χριστοῦ
687 1673 782 1729 τοῦ
811 1673 944 1728 Θεοῦ
979 1674 1157 1746 ἡμῶν.
1181 1675 1338 1728 Ἐστι
1369 1673 1498 1746 γὰρ,
1533 1674 1682 1728 ἔστιν
1707 1674 1876 1736 ὅντως

1986 1685 2108 1740 dum
2141 1696 2424 1740 sermones
2449 1683 2658 1754 jaciant
2680 1691 2734 1736 et
2757 1680 3056 1752 iaciantur.
3085 1677 3190 1733 Sed
3223 1677 3551 1747 triumphale

301 1773 357 1823 ὲν
388 1771 496 1846 τοῖς
523 1767 645 1822 καθ’
669 1768 819 1836 ἡμᾶς
855 1765 1094 1837 πόλεμός
1128 1784 1214 1830 τις
1253 1765 1534 1836 ἀσίδηρος,
1568 1765 1718 1834 λόγοι
1753 1765 1876 1835 βάλ-

1986 1776 2251 1830 habemus
2281 1775 2614 1844 trophaeum,
2643 1775 2928 1826 veritatem
2969 1785 3094 1840 qua:
3136 1784 3243 1824 non
3289 1769 3549 1822 vincitur.

301 1859 485 1924 λοντές
509 1875 569 1912 τε
599 1858 694 1912 καὶ
719 1855 1060 1928 βαλλόμενοι.
1097 1855 1259 1909 Ἀλλά
1281 1855 1536 1926 τρόπαιον
1561 1856 1874 1925 νικητήριον

302 1950 498 2020 ἔχομεν
542 1949 640 2019 τὴν
689 1947 766 2018 μὴ
811 1945 1124 2018 νικωμένην
1169 1947 1452 2018 ἀλήθειαν.
1488 1943 1626 2000 Είτά
1671 1963 1730 2000 τε
1780 1947 1875 1999 καλ⁵

305 2037 630 2106 καταιγίδων
654 2036 899 2106 σφοδρῶν
921 2037 1284 2089 είσπνεουσῶν
1312 2037 1692 2100 συνασπιστάς
1722 2037 1874 2107 ὑμᾶς

305 2128 612 2196 λαϐόμενοι,
646 2126 747 2197 τὴν
781 2125 987 2180 τούτων
1023 2125 1220 2197 μικρὸν
1252 2127 1662 2194 ὑπενέγκαντες
1685 2125 1874 2197 ζάλην,

308 2219 612 2288 εὑρήσομεν
653 2217 848 2280 αὑταῖς
901 2217 1136 2288 Χριστὸν
1175 2217 1540 2288 ἐπιτιμῶντα,
1586 2218 1678 2270 καὶ
1706 2217 1877 2288 γαλη-

310 2307 437 2369 νίως
485 2306 577 2360 τὸν
625 2306 739 2377 βίον
781 2307 914 2377 ἡμῖν
966 2307 1326 2376 ἐπεξάγοντα.
1367 2309 1480 2362 Καὶ
1517 2308 1720 2360 τούτων
1775 2307 1878 2378 μὲν

311 2396 626 2466 ἀρκούντως
671 2397 729 2448 ἐν
777 2396 1085 2466 προοιμίοις
1129 2399 1264 2468 ἡμῖν
1301 2398 1636 2470 εἰρημένων,
1675 2399 1733 2450 ἐν
1766 2399 1880 2460 τοῖς

313 2487 440 2556 ἑξῆς
473 2489 662 2556 σαφῶς
687 2489 719 2558 ἡ
747 2487 986 2559 ἀκριϐὴς
1016 2489 1147 2558 περὶ
1171 2489 1351 2542 αὐτῶν
1401 2489 1604 2558 γνῶσις
1629 2489 1878 2558 διαγγελσ

314 2579 557 2647 θήσεται.
589 2577 704 2632 Νῦν
726 2578 785 2632 δὲ
815 2580 901 2648 ἐφ’
929 2579 1118 2652 ἕτερον
1153 2579 1353 2635 σκοπὸν
1391 2580 1590 2647 λέξεων
1627 2580 1877 2652 ἔρχομαι.

327 2669 546 2740 Ἐπειδὴ
599 2671 707 2742 γάρ
739 2671 942 2742 ἀρχαία
979 2689 1085 2738 τις,
1126 2673 1362 2744 τάληθὲς
1389 2673 1447 2726 δὲ
1477 2673 1720 2744 φράσαι,
1741 2676 1883 2728 ἀπο-

314 2761 534 2831 στολικὴ
550 2763 854 2834 παράδοσις
879 2765 936 2816 ἐν
954 2763 1156 2827 πάσαις
1183 2767 1302 2828 ταῖς
1337 2764 1688 2835 Ἐκκλησίαις
1703 2763 1880 2834 διῆκε,

311 2853 450 2923 πρὸς
493 2853 774 2924 ίεραρχίαν
814 2855 1115 2926 ἀγομένους
1146 2857 1261 2918 τοῖς
1295 2855 1398 2927 πρδ
1432 2857 1614 2910 αὐτῶν
1641 2857 1740 2919 τὰς
1773 2858 1884 2928 ιερ-

310 2947 507 3016 αρχίας
555 2945 956 3017 ἐγχειρίζουσιν
987 2987 1003 3013 ,
1042 2947 1118 3010 ὡς
1163 2947 1230 3002 ἂν
1298 2949 1410 3019 ἐχοι
1451 2948 1523 3002 τὰ
1552 2950 1652 3018 τῆς
1703 2949 1884 3003 αὐτῶν

1980 1868 2185 1923 Deinde
2209 1879 2429 1938 quoque
2457 1873 2510 1921 et
2536 1863 2786 1935 procellis
2813 1863 3226 1918 vehementibus
3275 1860 3553 1930 inspiran-

1981 1945 2150 2022 tibus,
2187 1957 2240 2010 in
2275 1955 2539 2010 auxilium
2575 1954 2735 2009 vobis
2763 1951 3082 2023 assumptis,
3109 1953 3308 2006 harum
3336 1951 3554 2020 pauxil-

1981 2049 2092 2102 lum
2145 2049 2275 2119 quid
2307 2047 2632 2106 sufferentes
2661 2055 2878 2108 aestum,
2919 2045 3196 2100 Christum
3237 2045 3337 2097 has
3373 2043 3554 2096 incre-

1981 2149 2200 2210 pantem
2253 2139 2586 2204 invenimus,
2621 2147 2677 2193 et
2714 2137 2879 2192 vitam
2905 2126 3202 2206 tranquille
3243 2149 3336 2204 per
3365 2125 3552 2188 omnia

1984 2231 2371 2302 transigemus.
2412 2231 2478 2286 Et
2526 2231 2610 2285 his
2641 2228 2858 2300 quidem
2892 2225 3215 2284 sufficienter
3271 2226 3325 2279 in
3357 2223 3554 2294 przefa-

1983 2325 2129 2378 tione
2159 2333 2346 2380 nostra
2376 2323 2698 2395 praemissis,
2731 2321 2784 2376 in
2807 2319 3019 2374 caeteris
3046 2319 3330 2381 evidenter
3355 2318 3552 2370 horum

1983 2418 2228 2490 cegnitio
2272 2415 2704 2472 denuntiabitur.
2757 2411 2914 2467 Nunc
2957 2419 3141 2464 autem
3178 2409 3244 2463 ad
3274 2408 3436 2462 aliam
3472 2408 3556 2461 in-

1982 2512 2278 2568 tentionem
2303 2506 2517 2564 dicendi
2553 2502 2833 2578 [dicendo]
2860 2501 3210 2574 pr0grcdior..
3233 2498 3376 2567 Quia
3407 2501 3552 2553 enim

1985 2605 2164 2674 prisca
2211 2601 2483 2671 quaedam,
2526 2605 2676 2654 etut
2717 2596 2904 2651 verius
2929 2593 3222 2652 fateamur.
3255 2591 3558 2661 apostolica

1985 2694 2204 2750 traditio
2233 2693 2288 2746 in
2317 2691 2576 2747 omnibus
2613 2687 2872 2744 Ecclesiis
2901 2683 3148 2751 inolevit,
3179 2692 3240 2738 ut
3273 2683 3329 2736 hi
3361 2683 3456 2752 qui
3487 2679 3557 2736 ad

1985 2785 2322 2858 pontificium
2368 2783 2772 2854 provehuntur,
2814 2777 3248 2850 praecedentibus
3289 2791 3348 2830 se
3381 2775 3435 2828 in
3467 2790 3559 2828 eo-

1985 2880 2106 2934 dem
2130 2876 2338 2940 ordine,
2355 2874 2590 2946 qualiter
2615 2888 2674 2928 se
2695 2871 2936 2926 habeant
2963 2885 3086 2941 quae
3118 2884 3231 2924 sure
3261 2866 3382 2920 lidei
3407 2871 3556 2926 sunt,

1985 2970 2307 3041 exponendo
2354 2965 2744 3022 commendent
2777 2982 2790 3020 :
2828 2961 3018 3018 Visum
3073 2970 3152 3018 est
3207 2970 3258 3016 cl.
3289 2959 3424 3014 mihi
3457 2959 3562 3012 hoc

311 3041 546 3102 πίστεως
611 3039 966 3094 ἀνατίθεσθαι
1007 3055 1022 3072 θ
1073 3040 1222 3106 εδοξε
1281 3043 1451 3112 κάμοὶ
1503 3041 1717 3106 τούτοις
1759 3043 1883 3096 ἑπο-

1986 3039 2241 3126 seetanti,
2277 3073 2364 3114 me
2391 3058 2546 3114 vobis
2591 3056 2882 3120 inclinare,
2910 3063 2964 3109 et
3006 3052 3216 3123 liquido
3261 3048 3564 3104 confessio-

316 3132 457 3201 μένῳ
485 3131 771 3186 ὑποκλίναι
791 3131 1030 3202 ἐμαυτὸν
1057 3133 1206 3204 ὑμῖν,
1225 3134 1320 3188 καὶ
1337 3133 1609 3204 ἀριδήλως
1641 3133 1738 3204 τὴν
1763 3135 1883 3188 κατ’

311 3223 413 3292 ἐμὲ
457 3223 748 3293 ὁμολογίαν
787 3223 1172 3294 ἐξαγορεῦσαι,
1214 3225 1396 3289 καθὼς
1452 3225 1557 3279 ὑπὸ
1599 3225 1712 3279 τῶν
1751 3225 1882 3278 σαλ-
1931 3261 1948 3274 .

314 3311 528 3378 πίγγων
579 3311 674 3368 τοῦ
719 3311 1075 3381 Πνεύματος·
1113 3307 1188 3368 ὧν
1233 3313 1262 3366 ὁ
1311 3314 1546 3382 φθόγγος
1589 3315 1670 3378 είς
1704 3315 1884 3368 πᾶσαν

314 3403 414 3472 τὴν
447 3403 551 3473 γῆν
581 3402 794 3474 ἐξῆλθε,
840 3405 938 3457 κα)⁸
977 3405 1058 3468 είς
1091 3405 1157 3458 τά
1193 3405 1406 3470 πέρατα
1431 3406 1528 3476 τῆς
1559 3405 1886 3475 οἰκουμένης

315 3494 384 3546 τά
419 3496 640 3565 ῥήματα
659 3511 674 3526 ⁸
707 3495 804 3548 καὶ
835 3495 990 3567 παρὰ
1007 3496 1114 3550 τῶν
1144 3495 1326 3550 αὐτῶν
1358 3495 1690 3566 θρεμμάτων
1711 3513 1770 3548 τε
1794 3495 1888 3549 καὶ

317 3587 722 3658 προϐλημάτων
791 3587 953 3642 θείων
1019 3589 1285 3660 Πατέρων
1343 3587 1501 3658 ήμῶν
1551 3587 1610 3652 ἐξ
1664 3587 1888 3642 ἁπαλῶν

317 3675 528 3746 ὀνύχων
557 3676 892 3748 ἀνατραφεὶς
923 3677 1240 3748 μεμάθηκα.

389 3767 637 3821 Πιστεύω
668 3769 749 3831 είς
777 3767 873 3820 ἐνα
907 3767 1040 3821 Θεὸν
1071 3767 1291 3838 Πατέρα
1319 3767 1762 3838 παντοκράτορα,
1788 3769 1883 3821 καὶ⁸

319 3857 400 3920 είς
437 3857 533 3911 ἕνα
567 3857 774 3930 Κύριον
817 3857 1028 3930 Ἰησοῦν
1068 3858 1305 3931 Χριστὸν
1330 3858 1423 3912 τὸν
1454 3858 1584 3911 Υίὸν
1629 3858 1722 3912 τοῦ
1753 3857 1890 3911 Θεοῦ

320 3947 414 4000 καὶ
442 3938 583 4000 Θεὸν
603 3945 780 4018 ήμῶν,
810 3945 1144 4018 γεννηθέντα
1188 3949 1252 4002 ἐκ
1277 3947 1370 4002 τοῦ
1397 3947 1612 4019 Πατρὸς
1643 3947 1892 4018 ἀχρὸνως

319 4040 416 4092 καὶ
455 4039 661 4102 άῖδίως.
685 4041 794 4094 Καὶ
825 4041 905 4104 είς
933 4039 993 4093 τὸ
1018 4039 1243 4110 Πνεῦμα
1272 4041 1332 4095 τὸ
1358 4041 1535 4109 ἅγιον,
1563 4041 1656 4093 τὸν
1687 4042 1893 4110 Κύριον

319 4131 413 4183 καὶ
445 4129 840 4194 ζωοποιοῦν,τδ
872 4133 937 4184 ἐκ
972 4132 1067 4185 τοῦ
1091 4132 1306 4203 Πατρδς
1336 4133 1404 4187 δι’
1436 4131 1567 4185 Υἱοῦ
1595 4132 1893 4204 ἐκπορευό-

323 4238 502 4289 μενον,
531 4223 628 4276 καὶ
654 4223 787 4276 αὐτὸ
814 4224 947 4276 Θεὸν
975 4223 1036 4278 δν
1065 4241 1122 4277 τε
1150 4224 1248 4278 καὶ
1277 4223 1702 4295 γνωριζόμενον·
1726 4225 1894 4296 Τριά-
1920 4253 1932 4263 -

321 4315 388 4367 δα
428 4312 734 4384 ὁμοούσιον,
791 4315 1052 4386 ὀμότιμόν
1089 4333 1151 4369 τε
1178 4317 1272 4370 καὶ
1323 4316 1640 4386 ὀμόθρονον,
1699 4317 1892 4385 ἀΐδιον,

1987 3165 2109 3204 nem
2161 3145 2552 3212 pronuntiare.
2595 3141 3056 3214 quemadmodum
3109 3155 3140 3194 a
3191 3137 3336 3194 tubis
3387 3135 3562 3192 sancti

1987 3241 2224 3311 Spiritus
2249 3242 2500 3310 (quarum
2531 3251 2702 3292 sonus
2732 3236 2786 3290 in
2816 3248 3037 3289 onmem
3065 3242 3269 3286 terram
3295 3229 3484 3291 exivit,
3509 3233 3566 3280 et

1984 3333 2040 3387 in
2085 3333 2222 3386 iines
2250 3341 2409 3385 terrae
2440 3327 2687 3396 verba")
2715 3333 2770 3381 et
2802 3325 2870 3380 ab
2907 3337 3097 3379 earum
3127 3319 3370 3376 alumnis
3399 3326 3564 3386 atque

1987 3423 2251 3490 asseclis,
2298 3418 2690 3476 sacratissimis
2752 3415 3008 3472 videlicet
3057 3411 3314 3468 Patribus
3359 3405 3563 3463 nostris

1988 3513 2276 3576 educatus,
2311 3525 2378 3566 ex
2410 3508 2546 3580 ipsis
2585 3506 2846 3562 mollibus
2875 3503 3092 3574 ungulis
3123 3500 3313 3557 didici.

2061 3773 2239 3830 Credo
2276 3774 2332 3828 in
2367 3786 2536 3828 unum
2569 3771 2738 3826 Deum
2772 3770 2987 3824 Patrem
3031 3767 3485 3836 omnipotentem,
3511 3775 3568 3819 et

1994 3864 2048 3918 in
2087 3876 2256 3917 unum
2287 3859 2578 3916 Dominum
2617 3855 2804 3913 Jesutn
2841 3855 3118 3910 Christum
3149 3852 3348 3907 Filium
3385 3849 3478 3904 Dei
3512 3861 3569 3904 et

1995 3957 2164 4012 Deum
2198 3963 2466 4020 nostrum,
2502 3962 2691 4008 natum
2717 3967 2784 4008 ex
2811 3949 2975 4008 Patre
3003 3949 3123 4004 sine
3156 3955 3404 4018 tempore
3425 3961 3566 4000 eoa:-

1994 4057 2207 4104 ternum
2241 4067 2254 4102 :
2289 4055 2344 4103 et
2375 4047 2433 4101 in
2460 4045 2721 4115 Spiritum
2745 4051 3016 4108 sanctum,
3049 4039 3341 4095 Dominum
3364 4047 3418 4093 et
3438 4037 3567 4092 vivi-

1995 4139 2269 4203 ficantem,
2329 4151 2396 4191 ex
2447 4133 2621 4189 .Patre
2657 4147 2754 4203 per
2798 4131 2994 4186 Filiqu
3049 4129 3458 4200 procedentem,
3511 4134 3570 4182 et

1994 4228 2246 4285 eumdem
2271 4226 2439 4282 Deum
2465 4241 2588 4282 esse
2620 4234 2674 4280 et
2699 4223 2958 4294 cognosci
2993 4241 3006 4277 :
3048 4221 3373 4276 Trinitatem
3404 4220 3568 4274 unius

1997 4320 2334 4385 substantiae,
2361 4318 2526 4373 unius
2558 4318 2783 4372 honoris
2812 4329 2867 4370 et
2897 4315 3064 4381 sedis,
3096 4315 3486 4384 sempiternam
3515 4323 3575 4368 et

321 4407 593 4473 ἄκτιστον,
627 4407 736 4460 τῶν
765 4408 980 4463 πάντων
1006 4409 1322 4478 κτισμάτων
1345 4408 1680 4478 δημιουργόν
1704 4425 1718 4438 ’
1760 4409 1883 4479 μίαν

1997 4411 2326 4472 increatam,
2389 4407 2636 4462 omnium
2699 4416 3078 4462 creaturarum
3144 4403 3500 4460 conditricem
3553 4422 3566 4456 :

321 4501 516 4572 ἀρχὴν,
551 4500 680 4571 μίαν
707 4499 941 4571 θεότητα
971 4501 1066 4553 καὶ
1107 4502 1428 4570 κυριότητα,
1458 4501 1587 4568 μίαν
1616 4499 1895 4570 βασιλείαν

329 4593 414 4644 (αἱ
449 4591 680 4660 δύναμιν
725 4591 821 4644 καὶ
861 4589 1110 4654 ἐξουσίαν
1161 4591 1218 4642 ἐν
1270 4590 1450 4658 τρισὶν
1500 4591 1892 4656 ὑποστάσεσιν,

323 4683 648 4753 ἀδιαιρέτως
688 4681 1096 4752 διαιρουμένην,
1128 4663 1223 4734 καὶ
1248 4681 1536 4753 ἡνωμένην
1567 4681 1889 4754 διαιρετῶςο

326 4777 400 4844 μὴ
437 4773 497 4839 ἐξ
533 4773 742 4825 ἀτελῶν
797 4771 964 4843 τριῶν
1016 4771 1074 4824 ἓν
1121 4790 1176 4825 τι
1218 4773 1444 4836 τέλειον,
1479 4773 1596 4828 ἀλλ’
1630 4776 1696 4826 ἐκ
1725 4775 1896 4844 τριῶν

322 4865 544 4918 τελείων
579 4865 636 4918 ἐν
666 4864 964 4936 ὑπερτελὲς
1008 4867 1102 4920 καὶ
1137 4865 1475 4937 προτέλειον,
1518 4867 1593 4930 ὡς
1643 4869 1671 4920 ὁ
1724 4868 1898 4937 μέγας

325 4953 428 5023 ἔφη
463 4955 764 5018 Διονύσιος.
815 4955 979 5008 ’Ὥστε
1031 4955 1174 5008 κατά
1220 4955 1322 5026 μὲν
1377 4955 1476 5027 τὴν
1517 4956 1759 5028 ἰδιότητα
1789 4959 1898 5012 τῶν

328 5045 639 5112 προσώπων
663 5046 790 5118 τρία
826 5050 894 5104 τὰ
927 5047 1402 5118 προσκυνούμενα,
1435 5048 1577 5102 κατὰ
1608 5049 1665 5102 δὲ
1694 5050 1754 5102 τὸ
1785 5067 1898 5103 κοι-

329 5138 415 5190 νὸν
434 5138 532 5208 τῆς
560 5138 777 5206 φύσεως
808 5133 888 5200 εἷς
917 5137 1050 5201 Θεὸς
1091 5137 1308 5192 πάντων
1341 5137 1571 5208 ποιητὴς
1601 5137 1812 5210 ὁρατῶν
1839 5157 1899 5193 τε

331 5229 424 5281 καὶ
457 5229 728 5299 ἀοράτων,
765 5227 981 5282 πάντων
1021 5228 1350 5298 προνοητής.
1399 5227 1677 5298 Ὁμολογῶ
1703 5231 1758 5284 δὲ
1807 5231 1901 5283 καὶ

331 5321 428 5389 τὴν
466 5319 558 5375 διὰ
606 5319 704 5390 τὴν
754 5320 1028 5391 ἡμετέραν
1068 5308 1341 5390 σωτηρίαν
1375 5319 1464 5372 ἐπ’
1499 5321 1746 5392 ἐσχάτων
1789 5323 1900 5376 τῶν

334 5415 555 5484 ἡμερῶν
583 5412 724 5467 κατὰ
761 5411 940 5484 σάρκα
965 5414 1220 5485 γέννησιν
1267 5413 1359 5467 τοῦ
1421 5415 1539 5478 ἑνδξ
1585 5415 1685 5485 τῆς
1739 5417 1902 5485 ἁγίας

331 5505 562 5576 Τριάδος
593 5503 686 5558 τοῦ
714 5504 845 5558 Υίοῦ
875 5505 969 5558 τοῦ
1007 5503 1163 5570 Θεοῦ,
1199 5505 1402 5577 Κυρίου
1433 5506 1488 5560 δὲ
1522 5507 1680 5578 ἡμῶν
1724 5508 1898 5578 Ἰησοῦ

435 5737 478 5770 ⁷³
505 5735 648 5794 Psai.
687 5752 834 5804 xvnt,
867 5740 930 5806 5;
967 5739 1124 5796 llom.
1171 5757 1222 5804 χ,
1255 5741 1306 5795 8.

1996 4517 2166 4556 unum
2199 4500 2560 4570 principium,
2615 4514 2780 4552 uuam
2829 4499 3084 4552 deitatem
3133 4505 3189 4551 et
3234 4496 3570 4550 dominatio-

1996 4608 2144 4656 nem,
2173 4607 2343 4645 unum
2398 4589 2708 4659 imperium,
2761 4597 3100 4658 potentatum
3141 4599 3192 4643 et
3244 4595 3568 4658 potestatem

1998 4685 2052 4739 in
2083 4684 2258 4738 tribus
2302 4680 2699 4746 subsistentiis,
2747 4680 3027 4736 individue
3053 4680 3274 4750 quidem
3313 4679 3568 4741 divisam,

1997 4785 2052 4830 et
2083 4775 2254 4831 divise
2277 4773 2487 4828 unitam
2525 4791 2540 4828 :
2583 4777 2693 4828 non
2727 4787 2796 4832 ex
2819 4770 3150 4842 imperfectis
3181 4771 3358 4826 tribus
3397 4787 3567 4826 unum

1995 4866 2200 4938 aliquid
2255 4865 2554 4936 perfectum
2598 4882 2613 4921 :
2643 4864 2760 4920 ‘sed
2803 4881 2868 4920 ex
2903 4865 3082 4920 tribus
3112 4864 3370 4935 perfectis
3400 4881 3570 4920 unum

1999 4956 2463 5026 superperfectum
2478 4967 2532 5010 et
2549 4955 2835 5026 plusquam
2852 4955 3152 5025 perfectum
3169 4956 3319 5022 ",uti
3341 4971 3573 5028 magnus

2001 5051 2218 5106 locutus
2253 5058 2336 5104 est
2378 5047 2692 5120 Dionysius.
2740 5046 2930 5118 Itaque
2977 5049 3278 5104 secundum
3332 5050 3572 5119 proprie-

2001 5151 2164 5198 tatem
2222 5155 2578 5212 personarum
2618 5140 2724 5195 tria
2751 5141 2970 5210 quidem
3012 5141 3321 5206 adoranda;
3353 5150 3408 5192 at
3444 5152 3570 5192 vero

2000 5231 2302 5288 secundum
2335 5244 2682 5285 communem
2717 5241 2923 5284 naturas
2955 5231 3223 5284 rationem
3257 5243 3399 5282 unus
3429 5225 3574 5281 Deus

2001 5324 2246 5379 omnium
2278 5321 2455 5376 factor
2485 5321 2782 5378 visibilium
2817 5329 2872 5376 et
2908 5323 3290 5384 invisibilium,
3322 5319 3568 5374 omnium

2001 5417 2274 5486 provisor.
2315 5411 2588 5469 Conﬁteor
2626 5423 2805 5468 autem
2839 5413 3036 5468 factam
3073 5419 3292 5482 propter
3338 5410 3570 5466 salutem

2004 5519 2242 5563 nostram
2301 5503 2353 5556 in
2408 5503 2722 5560 novissimis
2763 5503 2955 5556 diebus
3017 5501 3314 5555 secundum
3351 5513 3571 5554 carnem

1420 5743 1465 5774 “
1491 5741 1666 5795 Locus
1700 5740 1865 5795 ebscu
1880 5755 1992 5804 rus,
2027 5747 2078 5792 ct
2115 5748 2274 5794 caute
2299 5736 2584 5807 legendus.
