3936 6212
285 227 417 299 1465

1724 249 2128 311 EPISTOLE.

3417 264 3550 331 1:166

281 367 646 436 πεπίστευκα,
679 369 994 444 ἀνθρωπίνῃ
1029 390 1083 426 τε
1115 377 1204 427 καὶ
1231 376 1407 448 θεῖκῇ.
1442 377 1549 432 Καὶ
1581 379 1865 434 ύποϐἁλλω

1971 372 2020 416 et
2052 375 2158 427 est,
2187 367 2318 422 olim
2363 384 2484 427 csse
2532 371 2827 428 didiceram
2861 393 2876 440 ;
2911 374 2986 429 ita
3025 383 3078 429 et
3117 375 3251 433 duas
3273 381 3554 436 naturales

281 461 354 532 τῷ
407 461 713 532 ἀναθέματι
761 463 967 534 Κῦρον,
1001 467 1258 538 -Σέργιον,
1306 469 1581 541 ’ονὡριον,
1623 473 1864 546 Πύρρον,

282 553 516 614 Hnno-2.
545 555 642 609 καὶ
675 555 886 622 πάντας
921 558 1046 622 τοὺς
1079 559 1373 630 ὁμοδόξους
1415 563 1624 627 αὐτοῖς,
1652 565 1749 618 καὶ
1783 567 1850 621 τὰ

280 647 460 701 αὐτῶν
483 647 754 718 δόγματα,
769 647 846 712 ὡς
869 649 1162 721 Σοδομίνην
1188 651 1435 722 ἄμπελον
1460 657 1554 708 καὶ
1572 655 1858 729 Γομορῤη-

282 739 378 806 νην
413 737 722 809 κληματίδα
765 739 999 810 ἔχουσαν
1033 741 1230 814 βότρυν
1275 745 1504 816 πικρίας
1553 748 1860 817 μεμίσηκα.

281 831 391 901 Τῆς
428 831 484 884 δὲ
537 832 713 902 αὐτῆς
769 833 934 902 ἁγίας
989 818 1156 906 ἕκτης
1201 837 1444 903 συνόδου,
1479 840 1618 909 μετά
1647 841 1868 895 πάντων

281 921 388 974 τῶν
414 921 695 992 ὲνθέσμως
723 923 818 976 καὶ
845 923 1082 988 θειωδῶς
1106 921 1535 997 ὲκφωνηθέντῶν
1573 929 1862 998 δογμάτων

283 1014 413 1084 παρ’
447 1015 642 1084 αὐτῆς,
668 1015 762 1068 καὶ
814 1016 945 1078 τοὺς
994 1015 1316 1083 ἐκδοθέντας
1345 1021 1573 1084 κανόνας
1587 1021 1862 1091 ἀποδέχο-

287 1125 403 1175 μαι,
441 1108 499 1160 ἐν
527 1101 607 1170 οἷς
631 1108 971 1178 ἐμφέρεται·
1002 1110 1060 1163 ἐν
1103 1128 1214 1165 τισι
1241 1113 1352 1166 τῶν
1391 1115 1607 1169 σεπτῶν
1635 1115 1862 1170 εἰκόνων

287 1198 528 1264 γραφαῖς
562 1196 732 1264 ἀμνὸς
763 1197 1016 1270 δακτύλῳ
1042 1200 1136 1254 τοῦ
1162 1202 1475 1273 προδρόμου
1510 1203 1864 1276 δεικνύμενος

285 1285 702 1366 ἐγχαραττεται,
731 1286 792 1351 ὃς
816 1289 895 1352 είς
928 1289 1098 1343 τύπον
1125 1293 1452 1364 παρελήφθη
1483 1294 1863 1367 τῆςχάριτος,

284 1379 374 1429 τὶν
421 1376 678 1445 ἀληθινὸν
719 1379 851 1448 ἡμῖν
896 1379 987 1433 διὰ
1026 1381 1195 1452 νόμου
1225 1387 1663 1455 προῦποφαίνων
1691 1389 1864 1458 ἀμνὸν

285 1468 518 1538 Χριστὸν
545 1469 804 1524 τὸν-Θεὸν
835 1471 1013 1543 ἡμῶν.
1044 1475 1183 1537 Τοὺς
1208 1472 1302 1530 οῦν
1349 1477 1620 1542 παλαιοὺς
1654 1478 1860 1544 τύπους

287 1562 380 1614 καὶ
405 1561 507 1625 τὰς
535 1563 714 1627 σκιὰς,
742 1563 818 1626 ὡς
843 1564 943 1634 τῆς
970 1565 1230 1636 ἀληθείας
1255 1568 1503 1638 σύμϐολά
1521 1587 1578 1622 τε
1609 1571 1702 1624 καὶ
1730 1587 1862 1640 προ-

1977 455 2284 512 voluntates
2333 468 2390 514 et
2421 463 2774 532 operationes
2807 465 2924 534 ejus
2977 467 3032 520 in
3082 477 3311 538 utraque
3354 482 3549 527 natura

1977 546 2208 613 credidi,
2265 550 2504 608 humana
2559 554 2768 610 scilicet
2812 569 2867 611 et
2908 541 3092 613 divina
3165 560 3552 633 Submittoque

1975 637 2325 714 anathemati
2363 641 2568 713 Cyrum
2603 655 2657 700 et
2728 643 3000 719 Sergium,
3049 649 3374 718 Honorium,
3417 651 3550 724 Pyr-

1974 731 2156 797 rhum,
2182 731 2439 800 Paulum,
2490 744 2546 791 et
2593 752 2786 794 omnes
2847 751 3258 800 consectatorcs
3302 760 3492 800 eorum
3529 764 3544 811 ;

1967 822 2160 894 dogma
2189 841 2407 896 quoque
2450 827 2716 898 ipsorum,
2756 838 2814 885 nt
2857 831 3250 889 Sodomiticam
3277 835 3465 901 vitem,
3492 847 3548 891 et

1969 914 2434 974 Gomorrhiticam
2486 921 2861 992 propaginem,
2909 925 3296 982 amaritudinis
3324 928 3548 999 botryo-

1969 1022 2092 1062 nem
2137 1008 2421 1075 habentes,
2479 1011 2646 1066 odivi.
2701 1010 2880 1083 Ipsius
2926 1024 3107 1069 autem
3145 1025 3349 1072 sancta:
3383 1029 3548 1072 sexta:

1965 1101 2312 1170 synodi-cum
2358 1105 2616 1159 omnibus
2658 1105 3028 1175 dogmatibus,
3061 1123 3183 1176 qua:
3213 1108 3458 1176 legaliter
3482 1125 3548 1163 ac

1963 1193 2227 1248 divinitus
2249 1195 2317 1248 ab
2338 1209 2401 1249 ea
2435 1197 2780 1268 promulgata
2815 1208 2964 1265 sunt,
2996 1200 3163 1254 etiam
3193 1199 3547 1270 depromptos

1964 1298 2205 1339 canones
2236 1283 2460 1355 recipio,
2491 1286 2544 1340 in
2576 1290 2778 1358 quibhs
2807 1291 3040 1346 refertur
3072 1311 3086 1345 :
3122 1293 3180 1347 In
3213 1293 3546 1362 quihusdam

1962 1375 2358 1432 venerabilium
2393 1377 2693 1448 imaginum
2730 1381 2961 1450 picturis
2993 1398 3168 1453 agnus
3206 1385 3381 1456 digito
3412 1403 3548 1456 pra:-

1964 1466 2209 1521 cursoris
2239 1475 2502 1522 exaratur
2526 1477 2810 1536 ostensus,
2845 1471 2940 1542 qui
2963 1474 3020 1527 in
3051 1474 3227 1544 ﬁgura
3266 1477 3549 1544 praecessit

1965 1555 2173 1624 gratim,
2195 1571 2383 1613 verum
2413 1559 2574 1620 nobis
2593 1577 2688 1631 per
2715 1563 2887 1634 legem
2908 1565 3293 1624 demonstrans
3319 1583 3547 1639 agnum,
3621 1589 3626 1595 ·

287 1654 637 1730 χαράγματα,
667 1658 734 1726 τῇ
761 1656 1060 1731 Ἐκκλησία
1081 1649 1556 1732 παραδεδομένους
1581 1678 1865 1715 κατασπα-

1970 1649 2246 1708 Christum
2278 1655 2530 1711 videlicet
2553 1655 2844 1714 Dominum
2868 1669 3143 1716 nostrum.
3170 1661 3394 1720 Veteres
3419 1679 3550 1736 ergo

287 1745 523 1816 ζόμενοι,
554 1747 849 1820 τὴνχάριν
893 1751 1261 1822 προτιμῶμεν
1309 1753 1406 1808 καὶ
1438 1754 1540 1824 τὴν
1581 1755 1864 1826 ἀλήθειαν,

287 1837 363 1902 ὡς
395 1837 668 1910 πλήρωμα
694 1840 862 1910 νόμου
889 1841 1096 1911 ταύτην
1116 1842 1537 1915 ὑποδεξάμενον
1569 1847 1644 1910 ὡς
1681 1847 1748 1900 ἂν
1771 1843 1867 1902 οῦν

285 1929 345 1983 τὸ
378 1929 582 1984 τέλειον
609 1930 704 1984 καὶ
733 1932 792 1984 ὲν
825 1934 946 1996 ταῖς
979 1935 1464 2006 χρωματουργίαις
1490 1938 1548 1989 ὲν
1584 1941 1703 2002 ταῖς
1728 1937 1865 1992 πάν-

285 2039 391 2075 των
418 2022 606 2092 ὄψεσιν
623 2023 1034 2096 ὑπογράφηται,
1056 2026 1150 2079 τὸν
1171 2025 1266 2080 τοῦ
1292 2027 1540 2099 αἴροντος
1565 2030 1664 2100 τὴν
1687 2031 1867 2102 ἀμαρ-

286 2116 407 2168 τίαν
434 2115 526 2168 τοῦ
555 2117 764 2188 κόσμου
788 2117 960 2186 ἀμνοῦ
991 2118 1226 2190 Χριστοῦ
1255 2119 1348 2177 τοῦ
1376 2121 1514 2175 Θεοῦ
1544 2122 1700 2192 ἡμῶν
1727 2124 1868 2178 κατά

288 2208 378 2259 τὸν
418 2203 765 2280 ἀνθρώπινον
810 2210 1137 2280 χαρακτῆρα
1159 2210 1252 2263 καὶ
1282 2213 1338 2264 εν
1363 2215 1485 2274 ταῖς
1524 2213 1729 2266 εἰκόσιν
1759 2215 1866 2268 ἀπὸ

287 2299 381 2352 το]
414 2299 510 2351 νῦν
543 2301 665 2354 ἀντὶ
693 2301 786 2354 τοῦ
827 2301 1060 2356 παλαιοῦ
1096 2303 1270 2373 ἀμνοῦ
1294 2304 1728 2374 ἀναστηλοῦσθαι
1752 2307 1867 2377 όρί-

287 2394 485 2457 ξομεν·
528 2391 596 2444 δι’
625 2393 790 2446 αὐτοῦ
819 2392 880 2446 τὸ
908 2394 1006 2465 τῆς
1035 2393 1417 2459 ταπεινώσεως
1445 2395 1576 2466 ὕψος
1608 2394 1702 2450 τοῦ
1728 2395 1864 2450 Θεοῦ

288 2482 447 2540 λόγου
481 2483 894 2548 κατανοοῦντες,
936 2483 1032 2538 καὶ
1061 2485 1199 2557 πρὸς
1231 2487 1453 2557 μνήμην
1485 2487 1582 2557 τῆς
1611 2489 1670 2540 ὲν
1701 2489 1866 2558 σαρκὶ

290 2573 584 2636 πολιτείας,
619 2574 714 2628 τοῦ
751 2591 810 2628 τε
845 2577 1050 2640 πάθους
1097 2577 1262 2632 αὐτοῦ
1302 2579 1398 2632 καί⁵
1450 2579 1546 2632 τοῦ
1596 2581 1864 2650 σωτηρίου

289 2665 521 2720 Θανάτου
559 2669 1085 2738 χειραγωγούμενοι,
1121 2670 1217 2723 καὶ
1261 2671 1360 2741 τῆς
1409 2671 1662 2725 ἐντεῦθεν
1713 2689 1867 2740 γενο-

289 2757 462 2826 μένης
517 2757 594 2828 τῷ
642 2758 833 2829 κόσμῳ
880 2759 1336 2830 ἀπολυτρώσεως.
1385 2761 1465 2814 Τὰ
1517 2762 1574 2816 δὲ
1632 2763 1866 2834 περιττὰ

286 2847 645 2918 θρυλλήματά
675 2867 737 2902 τε
770 2849 862 2902 καὶ
899 2848 1314 2921 βατταρίσματα
1335 2851 1473 2922 μετά
1501 2853 1673 2905 ταῦτα
1706 2853 1869 2907 ἀϐού-

284 2938 389 3000 λως
424 2940 833 3009 ἐκφωνηθέντα,
879 2941 954 3005 ὡς
1007 2942 1136 3014 παρ’
1165 2943 1292 3012 ύμῖν
1356 2944 1430 3014 μὴ
1475 2944 1862 3014 ἀποδεχθὲνπτ,

290 3030 425 3102 μηδὲ
471 3030 615 3085 κατά
659 3031 812 3085 θείαν
852 3033 1012 3104 χάριν
1061 3034 1390 3104 λαληθέντα,
1421 3035 1656 3090 ἀϐέϐαια
1701 3037 1866 3106 ήγοί-

289 3140 402 3191 μαι.
459 3124 567 3176 Καὶ
605 3123 817 3193 χαίρειν
865 3119 1074 3188 τούτοις
1121 3126 1389 3189 είπόντες,
1451 3128 1546 3181 καὶ
1622 3127 1866 3181 ἐκποδὼν

286 3217 668 3287 ποιησάμενοι,
715 3215 1128 3286 διαζωννύμεθα
1166 3217 1263 3280 τὰς
1317 3216 1527 3286 ὀσφύας
1568 3219 1727 3288 ἡμῶν
1765 3220 1865 3288 τῆς

283 3307 520 3370 διανοίας
550 3309 608 3360 ἐν
641 3305 892 3378 ἀληθείᾳ,
926 3308 1020 3360 καὶ
1051 3307 1446 3377 διανιστάμεθα
1492 3307 1610 3380 ἅμα
1643 3313 1753 3372 τοῖς
1777 3311 1866 3362 εύ-

286 3399 467 3452 σεδέςι
500 3399 808 3470 προμάχοις
853 3399 950 3468 τῆς
981 3397 1245 3470 ἀληθείας
1291 3402 1504 3463 πιστοῖς
1554 3400 1865 3471 βασιλεῦσιν

285 3491 443 3562 ἡμῶν
497 3491 634 3562 πρὸς
681 3491 876 3544 ἕνωσιν
904 3489 1003 3556 τῆς
1033 3489 1194 3558 ἁγίας
1241 3489 1334 3544 τοῦ
1385 3490 1520 3544 Θεοῦ
1570 3491 1865 3563 καθολικῆς

295 3584 662 3655 Ὶνῖκκλησίας·
698 3584 793 3648 οὓς
846 3585 942 3638 καὶ
979 3583 1198 3637 σύνοδον
1253 3583 1506 3652 γενέσθαι
1555 3585 1868 3653 οίκουμενι-

286 3676 388 3746 κὴν
423 3676 747 3746 ᾐτησάμεθα
797 3676 891 3728 ἐπὶ
946 3674 1220 3746 παρουσίᾳ
1254 3675 1457 3737 παντὸς
1496 3674 1589 3728 τοῦ
1622 3673 1869 3746 φιλοχρί-

286 3784 415 3822 στου
454 3767 634 3820 αὐτῶν
679 3767 811 3820 λαοῦ
832 3785 846 3798 ο
884 3767 977 3820 καὶ
1006 3769 1071 3836 τῇ
1100 3764 1345 3837 ἡμετέρᾳ
1379 3767 1592 3836 αἰτήσει
1625 3767 1868 3829 εὐσεϐῶς

285 3859 618 3913 ἐπένευσαν⁸
646 3857 770 3912 ὅθεν
815 3859 958 3930 ὑμᾶς
1008 3859 1136 3921 τοὺς
1175 3876 1195 3909 ι
1219 3857 1744 3928 ἐποικοδομηθέντας
1774 3859 1870 3912 ὲπϊ

284 3949 362 4019 τῷ
395 3949 631 4020 θεμελίῳ
679 3949 790 4002 τῶν
842 3947 1158 4002 ἀποστόλων
1201 3949 1295 4000 καὶ
1343 3949 1662 4018 προφητῶν,
1715 3949 1868 4012 δντος

283 4041 684 4110 ἀκρογωνιαίου
745 4039 914 4093 αὐτοῦ
957 4037 1134 4109 Ἰησοῦ
1197 4036 1501 4107 Χριστοῦ,›
1566 4039 1748 4102 καθὼς
1809 4041 1868 4094 ἐν

283 4134 399 4196 τοῖς
441 4131 678 4202 πρόσθεν
725 4132 960 4203 εἴρηται,
1016 4129 1340 4200 συμμάχους
1389 4130 1483 4183 καὶ
1537 4130 1866 4196 συνοπαδοὺς

285 4227 384 4279 καὶ
419 4225 792 4287 συνασπιστὰς
835 4224 1147 4294 λαϐόμενοι,
1180 4241 1198 4274 ι
1231 4222 1561 4292 πεποίθησιν
1607 4225 1867 4295 τοιαύτην

1970 1743 2173 1814 tiguras
2209 1753 2263 1802 et
2293 1744 2538 1811 umbras,
2570 1756 2758 1817 utpote
2787 1749 3034 1805 veritatis
3056 1750 3294 1818 ,indieia,
3327 1760 3380 1807 et
3409 1768 3550 1821 prte-

1967 1835 2224 1892 cedentcs
2274 1837 2636 1895 characteres
2674 1839 2929 1898 Ecclesia:
2965 1843 3196 1900 traditos
3221 1846 3547 1913 salutantes,

1969 1927 2198 1996 gratiam
2251 1926 2460 1983 honore
2504 1927 2846 1998 przeferimus
2889 1939 2944 1985 et
2976 1932 3284 1998 veritatem,
3319 1933 3460 1988 hanc
3489 1940 3549 1988 ut

1969 2017 2107 2086 legis
2151 2018 2543 2088 plenitudinem
2593 2019 2966 2076 admittentes.
3003 2020 3072 2076 Ut
3106 2037 3239 2090 ergo
3271 2022 3541 2092 perfectio

1966 2110 2132 2166 etiam
2169 2126 2264 2180 per
2297 2111 2546 2167 colorum
2569 2114 2915 2182 operationes
2951 2113 3004 2168 in
3035 2115 3281 2168 onmium
3307 2116 3548 2172 vultibus

1967 2201 2312 2272 depingatur,
2363 2203 2736 2258 characterem
2782 2205 2922 2274 Agni
2962 2202 3057 2258 Dei
3110 2205 3282 2261 nostri
3314 2204 3544 2271 Christi,

1968 2297 2062 2366 qui
2113 2297 2254 2352 tollit
2281 2306 2497 2366 peccata
2537 2297 2748 2362 mundi,
2795 2297 3095 2353 secundum
3146 2299 3544 2354 humanitatem

1967 2390 2132 2445 etiam
2172 2390 2227 2443 in
2271 2389 2446 2445 iconis
2483 2405 2551 2444 ex
2595 2389 2700 2444 hoc
2733 2405 2832 2460 pro
2873 2392 3039 2446 veteri
3072 2406 3215 2463 agno
3253 2391 3548 2449 definimus

1967 2479 2220 2552 depingi:
2255 2497 2351 2551 per
2377 2495 2502 2537 eum
2531 2481 2784 2537 videlicet
2821 2482 3196 2538 celsitudinem
3225 2483 3548 2538 humilitatis

1970 2571 2064 2627 Dei
2094 2572 2254 2628 Verbi
2283 2575 2718 2638 considerantes,
2751 2585 2804 2630 et
2842 2576 2907 2629 ad
2947 2576 3266 2630 memoriam
3303 2591 3545 2631 conver-

1969 2667 2200 2722 sationis
2229 2683 2394 2736 quam
2435 2665 2488 2720 in
2526 2683 2692 2721 carne
2725 2667 2916 2736 gessit,
2947 2667 3218 2737 passionis
3235 2683 3458 2738 quoque
3481 2682 3549 2723 ac

1969 2757 2225 2812 salutaris
2257 2758 2449 2813 mortis
2498 2759 2618 2827 ejus
2657 2757 2902 2826 adducti,
2941 2768 3104 2828 atque
3151 2759 3545 2830 redemptionis

1971 2865 2091 2919 qius
2133 2850 2260 2906 hinc
2283 2859 2366 2906 est
2403 2853 2610 2905 mundo
2633 2851 2843 2906 effecta.
2891 2851 3207 2920 Snperlluas
3240 2861 3419 2906 autem
3460 2863 3548 2906 tus

1969 2944 2362 3000 mnltuatioues
2409 2954 2464 3000 et
2510 2945 2861 3016 garrulitates
2909 2955 3030 3016 post
3063 2945 3178 3000 lucc
3238 2945 3547 3001 inconsulte

1971 3033 2364 3105 promulgatas,
2409 3043 2467 3089 ut
2497 3034 2638 3103 apud
2669 3048 2768 3089 vos
2801 3033 3028 3088 minime
3058 3040 3322 3102 receptas,
3370 3047 3546 3098 neque

1968 3142 2066 3196 per
2106 3127 2348 3181 divinam
2401 3127 2631 3196 gratiam
2681 3126 2881 3190 dictas,
2925 3125 3112 3180 irritas
3157 3124 3542 3180 restimamus:

1956 3223 2019 3274 ‘ct
2055 3234 2155 3272 ave
2211 3219 2331 3273 istis
2375 3219 2640 3285 dicentes,
2681 3217 3264 3290 fugaccsquefacturi,
3303 3216 3547 3287 accingi-

1966 3326 2088 3366 mns
2123 3311 2338 3366 lumbos
2381 3312 2579 3365 mentis
2606 3319 2809 3366 nostra:
2839 3310 2894 3364 in
2943 3310 3192 3374 veritate,
3224 3318 3277 3366 et
3308 3307 3546 3366 suscita-

1967 3419 2090 3458 mnr
2112 3419 2218 3458 una
2242 3421 2365 3460 eum
2397 3403 2502 3473 piis
2518 3413 2571 3458 et
2592 3402 2846 3458 fidelibus
2868 3402 3294 3472 imperatoribus
3317 3403 3543 3468 nostris,

1967 3495 2464 3566 propugnatoribus
2535 3495 2786 3550 videlicet
2849 3496 3115 3561 veritatis,
3165 3495 3233 3550 ad
3282 3493 3544 3548 unitatem

1968 3598 2170 3640 sancte
2195 3587 2288 3640 Dei
2320 3585 2575 3642 Ecclesia:
2603 3607 2617 3642 :
2653 3604 2682 3642 a
2708 3587 2911 3658 quibus
2935 3600 2990 3642 et
3016 3587 3286 3663 synodum
3325 3586 3549 3640 univer-

1967 3678 2136 3732 salem
2165 3677 2458 3747 petivimus
2478 3678 2532 3730 in
2554 3679 2843 3747 praesentia
2859 3678 3027 3732 totius
3048 3693 3240 3732 eorum
3267 3677 3381 3730 Deo
3399 3692 3547 3731 ama-

1968 3770 2093 3825 bilis
2118 3770 2320 3840 populi,
2349 3778 2403 3824 ct
2425 3769 2779 3840 postulationi
2832 3779 3034 3824 nostra:
3088 3769 3174 3837 pie
3207 3777 3538 3821 annuerunt.

1970 3860 2124 3917 Unde
2156 3875 2248 3916 vas
2263 3861 2354 3930 qui
2379 3879 2399 3912 ι
2425 3859 2838 3930 superaediticati
2863 3860 2994 3914 estis
3031 3873 3196 3926 super
3217 3856 3544 3911 fundamen-

1971 3965 2084 4008 tum
2122 3953 2498 4023 apostoloram
2533 3963 2588 4006 et
2621 3952 3033 4022 prolihetarum,
3076 3951 3254 4018 ipsum
3292 3947 3547 4002 videlicet

1969 4059 2244 4100 summum
2266 4051 2320 4098 et
2341 4043 2657 4114 angularem
2683 4040 2916 4110 lapidem
2937 4041 3216 4095 Christum
3239 4037 3424 4094 Jesum
3439 4038 3508 4103 ⁷⁸,
3523 4057 3542 4090 ι

1978 4135 2439 4206 quemadmodum
2479 4135 2532 4189 in
2567 4133 2998 4206 przccedentibus
3046 4132 3259 4186 dictum
3276 4141 3380 4192 est.
3415 4147 3547 4185 con--

1972 4237 2272 4284 certatores
2295 4237 2348 4284 ct
2369 4236 2781 4284 consectatores
2811 4241 2878 4282 ac
2901 4225 3264 4280 auxiliatores
3315 4238 3545 4278 sumen-

281 4317 484 4387 ἔχομεν
538 4316 637 4388 τὴν
686 4316 822 4388 πρὸς
866 4316 1032 4369 Θεὸν·
1069 4314 1167 4384 οὐχ
1213 4315 1298 4367 ὅτι
1348 4315 1522 4366 ἱκανοί
1569 4318 1737 4386 ἐσμεν
1771 4317 1865 4386 ἀφ’

1975 4330 2074 4384 tes,
2101 4319 2540 4382 «Confidentiam
2595 4319 2757 4378 talem
2807 4317 3070 4372 trahemus
3111 4316 3177 4370 ad
3218 4313 3543 4368 Dominum:

283 4409 496 4464 ἑαυτῶν
527 4409 848 4478 λογίσασθαί
867 4425 918 4461 τι
943 4407 1019 4470 ὡς
1050 4406 1110 4473 ἐξ
1137 4405 1365 4469 ἑαυτῶν,
1395 4405 1512 4458 ἀλλ’
1541 4407 1574 4477 η
1617 4408 1869 4474 ἱκανότης

283 4503 447 4572 ἡμῶν
476 4503 544 4556 ὲκ
570 4501 664 4556 τοῦ
698 4488 1028 4556 Θεοῦέστιν.
1058 4524 1076 4554 ι
1111 4504 1237 4558 Ὄτι
1269 4506 1337 4560 τὰ
1366 4505 1704 4578 διερρωγότα
1731 4506 1870 4578 μέλη

285 4594 380 4645 καὶ
399 4591 802 4662 ἀποσχισθέντα
817 4593 896 4657 είς
909 4591 966 4645 ἓν
981 4593 1141 4664 σῶμα
1165 4596 1754 4668 συναρμολογούμενον
1776 4599 1870 4652 καὶ

285 4684 762 4754 συ,λ.ϐι6αζόμενον
783 4687 882 4756 τὴν
911 4684 1142 4756 αὔξησιν
1173 4689 1486 4758 ποιήσεται,
1509 4691 1569 4742 ἐν
1593 4684 1675 4754 οἷς
1697 4707 1872 4758 κεφα-

285 4778 351 4848 λή
374 4779 521 4831 ἐστιν
545 4780 572 4832 ὁ
602 4779 859 4850 Χριστός.
888 4780 999 4832 Καὶ
1026 4781 1226 4850 μηκέτι
1267 4781 1352 4852 εἴη
1378 4781 1867 4853 διεσκορπισμένα.

361 4871 470 4923 Καὶ
517 4871 703 4924 λοιπὸν
768 4871 1028 4943 αἰτοῦμαι
1081 4874 1182 4944 τήν
1237 4873 1516 4946 ὑμετέραν
1584 4875 1868 4947 ἀγιότητα,

283 4963 392 5024 ἕως
423 4963 532 5017 τῶν
559 4963 654 5018 δύο
684 4966 1080 5036 τοποτηρητῶν
1120 4967 1439 5022 ἀποστεῖλαι
1476 4969 1618 5038 μετά
1676 4969 1872 5040 θεηγόο

289 5069 387 5121 ρου
414 5054 772 5124 γραμματίου
801 5053 976 5124 ὑμῶν,
1007 5057 1102 5109 καὶ
1136 5057 1190 5110 εἷ
1217 5057 1271 5109 τί
1311 5058 1460 5110 ἐστιν
1505 5058 1635 5126 ύμῖν
1677 5060 1744 5112 ὲκ
1772 5059 1866 5113 τοῦ

285 5145 425 5199 Θεοῦ
455 5146 815 5216 ἐνηχούμενον
842 5150 972 5219 περὶ
997 5149 1097 5217 τῆς
1119 5149 1430 5214 ὑποθέσεως
1451 5151 1672 5220 ταύτης,
1710 5169 1868 5219 φανεο

289 5240 500 5310 ρώσατε
535 5243 695 5310 ἡμῖν’
743 5241 819 5304 ὡς
868 5242 1190 5310 ὀφειλόντων
1217 5245 1309 5298 καλ⁸
1339 5243 1450 5297 τῶν
1478 5247 1865 5316 τοποτηρητῶν

288 5332 466 5401 ὑμῶν,
519 5333 612 5386 καὶ
663 5333 771 5385 τῶν
825 5334 1170 5404 γραμμάτων
1222 5335 1376 5406 ὑμῶν
1428 5337 1717 5400 συνοδικῶς
1771 5340 1866 5390 ἐπὶ

287 5423 450 5488 πᾶσι,
475 5425 586 5478 τῶν
616 5427 716 5496 μὲν
745 5425 998 5496 λαλῆσαι,
1025 5427 1134 5479 τῶν
1163 5426 1220 5478 δὲ
1245 5428 1682 5500 ἀναγνωσθῆναι,
1716 5435 1863 5498 ὅπως

281 5513 485 5586 ἐνωθῇ,
525 5516 594 5570 τὰ
643 5517 1014 5588 διεσχισμένα.
1062 5517 1202 5571 Αὐτὸ
1231 5519 1338 5590 γὰρ
1378 5520 1536 5574 τοῦτο
1586 5525 1675 5574 καὶ
1713 5526 1861 5593 παρὰ

362 5668 409 5702 τ’
439 5669 634 5741 Ephcs.
673 5687 731 5736 ιι,
757 5669 846 5724 '20.
927 5671 968 5701 ⁷⁸
1002 5668 1042 5722 ll
1076 5670 1198 5724 Cor.
1247 5688 1324 5736 ιιι,
1359 5672 1411 5738 .l,
1449 5675 1499 5728 .‘i.

1968 4430 2074 4468 non
2099 4413 2242 4482 quod
2265 4413 2596 4468 sutlicientes
2625 4427 2816 4467 sumus
2831 4410 3072 4480 cogitare
3098 4408 3301 4479 aliquid
3322 4423 3350 4462 a
3367 4409 3547 4470 nobis,

1967 4505 2127 4575 quasi
2167 4520 2197 4558 a
2220 4505 2396 4570 nobis,
2417 4505 2511 4580 sed
2539 4501 2860 4557 sufﬁcientia
2882 4512 3068 4556 nostra
3087 4517 3151 4554 ex
3177 4499 3286 4556 Deo
3329 4500 3494 4568 est";
3525 4522 3542 4553 ι

1968 4597 2095 4666 quia
2128 4595 2376 4664 disrupta
2409 4594 2654 4648 membra
2701 4601 2757 4650 et
2791 4591 3023 4646 disciss:i
3053 4592 3104 4644 in
3143 4607 3314 4643 llllllm
3349 4605 3548 4661 corpus

1967 4694 2311 4755 compactum
2343 4693 2397 4740 et
2419 4699 2729 4738 connexum
2765 4699 3016 4739 crescere
3043 4681 3230 4746 faciet,
3255 4683 3308 4736 in
3342 4683 3550 4752 quibus

1965 4775 2515 4846 captitestChristus,
2545 4783 2599 4829 et
2629 4775 2907 4844 ultrajnn
2935 4791 3044 4830 non
3074 4785 3236 4828 erunt
3273 4776 3547 4844 dispersa.

2040 4867 2115 4922 De
2151 4875 2347 4922 caztero
2391 4881 2651 4938 rogamus
2684 4867 3029 4923 sanctitatem
3073 4879 3334 4929 vestram,
3371 4883 3550 4938 usque

1968 4960 2034 5014 ad
2065 4962 2204 5016 duos
2240 4957 2520 5033 [vicarios]
2556 4960 2660 5014 loci
2691 4969 2998 5016 servatores
3025 4961 3244 5016 mittere
3273 4977 3399 5014 cum
3432 4961 3551 5014 dei-

1969 5053 2128 5122 l0qua
2157 5052 2389 5121 epistola
2429 5068 2552 5118 sua,
2587 5062 2642 5108 et
2670 5053 2937 5124 quidquid
2961 5052 3068 5110 sibi
3095 5052 3547 5108 fueritdivinitus

1967 5161 2130 5214 super
2164 5146 2269 5200 hoc
2303 5147 2521 5216 negotio
2573 5148 2894 5214 revelatum,
2927 5147 3087 5203 nobis
3137 5145 3318 5198 facere
3369 5143 3548 5196 mani—

1973 5235 2172 5292 festum
2208 5256 2223 5306 ;
2281 5251 2342 5294 ut
2389 5243 2691 5297 secundum
2726 5246 2870 5312 quod
2892 5241 3132 5296 debitutn
3155 5247 3262 5302 est,
3297 5247 3404 5290 tam
3439 5235 3544 5292 loci

1971 5343 2296 5398 servatores,
2335 5351 2501 5404 quant
2559 5336 2754 5392 littera:
2798 5345 2996 5392 vestra:
3029 5333 3307 5419 synodicae
3332 5330 3450 5386 sive
3475 5332 3540 5384 ad

1975 5426 2460 5496 loquendum,sive
2475 5431 2540 5484 ad
2575 5428 2864 5500 legendum
2895 5427 2948 5480 in
2971 5425 3230 5488 omnibus
3259 5421 3546 5477 invenian-

1973 5538 2076 5590 tur,
2125 5534 2392 5596 quatenus
2449 5539 2545 5593 per
2595 5523 2698 5576 hoc
2721 5535 2841 5592 quzc
2869 5517 3041 5575 scissa
3064 5523 3212 5582 sunt,
3244 5514 3540 5568 uniantur:
