3936 6212
305 249 438 320 Ῑίϐλ

1735 247 2145 310 EPISTOLE.

3443 237 3580 306 1470

302 363 399 418 καὶ
468 362 778 434 προφάσεις
832 363 955 418 καθ’
991 364 1252 435 ἑκάστην,
1313 367 1394 428 ὡς
1470 363 1600 429 ἔπος
1677 366 1880 426 εἰπεῖν,

1991 363 2102 416 lant
2139 359 2208 424 ’⁸,
2251 377 2270 412 ι
2299 371 2364 413 ac
2398 371 2494 428 per
2531 353 2777 428 singulos
2815 367 2954 424 pene
2983 351 3100 408 dies
3132 349 3452 408 occasiones
3483 368 3580 432 es-

302 451 514 525 ηειέραν
547 453 958 525 ἐπιζητούντων
1000 455 1096 508 τοῦ
1147 455 1462 510 θανατῶσαι
1497 457 1591 510 καὶ
1620 457 1888 511 ἀπολέσαι

301 544 447 616 ἡμᾶς
466 559 484 577 ⁸
513 546 659 618 χαρᾷ
681 545 761 612 δὲ,
791 543 880 599 διὰ
919 544 1020 616 τὴν
1042 545 1432 616 ὲκλάμπουσαν
1461 549 1518 602 ἐν
1554 548 1686 618 ύμῖν
1719 548 1885 621 [ἄλλ.

299 635 357 687 ὲν
405 633 615 714 αὐτοζς]
655 633 894 689 ἀκτίνων
962 634 1122 704 δίκην
1171 635 1416 706 ἡλιακῶν
1465 636 1564 706 τῆς
1599 633 1885 708 ὀρθοδόξου

305 725 546 789 πίστεως
603 727 918 798 ἀκρίϐειαν.
977 727 1074 780 καὶ
1122 727 1232 781 τῶν
1278 727 1658 780 ἀποστολικῶν
1703 743 1763 778 τε
1793 726 1889 779 καὶ

300 816 592 887 Πατρικῶν
619 817 911 890 δογμάτων
930 807 1370 888 διαφανεστάτην
1395 817 1721 882 ὲξὲιπλωσιν.
1749 815 1888 888 Περὶ

299 903 374 963 ὧν
408 911 686 982 εὐκαίρως
735 911 836 982 τῆς
888 911 985 964 τοῦ
1026 912 1308 983 προφήτου
1365 909 1634 981 Ζαχαρίου
1663 908 1888 978 καὶτῆς

297 999 390 1054 τοῦ
422 999 586 1069 λόγου
623 999 812 1071 φωνῆς
839 985 1169 1071 γεννήτορος
1195 1002 1277 1064 είς
1309 1000 1529 1070 μνήμην
1567 999 1713 1069 ᾠδῆς
1756 997 1886 1068 ἐλη-

295 1091 540 1156 λυθότες,
569 1091 974 1162 μεγαλοφώνως
1001 1091 1216 1162 βοῶμεν
1237 1109 1252 1122 ·
1293 1112 1308 1145 ι
1352 1091 1771 1162 Ἐπεσκέψατοή
1781 1091 1888 1160 μᾶς

297 1183 540 1254 ἀνατολὴ
587 1183 860 1256 παμφαὴς
913 1183 974 1250 ἐξ
1025 1182 1192 1253 ὕψους
1219 1204 1238 1237 ι
1301 1182 1644 1258 θεωρητικῆς
1691 1199 1749 1235 τε
1793 1181 1888 1236 καὶ

298 1275 778 1346 θεοςρονεστάτης
825 1276 1086 1341 διανοίας,
1133 1279 1248 1340 τοίς
1294 1278 1354 1330 ἐν
1399 1275 1580 1329 σκότει
1613 1275 1708 1328 καὶ
1761 1273 1888 1342 σκιᾷ

296 1365 559 1434 θανάτου,
593 1369 945 1438 κακοτρόπου
999 1368 1230 1438 πλάνης,
1261 1369 1382 1438 ἦτοι
1423 1365 1722 1438 Ἀραϐικῆς
1760 1365 1882 1419 δυσι

296 1454 536 1520 σεϐείας,
569 1457 899 1528 καθημένοις
935 1450 1093 1530 ήμῖν,
1125 1457 1222 1512 τοῦ
1262 1457 1592 1512 κατευθῦναι
1621 1457 1749 1520 τοὺς
1765 1473 1882 1528 νοη-

300 1547 572 1618 ματικοῦς
609 1549 767 1620 ἡμῶν
809 1551 976 1614 πόδας
1009 1551 1092 1614 είς
1135 1550 1254 1604 ὁδὸν
1290 1549 1387 1602 καὶ
1413 1547 1633 1620 τρίϐους
1681 1550 1879 1619 εἰρηνι-

305 1637 412 1706 κῆς
439 1639 847 1704 καταστάσεως.
877 1658 896 1692 ‹
922 1639 1018 1703 Τίς
1047 1639 1272 1709 λαλήσει
1306 1639 1401 1702 τὰς
1429 1636 1744 1700 δυναστείας
1782 1637 1890 1690 Κυ-

1993 452 2239 524 qnirunt,
2284 458 2348 503 ut
2377 464 2479 504 nos
2507 447 2671 503 morti
2703 446 2951 508 tradant,
2981 453 3037 500 et
3065 443 3296 514 perdant
3329 485 3345 510 ,
3379 443 3583 514 gaudio

1991 559 2143 608 vero,
2175 548 2400 613 propter
2439 539 2726 595 veritatem
2752 536 3074 592 orthodoxa:
3107 534 3232 590 ﬁdei
3266 549 3387 606 qua:
3418 535 3584 606 fulget

1991 636 2045 690 in
2065 635 2146 690 eis
2173 633 2437 688 solarium
2470 645 2625 685 more
2657 628 2964 694 radiorum,
2999 635 3053 682 et
3073 626 3582 683 luculentissim‘am

1989 725 2431 796 explanationem
2482 721 2908 793 apostolicorum
2944 719 3268 790 dogmatum
3307 728 3362 774 et
3400 728 3585 790 pater-

1990 833 2210 872 norum.
2247 815 2324 870 De
2354 814 2556 886 quibus
2588 821 2710 884 apte
2752 812 3053 882 genitorem
3105 811 3258 866 vocis
3291 809 3482 873 Verbi,
3528 811 3583 866 id

1988 917 2090 976 cst,
2137 907 2457 978 prophetam
2489 903 2812 960 Zachariam
2853 901 2920 957 ad
2951 901 3276 956 memoriam
3308 901 3582 956 reducen-

1991 1012 2094 1064 tes,
2129 1014 2326 1070 magna
2355 1012 2490 1053 voce
2523 997 2868 1052 clamamus:
2907 1013 2926 1045 ι
2966 992 3224 1048 Visitavit
3253 1007 3356 1048 nos
3392 992 3582 1048 oriens

1988 1108 2054 1148 ex
2081 1092 2193 1147 alto
2231 1093 2298 1155 τ’,
2343 1109 2360 1142 ι
2389 1089 2732 1161 splendidius
2789 1086 3033 1142 theorica
3059 1093 3114 1138 et
3161 1085 3345 1140 divina
3398 1083 3583 1154 provi-

1987 1181 2170 1237 dentia
2210 1181 2499 1236 illustrata:
2527 1177 2750 1242 mentis,
2783 1176 2838 1231 in
2865 1175 3104 1234 tenebris
3133 1185 3190 1230 et
3214 1175 3410 1230 umbra
3435 1190 3583 1230 mor-

1989 1274 2060 1329 tis
2083 1271 2308 1343 maligni
2339 1269 2565 1332 erroris,
2600 1269 2655 1323 id
2683 1278 2788 1334 est,
2813 1267 3062 1323 Arabica:
3117 1265 3416 1336 impietatis
3441 1305 3458 1330 ,
3494 1282 3584 1322 se-

1999 1359 2190 1413 dentes
2214 1397 2230 1422 ,
2275 1357 2342 1412 ad
2395 1355 2712 1426 dirigendos
2764 1353 3134 1424 intelligibilcs
3165 1355 3329 1424 pedes
3359 1363 3584 1410 nostros

1989 1448 2042 1503 in
2085 1447 2225 1502 viam
2263 1455 2316 1501 et
2347 1445 2574 1503 semitas
2607 1443 2861 1514 paciferae
2889 1445 3340 1500 consﬁtutionis.
3378 1463 3398 1496 ι
3437 1443 3579 1511 Quis

1989 1539 2247 1608 loquetur
2291 1537 2564 1606 potentias
2623 1535 2838 1590 Domini
2867 1535 2912 1568 ⁸ο
2937 1536 2960 1588 ?
2987 1553 3006 1586 ι
3045 1535 3336 1590 nobiscum
3386 1536 3584 1606 psallat

1990 1629 2160 1684 David
2185 1639 2340 1698 pater
2365 1627 2456 1682 Dei
2489 1644 2505 1694 ;
2545 1645 2563 1678 ι
2593 1625 2705 1681 Aut
2753 1625 2972 1681 auditas
2999 1624 3161 1681 faciet
3183 1640 3374 1683 omnes
3396 1627 3585 1685 laudes

297 1728 492 1798 ρίου;ι
534 1730 895 1801 συμψαλλέτω
937 1731 1102 1784 Δαὸὶδ
1142 1732 1274 1800 ἡμῖν
1311 1733 1339 1784 6
1389 1729 1714 1800 θεοπάτωρο
1747 1747 1766 1781 ι
1800 1729 1887 1782 Ἀ·

1991 1722 2108 1792 ejus
2132 1721 2226 1775 ⁸¹ἳ
2262 1739 2280 1773 ι
2319 1719 2583 1792 quoniam
2640 1719 2902 1774 misertus
2954 1726 3042 1801 est
3095 1717 3245 1775 Deus
3307 1713 3584 1790 desperati

294 1819 531 1883 κουστὰς
578 1821 798 1890 ποιήσει
831 1820 1016 1885 πάσας
1065 1821 1164 1884 τὰς
1217 1819 1459 1883 αίνέσεις
1516 1817 1715 1886 αὑτοῦ;
1747 1838 1766 1871 υ
1799 1818 1884 1872 ὅτι

291 1912 533 1982 ἠλέησεν
559 1913 588 1965 ὁ
619 1911 753 1975 Θεὸς
796 1913 888 1965 τὸν
917 1911 1349 1990 ἀπεγνωσμένον
1390 1911 1522 1965 λαὸν
1559 1910 1750 1976 αὑτοῦ,
1789 1911 1885 1965 καὶ

293 2005 363 2057 τὰ
395 2003 666 2058 διεστῶτα
704 2007 840 2076 πρὸς
880 2005 1010 2077 μίαν
1045 2004 1254 2076 συνῆψε
1301 2004 1542 2068 πίστεως
1593 2003 1882 2074 ἁρμονίαν.

299 2114 319 2148 ι
355 2096 480 2150 Ὀτι
513 2095 705 2168 ἤγειρε
738 2096 908 2166 κέρας
966 2097 1248 2169 σωτηρίας
1291 2098 1424 2168 ἡμῖν
1449 2115 1468 2147 ι
1507 2098 1603 2150 καὶ
1649 2095 1889 2168 ἀνορθώ-

299 2201 443 2248 σεως
490 2187 548 2239 ὲν
572 2187 706 2257 οἴκῳ
739 2187 831 2240 καὶ
859 2185 1095 2258 θεοδόχῳ
1126 2185 1241 2258 ναῷ
1271 2187 1365 2240 τοῦ
1399 2185 1725 2258 μονογενοῦς
1755 2185 1887 2240 Υἱοῦ

296 2278 494 2344 αὑτοῦ,
545 2281 755 2351 Κυρίου
797 2280 854 2334 δὲ
883 2282 978 2335 καὶ
1015 2280 1154 2336 Θεοῦ
1185 2283 1281 2336 καὶ
1302 2283 1557 2352 Σωτῆρος
1580 2281 1738 2354 ἡμῶν
1785 2281 1889 2351 ’ἰη-

293 2369 392 2424 σοῦ
436 2369 704 2441 Χριστοῦ·
740 2371 944 2436 οἵτινές
1003 2372 1126 2425 ὲστε
1169 2373 1328 2443 ὑμεῖς
1369 2371 1684 2442 ἁγιώτατοι,
1719 2372 1816 2425 καὶ⁹
1841 2372 1890 2426 οι

291 2461 366 2514 τὰ
403 2461 634 2533 δεύτερα
683 2461 826 2516 κατὰ
857 2462 1060 2534 θεσμὸν
1101 2464 1197 2518 καὶ
1243 2464 1400 2532 τάξιν
1440 2464 1768 2536 Ἐκκλησίας
1797 2463 1894 2534 φέ-

299 2569 489 2622 ροντες
537 2555 690 2624 ὑμῶν
744 2554 1065 2632 θεοστεφεῖς
1097 2557 1450 2627 τροπαιοῦχοι
1498 2557 1592 2610 καὶ
1620 2556 1892 2627 θεοψήφιο

295 2663 420 2698 στοι
468 2645 712 2716 βασιλεῖς
761 2645 922 2719 ἡμῶν
953 2650 1050 2703 καὶ
1077 2648 1341 2703 δεσπόται
1377 2650 1478 2720 τῆς
1505 2649 1845 2722 οἰκουμένης
1871 2665 1884 2680 ο

295 2738 574 2810 ἱερωσύνη
607 2739 716 2811 γὰρ
749 2739 1032 2810 βασιλείας
1063 2741 1340 2812 ἁγιασμὸς
1369 2743 1606 2798 ἐστικαὶ
1637 2742 1895 2822 ἁναστοι·

292 2826 540 2898 χείωσις,
577 2830 676 2882 καὶ
729 2828 978 2900 βασιλεία
1033 2829 1338 2904 ἱερωσύνης
1405 2831 1557 2902 ἰσχῦς
1620 2831 1714 2886 καὶ
1761 2847 1893 2902 κρα-

290 2919 540 2988 ταίωμα,
595 2920 731 2991 Περὶ
791 2911 866 2973 ὧν
917 2921 1083 2988 σοφός
1123 2937 1181 2974 τε
1208 2919 1342 2986 ἅναξ
1372 2921 1470 2974 καὶ
1499 2921 1557 2974 ὲν
1584 2919 1898 2989 βασιλεῦσιν

291 3009 474 3078 ἁγίοις
521 3009 623 3082 ἔφη
696 3013 1163 3082 μακαριστότατκ
1193 3029 1206 3042 ’
1235 3013 1510 3080 Μέγιστον
1545 3011 1718 3084 δῶρον
1766 3012 1898 3075 Θεὸς

1990 1813 2177 1884 populi
2211 1812 2323 1880 sui,
2365 1821 2418 1868 et
2451 1811 2710 1867 distantia
2740 1811 2807 1865 ad
2835 1800 3005 1866 unam
3029 1810 3156 1867 fidei
3193 1811 3418 1880 collegit
3448 1812 3582 1885 bar-

1989 1907 2254 1962 moniam.
2289 1925 2308 1958 ι
2359 1905 2426 1960 Ει
2473 1904 2651 1961 erexit
2708 1919 2879 1960 cornu
2918 1905 3114 1966 salutis
3153 1903 3314 1960 nobis
3344 1903 3390 1936 ³⁸
3419 1942 3436 1969 ,
3474 1922 3494 1956 ι
3531 1912 3586 1959 et

1989 1999 2312 2056 directionis
2347 1997 2404 2052 in
2437 1998 2624 2064 domo,
2651 2006 2704 2052 et
2735 1997 3020 2053 dominum
3052 1996 3352 2067 recipiente
3381 1996 3585 2065 templo

1989 2091 2258 2164 unigeniti
2284 2090 2406 2145 Filii
2445 2090 2554 2156 sui,
2594 2088 2812 2144 Domini
2855 2089 3110 2144 videlicet
3144 2087 3238 2143 Dei
3267 2103 3333 2143 ac
3387 2085 3584 2142 Salva-

1991 2183 2128 2252 toris
2153 2182 2328 2239 nostri
2356 2179 2486 2237 Jesu
2509 2179 2715 2236 Christi
2747 2197 2762 2235 :
2798 2179 2947 2250 quod
2977 2179 3114 2234 estis
3144 2191 3242 2234 vos
3290 2176 3580 2234 sanctissi-

1991 2274 2065 2329 mi
2083 2274 2338 2345 “,alque
2363 2273 2422 2328 hi
2450 2273 2544 2344 qui
2573 2280 2757 2342 partes
2775 2271 3047 2328 secundas
3075 2269 3337 2326 Ecclesiae
3363 2273 3586 2339 portant

1991 2381 2086 2436 per
2114 2363 2289 2434 legem
2321 2371 2376 2419 et
2403 2363 2651 2418 ordinem
2699 2361 2964 2418 Ecclesiae
2995 2369 3234 2426 nostrae,
3269 2358 3580 2429 triumpha-

1991 2466 2138 2512 tores
2193 2443 2536 2512 scilicet'ac
2595 2455 2862 2511 divinitus
2919 2453 3155 2509 redimiti
3214 2467 3313 2508 seu
3369 2449 3580 2506 decreti

1993 2535 2269 2620 principes
2301 2547 2472 2604 nostri
2511 2555 2566 2603 et
2597 2547 2807 2602 domini
2841 2555 3115 2602 terrarum
3159 2544 3338 2600 orbis.
3388 2540 3588 2600 Sacer-

1994 2641 2208 2696 dotium
2292 2639 2438 2694 enim
2493 2637 2708 2708 imperii
2759 2637 3126 2694 sanctificatio
3189 2645 3275 2694 est
3343 2645 3396 2693 et
3449 2649 3586 2693 con-

1998 2733 2248 2798 stitutio,
2277 2740 2332 2788 et
2363 2731 2656 2802 imperium
2686 2730 2982 2786 sacerdotii
3021 2728 3290 2786 fortitudo
3316 2737 3373 2786 et
3393 2729 3584 2784 ﬁrma-

1999 2834 2290 2880 mentum:
2339 2824 2408 2880 de
2450 2822 2656 2894 quibus
2724 2825 2943 2894 sapiens
2977 2823 3200 2894 quidam
3241 2823 3500 2894 princeps
3528 2829 3585 2880 et

2009 2919 2066 2973 in
2124 2918 2332 2974 sanctis
2405 2917 2628 2988 regibus
2693 2917 3053 2973 beatissimus
3107 2917 3233 2972 ait:
3279 2915 3582 2972 Maximum

2000 3009 2206 3065 donum
2243 3007 2387 3065 Deus
2432 3007 2752 3065 hominibus
2798 3007 3072 3080 praestitit,
3131 3006 3502 3064 sacerdotium
3531 3015 3588 3062 et

292 3075 622 3171 ἀνθρώποις
674 3075 950 3174 παρέσχεν
1025 3075 1347 3176 ἱερωσύνην-
1404 3101 1519 3158 ’καὶ
1581 3075 1887 3174 βασιλείαν·

2003 3101 2293 3169 imperium
2329 3119 2342 3156 :
2371 3100 2505 3155 illud
2537 3100 2760 3171 quidem
2792 3075 3070 3155 adornans
3103 3109 3158 3156 et
3181 3113 3380 3170 regens
3409 3099 3583 3156 cmis-

291 3190 396 3262 τὴν
466 3190 564 3261 μὲν
615 3191 684 3246 τὰ
733 3193 964 3264 οὐράνια
1022 3195 1483 3270 κατακοσμοῦσπαν
1527 3196 1622 3249 καὶ
1674 3196 1892 3250 διέπουο

291 3299 418 3349 σιν,
451 3282 546 3356 τὴν
576 3284 634 3338 δὲ
660 3283 1012 3350 οίακίξουσαν
1037 3287 1260 3356 θεσμοῖς
1287 3287 1519 3350 δικαίοις
1553 3287 1622 3340 τὰ
1652 3287 1888 3356 ἐπίγεια.

288 3375 414 3429 Νῦν
491 3375 710 3446 ἀληθῶς
760 3377 821 3432 τὸ
877 3379 1196 3447 μεσότοιχον
1234 3375 1330 3430 τοῦ
1387 3375 1672 3448 φραγμοῦ
1709 3379 1902 3432 διαλὲέ

287 3469 486 3533 λυται,
545 3470 640 3523 καὶ
698 3469 992 3540 συμφωνία
1051 3469 1318 3541 κατάρχει
1391 3469 1732 3540 διαφωνίας,
1797 3472 1893 3526 κα)⁸

289 3559 608 3614 ύποκύπτει
645 3559 840 3617 ἐνώσει
899 3561 1184 3634 διαίρεσις,
1221 3563 1315 3616 καὶ
1363 3549 1891 3635 φροῦδος’κατέστη

286 3651 616 3716 διάστασις·
656 3653 817 3722 καὶὴ
868 3655 1058 3725 εἰρήνη
1129 3653 1218 3708 τοῦ
1277 3655 1415 3710 Θεοῦ
1463 3657 1498 3727 ἡ
1540 3657 1892 3728 ὑπερέχουσα

293 3747 487 3798 πάντα
535 3743 682 3809 νοῦν,
712 3743 955 3816 φαιδρῶς
1006 3744 1286 3824 πομπεύει
1329 3746 1760 3818 τῷρπροσώπῳ,
1794 3747 1891 3802 καὶ

288 3837 802 3909 παρρησιαστικῶς
837 3835 1205 3894 πολιτεύεται.
1267 3840 1384 3894 Νῦν
1417 3859 1436 3892 ι
1460 3841 1525 3894 Οἱ
1565 3831 1888 3911 γενηθέντες

294 3919 462 4000 ἡμεῖς
513 3927 718 3992 ὄνειδος
761 3929 878 3992 τοῖς
939 3928 1145 3998 γείτοσι
1221 3930 1318 3983 καὶ
1353 3931 1678 4002 συνομόροις
1707 3929 1886 4002 ἡμῶν,

291 4019 688 4092 μυκτηρισμρς
710 4021 806 4076 καὶ
827 4019 1137 4093 χλευασμὸς
1167 4025 1280 4087 τοῖς
1309 4024 1498 4095 κύκλῳ
1521 4024 1699 4096 ἡμῶν,
1726 4042 1744 4076 ι
1779 4023 1888 4078 κάκ

285 4111 488 4166 τούτου
522 4111 657 4182 πρὸς
695 4113 799 4182 γῆν
848 4113 1160 4184 κεχηνότες,
1189 4114 1268 4178 είς
1310 4113 1575 4184 οὐρανοὺς
1626 4112 1886 4183 ἐκθύμως

288 4199 885 4270 συνανανεύομεν,’καὶ
935 4200 1227 4272 ψαλμικῶς
1278 4203 1336 4254 ὲν
1385 4202 1706 4270 ἀγαλλιάσει
1752 4203 1884 4255 ἀνα-

287 4289 576 4362 κράζομεν
608 4308 622 4322 ’
667 4311 687 4346 ι
719 4293 806 4346 Ἐν
831 4291 1007 4363 τούτῳ
1064 4292 1258 4362 ἔγνων,
1310 4293 1388 4346 ὅτι
1445 4293 1744 4363 τεθέληκάς
1791 4309 1880 4362 με,

289 4384 372 4437 ὅτι
412 4382 473 4435 οῦ
507 4383 581 4454 μὴ
607 4385 846 4455 ἐπιχαρῇ
877 4385 905 4436 ό
931 4385 1124 4455 ἐχθρός
1176 4402 1278 4455 μου
1323 4386 1412 4438 ἐπ’
1446 4383 1592 4455 ὲμοί.
1621 4403 1640 4436 ι
1681 4383 1878 4454 Κάμοῦ
1913 4420 1956 4476 D

288 4475 346 4530 δὲ
378 4472 471 4527 διὰ
500 4473 600 4545 τὴν
628 4475 868 4527 ἀκακίαν
903 4476 996 4528 καὶ
1041 4475 1320 4547 ἁπλότητα
1373 4475 1556 4548 πλάνῃ
1610 4492 1877 4547 περιτρα-

289 4566 492 4629 πέντος
521 4564 841 4627 ἀντελάεου,
878 4555 1274 4629 καὶδιασώσας
1309 4583 1375 4637 με
1421 4566 1749 4637 ἀνέστησας,
1783 4564 1880 4618 καὶ

287 4660 385 4710 ἐπὶ
413 4656 511 4728 τὴν
557 4657 763 4728 πέτραν
790 4657 893 4726 τῆς
922 4657 1288 4726 ἀποστολικῆς
1349 4657 1586 4721 πίστεως
1611 4658 1738 4721 τοῦς
1771 4674 1880 4728 χω-

286 4749 563 4814 λὲιναντάς
597 4767 698 4820 μου
731 4750 900 4814 πόδας
922 4749 1250 4821 κατέπηξας.

366 4841 560 4896 Ταῦτα
587 4843 682 4896 καὶ
716 4842 784 4896 τὰ
807 4841 1022 4906 τούτοις
1047 4841 1284 4913 γράφειν
1309 4842 1456 4912 ἡμᾶς
1493 4839 1708 4912 συνῳδὰ
1735 4857 1878 4918 παρ-

291 4932 608 4988 εσκεύασαν
663 4935 722 4988 αἱ
775 4935 1138 5006 θεοχάρακτοι
1163 4933 1341 4990 δέλτοι
1397 4933 1575 5003 ὑμῶν,
1609 4932 1676 4995 δις
1724 4950 1884 4986 κανο-

297 5025 438 5096 νικῷ
469 5029 785 5098 κινούμενοι
827 5026 999 5098 νόμῳ,
1033 5027 1130 5079 xal.
1159 5019 1630 5098 πατροπᾶραδότῳ
1661 5024 1885 5096 εὐταξίᾳ

296 5118 725 5189 ποδηγούμενοι,
756 5121 872 5182 τοῖς
918 5119 1048 5182 τοὺς
1103 5118 1498 5181 ἀποστολικοῦς
1554 5117 1776 5188 θρόνους
1809 5116 1886 5170 δι-

297 5206 454 5262 έπειν
479 5210 706 5282 λαχοῦσι
731 5210 820 5265 διὰ
867 5210 1154 5284 ξυνωρίδος
1183 5211 1344 5280 ἁγίας
1371 5211 1466 5264 καὶ
1497 5207 1760 5270 εὐλαϐοῦς
1792 5208 1886 5261 καὶ

298 5300 628 5375 θεοδηγήτου
683 5303 1044 5373 πεπόμφατε’
1097 5305 1296 5368 οἵτινες
1370 5303 1718 5374 ἀφικόμενοι,
1792 5302 1887 5354 καὶ

296 5393 438 5446 κατὰ
463 5394 597 5448 Θεοῦ
620 5393 875 5467 βούλησίν
887 5413 944 5449 τε
970 5397 1062 5450 καὶ
1081 5395 1360 5451 ὲπίνευσιν
1375 5397 1757 5469 ύπηντηκότες-
1774 5399 1887 5459 τοῖς

369 5529 421 5564 ⁷³
467 5534 612 5591 Psal.
642 5552 694 5590 ιιι
723 5581 736 5598 ,
764 5537 818 5591 9.
894 5537 939 5568 ⁷³
999 5534 1140 5592 Luc.
1176 5552 1213 5600 ι,
1249 5535 1333 5589 73.
1412 5539 1456 5570 ⁸η
1517 5533 1662 5589 Psal.
1729 5549 1816 5596 ον,
1855 5533 1910 5587 2.

1996 3195 2122 3258 slia,
2184 3193 2286 3248 hoc
2316 3208 2444 3248 vero
2473 3193 2792 3264 gubernans
2831 3192 3048 3264 legibus
3076 3191 3244 3263 justis
3277 3191 3581 3247 terrestria.

1999 3287 2160 3342 Nunc
2196 3287 2464 3342 veraciter
2488 3287 2701 3342 medius
2731 3286 2988 3342 maceria:
3015 3287 3200 3356 paries
3233 3285 3448 3342 solutus
3474 3293 3582 3350 est,

1965 3389 2046 3434 -et
2076 3371 2372 3435 concordia
2423 3378 2715 3434 discordia:
2759 3378 3126 3449 principatur,
3161 3387 3218 3432 et
3247 3377 3573 3433 incurvatur

1990 3469 2188 3524 unitati
2219 3470 2438 3537 divisio,
2469 3480 2522 3526 et
2547 3469 2670 3541 fuga
2697 3469 2848 3540 lapsa
2897 3468 3170 3539 disparuit
3194 3466 3535 3524 dissonantia
3566 3483 3581 3520 :

1991 3571 2046 3616 et
2079 3575 2187 3630 pax
2221 3560 2315 3615 Dei
2341 3576 2464 3635 quae
2492 3571 2788 3631 exsuperat
2816 3575 3036 3616 omnem
3059 3575 3306 3625 sensum,
3332 3559 3581 3630 jucundo

1991 3653 2141 3708 vultu
2181 3652 2513 3722 triumphat,
2553 3661 2608 3707 et
2645 3651 2972 3706 fiducialiter
3011 3661 3390 3707 conversatur.
3425 3650 3586 3706 Nunc

1991 3759 2092 3801 nos
2153 3763 2171 3796 ι
2223 3745 2317 3815 qni
2369 3743 2499 3800 facti
2550 3743 2831 3799 fueramus
2894 3744 3250 3814 opprobrium
3307 3743 3502 3798 vicinis
3532 3753 3586 3798 et

1989 3835 2244 3890 amnibus
2281 3835 2504 3898 nostris,
2545 3832 2902 3889 subsannatio
2927 3841 2982 3887 et
3037 3832 3242 3888 derisio
3278 3831 3366 3888 bis
3407 3831 3499 3901 qui
3524 3831 3579 3886 in

1987 3928 2227 3983 circuitu
2259 3937 2450 3982 nostro
2484 3934 2612 3982 sunt
2645 3923 2713 3992 “,
2747 3943 2768 3977 ι
2802 3939 2867 3979 ac
2891 3938 2990 3994 per
3011 3923 3116 3978 hoc
3143 3921 3211 3977 ad
3233 3931 3433 3977 terram
3465 3936 3580 3991 prie

1986 4021 2314 4076 confusione
2339 4019 2761 4090 prospicientes,
2798 4017 2867 4072 ad
2899 4016 3070 4073 caios
3093 4015 3340 4070 unanimi
3371 4014 3577 4069 alacri-

1987 4122 2095 4168 tate
2117 4111 2470 4182 suspicimus,
2493 4110 2850 4181 etpsallentes
2877 4109 2929 4163 in
2953 4107 3322 4164 exsultatione
3353 4107 3574 4177 procla-

1971 4209 2201 4259 'mamus
2235 4221 2248 4256 :
2284 4221 2302 4255 ι
2341 4202 2401 4257 1η
2438 4202 2543 4258 hoc
2575 4201 2807 4272 cognovi
2849 4240 2864 4265 ,
2897 4199 3158 4270 quoniam
3201 4197 3424 4252 voluisti
3470 4213 3576 4264 me,

1987 4297 2112 4364 quia
2149 4313 2254 4351 non
2305 4295 2561 4366 gaudebit
2603 4295 2860 4349 inimicus
2899 4309 3054 4348 meus
3100 4307 3265 4364 super
3321 4307 3408 4344 me
3435 4291 3503 4344 ⁸⁸.
3549 4309 3568 4341 ο

1985 4386 2070 4442 Me
2101 4396 2284 4442 autem
2339 4394 2563 4458 propter
2631 4385 2999 4440 innocentiam
3060 4394 3114 4439 et
3167 4381 3571 4452 simplicitatem

1988 4473 2192 4536 erroris
2220 4477 2450 4553 [errore]
2471 4478 2788 4535 titubantem
2822 4467 3134 4546 suscepisti,
3158 4485 3210 4530 et
3241 4475 3455 4530 salvum
3484 4489 3575 4528 me

1987 4573 2200 4629 faciens
2231 4573 2488 4637 erexiSti,
2521 4579 2576 4626 et
2619 4587 2785 4641 super
2837 4580 3042 4640 petram
3094 4568 3412 4638 apostolica:
3447 4565 3570 4622 fidei

1990 4665 2366 4721 claudicantes
2405 4665 2568 4734 pedes
2600 4677 2751 4717 meos
2786 4660 3034 4716 inlixisti.

2061 4841 2188 4896 llazc
2225 4849 2279 4896 et
2309 4839 2394 4911 bis
2433 4836 2779 4894 conciocntia
2813 4833 3056 4891 scribere
3097 4848 3198 4890 nos
3234 4831 3480 4888 fecerunt
3503 4832 3586 4887 di-

1995 4935 2198 4990 vinitus
2235 4939 2460 4988 exarata
2517 4929 2800 4985 volumina
2860 4935 3079 4993 vestra,
3139 4941 3263 4997 qua:
3313 4925 3583 4980 canonica

1994 5027 2126 5080 moti
2158 5026 2276 5095 lege
2299 5065 2315 5093 ,
2345 5031 2399 5078 et
2447 5028 2694 5094 paternae
2725 5018 3036 5077 traditionis
3089 5017 3379 5088 disciplina
3403 5015 3576 5075 docti.

1995 5119 2080 5174 his
2109 5117 2203 5190 qui
2242 5116 2671 5188 apostolicarum
2731 5113 2944 5170 sedium
2998 5113 3354 5166 moderamen
3401 5107 3582 5165 sortiti

1993 5221 2146 5274 sunt,
2191 5225 2286 5279 per
2325 5209 2651 5264 reverendas
2681 5217 2736 5262 et
2773 5222 2803 5260 a
2837 5207 2946 5262 Deo
2970 5203 3214 5258 directas
3247 5201 3400 5268 bigas
3429 5197 3582 5252 misi-

1993 5303 2133 5358 stis:
2175 5301 2271 5371 qui
2313 5299 2713 5370 pervenientes,
2741 5305 2798 5352 et
2855 5313 2952 5367 per
2996 5295 3090 5350 Dei
3149 5293 3490 5345 vdluntatem
3516 5303 3583 5346 ac

1994 5406 2186 5450 nutum
2211 5403 2564 5450 occurrentes
2595 5393 2684 5447 Dci
2715 5390 3022 5448 cultoribus
3061 5383 3324 5442 fratribus
3351 5382 3579 5450 nostris,

1987 5532 2028 5564 ⁶¹
2068 5531 2197 5587 ibid.
2275 5532 2322 5564 δ’
2363 5531 2498 5586 Luc.
2563 5545 2602 5596 ι,
2645 5526 2738 5582 69.
2815 5526 2862 5557 ⁸³
2897 5527 3114 5596 Anast._
3151 5522 3304 5596 verb.
3329 5565 3344 5588 ,
3384 5540 3404 5572 ι
3436 5519 3576 5596 Qui;

293 5602 510 5708 grana?
535 5581 768 5708 retinent
820 5607 1166 5676 patriarchze,
1195 5581 1317 5660 nam
1362 5607 1596 5674 primum
1635 5607 1684 5658 in
1733 5581 1968 5658 θὶς-λινῶν
2013 5604 2188 5658 locum
2237 5603 2518 5673 possident
2550 5581 2884 5653 sacerdotes.
2921 5614 2938 5644 ι
3019 5597 3064 5627 θ
3096 5593 3238 5649 Psal.
3268 5603 3495 5657 LXXVIII.

363 5670 515 5742 l’sal.
549 5693 614 5729 ιι.
634 5719 645 5737 ε
679 5677 758 5732 12.

2489 5750 2543 5792 q,
