3936 6212
398 330 531 395 1471

1472 330 1527 389 s.
1571 329 1872 404 “msh
1918 326 2423 388 PATRIARCIIE
2462 327 2572 386 cr.

3537 279 3654 394 tu:

395 447 529 496 viris
559 443 800 506 sanctis,
833 443 927 514 qui
963 443 1230 498 dederunt
1261 441 1474 496 animas
1509 456 1636 495 suos
1665 457 1760 508 pro
1797 439 1980 493 Eccle~

2085 437 2504 499 εὐσεϐεστάτοις
2561 435 2812 505 ἀδελφοῖς
2867 436 3025 508 ἡμῶν
3051 437 3306 509 ἀνδράσιν
3365 437 3543 507 ὀγίοις
3571 445 3656 496 καὶ

397 536 603 590 siarum
657 535 1000 588 correctione
1033 545 1120 600 ;et
1155 533 1416 604 recogniti
1451 549 1513 586 cx
1556 533 1724 586 veteri
1753 541 1806 584 et
1839 530 1980 583 auti-

395 641 502 693 qua
533 625 950 680 conversatione
983 665 998 689 ,
1047 625 1202 679 valde
1233 623 1403 694 gavisi
1437 631 1563 677 sunt
1595 641 1608 676 :
1645 632 1697 677 et
1739 623 1974 676 maxime

396 717 730 786 reperientes
756 697 950 770 ambos
977 717 1033 786 in
1069 732 1178 769 uno
1208 716 1324 770 loco
1372 714 1653 784 degentes,
1678 722 1730 767 et
1757 713 1977 767 modum

400 807 508 859 Deo
569 806 827 874 placitum
889 815 1296 877 persequentes.
1357 805 1424 860 Et
1470 820 1592 860 sese
1658 805 1979 864 revelantes.

398 918 432 950 ιι
467 899 758 954 tetulerunt
794 899 875 954 eis
921 897 1263 953 orthodoxia:
1295 907 1488 952 vestra»
1516 896 1623 952 Deo
1652 898 1902 952 decentes
1928 906 1982 950 ct

396 993 591 1062 dignos
629 992 996 1046 admiratione
1025 990 1260 1055 libellos,
1292 990 1588 1044 referentes
1621 1006 1712 1058 per
1735 989 1984 1044 ordinem

401 1081 511 1136 lico
547 1083 758 1150 placita:
789 1082 1097 1136 sanctitatis
1143 1090 1338 1135 vestra:
1366 1081 1587 1144 mentis,
1612 1089 1665 1136 et
1694 1081 1841 1152 pium
1875 1081 1984 1136 Dco

397 1184 852 1226 conservatorum
883 1169 1232 1225 dominorum
1257 1177 1568 1225 nostrorum
1598 1170 1910 1231 consilium,
1931 1177 1990 1244 et

397 1263 710 1318 communis
739 1260 987 1316 omnium
1013 1261 1210 1316 salutis
1239 1261 1728 1330 exspectationem,
1751 1271 1804 1315 et
1835 1261 1982 1316 circa

402 1354 570 1409 Deum
595 1355 712 1409 sine
735 1353 1060 1408 confusione
1088 1369 1262 1423 spem.
1285 1354 1350 1406 At
1378 1352 1453 1405 illi
1483 1351 1641 1422 quasi
1673 1367 1838 1405 uuam
1867 1353 1984 1406 aui-

401 1466 546 1504 mam
578 1451 630 1502 in
662 1448 876 1503 duobus
905 1447 1232 1516 corporibus
1266 1446 1552 1509 habentes.
1583 1455 1637 1501 et
1671 1462 1866 1511 unum,
1905 1462 1988 1501 se-

399 1540 646 1594 cundum
698 1539 1043 1608 Apostolum,
1079 1538 1377 1608 sapientes,
1427 1546 1483 1592 et
1517 1553 1548 1591 a
1577 1537 1762 1592 divino
1797 1536 1986 1608 agitati

401 1616 633 1700 Spiritu,
668 1641 878 1686 secreto
906 1629 1106 1699 pariter
1131 1639 1184 1684 et
1215 1630 1578 1700 itttclligenler
1627 1628 1823 1684 fratres
1853 1644 1990 1684 con-

400 1731 645 1791 tegeutes
681 1732 734 1776 et
763 1721 1103 1777 occultantes
1143 1730 1363 1791 propter
1393 1721 1746 1778 formidinem
1800 1720 1986 1776 inimi-

398 1830 586 1870 corum
620 1809 804 1872 erucis
825 1854 839 1879 ,
877 1829 1000 1883 quae
1031 1812 1159 1867 hinc
1191 1811 1318 1867 inde
1347 1813 1610 1882 disposita
1642 1814 1840 1877 fuerat,
1879 1829 1986 1868 non

397 1905 517 1961 au'si
548 1916 697 1982 sunt,
729 1919 856 1960 cum
887 1914 1071 1960 essent
1105 1905 1405 1975 sapientes,
1447 1905 1532 1958 vel
1571 1904 1795 1960 credere
1823 1905 1990 1958 visio-

398 2012 522 2051 nem
555 1995 824 2066 ipsorum,
862 1993 943 2048 vel
989 2009 1170 2048 causa:
1219 1993 1435 2062 operari
1469 1993 1762 2048 decursum
1792 2011 1804 2047 :
1841 2008 1982 2062 pra:-

397 2091 586 2144 scrtim
617 2105 740 2145 cum
772 2089 826 2143 in
863 2087 1057 2144 timore
1082 2102 1168 2142 res
1220 2076 1550 2148 haberetur.
1577 2094 1632 2140 et
1676 2101 1842 2156 quam
1874 2101 1990 2140 ma-

397 2182 545 2236 xime
588 2181 946 2236 crebrescens
994 2178 1284 2234 consilium
1316 2187 1371 2232 et
1399 2177 1632 2246 diligens
1665 2175 1988 2244 circumspi-

398 2269 578 2326 ciendi
599 2279 864 2326 tractatus
882 2269 1216 2338 exigeretur.
1244 2287 1263 2318 ι
1291 2265 1594 2323 Consilium
1619 2265 1762 2320 enim
1784 2265 1986 2320 bonum

397 2363 694 2425 custodiet,
731 2360 929 2440 inquit,
989 2369 1038 2414 te
1071 2377 1088 2426 ;
1123 2359 1384 2430 cogitatio
1415 2374 1542 2413 vere
1594 2358 1737 2412 bona
1799 2372 1987 2412 scrva-

398 2454 478 2510 bit
503 2464 554 2509 te
599 2455 668 2508 ⁸⁸.
713 2472 731 2506 ι
787 2451 854 2508 Ει
888 2468 1016 2508 erce
1071 2452 1202 2506 dum
1261 2453 1454 2526 lateret
1513 2467 1610 2505 eos
1644 2450 1738 2520 qui
1779 2466 1837 2505 se
1885 2449 1989 2504 sub

401 2547 630 2601 tuitione
655 2544 1187 2617 custodiaalqnosin
1209 2559 1322 2600 sua:
1356 2544 1607 2599 tuitionis
1655 2541 1986 2614 custodiam]l

398 2647 722 2708 posuerunt,
758 2646 1158 2694 concurrerunt
1189 2652 1360 2706 usque
1394 2635 1462 2690 ad
1495 2649 1598 2691 nos
1621 2644 1708 2690 :ct
1744 2636 1798 2689 in
1847 2634 1986 2704 idip-

397 2745 523 2784 sum
577 2739 976 2802 congregantes
1037 2728 1284 2795 silenter,
1319 2727 1683 2782 humilitatem
1741 2735 1986 2782 nostram

397 2823 576 2890 primo
609 2821 829 2890 quidem
897 2821 1340 2890 adjuramentum
1399 2819 1703 2877 vincientes
1733 2819 1778 2851 ⁸⁷
1807 2859 1822 2884 ,
1885 2834 1987 2873 nos

399 2930 621 2970 servare
673 2923 888 2971 secreto
933 2929 998 2970 ac
1050 2915 1172 2970 sine
1219 2915 1620 2986 propalatione,
1655 2929 1779 2984 quae
1806 2913 1874 2976 ab
1905 2913 1986 2968 eis

2084 530 2342 585 δεδωκόσι
2369 531 2469 593 τὰς
2499 529 2676 600 ψυχὰς
2705 528 2887 584 αὐτῶν
2916 528 3058 601 ὑπὲρ
3087 531 3184 599 τῆς
3206 530 3315 583 τῶν
3331 531 3656 602 Ἑκκλησιῶν

2087 618 2451 690 διορθώσεως,
2487 617 2992 688 ἀναγνωρισοέντες
3043 620 3108 672 ὲκ
3162 617 3401 683 παλαιᾶς
3449 621 3546 673 καὶ
3575 623 3659 692 ἀρ-

2086 709 2250 779 χαίας
2283 708 2650 779 ἀναστροφῆς,
2695 708 2818 780 λίαν
2850 708 3164 780 ἐχάρησανο
3193 709 3288 763 καὶ
3319 710 3559 781 μάλιστα
3585 713 3663 765 εὑ-

2089 799 2320 870 ρηκότες
2362 797 2532 869 ἄμφω
2588 801 2645 852 ἐν
2679 798 2761 852 ἐνὶ
2793 797 3178 868 διατρίϐοντας
3219 800 3392 870 τόπῳ,
3443 800 3544 854 καὶ
3581 802 3664 854 τὸν

2087 889 2315 958 θεοφιλῆ
2350 888 2554 959 τρόπον
2577 887 2892 952 διώκοντας.
2925 889 3037 943 Καὶ
3068 889 3521 958 ἀνακαλύψαντες
3545 891 3668 944 eau-

2086 983 2234 1046 τοὺς,
2264 980 2552 1048 ὑπέδειξαν
2601 981 2786 1044 αὐτοῖς
2831 983 2960 1053 τοὺς
3011 981 3110 1052 τῆς
3156 981 3472 1052 ὁρθοδοξίας
3520 981 3664 1050 ὑμῶν

2089 1070 2418 1142 Θεοπρεπεῒς
2467 1071 2562 1124 καὶ
2604 1069 2966 1140 ἀξιαγάστους
3004 1071 3304 1136 λισέλλους,
3330 1071 3665 1143 διηγησαμεο

2089 1177 2170 1214 νοι
2204 1161 2327 1214 κατ’
2356 1159 2484 1224 ἔπος
2526 1160 2626 1230 τῆς
2671 1158 2973 1230 θεαρέστου
2999 1158 3232 1232 γνώμης
3267 1161 3367 1232 τῆς
3393 1161 3498 1230 σῆς
3523 1162 3664 1231 ἁγιζ-

2087 1269 2271 1321 τητος,
2307 1253 2404 1306 καὶ
2455 1252 2564 1306 τῶν
2597 1252 2984 1322 θεοφυλάκτων
3029 1251 3310 1307 δεσποτῶν
3360 1253 3524 1325 ἡμῶν
3575 1254 3663 1323 τὴν

2091 1343 2400 1410 εὐϐουλίαν,
2448 1346 2544 1398 καί
2591 1345 2690 1415 τῆς
2739 1345 2925 1416 κοινῆς
2949 1344 3058 1398 τῶν
3086 1346 3228 1399 ὅλων
3260 1346 3541 1416 σωτηρίας
3572 1347 3662 1416 τὴν

2091 1434 2441 1504 προσδοκίαν,
2471 1435 2568 1488 καὶ
2611 1435 2750 1506 πρὸς
2799 1435 2933 1488 Θεὸν
2973 1435 3410 1505 ἀκαταίσχυντον
3459 1436 3663 1491 ὲλπίξα.

2091 1526 2152 1578 Ui
2187 1526 2242 1579 δὲ
2290 1525 2481 1598 ὥσπερ
2521 1527 2652 1598 μίαν
2691 1525 2868 1598 ψυχὴν
2909 1528 2966 1580 ὲν
3006 1527 3128 1582 δυσὶ
3164 1529 3413 1600 σώμασιν
3438 1528 3658 1598 ἔχοντες,

2091 1617 2184 1670 καὶ
2213 1617 2274 1670 τὸ
2300 1615 2360 1671 ἓν
2387 1617 2762 1681 ἀποστολικῶς
2785 1617 3133 1689 φρονοῦντες,
3167 1621 3262 1674 καὶ
3283 1621 3390 1674 ὑπὸ
3411 1620 3506 1675 τοῦ
3523 1621 3662 1674 θείου

2095 1708 2402 1780 κινούμενοι
2431 1709 2772 1780 Πνεῦματος,
2811 1713 3091 1783 μυστικῶς
3126 1711 3246 1784 ἅμα
3295 1714 3388 1766 καί
3433 1713 3661 1778 συνετῶς

2089 1801 2214 1864 τοὺς
2238 1799 2504 1870 ἀδελφοὺς
2533 1802 2976 1874 περιστείλαντές
3002 1820 3062 1858 τε
3095 1807 3191 1858 καὶ
3219 1805 3660 1876 κατακρύψειν-τες

2087 1891 2176 1948 διὰ
2216 1893 2278 1947 τὸ
2315 1893 2694 1966 περιστοιχοῦν
2725 1895 2846 1959 δέος
2889 1895 2999 1950 τῶν
3028 1895 3242 1966 ἐχθρῶν
3271 1895 3369 1950 τοῦ
3404 1897 3657 1966 σταυροῦ,

2088 1986 2148 2038 οὐ
2192 1986 2636 2058 κατεθάρῤησαν,
2671 1987 2877 2058 καίπερ
2933 1989 3087 2058 σοφοὶ
3130 1989 3382 2060 ὄντεςςῆ
3436 2007 3664 2042 καταπι-

2089 2076 2314 2152 στεῦσαι
2344 2081 2444 2148 τῆς
2475 2078 2627 2148 σφῶν
2659 2079 2838 2132 αὐτῶν
2867 2077 3124 2150 θεωρίας,
3158 2079 3192 2151 ἢ
3227 2079 3330 2150 τῆς
3358 2078 3661 2142 ὑποθέσεως

2087 2169 2382 2240 ἐνεργῆσαι
2428 2169 2527 2240 τὴν
2575 2167 2828 2233 διέξοδον,
2881 2168 3217 2240 δεδεημένης
3267 2169 3365 2223 καὶ
3431 2170 3656 2240 μάλιστα

2086 2259 2540 2331 διεσμιλευμὲνης
2585 2261 2680 2315 καὶ
2734 2261 3174 2332 πεπυκνωμένης
3218 2261 3419 2332 βουλῆς
3471 2279 3528 2315 τε
3573 2263 3656 2315 καὶ

2090 2351 2358 2421 σκέψεως.
2395 2371 2411 2402 ι
2436 2351 2611 2424 Βουλῆ
2658 2353 2789 2424 γὶρ,
2838 2353 2995 2424 φησὶ,
3029 2353 3171 2424 καλὴ
3209 2351 3443 2422 φυλάξει
3478 2369 3556 2416 σε,
3579 2354 3656 2404 ἔν-

2087 2461 2206 2498 νοια
2235 2443 2291 2496 δὲ
2325 2443 2504 2516 ἀγαθὴ
2530 2445 2760 2516 τηρήσει
2795 2462 2876 2500 σε.
2911 2465 2930 2498 ι
2969 2447 3078 2500 Καὶ
3099 2445 3164 2516 δὴ
3197 2444 3459 2509 λαθόντες
3488 2444 3575 2509 οὓς
3601 2447 3673 2496 ἐν’

2087 2537 2356 2607 ἀσφαλείᾳ
2387 2533 2786 2608 παραφυλακῆς
2818 2537 3106 2598 ἀπέθεντο,
3134 2538 3472 2608 ἐδραμονὼς
3501 2541 3648 2608 ἡμᾶς,

2087 2633 2180 2688 καὶ
2219 2631 2310 2684 ἐπὶ
2341 2630 2402 2683 τὸ
2434 2629 2914 2700 αὺτδὴθροικότες
2953 2631 3194 2702 ἀψοφητὶ
3249 2631 3350 2703 τὴν
3390 2632 3649 2702 ἡμετέραν

2083 2722 2438 2789 ταπείνωσιν,
2467 2723 2685 2794 πρῶτον
2727 2724 2825 2794 μὲν
2866 2723 3198 2794 κατακρίσει
3249 2725 3644 2796 φρικωδεστάτῃ

2087 2816 2444 2886 συνδήσαντες
2479 2817 2652 2888 ἡμᾶς,
2691 2814 2924 2886 φυλάξαι
2969 2816 3378 2888 ἀνεξαγόρευτα
3417 2816 3485 2870 τά
3522 2817 3638 2884 πρὸς

2084 2906 2266 2961 αὐτῶν
2305 2906 2702 2979 λεχθησόμενα,
2733 2907 2826 2961 καὶ
2873 2906 3066 2961 τοῦτον
3102 2906 3196 2961 τὸν
3221 2909 3419 2978 τρόπον
3443 2908 3635 2966 laurei;

397 3015 556 3061 erant
583 3007 836 3071 dicenda,
865 3007 999 3060 etin
1029 3005 1179 3062 hunc
1209 3007 1431 3061 modum
1457 3006 1722 3077 quidquid
1755 3005 1821 3060 ad
1851 3020 1980 3060 eau-

2089 2998 2590 3070 ἐπισεσωρευκότες
2634 2998 2694 3050 τὸ
2715 2997 2978 3067 ἀσφαλὲς,
3006 2997 3364 3068 ἀπεκάλυψαν
3393 2998 3517 3068 ἡμῖν
3541 2995 3640 3048 πᾶ-

400 3098 562 3153 telam
591 3097 855 3166 .pertinet
893 3105 1290 3169 exaggerantes
1319 3137 1334 3162 ,
1393 3096 1773 3150 revelaverunt
1828 3095 1986 3150 nobis

398 3202 616 3242 onlnem
670 3187 748 3242 rei
784 3203 908 3257 qua:
947 3187 1053 3242 sibi
1124 3187 1399 3242 acciderat
1432 3225 1446 3247 .
1474 3185 1982 3242 circumstantiam.

401 3275 704 3346 Stupel’acti
735 3287 918 3332 autem
967 3289 1020 3332 et
1053 3278 1368 3346 compuncti
1398 3275 1583 3342 corde,
1619 3275 1988 3346 laerymisqne

399 3366 607 3437 perfusi
661 3368 1004 3422 ferventibus
1049 3384 1217 3438 super
1283 3367 1601 3436 hujnsmodi
1647 3366 1985 3421 narratioois

399 3461 670 3516 miraculo
718 3459 1046 3531 [inopinato
1077 3459 1098 3530 1
1127 3468 1182 3515 et
1227 3460 1397 3529 gloria
1427 3465 1596 3512 tanta:
1630 3474 1813 3512 rerum
1862 3475 1984 3512 niu-

399 3551 663 3615 tatiouis,
723 3549 976 3605 stetimus
1031 3551 1100 3604 ad
1151 3549 1457 3604 orationem
1497 3589 1514 3615 ,
1561 3549 1730 3604 veluti
1793 3565 1985 3620 pecca-

398 3651 545 3696 tores
591 3679 607 3705 ,
672 3655 798 3695 cum
851 3641 1044 3696 timore
1079 3656 1144 3698 ac
1201 3651 1477 3706 tremore,
1513 3650 1566 3696 et
1613 3642 1663 3696 ei
1706 3642 1799 3712 qui
1856 3641 1984 3698 facit

399 3733 590 3786 omnia
637 3773 652 3801 ,
717 3741 772 3788 et
839 3731 1102 3788 transfert
1158 3732 1226 3786 ad
1279 3732 1331 3787 id
1387 3732 1534 3802 quod
1599 3732 1796 3788 melius
1856 3743 1981 3801 est,

396 3825 677 3880 decentem
736 3825 953 3880 laudent
1019 3824 1360 3889 referentes,
1417 3824 1712 3894 petivimus
1784 3824 1984 3880 obnixe

396 3917 783 3989 benignitatem
839 3917 998 3987 ejus,
1052 3933 1164 3988 quo
1211 3916 1267 3971 in
1320 3917 1564 3973 minimis
1633 3916 1792 3974 nobis
1830 3917 1984 3972 ﬁeret

394 4013 628 4080 medius,
682 4022 737 4070 et
763 4028 860 4084 per
913 4013 1181 4084 Spiritum
1213 4021 1468 4068 sanctum
1504 4013 1851 4068 illucescerct
1886 4012 1981 4067 lux

403 4105 652 4160 scientia:
688 4106 739 4159 in
791 4103 1056 4160 cordibus
1082 4106 1314 4168 nostris,
1343 4114 1508 4171 atque
1533 4105 1842 4161 communis
1876 4104 1981 4160 uti-

397 4196 563 4252 litatis
612 4197 824 4252 consilii
879 4198 1111 4260 donaret
1171 4197 1452 4263 virtutem,
1511 4197 1980 4268 cogitationesque

393 4291 565 4346 l:oaas
603 4292 670 4346 ad
707 4291 1216 4348 determinationem
1252 4291 1444 4362 optimi
1473 4291 1638 4346 vestri
1671 4291 1972 4362 propositi:

393 4383 539 4452 quod
555 4391 609 4438 et
639 4381 788 4447 fecit,
820 4399 944 4438 cum
973 4392 1119 4440 esset
1145 4384 1415 4456 benignus
1432 4395 1599 4454 atque
1635 4385 1970 4440 misericors.

463 4469 942 4527 Consideravimus
976 4472 1165 4543 igitur,
1210 4473 1974 4539 sanctissimi,contaminatae

394 4563 632 4620 nationis
659 4572 1054 4635 cognoscentes
1079 4571 1266 4620 contra
1293 4579 1396 4620 nos
1427 4563 1855 4630 infestationem,
1885 4579 1974 4618 re-

392 4659 566 4713 tinere
592 4657 695 4714 hos
728 4658 820 4728 qui
847 4657 1001 4714 missi
1043 4667 1194 4722 sunt,
1218 4667 1272 4714 et
1297 4659 1588 4728 prohibere
1619 4657 1974 4728 appropriare

393 4748 478 4803 his
505 4749 571 4804 ad
597 4765 738 4821 quos
781 4750 1037 4806 destinati
1082 4759 1242 4806 sunt:
1271 4750 1536 4804 ducentes
1592 4749 1692 4804 hos
1756 4751 1809 4803 in
1853 4763 1970 4803 meo

389 4839 541 4894 dium
569 4849 837 4905 nostrum,
861 4851 915 4896 et
943 4842 1304 4897 admonentes
1333 4841 1654 4911 plurimum,
1695 4855 1764 4895 ne
1798 4841 1963 4898 indu-

389 4939 576 4987 rerent
599 4933 985 5000 turbationem,
1006 4937 1136 5000 imo,
1161 4946 1220 4990 nt
1239 4934 1532 5006 specialius
1551 4933 1798 4988 dicamus
1815 4973 1827 4994 ,
1859 4933 1975 4987 exi-

389 5025 527 5079 tium
557 5023 992 5094 quiescentibus,
1017 5037 1070 5079 et
1101 5027 1194 5081 Dei
1238 5026 1410 5096 gratia
1445 5024 1749 5094 paciﬁcatis
1783 5023 1972 5080 Eccle-

389 5118 508 5184 stis,
542 5117 624 5171 vel
647 5116 850 5187 pepulo
879 5117 1266 5173 miserabiliter
1287 5115 1724 5188 jugoservitutis
1747 5115 1969 5183 aﬂlieto,

387 5218 444 5265 ct
495 5210 918 5282 importaboilium
975 5209 1218 5264 illatione
1293 5207 1624 5264 tributorum
1681 5221 1967 5278 oppresso.

387 5305 456 5356 At
492 5304 566 5357 illi
601 5303 718 5360 haec
745 5303 976 5360 moleste
1006 5301 1266 5367 ferentes,
1301 5300 1579 5365 dicebant,
1621 5299 1748 5370 quia
1785 5301 1836 5354 in
1864 5290 1970 5355 huc

387 5395 648 5450 destinati
701 5412 914 5458 sumus.
945 5406 1004 5451 ut
1039 5395 1322 5450 tradamus
1375 5404 1596 5449 nostras
1633 5394 1688 5448 in
1733 5403 1962 5448 mortem

389 5487 600 5540 animas
631 5501 727 5556 pro
758 5485 1020 5551 Ecclesia,
1053 5494 1107 5540 et
1125 5485 1460 5555 propositum
1496 5482 1831 5539 sanctissimi
1861 5500 1958 5553 μι-

390 5577 642 5632 triarclue
668 5593 732 5633 ac
766 5579 1141 5651 piissimormu
1170 5577 1558 5648 imperatorum
1595 5576 1961 5647 perducamus

2088 3108 2189 3144 σαν
2225 3091 2323 3164 τὴν
2364 3091 2756 3162 περιπέτειανο
2795 3090 3245 3159 καταπλαγέντες
3276 3092 3336 3144 δὲ
3364 3091 3457 3144 καὶ
3491 3107 3652 3142 nata.-

2086 3184 2343 3252 νυγέντες
2378 3183 2477 3255 τὴν
2497 3183 2752 3254 καρδίαν,
2783 3183 3016 3254 δάκρυσί
3044 3200 3106 3236 τε
3143 3181 3500 3253 συσχεθέντες
3538 3183 3658 3248 θερ-

2089 3281 2209 3345 μοῖς
2239 3276 2332 3330 ἐπὶ
2357 3276 2432 3346 τῷ
2464 3275 2694 3347 τοιούτῳ
2721 3276 2820 3346 τῆς
2844 3277 3152 3348 διηγήσεως
3175 3275 3440 3346 θαύματι,
3467 3277 3561 3330 καὶ
3589 3276 3660 3346 τῷ

2087 3365 2376 3436 παραδόξῳ
2389 3366 2484 3435 τῆς
2506 3365 2766 3436 τοιαύτης
2795 3364 3116 3435 μετασολῆς,
3146 3363 3386 3434 ἔστημεν
3409 3365 3494 3428 εἰς
3512 3379 3664 3435 προσ-

2085 3456 2250 3528 ευχὴν
2305 3457 2382 3521 ὡς
2419 3456 2732 3529 ἀμαρτωλοὶ
2773 3457 2913 3528 μετά
2963 3457 3132 3526 φόϐου
3167 3457 3264 3511 καὶ
3292 3457 3540 3530 τρόμου·
3576 3456 3664 3510 καὶ

2085 3549 2172 3622 τῷ,
2189 3549 2430 3603 ποιοῦντι
2465 3549 2646 3604 πάντα
2674 3551 2766 3602 καὶ
2801 3549 3267 3626 μετασκευᾲζοντι
3296 3550 3440 3622 πρὸς
3463 3550 3526 3604 τὸ
3551 3547 3664 3620 5&1-

2083 3659 2196 3696 τιον
2233 3641 2678 3714 προσαγηοχὸτες
2708 3641 2810 3712 τὴν
2853 3641 3172 3712 πρέπουσαν
3199 3643 3432 3702 αἴνεσιν,
3461 3639 3665 3714 ᾐτησᾶ-

2087 3733 2229 3805 μεοα
2261 3735 2360 3804 τὴν
2394 3733 2562 3788 αὐτοῦ
2603 3734 2840 3798 ἐκτενῶς
2884 3733 3194 3804 ἀγαθότητα
3222 3734 3332 3788 τῶν
3369 3734 3669 3806 ὲλαχίστωι

2081 3825 2240 3896 ἡμῶν
2292 3824 2550 3894 γενέσθαι
2578 3829 2636 3880 ὲν
2681 3826 2855 3898 μέσῳ,
2907 3829 3004 3881 καὶ
3045 3827 3134 3882 διά
3160 3829 3490 3899 Πνεῦματος
3518 3829 3666 3897 ἁγίου

2083 3915 2389 3988 ἐπιλάμψαι
2425 3916 2540 3987 φῶς
2567 3917 2822 3987 γνώσεως
2850 3919 2907 3970 ὲν
2935 3919 3053 3982 ταῖς
3083 3917 3336 3990 καρδίτις
3363 3918 3554 3990 ἡμῶν,
3582 3919 3668 3971 καὶ

2083 4007 2448 4079 κοινωφελοῦς
2471 4009 2668 4080 βουλῆς
2696 4009 3026 4082 χαρίσασθαι
3052 4007 3306 4081 δύναμιν,
3331 4014 3431 4065 καὶ
3465 4011 3665 4073 ἑννοίας

2080 4101 2292 4170 ἀγαθὰς
2325 4102 2463 4174 πρὸς
2503 4103 2810 4174 περαίωσιν
2851 4103 2950 4178 τῆς
2991 4101 3224 4173 ἀρίστης
3256 4103 3417 4173 ὑμῶν
3474 4102 3666 4174 προθέ-

2082 4211 2248 4258 σεως·
2277 4192 2305 4246 ὃ
2337 4193 2401 4264 δὴ
2437 4195 2531 4248 καὶ
2563 4194 2818 4265 ἐποίησεν
2861 4193 3065 4266 ἀγαθὸς
3100 4191 3176 4247 ὣν
3221 4195 3318 4248 καὶ
3357 4195 3666 4267 φιλάνθρω-

2146 4475 2467 4546 Συνείδομεν
2507 4474 2822 4544 τοιγαροῦν,
2854 4474 3187 4544 ἁγιώτατοι,
3223 4477 3320 4530 τοῦ
3349 4480 3564 4551 μιαροῦ
3587 4498 3667 4550 γι-

2072 4568 2373 4630 νώσκοντες
2394 4565 2582 4629 ἔθνους
2609 4566 2708 4638 τὴν
2742 4565 2818 4630 ὡς
2859 4567 3006 4636 ἡμᾶς
3047 4568 3389 4639 ἀπέχθειαν,
3415 4571 3669 4640 ἐπισχεῖν

2071 4659 2198 4722 τοὺς
2227 4655 2668 4721 ἀποσταλέντας,
2721 4659 2818 4711 καὶ
2867 4657 3114 4712 κωλῦσαι
3154 4664 3538 4728 προσεγγίσαι
3563 4666 3669 4722 τοῖς

2073 4752 2213 4820 προς
2243 4747 2338 4812 οὓς
2395 4747 2826 4817 ἀπεστάλησαν,
2859 4749 3168 4818 ἀγαγόντες
3226 4750 3434 4814 αὐτοὺς
3501 4753 3668 4823 μέσον

2072 4837 2248 4909 ἡμῶν,
2277 4837 2372 4892 καὶ
2403 4838 2832 4908 νουθετήσαντες
2862 4839 3090 4893 πλεῖστα
3121 4839 3195 4911 μὴ
3226 4842 3546 4912 ἐπαγαγεῖν
3573 4847 3665 4899 τά·

2073 4945 2259 4999 ραχον,
2297 4927 2499 5000 μᾶλλον
2552 4927 2608 4981 δὲ
2651 4931 2826 4984 εἰπεῖν
2876 4931 3097 5004 ὀλεθρον
3140 4933 3486 5004 οἰκειότερον
3536 4939 3666 5006 ἠρε-

2074 5027 2300 5095 μούσαις
2328 5025 2422 5079 καὶ
2459 5024 2596 5079 Θεοῦ
2622 5025 2810 5098 χάριτι
2839 5027 3663 5101 εἰρηνευοῦσαιςἘκκλησίαις,

2071 5118 2167 5172 καὶ
2211 5117 2326 5189 λαῷ
2385 5118 2826 5192 ταλαιπωροῦντι
2864 5120 3113 5184 δουλείας
3154 5119 3340 5191 ζυγῷ,
3377 5125 3480 5176 καὶ
3541 5124 3664 5177 δυσο

2069 5210 2301 5265 εκτίτων
2328 5211 2512 5283 φόρων
2531 5212 2840 5285 πιεζομένῳ
2857 5213 3124 5287 ἐπαγωγῇ
3146 5233 3157 5246 ’
3177 5217 3224 5268 οι
3241 5215 3295 5269 δὲ
3311 5216 3632 5288 δυσανασχε
3645 5249 3662 5258 ο

2071 5302 2290 5365 τοῦντες
2315 5301 2526 5372 ἔλεγον,
2562 5297 2640 5367 ὡς
2691 5305 2772 5369 είς
2805 5304 2965 5360 τοῦτο
3014 5293 3428 5376 ἀπεστάλημεν,
3487 5326 3662 5378 παρα-

2067 5394 2249 5449 δοῦναι
2275 5395 2372 5458 τὰς
2403 5394 2612 5448 ἑαυτῶν
2631 5395 2722 5458 Εἰς
2754 5395 2982 5450 Θάνατον
3001 5397 3182 5468 ψυχᾶς
3214 5397 3357 5469 ὑπὲρ
3389 5398 3500 5467 τῆς
3541 5401 3658 5453 Ἐχ-

2077 5486 2329 5555 κλησίας,
2364 5488 2459 5540 καὶ
2485 5487 2584 5559 τὴν
2625 5487 2885 5558 πρόθεσιν
2915 5489 3008 5542 τοῦ
3037 5490 3341 5558 ἀγιωτάτου
3375 5491 3655 5561 πατριάρ-

2072 5595 2168 5646 χου
2204 5579 2297 5630 καὶ
2327 5577 2434 5630 τῶν
2481 5578 2720 5631 εὐσεϐῶν
2771 5578 3038 5648 βασιλέων
3069 5581 3146 5644 εἰς
3186 5578 3360 5650 πέρας
3393 5581 3654 5648 ἀγαγεῖν.

466 5752 512 5785 ⁹⁴
542 5752 700 5812 Prov.
754 5776 811 5820 ιι,
856 5759 934 5811 ll.
1015 5757 1060 5784 ⁸⁷
1085 5758 1174 5812 tir.
1235 5757 1400 5824 addit,
1449 5776 1467 5810 ι
1504 5757 1738 5814 maxime
1773 5753 2022 5811 horribili
2061 5773 2102 5810 ο,
2133 5754 2278 5824 quod
2314 5753 2480 5810 etiam
2511 5753 2787 5824 epitheton
2819 5753 3013 5825 legitur
3055 5755 3106 5810 in
3144 5770 3245 5809 ms.
3277 5753 3538 5814 Jolvano.
