3936 6212
306 277 440 345 Ῑιίῖῧ

1634 240 1651 256 ’
1734 283 2140 348 EPISTOLFE.

3445 286 3578 351 Ητὶ

320 397 460 452 Ἀλλ’
493 398 543 451 εἰ
566 396 674 469 μὲν,
695 397 774 461 εἰς
793 396 892 462 τὰς
919 397 1200 470 ἡμετέρας
1229 399 1323 453 καὶ
1350 401 1514 471 μόνον
1531 398 1729 471 ψυχὰς,
1760 399 1893 471 ἔφη-

2003 405 2048 459 in
2097 404 2283 462 tinem.
2320 403 2426 461 Sed
2451 404 2498 460 si
2546 405 2599 460 in
2640 415 2851 461 vesnas
2904 403 3287 461 tantummodo
3344 403 3581 463 animas.

305 505 406 562 μεν
456 489 597 559 πρὸς
655 488 884 554 αὐτοὺς,
919 493 1240 560 συνηντείτο
1300 492 1330 544 ό
1352 488 1622 556 κίνδυνος,
1647 485 1796 563 εἶχεν
1824 491 1891 545 ἂν

300 582 330 636 ό
356 581 519 650 λόγος
546 579 705 649 ὑμῶν
753 579 816 633 τὸ
856 579 1079 652 βέϐαιον
1107 597 1122 612 ·
1160 581 1289 636 ἐπεὶ
1318 579 1377 636 δὲ
1416 580 1562 637 κατὰ
1587 581 1770 636 κοινοῦ
1797 581 1892 636 τοῦ

304 664 404 745 τῆς
417 670 753 743 Ἑκκλησίας
782 672 1117 745 προέρχεται
1138 672 1414 744 σώματος,
1435 671 1567 727 ποία
1594 671 1750 729 ἔσται
1770 673 1894 746 6w;-

307 783 391 830 σις
417 783 433 832 ;
469 760 677 837 μᾶλλον
738 763 799 818 δὲ
827 765 982 820 ποῖον
1006 764 1108 819 οὐκ
1130 763 1288 819 ἔσται
1324 764 1546 836 βλάϐος,
1597 765 1782 821 κτίσαι
1809 766 1894 819 οἰ-

305 854 541 928 κοδομήν
590 853 914 929 ἐπίσαθρον,
944 854 1042 911 καὶ
1067 853 1303 928 στεῤῥοῦ
1333 854 1590 927 θεμελίου
1622 856 1896 928 χηρεύου-

305 963 444 1012 σαν;
482 947 579 1000 καὶ
634 944 775 1011 πῶς,
795 945 1006 1016 ελεγον,
1039 945 1073 1018 ἡ
1115 945 1256 1018 ποίῳ
1300 946 1582 1019 προσώπῳ
1605 947 1745 1018 προς
1769 946 1896 1010 τοὺς

304 1038 722 1104 ἀπεσταλκότας
771 1039 922 1111 ἡμᾶς
953 1037 1300 1119 ὲπανιὴξομεν
1322 1078 1338 1102 ,
1363 1037 1760 1110 ἐπιφερόμενοι
1789 1055 1897 1109 μη-

302 1131 394 1185 δὲν
447 1130 560 1185 τῶν
613 1129 760 1185 κατά
819 1127 1049 1201 γνώμην
1081 1129 1268 1195 αὐτοῖς
1300 1128 1679 1201 ἐλπιζομένων
1705 1145 1722 1195 ;
1750 1128 1896 1200 Πρὸς

305 1220 476 1276 ταῦτα
491 1221 836 1294 ήπορηκότες
847 1221 1010 1293 ἡμεῖς
1025 1219 1387 1291 γινώσκοντες
1409 1237 1471 1275 τε
1483 1221 1609 1285 τοὺς
1628 1219 1898 1290 θεοεριλείς

307 1311 569 1382 ἀδελφοὺς
593 1312 753 1384 ἡμῶν
791 1298 1052 1384 Ἰωάννην
1083 1313 1182 1368 καὶ
1208 1313 1415 1384 Θωμᾶν
1443 1311 1594 1386 ζήλῳ
1639 1311 1769 1385 θείῳ
1795 1315 1897 1386 τῆς

305 1400 592 1472 ὀρθοδόξου
641 1404 1100 1477 κεκοσμημένους
1151 1405 1417 1471 πίστεως,
1444 1404 1540 1458 δύο
1595 1405 1770 1474 άγίων
1801 1405 1899 1458 καὶ

310 1492 567 1563 μεγάλων
619 1492 978 1566 πατριαρχῶν
1026 1492 1337 1565 όμοψύχους
1377 1493 1712 1562 συγκέλλους
1738 1509 1897 1563 γενο-

311 1583 535 1654 μένους,
565 1585 627 1638 οὐ
663 1583 775 1656 μήν
803 1583 939 1638 ἀλλά
974 1585 1069 1639 καὶ
1103 1584 1204 1656 τῆς
1233 1583 1521 1654 άγιοποιοῦ
1552 1584 1785 1658 ἡσυχίας
1807 1583 1898 1639 όν·-

308 1691 404 1738 τας
433 1676 691 1748 ἐραστὰς,
714 1676 927 1748 ἔφημεν
957 1675 1095 1748 πρὸς
1114 1675 1342 1739 αὐτούς’
1365 1675 1473 1730 Ἴδε
1503 1677 1716 1746 καιρὸς,
1745 1675 1903 1730 ἀδελ·

1995 495 2238 551 diximus
2261 497 2327 552 ad
2354 512 2470 561 eos,
2506 498 2893 554 cohauriretur
2923 498 2972 531 ⁸⁸
3002 497 3330 568 periculum,
3354 496 3582 553 haberet

1996 587 2139 643 forte
2154 604 2335 644 sermo
2358 598 2539 645 vester
2564 591 2804 660 aliquam
2840 589 3175 647 ﬁrmitatem.
3208 591 3274 643 At
3303 604 3432 644 vero
3455 589 3582 658 quia

1995 689 2190 735 contra
2222 693 2519 736 commune
2546 696 2746 751 corpus
2779 681 3029 752 procedit
3063 679 3351 741 Ecclesiae,
3390 677 3578 750 qualis

1995 769 2101 823 erit
2122 769 2444 839 prolectus?
2477 769 2590 826 imo
2615 770 2796 841 qualis
2826 784 2933 826 non
2957 769 3063 825 erit
3084 770 3258 834 laesio,
3285 768 3581 825 aedilicium
3623 788 3630 795 υ

1995 868 2315 916 construere
2351 875 2520 933 super
2553 862 2926 933 putretliuem,
2959 871 3014 916 et
3045 858 3203 916 firmo
3230 859 3585 916 fundamento

1996 949 2273 1021 privatum
2295 950 2320 1004 ?
2339 959 2395 1006 et
2423 950 2722 1022 quomodo,
2753 951 3050 1022 inquiunt,
3079 950 3162 1006 vel
3201 965 3310 1022 qua
3349 949 3490 1006 facie
3514 949 3581 1007 ad
3611 978 3624 1032 ξ

1995 1054 2091 1097 eos
2113 1041 2208 1110 qui
2246 1055 2350 1097 nos
2378 1041 2668 1107 miserunt,
2701 1041 3023 1105 redibimus,
3060 1041 3198 1096 nihil
3239 1055 3430 1097 eorum
3461 1056 3584 1111 qua:
3618 1034 3629 1105 ξ

1997 1119 2299 1187 secundum
2327 1142 2515 1188 votum
2538 1148 2697 1189 suum
2720 1133 3034 1208 sperabant,
3055 1132 3281 1200 omninp
3313 1131 3585 1188 ferentes?
3621 1126 3632 1191 ἶ

1996 1219 2079 1274 Ad
2106 1219 2222 1275 haec
2255 1221 2572 1277 deﬁcientes
2612 1237 2734 1299 nos,
2771 1223 3120 1296 scientesque
3166 1221 3276 1276 Deo
3317 1219 3585 1275 amabiles
3619 1214 3625 1221 ’

1999 1310 2200 1368 fratres
2234 1318 2477 1379 nostros,
2504 1311 2773 1368 Joannem
2798 1314 3006 1369 scilicet
3041 1322 3097 1367 et
3127 1312 3421 1378 Thomam,
3465 1310 3586 1366 zeli)

1998 1400 2188 1458 divino
2219 1403 2543 1460 orthodoxa:
2596 1403 2717 1459 tidei
2762 1402 3059 1458 adornatos
3085 1441 3100 1466 ,
3136 1410 3301 1472 atque
3346 1401 3585 1473 duorum

2000 1504 2318 1552 sanctorum
2351 1503 2406 1550 et
2455 1496 2791 1567 magnorum
2821 1493 3261 1565 patriarcharum
3289 1491 3584 1564 syncellos,

2002 1587 2133 1658 quin
2171 1596 2224 1642 et
2248 1585 2672 1643 sanctificandos
2700 1585 3032 1661 [sartctilicij‘
3053 1583 3260 1640 silentii
3281 1591 3584 1650 amatores,

2001 1677 2245 1735 diximus
2283 1677 2350 1733 ad
2381 1692 2516 1733 cos:
2558 1676 2697 1733 Ecce
2760 1685 2998 1746 tempus,
3046 1674 3270 1738 fratres,
3296 1681 3586 1744 acceptum

310 1766 401 1835 φοὶ
432 1766 744 1838 πρόσφορος
787 1765 1087 1840 σωτηρίας,
1123 1766 1220 1821 καὶ
1264 1766 1501 1838 ἡσυχίας
1525 1766 1730 1837 μᾶλλον
1759 1765 1900 1838 ὑψη-

2003 1768 2222 1838 satutis,
2255 1777 2311 1824 et
2341 1768 2561 1825 silentio
2587 1767 2968 1824 excellentius.
3001 1765 3078 1823 ite
3099 1783 3226 1824 cum
3261 1767 3392 1823 viris
3443 1767 3586 1834 istis,

308 1855 525 1928 λότερ’;ς
547 1871 562 1886 ο
592 1855 901 1928 πορεύεσθε
941 1855 1040 1911 σῦν
1101 1857 1215 1920 τοῖς
1273 1855 1504 1927 ἀνδράσι
1541 1856 1775 1921 τούτοις,
1803 1856 1901 1910 καὶ

308 1943 569 2016 τὴνύπὲρ
598 1943 783 1999 αὐτῶν
811 1944 1124 2014 ἀπολογίαν
1169 1943 1527 2009 ἀναδέξασθε,
1567 1944 1680 1999 Καὶ
1710 1945 1903 2019 διηγή-

310 2032 474 2088 σασθε
503 2032 655 2108 ζώσῃ
683 2035 860 2106 φωνῇ,
892 2031 930 2088 ἀ
954 2032 1045 2087 διὰ
1070 2033 1424 2107 γραμμάτων
1469 2035 1740 2108 γνωρίσαι
1786 2037 1902 2099 τοῖς

307 2123 599 2191 δεσπόταις
627 2123 788 2197 ἡμῶν
821 2123 1098 2197 παρέλκον
1133 2124 1443 2198 ἡγούμεθα.

378 2216 607 2284 Οἴδατε,
647 2217 798 2279 ὅπως
845 2215 939 2271 διὰ
967 2215 1316 2289 βραχυτάτης
1361 2219 1706 2293 κατηγορίας
1728 2219 1903 2292 ἐξόρι-

311 2320 436 2369 στος
467 2304 696 2374 γέγονεν
727 2304 839 2357 ἀπὸ
880 2303 1161 2375 δισχιλίων
1216 2306 1463 2378 σημείων
1507 2309 1536 2362 ὁ
1563 2307 1658 2362 τὸν
1711 2307 1901 2380 θρόνον

309 2395 493 2469 λαχὼν
539 2395 750 2451 διέπειν
793 2394 889 2451 τοῦ
933 2396 1264 2468 ἀδελφοθέου
1300 2397 1584 2453 Ἰακώϐου.
1631 2398 1901 2471 Ὀπηνίκα

309 2489 368 2544 δὲ
386 2489 451 2543 τὸ
475 2488 571 2542 τοῦ
600 2487 738 2543 Θεοῦ
778 2487 941 2563 ἔργον
967 2488 1320 2563 πληρώσητε,
1355 2485 1451 2546 καὶ
1469 2491 1571 2564 τὴν
1590 2491 1901 2565 κρατοῦσαν

311 2580 680 2654 ἀποπολικὴν
710 2582 1014 2653 παράδοσιν
1045 2583 1106 2638 ὲν
1135 2585 1257 2647 ταῖς
1272 2582 1624 2655 Ἐκκλησίαις
1647 2583 1742 2638 τοῦ
1761 2582 1899 2638 Θεοῦ

311 2675 432 2738 ταῖς
463 2674 584 2728 κατ’
616 2673 892 2743 Αἴγυπτον
922 2673 1017 2729 καὶ
1039 2674 1242 2744 Συρίαν
1272 2677 1384 2740 τοῖς
1419 2675 1714 2747 δεσπόταις
1743 2678 1900 2748 ἡμῶν

310 2766 645 2838 γνωρίσητε,
700 2765 1007 2838 τηνικαῦτα
1038 2766 1102 2820 τὸ
1159 2765 1503 2838 ποθούμενον
1539 2769 1670 2841 ὑμῖν
1717 2769 1900 2824 ἀσπά-

238 2855 245 2862 ’
312 2858 506 2912 σασθε.
542 2857 657 2913 Καὶ
710 2857 828 2923 πῶς
875 2859 1061 2930 ἡμεῖς,
1114 2858 1482 2928 ἀπεκρίναντο
1506 2897 1523 2923 ,
1557 2859 1769 2914 ἰδιῶται
1806 2860 1901 2914 καὶ

309 2951 555 3022 ἀγνῶτες
581 2951 756 3016 ὅντες,
783 2951 881 3005 καὶ
938 2950 1077 3018 πρὸς
1105 2949 1206 3022 τὴν
1233 2949 1501 3005 ὑπόθεσιν
1527 2950 1777 3016 ἀσθενῶς
1802 2952 1901 3005 καὶ

314 3028 564 3119 ἀμαθῶς*
602 3042 858 3115 ἔχοντες,
917 3041 1410 3114 κατατολμήσομεν
1462 3043 1749 3113 χρήματος
1797 3041 1898 3114 τὴν

2001 1868 2056 1917 et
2074 1875 2173 1932 pro
2193 1860 2276 1917 eis
2287 1859 2882 1932 apologiamassumite
2904 1867 2996 1928 ;et
3011 1867 3265 1915 enarrate
3287 1858 3410 1914 viva
3431 1872 3584 1922 voce,

2002 1969 2125 2025 quae
2150 1967 2248 2024 per
2269 1952 2479 2008 litteras
2496 1951 2754 2007 intimare
2775 1937 3017 2007 dominis
3038 1950 3242 2006 nostris
3262 1965 3426 2020 supra
3446 1951 3588 2006 vires

2002 2043 2504 2116 esse‘conjicimus.

2076 2215 2263 2274 Nostis
2291 2219 2439 2274 enim
2468 2216 2705 2290 qualiter
2741 2232 2839 2288 per
2870 2217 3127 2289 pusillam
3169 2215 3582 2274 accusationem

2002 2311 2158 2369 exsul
2192 2307 2369 2366 factus
2396 2309 2468 2366 sit
2497 2325 2530 2365 a
2561 2309 2643 2366 bis
2672 2311 2916 2368 millibus
2954 2310 3238 2382 signorum
3270 2309 3360 2366 ille
3399 2311 3588 2384 quiad

2005 2398 2297 2468 regendum
2331 2399 2590 2455 thronum
2639 2398 2830 2456 fratris
2874 2399 3090 2457 Domini
3124 2400 3364 2455 sortitus
3390 2409 3474 2456 est
3496 2397 3590 2454 Ja-

2001 2489 2145 2545 cobi.
2174 2491 2314 2544 (tum
2361 2498 2542 2546 autem
2577 2504 2719 2563 opus
2745 2489 2839 2546 Dei
2889 2490 3342 2562 adimplevcritis,
3379 2500 3434 2547 et
3455 2506 3589 2563 apo-

2001 2579 2252 2649 stolirani
2289 2579 2642 2635 traditionem
2681 2595 2807 2651 quat
2838 2590 3060 2639 tenetur
3090 2581 3147 2639 in
3194 2563 3460 2639 Ecclesiis
3492 2597 3590 2653 per

2001 2667 2299 2742 Egyptum
2329 2679 2384 2725 et
2408 2670 2647 2741 Syriam,
2674 2671 2917 2728 dominis
2958 2673 3168 2729 nostris
3209 2673 3480 2744 cognitam
3513 2672 3591 2727 fe-

2001 2762 2211 2824 ceritis,
2247 2770 2378 2835 tunc
2419 2761 2567 2832 quod
2621 2777 2652 2816 a
2686 2762 2842 2820 vobis
2885 2763 3229 2819 desideratur
3254 2803 3270 2830 ,
3302 2764 3589 2834 amplecti-

2003 2852 2157 2909 mini.
2193 2851 2258 2908 Et
2277 2853 2553 2922 quomodo
2604 2868 2724 2917 nos.
2764 2844 3169 2925 responderunt
3192 2894 3209 2922 ,
3245 2854 3430 2912 idiota:
3461 2871 3587 2911 cum

2001 2945 2179 2998 simus
2205 2952 2262 2998 et
2293 2943 2606 3015 inexpertes
2639 2943 2761 3018 [Gn
2793 2945 2965 3017 ignoti
2969 2944 3016 3018 j,
3040 2955 3097 3003 et
3125 2947 3193 3000 ad
3224 2957 3431 3002 tantam
3461 2961 3592 3003 cau-

2002 3050 2121 3091 sam
2150 3035 2354 3090 inlirmi
2381 3044 2436 3090 et
2467 3035 2696 3119 indocti,
2756 3051 3160 3107 praesumemus
3217 3037 3462 3109 arripere
3494 3055 3594 3092 ne-

314 3107 587 3207 ἡμετέραν
603 3107 1035 3206 ὑπερϐάλλοντος
1055 3107 1329 3205 δύναμιν
1365 3107 1641 3188 Ἀλλ’-δ’δϋ
1659 3107 1895 3188 εύτελών

2003 3127 2209 3200 gotium
2224 3127 2368 3198 quod
2390 3107 2647 3184 virtutem
2670 3137 2920 3184 nostram
2942 3139 3237 3200 exsuperat
3259 3107 3409 3187 ἰδού
3432 3131 3591 3187 Chri-

315 3226 409 3281 καὶ
443 3226 690 3292 ἰδιωτῶν,
716 3226 1050 3296 ἀντέφημεν,
1076 3225 1408 3297 ἐνεργήσας,
1430 3225 1541 3278 τῶν
1564 3225 1737 3296 ἁγίων
1762 3227 1899 3288 ἀποστ

315 3317 542 3384 στόλων,
565 3317 734 3390 φημὶ,
763 3319 858 3372 καὶ
888 3316 957 3370 δι’
983 3315 1165 3386 αύτῷν
1190 3315 1485 3387 ζωγρήσας
1517 3316 1617 3388 τὴν
1642 3316 1900 3388 οἰκουμὲο

313 3425 414 3478 νην
446 3408 629 3461 πᾶσαν
657 3406 795 3478 πρὸς
826 3403 1076 3476 ὑπακοὴν
1106 3402 1205 3457 τοῦ
1234 3402 1398 3471 λόγου
1422 3404 1524 3474 τῆς
1555 3404 1725 3459 αὑτοῦ
1748 3405 1899 3459 οἰκο-

314 3497 533 3570 νομίας,
572 3495 809 3568 Χριστὸς
837 3496 866 3549 ό
891 3495 1025 3560 Θεὸς
1085 3495 1244 3566 ἡμῶν
1289 3494 1518 3559 δυνατός
1558 3497 1678 3549 ἐστι
1712 3493 1902 3548 δοῦναι

314 3590 447 3663 ὑμῖν
476 3589 634 3660 λόγον
667 3589 726 3642 ὲν
757 3587 961 3653 ἀνοίξει
987 3585 1084 3640 τοῦ
1116 3586 1392 3658 στόματος
1425 3585 1584 3657 ὑμῶν
1607 3625 1623 3649 ,
1655 3587 1793 3659 πρὸς
1839 3587 1903 3640 τὸ

313 3683 712 3756 ἀναπληρῶσαι
760 3681 854 3737 τὸν
914 3681 1118 3736 σκοπὸν
1177 3680 1273 3737 καὶ
1325 3680 1585 3752 φρόνημα
1626 3679 1736 3740 τῶν
1765 3683 1902 3754 μήτε

313 3776 621 3848 γράμματα
652 3773 976 3846 δυναμένων
1000 3771 1294 3838 δέξασθαι,
1320 3771 1450 3842 μηδ’
1475 3771 1547 3827 αὖ
1578 3771 1903 3844 τολμώντων

313 3866 524 3940 γράψαι
551 3865 585 3938 ἢ
616 3863 819 3940 γρύξαι
845 3882 899 3920 τι
927 3865 1059 3936 περὶ
1100 3863 1213 3918 τῶν
1259 3863 1542 3918 τοιούτοιν.
1582 3864 1646 3919 οἰ
1689 3863 1749 3919 δὲ
1784 3864 1905 3919 Oeo-

316 3957 492 4030 φιλεῖς
511 3958 686 4023 ὄντες,
719 3957 813 4011 καὶ
863 3955 1114 4028 ὑπακοῆς
1151 3954 1259 4009 υἰοὶ
1284 3954 1608 4027 πεφηνότες,
1643 3954 1905 4026 ἐπείσθη-

321 4067 417 4106 σαν
441 4051 519 4120 τῷ
551 4049 698 4120 λόγῳ
727 4047 908 4120 ἡμῶν,
939 4047 1034 4101 καὶ
1059 4042 1210 4115 εἶξαν
1250 4048 1320 4116 τῇ
1370 4045 1740 4118 παρακλήσει.
1794 4044 1906 4108 Οὓς

304 4145 443 4216 ’μετ’
465 4141 720 4206 ἑκτενοῦς
749 4139 1250 4214 προσπεπομφότες
1277 4137 1446 4210 εὐχῆς
1465 4179 1482 4204 ,
1512 4138 1810 4211 καὶ¹χαράν
1841 4136 1905 4191 ού

311 4236 418 4307 τήν
443 4233 712 4306 τυχοῦσαν
744 4236 856 4299 τοῖς
881 4231 1237 4288 ἀποσταλεϊσι
1291 4231 1740 4304 προεξενηκότες,
1760 4230 1905 4287 οὕτω

310 4325 726 4398 διεσπάσθημεν
779 4325 877 4380 ἀπ’
916 4324 1165 4396 ἀλλήλων
1212 4324 1359 4395 μετά
1401 4323 1607 4396 πολλῆς
1646 4322 1905 4396 δακρύων

2001 3231 2120 3276 stus
2164 3216 2310 3276 Deus
2360 3227 2572 3287 noster,
2598 3222 2693 3291 qui
2742 3235 2840 3290 per
2884 3221 3192 3278 vilissimas
3222 3232 3277 3278 et
3307 3222 3526 3289 idiotas,
3558 3238 3593 3280 ο

1998 3311 2232 3384 vestigio
2261 3311 2523 3378 diximus,
2553 3319 2874 3393 cooperatus
2906 3321 3012 3380 est,
3049 3324 3292 3383 sanctos,
3328 3314 3580 3386 inquam,

2001 3404 2279 3476 apostolos
2301 3445 2316 3468 ,
2355 3413 2409 3459 et
2459 3418 2558 3476 per
2585 3418 2684 3459 eos
2716 3406 2905 3460 orbem
2951 3413 3226 3461 terrarum
3269 3409 3506 3478 captavit
3542 3408 3591 3441 θ’

2002 3498 2069 3552 ad
2102 3496 2469 3552 obedientiam
2527 3495 2680 3567 verbi
2729 3495 3164 3566 dispensationis
3208 3513 3362 3568 sum,
3401 3506 3592 3569 potens

2001 3593 2088 3641 est
2113 3585 2245 3642 dare
2275 3586 2435 3643 vobis
2492 3601 2806 3667 sermonem
2835 3589 2890 3643 in
2921 3590 3207 3660 apertione
3248 3593 3361 3648 oris
3401 3591 3589 3661 vestri,

2003 3673 2071 3730 ad
2117 3674 2481 3745 supplendum
2534 3677 2892 3733 intentionem
2933 3688 2990 3734 et
3026 3695 3249 3738 sensum
3279 3697 3467 3738 eorum
3495 3687 3591 3755 qui

2005 3780 2184 3841 neque
2207 3765 2416 3822 litteras
2447 3767 2747 3838 quiverunt
2769 3769 3072 3839 suscipere,
3110 3786 3286 3842 neque
3323 3775 3443 3829 ausi
3463 3784 3592 3830 sunt

2004 3857 2270 3926 scribere,
2303 3859 2386 3914 vel
2427 3875 2593 3930 super
2628 3861 2834 3917 talibus
2882 3863 3131 3932 quolibet
3174 3865 3336 3921 modo
3366 3868 3586 3926 mutire.

2004 3948 2108 4018 Qui
2143 3967 2267 4008 cum
2308 3952 2400 4007 Dei
2451 3961 2637 4009 essent
2682 3963 2986 4018 amatores,
3015 3957 3343 4014 oltcdientiae
3369 3957 3463 4021 lilii
3490 3971 3595 4031 ap:
3650 3948 3661 3959 “

2004 4051 2283 4113 parentes,
2312 4042 2639 4100 obcdierunt
2665 4042 2835 4101 verbo
2862 4054 3053 4102 nostro
3071 4086 3089 4114 ,
3121 4057 3175 4103 et
3193 4049 3587 4119 acquieverunt

2004 4133 2303 4191 bortationi
2326 4152 2339 4188 :
2358 4148 2503 4207 quos
2520 4148 2645 4190 cum
2672 4137 2885 4206 prolixa
2904 4139 3290 4208 promittentes
3318 4142 3587 4208 oratione,

2003 4234 2058 4280 et
2087 4218 2345 4296 gaudibm
2406 4240 2513 4281 non
2563 4226 2946 4297 qualecunque
2984 4226 3072 4283 his
3103 4226 3200 4298 qui
3239 4229 3395 4285 missi
3436 4239 3587 4296 sunt,

2003 4317 2381 4382 conciliantes,
2427 4318 2608 4374 taliter
2641 4319 2845 4375 divulsi
2892 4335 3086 4376 sumus
3126 4321 3432 4378 abinvieem
3461 4338 3585 4379 cum

312 4417 550 4490 χύσεως.
599 4418 764 4482 Ἀλλ’,
795 4411 841 4471 ὧ
868 4416 1170 4486 ἁγιώτατοι
1203 4415 1304 4470 καὶ
1342 4415 1755 4487 μακαριώτατοι
1776 4457 1792 4480 ,
1825 4416 1900 4482 ὡς

2007 4411 2178 4465 multa
2211 4409 2577 4482 lacrymarum
2613 4409 2904 4468 effusione.
2937 4413 3160 4481 Verum,
3195 4416 3585 4495 osanctissimi

314 4511 531 4584 πρέπον
566 4511 682 4565 ἐστὶ
705 4512 773 4582 τῇ
800 4509 1046 4580 πατρικῇ
1080 4506 1373 4578 δεσποτεία
1420 4506 1577 4580 ὑμῶν
1601 4549 1616 4575 ,
1645 4507 1900 4579 ἀσμένως

310 4607 440 4669 τοὺς
467 4603 732 4674 ἀδελφοὺς
768 4602 928 4675 ἡμῶν
952 4599 1309 4666 ὑποδέξασθε,
1343 4601 1576 4663 καὶτοῖς
1609 4600 1901 4666 δεσπόταις

309 4698 414 4768 τῆς
442 4696 777 4769 οἰκουμένης
803 4696 941 4768 ἄτερ
984 4693 1256 4765 συστολῆς
1279 4692 1379 4749 xui.
1417 4693 1765 4767 ἀνθρωπίνου
1802 4694 1902 4762 φό-

312 4787 412 4844 ϐου
445 4788 863 4859 παραστήσατε.
891 4785 1089 4852 Ἐξετε
1115 4784 1225 4858 γὰρ
1277 4785 1477 4851 αὐτοὺς
1501 4785 1901 4856 ἐπισταμένους

306 4876 562 4952 ἀκριϐῶς
603 4879 715 4933 τῶν
757 4863 930 4952 τριῶν
963 4876 1342 4934 ἀποστολικῶν
1382 4877 1593 4948 θρόνων
1643 4876 1743 4948 τὴν
1766 4877 1901 4949 δμο-

310 4971 579 5042 νοητικὴν
605 4989 664 5026 τε
699 4971 796 5026 καὶ
828 4969 1123 5042 σύμφωνον
1154 4969 1471 5043 ὀρθοδοξίαν
1497 4985 1513 5003 ·
1543 4969 1742 5034 οἵτινες
1799 4971 1900 5036 τάς

312 5063 480 5133 ἁγίας
511 5064 609 5119 καὶ
653 5063 1047 5136 οἰκουμενικάς
1094 5062 1155 5131 ἐξ
1182 5063 1437 5128 συνόδους
1459 5061 1763 5135 ὁμοφώνως
1794 5080 1900 5135 κη-

317 5155 625 5225 ρύττουσιν,
654 5153 854 5227 ἑτέραν
910 5154 1052 5227 πρὸς
1102 5154 1353 5222 ταύταις,
1411 5155 1482 5229 ήν
1516 5156 1613 5210 καὶ
1663 5154 1900 5226 ἑϐδόμην

311 5245 462 5310 τινες
485 5244 834 5317 θρυλλοῦσιν,
855 5246 919 5301 οὐ
949 5245 1330 5318 προσιέμενοι,
1348 5245 1485 5300 ἀλλὰ
1502 5247 1738 5318 πάμπαν
1760 5248 1900 5300 ἀπο-

312 5334 662 5409 ϐαλλόμενοι,
698 5337 778 5399 ὡς
804 5337 898 5392 ἐπὶ
931 5337 1255 5410 καθαιρέσει
1297 5335 1408 5392 τῶν
1436 5335 1818 5392 ἀποστολικῶν
1836 5354 1899 5390 τε

312 5432 415 5487 καὶ
431 5424 832 5487 διδασκαλικῶν
865 5430 1223 5503 παραδόσεων
1264 5428 1773 5502 συναθροισθεῖσαν,
1804 5430 1900 5484 καὶ

310 5518 426 5574 τῶν
463 5519 626 5574 θείων
656 5519 752 5574 καὶ
792 5517 1009 5574 σεπτῶν
1050 5519 1280 5574 εἰκόνων
1329 5519 1609 5589 ἀναιρέσει
1682 5519 1776 5572 καὶ
1812 5516 1899 5582 ἐξ·

387 5656 436 5690 "
469 5656 560 5714 Sic
579 5656 742 5713 etiam
797 5657 851 5711 in
880 5654 1093 5721 Grzcco,
1121 5654 1217 5712 sed
1251 5653 1395 5712 forte
1448 5655 1646 5711 melius
1669 5693 1685 5720 ,
1719 5655 2040 5710 cooriretur.
2080 5651 2256 5709 llanu.

315 5727 539 5796 melius,
573 5727 878 5802 captirauit.
913 5723 1086 5780 llstto.

2005 4512 2063 4556 et
2091 4500 2414 4567 beatissimi,
2449 4509 2503 4555 ut
2529 4501 2689 4559 decet
2704 4511 2990 4574 paternam
3021 4486 3451 4562 dominationem
3492 4523 3585 4564 ve-
3630 4560 3641 4580 ,

2004 4600 2200 4663 suam,
2230 4590 2464 4663 benigne
2478 4589 2680 4650 fratres
2714 4602 2934 4651 nostros
2958 4596 3246 4667 suscipite,
3273 4608 3327 4654 ct
3351 4597 3590 4658 dominis
3632 4583 3643 4601 ’

2003 4683 2155 4740 orbis
2184 4684 2391 4755 absque
2406 4684 2780 4742 subtractioue
2808 4686 2892 4742 vel
2916 4687 3113 4742 timore
3152 4687 3435 4745 hominum
3451 4705 3589 4761 prte-

2004 4785 2252 4832 sentate:
2282 4775 2553 4832 habebitis
2580 4776 2726 4832 enim
2777 4792 2875 4833 eos
2918 4778 3158 4835 scientes
3184 4779 3394 4853 liquido
3420 4784 3586 4840 trium

2005 4868 2429 4942 apostolicarum
2461 4867 2675 4925 sodium
2727 4870 3114 4929 concinentem
3155 4881 3211 4930 et
3248 4876 3586 4933 concordan-

2004 4969 2113 5016 tem
2143 4958 2527 5015 orthodoxiam
2553 4978 2569 5015 :
2599 4960 2695 5032 qui
2750 4970 2979 5019 sanctas
3009 4971 3067 5020 et
3112 4965 3451 5024 universales
3491 4983 3586 5023 se:

2002 5052 2244 5124 synodos
2298 5067 2432 5108 voce
2500 5067 2743 5110 consona
2787 5053 3108 5126 pradicant,
3151 5059 3312 5115 aliam
3366 5059 3434 5114 ad
3467 5061 3586 5126 bas,

2001 5160 2168 5217 quam
2199 5153 2255 5200 et
2279 5145 2566 5217 septimam
2594 5146 2819 5218 quidam
2850 5151 3196 5206 susurrando
3230 5160 3584 5220 nuncupant,

2002 5237 2314 5292 nullatenus
2375 5236 2769 5301 admittentes,
2806 5239 2920 5295 imo
2977 5241 3156 5295 modis
3197 5240 3452 5297 omnibus
3495 5258 3586 5297 re-

2005 5335 2287 5400 spuentes,
2314 5325 2576 5382 nimirum
2632 5336 2692 5382 ut
2735 5329 2939 5384 dudum
2990 5329 3045 5383 in
3076 5331 3498 5400 apostolicarum
3532 5343 3589 5390 et

2007 5419 2461 5492 tnagisterialium
2511 5421 2870 5478 traditionum
2934 5421 3362 5494 depositionem,
3421 5437 3589 5500 atque

2008 5527 2291 5568 sacrarum
2325 5526 2390 5569 ac
2430 5514 2827 5570 venerabilium
2878 5513 3174 5586 imaginum
3218 5515 3587 5590 interemptioo

2369 5653 2415 5688 "
2449 5653 2543 5712 Sic
2570 5652 2735 5711 etiam
2768 5654 2822 5710 in
2849 5654 3059 5727 Graeco,
3101 5656 3197 5714 sed
3228 5666 3408 5716 tamen
3449 5659 3590 5719 forte
