3936 6212
432 301 568 370 1475
1519 311 1580 370 S.
1611 309 1918 372 TARASII
1958 311 1986 369 I

2098 307 2463 368 ‘ltIAPtCII/E
2503 307 2610 368 CP.
3545 309 3652 376 1476

427 429 552 471 nem
581 419 634 470 et
660 413 1346 481 abolitionem,collectam.
1376 415 1488 473 Vos
1516 425 1722 482 autem,
1755 417 1981 473 sanctis-

2095 415 2341 485 αλείψει·
2372 415 2527 486 ὑμεῖς
2561 417 2638 480 δὲ,
2677 416 2970 485 ἁγιώτατοι
2995 457 3008 482 ,
3064 423 3505 493 πεπυρσευρένοι
3547 428 3649 493 Osi)

426 507 554 562 simi
611 505 794 562 divino
845 507 1103 563 illustrati
1161 508 1320 575 zelo,
1352 514 1980 578 consentaneos'quoqut

2106 505 2255 578 ζήλῳ
2293 507 2668 578 ὑπάρχοντες,
2699 507 3021 580 σύμφρονάς
3063 528 3125 564 τε
3157 487 3282 577 τοῦς
3303 487 3492 588 δικαίᾳ
3515 487 3651 592 (aliqua

426 597 688 650 habentes
714 597 975 653 divinitus
999 600 1405 654 conservandos
1430 599 1702 667 dominos,
1727 600 1820 669 qui
1851 599 1980 669 justi

2105 597 2242 651 Θεοῦ
2273 597 2584 668 βασιλεύειν
2631 599 2787 669 ὑμῶν
2830 599 3233 672 προκριθέντας
3278 603 3655 675 θεοᾳυλάκτους

424 684 646 740 decreto
677 683 770 740 Dei
799 687 852 739 in
876 687 1032 741 vobis
1063 688 1336 756 imperare
1365 688 1710 758 praeordinati
1755 696 1903 756 sunt,
1926 689 1978 744 sit

2103 688 2374 751 δεσπότας
2407 688 2643 758 ἔχοντες,
2673 689 2791 760 ἅμα
2815 689 2873 743 δὲ
2898 691 2994 746 καὶ
3009 693 3112 763 τὴν
3142 693 3411 767 θεοσκεπῆ
3443 693 3535 751 καὶ
3562 698 3657 753 θεο-

424 775 540 830 mul
567 776 733 831 etiam
785 783 840 830 et
883 790 910 827 a
943 779 1060 832 Deo
1099 778 1492 848 prOtegendum
1539 787 1595 834 et
1641 779 1978 836 muniendun

2103 777 2372 848 τείχιστον
2409 777 2739 849 σύγκλητον,
2801 779 3061 850 ἰσχύσατε
3097 783 3192 836 καὶ
3222 784 3556 855 ἀνδρίζεσθε,
3579 792 3657 843 καὶ

424 879 672 922 senatum
705 867 997 937 prmvalete
1035 877 1089 922 et
1123 869 1352 924 viriliter
1380 871 1554 940 agite,
1581 879 1634 925 et
1663 869 1978 926 confortetu;

2105 867 2488 940 κραταιούσθω
2521 871 2553 939 ἡ
2584 868 2784 941 καρδία
2818 869 2996 940 ὑμῶν,
3019 875 3202 928 πᾶσαν
3227 879 3514 949 παρακοήν
3545 881 3659 934 ἄπο-

424 973 520 1013 cor
591 968 833 1014 vestrum
885 960 974 1024 ’°,
1031 973 1248 1014 omnem
1307 961 1726 1017 inobedientiam
1787 971 1978 1031 aposto

2105 958 2372 1024 στολικῶς
2419 959 2839 1030 διεκδικοῦντες,
2871 965 2966 1018 καὶ
3015 966 3095 1028 είς
3152 966 3252 1037 τὴν
3303 969 3398 1024 τοῦ
3444 971 3657 1042 Χριστοῦ

423 1049 530 1104 lice
580 1050 944 1112 ulciscentes.
984 1057 1039 1106 et
1095 1051 1164 1105 ad
1220 1050 1422 1108 Christi
1480 1052 1841 1107 obedientiam
1903 1067 1977 1108 cor

1346 1053 1422 1108 Isti
1480 1052 1841 1107 obedientiam
1903 1067 1999 1108 co-
2102 1050 2350 1120 ὑπακοὴν
2381 1048 2842 1123 μεθαρμόζοντες.
2871 1079 2900 1100 ι.

422 1147 692 1210 aptantes.
735 1183 746 1189 -

428 1308 433 1312 _
493 1229 631 1285 lllud
679 1240 863 1287 autem
912 1240 1170 1303 tanquam
1220 1236 1589 1290 necessarium
1621 1250 1786 1305 penes
1812 1235 1982 1305 ponti-

2186 1225 2397 1280 Ἐκεῖνο
2447 1225 2505 1282 δὲ
2557 1228 3056 1302 ύπομιμνήσκομεν
3078 1273 3095 1298 ,
3135 1235 3214 1299 ὡς
3251 1231 3549 1306 ἀναγκαῖον
3573 1239 3657 1314 τὴν

421 1323 632 1378 licalem
675 1324 883 1394 apicem
913 1333 1152 1380 vestrum
1200 1328 1657 1382 commonendum
1703 1327 1955 1382 ducimus

2103 1317 2426 1388 ίεραρχικὴν
2458 1318 2615 1390 ὑμῶν
2654 1321 2930 1392 κορυφὴν,
2967 1322 3085 1392 είγε
3137 1326 3356 1406 εὐδοκία
3404 1331 3501 1384 τοῦ
3530 1350 3657 1402 παμ-

420 1415 554 1471 utsi
585 1414 926 1484 beneplacito
958 1426 1280 1472 cunctorum
1317 1417 1458 1487 regis
1480 1459 1495 1483 ,
1521 1416 1722 1471 Christi
1750 1417 1972 1472 videlire

2102 1408 2365 1490 ϐασιλέως
2421 1410 2660 1479 Χριστοῦ
2710 1411 2805 1464 τοῦ
2837 1412 2970 1466 Θεοῦ
3029 1415 3208 1484 ἡμῶν,
3247 1413 3343 1471 καὶ
3383 1421 3496 1473 τῶν
3529 1423 3656 1492 αὐτῷ

421 1495 515 1560 Dei
548 1507 744 1568 nostri.
767 1514 820 1560 et
841 1521 1030 1561 eorum
1049 1505 1139 1575 qui
1163 1522 1286 1561 cum
1311 1521 1377 1561 eo
1396 1521 1624 1574 regnare
1653 1517 1966 1561 meruerunt

2104 1499 2524 1568 συμϐασιλεύειν
2560 1501 2904 1572 ,ἀξιωμένων
2951 1504 3394 1564 θεοσεὸεστάτων
3430 1511 3524 1564 καὶ
3551 1529 3658 1584 τρο-

421 1595 518 1651 Dei
551 1596 758 1652 scilicet
783 1597 1085 1652 amicorum
1106 1606 1158 1652 et
1180 1597 1632 1665 triumphatorum
1651 1597 1974 1652 dominorun

2102 1591 2374 1660 παιούχων
2414 1591 2694 1646 δεσποτῶν
2720 1593 2900 1663 ἡμῶν,
2925 1593 3279 1670 βουληθείητε
3303 1604 3656 1674 συγκροτῆσιι

419 1699 757 1754 nostrorum,
804 1686 1090 1742 volueritis
1135 1687 1413 1743 celebrare
1443 1687 1710 1759 synodum
1737 1707 1750 1743 :
1778 1704 1847 1742 ne
1877 1703 1973 1742 mut

2101 1681 2338 1744 σύνοδον,
2369 1680 2444 1752 μὴ
2484 1681 2734 1766 ἐπαχθὴς
2789 1683 2918 1755 ὑμῖν
2948 1686 3144 1758 φανείη
3189 1688 3302 1742 τῶν
3345 1691 3513 1761 τριῶν
3540 1695 3655 1745 άπι-

418 1779 555 1833 lesta
619 1777 772 1832 vobis
825 1787 1083 1846 appareat
1131 1779 1292 1832 trium
1328 1748 1749 1848 apostolicarum
1775 1779 1972 1834 sediun:

2102 1773 2360 1825 στολικῶν
2390 1771 2598 1844 θρόνων
2653 1757 2762 1828 τῶν
2807 1775 3128 1844 ἁγιωτάτων
3151 1767 3538 1853 ’πατριαρχῶιδ
3569 1785 3656 1836 καὶ

419 1867 687 1922 almorum
723 1866 1182 1935 patriarcharum,
1239 1875 1293 1922 et
1346 1867 1816 1923 sanctissimorum
1870 1868 1973 1938 epi-

2095 1863 2202 1916 τῶν
2240 1863 2332 1917 ὑπ’
2357 1863 2556 1926 αὐτοὺς
2601 1866 2916 1922 ὁσιωτάτων
2945 1869 3264 1924 ἐπισκόπων
3299 1873 3334 1942 ἡ
3365 1873 3649 1946 ἀπόλειψις.

417 1970 732 2026 scaporum,
763 1957 858 2026 qui
890 1957 994 2011 sub
1024 1956 1158 2026 ipsis
1187 1957 1430 2028 degunt,
1463 1957 1746 2022 absentia,
1784 1971 1890 2011 non
1922 1971 1971 2011 ei

2099 1956 2170 2010 Οὐ
2197 1955 2306 2026 γάρ
2345 1953 2406 2019 ἐξ
2453 1955 2662 2019 οἰκείας
2711 1957 2892 2012 αὐτῶν
2947 1959 3009 2012 τὸ
3039 1960 3294 2030 ἐμποδὼν
3336 1963 3653 2035 προθέσεως,

416 2051 637 2122 proprio
659 2066 852 2107 eorum
899 2051 1154 2107 accidens
1203 2053 1516 2122 proposito,
1550 2052 1644 2107 sed
1685 2067 1753 2106 ex
1798 2061 1970 2106 tenen-

2101 2046 2226 2100 ἀλλὰ
2258 2047 2359 2116 τῆς
2391 2047 2500 2104 τῶν
2534 2047 2882 2120 κρατούντων
2934 2051 3029 2104 καὶ
3075 2053 3448 2124 κυριευόντων
3495 2056 3655 2110 αὐτῶν

418 2141 554 2196 tium
592 2155 688 2195 seu
740 2140 1140 2196 dominantium
1197 2141 1305 2196 illis
1362 2141 1696 2196 terribilibus
1737 2142 1900 2196 minis
1935 2156 1972 2197 et

2100 2133 2548 2208 ἐρρικωδεστάτης
2575 2139 2992 2210 ἐπαπειλήσεως
3023 2143 3118 2196 καὶ
3145 2143 3528 2218 θανατηφόρου
3552 2148 3654 2201 tm-

417 2233 712 2290 mortiferis
743 2232 946 2304 poenis.
974 2233 1090 2290 Hoc
1121 2243 1303 2289 autem
1328 2234 1585 2290 subtilius
1625 2243 1709 2289 est
1735 2234 1971 2290 conside-

2096 2229 2390 2300 τιμήσεως.
2431 2229 2605 2284 Τοῦτο
2629 2231 2686 2284 δὲ
2726 2231 2875 2285 ἐστιν
2905 2233 3300 2306 ἀκριϐέστερον
3326 2238 3559 2291 συνιδεῖν
3573 2239 3650 2291 καὶ

414 2324 647 2380 randum
681 2325 846 2378 etiam
881 2323 952 2380 ab
1012 2324 1130 2394 ipsa
1179 2341 1334 2381 sacra
1397 2334 1452 2380 et
1508 2326 1800 2381 universali
1835 2335 1968 2382 sext:

2097 2319 2202 2373 ἀπὸ
2236 2319 2336 2390 τῆς
2361 2321 2525 2390 ἁγίας
2558 2323 2654 2374 καὶ
2707 2322 3098 2392 οίκουμενικῆς
3136 2323 3306 2395 ἕκτης
3344 2327 3582 2388 συνόδου,
3605 2332 3651 2382 ὲν

414 2415 645 2486 synodo,
680 2413 734 2468 in
767 2429 874 2484 qua
896 2415 1078 2470 nullus
1112 2431 1300 2470 eorum
1343 2415 1437 2485 qui
1477 2427 1574 2485 per
1603 2417 1744 2470 idem
1779 2426 1968 2487 tempus

2093 2403 2127 2482 ᾖ
2156 2407 2332 2472 οὐδεὶς
2364 2409 2474 2463 τῶν
2497 2411 2636 2464 κατὰ
2660 2411 2753 2464 τὸν
2781 2409 2973 2482 καιρὸν
2989 2411 3196 2466 ἐκεῖνον
3219 2415 3278 2468 ὲν
3302 2415 3520 2478 τούτοις
3543 2418 3647 2469 ἐπι-

414 2503 472 2557 in
516 2502 602 2558 his
630 2503 879 2572 partibus
921 2503 1159 2573 episcopi
1199 2512 1376 2569 erant,
1401 2505 1718 2561 convenisse
1740 2515 1968 2574 repertus

2095 2500 2442 2555 σκοπούντων
2505 2505 2621 2566 τοῖς
2652 2503 2844 2576 μέρεσι
2871 2502 3166 2574 συναχθεὶς
3189 2504 3426 2576 εὓρηται
3463 2507 3544 2560 διὰ
3562 2508 3643 2577 τὴν

414 2599 500 2646 est
531 2600 746 2662 propter
793 2592 1155 2671 obscenorum
1187 2592 1566 2648 obtinentium.
1611 2592 1716 2648 Sed
1775 2595 1968 2649 nullun

2091 2591 2200 2643 τῶν
2255 2590 2468 2664 μιαρῶν
2522 2593 2902 2662 ἐπικράτειαν.
2948 2593 3090 2646 Ἀλλ’
3119 2594 3240 2648 οὐδὲ
3287 2599 3354 2650 ἐκ
3381 2599 3566 2652 τούτου
3588 2601 3642 2668 τῇ

411 2694 479 2736 ex
513 2681 616 2736 hoc
640 2691 844 2737 sancta:
871 2681 1100 2736 adhaesit
1123 2682 1334 2752 synodo
1375 2683 1739 2752 praeiudicium
1765 2702 1778 2740 :
1810 2701 1965 2754 nequt

2091 2681 2221 2752 ἁγίᾳ
2278 2681 2480 2752 συνόδῳ
2540 2683 2822 2754 πρόκριμα
2873 2685 3208 2757 συνεπλάκη,
3266 2689 3377 2741 οὐδ’
3407 2686 3475 2743 αὖ
3522 2705 3643 2759 παρ·

412 2773 558 2831 vires
581 2775 770 2830 habuit
791 2775 1090 2846 prohibitio
1116 2775 1297 2845 aliqua
1321 2776 1593 2830 statuendi
1620 2784 1676 2831 et
1699 2775 1966 2831 manifest:

2089 2769 2388 2840 ωμάρτησε
2416 2769 2653 2834 κώλυσις
2687 2789 2770 2835 τις
2810 2775 3201 2844 συστήσασθαι,
3248 2779 3345 2829 καὶ
3385 2777 3635 2848 κατάδηλα

415 2863 655 2918 faciendi
685 2873 833 2918 recta
861 2863 1114 2935 dogmata
1146 2865 1384 2934 pietatis,
1407 2864 1679 2934 przccipue
1703 2880 1826 2920 cum
1857 2881 1969 2919 san-

2089 2859 2223 2910 πᾶσι
2279 2861 2504 2929 ποιῆσαι
2543 2859 2615 2912 τὰ
2643 2859 2780 2931 ὀρθὰ
2807 2860 2909 2932 τῆς
2935 2863 3216 2927 εὐσεϐείας
3241 2865 3513 2936 δέγματα’
3539 2866 3626 2936 μά-

412 2956 690 3012 ctissimus
720 2963 775 3011 et
807 2955 1144 3026 aposwlicus
1177 2971 1314 3026 papa
1361 2954 1643 3012 Romanus
1683 2957 1966 3012 concorda-

2087 2945 2246 2998 λιστα
2273 2947 2367 2999 τοῦ
2391 2948 2696 3014 άγιωτάτου
2731 2951 2828 3002 καὶ
2865 2953 3228 3006 ἀποστολικοῦ
3261 2956 3406 3007 πάπα
3437 2955 3629 3025 Ἤώμης

411 3048 574 3112 verit,
603 3057 659 3102 et
693 3047 748 3102 in
797 3061 860 3102 ea
893 3047 1150 3102 inventus
1182 3046 1257 3101 sit
1305 3061 1400 3116 per
1426 3045 1808 3115 apocrisiarius
1831 3061 1962 3102 suos

2089 3041 2558 3110 συμφωνήσαντος
2583 3041 2718 3112 αὐτῇ
2762 3042 2857 3094 καὶ
2886 3044 3310 3113 συνευρεθέντοζ
3341 3047 3431 3098 διὰ.
3449 3046 3548 3099 τῶν
3573 3048 3638 3098 οὶ-

416 3140 476 3193 Et
498 3153 666 3204 nunc,
699 3126 1051 3201 sanctissimi,
1088 3138 1190 3193 hoc
1207 3152 1329 3192 cum
1373 3136 1578 3191 auxilio
1607 3135 1700 3190 Dei
1732 3137 1970 3193 similiter

2094 3131 2252 3184 κείων
2284 3133 2740 3204 άποκρισιαρίων.
2768 3135 2877 3188 Καὶ
2906 3135 3129 3205 ἀρτίως,
3167 3137 3648 3206 insinuans-uite

412 3231 526 3286 ﬁat.
553 3229 690 3286 Nam
725 3231 867 3286 sicut
895 3240 1023 3285 tunc
1050 3229 1196 3284 illius
1220 3229 1353 3284 fides
1379 3229 1436 3282 in
1470 3229 1621 3284 orbis
1673 3237 1829 3284 terra:
1861 3246 1966 3299 pcr-

2095 3223 2294 3290 γένοιτο
2324 3221 2420 3276 σὺν
2447 3223 2586 3294 Θεῷ.
2623 3225 2732 3278 Καὶ
2769 3223 2828 3277 δν
2865 3224 3068 3296 τρόπον
3097 3227 3413 3298 τηνικαῦτα
3452 3231 3649 3300 ἐκείνης

412 3321 600 3376 sonuit
633 3319 794 3387 flues,
830 3321 904 3373 ita
957 3328 1010 3374 et
1065 3318 1256 3390 synodi
1290 3333 1409 3386 quae
1445 3333 1594 3372 nunc
1632 3333 1730 3388 per
1753 3320 1962 3388 gratian

2099 3315 2118 3385 η
2149 3315 2333 3380 πίστις
2361 3318 2442 3380 είς
2480 3315 2550 3370 τὰ
2576 3317 2675 3387 τῆς
2715 3317 3045 3390 οἰκουμένης
3103 3319 3368 3391 ἐξήχηται
3431 3322 3653 3394 πέρατα,

411 3409 508 3466 Dei
560 3409 940 3480 congreganda
991 3418 1074 3462 est
1104 3423 1203 3478 per
1227 3408 1674 3465 interventionem
1718 3419 1956 3465 vestram

2097 3405 2224 3460 ιΰτω
2246 3407 2342 3460 καὶ
2376 3407 2474 3476 τῆς
2500 3407 2619 3460 νυν)⁵
2652 3407 3156 3481 άθροισθησομένης
3191 3411 3443 3482 Χριστοῦ
3471 3413 3651 3484 χάριτι

409 3510 468 3556 et
496 3500 614 3570 ejus
640 3499 736 3568 qui
765 3498 1076 3552 moderatur
1095 3498 1462 3568 apostolorum
1491 3498 1749 3572 principis
1778 3501 1957 3556 sedem

2104 3497 2302 3550 τυνόδου
2333 3496 2421 3552 διὰ
2456 3498 2735 3568 μεσιτείας
2757 3498 2914 3569 ὑμῶν
2942 3499 3038 3552 καὶ
3063 3499 3158 3553 τοῦ
3189 3501 3282 3555 τὸν
3302 3504 3658 3558 άποστολικῦν

413 3591 798 3662 praedicabitur
837 3589 891 3644 in
939 3589 1091 3645 omni
1123 3590 1243 3644 loco
1291 3591 1385 3660 qui
1419 3592 1518 3645 sub
1545 3592 1661 3646 sole
1691 3601 1802 3659 est;
1835 3593 1967 3648 videt

2105 3587 2273 3656 ipdvov
2305 3586 2401 3639 τοῦ
2455 3587 2756 3658 κορυφαίου
2813 3589 3127 3656 διέποντος,
3161 3593 3580 3668 κηρυχθήσεται
3608 3597 3659 3648 ὲν

410 3681 540 3736 licet
590 3694 713 3750 quae
746 3678 1025 3750 tyrannice
1055 3679 1335 3734 destructa
1381 3687 1539 3746 sunt,
1578 3681 1814 3750 erigens,
1844 3689 1899 3737 et
1927 3681 1964 3736 ir

2107 3675 2181 3744 ὶλῃ
2212 3677 2278 3745 τῇ
2311 3675 2401 3744 ὑφ’
2431 3675 2568 3746 ἡλίῳ
2588 3691 2602 3706 ο
2633 3675 2832 3748 δηλαδὴ
2863 3677 2932 3730 τά
2962 3678 3307 3751 τυραννικῶς
3351 3698 3661 3750 καταστρα-

410 3773 688 3843 antiquatn
751 3779 808 3827 et
867 3770 1222 3841 apostolicam
1257 3771 1562 3829 reformans
1613 3773 1956 3829 traditionem

2109 3765 2255 3820 ;έντα
2280 3767 2618 3839 άνορθούσης
2649 3809 2664 3833 ,
2694 3769 2790 3820 καὶ
2817 3769 2898 3831 είς
2937 3767 2999 3821 τδ
3027 3772 3254 3840 ἀρχαῖον
3275 3771 3663 3826 ἀποκαθιστώ-

410 3866 582 3921 Porro
611 3865 678 3918 ad
707 3865 1060 3920 munitionem
1097 3863 1382 3918 humilium
1425 3863 1734 3919 litterarum
1767 3875 1964 3921 nostra-

2111 3877 2183 3930 ης
2209 3859 2352 3912 κατὰ
2383 3859 2483 3930 τὴν
2507 3859 2874 3930 άποστολικὴν
2904 3861 3225 3932 παράδοσιν.
3257 3863 3417 3934 Πρὸς
3459 3864 3519 3918 δὲ
3545 3862 3665 3933 ὀχύ-

410 3972 557 4023 rum,
606 3955 1145 4026 satisfactionemque
1191 3955 1544 4011 beatitudinis
1592 3957 1964 4014 dominationi:

2112 3967 2252 4004 μωσιν
2279 3951 2388 4004 τῶν
2425 3951 2660 4022 μετρίων
2693 3951 2852 4021 ἡμῶν
2885 3955 3250 4024 γραμμάτων,
3282 3954 3666 4028 πληροφορίαν

411 4058 624 4113 vestrae,
645 4056 809 4116 atque
844 4047 1106 4102 victorum
1163 4055 1216 4102 et
1265 4045 1965 4116 trittmpbatorumimpera-

2115 4060 2139 4095 ε
2163 4045 2263 4112 τῆς
2290 4042 2560 4112 ὑμετέρας
2609 4041 2933 4112 δεσποτικῆς
2977 4044 3406 4115 μακαριότητος,
3440 4049 3539 4100 καὶ
3565 4045 3667 4100 τῶν

411 4150 593 4198 torum
654 4149 988 4203 nostrorum,
1041 4138 1424 4208 conspeximus
1494 4141 1656 4194 etiam
1704 4141 1965 4210 exemplat

2115 4135 2318 4206 ικητῶν
2352 4134 2447 4188 καὶ
2482 4133 2864 4204 τροπαιούχων
2914 4135 3074 4204 ἡμῶν
3106 4135 3410 4205 βασιλέων,
3443 4139 3667 4192 συνεὶδο-

413 4231 811 4304 Synodicorum
835 4231 1105 4286 Theodori
1133 4239 1334 4285 sanctae
1367 4231 1644 4285 memoria:
1672 4215 1852 4285 Patris
1882 4246 1967 4286 no-

2109 4242 2186 4278 ιεν
2236 4226 2337 4278 καὶ
2396 4224 2458 4276 τὸ
2515 4225 2634 4278 ἴσον
2689 4225 2786 4294 τῆς
2837 4225 3124 4296 συνοδικῆς
3169 4226 3466 4297 Θεοδώρου
3492 4229 3585 4283 τοῦ
3615 4231 3663 4281 ἐν

410 4321 509 4375 stri
559 4328 612 4374 et
651 4319 977 4388 patriarcha:
1026 4317 1525 4390 Hierosolymorum
1584 4319 1960 4387 subiicienduu

2113 4317 2261 4384 ιγίοις
2289 4313 2505 4385 Πατρός
2555 4314 2712 4386 ἡμῶν
2742 4315 2834 4369 καὶ
2879 4317 3222 4388 πατριάρχου
3268 4319 3667 4390 Ἰεροσολύμων

413 4410 498 4466 his
529 4425 652 4480 qua:
680 4411 885 4480 scripta
918 4417 1048 4466 sunt
1075 4425 1105 4464 a
1136 4389 1314 4465 nobis.
1348 4408 1500 4466 llunc
1520 4420 1702 4466 autem
1732 4412 1967 4468 libellum

2123 4408 2349 4473 ποτάξαι
2371 4409 2484 4472 τοῖς
2522 4409 2612 4476 ὑφ’
2643 4407 2799 4478 ἡμῶν
2821 4389 3102 4478 γραφεῗσι.
3141 4389 3349 4466 Τοῦτον
3369 4413 3438 4466 δὲ
3469 4389 3572 4466 τὸν
3593 4413 3666 4464 λίς

409 4505 710 4558 secundum
745 4502 963 4558 solitum
996 4501 1252 4558 Ecclesia:
1282 4503 1466 4568 ritum,
1491 4503 1630 4558 idem
1655 4511 1858 4559 sanctae
1888 4492 1963 4560 rea

2115 4499 2258 4554 ελλον
2279 4500 2420 4554 κατὰ
2447 4500 2536 4552 τὸν
2557 4499 2761 4570 συνήθη
2784 4497 2986 4570 θεσμὸν
3017 4501 3115 4571 τῆς
3145 4502 3493 4572 Ἐκκλησίας
3521 4504 3553 4556 ό
3577 4504 3669 4557 αὑ-

409 4595 742 4650 cordationis
771 4595 992 4664 scripsit
1026 4593 1199 4650 beatis
1229 4603 1284 4650 et
1326 4594 1454 4649 alini
1487 4595 1705 4650 termini
1747 4595 1963 4650 sanctis-

2117 4594 2166 4655 ὗς
2191 4594 2253 4646 ὲν
2289 4591 2420 4660 ἁγίᾳ
2446 4593 2512 4660 τῇ
2539 4591 2689 4660 λήξει
2718 4591 3042 4662 γεγράφηκε
3074 4594 3188 4655 τοϊς
3235 4595 3550 4666 μακαρίοις
3583 4595 3671 4648 καὶ

409 4686 564 4742 simis
615 4686 965 4757 patriarchis,
1001 4686 1213 4742 Cos-ma:
1270 4685 1480 4742 scilicet
1520 4686 1884 4751 Alexandriae,
1916 4699 1963 4739 at

2115 4700 2135 4735 ν
2159 4681 2282 4752 ὁσία⁸
2305 4683 2372 4750 τῇ
2411 4678 2564 4750 λήξει
2621 4680 2947 4746 ἁγιωτάτοις
3008 4678 3407 4750 πατριάρχαις,
3441 4681 3669 4750 Κοσμᾷ,

409 4771 702 4832 Theodoro
754 4777 1058 4832 Antiochia:
1099 4775 1472 4847 Theopoleos;
1497 4778 1585 4848 qui
1621 4785 1676 4832 et
1701 4778 1963 4847 reciproca

2122 4771 2260 4844 αμὲν
2289 4812 2304 4837 ,
2328 4769 2406 4842 τῷ
2451 4769 2882 4841 Ἀλεξανδρείας,
2911 4769 3005 4824 καὶ
3038 4769 3298 4842 Θεοδώρῳ
3336 4771 3426 4841 τῷ
3473 4773 3676 4825 Ἀντιο-

409 4863 680 4937 Synodica
739 4882 928 4922 eorum
958 4906 974 4932 ,
1010 4865 1135 4943 dum
1189 4866 1366 4922 adhuc
1417 4865 1656 4932 viveret,
1705 4868 1963 4936 recepisst

2121 4865 2234 4928 είας
2292 4864 2660 4928 Θεουπόλεως,
2690 4862 2749 4926 ὃς
2803 4863 2899 4918 καὶ
2940 4864 3008 4918 τὰ
3049 4862 3449 4918 ἁντισυνοδικὰ
3493 4862 3675 4918 αὐτῶν

411 4957 769 5028 dignoscitur.
820 4957 1125 5013 Incolumes
1203 4973 1300 5011 vos
1375 4973 1472 5024 pro
1539 4957 1694 5014 nobis
1760 4965 1965 5012 orantes

2115 4974 2162 5010 τι
2183 4955 2291 5021 ζῶν
2312 4955 2953 5026 ὲδέξατοάἘῤῥωμένους
2982 4955 3126 5026 ὑμᾶς
3152 4955 3245 5008 καὶ
3264 4957 3408 5026 ἡμῖν
3425 4954 3669 5025 εὐχομέ-

409 5049 676 5104 Dominus
726 5057 1029 5115 conservet,
1063 5047 1390 5105 sanctissimi
1410 5057 1465 5104 et
1488 5049 1749 5104 divinitus
1805 5048 1963 5103 hono-

2121 5065 2210 5110 ους
2257 5048 2285 5101 ὁ
2343 5045 2548 5118 Κύριος
2578 5045 2977 5116 διαφυλάξειεν,
3018 5044 3308 5117 ἁγιώτατοι
3354 5046 3466 5102 καὶ
3495 5044 3675 5101 Gentio

407 5153 480 5194 1³³⁷
497 5157 532 5194 Ι.

2087 5157 2268 5212 μητοι.

501 5308 574 5372 9"l
606 5321 729 5378 Cur.
777 5337 885 5388 nt,
925 5322 1006 5378 l5.
