3904 6208
289 290 420 356 1477

1027 407 1116 471 cru

294 489 596 562 Ἀδελφοῖς
629 490 727 562 καί
751 493 1244 562 συλλειζουργοῗς
1272 493 1421 549 πᾶσι
1455 493 1577 559 τοῖς
1605 495 1862 548 ὁσιωτά-

350 577 480 626 τοις
497 560 859 632 Δἐπισκόποις
922 559 1045 632 τῆς
1075 559 1480 632 ῥιλοχρίστου
1531 562 1857 629 Σικελῶν-κ

359 628 648 696 Ταράσιος
670 629 820 695 ἐλέῳ
845 629 996 684 Θεοῦ
1025 628 1362 698 ἐπίσκοπος
1374 628 1860 688 Κωνσταντινουέ-

352 700 588 765 πόλεως
620 698 768 764 νέας
813 699 1064 770 Ῥώμης.

353 791 416 845 σε
442 793 554 854 τοῖς
602 790 766 856 θείοις
827 792 1008 862 σοφῶς
1061 795 1471 864 ὲμμελετῶντες
1535 797 1734 866 λόγοις,
1767 797 1864 852 καὶ

282 881 673 952 ὲρευνητικῶς,
705 881 802 936 καὶ
827 883 887 936 ού
922 883 1323 954 παροδευτικῶς
1369 887 1428 938 ἐν
1465 886 1650 951 αὐτοῖς
1701 887 1865 946 ὲγκύι

283 990 531 1040 πτοντες,
549 974 641 1026 καὶ
667 973 760 1028 ’ὢν
791 973 916 1029 νοῦν
943 975 1122 1030 αὐτῶν
1155 979 1221 1047 τῇ
1243 977 1491 1050 εὐσεϐείᾳ
1521 982 1615 1034 καὶ
1635 983 1701 1052 τῇ
1733 981 1867 1052 ἀλη-

282 1063 404 1136 θείᾳ
439 1065 890 1137 προσπηγνύντες
918 1107 936 1132 ,
972 1067 1298 1138 φωτίζονταί
1361 1087 1478 1135 πως
1536 1073 1866 1143 θαυμαστῶς

281 1155 388 1208 ἀπὸ
421 1156 594 1227 ὀρέων
620 1157 948 1224 αίώνίων,ὲξ
977 1159 1353 1214 ἀποστολικῶν
1383 1163 1740 1232 προφητικῶν
1772 1181 1860 1227 τε,

283 1245 452 1316 φημὶ,
481 1247 576 1301 καὶ
607 1247 892 1316 πατρικῶν
919 1248 1287 1320 διδαγμάτων,
1323 1253 1418 1304 καὶ
1449 1256 1516 1324 τῇ
1551 1253 1712 1328 αἴγλῃ
1735 1254 1867 1325 τηλ-

281 1339 573 1410 αυγήσεως
642 1339 1113 1410 προορῶνταιτδν
1175 1341 1366 1414 κύριον
1419 1345 1650 1399 ἐνώπιον
1700 1345 1867 1400 αὐτοῦ

280 1429 598 1494 διαπαντὸς,
627 1431 722 1486 καὶ
745 1431 833 1484 διὰ
861 1431 961 1502 τῆς
982 1434 1292 1504 πρακτικῆς
1313 1435 1514 1504 ἀρετῆς
1537 1436 1674 1506 πρὸς
1725 1437 1862 1490 θεω-

285 1520 409 1594 ρίαν
438 1521 728 1590 ἀνάγονται
751 1537 766 1551 ·
798 1518 919 1576 εἶτά
946 1539 1006 1575 τε
1037 1523 1130 1576 καὶ
1181 1523 1282 1596 τὴν
1327 1525 1668 1597 δογματικὴν
1729 1527 1872 1582 διδα-

287 1612 527 1666 σκαλίαν
560 1613 790 1677 ταύταις
819 1613 1242 1684 ἀναμιγνύντες,
1273 1618 1412 1684 σφᾶς
1439 1634 1497 1669 τε
1531 1617 1726 1682 αὐτοὺς
1775 1617 1872 1672 καὶ

284 1704 413 1766 τοὺς
443 1701 638 1767 ἄλλους
669 1703 808 1776 πρὸς
855 1705 954 1776 τὴν
992 1705 1254 1777 ἀλήθειαν
1307 1707 1745 1776 ὲκπαιδεύοντες,
1810 1709 1871 1762 τὸ
1903 1745 1945 1802 Β

285 1789 420 1866 ἦθος
450 1795 545 1849 τοῦ
582 1795 698 1866 βίου
735 1794 1084 1866 ῥυθμίζουσι,
1120 1797 1216 1850 καὶ
1241 1799 1346 1852 τῶν
1370 1800 1575 1870 γηΐνων
1604 1801 1872 1871 ὑπερανα-

289 1884 607 1954 σεσηκότες,
641 1886 711 1940 τὰ
731 1887 843 1957 άνω
887 1889 1169 1960 φρονοῦσι,
1229 1890 1325 1942 καὶ
1355 1889 1548 1962 ὥσπερ
1577 1891 1641 1945 τδ
1670 1891 1870 1961 διαφασ

289 1975 382 2039 νὲς
415 1977 558 2048 ὕδωρ
588 1978 928 2049 ὲκμάσσεται
959 1979 1069 2032 τῶν
1091 1977 1412 2051 εἰσρεόντων
1444 1983 1542 2046 τὰς
1567 1982 1716 2052 δψεις
1779 1983 1873 2036 καὶ

291 2067 458 2120 αὑτοῦ
480 2067 576 2122 τοῦ
610 2069 762 2140 ἡλίου
794 2071 884 2126 τὸν
917 2070 1116 2126 κύκλον
1157 2072 1250 2126 καὶ
1278 2072 1388 2127 τῶν
1416 2074 1665 2144 οὐρανῶν
1687 2075 1754 2128 τὰ
1775 2075 1873 2129 κύ-

290 2177 378 2231 τη,
421 2159 565 2214 οὕτω
595 2163 692 2216 καὶ
720 2164 875 2218 αὐτοὶ
903 2165 1022 2229 νόες
1047 2165 1303 2238 καθαροὶ,
1335 2165 1416 2220 νοῒ
1446 2167 1670 2239 καθαρῷ
1707 2183 1874 2239 προσ-

293 2252 640 2322 μιγνύμενοι,
673 2248 789 2310 οἷόν
809 2273 862 2310 τι
890 2257 1188 2328 ἐκμαγεῖον
1215 2257 1311 2310 καὶ
1339 2259 1650 2328 κάτοπτρον
1695 2259 1876 2328 γίνον-

288 2360 380 2398 ται
403 2344 502 2416 τῆς
534 2344 684 2411 θείας
712 2345 888 2418 δόξης,
903 2347 979 2412 ὼς
1003 2349 1032 2402 ὁ
1061 2347 1260 2419 Κύριος
1287 2348 1390 2422 ἔφη
1415 2365 1430 2380 ·
1469 2368 1489 2402 ι
1514 2350 1791 2422 Μακάριοι
1823 2351 1872 2404 ot

291 2436 522 2508 καθαροὶ
541 2439 607 2509 τῇ
633 2439 852 2510 καρδίᾳ,
881 2440 964 2493 ὅτι
993 2440 1152 2495 αὐτοὶ⁵
1181 2439 1274 2494 τὸν
1298 2439 1430 2494 Θεὸν
1455 2439 1674 2510 ὄψονται
1693 2459 1738 2494 ο»
1777 2443 1872 2497 καὶ

289 2527 458 2594 ἀξίως
485 2527 640 2580 θῦται
666 2531 762 2582 καὶ
792 2531 958 2600 ἱερεῖς
999 2530 1095 2583 καὶ
1159 2530 1496 2602 μυστηπὸλοι
1555 2531 1872 2601 ἐκλέγονται

289 2618 386 2673 τοῦ
407 2618 534 2672 λαοῦ
575 2619 1063 2691 προκαθεζόμενοι,
1093 2621 1181 2675 ὅτι
1212 2622 1305 2675 καὶ
1341 2624 1472 2694 περὶ
1503 2622 1687 2676 αὐτῶν
1721 2625 1875 2694 εῐρη-

288 2725 383 2764 ται
408 2729 422 2740 ο
452 2730 470 2764 ι
509 2709 687 2766 Ὅπου
718 2711 823 2764 εἰσὶ
839 2712 977 2784 δύοῆ
1003 2715 1151 2784 τρεῖς
1169 2715 1500 2786 συνηγμένοι
1526 2716 1620 2768 ἐπὶ
1650 2713 1727 2784 τῷ
1755 2714 1874 2768 avd-

293 2802 424 2871 ματί
451 2820 576 2872 μου.
619 2805 737 2856 ἐκεῖ
775 2799 888 2874 ειμι
951 2805 1010 2858 ὲν
1047 2805 1198 2876 μέσῳ
1235 2807 1434 2860 αὐτῶν.
1462 2825 1482 2859 ι
1520 2808 1746 2878 ’Δνδρες
1782 2802 1876 2860 οὖν

287 2891 600 2962 ἐπιθυμιῶν
629 2895 737 2945 τῶν
778 2894 872 2946 τοῦ
918 2893 1250 2964 πνεύματος,
1311 2895 1588 2968 ἀκούομεν
1649 2897 1732 2949 ὅτι
1783 2894 1875 2948 τὸν

283 2984 578 3038 κανονικὸν
605 2983 806 3054 θεσμὸν
853 2985 1216 3054 φυλάττοντες
1272 2987 1689 3058 συναθροίζεσθε
1750 2987 1874 3041 καθ’

1711 295 2116 360 EPISTOLzE.

3405 286 3536 361 1478

2672 379 2803 445 ,Ἥ

1969 489 2250 544 Fratribus
2300 503 2348 544 et
2401 493 2774 547 comministris
2833 490 3073 546 omnibus
3104 494 3454 549 sanctissimis
3491 506 3542 548 et

2035 560 2234 632 Christi
2265 562 2567 616 nutantibus
2595 564 2852 632 episcopis
2885 560 3185 615 Siculorum
3211 603 3226 625 ,
3287 561 3544 618 Tarasius

2035 629 2132 752 ﬁci
2165 633 2505 772 aurigatione
2537 629 2809 702 episcopus
2838 632 3364 702 Constantinopoleos
3401 650 3546 688 nocte

2084 717 2218 755 ama:
2331 739 2346 756 .
2581 733 2590 740 ν

2084 717 2218 755 ama:
2246 717 2346 756 (1).
2581 733 2590 740 '

2035 791 2140 856 Qui
2163 792 2347 848 divina
2375 793 2650 863 sapienter
2676 793 3008 850 meditantur
3037 795 3282 861 oracula,
3305 795 3542 849 curiose-

1965 898 2072 952 que
2104 884 2258 949 illa,.
2280 900 2387 940 non
2436 884 2844 956 perfunctorie,
2874 888 3246 953 considerant,
3277 902 3549 956 suamque

1967 981 2205 1029 mentem
2234 975 2290 1029 in
2342 976 2542 1046 pietate
2581 991 2644 1031 ac
2675 981 2905 1032 veritate
2930 977 3192 1048 deligunt,
3251 975 3296 1031 ii-
3355 977 3552 1032 illumi-

1967 1076 2168 1119 nantur
2193 1067 2516 1124 mirabiliter
2556 1084 2619 1124 ex
2656 1068 2936 1124 montibus
2970 1069 3210 1133 aaternis,
3237 1084 3300 1124 ex
3333 1055 3550 1140 apesto-

1967 1155 2097 1216 lico,
2124 1156 2368 1226 inquam,
2405 1166 2459 1213 et
2483 1159 2806 1228 prophetico
2850 1159 3183 1228 Pati-umque
3212 1155 3547 1229 magisterio,

1968 1259 2034 1299 ac
2061 1245 2354 1315 splendore
2388 1249 2672 1303 radiorum
2703 1249 2824 1318 ejus
2854 1248 3147 1304 Dominum
3170 1264 3356 1304 coram
3382 1249 3504 1303 Vclu
3536 1249 3549 1302 i

1969 1349 2186 1404 semper
2209 1345 2457 1406 spectant
2481 1376 2496 1400 ,
2539 1346 2592 1392 et
2627 1353 2723 1406 per
2767 1339 2999 1392 activam
3034 1339 3286 1394 virtutem
3321 1341 3388 1396 ad
3421 1356 3554 1395 con-

1971 1426 2386 1498 templationem
2439 1429 2806 1485 deducuntur.
2843 1430 3047 1486 Deinde
3071 1431 3156 1487 his
3189 1433 3551 1503 dogmaticam

1970 1534 2190 1589 quoque
2220 1521 2588 1576 admiscentes
2641 1521 2946 1576 doctrinam
3010 1523 3336 1593 semetipsos
3391 1533 3557 1595 atque

1972 1611 2110 1668 alios
2138 1611 2206 1667 ad
2228 1613 2509 1668 veritatem
2532 1613 2813 1679 erudiunt,
2837 1613 2959 1668 vitae
2991 1630 3170 1670 mores
3193 1630 3554 1686 eumponuut,

1973 1714 2028 1759 et
2057 1687 2223 1774 supra
2255 1719 2342 1761 res
2371 1715 2619 1760 terrenas
2653 1703 2803 1769 elati,
2840 1707 3088 1762 cmlestia
3115 1719 3392 1778 quaerunt,
3443 1725 3558 1766 ροι-

1973 1795 2132 1850 lestia
2155 1795 2375 1864 sapiunt
2403 1813 2416 1850 :
2447 1811 2514 1851 ac
2536 1796 2706 1850 veluti
2728 1811 2868 1866 aqua
2900 1795 3125 1866 limpida
3153 1809 3347 1868 purgat
3370 1799 3559 1854 lavan-

1974 1886 2109 1941 tium
2133 1887 2349 1951 oculos,
2385 1895 2440 1942 et
2478 1886 2654 1957 ipsius
2687 1886 2820 1942 solis
2865 1887 3138 1958 sphmram
3185 1897 3240 1944 et
3291 1891 3559 1946 ccelorunr

1973 1994 2233 2043 concava,
2276 1979 2358 2034 sic
2391 1987 2446 2034 et
2471 1967 2591 2034 istae
2619 1994 2772 2050 purae
2789 1983 3020 2044 mentes,
3044 1996 3197 2051 purae
3217 1984 3386 2037 menti
3413 2000 3559 2040 com.

1974 2069 2170 2135 mistm,
2209 2083 2532 2138 expressum
2573 2068 2743 2123 veluti
2774 2069 3134 2126 simulacrum
3167 2071 3562 2142 speculumque

1974 2162 2112 2216 [lunt
2133 2161 2319 2232 gloriae
2342 2160 2564 2225 divinae,
2594 2168 2656 2216 ut
2690 2160 2767 2214 ait
2789 2159 3088 2216 Dominus:
3121 2176 3142 2214 ι
3174 2161 3321 2226 Beati
3355 2164 3562 2218 mundo

1973 2251 2176 2316 corde,
2217 2251 2476 2321 quoniam
2498 2251 2602 2320 ipsi
2643 2250 2816 2306 Deum
2843 2249 3153 2312 videbunt:
3197 2275 3215 2308 ι
3258 2254 3561 2324 meritoque

1975 2342 2270 2398 sacriﬁculi
2297 2353 2352 2398 et
2376 2343 2691 2398 sacerdotes
2722 2349 2777 2398 et
2813 2349 3005 2412 mysta:
3035 2342 3102 2397 ad
3136 2344 3316 2412 populi
3351 2359 3561 2414 praesu-

1975 2434 2142 2488 latum
2163 2433 2460 2502 eliguntur,
2493 2433 2620 2503 quia
2643 2433 2709 2488 de
2739 2432 2826 2488 his
2851 2432 3055 2488 dictum
3075 2431 3180 2487 fuit
3205 2450 3218 2486 :
3245 2451 3264 2485 ι
3303 2433 3401 2488 Ubi
3433 2443 3564 2490 sunt

1975 2524 2082 2578 duo
2115 2523 2198 2578 vel
2227 2530 2334 2578 tres
2361 2522 2570 2578 collecti
2605 2522 2658 2576 in
2692 2522 2911 2576 nomine
2942 2537 3085 2588 meo,
3120 2522 3194 2577 ibi
3218 2539 3338 2578 sum
3370 2524 3420 2578 in
3449 2540 3564 2580 mc-

1975 2613 2066 2667 dio
2101 2598 2291 2667 eorum
2318 2611 2391 2664 ⁹¹.
2427 2629 2445 2662 ι
2471 2609 2515 2666 Ο
2547 2612 2648 2664 viri
2679 2611 2863 2680 itaque
2889 2609 3286 2664 desideriorum
3315 2611 3562 2680 spiritus,

1976 2703 2290 2759 audivimus
2331 2717 2427 2758 vos
2477 2703 2754 2757 canonica:
2794 2702 2898 2772 legi
2933 2703 3302 2774 obsequentes
3331 2719 3562 2774 congre-

1977 2797 2096 2867 gari
2127 2786 2306 2852 solere
2335 2796 2567 2866 singulis
2600 2795 2760 2850 annis
2809 2795 2880 2849 ob
2927 2795 3338 2865 diiudicandum
3375 2797 3442 2852 de
3467 2811 3564 2852 oc-

1977 2889 2328 2946 currentibus
2355 2889 2424 2942 in.
2441 2888 2695 2944 universa
2717 2897 2898 2943 veSIra
2920 2887 3201 2958 provincia
3232 2887 3564 2944 ecclesiasti-

1977 2981 2058 3037 cis
2089 2981 2356 3050 negotiis;
2400 2990 2456 3036 et
2489 2980 2634 3050 quod
2661 2981 2907 3050 apprime
2940 2980 3236 3036 Dominum
3271 2981 3562 3051 invocatis,

285 3071 522 3129 ἕκαστον
545 3076 736 3148 χρόνον
760 3077 852 3130 ἐπὶ
877 3077 938 3129 τὸ
962 3077 1258 3150 διακρίνειν
1287 3079 1356 3132 τὰ
1383 3081 1874 3151 παρατυγχάνοντα

1984 3081 2042 3128 ut
2065 3071 2302 3148 Spiritus
2348 3071 2579 3142 gratiam
2609 3071 2664 3126 in
2693 3087 2790 3126 vos
2826 3071 3150 3138 immitteus,
3187 3071 3279 3126 det
3319 3081 3562 3127 vestrum

287 3166 722 3237 ὲκκλησιαστικά
751 3167 1021 3237 κεφάλαια
1046 3167 1140 3222 ἐπὶ
1168 3169 1317 3241 πάσῃ
1341 3173 1405 3242 τῇ
1427 3171 1666 3242 ἐπαρχίᾳ
1699 3171 1876 3242 ὑμῶν,

288 3255 391 3307 καὶ
417 3259 634 3318 πάντως
664 3255 1006 3309 ἐπικαλεῖσθε
1038 3256 1130 3310 τὸν
1161 3257 1386 3331 Κύριον,
1457 3259 1543 3318 ἵνα
1579 3261 1677 3332 τὴν
1719 3263 1878 3333 χάριν

290 3344 390 3398 τοῦ
416 3344 734 3416 Πνεύματος
789 3346 1169 3417 καταπέμπων
1203 3349 1353 3418 ὑμῖν,
1378 3349 1451 3420 δῷ
1481 3351 1697 3422 ἑκάστῳ
1725 3352 1879 3422 ὑμῶν

294 3435 450 3504 λόγον
489 3435 776 3500 συνέσεως,
809 3436 964 3504 λόγον
999 3437 1149 3502 θείας
1185 3438 1408 3510 βουλῆς,
1441 3441 1601 3510 λόγον
1630 3443 1880 3512 φυλακῆς

298 3526 534 3581 ἐντολῶν
569 3527 729 3594 Θεοῦ,
761 3529 920 3598 λόγον
945 3531 1231 3602 τηρήσεως
1281 3532 1583 3585 κανονικῶν
1620 3533 1883 3604 διδαγμά-

295 3633 406 3671 των
451 3620 573 3682 ταῖς
614 3613 909 3691 κοσμικαῖς
961 3621 1208 3692 φροντίσι
1264 3623 1386 3686 ταῖς
1437 3623 1881 3694 ἐναντιουμέναις

297 3711 409 3774 τοῖς
431 3711 818 3782 προστάγμασι
849 3711 942 3766 τοῦ
971 3711 1107 3766 Θεοῦ
1135 3713 1350 3786 χαίρειν
1377 3715 1652 3783 λέγοντες,
1713 3733 1882 3770 πνευ-

301 3799 926 3872 ματικῶςπνευματικὰ
957 3803 1306 3875 συγκρίνετε,
1365 3803 1440 3875 μὴ
1485 3804 1881 3877 προκρίναντες

297 3892 366 3946 τὰ
399 3893 856 3964 ἁνθρώπινα³τῶν
887 3895 1276 3966 πνευματικῶν
1301 3911 1315 3926 ·
1346 3895 1507 3950 τοῦτο
1529 3895 1638 3966 γὰρ
1670 3897 1882 3969 ἀνθρω-

303 3985 458 4056 πίνης
487 3986 708 4057 χάριτος
734 3985 916 4059 ἔργον,
946 3987 1008 4040 ού
1051 3987 1154 4058 τῆς
1182 3987 1274 4041 τοῦ
1325 3989 1643 4061 Πνεύματος
1664 4007 1678 4020 ·
1728 3990 1780 4043 τί
1824 3989 1882 4042 δέ

295 4081 400 4132 είσι
439 4079 506 4133 τὰ
542 4079 893 4150 πνευματικά
919 4097 934 4147 ;
960 4079 1325 4149 εὐαγγελικαὶ
1359 4081 1693 4150 ἀποφάσεις,
1739 4082 1880 4136 ἀπο-

297 4170 542 4225 στολικαὶ
571 4171 850 4240 διαταγαὶ,
886 4173 958 4226 τά
997 4170 1108 4224 τῶν
1172 4171 1332 4226 θείων
1389 4173 1632 4227 κανόνων
1691 4171 1881 4228 διατά-

295 4277 482 4330 γματα
499 4277 514 4292 ε
543 4262 700 4326 ἐκτὸς
725 4260 836 4333 γὰρ
861 4261 1086 4330 τούτων,
1112 4263 1291 4332 κρίσις
1318 4261 1747 4335 ἐκκλησιαστικὴ
1779 4262 1884 4317 λοι·
1913 4255 1958 4313 Ι)

295 4351 482 4422 δορίας
511 4351 665 4406 οὐδὲν
693 4351 807 4422 ἔχει
830 4351 1017 4408 πλέον.
1287 4429 1290 4433 λ

369 4440 460 4492 Διὸ
489 4441 581 4492 καὶ
611 4443 646 4511 ὴ
674 4440 806 4509 ἁγία
862 4441 1102 4504 σύνοδος,
1143 4441 1176 4508 ἡ
1222 4439 1365 4493 κατὰ
1407 4439 1544 4493 Θεοῦ
1595 4437 1756 4510 χάριν
1785 4442 1881 4494 καὶ

299 4531 554 4586 εὐδοκίαν
583 4529 1034 4602 συναθροισθεῖσα
1083 4531 1142 4583 ὲν
1170 4529 1378 4600 Νικαίᾳ
1401 4530 1474 4582 ἐν·
1507 4530 1620 4592 τοῖς
1667 4529 1882 4600 χρόνοις

299 4623 480 4694 ἡμῶν,
507 4622 586 4685 εἰς
615 4621 684 4692 ἢν
716 4621 810 4673 καὶ
837 4619 888 4673 οἱ
941 4618 1166 4682 πλείους
1195 4619 1350 4690 ὑμῶν
1403 4618 1682 4691 εὑρέθητε,
1743 4620 1884 4692 μετὰ

297 4717 360 4770 τὸ
406 4714 587 4787 ὁρίσαι
647 4713 968 4786 κρατεῖσθαι
1023 4713 1124 4786 τὴν
1158 4713 1392 4784 ἀρχαίαν
1449 4712 1754 4784 παράδοσιν
1783 4711 1882 4784 τῆς

297 4808 460 4878 ἁγίας
495 4805 592 4860 τοῦ
617 4805 754 4860 Θεοῦ
802 4806 1099 4878 καθολικῆς
1143 4804 1493 4876 Ἐκκλησίας,
1520 4804 1881 4874 ἀποδέχεσθαι

299 4901 394 4963 τὰς
421 4899 626 4972 σεπτάς
651 4899 744 4954 καὶ
776 4899 938 4968 ἁγίας
967 4899 1318 4964 είκόνας,καὶ
1349 4897 1660 4969 άναθὲματι
1701 4913 1881 4970 παρα-

299 4993 593 5064 πέμπουσα
607 4993 735 5058 τοὺς
755 4993 1104 5066 αίρεσιώτας,
1125 4991 1220 5056 οὓς
1239 4990 1882 5064 Χριστιανοκατηγόρους

302 5086 391 5138 καὶ
421 5085 850 5150 Είκονοκλάστας
878 5089 912 5158 ἡ
937 5085 1164 5156 ἀλήθεια
1201 5085 1506 5154 ὠνόμασεν,
1524 5085 1847 5155 ἀπεφήνατο
1866 5101 1880 5114 ο

303 5177 396 5230 καὶ
421 5177 580 5230 αὐτοὶ
613 5176 913 5230 ἐπίστασθε
939 5178 1118 5232 πάντα
1139 5179 1207 5231 τὰ
1240 5176 1500 5230 κανονικὰ
1537 5175 1884 5244 διατάγματα

301 5267 718 5342 ἀπαρατρὼτως
775 5269 1165 5342 ἀναμφιϐόλως
1210 5268 1576 5339 φυλάττεσθαι
1619 5269 1714 5324 καὶ
1741 5286 1883 5340 κρα-

297 5359 508 5413 τεῖσθαι
538 5361 790 5432 ἀμείωτα
815 5361 968 5433 παρὰ
996 5361 1218 5416 πάντων
1245 5359 1403 5432 ὑμῶν
1442 5360 1636 5434 ἱερέων
1665 5361 1761 5414 καὶ
1795 5379 1885 5434 μο-

365 5474 406 5506 ’⁸
451 5473 644 5533 Matth.
675 5470 831 5543 xvm;
853 5475 944 5549 20.

369 5587 610 5660 (j)_Vide
639 5587 783 5644 dicta
808 5589 1104 5660 breviteria
1133 5589 1291 5660 nobis
1322 5587 1376 5642 in
1413 5596 1570 5660 parte
1600 5588 1786 5643 (ἔτερα
1821 5603 1872 5660 p.

303 5657 425 5730 £65.
457 5656 697 5730 Insuper
717 5661 1024 5714 de'l‘arasio
1051 5656 1428 5730 Nicephorum
1452 5670 1590 5730 part.
1623 5662 1718 5730 lat.
1742 5674 1793 5727 p.
1821 5656 1874 5722 5,

301 5728 462 5800 cujus
483 5729 812 5785 laudabilem
838 5741 1019 5787 actum
1060 5730 1131 5784 ibi
1162 5728 1518 5786 memoratum
1541 5729 1747 5798 inique
1789 5745 1876 5784 re-

1983 3164 2279 3234 unicuique
2301 3164 2608 3220 doctrinam
2648 3164 3038 3236 intelligentiae,
3078 3164 3387 3230 doctrinam
3421 3163 3566 3219 divi-

1982 3271 2066 3310 nae
2105 3255 2442 3321 voluntatis,
2501 3255 2810 3311 doctrinam
2867 3257 3130 3312 custodiae
3178 3257 3565 3314 mandatorum

1984 3343 2102 3411 Dei,
2141 3345 2446 3401 doctrinam
2474 3346 2836 3402 observantiae
2858 3363 3130 3403 canonum
3164 3367 3180 3403 :
3211 3357 3265 3404 et
3295 3352 3443 3420 quod
3473 3349 3568 3405 dc-

1983 3435 2150 3505 nique
2187 3436 2480 3508 mundanis
2511 3437 2660 3493 curis
2685 3477 2702 3506 ,
2733 3437 3092 3508 qumdivinis
3144 3441 3431 3510 praeceptis
3463 3441 3564 3496 ad-

1981 3538 2297 3590 versantur,
2332 3528 2454 3582 vale
2475 3527 2744 3594 dicentes,
2771 3529 3092 3599 spiritaliter
3114 3531 3380 3600 spiritalia
3415 3534 3568 3604 judi-

1984 3617 2122 3670 catis
2144 3655 2159 3681 ,
2213 3617 2454 3671 humana
2507 3619 2848 3687 spiritalibus
2881 3634 2992 3674 non
3035 3631 3432 3690 anteponentes
3465 3643 3478 3680 :
3511 3624 3567 3680 id

1984 3706 2128 3760 enim
2161 3706 2413 3762 humanae
2443 3709 2631 3778 gratiae
2665 3707 2902 3764 olIicium
2939 3720 3045 3777 est,
3081 3728 3186 3766 non
3222 3713 3368 3768 illius
3398 3731 3564 3784 quam

1985 3796 2222 3868 Spiritus
2247 3798 2360 3854 dat.
2401 3799 2662 3864 Quaenam
2691 3811 2871 3854 autem
2902 3811 3030 3856 sunt
3061 3802 3371 3871 spiritalia?
3401 3823 3568 3860 cvan-

1985 3889 2156 3961 gt-lica
2196 3905 2388 3962 nempe
2417 3900 2684 3962 praecepta
2707 3933 2722 3960 ,
2755 3892 3068 3963 apostolica:
3121 3897 3568 3964 constitutiones,

1985 3998 2270 4038 sacrorum
2307 3999 2580 4040 canonum
2621 3985 3016 4041 ordinationes.
3055 3986 3276 4057 Absque
3305 3988 3387 4045 his
3419 3989 3570 4045 enim

1984 4076 2418 4133 ecclesiasticum
2467 4076 2735 4148 judicium
2801 4093 2828 4131 a
2869 4077 3142 4134 maledicti
3202 4092 3398 4136 natura
3455 4099 3574 4138 non

1984 4167 2186 4234 dili'ert,
2393 4163 2399 4167 ’

2053 4434 2398 4505 Quapropter
2426 4444 2614 4492 sancta
2643 4439 2807 4492 etiam
2837 4437 3102 4510 synodus,
3141 4439 3236 4495 Dei
3283 4439 3456 4511 gratia
3502 4455 3576 4495 ac‘

1983 4526 2324 4596 beneplacito
2345 4525 2540 4583 Nicaea:
2567 4538 2753 4584 nostra
2773 4539 2930 4585 aetate
2960 4539 3310 4602 congregata,
3335 4532 3422 4586 cui
3453 4532 3566 4602 plc«

1984 4620 2140 4688 rique
2175 4619 2338 4674 etiam
2370 4629 2614 4676 vestrum
2645 4621 2988 4688 interfuistis,
3013 4633 3298 4694 postquam
3322 4624 3569 4680 deﬁnivit

1984 4714 2416 4768 conservandam
2447 4729 2570 4770 esse
2599 4725 2837 4770 veterem
2895 4728 3101 4772 sauctze
3138 4716 3231 4772 Dei
3283 4717 3573 4772 catholica:

1983 4805 2242 4862 Ecclesiae
2275 4807 2647 4870 traditionem,
2698 4808 2766 4864 de
2809 4809 3213 4866 venerabilibus
3253 4813 3571 4882 sanctisque

1983 4897 2318 4970 imaginibus
2365 4901 2736 4972 recipiendis,
2802 4903 3136 4958 anathemati
3195 4903 3574 4970 subjiciendos

1984 5006 2108 5047 esse
2137 4993 2450 5058 haereticos,
2474 5011 2614 5064 quos
2647 4994 3257 5067 Christianocategoras
3285 4995 3571 5068 (Christia-

1985 5099 2180 5141 norum
2217 5091 2606 5160 accusatores)
2661 5098 2716 5144 et
2758 5087 3128 5146 lcouoclastas
3177 5106 3340 5145 verus
3385 5103 3569 5164 sermo

1987 5179 2254 5244 nominat,
2289 5179 2548 5236 decrevit.
2605 5180 2820 5237 Cuncta
2853 5190 3037 5238 autem
3067 5182 3364 5238 constituta
3392 5179 3568 5234 invio—

1985 5269 2307 5326 labiliter-et
2336 5272 2489 5326 lirme
2517 5275 2778 5329 custodiri
2809 5275 3005 5334 nostis.
3037 5274 3408 5344 integramque
3427 5273 3564 5342 apud

1986 5377 2090 5418 nos
2117 5379 2313 5420 onmes
2365 5367 2678 5424 sacerdotes
2731 5383 2798 5423 ac
2842 5367 3150 5422 monachos
3194 5375 3361 5434 atque
3399 5363 3568 5420 laicos

2027 5589 2272 5645 rehendit
2314 5603 2506 5648 auctor
2541 5590 2803 5646 librorum
2837 5589 3216 5645 Carolinorum
3247 5587 3339 5642 lib.
3376 5601 3437 5642 Ill
3461 5627 3475 5652 ,
3508 5585 3564 5641 ἰ).

2033 5661 2261 5733 aberant
2309 5674 2490 5716 tamen
2524 5664 2704 5733 aliqua
2745 5661 3081 5716 obscuritate
3127 5661 3208 5714 vel
3257 5659 3565 5728 corruptela

1987 5729 2100 5785 hch
2132 5728 2450 5797 ft'agutcnta.
