3904 6208
373 305 505 372 M79

1478 305 1540 362 S.
1575 300 1881 363 TARASII
1907 298 2410 361 PA’l‘RlARClIIs
2485 296 2589 358 [ΖΡ.

3513 292 3654 360 148ὓ

372 417 484 470 vim
517 415 738 470 illorum
773 413 1114 479 conservari,
1171 391 1634 484 quemadmodum
1671 415 1958 484 perspicue

2064 413 2243 482 ναχῶν
2275 412 2372 464 καὶ
2402 409 2626 472 λαῖκῶν,
2661 410 2738 473 ὡς
2768 407 2981 478 τρανῶς
3005 407 3432 478 διαγορεῦουσιν
3463 409 3521 460 ai
3551 426 3651 479 ση-

371 505 574 560 docent
605 502 993 574 synodicorum
1031 501 1153 570 ejus
1183 501 1446 556 librorum
1475 500 1779 570 scripturae.
1811 499 1960 554 Cun-

372 605 459 651 cta
494 595 642 650 enim
673 609 737 647 ex
771 592 1014 647 fontibus
1045 591 1261 647 lsraelis
1295 591 1489 647 hausta
1511 591 1685 654 fuere,
1711 590 1960 660 nihilque

375 693 572 754 preter
599 685 701 739 hos
728 683 1090 752 proclamavit
1133 690 1228 737 aut
1251 681 1440 736 omisit
1464 699 1476 733 :
1504 695 1741 751 namque
1767 679 1960 750 synodi

375 776 541 846 hujus
570 774 824 830 doctrina
871 788 1051 844 neque
1087 773 1488 828 incrementum
1545 773 1751 842 patitur
1784 785 1962 841 neque

373 867 770 922 detrimentum
807 884 821 920 :
851 865 1120 935 scriptum
1149 872 1233 920 est
1265 863 1434 928 enim,
1477 879 1545 917 ne
1572 862 1704 933 quid
1734 864 1783 918 ei
1823 863 1962 932 adji-

375 960 574 1021 ciatur,
611 963 708 1012 aut
755 953 1064 1010 auferatur.
1095 955 1358 1026 Equidem
1393 964 1453 1009 ut
1485 954 1538 1008 in
1572 969 1763 1023 regum
1795 953 1960 1008 etiam

377 1049 641 1114 nummis,
669 1045 716 1103 si
747 1047 877 1118 quid
901 1046 969 1103 de
991 1055 1119 1118 typo
1141 1046 1589 1124 circumcidatur,
1618 1053 1767 1100 totus
1795 1060 1962 1102 num-

378 1154 501 1194 mus
534 1137 743 1192 inutilis
770 1136 1038 1203 eﬂicitur;
1075 1138 1148 1191 ita
1171 1137 1332 1192 etiam
1357 1138 1404 1192 si
1422 1137 1548 1207 quis
1564 1137 1648 1190 vel
1675 1136 1958 1190 minimum

379 1232 446 1284 de
473 1229 645 1285 sacris
677 1228 982 1284 canonihus
1014 1228 1296 1284 subvertat
1319 1268 1334 1292 ,
1376 1228 1454 1283 rei
1509 1228 1780 1282 universa:
1839 1243 1962 1281 cor-

380 1321 647 1390 ruptelam
694 1319 880 1374 infert.
929 1320 1023 1374 Sic
1068 1319 1328 1372 nimirum
1387 1319 1479 1389 qui
1527 1319 1962 1373 additamentum

379 1411 574 1466 divina:
603 1410 900 1480 Scriptum
929 1419 1023 1465 aut
1061 1410 1234 1464 sacris
1265 1410 1573 1465 canonibus
1608 1418 1704 1463 aut
1740 1409 1962 1463 Patrum

381 1501 702 1572 magisterio
735 1500 1062 1565 moliuntur,
1095 1502 1381 1555 veritatem
1406 1501 1758 1570 exstinguere
1778 1498 1966 1566 explu-

383 1602 562 1647 ratum
593 1600 714 1659 est;
750 1601 804 1646 ct
834 1593 1080 1662 ipsorum
1101 1591 1297 1662 linguae
1319 1591 1558 1646 sonitum
1587 1590 1728 1646 falsa
1759 1590 1965 1646 locutio

383 1683 757 1752 subsequitur.
799 1680 942 1752 Ergo
975 1688 1301 1736 mementote
1341 1679 1436 1736 Dei
1497 1680 1736 1737 dicentis
1772 1698 1787 1736 :
1825 1676 1962 1736 Cum

2065 501 2318 574 μειώσεις
2341 501 2448 556 τῶν
2487 501 2780 555 συνοδικῶν
2815 500 2988 570 αὐτῆς
3016 499 3215 570 βίὸλων
3240 516 3256 530 ·
3289 501 3435 553 κατὰ
3467 502 3648 555 πάντα

2061 594 2169 664 γὰρ
2209 593 2274 646 ἐκ
2305 591 2412 646 τῶν
2445 591 2640 662 πηγῶν
2664 589 2760 644 τοῦ
2803 589 3021 662 Ἰσραὴλ
3049 589 3316 660 ἠρύσατο,
3354 591 3452 643 καὶ
3495 590 3651 643 οὐδὲν

2061 681 2375 753 περαιτέρω
2404 681 2612 734 τούτων
2651 679 3044 750 ἐκπεφώνηκεν
3084 677 3209 732 οὔτε
3256 679 3517 732 ἀνέλιπεν
3540 696 3557 710 ·
3587 679 3656 732 τὰ

2061 774 2173 843 γὰρ
2202 771 2406 826 τούτων
2432 759 2744 842 διδάγματα
2779 769 2904 824 οὔτε
2941 769 3262 842 προσθήκην
3292 770 3418 824 οὔτε
3459 769 3658 841 ὕφεσιν

2061 866 2409 934 ἐπιδέχεταιο
2437 865 2748 936 γέγραπται
2804 864 2939 936 γὰρ,
2973 863 3094 916 Ἐπ’
3142 864 3326 928 αὐτοῖς
3377 865 3480 918 οὐκ
3538 864 3660 916 ἔστι

2065 957 2410 1027 προσθεῖναι,
2460 957 2557 1014 καὶ
2595 957 2693 1010 ἀπ’
2718 956 2900 1011 αὐτῶν
2944 958 3046 1010 οὐκ
3081 957 3230 1010 ἐστιν
3267 957 3490 1024 ἀφιηίν
3515 971 3528 984 ’
3559 956 3659 1008 καὶ

2063 1051 2176 1120 γὰρ
2211 1051 2270 1104 ὲν
2302 1051 2416 1113 τοῖς
2457 1047 2722 1120 βασιλέων
2751 1047 3054 1118 νομίσμασι
3113 1046 3311 1117 μικρόν
3340 1061 3393 1099 τι
3425 1045 3522 1098 τοῦ
3551 1063 3658 1115 χα-

2068 1137 2346 1208 ρακτῆρός
2374 1154 2461 1200 τις
2499 1137 2826 1208 περικόψας,
2871 1139 2992 1192 ὅλον
3033 1136 3095 1190 τὸ
3124 1137 3372 1206 νόμισμα
3403 1136 3662 1206 κίϐδηλον

2064 1233 2362 1300 εἰργάσατο
2381 1245 2395 1261 ο
2423 1229 2598 1295 οὕτως
2625 1231 2722 1284 καὶ
2753 1232 2780 1282 6
2803 1230 2867 1286 τὺ
2895 1231 3178 1300 ἐλάχιστον
3211 1228 3323 1282 τῶν
3371 1229 3534 1282 θείων
3565 1248 3660 1283 κα·
3771 1275 3780 1284 .

2064 1323 2231 1374 νὸιαων
2257 1321 2601 1392 ἀνατρέπων,
2650 1321 2730 1393 τῷ
2779 1324 2944 1376 παντὶ
2991 1322 3319 1392 λυμαίνεται
3346 1339 3360 1352 ·
3393 1321 3569 1384 οῦτως
3601 1325 3656 1376 οι

2065 1408 2387 1480 προσθήκην
2442 1409 2787 1482 ἐννοούμενοι
2825 1410 2885 1462 ἔν
2911 1427 2969 1463 τε
2995 1413 3062 1480 τῇ
3094 1407 3216 1479 θείᾳ
3243 1409 3460 1480 Γραφῇ,
3485 1408 3519 1478 ἢ
3543 1413 3660 1472 τοῖς

2066 1497 2233 1562 θείοις
2275 1499 2523 1562 κανόσιν,
2567 1499 2600 1570 ἢ
2651 1501 2764 1563 τοῖς
2821 1500 3118 1570 Πατρικοῖς
3162 1497 3665 1568 παραγγέλμασιν,

2065 1587 2412 1659 εὑρίσκονται
2432 1589 2949 1660 παραχαράττοντες
2969 1589 3070 1659 τὴν
3094 1587 3356 1660 ἀλήθειαν
3370 1603 3384 1616 ·
3405 1588 3504 1640 καὶ
3523 1590 3662 1656 μετὰ

2066 1677 2162 1732 τοῦ
2179 1678 2354 1748 ψόφου
2369 1680 2468 1750 τῆς
2487 1677 2736 1750 γλώττης
2756 1679 2958 1743 αὐτῶν,
2979 1679 3408 1745 συναγωνίζεται
3435 1679 3468 1746 ἡ
3499 1676 3659 1746 ψευδο

385 1775 579 1845 omnia
601 1782 746 1828 recte
790 1773 990 1828 feceris
1015 1809 1032 1838 ,
1093 1772 1415 1828 salvaberis.
1463 1772 1681 1842 Vosque
1723 1772 1862 1828 adeo
1903 1772 1958 1828 in

2065 1770 2294 1842 ηγορία·
2355 1771 2645 1842 τοιγαροῦν
2706 1773 2984 1844 μνήσθητε
3035 1770 3130 1840 τοῦ
3186 1768 3324 1824 Θεοῦ
3386 1770 3665 1836 λέγοντος,

386 1875 567 1921 vestra
595 1863 688 1918 Dei
722 1873 858 1919 nutu
887 1873 1220 1936 congregata
1249 1863 1483 1935 synodo,
1522 1863 1748 1919 veritate
1779 1863 1962 1918 adlue-

2069 1862 2200 1915 Ὅτε
2228 1861 2405 1916 πάντα
2437 1862 2826 1936 κατορθώσεις,
2856 1863 2982 1932 τότε
3014 1863 3242 1934 σωθήσῃ
3265 1878 3280 1891 °
3309 1862 3466 1914 αὐτοὶ
3506 1861 3568 1912 ἐν
3601 1861 3668 1929 τῇ

387 1965 590 2020 rentes,
621 1955 844 2012 dilatate
871 1971 934 2012 os
958 1955 1276 2026 Spirituque
1305 1955 1598 2025 complete,
1631 1969 1695 2010 ex
1720 1953 1961 2024 Evange-

2071 1954 2161 2008 διὰ
2192 1955 2284 2008 τὸν
2337 1954 2544 2026 Κύριον
2593 1953 3059 2026 συναθροιζομὲνη
3095 1954 3301 2025 συνόδῳ
3356 1953 3538 2022 ὑμῶν,
3569 1951 3670 2022 τὴν

389 2047 444 2100 1ἱί
478 2061 694 2113 norma,
713 2061 778 2103 ex
797 2047 1173 2118 apostolorum
1193 2054 1246 2104 et
1266 2061 1541 2103 canonum
1561 2057 1723 2118 atque
1745 2046 1961 2101 Patrum

2073 2045 2336 2116 ἀλήθειαν
2364 2047 2759 2118 ἐπισπώμενοι,
2789 2047 3012 2102 πάντων
3055 2045 3165 2100 τῶν
3219 2034 3672 2117 προσταγμάτων

387 2138 666 2193 decernite
703 2147 810 2194 etc.

2073 2137 2173 2210 τὴν
2199 2137 2448 2210 φυλακὴν
2471 2139 2884 2212 διατηροῦντες,
2903 2139 3209 2194 πλατύνατε
3246 2139 3308 2192 τὸ
3350 2139 3554 2209 στόμα,
3577 2139 3670 2188 καὶ

391 2228 707 2302 Πνεῦματος
737 2229 1089 2301 πληρώσατε,
1119 2231 1491 2301 εὐαγγελικῶς
1507 2249 1564 2285 τε
1595 2230 1688 2284 καὶ
1705 2227 2100 2296 ἀποστολικῶς,
2122 2232 2420 2296 κανονικιῖκ
2443 2249 2504 2286 τε
2537 2233 2632 2286 καὶ
2657 2233 2944 2305 [ἰατρικῶς
2957 2232 3416 2304 ἀποφαινόμενοι,
3437 2248 3495 2285 κ.
3532 2249 3585 2285 τ.
3617 2232 3666 2284 λ’

463 2323 766 2394 Sequuntur
793 2325 849 2378 in
875 2323 1082 2379 Tarasii
1105 2323 1328 2394 epistola
1365 2323 1632 2378 nonnulla:
1655 2322 2027 2377 ecclesiastica:
2053 2323 2269 2393 regulw,
2309 2341 2401 2380 seu
2429 2340 2654 2380 canones
2683 2333 2732 2380 et
2761 2333 3050 2396 praecepta,
3071 2339 3199 2395 qua:
3231 2323 3539 2377 describere
3569 2339 3668 2375 non

389 2414 545 2485 hujus
567 2424 646 2471 est
677 2416 800 2472 loci.

1195 2679 1615 2742 MONITUM
1649 2678 1748 2740 ΙΝ
1802 2670 2354 2754 SEQUENTEM
2390 2676 2852 2740 HOMILIAM.

464 2911 759 2968 llomiliam
793 2912 847 2966 in
894 2910 1362 2966 Pra'sentationem
1391 2908 1633 2980 Deiparw
1671 2907 1754 2962 cui
1790 2907 1961 2963 titulus

2069 2906 2164 2968 El;
2191 2904 2258 2957 τὰ
2290 2905 2494 2958 εἰσὸδια
2533 2905 2632 2975 τῆς
2667 2904 2968 2977 ὑπεραγεας
2993 2905 3281 2970 Θεοτόκου,
3302 2913 3360 2960 et.
3383 2903 3532 2973 cujus
3555 2902 3660 2956 ini-

395 3007 528 3064 tiu‘tn
559 3024 573 3060 :
603 3005 809 3078 Φαιδρὰ
845 3004 941 3060 καὶ
989 3003 1290 3076 παράδοξος
1319 3005 1352 3075 ή
1380 3000 1630 3073 παροῦσα
1674 3003 1961 3072 πανήγυρι.

2064 2999 2270 3056 Γαιαείο
2297 2998 2909 3068 Constantinopolitano
2943 2998 3271 3068 patriarcha:
3301 2997 3540 3052 tribuere
3575 3008 3663 3051 so-

394 3100 526 3166 lent,
555 3113 623 3153 ne
656 3097 883 3153 minimo
913 3096 1133 3167 quidem
1169 3097 1370 3165 injecto
1404 3094 1594 3156 dubio,
1621 3093 1866 3148 historia:
1907 3093 2192 3149 litterariae
2233 3092 2554 3162 scriptores,
2583 3089 2688 3145 fide
2732 3105 2838 3145 ms.
2882 3089 3141 3144 Biblioth.
3181 3089 3416 3146 Coislin.
3465 3086 3667 3143 CCX“.

398 3189 736 3264 [Μοκτηυο.
765 3188 1025 3244 Biblioth.
1060 3182 1442 3242 Bibliotheear.
1477 3201 1529 3256 p.
1566 3183 1719 3256 505.]
1750 3183 2060 3241 Marcellius
2091 3201 2222 3241 vero
2254 3184 2308 3238 in
2345 3184 2462 3239 suis
2487 3182 2554 3238 s'd
2589 3182 2971 3237 Kalendarium
3002 3181 3259 3237 Ecclesiae
3275 3181 3667 3239 Constantino-

399 3284 656 3352 politanae
688 3281 1105 3350 commentariis
1129 3279 1382 3346 aﬂirmat,
1409 3278 1548 3335 forte
1584 3279 2007 3345 subdubitando,
2035 3277 2352 3334 Orationem
2377 3275 2588 3332 Tarasii
2617 3276 2922 3331 habendam
2958 3291 3069 3330 non
3091 3275 3283 3341 videri,
3310 3286 3367 3330 et
3397 3277 3670 3345 duplic-rm

399 3391 512 3430 suae
545 3377 828 3431 sententia:
861 3375 1126 3430 rationem
1159 3374 1334 3436 aﬂ’ert.
1369 3388 1564 3442 nempe
1596 3388 1785 3428 vocem
1820 3373 2094 3444 ὑπεραγία
2133 3388 2256 3443 qua:
2292 3373 2344 3426 in
2387 3372 2548 3426 titulo
2592 3371 2867 3441 reperitur
2895 3385 2924 3424 a
2973 3370 3172 3425 saeculo
3213 3379 3427 3423 tantum
3459 3370 3670 3424 decimo

403 3467 657 3536 usurpari
703 3467 956 3535 coepisse,
989 3473 1044 3520 et
1071 3463 1314 3534 Deiparte
1345 3466 1402 3518 in
1432 3463 1682 3534 templum
1710 3467 2056 3536 ingredientis
2089 3465 2478 3520 solemnitatem
2513 3473 2753 3532 tempore
2779 3461 2993 3518 Tarasii
3033 3464 3273 3518 nondum
3314 3461 3674 3537 in_Constan-

402 3557 760 3626 tinopolitana
788 3557 1030 3612 Ecclesia
1055 3557 1318 3613 celebrari
1348 3557 1720 3623 consuevisse,
1750 3566 1810 3612 ut
1836 3566 2054 3616 constat
2087 3573 2152 3614 ex
2185 3557 2404 3614 silentio
2426 3555 2741 3613 Kalendarii
2776 3555 2922 3626 quod
2953 3556 3262 3612 certissime
3295 3555 3367 3610 ad
3405 3557 3669 3611 saeculum

400 3659 658 3706 octavum
698 3649 955 3718 pertinet.

476 3741 760 3797 Levissimi
793 3741 1057 3796 momenti
1097 3757 1221 3798 csse
1260 3741 1627 3798 diliicultatem
1663 3758 1784 3814 qua:
1813 3759 1879 3799 ex
1910 3758 2045 3800 voce
2079 3741 2357 3816 ὑπεραγία
2404 3741 2459 3796 in
2491 3740 2651 3796 titulo
2680 3731 2938 3808 sitmitur,
2977 3755 3141 3797 nemo
3173 3759 3279 3798 non
3310 3747 3482 3802 videt.
3509 3747 3669 3802 Aliud

403 3835 549 3888 enim
593 3835 660 3889 de
692 3835 1046 3891 sermonibus
1085 3835 1239 3906 ipsis,
1272 3836 1418 3892 aliud
1463 3836 1528 3892 de
1559 3852 1872 3892 sermonum
1905 3835 2361 3908 inscriptionibus
2395 3834 2664 3906 judicium
2709 3833 2994 3890 ferendum
3025 3837 3150 3906 quis
3188 3836 3508 3894 inliciatur?
3532 3839 3669 3894 Cum

403 3943 634 3998 prorsus
667 3930 934 3985 incertum
981 3926 1052 3986 si't
1079 3931 1432 4002 quandonam
1469 3931 1572 4002 ipsi
1599 3931 1870 3988 sermonis
1899 3931 2138 3998 auctori,
2170 3930 2392 4002 quando
2423 3929 2580 3985 alteri
2619 3929 2728 3983 sint
2773 3928 3092 3984 tribuenda.
3131 3928 3264 3985 Esto
3299 3931 3446 4000 quod
3483 3933 3674 3988 titulus

406 4034 513 4072 non
551 4019 645 4074 alii
678 4027 840 4090 quam
875 4021 978 4091 ipsi
1015 4021 1286 4076 orationis
1317 4023 1528 4076 auctori
1559 4022 1724 4076 trihui
1753 4031 2024 4092 oporteat,
2054 4037 2232 4092 neque
2252 4020 2452 4076 exinde
2472 4027 2623 4077 certo
2651 4019 2906 4076 concludi
2939 4028 3120 4090 potest
3155 4020 3440 4076 homiliam
3471 4023 3660 4093 praefa-

409 4119 520 4163 tam
555 4124 661 4165 non
688 4127 808 4167 esse
843 4111 901 4168 S.
933 4111 1166 4167 Tarasii.
1199 4113 1326 4168 Haec
1351 4112 1497 4166 enim
1532 4127 1635 4167 vox
1665 4114 1942 4185 ὕπεραγία
1965 4114 2234 4184 reperitur
2265 4114 2320 4168 in
2345 4111 2798 4183 inscriptionibus
2824 4111 3173 4168 homiliarum
3200 4128 3324 4182 qua:
3349 4116 3667 4170 auctoribus

405 4199 642 4256 'l‘arasio
677 4203 878 4258 coaevis
923 4205 1008 4259 vel
1055 4203 1466 4274 antiquioribus
1498 4206 1812 4261 tribuuntur
1846 4205 1943 4277 (l).
1974 4205 2120 4278 Ergo
2167 4204 2287 4277 pari
2314 4205 2437 4276 jure
2470 4205 2552 4261 vel
2601 4205 2722 4261 istae
2763 4206 3042 4260 orationes
3084 4205 3404 4262 auctoribus
3437 4223 3672 4276 quorum

409 4291 629 4345 nomina
657 4291 1120 4346 circumferuntur
1163 4292 1540 4361 abjudicandae
1578 4302 1726 4359 sunt,
1766 4295 1850 4350 vel
1891 4309 2054 4350 usum
2084 4297 2236 4350 vocis
2267 4295 2545 4366 ὑπεραγια
2573 4295 2773 4352 sa'culo
2799 4294 3012 4350 decimo
3044 4297 3399 4352 vetustiorcm
3429 4314 3558 4354 esse
3581 4305 3676 4353 aut-

419 4382 746 4438 mittendum
788 4383 933 4452 quod
965 4383 1186 4438 aliunde
1235 4393 1454 4440 constat
1502 4400 1566 4440 ex
1589 4384 1812 4456 Josephi
1843 4386 2250 4458 Hymnographi
2274 4403 2485 4444 canone
2526 4389 2580 4443 in
2611 4403 2720 4458 quo
2763 4388 2995 4460 legimus
3023 4401 3040 4448 :
3065 4389 3504 4457 Osauctissima,
3543 4395 3676 4447 luitis

407 4473 576 4525 cumis
605 4487 814 4541 expers,
840 4475 1153 4542 ὑπεραγια,
1194 4473 1518 4545 πανὰμωμε
1545 4475 1645 4547 (2),
1675 4485 1729 4532 et
1755 4492 1821 4533 ex
1847 4475 2074 4533 Triodio
2107 4477 2165 4533 S.
2195 4477 2490 4549 SOphrouii
2528 4479 3011 4552 Hierosolymilani
3041 4485 3140 4556 (3).
3180 4483 3292 4541 Nec
3331 4485 3514 4555 pluris
3542 4489 3680 4542 valet

407 4573 787 4635 argumentum
819 4564 884 4620 ei
915 4563 1504 4638 Constantinopolitani
1534 4565 1849 4623 Kaiendarii
1879 4568 2100 4625 silentio
2134 4571 2203 4625 de
2232 4569 2371 4626 festo
2413 4565 2860 4628 Prmentationis
2897 4573 3165 4645 Deiparte,
3209 4592 3337 4631 cum
3383 4581 3510 4648 ipso
3539 4578 3680 4631 Mar-

409 4660 570 4714 cellio
598 4666 824 4715 auctore
852 4676 1020 4716 unum
1056 4677 1154 4733 pro
1184 4674 1335 4718 certo
1361 4661 1546 4717 haberi
1570 4670 1752 4732 potest
1775 4661 2164 4720 Kalendarium
2199 4665 2330 4720 illud
2363 4681 2538 4736 neque
2567 4675 2692 4721 ante
2721 4682 2926 4722 annum
2949 4668 3078 4736 7H,
3111 4685 3286 4740 neque
3313 4683 3440 4740 post
3475 4688 3682 4726 annum

408 4750 513 4806 787
554 4750 726 4807 fuisse
749 4753 1144 4824 conscriptum.
1173 4752 1421 4821 Quonam
1453 4754 1579 4824 jure
1605 4769 1672 4810 ex
1715 4754 1810 4809 illo
1846 4763 2203 4812 monumento
2248 4757 2432 4812 inferri
2466 4764 2644 4826 potest
2675 4757 2923 4828 Deiparw
2955 4760 3010 4814 in
3045 4759 3294 4830 templum
3335 4761 3685 4832 ingredientis

407 4845 795 4900 solemnitatem
818 4848 1060 4903 nondum
1086 4847 1142 4902 in
1165 4845 1772 4918 Constantinopolitana
1787 4849 2029 4906 Ecclesia
2051 4850 2312 4905 celebrari
2335 4851 2716 4918 consuevisse,
2741 4853 2960 4908 vivente
2978 4850 3212 4909 Tarasio
3230 4851 3324 4922 qui
3349 4869 3676 4923 supremum

408 4939 553 4993 diem
581 4939 717 4992 obiit
749 4954 894 4995 anno
924 4939 1032 4996 806
1062 4939 1252 5010 Uirgo
1268 4941 1416 4996 nulla
1449 4941 1666 4997 elicitur
1698 4941 1835 4997 ratio
1866 4943 2167 5000 decretoria
2196 4953 2419 5013 propter
2449 4957 2612 5012 quam
2647 4943 2890 5010 homilia,
2917 4960 3080 5014 quam
3110 4944 3458 5016 subjicitnus,
3487 4963 3688 5018 magno

411 5029 640 5084 'I‘arasin
673 5029 747 5084 sit
769 5029 1155 5100 abjudieanda.
1187 5032 1546 5088 Communem
1576 5049 1606 5088 c
1627 5041 1820 5088 contra
1847 5033 1914 5090 de
1939 5045 2165 5092 auctore
2215 5034 2382 5106 hujus
2411 5035 2652 5091 homilize
2695 5037 3024 5093 sententiam
3055 5039 3390 5096 confirmant
3419 5042 3608 5112 stylus
3637 5054 3688 5098 et

407 5141 472 5182 ea
507 5138 629 5194 quae
657 5122 716 5177 in
746 5123 860 5192 ipsa
902 5123 1154 5179 oratione
1187 5131 1380 5180 contra
1419 5122 1814 5181 lconomachos
1848 5126 2130 5182 dicuntur.

481 5257 570 5351 Ψ.
601 5255 2003 5351 Ϊῗὲζ..9Ξῗέἷ⁰⁸ξξ-.ῖ¹1--2⁴ἷδιῗ.⁴ἔ¹ἱ⁶ξ.-.ἐξαξξέἰὲ-.άὲεἶπ
2103 5263 2330 5351 M9995“
2361 5262 2840 5351 "semanimi
2863 5265 3146 5351 l3°'““ia'“
3180 5269 3515 5351 ίηρεέζρανφ
3553 5276 3694 5351 00r-

409 5325 573 5407 quam
600 5326 704 5407 sub
733 5327 976 5407 nomine“
991 5325 1317 5407 Ramascelii
1340 5325 1599 5407 vulgavit
1636 5330 1864 5407 Michael
1899 5331 2001 5407 Le-
2101 5335 2580 5407 mitionent,AAug.A
2602 5325 2991 5407 Ciacomellus.
3025 5336 3210 5394 Romae
3241 5325 3379 5396 I766
3405 5325 3694 5407 imis}...

411 5395 600 5483 ᾠήθη,
654 5406 693 5451 ι.
729 5397 807 5483 ll,
839 5395 1534 5483 p.‘8lr9,“sedh'.l:heod6ro
1567 5398 1795 5483 Stud_i_ta:
1841 5403 2001 5458 resti-
2094 5395 2895 5483 Cretensishomiliasnphtreg.
2927 5395 3091 5483 hujus
3122 5395 3696 5483 Manneia-ii

412 5465 668 5546 tuendam
694 5465 877 5546 monet
898 5465 1039 5536 Aug.
1060 5465 1455 5546 nawgbttoua.
1485 5486 1607 5546 non.
1631 5480 1668 5524 ι.
1696 5469 1762 5532 u,
1793 5487 1910 5541 par.
1933 5488 1995 5536 η,
2093 5483 2134 5531 ι.
2166 5474 2374 5546 xcvu.
2400 5490 2454 5546 p.
2484 5476 2610 5539 τοι,
2646 5465 2772 5542 8'20,
2801 5465 2927 5542 ssi,
2956 5465 3082 5544 ssi,
3118 5479 3274 5543 1072,
3298 5465 3407 5539 θῶ.

412 5520 743 5624 ibi—nou;
776 5520 1096 5592 Damasceni
1129 5520 1463 5621 orationujn
1486 5520 1762 5610 ’ὑὲὲρἀέιέ
2095 5520 2134 5531 τ’
2281 5520 3085 5616 ii’rZétZL'ioBT'Jinﬁ'.’ﬁlii
3121 5520 3582 5611 .F‘eria
3619 5575 3670 5612 vi

413 5617 685 5664 nationem
717 5605 852 5669 Opp.
906 5617 944 5660 ι.
991 5606 1057 5669 ll.
1096 5623 1151 5669 ι).
1197 5609 1332 5669 855:
1364 5610 1604 5669 ejusdem
1656 5621 1890 5668 oration.
1935 5628 1986 5666 In
2091 5615 2181 5669 od.
2243 5615 2313 5669 ll.

413 5601 685 5678 italiam!
716 5605 852 5678 OPP-
906 5617 944 5660 ιο
991 5606 1057 5672 ll.
1096 5623 1151 5678 Ρ.
1197 5609 1332 5673 855;
1364 5601 1621 5678 ejusdem'
1656 5612 1890 5668 oration,
1935 5612 1986 5666 in
2091 5601 2184 5670 (ηιξ
2219 5601 2313 5670 ιιι,
2546 5601 2551 5602 '
2827 5601 2918 5678 π.
3042 5601 3084 5604 έν
3121 5601 3375 5609 --η--·---
3417 5601 3439 5608 -
3465 5601 3582 5611 -·--
3627 5601 3692 5626 "I

415 5655 752 5744 fuliginis
767 5655 944 5730 rdri'eni’
964 5655 1299 5733 nclalri'tiu'r‘nv
2091 5655 2523 5759 V“(.55.:S.picileg.
2558 5687 2712 5745 Rom.
2741 5699 2778 5747 t.
2808 5671 2990 5762 IV,.p.
3022 5690 3139 5745 l86.
