3904 6208
324 320 450 385 1481

1241 316 1324 377 IN
1348 288 1453 376 ss.
1504 314 1855 409 nmmum
1894 312 2614 379 PRIESENTATIONEM.

3403 306 3455 366 14
3466 308 3531 366 32

338 460 3529 500 Μ

1397 597 1539 651 ΤΟΥ
1567 596 1659 651 ΕΝ
1690 595 1914 650 ΑΓΙΟΙΣ
1944 596 2217 650 ΠΔἸῬΟΣ
2240 594 2440 650 ΗΜΩΝ

470 742 1002 835 ΤΑΡΑΣΙΟΥ
1049 741 1973 833 ΑΡΧΙΕΠΙΣΚΟΠΟΥ
2045 736 3371 831 ΚΩΝΣΤΑΝΤΙΝΟΥΠΟΛΕΩΣ

1666 911 2195 1031 ΛΟΓΟΣ

1121 1113 1251 1166 ΕΙΣ
1272 1113 1354 1165 TA
1376 1110 1671 1165 ΕΙΣΟΔΙΔ
1705 1108 1844 1163 ΤΗΣ
1884 1110 2308 1178 ΥΠΕΒΑΓΙΑΣ
2339 1106 2729 1169 ΘΕΟΤΟΚΟΥ.

1479 1368 1754 1428 sanan
1786 1367 2059 1426 PATRIS
2094 1366 2373 1451 nosm

442 1526 911 1617 TARASII
956 1500 1877 1619 ARCHIEPISCOPI
1941 1449 3380 1613 CONS’I‘ANTINOPOLITANl

1626 1709 2219 1840 ORATIO
2251 1768 2255 1772 ι

977 1925 1059 1986 IN
1118 1923 1222 1986 SS.
1281 1922 1417 1985 DEI
1453 1919 1799 1984 MATREM
1829 1919 1912 1981 1N
1967 1919 2361 1984 TEMPLUM
2407 1918 2870 1990 DEDUCTAM.

907 2193 1283 2263 Εὐλόγησον.

382 2295 470 2350 At.
500 2287 705 2361 Φαιδρά
730 2286 826 2341 καὶ
852 2282 1157 2355 παράδοξος
1184 2287 1219 2355 ή
1248 2283 1836 2355 παροῦσαᾉπανήγυρις
1861 2324 1877 2350 ,

314 2384 547 2439 καὶτῶν
601 2376 898 2451 φιλεορτῶν
925 2376 1018 2430 τὸν
1053 2376 1219 2429 πόθον
1252 2378 1389 2445 πρὸς
1431 2376 1699 2446 ὑμνῳδίαν
1734 2376 1878 2444 ἐγεί-

311 2492 506 2547 ρουσα,
530 2476 564 2545 ή
610 2473 709 2541 τῆς
758 2467 1144 2537 Ἀειπαρθένου
1169 2468 1263 2522 καὶ
1287 2467 1553 2521 Θεοτόκου
1585 2469 1643 2521 ὲν
1666 2466 1744 2536 τῷ
1770 2466 1881 2536 ναῷ

313 2567 538 2636 πρόοδος
562 2581 577 2596 ·
628 2564 866 2632 σήμερον
895 2562 1003 2630 γὰρ
1051 2562 1081 2612 ὁ
1118 2559 1344 2629 οὐρανὸς
1376 2560 1470 2611 καὶ
1509 2560 1543 2628 ή
1583 2561 1654 2627 γῆ
1695 2558 1879 2627 κοινὴν

309 2657 509 2729 ἑορτὴν
532 2652 898 2714 ἐκτελοῦντες,
921 2653 1223 2720 ἀμφότεροι
1249 2649 1339 2703 τὸν
1368 2644 1710 2718 Δημιουργὸν
1731 2647 1880 2714 δοξοσ-

306 2748 534 2816 λογοῦσι
565 2746 655 2799 τὸν
680 2746 745 2797 ὲκ
767 2743 1011 2814 βροτείας
1045 2742 1257 2808 φύσεως
1286 2739 1384 2809 τήν
1415 2739 1676 2802 θεόπαιδα
1709 2739 1878 2811 κόρην

307 2837 680 2907 ἐκλεξάμενον
713 2836 793 2899 εἰς
815 2834 1011 2888 ἑαυτοῦ
1040 2831 1481 2900 κατασκήνωσιν.

379 3016 636 3087 Σήμερον
675 3012 770 3066 τοῦ
813 3011 919 3082 πρὸ
945 3009 1163 3063 πάντων
1210 3010 1422 3063 αἰώνων
1464 3007 1885 3079 προορισθέντος

300 3092 625 3180 Δμυστηρίου
655 3104 750 3158 καὶ
776 3103 876 3155 ἐπ’
904 3102 1152 3171 ὲσχάτων
1179 3099 1547 3170 φανεροῦσθαι
1575 3099 1884 3169 μέλλοντος,

306 3196 702 3269 εὐτρεπίζεται
732 3194 1066 3263 οἰκητήριον.
1112 3192 1361 3262 Σήμερον
1398 3193 1432 3260 ή
1465 3191 1525 3257 ἐξ
1552 3189 1888 3258 ἐπαγγελίας

304 3286 575 3358 τεχθεῖσα
614 3283 673 3349 ἐξ
718 3281 972 3349 ἰωακεὶμ
996 3276 1112 3333 ’καὶ
1149 3282 1350 3349 Ἀννης
1384 3280 1754 3350 προσφέρεται
1794 3279 1887 3334 ὑπ’

303 3375 522 3435 αὐτῶν,
548 3372 728 3442 τίμιον
756 3369 950 3440 δῶρον,
981 3367 1059 3438 τῷ
1079 3367 1377 3437 μετέπειτα
1411 3370 1470 3433 ἐξ
1502 3369 1672 3437 αὐτῆς
1693 3368 1888 3439 τεχθῆ-

304 3484 402 3520 ναι
427 3462 807 3531 εύδοκήσαντι.
831 3457 1079 3527 Σήμερον
1101 3456 1161 3509 τὸ
1183 3457 1282 3525 τῆς
1312 3458 1487 3529 χαρᾶς
1521 3457 1807 3527 προοίμιον
1831 3457 1889 3508 ἐν

1909 2209 1956 2263 Α

2781 2193 2886 2246 dic.

2781 2193 2886 2246 d'c.

2055 2283 2099 2341 ι.
2149 2284 2296 2339 Laeta
2348 2294 2511 2355 atque
2553 2192 2891 2339 adigielraeliilis
2934 2281 3194 2339 hodierna
3233 2281 3543 2343 celebritas.

1982 2389 2108 2445 qua:
2134 2375 2410 2431 studiosos
2444 2376 2682 2431 cultores
2713 2375 2977 2431 festorum
3006 2374 3218 2429 dierum
3247 2375 3446 2429 excitat
3478 2376 3547 2428 ad

1987 2468 2220 2538 hymnos
2246 2466 2618 2523 concinendos
2640 2507 2656 2532 ,
2691 2476 3004 2537 perpetuam
3039 2464 3315 2536 Virginem
3345 2466 3549 2535 Deique

1988 2557 2214 2613 Matrem
2266 2558 2321 2612 in
2380 2558 2643 2626 templum
2690 2557 3125 2634 progredientem
3175 2557 3546 2626 prosequitur.

1989 2647 2200 2703 Etenim
2240 2648 2400 2703 hodie
2442 2649 2643 2705 caelum
2684 2658 2738 2704 et
2780 2660 2920 2704 terra
2954 2662 3299 2703 communem
3343 2648 3552 2717 agitant

1993 2739 2415 2805 solemnitatem,
2451 2748 2507 2793 et
2541 2737 2874 2808 coniunctim
2908 2738 3132 2793 laudant
3162 2752 3346 2792 rerum
3378 2735 3549 2807 Opill-

1881 2891 1885 2895 ,
1988 2844 2131 2892 cem,
2161 2830 2254 2898 qui
2288 2846 2319 2884 e
2351 2830 2522 2899 stirpe
2546 2830 2860 2884 mortalium
2905 2830 3142 2900 puellam
3161 2870 3178 2898 ,
3200 2843 3324 2900 quae
3353 2827 3447 2884 Dei
3469 2839 3554 2885 est

1991 2917 2124 2981 lilia,
2157 2917 2225 2972 ad
2246 2919 2330 2973 sui
2364 2918 2731 2972 habitaculum
2760 2919 2978 2989 delegit.

2068 3007 2239 3062 Hodie
2285 3008 2615 3063 sacramenti
2640 3019 2766 3063 ante
2795 3010 2977 3063 omnia
3025 3010 3224 3064 saecula
3272 3010 3555 3080 praeparati

1992 3099 2149 3167 cujus
2176 3098 2243 3153 ad
2266 3100 2509 3153 extrema
2537 3109 2781 3168 tempora
2819 3100 3203 3154 rescrvabatur
3232 3099 3552 3155 manifesta-

1990 3189 2091 3252 tio,
2146 3196 2444 3257 apparatur
2475 3188 2836 3245 domicilium.
2872 3188 3044 3245 Hodie
3075 3206 3142 3253 ex
3188 3191 3555 3260 promissibnc

1994 3272 2194 3349 genita,
2220 3278 2489 3336 Joachimi
2513 3290 2568 3336 et
2591 3282 2761 3337 Anna:
2784 3281 2915 3346 ﬁlia,
2945 3284 3014 3338 ab
3038 3283 3231 3339 iisdem
3255 3284 3556 3353 pretiosum

1994 3385 2195 3427 munus
2224 3371 2301 3426 illi
2329 3371 2573 3438 ollertur,
2603 3374 2697 3443 qui
2723 3382 2911 3443 postea
2938 3375 3250 3444 dignabitur
3273 3374 3341 3429 ab
3369 3389 3430 3428 ea
3461 3389 3557 3444 ge-

1997 3463 2196 3517 nerari.
2220 3450 2391 3519 Hodie
2417 3464 2778 3534 primordium
2804 3463 3005 3519 lzetitiae
3026 3460 3316 3520 adducitur
3339 3465 3395 3519 in
3425 3474 3561 3520 tem-

301 3556 388 3628 τῷ
418 3553 537 3623 ναῷ
567 3549 849 3616 εἰσάγεται
874 3546 1237 3617 τριετίζουσα,
1272 3548 1366 3599 καὶ
1389 3546 1649 3617 παρθένοι
1682 3544 1889 3616 ταύτης

1997 3553 2141 3622 plum
2184 3553 2425 3619 trimula,
2457 3571 2621 3624 quam
2657 3556 2899 3625 virgines
2929 3570 3053 3611 cum
3085 3556 3429 3625 lampadibus
3462 3556 3558 3611 de-

302 3649 458 3720 μετά
511 3645 812 3717 λαμπάδων
861 3643 1317 3715 προπορεύονται.
1375 3639 1620 3710 Σήμερον
1661 3640 1696 3709 ή
1739 3637 1893 3701 λύσις

298 3743 409 3812 τῆς
438 3736 808 3807 στειρωτικῆς
845 3735 1112 3806 κατάρας,
1154 3732 1327 3799 δῶρον
1370 3732 1450 3792 εἰς
1474 3729 1546 3782 τὰ
1585 3730 1752 3798 Ἅγια
1784 3727 1892 3781 τῶν

292 3834 486 3903 ἁγίων
514 3828 873 3900 προσάγεται.
894 3827 1140 3897 Σήμερον
1156 3823 1266 3878 τῶν
1286 3818 1595 3892 προφητῶν.
1608 3818 1671 3871 τὸ
1692 3818 1895 3889 κήρυγ-

176 3946 181 3951 ’
296 3944 385 3997 μα
408 3967 425 3989 ,
474 3921 714 3976 ύπδντοῦ
742 3918 1048 3991 ἀρχιερέως
1076 3916 1169 3969 καὶ
1194 3913 1476 3984 προφήτου
1508 3911 1783 3983 Ζαχαρίου
1810 3910 1892 3973 εἰς

288 4016 369 4070 τά
417 4014 604 4067 ἄδυτα
640 4007 929 4078 ἀνέρχεται
952 4021 966 4036 ’
998 4004 1127 4059 ἔνθα
1152 4002 1317 4065 αὐτὸς
1342 3999 1491 4063 ἅπαξ
1520 3999 1615 4052 τοῦ
1646 3997 1890 4052 ἐνιαυτοῦ

299 4106 428 4178 μετ’
451 4098 747 4161 εὐλαϐείας
771 4098 1080 4168 εἰσήρχετο,
1102 4092 1240 4164 αὕτη
1275 4089 1516 4160 φαιδρῶς
1539 4088 1679 4159 μετὰ
1707 4086 1891 4151 ἀδείας

295 4192 531 4263 ἡμέρας
565 4190 659 4242 καὶ
684 4186 877 4249 νυκτὸς
905 4183 1217 4249 ἐκαθέζετο.

288 4324 293 4325 κ
378 4285 460 4335 8'.
501 4280 603 4340 Τις
631 4279 732 4330 οὐκ
767 4275 1013 4346 έκπλαγῇ
1039 4275 1176 4346 πρὸς
1197 4275 1257 4327 τὸ
1283 4271 1584 4343 παράδοξον
1614 4272 1847 4341 πρᾶγμα
1871 4286 1888 4336 ;

293 4376 386 4436 τις
414 4371 529 4424 οὐκ.
561 4367 919 4437 ἐκπλήττεται
955 4370 1048 4420 ἐπὶ
1074 4363 1154 4434 τῷ
1182 4362 1472 4433 παραδόξῳ
1504 4361 1740 4434 θαύματι
1763 4377 1780 4426 ;
1808 4359 1892 4422 τις

291 4469 405 4522 οὐκ
438 4459 726 4529 ὲκπλαγῇ,
746 4459 958 4528 βλέπων
981 4458 1038 4508 ὲν
1065 4454 1142 4525 τῷ
1172 4455 1303 4525 ἱερῷ
1329 4452 1767 4525 παρεδρεύουσαν
1788 4452 1884 4520 τὴν

287 4560 417 4620 τοῖς
450 4549 670 4621 ἱερεῦσι
694 4550 980 4617 γεγονυῖαν
1001 4547 1293 4617 ἀπρόσιτον
1318 4545 1539 4617 Μαρίαν
1569 4545 1667 4614 τὴν
1693 4540 1890 4614 ἀμίαν-

286 4662 390 4701 τον
426 4638 659 4709 ;Τοῦτο
698 4638 798 4706 τῆς
849 4636 983 4705 πρὸς
1028 4636 1177 4707 ήμᾶς
1228 4635 1524 4704 συναφείας
1569 4631 1887 4704 προοίμιονο

283 4733 465 4790 τοῦτο
496 4730 605 4798 τῆς
652 4726 760 4781 τῶν
784 4728 1028 4792 ἀγγέλων
1061 4724 1199 4793 μετὰ
1225 4722 1530 4794 ἀνθρώπων
1574 4717 1889 4791 συμμίξεως

288 4821 696 4896 προχάραγμα
717 4833 732 4849 ο
765 4818 924 4869 τοῦτο
940 4816 1036 4884 τῆς
1056 4814 1213 4885 ἡμῶν
1236 4814 1627 4877 ἀνακαινῑσεως
1648 4811 1889 4882 ὲκσφρά-

284 4883 522 4986 fingat"
577 4883 741 4960 τοῦτο
765 4906 858 4960 τοῦ
882 4883 1269 4976 ’ἀκανθοφόρου
1306 4904 1424 4975 βίου
1458 4904 1616 4973 ἡμῶν
1664 4903 1758 4956 καὶ
1789 4905 1888 4972 τῆς
1913 4883 1959 4942 α

280 5005 649 5074 ἀποφάσεως
675 4999 773 5069 τῆς
802 4998 1095 5069 προτέρας.
1131 4997 1248 5061 τοῦ,
1276 4994 1731 5065 Ἐπικατάρατος
1756 4994 1795 5061 ἡ
1818 4992 1896 5063 τῆ

276 5100 356 5153 ἐν
379 5092 524 5158 τοῖς
571 5088 776 5157 ἔργοις
807 5104 946 5154 σου,
976 5087 1242 5152 ἀκάνθας
1274 5086 1372 5140 και
1406 5086 1718 5153 τριϐόλους
1744 5085 1893 5139 dra-

277 5183 464 5242 τελεῖ
482 5196 596 5235 σοι
613 5193 629 5206 ·
657 5177 751 5230 καὶ
776 5176 896 5240 τοῦ,
935 5176 1040 5229 Ἐν
1061 5174 1258 5242 ιδρῶτι
1282 5175 1390 5227 τοῦ
1421 5172 1747 5241 προσώπου
1776 5185 1894 5227 σου

276 5273 462 5350 φανῇ
503 5270 627 5325 τὸν
676 5262 861 5335 ἄρτού
902 5284 1057 5335 σου,
1097 5268 1131 5336 ή
1174 5262 1500 5337 μετάλλαξις
1525 5280 1539 5296 υ
1580 5262 1743 5317 τοῦτο
1774 5261 1890 5327 τοῦ,

277 5364 607 5433 Πληθύνω
659 5359 766 5423 τὰς
804 5361 1006 5424 λύπας
1054 5372 1170 5412 σου
1200 5357 1300 5411 καὶ
1332 5356 1473 5422 τοὺς
1514 5354 1890 5425 στεναγμούς

358 5500 381 5532 ι
420 5495 575 5551 Gen.
611 5503 702 5556 ιιι,
736 5489 825 5545 l7.
901 5493 923 5523 '
957 5490 1090 5546 ibid.
1124 5491 1213 5547 l9.

1990 3642 2218 3697 ducunt.
2249 3640 2420 3704 Hodie
2463 3646 2517 3698 in
2550 3644 2751 3698 Sancta
2788 3654 3106 3700 sanctorum
3133 3661 3234 3701 ceu
3259 3647 3461 3701 donum
3493 3662 3558 3702 ca

1988 3731 2242 3798 infertur,
2265 3748 2388 3802 qua:
2409 3733 2710 3789 sterilitatis
2736 3715 3178 3789 maledictionem
3201 3734 3427 3790 abstulit
3452 3735 3553 3806 (l).

1989 3825 2163 3882 Hodie
2192 3843 2223 3882 a
2246 3827 2524 3897 prophetis
2549 3826 2862 3897 praedicata,
2892 3824 3177 3881 sacerdote
3192 3818 3264 3881 ac
3297 3828 3559 3898 propheta

1990 3916 2254 3973 Zacharia
2315 3917 2632 3986 comitante,
2664 3916 2723 3971 in
2754 3917 3059 3972 sanctiores
3090 3917 3277 3985 templi
3308 3931 3559 3973 recessus

1989 4008 2272 4076 ascendit;
2301 4016 2356 4064 et
2382 4024 2545 4079 quem
2572 4010 2756 4064 locum
2788 4010 2955 4064 semel
2983 4008 3073 4064 ille
3110 4009 3404 4080 quotannis
3431 4025 3558 4065 cum

1989 4108 2136 4154 metu
2167 4099 2374 4166 adibat,
2405 4100 2461 4154 in
2486 4114 2553 4155 eo
2582 4099 2762 4170 puella
2791 4100 2896 4156 ista
2923 4100 3081 4155 hilari
3113 4116 3236 4157 cum
3266 4105 3559 4158 securitate

1989 4190 2083 4246 diu
2112 4199 2385 4259 noctuque
2410 4190 2751 4246 considebat.
3042 4180 3055 4189 “

2059 4274 2124 4330 ll.
2155 4275 2289 4342 Quis
2332 4276 2413 4331 rei
2447 4279 2689 4333 novitate
2721 4294 2828 4334 non
2868 4280 3256 4350 Obstupescat?
3290 4282 3414 4351 quis
3449 4295 3557 4336 non

1990 4366 2255 4435 suspiciat
2278 4366 2598 4422 inusitatum
2627 4370 2937 4440 prodigium
2956 4372 2981 4424 ?
3003 4371 3138 4437 Quis
3162 4386 3271 4427 non
3303 4373 3561 4441 percella-

1991 4463 2081 4509 tur
2112 4454 2491 4524 admiratione,
2522 4474 2647 4514 cum
2673 4459 2859 4516 videat
2889 4462 3297 4517 immaculatam
3333 4463 3556 4519 Mariam

1990 4545 2046 4598 in
2068 4545 2240 4601 sacris
2285 4547 2464 4618 adytis
2518 4549 2853 4607 assidentem
2886 4552 2972 4606 vel
3011 4552 3145 4622 ipsis
3181 4553 3556 4612 sacerdotibus

1990 4635 2188 4690 factam
2222 4636 2608 4694 inaccessam?
2640 4638 2755 4696 Hoc
2791 4641 3007 4697 initium
3040 4649 3122 4697 est
3144 4642 3341 4697 divinae
3373 4644 3557 4699 nonis»

1994 4742 2121 4782 cum
2144 4728 2572 4801 coniunctionis.
2597 4729 2724 4788 Hec
2747 4733 2923 4802 prima
2953 4743 3080 4788 sunt
3108 4733 3438 4790 lineamenta
3474 4736 3560 4791 fu-

1991 4827 2126 4875 turae
2156 4821 2295 4875 inter
2323 4822 2545 4892 angelos
2582 4823 2942 4894 hominesque
2974 4827 3273 4881 societatis.
3307 4825 3431 4882 Haec
3463 4845 3561 4884 ex—

1992 4925 2178 4980 pressa
2232 4911 2433 4984 eﬂigies
2481 4923 2685 4971 nostra
2716 4917 3151 4974 instaurationis.
3186 4919 3312 4974 Haec
3358 4930 3550 4975 nostra
3660 4922 3665 4925 ’

1991 5001 2121 5056 vitae
2145 5001 2332 5071 spinas
2360 5002 2584 5061 ferentis
2617 5018 2781 5077 atque
2813 5008 2961 5066 illius
2984 5013 3314 5080 permutatio
3349 5021 3404 5065 et
3432 5028 3557 5065 sen—

1994 5094 2176 5150 tentiae
2198 5095 2336 5151 olim'
2362 5096 2486 5152 latae
2514 5115 2528 5152 :
2567 5097 2856 5153 Maledicta
2904 5110 3049 5155 terra
3082 5102 3138 5155 in
3165 5102 3402 5169 operibus
3437 5102 3559 5155 tuis.

1995 5186 2176 5253 spinas
2217 5196 2266 5240 et
2308 5188 2528 5242 tribulos
2563 5188 2836 5245 submittet
2884 5191 2979 5245 tibi
3025 5193 3080 5258 ¹;
3138 5201 3192 5246 et
3239 5193 3436 5247 illius:
3494 5190 3557 5245 lu

1990 5274 2180 5328 sudore
2207 5277 2380 5330 vultus
2407 5280 2484 5331 tui
2514 5280 2730 5334 vesceris
2762 5296 2896 5350 pane
2924 5281 2967 5335 ³.
3001 5278 3128 5334 Hzcc
3170 5290 3254 5335 est
3288 5289 3434 5335 certa
3471 5298 3546 5333 rc-

1993 5364 2236 5432 demptio
2260 5366 2329 5423 ab
2352 5367 2555 5425 inﬂicta
2598 5371 2689 5426 illa
2717 5386 2876 5442 poena
2904 5389 2918 5427 :
2951 5371 3318 5440 Multiplicabo
3357 5372 3557 5426 dolare.

359 5645 445 5719 (ι)
482 5634 850 5719 sterilitatem
898 5651 1004 5717 non
1036 5637 1323 5719 ⁸,ἰοειςιιὶ-ῃιί
1372 5646 1428 5692 et
1454 5636 1899 5719 Annae-tantum,
1941 5638 2034 5693 sed
2074 5650 2128 5696 et
2186 5640 2439 5699 humana:
2457 5655 2676 5714 quoque
2707 5651 2910 5698 natura:
2950 5655 3072 5711 qua:
3101 5639 3169 5695 ad
3213 5637 3437 5693 Mariam
3466 5653 3551 5694 us

273 5702 393 5792 que
418 5702 653 5770 nullum
681 5702 916 5758 fructum
946 5706 1048 5759 nisi
1078 5708 1427 5761 maledictum
1459 5709 1702 5777 protulit.

673 5801 943 5861 ΡΑτιιοῐ..
989 5801 1107 5867 Gn.
1140 5802 1393 5862 XCVIII

3171 5801 3251 5862 147
