3904 6208
327 335 465 402 1485

1272 331 1356 394 ΙΝ
1386 332 1490 394 SS.
1523 327 1876 391 DElPAR/E
1921 325 2652 388 PR/ESENTATIONEM.

3455 312 3590 376 1486

321 463 502 510 σασα,
541 443 747 514 φυσικῇ
789 441 1032 496 διαθέσει
1079 442 1307 504 ἄτεκνος
1352 441 1706 511 ὲγνωρίζετο.
1743 438 1908 491 Ὅθεν

2014 435 2442 506 dignoscebatur
2481 449 2676 491 exsors
2707 430 3048 503 concipiendi
3083 429 3246 485 ﬂetus
3272 425 3587 482 conditione

323 539 418 611 τὴν
441 536 793 608 ἀναχώρησιν
812 533 908 588 τοῦ
931 533 1170 604 συζύγου
1194 533 1550 604 θεωρήσασα,
1575 533 1651 595 ὡς
1683 533 1902 605 τρυγὼν

323 623 644 705 φιλέρημος,
665 631 725 681 ὲν
746 627 826 699 τῷ
851 629 1027 698 αὐτῆς
1052 627 1370 700 παραδείσῳ
1392 627 1579 698 εὐχαῖς
1605 625 1904 695 ἱκετηρίαις

322 723 416 780 τὸν
467 721 702 792 ποιητὴν
751 720 848 773 καὶ
890 719 1138 790 πλάστην
1174 716 1592 788 ἀνακαλουμένη
1615 759 1633 782 ,
1677 715 1863 784 ἔλεγεν
1887 731 1901 746 ·

321 805 393 868 Ὠ
425 813 600 884 Κύριε
630 809 886 878 Σαϐαὼθ,
912 813 946 864 d
963 807 1302 880 καθήμενος
1327 806 1566 862 ἐπὶτῶν
1588 808 1904 880 Χερουϐὶμ,

325 906 416 961 καὶ
459 903 820 975 δοξαζόμενος
893 902 1002 957 ὑπὸ
1051 901 1162 955 τῶν
1216 899 1506 972 Σεραφίμ’
1565 903 1598 953 ό
1651 898 1904 968 μυριάσι

320 995 632 1066 μυριάδων
677 994 931 1064 ἀγγέλων
975 990 1466 1064 δορυφορούμενος,
1526 988 1624 1044 καὶ
1675 987 1906 1057 χιλιάσι

323 1085 612 1157 χιλιάδων
640 1083 915 1156 στρατιῶν
944 1079 1226 1150 δοξολογού
1237 1097 1396 1151 μενος
1425 1079 1522 1134 καὶ
1564 1077 1904 1150 προσκυνού-

329 1194 488 1248 μενος
521 1193 537 1208 ⁸
578 1177 607 1230 ό
635 1177 732 1230 τὸν
765 1173 938 1244 ’Δδάμ
961 1173 1178 1236 πλάσας
1207 1174 1278 1243 τῇ
1300 1171 1446 1243 χειρί
1476 1187 1596 1236 σου,
1623 1169 1718 1223 καὶ
1758 1167 1909 1238 αὐτῷ

329 1268 474 1339 ζωὴν
499 1265 675 1330 ἐνθεὶς
702 1269 770 1337 τῇ
804 1264 1079 1335 ζωηφόρῳ
1111 1280 1206 1317 σου
1239 1261 1534 1334 προστάξει
1573 1261 1666 1315 καὶ
1710 1263 1778 1314 ’ἐκ
1808 1258 1910 1329 τῆς

331 1350 593 1428 πλευρᾶς
619 1341 786 1410 αὐτοῦ
819 1355 1251 1425 ἀνοικοδομήσας
1297 1353 1531 1420 γυναῖκα
1558 1365 1574 1381 °
1605 1354 1634 1406 ὁ
1675 1355 1740 1423 τῇ
1770 1353 1908 1421 σοφῇ

333 1463 427 1521 σου
457 1444 678 1515 εὐδοκία
708 1443 946 1514 ποιήσας
975 1440 1126 1511 αὐτῷ
1149 1441 1388 1508 ,βοηθὸν
1407 1439 1536 1494 κατ’
1561 1437 1782 1505 αὐτὸν,
1815 1441 1912 1492 καὶ

330 1539 412 1600 εἰς
436 1535 495 1589 ἓν
520 1537 648 1598 τοὺς
675 1533 771 1586 δύο
817 1531 1064 1602 cavati};
1091 1547 1106 1562 °
1145 1532 1426 1585 Ἔσονται
1455 1533 1512 1584 οι
1547 1530 1680 1594 δύο,
1715 1529 1908 1592 είπὼν,

329 1627 420 1692 είς
447 1624 646 1694 σάρκα
675 1624 826 1693 μίαν
853 1638 871 1656 ·
910 1625 940 1676 ό
963 1621 1044 1692 τῷ
1076 1620 1362 1692 Ἀϐραὰμ,
1396 1620 1477 1692 τῷ
1507 1619 1588 1692 σῷ
1615 1619 1912 1690 θεράποντι

1991 523 2121 598 ipsa
2153 537 2384 583 naturae.
2423 528 2611 596 Itaque
2641 525 2822 581 mariti
2870 522 3253 578 animadverso
3280 518 3340 571 in‘
3362 517 3584 572 devium

2007 620 2186 674 locum
2211 634 2454 686 secessu,
2477 627 2742 689 tanquam
2767 624 2950 672 turtur
2977 624 3246 684 appetens
3272 611 3588 668 solitudinis

2007 713 2062 766 in
2090 712 2250 768 horto
2271 728 2373 768 suo
2393 712 2737 784 supplicibus
2756 707 3168 781 precationibus
3191 703 3458 760 artiﬁcem
3495 719 3554 756 re
3582 737 3585 739 ›

2009 819 2130 858 rum
2176 812 2342 874 atque
2381 805 2695 860 eﬁectorem
2737 804 2812 858 ita
2854 799 3180 857 obsecrabat
3228 817 3242 852 :
3277 795 3322 852 Ο
3361 785 3625 852 Βοηιίιιο’

2008 893 2371 960 exercituum,
2400 895 2491 964 qni
2517 894 2661 948 sedes
2693 909 2852 962 super
2877 889 3163 946 Cherubin:
3193 889 3240 954 ⁸,
3271 903 3433 958 quem
3469 886 3586 958 glo-

2011 982 2226 1038 riﬁcant
2253 981 2568 1054 Seraphim,
2597 983 2687 1038 cui
2712 990 2907 1053 parent
2925 981 2994 1036 ad
3022 979 3389 1035 ministerium
3422 993 3593 1048 angeq

2010 1073 2186 1128 lornm
2230 1075 2400 1128 decies
2453 1075 2645 1129 millies
2694 1084 2912 1128 centena
2961 1072 3154 1136 millia,
3207 1086 3370 1141 quem
3419 1069 3596 1124 millia

2011 1163 2244 1218 millium
2273 1166 2295 1198 ’
2325 1165 2607 1236 agminum
2645 1163 2964 1221 Collaudant
2995 1173 3049 1218 et
3083 1171 3416 1219 venerantur
3442 1204 3457 1228 ,
3501 1161 3597 1232 qui

2010 1255 2279 1310 Adatnum
2327 1267 2420 1311 tua
2468 1239 2635 1310 manu
2683 1255 2928 1322 tinxisti,
2965 1256 3179 1326 ipsique
3225 1255 3394 1309 vitam
3433 1254 3594 1323 jussu

2013 1355 2109 1401 tuo
2157 1345 2374 1402 vivitico
2421 1346 2686 1408 indidisti,
2733 1355 2790 1401 et
2835 1362 2902 1401 ex
2943 1343 3062 1416 ejus
3107 1346 3277 1401 latere
3311 1345 3594 1400 mulierem

2012 1435 2318 1502 aediﬁcasti,
2351 1437 2444 1508 qui
2475 1453 2574 1508 pro
2607 1449 2697 1506 tua
2727 1437 2962 1508 sapienti
2998 1437 3350 1492 ordinatione
3380 1437 3598 1506 adjuto-

2015 1529 2155 1582 rium
2183 1527 2284 1581 sibi
2313 1527 2488 1582 simile
2519 1528 2562 1560 '°
2593 1528 2697 1598 ipsi
2733 1527 2930 1590 fecisti,
2964 1537 3018 1582 et
3042 1527 3184 1582 duos
3214 1527 3268 1580 in
3301 1543 3470 1580 unum
3499 1542 3594 1582 co-

2015 1619 2246 1690 pulasti,
2279 1619 2450 1674 Erunt
2479 1659 2496 1682 ,
2530 1619 2820 1690 inquiens,
2854 1620 2960 1673 duo
2992 1621 3047 1674 in
3079 1635 3294 1674 carnem
3325 1637 3485 1674 unam
3513 1621 3554 1652 ¹¹
3579 1661 3596 1684 ,

329 1717 428 1770 καὶ
458 1714 796 1786 πατριάρχῃ,
829 1713 1223 1784 δωρησάμενος
1252 1711 1366 1765 υίδν
1403 1710 1496 1764 τὸν
1536 1711 1744 1771 Ἰσαὰκ,
1775 1709 1911 1778 μετὰ

2017 1710 2117 1780 qui
2171 1709 2487 1765 Abrahamo
2521 1706 2683 1766 servo
2727 1720 2821 1766 tuo
2853 1721 2910 1766 et
2940 1711 3268 1789 patriarchae
3300 1711 3497 1767 dedisti
3528 1711 3594 1766 li-

331 1807 509 1878 γῆρας
538 1785 635 1860 και
649 1808 804 1889 ,μετά
824 1808 923 1876 τὴν
944 1803 1230 1874 πείρωσιν
1249 1803 1349 1872 τῆς
1371 1801 1611 1883 Σάρρας·
1643 1802 1739 1854 καὶ
1760 1803 1911 1872 ποιή-

2017 1802 2156 1856 lium
2187 1801 2341 1856 illum
2365 1801 2612 1858 lsaacum
2635 1811 2762 1873 post
2785 1785 3126 1858 senectutem
3159 1817 3225 1857 ac
3254 1803 3596 1858 sterilitatem
3669 1818 3672 1822 ’

335 1914 437 1963 σας
490 1900 654 1953 αύτδν
695 1897 911 1952 πολλῶν
957 1896 1127 1950 ἐθνῶν
1165 1895 1424 1965 πατέρα·
1473 1895 1502 1946 ὁ
1534 1895 1602 1964 τῇ
1634 1891 1915 1962 ὁμωνύμῳ

333 1991 432 2044 καὶ
483 1989 740 2060 ὁμοφύλῳ
780 2005 870 2060 μοι
897 1987 1070 2060 Ἀννῃ
1109 1987 1475 2059 χαρισάμενος
1507 1987 1596 2038 τὸν
1631 1975 1919 2038 κάλλιστον

335 2079 499 2134 παῖδα
527 2080 624 2134 καὶ
653 2079 804 2151 ίερὸν
831 2078 1088 2150 Σαμουὴλ
1111 2117 1126 2144 ,
1163 2079 1241 2142 ὠς
1269 2076 1546 2130 θεόσδοτον
1576 2075 1743 2146 εὐχῆς
1777 2074 1917 2136 υίὺν,

333 2170 536 2226 καὶτοῦ
551 2171 783 2241 ψεύδους
800 2171 897 2226 καὶ
915 2170 1110 2240 μίσους
1133 2168 1404 2241 θρίαμϐον
1427 2184 1444 2200 ο
1469 2167 1638 2222 ἔπιδε
1658 2166 1722 2231 ἐξ
1744 2166 1919 2236 ἁγίου

333 2279 451 2317 σου
489 2265 978 2332 κατοικητηρίου,
1009 2260 1272 2330 "reme,
1295 2259 1392 2313 uel.
1427 2253 1639 2326 ἀνοιξόν
1691 2275 1782 2328 μοι
1821 2257 1922 2325 τὴν

335 2353 548 2423 μήτραν
578 2350 715 2423 πρὸς
741 2348 1092 2418 παιδογονίαν
1109 2365 1124 2380 ·
1149 2347 1338 2415 δίωξόν
1371 2362 1472 2416 μου
1495 2344 1594 2417 τὴν
1615 2344 1797 2415 λύπην
1818 2342 1920 2412 τῆς

333 2441 703 2516 στειρὼσεως.
744 2441 838 2496 καὶ
877 2440 1175 2515 διάρρηξόν
1219 2457 1320 2510 μου
1359 2439 1427 2492 τὰ
1463 2439 1639 2507 δεσμά
1670 2437 1770 2506 τῆς
1800 2435 1920 2488 ἀτε-

333 2535 512 2599 κνίας,
567 2535 716 2599 ὅπως
769 2533 832 2586 τὸ
864 2532 1268 2604 γεννησόμενον
1312 2531 1378 2584 ὲκ
1426 2529 1528 2597 τῆς
1576 2527 1770 2600 δούλης
1821 2543 1916 2580 σου

333 2625 658 2696 βλάστημα,
693 2625 804 2678 εἴτε
854 2625 1046 2695 ἄρσεν,
1086 2624 1198 2678 εἴτε
1235 2621 1394 2692 θῆλυ,
1441 2621 1613 2693 δῶρον
1657 2619 1918 2692 προσάξω

333 2734 440 2780 σοι,
478 2717 554 2780 ὡς
605 2715 860 2788 θυμίαμα
886 2715 1085 2778 εὐῶδες
1109 2755 1123 2780 ,
1151 2715 1238 2778 ὡς.
1258 2712 1506 2783 καθαρὰν
1555 2710 1873 2784 προσφορὰν
1899 2751 1915 2775 ,

329 2806 405 2868 ὡς
428 2807 608 2876 τίμιον
636 2807 830 2877 δῶρον,
862 2806 940 2868 ὡς
973 2805 1117 2877 ἱερὸν
1151 2803 1429 2873 ἀνάθημα,
1459 2799 1535 2864 ὡς
1566 2801 1710 2854 θεῖον
1738 2816 1918 2852 κατοι-

329 2900 632 2972 κητήριον,
680 2901 756 2964 ὡς
807 2899 1076 2969 ἀμίαντον
1135 2897 1392 2969 ἀμνάδα,
1441 2895 1518 2958 ὡς
1565 2893 1914 2966 πρωτότοκον

327 2977 522 3058 ἀμνόν,
546 2988 622 3054 ὡς
657 2991 776 3043 νέον
812 2987 1022 3044 Ἰσαάκ.
1588 2994 1596 3004 ⁸
1671 3008 1678 3015 ·

2021 1892 2174 1950 Sam
2199 1935 2214 1961 ,
2241 1895 2604 1966 eumdemque
2639 1894 2874 1952 eliecisti
2911 1904 3124 1966 patrem
3149 1895 3445 1950 multarum
3470 1911 3599 1966 gen-

2017 1985 2176 2050 tium,
2209 1985 2304 2056 qui
2337 1985 2509 2041 Annae
2533 1987 2842 2057 cognomini
2869 2001 2926 2042 et
2952 1986 3138 2042 tribuli
3179 2000 3314 2041 mea:
3341 1986 3598 2056 pulcher-

2019 2077 2221 2130 rimum
2252 2087 2306 2132 et
2334 2093 2554 2148 sacrum
2589 2094 2820 2149 puerum
2851 2077 3072 2134 donasti
3113 2076 3448 2144 Samuelem,
3478 2078 3596 2134 vel-

2023 2167 2103 2222 uti
2179 2167 2350 2222 ﬁlium
2409 2169 2466 2246 in
2531 2169 3000 2240 supplicationum
3054 2169 3286 2240 gratiam
3339 2169 3602 2225 divinitus

2018 2273 2347 2316 concessum
2377 2276 2444 2316 ac
2467 2261 2634 2317 veluti
2665 2261 3006 2332 triumphum
3037 2262 3106 2316 de
3129 2262 3416 2318 mendacio
3439 2261 3598 2316 odio-

2015 2366 2126 2421 que
2153 2359 2488 2422 reportatum
2519 2370 2535 2420 ;
2583 2353 2810 2418 intuere,
2843 2368 2877 2408 ο
2921 2352 3226 2420 Altissime,
3252 2357 3315 2408 de
3351 2354 3601 2408 taberna-

2014 2440 2133 2494 culo
2151 2450 2336 2506 sancto
2371 2450 2462 2495 tuo
2497 2442 2564 2508 ¹⁹,
2594 2443 2746 2514 aperi
2783 2444 2852 2499 ad
2879 2453 3204 2514 conceptum
3239 2443 3443 2501 sobolis
3474 2453 3597 2500 ute-

2019 2543 2142 2584 rum
2179 2545 2388 2599 meum,
2427 2540 2622 2588 excute
2661 2547 2692 2586 a
2721 2548 2812 2588 me
2842 2519 3260 2590 infecunditatis
3283 2550 3601 2598 maerorem,

2014 2628 2071 2676 et
2095 2621 2362 2692 abrumpe
2401 2623 2621 2678 vincula
2667 2639 2804 2680 mea
2841 2625 3176 2692 sterilitatis,
3215 2637 3276 2682 ut
3319 2635 3508 2681 natum
3533 2641 3602 2682 ex

2016 2727 2104 2768 me
2130 2712 2335 2769 famula
2369 2723 2462 2770 tua
2487 2715 2752 2783 fructum,
2798 2717 2916 2773 sive
2946 2718 3152 2774 ﬁliolus
3175 2720 3264 2774 ille
3291 2719 3457 2774 fuerit
3479 2721 3600 2776 sivi:

2017 2803 2206 2868 ﬁliola,
2241 2821 2443 2862 munus
2492 2807 2590 2863 tibi
2639 2807 2894 2871 offeram,
2952 2810 3103 2864 velut
3155 2810 3487 2866 sacriﬁcium
3543 2811 3600 2866 in

2016 2896 2240 2952 odorem
2266 2901 2577 2964 suavitatis,
2603 2899 2756 2956 velut
2782 2901 3114 2956 oblationem
3145 2903 3428 2969 mundam,
3454 2901 3604 2958 velut

2017 2985 2222 3044 donum
2269 2992 2596 3060 pretiosum,
2639 2992 2790 3047 velut
2841 3005 3033 3048 sancte
3077 2994 3390 3049 dedicatum
3435 2997 3609 3051 dona-

329 3081 491 3142 rium,
521 3080 668 3134 velut
704 3079 946 3134 divinam
1004 3079 1073 3133 ad
1130 3075 1546 3132 inhabitandum
1594 3074 1787 3138 eadem,
1819 3075 1968 3130 velut
2007 3092 2204 3148 agnam
2237 3081 2666 3150 immaculatam,
2705 3084 2852 3139 velut
2922 3099 3120 3155 agnum
3155 3087 3600 3158 primogenitum,

325 3172 471 3226 velut
499 3186 697 3226 novum
735 3171 1004 3226 lsaacum.

398 3265 476 3319 ευ.
507 3256 676 3318 Ὀὕτω
706 3264 885 3338 τοίνυν
916 3263 1247 3333 ἀμφοτέροις
1271 3254 1726 3333 ἐπικαλουμένοις
1756 3259 1910 3330 ὤφθη

2090 3257 2157 3312 ν.
2181 3259 2445 3329 Utrisque
2474 3259 2639 3331 igitur
2666 3262 2747 3317 sic
2775 3263 3130 3332 precantibus
3172 3261 3345 3321 astitit
3377 3269 3604 3339 angelus

323 3358 510 3416 αὐτοῖς
545 3353 781 3423 ἄγγελος
811 3351 1019 3423 Κυρίου
1038 3392 1051 3413 ,
1081 3351 1181 3420 τῆς
1221 3351 1493 3417 παναγίας
1520 3350 1620 3420 τὴν
1649 3349 1910 3420 σύλληψιν

329 3441 846 3511 εὐαγγελιζόμενος,
877 3439 1054 3508 λέγων
1075 3457 1100 3476 ·ν
1125 3438 1464 3508 Είσήκουσεν
1503 3437 1658 3506 ὑμῶν
1688 3439 1716 3490 ό
1741 3438 1912 3507 ’Ὑψι-

332 3547 456 3596 στος
485 3529 586 3600 τῆς
613 3530 883 3600 δεήσεως,
915 3530 1010 3580 καὶ
1053 3529 1110 3580 ὲν
1143 3527 1310 3596 ὀλίγῳ
1351 3526 1530 3598 χρόνῳ
1561 3526 1780 3592 τέξεσθε
1815 3526 1912 3584 θυ-

330 3622 560 3693 γατέρα,
585 3621 686 3692 τὴν
717 3621 781 3674 ὲκ
809 3617 1002 3672 πασῶν
1031 3618 1236 3701 γενεῶν
1267 3617 1568 3688 μακαρίαν,
1589 3616 1917 3686 ἐκλελεγμέ-

329 3727 428 3782 νην
474 3713 556 3774 είς
603 3708 740 3763 Θεοῦ
794 3709 1238 3778 κατοικητήριον.
1293 3705 1480 3758 Ταῦτα
1529 3705 1625 3758 τοῦ
1677 3705 1912 3774 ἀγγέλου

333 3802 645 3874 περιχαρῶς
686 3799 1215 3871 εὐαγγελιζομένου,
1249 3797 1488 3869 κατῆλθε
1523 3799 1622 3868 μὲν
1656 3797 1914 3868 Ἰωακεὶμ

329 3896 397 3950 ὲκ
425 3895 520 3948 τοῦ
559 3894 718 3966 δρους
753 3893 892 3964 μετά
921 3893 1096 3964 χαρᾶς
1131 3892 1228 3946 καὶ
1257 3891 1601 3963 εὐφροσύνης
1641 3891 1870 3961 καρδίας
1895 3907 1910 3922 ο

331 3985 555 4056 γόνιμος
606 3985 664 4040 δὲ
708 3985 842 4057 παρ’
863 3985 1054 4038 ἐλπίδα
1106 3985 1142 4055 ή
1185 3984 1436 4056 ἄκαρπος
1482 3981 1770 4053 ἀνεδείχθη
1813 3983 1914 4052 τῆς

335 4079 534 4148 ’Δννης
569 4077 802 4150 γαστὴρ,
835 4079 900 4130 ὲκ
945 4076 1255 4147 θελήματος
1305 4075 1508 4146 σαρκὸς
1537 4075 1631 4130 καὶ
1658 4077 1724 4129 ὲκ
1757 4074 1914 4146 θελή-

333 4185 504 4238 ματος
529 4169 744 4242 ἀνδρδς,
777 4169 874 4224 καὶ
902 4169 995 4221 τὸν
1029 4167 1220 4239 καιρὸν
1247 4165 1347 4237 τῆς
1371 4167 1792 4238 ὲννεαμηνιαίας
1814 4166 1912 4222 σύ-

331 4257 541 4330 ξήσεως
573 4259 908 4330 γνωρίσασα,
936 4257 1092 4311 ἔτεκε
1136 4256 1236 4327 τὴν
1288 4257 1668 4325 πανάχραντον
1697 4255 1911 4328 Παρθέ-

330 4367 424 4402 νον
450 4351 544 4402 καὶ
569 4350 832 4404 Θεοτόκον
861 4349 1084 4420 Μαρίαν
1111 4389 1126 4413 ,
1161 4347 1261 4420 τὴν
1285 4345 1381 4401 τοῦ
1411 4347 1618 4416 κόσμου
1651 4345 1910 4416 πρόξενον

335 4439 632 4510 σωτηρίας.

405 4533 497 4598 ς’.
541 4530 650 4584 Καὶ
712 4527 903 4598 μηδεὶς
956 4527 1064 4580 τῶν
1112 4528 1212 4599 τῆς
1246 4525 1577 4600 Ἐκκλησίας
1624 4529 1908 4599 τροφίμων

1980 3364 1988 3371 ’
2028 3347 2270 3416 Domini,
2293 3351 2388 3422 qui
2413 3353 2778 3408 sanctissimae
2809 3352 2994 3409 Maria:
3023 3367 3350 3428 conceptum
3381 3361 3602 3415 nuntia-

2019 3442 2122 3523 vit,
2155 3441 2414 3513 inquiens
2439 3460 2454 3497 :
2488 3444 2810 3500 Altissimus
2839 3447 3118 3508 exaudivit
3145 3463 3334 3518 preces
3363 3460 3598 3516 vestras,

2018 3548 2086 3588 ac
2118 3535 2266 3589 brevi
2302 3535 2471 3589 ﬁliam
2494 3535 2748 3606 gignetis,
2777 3537 2993 3593 beatam
3037 3540 3210 3606 illam,
3235 3556 3357 3612 quae
3380 3559 3448 3599 ex
3481 3559 3602 3600 om-

2019 3623 2184 3677 nibus
2229 3625 2676 3694 generationibus
2733 3628 2786 3680 in
2839 3627 2935 3682 Dei
2988 3629 3378 3690 habitationem
3427 3637 3602 3694 electa

2019 3722 2128 3770 est.
2155 3712 2260 3770 Ubi
2301 3715 2446 3770 hunc
2495 3719 2720 3786 angelus
2771 3719 2940 3773 edidit
2992 3721 3274 3779 laetissime
3319 3729 3596 3796 nuntium,

2013 3799 2336 3860 Joachimus
2376 3805 2624 3861 miriﬁcis
2672 3807 2887 3876 gaudiis
2926 3809 3164 3878 gestiens
3209 3813 3492 3872 descendit
3529 3819 3598 3874 de

2015 3903 2224 3959 monte,
2246 3893 2404 3950 Anna
2432 3911 2564 3952 vero
2589 3906 2806 3953 uterum
2827 3941 2842 3966 ,
2887 3900 2982 3970 qui
3011 3903 3216 3958 sterilis
3247 3903 3425 3962 fuerat
3446 3949 3464 3972 ,
3503 3909 3592 3965 fe-

2015 3985 2256 4042 cundum
2285 3995 2510 4056 experta
2549 3998 2635 4044 est
2669 3989 2744 4062 (ἓ)
2771 4006 2840 4046 ex
2887 3995 3174 4050 voluntate
3211 4001 3394 4054 carnis
3445 4011 3500 4056 et
3526 4017 3596 4056 ex

2014 4077 2292 4134 voluntate
2338 4079 2484 4146 ‘viri;
2537 4089 2652 4135 tum
2687 4083 2906 4152 cognita
2953 4095 3080 4155 post
3133 4103 3328 4143 novem
3376 4107 3596 4148 nienses

2015 4171 2330 4228 maturitate
2353 4183 2567 4242 partus,
2597 4176 2789 4247 genuit
2829 4177 3203 4235 intemeratam
3233 4180 3512 4254 Virginem
3539 4195 3597 4243 et

2013 4261 2378 4345 Dei'Matrem
2433 4263 2660 4322 Mariam
2707 4270 2904 4326 salutis
2957 4274 3272 4332 mortalium
3329 4278 3588 4336 concilia-

2014 4355 2230 4410 tricem.

2087 4523 2174 4592 Vl.
2200 4533 2324 4590 Jam
2363 4537 2692 4593 sententiam
2743 4540 2893 4596 illam
2947 4545 3214 4612 spuriam,
3251 4563 3372 4617 quae
3411 4550 3596 4619 perbi-

333 4624 518 4679 τοῦτον
547 4621 850 4701 είσδέξηται
878 4621 974 4698 τδν
1005 4621 1184 4690 λόγον,
1215 4620 1606 4684 ὑποϐάλλοντα,
1633 4622 1712 4684 ὡς
1739 4623 1910 4675 ἐπτα-

2015 4625 2105 4680 bet
2122 4627 2362 4696 septimo
2389 4640 2581 4685 mense
2607 4639 2731 4700 post
2753 4599 3078 4704 conceptum
3115 4599 3286 4693 ιυίέεέ
3315 4599 3590 4710 Virginem

333 4715 563 4788 μηνιαία
603 4715 638 4784 ἡ
685 4712 970 4786 Παρθένος
1005 4712 1226 4784 ἐτέχθη.
1257 4713 1370 4766 Καὶ
1397 4711 1508 4784 γὰρ
1537 4712 1766 4776 πολλοὺς
1803 4713 1912 4766 τῶν

328 4805 582 4874 ἀφρόνων
606 4801 780 4856 ταῦτα
809 4801 1250 4871 φιλονεικοῦντας
1277 4803 1514 4873 ἀκήκοα,
1544 4799 1637 4865 οὓς
1667 4799 1777 4868 ἐγὼ
1801 4800 1911 4854 τῶν

327 4893 575 4948 ἀπίστων
615 4891 834 4964 χείρους
877 4886 1019 4945 εἶναι
1047 4890 1208 4944 δοκῶ.
1247 4890 1437 4944 Ταῦτα
1479 4888 1588 4962 γὰρ
1619 4891 1910 4961 αἱρετικῶν

327 4985 466 5038 είσιν
505 4982 898 5054 ἔφευρήματα·
927 4981 1104 5037 ταῦτα
1135 4984 1236 5054 τῆς
1275 4981 1599 5053 Ἑκκλησίας
1631 4981 1907 5046 ἀντίθετα,

327 5073 438 5126 τῶν
468 5072 764 5144 όρθοδόξων
797 5071 1058 5144 ἀλλότρια
1083 5089 1097 5102 ·
1124 5075 1159 5146 ἡ
1189 5072 1299 5142 γὰρ
1335 5069 1611 5142 Παρθένος
1637 5072 1732 5124 καί⁸
1773 5071 1904 5124 θεό-

327 5179 470 5230 παις
504 5163 692 5236 Μαρία
713 5163 919 5218 τέλειον
945 5163 1039 5216 τὸν
1070 5162 1264 5234 χρόνον
1294 5159 1403 5214 τῶν
1433 5160 1590 5214 ἐννέα
1623 5161 1811 5231 μηνῶν
1853 5162 1912 5213 ἐν

325 5255 392 5327 τῇ
430 5255 531 5327 τῆς
555 5257 756 5327 ’Δννης
804 5254 984 5327 κοιλίᾳ
1033 5253 1363 5321 ἐξετέλεσεν,
1391 5252 1467 5317 ὡς
1496 5255 1528 5325 ή
1559 5253 1721 5323 φύσις
1750 5257 1782 5326 ή
1811 5256 1910 5307 ἀν-

327 5347 576 5419 θρωπίνη
621 5349 809 5418 δηλοῖ·
836 5347 972 5402 ἀλλὰ
999 5346 1112 5400 τῶν
1146 5346 1398 5417 ἀφρόνων
1428 5346 1498 5400 τὰ
1524 5345 1773 5416 στόματα
1803 5364 1910 5422 μη-

323 5439 452 5494 δένα
486 5439 674 5512 μῶμον
701 5439 837 5511 πρὸς
860 5439 960 5511 τὴν
990 5437 1222 5510 ἄμωμον
1259 5439 1443 5509 εὑρεῖν
1469 5435 1763 5508 δυνάμενα,
1787 5437 1910 5491 τοῦ-

2012 4715 2272 4782 genitam,
2307 4731 2468 4772 nemo
2513 4717 2570 4772 in
2620 4717 2868 4776 Ecclesia
2909 4723 3210 4782 innutritus
3257 4729 3588 4798 probaverit.

2013 4803 2212 4860 Multos
2241 4806 2386 4860 enim
2422 4806 2604 4864 fatuos
2633 4811 2818 4866 audivi
2843 4812 2911 4868 de
2933 4813 3036 4869 bac
3077 4831 3138 4872 re
3173 4825 3592 4892 contendentes,

2012 4909 2151 4964 quos
2167 4910 2269 4966 ego
2303 4897 2494 4966 judico
2533 4899 2845 4959 inﬁdelibus
2885 4906 3198 4977 deteriores,
3253 4927 3378 4967 cum
3415 4918 3590 4972 btet-e-

2007 4985 2246 5042 ticorum
2273 4991 2494 5060 propria
2527 4991 2636 5046 sint
2670 4994 2940 5077 ejusmodi
2971 4999 3209 5056 inventa.
3258 5001 3384 5062 llaec
3410 5006 3593 5063 Eccle-

1980 5118 1994 5128 .
2014 5077 2113 5165 sia;
2147 5079 2374 5135 adversa
2407 5091 2556 5149 sunt,
2585 5099 2617 5138 a
2644 5094 2790 5140 recte
2813 5089 3179 5148 sentientibus
3201 5097 3364 5165 plane
3389 5099 3587 5152 aliena.

2009 5164 2175 5254 Virgo
2197 5169 2342 5222 enim
2362 5185 2428 5225 ac
2449 5170 2549 5224 Dei
2569 5173 2686 5240 ﬁlia
2712 5171 2879 5230 Maria
2908 5187 3182 5234 maturum
3208 5164 3400 5238 novem
3433 5202 3589 5242 men-

2007 5256 2150 5313 sium
2179 5261 2412 5330 spatium
2463 5261 2515 5316 in
2553 5263 2675 5320 alvo
2709 5267 2898 5323 matris
2951 5271 3205 5336 absolvit,
3241 5283 3306 5328 ut
3349 5279 3591 5345 postulat

2011 5349 2250 5406 humana
2283 5361 2502 5407 natura.
2529 5353 2728 5411 Verum
2761 5359 3053 5415 stultorum
3083 5377 3202 5431 ora,
3227 5381 3350 5436 qum
3383 5372 3586 5426 nullam

2008 5441 2183 5497 labem
2225 5443 2280 5498 in
2316 5444 2522 5502 illibata
2549 5448 2625 5520 (5)
2647 5451 2925 5519 potuerint
2953 5453 3220 5520 invenire,
3253 5464 3586 5519 sententiain

391 5558 417 5594 ⁸
451 5559 586 5616 Dan.
615 5575 702 5625 ιιι,
737 5559 828 5616 55.
903 5560 924 5592 ⁹
951 5558 1087 5616 Dan.
1121 5575 1219 5622 vu,
1251 5557 1338 5611 10.
1413 5557 1457 5589 ¹⁰
1482 5557 1698 5613 Gemit.
1736 5555 1825 5612 18.
1903 5559 1911 5590 ¹

2014 5562 2114 5617 ἱειι.
2141 5579 2223 5628 ιιι,
2253 5563 2342 5620 ει.
2424 5568 2467 5601 ³³
2495 5567 2735 5626 Baruclt.
2765 5586 2827 5632 ιι,
2861 5568 2947 5628 16.

395 5677 472 5749 (2)
511 5677 819 5749 Spppleuda
849 5677 937 5732 bic
966 5679 1181 5749 negatio
1220 5677 1455 5749 videtur.

389 5742 466 5819 ('5)
525 5742 653 5802 vane
698 5757 898 5819 quanta
955 5745 1242 5801 sedulitate
1295 5745 1419 5819 SS._
1460 5742 1912 5819 Patresomnem

326 5814 635 5875 nc'n'modo
663 5814 868 5886 peccati
898 5819 1169 5872 maculam
1187 5831 1308 5885 qua:
1335 5817 1572 5869 animam
1603 5814 1794 5882 inlicit,
1820 5817 1914 5870 sed

2025 5691 2078 5735 et
2110 5685 2372 5762 naturalis
2401 5685 2647 5762 defectus
2669 5678 3036 5759 suspicionem
3070 5710 3099 5750 a
3131 5696 3283 5753 beata
3372 5699 3590 5762 Virgine

2026 5753 2447 5820 propulsattdatn
2481 5745 2817 5816 exiguum";
2887 5745 2899 5746 ί
3071 5745 3098 5750 τ
3131 5745 3283 5753 πη--
3384 5745 3494 5774 ,ηδ
