3936 6212
373 255 512 320 ’1487

1449 252 1509 308 S-
1567 250 1874 310 TARASII
1917 251 2420 312 PATRIARCILE
2452 253 2558 312 (3P.

3505 251 3636 318 “£8

376 363 518 418 hanc
553 359 849 430 Scriptura:
897 356 1220 413 aﬂinxerunt
1251 371 1279 410 a
1326 370 1456 410 vero
1507 366 1764 428 rectoque
1792 373 1953 414 sensu

2077 377 2146 413 :ov
2171 359 2440 428 τὸνλόγον
2459 363 2524 430 τῇ
2553 361 2744 430 Γραφῇ
2774 360 3126 429 περιέθηκαν,
3157 359 3344 430 πόρρω
3366 358 3480 429 τῆς
3509 359 3634 430 ἁλη-

377 453 696 524 longissime
727 453 1135 506 abhorrentem.
1163 447 1268 503 Sed
1302 463 1401 502 nec
1439 447 1711 518 quispiam
1751 464 1782 503 ο
1815 451 1952 504 sim-

378 545 698 615 plicioribus
746 544 893 598 illam
947 543 1130 597 animo
1176 541 1439 604 imbibat;
1499 541 1644 610 quod
1694 541 1840 595 enim
1888 542 1954 596 ad

379 636 763 706 prudentiores
825 643 1056 702 spectat,
1105 632 1363 687 existimo
1421 647 1517 688 eos
1572 647 1640 686 ne
1699 639 1956 698 passuros

378 728 618 795 quidem,
653 734 712 780 ut
735 725 819 780 vel
844 725 975 793 ipsis
998 723 1224 777 auribus
1247 723 1355 776 tale
1381 723 1639 792 quiddam
1665 721 1952 786 hauriant;

379 822 507 888 quia
539 819 836 889 Scriptura:
865 817 1028 872 verba
1059 816 1306 871 studiose
1344 816 1580 884 legentes
1603 829 1724 868 eam
1755 813 1956 868 divinis

381 910 636 964 sensibus
667 911 1114 978 interpretantur,
1157 906 1278 960 etsi
1314 905 1532 975 quando
1570 906 1626 958 in
1663 904 1780 973 ipsa
1807 905 1956 958 ziza-

384 1001 527 1052 niam
575 998 642 1052 ab
679 999 920 1052 inimicis
963 996 1377 1050 disseminatam
1419 995 1714 1064 reperient,
1752 1005 1810 1049 ut
1859 995 1957 1049 lilii

381 1089 640 1144 Ecclesia:
667 1090 884 1157 penitus
914 1089 1271 1158 exstirmnt.‘
1328 1091 1332 1094 ’

457 1178 567 1234 Vll.
609 1176 712 1232 Sed
753 1193 900 1234 nunc
941 1179 1006 1232 ad
1050 1175 1393 1248 propositum
1437 1185 1797 1239 revertamur,
1825 1191 1958 1231 nar-

381 1271 614 1325 rationis
648 1270 866 1335 seriem,
901 1281 1066 1339 atque
1091 1285 1152 1322 ea
1187 1285 1307 1338 quae
1346 1269 1412 1322 ad
1459 1268 1802 1322 nativitatem
1832 1283 1960 1336 spe-

382 1370 568 1425 ctant,
613 1371 994 1430 percurrentes
1041 1371 1204 1430 atque
1257 1359 1613 1429 explicantes.
1643 1359 1778 1414 Cum
1817 1358 1960 1412 enim

382 1453 746 1521 praenuntiata
780 1451 987 1506 exitum
1042 1450 1332 1520 perspicue
1369 1451 1711 1513 habuissent,
1765 1460 1816 1504 et
1856 1449 1960 1502 im-

384 1543 653 1597 maculata
689 1542 865 1612 puella
891 1552 956 1596 ac
985 1541 1076 1596 Dei
1103 1542 1211 1595 tilia
1243 1541 1317 1612 (4)
1343 1557 1373 1596 a
1398 1541 1564 1611 justis
1596 1540 1884 1596 Joachimo
1911 1548 1966 1595 et

383 1637 539 1686 Anna
592 1633 786 1687 fuisset
827 1633 1129 1702 progenita,
1157 1631 1210 1685 hi
1255 1632 1403 1701 serio
1445 1646 1667 1701 operam
1708 1645 1962 1700 posuere,

385 1735 445 1778 ut
483 1725 776 1779 liberarent
805 1723 1062 1794 promissi
1106 1723 1297 1776 ﬁdem.
1343 1721 1511 1790 Igitur
1545 1721 1742 1776 licebat
1779 1721 1967 1775 videre
1996 1709 2038 1764 Β

385 1817 529 1886 piam
557 1816 768 1870 Annam
802 1814 1186 1878 exsultantem,
1223 1827 1288 1867 ac
1322 1812 1669 1882 gestientem,
1700 1820 1755 1867 et
1783 1809 1964 1881 Virgi-

385 1923 509 1962 nem
538 1908 689 1963 hisce
724 1905 903 1961 verbis
935 1904 1291 1961 festivissime
1324 1904 1742 1974 compellantem
1783 1919 1797 1956 :
1829 1902 1965 1968 Quis

385 1999 634 2066 dixisset,
653 1999 782 2063 lilia,
807 2013 872 2053 ex
900 2011 983 2051 me
1015 2006 1064 2050 te
1097 1995 1456 2066 prodituram,
1481 2011 1602 2062 quae
1626 1995 1782 2050 beata
1810 2009 1964 2050 com-

385 2099 686 2146 monstrata
725 2106 785 2146 es
811 2089 862 2142 in
907 2088 1288 2160 generationes
1329 2086 1794 2158 generationum?
1829 2085 1966 2152 Quis

387 2195 440 2239 te
465 2185 606 2240 inter
635 2199 785 2239 meas
831 2183 989 2237 ulnas
1046 2181 1322 2252 aspiciens
1375 2180 1460 2235 lac
1503 2186 1812 2250 augentem,
1846 2193 1957 2234 non

384 2279 538 2332 illum
571 2275 894 2337 laudaverit,
922 2274 1014 2344 qui
1072 2283 1124 2328 te
1157 2273 1310 2328 dedit
1359 2273 1493 2326 mihi
1532 2271 1886 2328 fecunditatis
1913 2281 1970 2326 et

385 2371 558 2440 prolis
593 2367 840 2439 experti?
860 2365 996 2433 Quis
1029 2365 1250 2421 intuens
1283 2366 1398 2419 haec
1425 2363 1592 2418 ubera
1617 2355 1789 2430 laete,
1817 2363 1966 2433 quod

387 2475 668 2532 nunquam
710 2459 1035 2522 emiserant,
1081 2456 1193 2528 jam
1249 2455 1646 2519 redundantia,
1690 2469 1801 2509 non
1842 2467 1967 2508 eum

381 2550 676 2622 magnifice
700 2550 906 2614 ell‘erat,
941 2547 1032 2616 qui
1068 2565 1098 2601 e
1123 2547 1276 2600 duro
1315 2545 1472 2600 silice
1497 2559 1654 2614 aqua:
1683 2543 1967 2600 scatebras

385 2643 591 2698 sitienti
621 2641 818 2711 populo
854 2637 1087 2694 elicuit?
1113 2635 1220 2691 Sed
1255 2635 1410 2700 veni,
1433 2635 1573 2699 lilia,
1612 2635 1678 2690 ad
1714 2649 1841 2690 eum
1874 2634 1970 2704 qui

390 2742 443 2788 te
472 2732 606 2787 mihi
655 2730 915 2800 elargitus
951 2737 1053 2784 cst.
1105 2727 1264 2792 Veni,
1312 2741 1443 2782 arca
1499 2724 1968 2791 sanctiﬁcationis,

391 2825 457 2879 ad
481 2822 861 2878 misericordiae
889 2819 1202 2874 Dominum.
1227 2815 1385 2881 Veni,
1412 2825 1566 2886 porta
1597 2813 1794 2868 divinae
1824 2812 1967 2877 vitae,

391 2914 804 2979 veni,«thalame
837 2911 1019 2973 Verbi,
1063 2909 1128 2964 ad
1161 2907 1420 2977 templum
1451 2905 1690 2960 Domini.
1737 2903 1882 2958 lntra
1914 2903 1968 2957 in

2055 451 2205 514 θείας
2237 451 2335 505 καὶ
2365 451 2459 504 τοῦ
2491 450 2653 520 ὀρθοῦ
2696 452 2984 504 πίπτοντα.
3020 451 3128 502 Καὶ
3164 451 3346 520 μηδεὶς
3400 451 3632 503 καταδέ⁸

2055 543 2212 613 ξηται
2263 541 2374 596 τῶν
2421 541 2835 613 ἁιρελεσοέρωψ
2899 541 3026 604 τοὺς
3082 541 3191 612 γὰρ
3239 540 3635 611 εὐφρονοῦντας

2057 635 2360 702 πέπεισμαι
2400 634 2564 700 μηδὲΔ
2585 632 2781 702 μέχρις
2821 633 3001 686 ἀκοῶν
3042 627 3172 684 ποτε
3204 631 3264 684 τὸ
3293 632 3451 702 ῥῆμα
3483 631 3640 686 τοῦτο

2057 725 2400 780 ύπεισελθεῖν
2422 765 2438 791 ,
2470 726 2551 778 ὅτι
2576 727 2645 778 τὰ
2673 725 2776 794 τῆς
2804 724 3029 793 Γραφῆς
3059 721 3333 793 ἐπιμελῶς
3363 723 3637 790 ἀναγινώ-

2041 817 2299 880 σκοντες,
2337 819 2554 887 νοήσεσι
2601 817 2772 879 θείαις
2805 816 3006 886 ταύτην
3032 815 3500 886 ὲφερμηνεύουσι.
3534 815 3639 867 Καὶ

2056 907 2185 961 ὅταν
2227 909 2287 960 ὲν
2329 908 2466 978 αὐτῇ
2493 906 2732 972 ζιζάνιον
2757 906 2991 978 εὕρωσιν
3017 907 3082 959 ὲκ
3106 905 3216 958 τῶν
3241 905 3458 977 ἐχθρῶν
3488 921 3638 958 σπειο

2061 996 2313 1068 ρόμενον,
2359 997 2436 1060 ὡς
2481 997 2648 1050 τέκνα
2699 997 2800 1068 τῆς
2832 996 3160 1070 Ἑκκλησίας
3207 994 3438 1058 τελείως
3481 995 3632 1048 ἐκκέ-

2058 1103 2303 1140 πτουσιν.
2601 1121 2605 1126 -

2129 1181 2205 1233 Z'.
2241 1179 2381 1232 Ἀλλ’
2411 1179 2506 1232 ἐπὶ
2550 1179 2612 1232 τδ
2663 1177 3030 1249 προκείμενον
3077 1177 3511 1247 ἐπανέλθωμεν,
3555 1178 3638 1230 τὸν

2062 1273 2250 1344 εἱρμὸν
2279 1273 2380 1342 τῆς
2409 1273 2718 1343 διηγήσεως
2741 1272 2833 1326 καὶ
2859 1273 2958 1341 τῆς
2985 1272 3292 1342 γεννήσεως
3316 1270 3638 1330 διοδεύοντες

2063 1365 2158 1418 καὶ
2187 1364 2575 1434 ἐξηγούμενοι⁴
2612 1365 2719 1418 τῶν
2747 1365 2856 1436 γὰρ
2885 1365 3148 1435 ῥημάτων
3174 1363 3264 1416 διὰ
3297 1362 3637 1433 πραγμάτων

2063 1459 2142 1522 είς
2185 1457 2494 1526 τούμφανὲς
2522 1456 2786 1510 ἐλθόντων
2808 1496 2822 1519 ,
2853 1455 2949 1509 καὶ
2977 1458 3078 1524 τῆς
3114 1453 3354 1524 ἀμώμου
3391 1453 3490 1506 καὶ
3528 1450 3636 1503 θεό-

2066 1550 2255 1613 παιδος
2297 1549 2486 1620 κόρης,
2517 1551 2582 1602 ὲκ
2609 1548 2719 1602 τῶν
2753 1548 2979 1602 δικαίων
3016 1546 3272 1617 Ἰωακεὶμ
3316 1547 3420 1599 καὶ
3451 1545 3635 1612 ’Δννης

2065 1643 2473 1712 γεγεννημένης
2496 1681 2511 1706 ,
2545 1641 2640 1694 καὶ
2671 1640 2767 1702 τὰς
2797 1638 3118 1710 ὑποσχέσεις
3145 1635 3329 1692 αὐτῶν
3363 1633 3638 1704 ἑκπληριῖιο

2069 1749 2158 1785 σαι
2213 1731 2646 1796 ἐσπουδακότων,
2695 1727 2764 1802 ἦν
2818 1731 2946 1789 ἰδεῖν
2997 1729 3097 1798 τὴν
3142 1728 3420 1799 θεόφρονα
3449 1727 3636 1780 Ἄνναν

2063 1821 2479 1894 ἀγαλλιωμὲνην
2527 1825 2622 1876 καὶ
2659 1823 2972 1892 σκιρτῶσαν
3022 1821 3117 1875 καὶ
3170 1819 3482 1892 χαριέντως
3513 1817 3637 1888 πρὸς

2063 1912 2161 1982 τὴν
2191 1912 2471 1984 Παρθένον
2497 1912 2765 1981 λέγουσαν
2785 1929 2798 1940 ·
2827 1911 2924 1974 Τίς
2957 1910 3141 1978 ἔλεγεν
3164 1908 3224 1973 ἐξ
3257 1907 3400 1979 ἐμοῦ
3433 1923 3513 1971 σε,
3547 1905 3630 1959 θύ-

2064 2022 2256 2076 γατερ,
2289 2006 2574 2077 προελθεῖν
2621 2007 2720 2076 τὴν
2775 2007 2834 2059 ὲν
2883 2008 3099 2074 γενεαῖς
3127 2003 3338 2072 γενεῶν
3369 2001 3632 2074 μακαρίαν

2065 2097 2513 2169 ἁποδειχθεῖσανς
2548 2097 2645 2161 Τίς
2687 2100 2744 2152 ὲν
2786 2099 2900 2161 τοῖς
2935 2095 3157 2158 κόλποις
3189 2111 3293 2165 μου
3328 2091 3548 2164 θεωρῶν
3575 2106 3627 2144 σε

2065 2189 2529 2262 γαλουχουμένην,
2565 2191 2638 2260 μὴ
2676 2189 2891 2254 δοξάσει
2931 2188 3023 2241 τὸν
3057 2188 3118 2241 σέ
3157 2205 3250 2256 μοι
3276 2186 3624 2257 χαρισάμενον

2065 2283 2131 2350 τῇ
2165 2279 2356 2352 στεῖρα
2383 2280 2476 2333 καὶ
2502 2280 2710 2350 ἁτέκνῳ
2733 2295 2748 2344 ;
2778 2279 2874 2342 Τίς
2895 2278 3022 2341 τοὺς
3055 2279 3297 2348 μαστοὺς
3319 2277 3452 2338 τοὺς
3481 2273 3622 2343 μήπω

2065 2371 2209 2439 γάλα
2242 2371 2548 2440 βλύσαντας
2580 2369 2722 2440 ὀρῶν
2753 2369 2856 2438 ἤδη
2890 2365 3262 2437 πηγάζοντας,
3296 2363 3376 2436 μὴ
3411 2361 3619 2432 μεγαλυ-

2065 2465 2150 2515 νεϊ
2174 2462 2266 2515 τὸν
2299 2462 2358 2528 ἐξ
2386 2461 2695 2530 ἀκροτόμου
2734 2460 2938 2530 πέτρας
2965 2457 3242 2528 βλύσαντα
3267 2456 3338 2508 τὰ
3366 2455 3524 2508 ὕδατα
3554 2449 3612 2519 τῷ

2066 2553 2290 2623 διψῶντι
2317 2552 2467 2624 λαῷ;
2501 2551 2664 2605 Ἀλλὰ
2695 2551 2876 2621 δεῦρο,
2903 2549 3163 2618 θύγατερ,
3193 2547 3333 2616 πρὸς
3353 2546 3443 2599 τὸν
3469 2546 3520 2596 σέ
3539 2558 3609 2612 μοι

2067 2635 2448 2717 παρασχόντα’
2489 2642 2666 2714 δεῦρο,
2715 2642 2857 2712 πύλη
2893 2641 2994 2710 τῆς
3039 2639 3197 2702 θείας
3241 2637 3418 2707 ζωῆςο
3460 2632 3606 2705 δεῦρο,

2069 2738 2284 2801 παστὰς
2329 2735 2424 2790 τοῦ
2455 2735 2629 2804 Λόγου
2650 2776 2666 2802 ,
2698 2733 2834 2803 πρὸς
2873 2733 2964 2786 τδν
2997 2733 3126 2788 ναὸν
3161 2731 3388 2802 Κυρίου.
3419 2725 3600 2782 Eros»:

2069 2832 2150 2894 είς
2174 2831 2274 2901 τὴν
2311 2829 2486 2902 χαρὰν
2515 2827 2610 2882 τοῦ
2643 2827 2847 2896 Κυρίου
2868 2866 2883 2890 ,
2922 2827 2956 2896 ἡ
2990 2823 3087 2878 τοῦ
3135 2825 3340 2894 κόσμου
3366 2820 3492 2891 χαρὰ
3520 2817 3593 2870 καὶ

2071 2923 2420 2994 ἀγαλλίασιςο
2467 2921 2774 2975 ἀπόλαυσον
2816 2919 3008 2972 τούτου
3055 2917 3156 2986 τῆς
3181 2915 3490 2983 ὡραιότητος,
3517 2910 3588 2962 ὃν·

394 3007 649 3077 gauditnn
685 3002 920 3065 Domini,
978 3012 1030 3056 tu
1081 2998 1270 3054 mundi
1325 2997 1580 3068 gaudium
1621 3005 1676 3050 et
1719 2994 1965 3049 exsulta-

2077 3034 2180 3088 περ
2207 2996 2342 3087 μετὰ
2399 3015 2593 3084 μικρὸν
2649 3013 2824 3078 τέξεις
2884 3010 2960 3072 ὼς
3012 3009 3316 3079 ἄνθρωπον·
3372 3000 3594 3074 μακαρία

395 3103 491 3155 tio.
525 3099 727 3152 Fruere
755 3096 876 3166 ejus
905 3091 1328 3164 pulchritudine,
1359 3104 1520 3159 quem
1551 3103 1658 3140 non
1694 3086 1769 3140 ita
1796 3085 1968 3140 multo

396 3201 518 3262 post
557 3193 797 3244 humana
822 3187 998 3242 forma
1028 3185 1277 3240 indutum
1308 3182 1506 3254 paries.
1532 3180 1644 3250 Ego
1665 3194 1795 3233 vero
1816 3178 1972 3233 beata

397 3301 540 3344 sum.
559 3299 682 3354 quae
705 3283 829 3336 talis
853 3281 974 3334 tiliae
999 3288 1170 3332 mater
1193 3275 1480 3354 pranlicor.
1503 3269 1975 3342 Congratulamiui

399 3353 791 3438 mihintrihus
841 3369 1085 3434 lsraelis,
1146 3367 1406 3436 quoniam
1450 3353 1592 3433 'post
1633 3361 1973 3417 sterilitatem

401 3479 574 3524 mater
609 3482 730 3522 sum
763 3464 883 3533 ejus
915 3463 1129 3525 eﬂ‘ecta,
1161 3473 1282 3528 qua:
1316 3463 1491 3510 mater
1536 3451 1802 3508 Altissimi
1829 3467 1969 3508 con-

404 3562 676 3616 stituemr.
716 3555 1023 3626 Exsurgite,
1058 3552 1294 3621 virgines
1331 3546 1570 3603 ferentes
1598 3544 1897 3615 lampades,
1925 3551 1979 3597 et

403 3652 590 3722 praeite
615 3647 1019 3704 immaculatam
1059 3642 1336 3713 Virginem
1363 3687 1378 3710 ,
1410 3647 1464 3694 et
1489 3639 1582 3693 Dei
1613 3637 1800 3691 tiliam.
1833 3637 1978 3690 Cati-

385 3753 512 3800 'tatc
539 3744 587 3798 ci
613 3743 666 3796 in
699 3739 876 3806 laude,
919 3737 1133 3809 psallite
1169 3735 1272 3804 ipsi
1318 3734 1374 3788 in
1403 3731 1638 3795 cithara,
1679 3731 1974 3786 acclainate

403 3837 480 3892 illi
509 3851 634 3891 cum
658 3833 869 3890 cantico
893 3829 1180 3902 spirituali,
1203 3827 1463 3898 psalterio
1491 3823 1838 3878 decachordo
1856 3836 1976 3878 eam

404 3931 772 4001 magniﬁcate.
792 3927 872 3980 Tu
899 3937 1136 3994 quoque,
1157 3919 1322 3972 David
1347 3915 1440 3971 Dei
1462 3915 1800 3986 progenitor,
1824 3913 1978 3982 puel-

388 4023 512 4076 1am
547 4017 708 4074 lauda
733 4015 1035 4086 profectam
1059 4011 1125 4066 de
1146 4009 1318 4078 stirpe
1341 4016 1454 4072 tua,
1485 4014 1540 4060 et
1567 4004 1976 4075 magniloquum

407 4119 669 4185 hymnum
700 4108 851 4173 ell‘er,
885 4107 967 4162 sic
1020 4101 1368 4173 inquiens“:
1403 4097 1562 4161 Audi,
1593 4096 1732 4167 ﬁlia,
1765 4105 1814 4150 et
1841 4095 1979 4162 vide,

405 4217 452 4260 et
478 4204 675 4259 inclina
699 4216 879 4255 aurem
921 4207 1088 4258 tuam,
1113 4202 1161 4246 et
1197 4189 1501 4245 obliviscere
1531 4187 1781 4256 populum
1812 4196 1980 4250 tuum,

406 4310 456 4354 ct
508 4298 720 4351 domum
773 4292 940 4362 patris
992 4289 1090 4352 tui,
1133 4294 1182 4339 et
1235 4281 1564 4350 concupiscet
1615 4295 1706 4334 rea:
1746 4280 1982 4333 decorem

408 4402 580 4445 tuum.

478 4481 614 4536 Vlll.
649 4480 785 4534 Cum
818 4477 933 4531 hate
965 4473 1179 4542 aliaque
1209 4470 1404 4524 horum
1435 4465 1634 4522 similia
1658 4463 1811 4518 Anna
1857 4477 1980 4534 gra-

407 4579 498 4632 tias
526 4571 868 4646 cognominis
894 4569 1147 4628 dixisset,
1176 4563 1475 4634 pretiosum
1513 4559 1662 4613 illum
1693 4555 1982 4611 Trinitatis

397 4673 757 4729 thesaurum,
790 4674 900 4719 tres
959 4674 1131 4714 annos
1188 4664 1370 4710 natam
1442 4650 1718 4719 Virginem
1774 4646 1983 4717 Deique

411 4772 640 4818 matrem
684 4759 738 4813 in
787 4753 1052 4823 templum
1104 4745 1317 4802 Domini
1367 4743 1673 4799 laetabunda
1737 4737 1981 4800 deduxit,

411 4862 467 4907 et
519 4867 642 4907 cum
665 4846 952 4902 Joachimo
980 4844 1212 4913 hymnos
1246 4838 1298 4892 in
1347 4835 1647 4905 gratiarum
1711 4828 1981 4883 actionem

413 4944 721 5003 effundens.
783 4947 1192 5003 convocatoque
1244 4929 1514 4998 virginum
1559 4931 1703 4978 cmtu
1763 4926 1986 4990 gestan-

419 5041 552 5094 tium
583 5033 752 5095 faces,
784 5030 990 5083 aditum
1027 5026 1120 5093 qui
1149 5023 1298 5078 ducit
1328 5020 1392 5074 ad
1417 5017 1617 5071 Sancta
1672 5019 1987 5066 sanctorum

417 5125 724 5198 occupavit.
752 5123 930 5192 Atqae
955 5119 1028 5173 ibi
1057 5114 1399 5173 Zachariam,
1425 5108 1626 5179 quippe
1656 5105 1748 5174 qui
1786 5117 1841 5158 et
1872 5116 1997 5198 pro-

419 5193 580 5296 pheta
609 5228 805 5276 eratet
837 5210 1094 5271 saccrdos
1128 5217 1184 5264 et
1210 5200 1658 5274 consanguineus
1706 5207 1760 5252 et
1821 5193 1992 5296 admi-

420 5285 590 5373 nister
617 5309 840 5383 legitimi
881 5299 1214 5364 testamenti,
1240 5293 1612 5353 venerandum
1642 5288 1777 5346 illud
1801 5285 1993 5356 conju-

491 5424 534 5456 ¹³
564 5421 710 5478 Psal.
744 5433 891 5480 thv,
961 5414 1052 5478 ll,
1110 5410 1200 5466 i2.

491 5539 569 5606 (4)
601 5535 916 5606 Cuicunque
943 5521 1314 5584 ecclesiastica
1347 5509 2001 5606 Graecorumbmlliﬁia:

1340 5565 1460 5662 esse
1488 5583 1731 5662 omnium
1764 5565 2002 5662 orientis
2105 5565 2276 5662 ριοόί.
2306 5584 2389 5662 ἓν..
2419 5565 2674 5662 “pg-rvi

2073 3113 2214 3183 είμὶ,
2243 3113 2324 3166 ὅτι
2370 3110 2628 3180 τοιαύτης
2668 3108 2940 3180 θυγατρὸς
2990 3109 3177 3177 μήτηρ
3221 3103 3563 3176 ἀνηγόρευμαι
3588 3111 3603 3127 ⁸

2077 3206 2390 3278 συγχὰρητὲ
2425 3220 2538 3274 μοι,
2575 3201 2741 3269 φυλαὶ
2763 3201 2860 3254 τοῦ
2891 3201 3134 3271 Ἰσραὴλ,
3158 3200 3240 3252 ὃτι
3272 3196 3401 3268 μετὰ
3422 3193 3616 3262 excipe)-

2077 3316 2163 3354 σιν
2193 3299 2377 3368 μήτηρ
2405 3292 2905 3364 ἀναδέδειγμαιίό),
2924 3293 3046 3364 ἥτις
3072 3290 3502 3360 ἀναδειχθήσεται
3529 3289 3621 3354 μή·

2075 3407 2182 3463 τηρ
2228 3389 2324 3442 τοῦ
2369 3387 2649 3457 Ὑψίστου.
2704 3383 3020 3454 Ἐξάρξατε,
3061 3380 3326 3450 παρθένοι
3362 3377 3622 3448 λαμπαδη-

2078 3485 2256 3556 φόρυι,
2285 3482 2380 3536 καὶ
2433 3475 2840 3550 προπορεύεσθε
2887 3471 3198 3544 ἔμπροσθεν
3245 3473 3344 3542 τῆς
3386 3469 3624 3539 ἀμιάντου

2081 3573 2358 3644 Παρθένου
2409 3571 2504 3624 καὶ
2553 3565 2870 3630 θεόπαιδοςο
2903 3565 3070 3636 ᾇσατε
3108 3563 3247 3634 αὐτῇ
3301 3565 3360 3616 ὲν
3411 3562 3622 3614 αἰνέσει·

2079 3665 2286 3735 ψάλατε
2312 3663 2450 3732 αὐτῇ
2499 3662 2556 3712 ἐν
2601 3659 2806 3730 κιθάρᾳ
2825 3674 2839 3688 °
2870 3655 3173 3719 ἀλαλάξατε
3198 3654 3338 3722 αὐτῇ
3375 3653 3487 3722 μετ’
3503 3648 3630 3722 ᾤδῆῖ

2081 3755 2494 3826 πνευματικῆςο
2532 3751 2870 3824 μεγαλύνατε
2913 3751 2971 3802 ὲν
3012 3745 3300 3819 ψαλτηρίῳ
3323 3743 3630 3813 δεκαχόρδῳ,

2083 3845 2271 3911 Δαυῖδ,
2301 3845 2540 3905 αἷνεσον,
2572 3839 2876 3907 Θεοπάτορ,
2905 3836 3004 3908 τὴν
3026 3837 3090 3888 ἐκ
3114 3833 3287 3905 φυλῆς
3318 3849 3416 3885 σου
3443 3829 3633 3884 ἀναδειο

2081 3937 2304 4008 χθεῖσαν
2322 3934 2513 4006 κόρην,
2540 3929 2872 4002 ὑμνολογῶν,
2895 3926 3214 3998 μεγαλογῶν
3233 3921 3636 3994 μεγαλοφὼνως.

2085 4028 2180 4082 καὶ
2207 4025 2382 4094 λέγων
2399 4039 2411 4054 ’
2453 4022 2768 4082 Ἄκουσον,
2812 4018 3092 4086 θύγατερ,
3121 4013 3218 4068 καὶ
3245 4014 3336 4066 Ide
3355 4054 3374 4078 ,
3407 4013 3499 4065 καί
3526 4008 3640 4063 1.1?-

2084 4133 2196 4172 νον
2223 4113 2289 4168 τὸ
2321 4109 2433 4179 οὖς
2464 4127 2603 4174 σου,
2635 4108 2735 4162 καί
2756 4105 3044 4161 ἐπιλάθου
3075 4103 3180 4158 τοῦ
3213 4100 3373 4156 ,ιαοῦ
3407 4098 3640 4164 σου,κα1

2086 4208 2192 4262 τοῦ
2223 4206 2394 4260 οἴκου
2419 4202 2524 4257 τοῦ
2553 4201 2773 4268 πατρός
2806 4213 2944 4264 σου,
2967 4195 3066 4250 καί
3095 4192 3459 4264 ἐπιθυμήσει
3483 4195 3513 4246 ό
3535 4190 3640 4255 ,ϐα-

2087 4300 2301 4364 σιλεὺς
2325 4297 2431 4352 τοῦ
2453 4296 2722 4359 κάλλους
2749 4307 2885 4346 σου.

2159 4484 2240 4536 H'.
2274 4477 2460 4532 Ταῦτα
2488 4476 2580 4529 καὶ
2613 4472 2682 4526 τὰ
2713 4469 2922 4532 τούτοις
2973 4468 3136 4536 ὃμοια
3197 4467 3230 4534 ἡ
3282 4463 3652 4536 χαριτώνυμος

2095 4577 2264 4628 ’Ἄννα
2291 4570 2514 4635 λέξασα,
2544 4567 2605 4620 τὸ
2641 4565 2742 4632 τῆς
2769 4559 3002 4633 Τριάδος
3032 4556 3336 4628 κειμήλιον,
3404 4551 3656 4624 χαίρουσα

2089 4668 2157 4738 τῇ
2192 4664 2355 4734 σαρκὶ
2386 4656 2760 4730 τριετίζουσαν
2787 4651 2886 4720 τὴν
2917 4646 3196 4718 Παρθένον
3244 4643 3340 4696 καὶ
3411 4640 3660 4738 ρεστδκον

2211 4730 2304 4806 τὸν
2332 4750 2458 4804 ναὸν
2481 4746 2689 4817 Κυρίου
2720 4739 3062 4812 προέπεμψε,
3093 4737 3188 4790 καὶ
3215 4735 3314 4787 σὺν
3367 4730 3456 4801 τῷ
3529 4730 3664 4782 Ἰωα-

2085 4849 2220 4918 κεὶμ
2251 4843 2394 4916 ᾠδὰς
2426 4835 2878 4910 εὐχαριστηρίους
2909 4829 3332 4898 ἀναπέμπουσα,
3370 4823 3469 4918 παὶ
3505 4820 3664 4918 δῆμον

2087 4911 2196 4990 τῶν
2262 4911 2546 5002 παρθένων
2593 4918 3126 4994 λαμπαδηφοροῠντα
3188 4911 3664 5002 συγκαλεσαμὲνη,

2091 5000 2360 5082 κατέλαϐε
2411 5022 2481 5074 τὰ
2507 5018 2616 5073 τῶν
2649 5017 2820 5084 ἁγίων
2849 5014 3018 5080 Ἀγια
3041 5026 3056 5040 ·
3091 5007 3188 5061 καὶ
3238 5005 3330 5058 τὸν
3399 5000 3668 5073 Ζαχαρίαν

2092 5116 2449 5191 χαρμονικοῖς
2481 5110 2703 5183 χείλεσι,
2735 5105 2831 5160 καὶ
2862 5101 3186 5172 ἀγαλλιάσει
3236 5097 3534 5166 στόματος,
3584 5095 3671 5191 ἅτε

2441 5206 2536 5261 καὶ
2569 5203 2721 5272 ἱερέα
2776 5200 2868 5254 καὶ
2905 5195 3144 5266 συγγενῆ
3205 5191 3301 5246 καὶ
3361 5183 3670 5286 λειτουργθυ

2101 5277 2198 5378 της
2223 5277 2450 5375 νομικῆς
2482 5295 2770 5368 διαθήκης,
2799 5287 3190 5362 προσεκαλεῖτο
3217 5281 3432 5356 ήτιμία
3451 5277 3676 5350 ξυνωρὶς

2281 5491 2662 5580 'Supplendum
2708 5481 3290 5580 ttigetp‘rgftdrﬁ.qlagt

2750 5540 3174 5622 dvaﬁéﬁsrma'ti
3189 5547 3290 5618 τῆς
3323 5542 3567 5615 ἀμώμου
3592 5540 3676 5594 καὶ

424 5634 649 5662 SUIVUIIU
675 5634 941 5658 [ul-atauus
973 5634 1252 5653 υυιιηιιιηη
1269 5634 1318 5645 ...
1341 5634 1459 5642 νυ..-
1495 5634 1630 5638 ﬁ--.”

418 5676 792 5732 ,Ecclesiarum
826 5686 1056 5728 morem,
1110 5668 1322 5720 beatam
1360 5657 1658 5732 Virginem“
1674 5649 1923 5732 absolute
1949 5662 1971 5702 ε

2109 5637 2389 5700 θεόπαιδος
2422 5634 2635 5704 κόρης),
2669 5634 2808 5700 ἥτις.

425 5722 862 5800 ἔιιῑυιιυηιιιειίεθ
891 5722 1088 5795 voeare
1115 5735 1335 5796 θεόπαις
1383 5722 1579 5781 Filiam
1616 5722 1733 5777 Dei.
