3936 6212
394 311 528 384 1489

1303 316 1386 379 IN
1427 318 1530 381 ss.
1578 314 1929 379 animum
1980 311 2709 400 PRIESENTATIONEM.

3499 310 3637 372 1490

390 434 494 488 τῶν
539 430 901 502 γεννητόρων,
945 428 1156 501 βοῶσαο
1195 431 1361 503 Δέχου
1411 431 1514 500 τὴν
1575 428 1800 502 σεμνὴν,
1861 429 1960 500 τὴν

2069 443 2189 500 gum
2245 443 2345 498 par
2375 427 2684 482 laetantibus
2713 424 2874 481 labiis
2905 432 3079 496 atque
3102 423 3214 479 oris
3267 422 3639 479 exsultatione

389 523 650 594 ἀμίαντον
670 534 686 552 δ
713 521 895 591 δέχου,
926 521 1096 592 ἱερεῦ,
1152 521 1250 593 τὴν
1313 521 1648 592 ἀκηλίδωτον
1714 519 1963 576 παστάδα

387 614 481 669 τοῦ
505 612 680 683 Λόγου
709 629 726 646 ·
758 612 941 684 δέχου,
1005 615 1282 685 προφῆτα.
1336 613 1399 667 τὸ
1447 611 1808 685 θυμιατήριον
1867 611 1961 667 τοῦ

392 705 558 760 ἀΰλου
590 703 804 773 φωτόςο
835 703 1014 775 δέχου,
1039 704 1236 768 δίκαιε,
1268 702 1332 757 τὸ
1397 703 1750 775 πυρὶμορφον
1805 703 1962 778 ἅρμα

374 796 482 852 ,τοῦ
531 795 789 866 Ὑψίστου
813 811 827 826 ’
855 795 1037 867 δέχου,
1074 795 1355 866 ἄμεμπτε,
1394 793 1495 867 τὴν
1519 794 1729 868 ὡραίαν
1778 797 1977 867 ἀμπει·

387 888 501 952 λον,
533 888 658 959 ἥτις
691 886 990 959 βλαστήσει
1012 885 1106 941 τὸν
1134 884 1363 952 ἀείζωον
1393 884 1588 958 βότρυν
1617 900 1634 916 ⁸
1699 886 1964 956 εἰσάγαγε

388 979 563 1049 αὐτὴν
597 979 678 1043 εἰς
703 977 774 1032 τὰ
796 978 1053 1034 ἑνδότατα
1079 977 1176 1031 τοῦ
1208 976 1339 1055 ναοῦ
1375 977 1582 1046 Κυρίου
1611 992 1628 1008 ο
1686 977 1965 1048 πρόσφερε

387 1071 562 1141 αὐτὴν
591 1071 673 1134 είς
702 1069 867 1124 τόπον
899 1069 1260 1138 ἀγιάσματος,
1289 1065 1738 1137 δκατειργάσατο
1761 1067 1966 1138 δ’Υψι-

390 1176 518 1224 στος
575 1160 658 1222 είς
685 1157 883 1214 ἑαυτοῦ
937 1159 1352 1226 κατασκήνωσιν
1376 1172 1394 1188 ·
1462 1158 1706 1228 ἀνάγαγε
1760 1157 1964 1228 ταύτην

391 1252 475 1317 είς
501 1251 572 1306 τά
595 1250 784 1318 ἄδυτα,
810 1251 903 1305 τὸν
930 1249 1163 1322 ἀόρατον
1195 1251 1256 1304 ὲν
1288 1248 1471 1321 κοιλίᾳ
1493 1249 1785 1321 βαστάζειν
1812 1252 1965 1304 ἐπει-

393 1337 670 1409 γομένην·
703 1338 1007 1410 μακάρισον
1033 1337 1203 1418 αρτὴν
1227 1337 1328 1410 τὴν
1395 1339 1704 1410 μακαρίους
1756 1339 1966 1403 πάντας

398 1426 621 1497 βροτοὺς
648 1426 1000 1492 ἀναδείξασαν
1029 1446 1047 1462 ο
1093 1428 1394 1501 μεγάλυνον
1443 1428 1669 1493 ταύτην,
1728 1429 1828 1500 τὴν
1859 1428 1968 1482 τῶν

400 1514 812 1592 μεγαλουργιῶν
841 1520 976 1574 Θεοῦ
1008 1520 1417 1593 ἀναδειχθεῖσαν
1435 1520 1616 1593 βίϐλον
1641 1521 1964 1594 θεόγραφον·

397 1606 632 1663 ἀνάλασε
659 1605 884 1680 ταύτην,
911 1610 1010 1688 τῆς
1038 1613 1102 1663 ἐκ
1127 1610 1230 1680 τῆς
1274 1610 1618 1684 προμήτορος
1642 1609 1787 1675 Εὔας
1833 1626 1970 1665 κατ-

394 1695 537 1768 άρας
591 1696 738 1772 ἡμᾶς
791 1700 1176 1767 ἀπαλλάξασαν
1200 1714 1216 1734 ⁸
1268 1700 1509 1756 ἄσπασαι
1581 1699 1809 1774 ταύτην,
1867 1699 1968 1773 τὴν

395 1787 534 1858 πρὸς
562 1789 656 1843 τὸν
679 1789 812 1845 Θεὸν
862 1791 1241 1864 φιλανθρωπίᾳ
1274 1792 1424 1862 ημᾶς
1475 1791 1837 1864 συνδήσασαν,
1867 1791 1966 1846 καὶ

393 1878 495 1949 τὴν
521 1879 720 1952 ἔχθραν
747 1880 842 1936 τοῦ
869 1881 1049 1952 δφεως
1083 1881 1162 1952 τῷ
1190 1883 1362 1954 αὐτῆς
1392 1882 1540 1954 τόκῳ
1587 1882 1923 1939 καθελοῦσαν
1944 1900 1960 1916 ·

393 1970 690 2038 ἀγκάλισαι
723 1971 912 2044 αὐτὴν,
943 1972 1043 2044 τὴν
1069 1971 1129 2038 ἐξ
1159 1971 1416 2042 ἀγκαλῶν
1459 1973 1556 2028 τοῦ
1580 1972 1760 2044 ὄφεως
1815 1975 1966 2046 ἡμᾶς

390 2062 795 2134 ἀφαρπάσασαν
827 2079 842 2095 ο
873 2065 1252 2136 προφήτευσον
1278 2065 1411 2137 περὶ
1437 2065 1667 2139 ταύτην,
1723 2066 1825 2139 τὴν
1853 2066 1965 2122 τῶν

390 2157 685 2226 προφητῶν
715 2155 1124 2228 ἀναδειχθεῐσαν
1157 2157 1463 2229 πλήρωσιν,
1497 2157 1593 2213 καὶ
1620 2159 1721 2229 τῆς
1781 2161 1962 2229 ἐπαγ-

392 2245 580 2313 γελίας
607 2245 744 2300 Θεοῦ
769 2246 906 2318 πρὸς
934 2245 1256 2318 ἀνθρώπους
1292 2249 1770 2318 ἀνακεφαλαίωσιν
1792 2265 1809 2282 ·
1864 2251 1965 2324 τὴν

295 2408 302 2414 _
391 2336 669 2408 τράπεζαν
699 2337 794 2392 τοῦ
831 2337 977 2392 θείου
1011 2338 1204 2410 ἄρτου,
1240 2338 1339 2393 τὸν
1363 2335 1508 2394 οἶνον
1560 2339 1654 2395 τὸν
1689 2340 1962 2423 εὐφρόσυο

392 2444 501 2495 νον,
551 2428 651 2503 τὴν
680 2430 886 2502 τροφὴν
911 2431 1008 2502 τὴν
1037 2430 1334 2496 ἀδάπανον,
1368 2430 1469 2501 τὴν
1496 2430 1832 2504 περιστερὰν
1863 2431 1964 2506 τὴν

392 2519 678 2592 ἀκεραίαν,
707 2521 799 2576 τὸν
829 2520 1059 2595 οὐρανὸν
1085 2521 1177 2577 τὸν
1205 2521 1471 2594 ἔμψυχον,
1515 2522 1614 2596 τὴν
1647 2523 1964 2595 πολύφωτον

394 2611 635 2682 λυχνίαν,
661 2613 762 2682 τὴν
787 2613 1170 2684 πολυύμνητον
1227 2614 1472 2688 νύμφην,
1525 2615 1627 2687 τὴν
1679 2616 1964 2672 πολύαινον

394 2703 630 2772 μητέρα,
663 2701 763 2773 τὴν
790 2703 1139 2759 θεοπότιστον
1167 2705 1373 2772 ἐλαίαν,
1401 2705 1464 2759 τὸ
1489 2705 1633 2762 θεῖον
1656 2705 1841 2778 ὄχημα
1865 2708 1966 2780 τῆς

392 2789 494 2844 τοῦ
541 2791 800 2862 Ὑψίστου
845 2793 1180 2866 οἰκονομίας,
1213 2794 1314 2866 τὴν
1369 2794 1576 2868 σκηνὴν
1617 2796 1718 2868 τὴν
1776 2796 1963 2868 ἁγίαν,

2060 519 2363 591 appellabat
2410 518 2690 574 clamans:
2719 516 2942 588 Accipe,
3000 531 3034 570 ο
3060 514 3347 580 Zoeharia,
3385 527 3636 571 sanctam

2063 604 2472 660 immaculatam
2505 603 2755 672 ;accipe,
2787 603 3072 665 sacerdos,
3090 604 3473 660 intemeratum
3507 601 3641 658 Ver-

2060 694 2113 750 bi
2171 695 2506 760 thalamum;
2535 695 2740 766 accipe,
2778 709 2812 749 o
2835 695 3120 765 propheta,
3160 694 3498 750 tburibulum
3555 694 3638 747 lu~

2061 784 2142 840 cis
2167 785 2236 840 ab
2289 788 2436 841 omni
2504 787 2735 842 materia
2797 795 3058 852 secretae;
3116 788 3324 857 accipe,
3387 803 3421 841 ο
3463 788 3636 857 iuste,

2063 875 2293 947 ignitum
2345 892 2566 933 currum
2626 877 2916 933 Altissimi.
2984 879 3205 948 Accipe,
3261 892 3297 933 ο
3342 877 3635 947 inculpate,

2062 966 2310 1027 ﬂoridam
2347 969 2530 1034 vitem,
2564 982 2688 1040 quae
2707 981 2981 1023 racemum
3005 976 3223 1022 aeternae
3252 967 3374 1021 vitae
3411 965 3632 1032 eil‘eret;

2065 1059 2366 1114 intromittc
2391 1060 2536 1115 illam
2570 1061 2624 1114 in
2659 1060 2883 1116 intimos
2906 1072 3154 1115 recessus
3182 1059 3365 1129 templi
3395 1057 3634 1125 Domini;

2064 1149 2206 1203 infer
2232 1149 2378 1204 illam
2423 1151 2480 1207 in
2516 1150 2696 1205 locum
2744 1150 3069 1215 sanctuarii,
3123 1150 3266 1220 quod
3324 1149 3638 1206 Altissimus

2065 1240 2118 1294 in
2147 1241 2231 1294 sui
2260 1240 2600 1307 domicilium
2630 1243 2862 1297 secrevit
2890 1257 2906 1306 ;
2940 1242 3186 1297 inducite
3231 1243 3372 1298 hanc
3399 1242 3454 1297 in
3509 1257 3640 1298 san-

2065 1330 2309 1401 ctissime
2340 1333 2667 1401 penetralia,
2707 1348 2830 1403 qua:
2859 1348 2984 1387 mox
3031 1333 3084 1388 in
3123 1343 3277 1389 utero
3298 1350 3420 1389 eum
3456 1344 3639 1404 porta-

2064 1421 2165 1484 bit,
2195 1422 2289 1493 qui
2337 1422 2512 1478 oculis
2572 1424 2722 1478 cerni
2767 1439 2872 1478 non
2925 1433 3135 1494 potem;
3199 1425 3411 1480 beatam
3462 1425 3637 1496 ipsam

2065 1515 2322 1586 praedira,
2351 1530 2475 1585 quae
2502 1515 2691 1570 beatos
2715 1513 2880 1570 ellicit
2914 1530 3108 1570 omnes
3158 1516 3420 1569 mortales
3452 1531 3468 1578 ;
3522 1529 3640 1568 ma-

2067 1605 2260 1677 gniﬁce
2283 1605 2423 1660 hanc
2471 1606 2654 1668 lauda,
2692 1618 2816 1675 qua:
2836 1605 3069 1675 ,prolata
3100 1613 3186 1661 est
3212 1605 3358 1660 velut
3378 1605 3639 1668 divinitus

2067 1697 2408 1768 conscriptus
2464 1697 2601 1752 liber
2662 1696 2993 1767 magnalium
3054 1696 3167 1751 Dei.
3224 1697 3420 1766 Excipe
3474 1696 3639 1762 hanc,

1998 1756 2043 1818 Β
2069 1803 2190 1860 qua:
2222 1804 2252 1844 a
2286 1788 2575 1844 maledicto
2622 1790 2675 1842 in
2729 1788 2958 1858 primam
3008 1797 3286 1858 parentem
3319 1787 3488 1844 Evam
3537 1789 3639 1844 im-

2069 1880 2240 1935 misso
2279 1894 2379 1934 nos
2418 1879 2613 1934 liberat
2642 1894 2659 1944 ;
2693 1879 3052 1950 complectere
3074 1880 3233 1944 hanc,
3257 1894 3379 1949 qua:
3398 1895 3498 1935 nos
3514 1897 3636 1934 cum

2070 1968 2180 2026 Deo
2202 1970 2472 2026 charitate
2521 1970 2817 2042 colligavit,
2877 1979 2933 2027 et
2982 1970 3326 2027 inimicitiam
3372 1972 3640 2040 serpentis

2067 2059 2258 2119 fraude
2285 2060 2560 2118 inductam
2597 2076 2701 2119 suo
2728 2069 2883 2132 partu
2920 2061 3185 2127 abstulit;
3221 2061 3437 2130 implica
3472 2062 3632 2117 istam

2065 2153 2327 2220 brachiis,
2363 2168 2489 2224 quae
2515 2168 2615 2209 nos
2662 2153 2734 2208 ab
2776 2152 3015 2224 implexa
3047 2152 3318 2222 serpentis
3347 2151 3636 2208 abstrahit.

2066 2244 2143 2302 De
2191 2245 2643 2315 hacvaticinare,
2678 2261 2802 2317 quae
2845 2245 3282 2316 propheticorum
3351 2243 3640 2299 vaticinii»

2066 2351 2189 2392 rum
2245 2336 2683 2408 implementum,
2744 2338 3160 2407 divinarumque
3213 2335 3637 2406 promissionum

2065 2431 2451 2502 compendium
2484 2431 2539 2486 in
2564 2431 2884 2488 seexltibet.
2917 2430 3039 2501 Ipsa
3090 2444 3281 2485 mensa
3322 2427 3492 2484 divini
3543 2443 3642 2497 pa-

2063 2520 2172 2585 nis,
2202 2522 2389 2577 vinum
2414 2521 2744 2586 exhilarans,
2779 2523 2937 2578 cibus
2966 2522 3260 2594 gratuitos,
3293 2520 3545 2576 columba
3578 2523 3643 2574 il—

2066 2612 2258 2677 libata,
2329 2613 2529 2669 coelum
2589 2614 2917 2677 animatum,
2983 2613 3195 2684 lampas
3249 2612 3408 2669 valde
3457 2611 3639 2678 rutila,

2063 2712 2261 2769 sponsa
2295 2700 2480 2757 multis
2526 2701 2749 2773 hymnis
2782 2702 3076 2766 celebrata,
3107 2710 3282 2759 mater
3313 2701 3497 2758 multis
3529 2703 3643 2758 Iau-

2063 2788 2225 2847 dibus
2284 2800 2505 2859 ornata,
2557 2793 2701 2849 oliva
2762 2794 3024 2851 divinitus
3077 2795 3327 2867 irrigata,
3384 2795 3636 2851 divinum

393 2874 494 2945 τὴν
547 2874 772 2947 λυχνίαν
824 2878 924 2950 τὴν
974 2879 1385 2952 θεοχάλκευτον,
1442 2883 1542 2956 τὴν
1596 2883 1813 2956 ἀμνάδα
1860 2886 1965 2958 τὴν

2069 2879 2375 2938 vehiculum
2405 2882 2836 2954 dispensationis
2875 2885 3163 2950 Altissimi,
3231 2886 3640 2943 tabernaculum

391 2963 639 3034 λογικὴν.
670 2966 733 3021 τὸ
786 2968 1095 3043 ἱλαστήριον
1117 2969 1212 3025 τοῦ
1255 2970 1414 3039 Θεοῦ,
1441 2970 1503 3026 τδ
1560 2973 1845 3046 κειμήλιον
1902 2973 1967 3030 τὸ

2069 2979 2343 3039 sanctum,
2393 2973 2780 3030 candelabrum
2815 2992 2846 3031 a
2881 2975 2992 3033 Deo
3061 2976 3443 3044 fabrefactum,
3501 2993 3643 3050 agna

392 3052 625 3119 ἔνδοξον,
657 3054 757 3126 τὴν
783 3054 1065 3126 σάλπιγγα
1091 3057 1192 3128 τὴν
1215 3057 1437 3130 εὔηχον,
1463 3059 1527 3114 τδ
1552 3060 1698 3115 πῖον
1717 3060 1846 3132 ὅρος
1866 3061 1963 3117 καὶ

2069 3062 2367 3126 rationalis.
2423 3065 2864 3136 propitiatorium
2940 3065 3056 3129 Dei.
3096 3082 3193 3122 vas
3236 3068 3638 3128 inaestimabile.

397 3146 820 3215 τετυρωμένον,
847 3147 938 3201 τὸν
965 3147 1110 3202 θεῖον
1135 3149 1325 3216 πόκον,
1350 3149 1452 3222 τὴν
1491 3150 1782 3224 θεόόρυτον
1812 3153 1966 3225 νεφέ-

2069 3151 2361 3209 thesaurus
2394 3152 2747 3220 honoriﬁcus,
2778 3153 2908 3212 tuba
2947 3158 3189 3213 suaviter
3239 3172 3461 3220 sonans,
3485 3171 3643 3214 mons

393 3233 514 3304 λην,
544 3234 644 3306 τὴν
665 3236 819 3291 πόλιν
839 3237 938 3308 τὴν
959 3238 1177 3310 ἔντιμον
1198 3280 1215 3306 ,
1239 3241 1300 3295 τὸ
1330 3242 1521 3314 νοητὸν
1546 3243 1966 3317 καταπέτασμα,

2069 3243 2281 3315 pinguis
2311 3253 2362 3299 et
2391 3246 2705 3317 coagulum:
2733 3245 2798 3313 “,
2829 3247 3076 3307 divinum
3110 3249 3306 3311 vellus,
3330 3249 3502 3304 nubes
3533 3248 3645 3305 Deo

396 3325 487 3380 τὸν
546 3325 894 3392 θεολάξευτον
919 3326 1136 3400 λύχνον,
1179 3329 1279 3402 την
1302 3331 1549 3404 κλίμακα
1575 3331 1645 3386 δι’
1665 3328 1735 3407 ἧς
1757 3336 1788 3389 ό
1833 3335 1970 3391 Κτί-

398 3433 532 3488 στης
573 3421 687 3482 τοῖς
720 3418 934 3491 βροτοῖς
957 3420 1277 3494 ὀφθήσεται,
1307 3421 1408 3494 τὴν
1444 3421 1634 3494 κλίνην
1656 3424 1758 3497 τὴν
1784 3425 1967 3494 ἁγίαν,

395 3507 456 3562 τὸ
501 3507 709 3580 δοχεϊον
771 3510 872 3580 τῆς
922 3509 1309 3582 χρηστότητος,
1369 3510 1471 3584 τὴν
1517 3511 1628 3567 τῶν
1678 3512 1970 3587 θαυμάτων

394 3598 652 3664 ἄϐυσσον,
679 3600 782 3673 την
819 3601 1005 3674 πηγὴν
1031 3601 1142 3656 τῶν
1167 3601 1410 3670 ἀγαθῶν,
1451 3602 1546 3658 τὸν
1573 3603 1772 3660 ἄσυλον
1803 3601 1969 3661 πλοῦ-

392 3704 508 3757 τον,
545 3691 647 3762 τὴν
676 3691 1024 3764 πολυώνυμοκ
1071 3692 1167 3748 καὶ
1193 3693 1582 3749 πολυποίκιλον
1621 3695 1718 3749 καὶ⁸
1737 3696 1974 3768 ἀειπαρ-

390 3781 550 3836 θένον
581 3782 865 3839 Θεοτόκον.
895 3783 1116 3856 Ταύτην
1138 3785 1404 3856 είσάγαγε
1428 3786 1511 3851 είς
1540 3785 1612 3841 τά
1635 3786 1808 3856 ’Δγια
1861 3787 1973 3843 τῶν

402 3873 594 3942 ἁγίων,
625 3873 831 3963 ταύτην
877 3875 1197 3947 προσάγαγε
1249 3876 1331 3948 τῷ
1378 3875 1614 3948 βασιλεῖ,
1671 3877 1747 3943 ὡς
1801 3876 1975 3953 δῶρον

407 3965 722 4038 πολύτιμον,
749 3967 950 4037 ταύτην
970 3967 1184 4022 αἴνεσον
1205 3964 1280 4032 ὡς
1319 3967 1566 4040 βασιλίδα
1589 3969 1691 4039 τῆς
1719 3968 1971 4046 κτίσεως,

404 4055 608 4127 ταύτην
650 4057 993 4128 εύτρέπισον,
1031 4057 1109 4122 ὡς
1136 4059 1398 4114 παλάτιον
1425 4059 1521 4114 τοῦ
1564 4059 1972 4127 παντάνακτος,

398 4145 603 4218 ταύτην
633 4146 1022 4220 ύμνολόγησον,
1053 4149 1154 4221 τὴν
1183 4149 1374 4204 πασῶν
1396 4149 1507 4204 τῶν
1559 4151 1844 4223 παρθένων
1867 4150 1974 4221 φύ-

397 4236 543 4291 λακα
572 4238 770 4295 ἄσυλον
791 4255 805 4270 '
835 4239 1041 4312 ταύτην
1087 4242 1516 4314 κατασκήνωσον
1548 4243 1630 4307 εἰς
1660 4242 1790 4296 ναὸν
1848 4259 1968 4313 χει-

401 4327 686 4400 ροποίητον
708 4329 808 4401 τὴν
838 4330 1143 4402 γενομένην
1177 4330 1304 4386 ναὸν
1359 4330 1603 4403 ἔμψυχον
1655 4332 1750 4387 τοῦ
1795 4334 1972 4402 Λόγου

401 4421 580 4473 πάντα
591 4436 827 4493 τεκτηνα
835 4423 998 4491 μένου
1005 4461 1020 4477 .

468 4510 545 4566 Θ’.
577 4507 745 4568 Δῦται
769 4513 863 4566 τοῦ
901 4511 1160 4583 Ἰωακεὶμ
1179 4513 1274 4566 καὶ
1325 4513 1425 4584 τῆς
1481 4514 1680 4584 Ἀννης
1746 4515 1804 4569 αί
1831 4531 1970 4587 χαρο

401 4605 622 4675 μονικαὶ
645 4604 948 4675 δοξολογίαι
973 4621 989 4636 ο
1022 4598 1187 4660 αὗται
1207 4605 1307 4676 τῆς
1348 4605 1700 4676 εὐχαριστίας
1727 4602 1786 4660 ἀί
1813 4609 1976 4680 ὑμνο-

396 4696 617 4766 λογικαὶ
645 4695 929 4767 θεηγορίαι
969 4712 986 4726 ο
1013 4689 1177 4751 αὗται
1205 4695 1343 4768 πρὸς
1387 4696 1480 4750 τὸν
1530 4698 1818 4768 προφήτην
1868 4700 1973 4755 Ζα-

399 4786 598 4858 χαρίαν
625 4788 683 4841 αἱ
710 4786 1180 4858 παρρησιαστικαὶ
1204 4786 1507 4858 μαρτυρίαι
1537 4802 1550 4816 ·
1579 4785 1703 4842 ὅθεν
1726 4789 1756 4842 ό
1788 4788 1971 4860 ἱερεὺς

397 4879 473 4944 tit;
506 4881 792 4950 προφήτης
821 4878 977 4943 Θεοῦ,
1004 4879 1098 4932 καὶ
1127 4877 1198 4932 τὰ
1222 4877 1334 4932 τῶν
1365 4877 1536 4947 ἁγίων
1562 4879 1728 4948 ’Ἅγια
1750 4881 1810 4933 ὲν
1841 4881 1973 4951 μεθ·

396 4971 507 5036 έξει
528 4970 666 5024 Θεοῦ
714 4969 983 5034 καθελὼν,
1011 4969 1157 5039 ὀρῶν
1198 4970 1300 5040 τῆς
1330 4969 1613 5040 Παρθένου
1656 4969 1752 5024 τοῦ
1779 4968 1967 5042 ὄμμαο

396 5079 489 5126 τος
516 5062 617 5132 τὴν
665 5061 952 5132 καλλονὴν,
1015 5060 1113 5115 τοῦ
1162 5061 1460 5134 προσώπου
1497 5060 1560 5114 τὸ
1605 5060 1828 5134 ὡραῖον,
1871 5066 1972 5136 τῆς

396 5150 645 5226 γλώττης
675 5153 772 5224 τὴν
809 5153 1036 5220 αἴνεσιν,
1068 5153 1168 5224 τῆς
1207 5153 1388 5224 ψυχῆς
1415 5153 1515 5224 τὴν
1543 5154 1844 5222 εὐγένειαν,
1875 5154 1971 5212 τοῦ

398 5244 516 5314 βίου
548 5245 612 5297 τὸ
636 5246 947 5316 ἄμεμπτον,
999 5245 1110 5298 τῶν
1143 5244 1322 5298 ποδῶν
1351 5246 1410 5298 τὸ
1449 5244 1716 5317 βάδισμα,
1746 5247 1846 5318 τὴν
1869 5265 1970 5301 κα-

395 5335 660 5407 ταστολὴν
697 5336 791 5390 τοῦ
822 5336 1008 5409 ἤθους,
1055 5337 1149 5390 τοῦ
1189 5340 1464 5407 σχήματος
1485 5338 1968 5410 τὴνεύπρέπειαν,

396 5426 716 5498 Πνεύματος
781 5428 936 5496 ἀγίου
1013 5427 1293 5497 πλησθεὶς,
1347 5426 1633 5500 ἐξεϐόησεν
1664 5445 1680 5460 ο
1711 5425 1783 5482 Ὦ
1833 5429 1971 5500 κόρη

395 5517 629 5586 ἀμιαντε
650 5534 666 5549 ·
695 5512 741 5572 ὦ
764 5517 1003 5588 παρθένε
1040 5517 1310 5588 ἀμόλυντε
1340 5535 1353 5548 ·
1403 5513 1449 5571 ὦ
1470 5521 1649 5584 νεᾶνις
1681 5519 1933 5588 πάγκαλε
1954 5537 1968 5552 ·

397 5603 443 5664 ὦ
475 5609 748 5678 γυναικῶν
777 5609 1054 5681 ἀγλάϊσμα
1080 5626 1093 5639 ·
1131 5603 1176 5664 ὦ
1205 5609 1519 5680 θυγατέρων
1559 5611 1924 5682 καὶλώπισμα
1950 5630 1964 5643 ο

474 5772 519 5805 ⁸⁸
566 5773 711 5829 Psal.
741 5789 914 5854 txvn,
941 5775 993 5831 7.

2069 3329 2288 3400 referta,
2316 3333 2449 3390 urbs
2473 3334 2819 3404 admiranda,
2853 3336 3084 3394 aulaeum
3121 3337 3388 3409 spiritale,
3420 3339 3646 3395 lucerna

2068 3420 2330 3503 divinitus
2350 3437 2582 3489 excusa,
2609 3426 2757 3482 scala
2781 3440 3061 3497 perquam
3101 3425 3440 3482 descendens
3475 3426 3647 3482 Crea-

2073 3521 2156 3568 tor
2181 3513 2326 3570 inter
2357 3513 2608 3572 homines
2636 3517 2930 3581 videbitur,
2962 3517 3146 3574 cubile
3189 3525 3465 3581 sanetum,
3527 3531 3646 3588 gra-

2072 3603 2163 3669 tiae
2193 3607 2620 3676 receptaculum,
2657 3609 3049 3664 miraculorum
3078 3609 3330 3681 abyssus,
3371 3609 3492 3665 fons
3541 3609 3644 3664 lto-

2072 3709 2292 3760 norum,
2319 3696 2630 3752 divitiarum
2656 3700 2812 3768 copia
2844 3698 3197 3764 inviolabilis,
3245 3699 3432 3756 multis
3471 3701 3648 3755 nomi-

2073 3776 2237 3843 nibus
2265 3793 2430 3858 atque
2479 3786 2700 3843 dotibus
2726 3788 3001 3860 insignata
3026 3800 3084 3845 et
3108 3804 3324 3860 semper
3353 3789 3520 3862 Virgo
3551 3789 3645 3849 Dei

2074 3885 2268 3935 mater.
2301 3876 2454 3934 lianc
2478 3879 2811 3936 introducito
2831 3880 2884 3934 in
2916 3876 3119 3936 Sancta
3137 3889 3476 3948 sanctorum,
3508 3882 3649 3937 hanc

2074 3969 2187 4041 regi
2218 3966 2412 4025 alierto
2444 3978 2705 4042 tanquam
2729 3970 3188 4042 pretiosissimum
3217 3973 3447 4038 donum,
3506 3971 3648 4026 hana:

2074 4060 2238 4116 lauda
2261 4060 2409 4117 velut
2442 4060 2689 4132 reginam
2719 4061 3094 4117 universitatis
3119 4076 3325 4128 rerum,
3351 4062 3493 4117 hanc
3538 4078 3640 4132 ap-

2074 4168 2204 4224 para
2235 4160 2298 4208 ut
2326 4152 2592 4224 palatium
2620 4152 2767 4224 regis
2794 4152 3198 4218 universorum,
3250 4153 3391 4208 hanc
3426 4153 3649 4224 hymnis

2080 4243 2280 4297 extolle
2314 4253 2374 4297 ut
2420 4249 2597 4297 tutum
2644 4239 2960 4312 pmsidium
3019 4240 3267 4295 omnium
3331 4240 3602 4311 virginum
3632 4280 3648 4301 .

2074 4330 2204 4386 huic.
2237 4331 2421 4386 sedem
2447 4333 2501 4386 in
2535 4331 2736 4401 templo
2766 4330 3091 4388 manufacto
3121 4331 3324 4403 praebe,
3365 4345 3488 4402 qua
3515 4339 3650 4387 tem-

2005 4422 2048 4477 D
2075 4422 2226 4492 plum
2261 4422 2562 4477 animatum
2590 4430 2676 4478 est
2711 4420 2872 4478 Verbi
2922 4423 3170 4479 omnium
3193 4423 3512 4479 conditoris.

2147 4512 2240 4569 IX.
2273 4514 2368 4569 Hae
2396 4513 2619 4570 fuerunt
2645 4513 2715 4568 ab
2745 4510 3032 4568 Joacltimo
3058 4521 3114 4569 et
3139 4514 3298 4569 Anna
3320 4513 3482 4570 editae
3509 4513 3649 4570 laeta:

2077 4605 2516 4679 praedicationes,
2542 4605 2625 4664 liae
2654 4604 2763 4661 Deo
2789 4604 3015 4662 redditae
3038 4620 3164 4660 cum
3187 4607 3489 4678 gratiarum
3551 4622 3649 4663 aco

2079 4698 2228 4754 tione
2257 4696 2621 4759 laudationes,
2655 4696 2739 4750 itte
2762 4695 2902 4765 apud
2946 4696 3270 4766 prophetam
3328 4695 3652 4752 Zachariam

2077 4787 2219 4842 datae
2267 4799 2483 4841 summa
2545 4800 2668 4840 eum
2720 4783 2917 4839 ﬁducia
2975 4783 3408 4841 testiﬁcationes.
3471 4784 3654 4852 Quare

2079 4876 2357 4938 sacerdos,
2386 4886 2446 4931 ut
2484 4875 2574 4931 Dei
2626 4876 2913 4946 propheta,
2953 4875 3159 4946 quique
3210 4886 3402 4932 tenens
3454 4879 3652 4933 Sancta

2075 4975 2388 5025 sanctorum
2424 4955 2693 5039 particeps
2719 4966 2814 5024 Dei
2855 4977 2994 5035 erat,
3056 4969 3277 5025 intuens
3335 4970 3390 5025 in
3438 4968 3654 5039 Virgine

2075 5070 2327 5132 aspectus
2353 5060 2834 5132 pulchritudinem,
2886 5062 3070 5119 vultus
3107 5063 3387 5126 decorem,
3457 5062 3652 5129 linguae

2079 5154 2423 5218 modestiam,
2483 5152 2651 5208 animi
2722 5154 3084 5220 nobilitatem,
3150 5155 3274 5209 vita:
3317 5152 3650 5222 inculpatum

2075 5249 2264 5310 decus,
2298 5245 2497 5317 pedum
2547 5246 2845 5310 incessum,
2903 5262 3117 5301 morum
3173 5243 3649 5312 compositionem,

2076 5338 2382 5392 decentiam
2409 5336 2647 5400 habitus,
2679 5340 2862 5394 alllatu
2891 5339 3066 5394 sancti
3097 5337 3338 5408 Spiritus
3384 5346 3650 5406 concepto

2074 5427 2404 5484 exclamavit
2443 5445 2458 5482 :
2506 5425 2550 5481 0
2580 5428 2756 5498 puella
2788 5427 3161 5492 immaculata,
3193 5440 3228 5480 o
3258 5426 3414 5496 virgo
3450 5425 3648 5495 impol-

2071 5520 2206 5582 luta,
2226 5519 2672 5575 oadolcscentula
2691 5517 3093 5582 venustissima,
3122 5531 3157 5571 θ
3178 5516 3467 5573 mulierum
3486 5532 3646 5570 orna-

2075 5621 2340 5678 mentum,
2385 5612 2615 5668 tiliat'um
2662 5611 2826 5677 nitor,
2862 5625 2895 5664 o
2924 5619 3097 5665 mater
3128 5606 3292 5681 Virgo
3348 5618 3555 5695 sancta,
3592 5618 3646 5664 tu
