3936 6212
417 247 546 314 1491

1495 258 1556 318 S.
1581 255 1888 318 TABASII
1923 250 2426 314 ΡΑἸἮῙΑΒΟΗᾸΞ
2466 253 2576 316 CP.

3531 249 3666 319 iifl!

411 359 696 416 benedicta
721 361 862 418 inter
893 364 1168 428 mulieres,
1195 373 1251 420 ιιι
1290 365 1560 421 celebrata
1589 376 1808 438 propter
1828 366 1976 418 inno-

2083 356 2128 415 ὦ
2157 363 2332 435 μῆτερ
2359 365 2603 432 Παρθένε
2633 365 2782 433 άγία,
2823 362 2911 423 σὺ.
2947 364 3286 436 εὐλογημένη
3307 365 3365 419 έν
3401 367 3633 434 γυναιξί
3651 387 3664 396 ·

410 453 670 520 centiam,
703 462 758 510 tu
790 455 1075 527 obsignata
1107 455 1462 528 virginitate;
1497 468 1552 511 tu
1581 458 1774 512 Adami
1805 456 1976 510 malc-

408 544 539 599 dicti
569 546 831 614 expiatio,
871 555 927 601 tu
959 547 1128 602 debiti
1156 547 1282 604 Eva:
1318 547 1553 615 solutio;
1588 555 1645 602 tu
1678 548 1860 603 Abelis
1875 562 1978 618 pu-

415 635 635 689 rissima
663 635 890 700 oblatio,
919 639 1404 707 primogenitorum
1433 639 1679 695 delectus
1697 638 1762 702 "',
1785 639 1980 692 imma-

405 728 646 780 culatum
679 728 1006 784 sacriﬁcium
1033 747 1048 794 ;
1080 739 1136 784 tu
1165 731 1313 785 Setbi
1347 739 1490 785 recta
1517 730 1803 800 disciplina
1826 730 1872 761 ¹⁶
1902 736 1980 797 (ιιι

405 825 731 884 conceptum
760 817 816 871 in
849 829 1003 873 utero
1029 820 1121 873 Dei
1145 821 1312 876 ﬁlium
1330 823 1510 892 paries
1538 823 1656 878 sine
1683 821 1978 892 dolore");

405 918 460 960 ιιι
495 906 643 962 Enos
663 908 715 962 in
736 909 902 964 Deum
935 928 1060 982 spes
1091 928 1198 968 non
1228 915 1434 983 pudore
1451 913 1656 969 sull‘nsa
1679 933 1696 978 ;
1717 925 1773 969 tu
1797 913 1978 969 Enocb

406 997 542 1052 inita
582 999 754 1068 gratia
800 1002 936 1056 etin
1001 1019 1250 1058 securam
1309 1005 1474 1058 vitam
1540 1003 1834 1073 migratio;
1922 1013 1979 1057 tu

405 1087 615 1146 Noachi
641 1108 789 1159 arca,
817 1102 872 1147 et
900 1096 1152 1150 secundae
1180 1096 1607 1165 regenerationis
1632 1096 1775 1164 apud
1807 1094 1978 1149 Deum

407 1184 761 1251 conciliatio;
795 1196 851 1240 ιιι
894 1188 1044 1258 regni
1100 1196 1155 1242 et
1215 1187 1508 1242 sacerdotii
1564 1185 1979 1242 Melchisedechi

409 1272 738 1339 perillustris
763 1274 1056 1343 splendor;
1103 1287 1157 1329 tu
1187 1276 1480 1330 Aiirabami
1519 1274 1675 1329 ﬁrma
1708 1275 1901 1329 ﬁducia
1927 1285 1977 1329 et

409 1363 794 1429 promissionis
835 1364 1035 1420 futurae
1082 1367 1418 1436 posteritatis
1441 1366 1750 1436 obsequens
1802 1366 1974 1432 ﬁdes;

333 1457 336 1461 ‘
413 1460 470 1504 ιιι
497 1450 662 1507 lsaaci
691 1468 892 1508 novum
947 1456 1279 1511 sacrilicium
1309 1467 1362 1512 et
1394 1457 1662 1513 rationale
1715 1457 1978 1512 holocau-

409 1550 553 1596 stum
583 1560 598 1608 ;
627 1552 686 1598 tu
719 1541 906 1599 Jacobi
923 1545 988 1600 in
1025 1548 1228 1602 scalam
1261 1563 1523 1602 ascensus
1583 1561 1768 1612 causa,
1803 1557 1857 1602 et
1905 1548 1978 1601 leo

408 1633 704 1690 ctmdilatis
730 1634 784 1689 in
799 1635 1082 1702 duodeejm
1103 1636 1279 1692 tribus
1297 1638 1672 1706 permanantis
1693 1638 1976 1708 expressio

409 1723 790 1790 nobilissima;
825 1737 880 1780 tu
927 1725 1082 1782 Iudae
1131 1727 1432 1800 apparuisti
1489 1729 1788 1784 secundum
1845 1729 1976 1784 stir-

397 1821 528 1880 ‘pem
588 1813 695 1867 lilia
733 1831 748 1876 ;
781 1824 838 1868 tu
864 1813 1084 1887 Josepbi
1112 1817 1390 1886 pudicitia,
1421 1827 1477 1873 et
1505 1821 1702 1876 veteris
1733 1818 1975 1891 Egypti.

418 1902 674 1958 nimirum
713 1903 1012 1978 Synagogae
1063 1907 1397 1974 Iudaeorum,
1427 1911 1660 1974 eversio,
1685 1924 1718 1964 ο
1778 1911 1975 1964 imma-

407 1994 582 2048 culala
607 2011 621 2058 ;
659 2005 714 2049 tu
737 1993 860 2050 Jobi
889 1997 942 2050 in
973 1998 1366 2054 tentationibus
1393 1998 1668 2067 patientia:
1697 1996 1971 2068 perfectio

407 2095 463 2139 et
493 2086 759 2140 bonorum
795 2088 917 2158 eius
951 2088 1005 2143 in
1036 2089 1260 2159 duplum
1296 2090 1568 2145 restitutio
1601 2103 1666 2144 ac
1707 2089 1976 2144 ditissima

405 2179 597 2247 cepia;
629 2187 686 2233 tu
731 2179 934 2252 Moysis
985 2181 1214 2251 ejusque
1248 2181 1602 2252 Legislatoris
1635 2181 1776 2237 liber
1831 2181 1972 2236 divi-

408 2270 558 2326 nitus
587 2273 950 2328 concinnatus
976 2315 991 2340 ,
1023 2273 1077 2326 in
1109 2287 1220 2343 quo
1253 2273 1520 2343 scriptum
1551 2281 1634 2328 est
1657 2287 1977 2329 sacramen-

408 2371 520 2415 tum
553 2364 1004 2432 regeneralionis,
1042 2373 1096 2419 et
1122 2363 1322 2420 divinis
1371 2364 1556 2435 digitis
1607 2363 1880 2435 insculpta
1921 2365 1974 2418 in

406 2455 609 2510 tabulis
635 2457 722 2511 lex
771 2466 855 2511 est
879 2465 1140 2526 tanquam
1177 2457 1233 2510 in
1262 2464 1448 2511 monte
1494 2455 1648 2520 Sina,
1679 2455 1772 2511 ubi
1797 2469 1974 2511 novus

407 2545 572 2601 israel
605 2545 675 2600 ab
721 2545 1140 2617 intelligibilium
1169 2545 1551 2618 Egyptiorum
1581 2549 1846 2602 servitute
1866 2547 1979 2602 vin-

407 2635 696 2699 dicaliitur,
737 2639 1196 2705 quemadmodum
1239 2641 1498 2708 antiquus
1525 2639 1761 2709 populus
1784 2640 1839 2694 in
1885 2654 1977 2694 so-

407 2726 634 2782 litudine
673 2744 873 2784 manna
901 2738 956 2783 et
988 2745 1129 2798 aqua
1179 2731 1246 2785 de
1295 2745 1490 2800 aspera
1545 2739 1700 2800 petra
1747 2731 1978 2787 satiatus

405 2827 510 2883 est,
552 2827 700 2888 petra
729 2828 902 2872 autem
931 2831 1044 2874 erat
1073 2817 1314 2874 Christus
1339 2821 1382 2854 ³⁸
1402 2838 1418 2886 ;
1439 2835 1471 2874 e
1500 2829 1595 2875 tuo
1627 2822 1836 2890 gremio
1857 2836 1980 2888 pro-

405 2910 619 2965 diturus
647 2921 900 2981 tanquam
945 2928 1167 2982 sponsus
1202 2929 1235 2966 a
1265 2913 1500 2967 thalamo
1527 2913 1602 2982 ";
1653 2923 1712 2968 ιιι
1744 2913 1977 2970 Aaronis

408 2998 555 3096 virga
583 2999 915 3096 ﬂorescens;
965 3011 1024 3056 tu
1051 2999 1235 3096 Jesum
1267 3000 1417 3096 Nave
1441 3001 1612 3056 ﬁlium
1633 3003 1722 3096 ‘in
1750 3095 1755 3096 γ
1781 3002 1976 3096 mediis
2005 3040 2047 3096 ο

405 3092 728 3148 adversariis
754 3092 1054 3164 gloriosum
1089 3094 1411 3160 reddidisti;
1444 3103 1499 3148 tu
1529 3109 1590 3150 es
1630 3093 1850 3149 Davidis
1903 3093 1968 3148 ﬂ-

409 3184 500 3246 lia,
534 3182 756 3252 ﬁmbriis
809 3185 986 3238 aureis
1011 3184 1421 3246 circumvestita,
1457 3185 1604 3238 vario
1651 3195 1846 3238 ornatu
1896 3184 1976 3236 ni-

407 3287 604 3330 tescens
633 3275 702 3344 ⁸⁸,
731 3287 788 3330 ιιι
810 3275 976 3332 lectus
1017 3277 1316 3332 Salomonis
1337 3292 1402 3332 ex
1431 3291 1566 3332 auro
1597 3275 1796 3338 factus.
1824 3292 1974 3345 quem

406 3368 681 3436 sexaginta
721 3367 822 3420 viri
854 3355 1132 3436 fortissimi
1165 3368 1495 3422 circumdant
1525 3367 1594 3431 “,
1627 3367 1864 3422 musicas
1885 3381 1978 3420 vo-

407 3473 498 3510 ces
527 3457 839 3510 divinarum
872 3457 1281 3526 Scripturarum
1307 3457 1360 3510 in
1423 3457 1531 3512 Deo
1579 3457 1708 3512 tuba
1773 3471 1978 3512 canen-

408 3559 524 3614 tes;
559 3548 810 3602 ascensio
839 3562 900 3602 es
924 3548 1314 3618 assumptionis
1359 3545 1512 3613 Eliaa,
1541 3557 1596 3604 et
1627 3548 1980 3620 intelligibilis

405 3637 669 3694 chabelis
701 3638 949 3714 exitium.
980 3637 1064 3695 Τιι
1095 3640 1272 3696 ΕΙίειεὶ
1297 3640 1532 3710 duplicis
1568 3640 1721 3713 pallii
1758 3642 1979 3699 benedi-

407 3731 537 3794 ctio,
593 3747 702 3801 qua
732 3731 822 3785 ille
854 3731 1042 3787 divisit
1067 3730 1269 3790 ﬂuenta
1290 3731 1548 3791 Iordanis
1573 3744 1628 3790 et
1657 3735 1822 3792 siccis
1878 3751 1974 3808 pe-

405 3821 566 3877 dibus
595 3823 833 3884 transiit.
865 3831 920 3878 et
949 3829 1148 3894 aquam
1193 3827 1308 3880 sale
1333 3827 1660 3882 medicatam
1688 3827 1755 3882 ad
1784 3827 1974 3883 biben-

404 3917 532 3966 dum
559 3924 740 3984 aptam
771 3915 1037 3982 reddidit;
1063 3925 1120 3971 tu
1149 3915 1302 3972 Jonas
1325 3919 1382 3971 in
1433 3919 1535 3973 ceti
1588 3926 1780 3974 ventre
1817 3920 1971 3976 inco-

380 4005 1048 4070 lumitas,etNinivitarum
1070 4006 1137 4062 ad
1167 4006 1397 4063 meliora
1429 4008 1658 4065 consilia
1685 4012 1972 4068 conversio

402 4111 465 4147 uc
491 4095 721 4164 benigna
750 4096 927 4152 venia.

2083 454 2148 506 σὺ
2186 453 2546 526 δεδοξασμένη
2587 458 2653 527 τῇ
2717 456 2952 526 ἁγνείᾳ·
3011 459 3076 514 σὺ
3121 456 3550 526 ἐσφραγισμένη
3601 458 3664 525 τῇ

2085 543 2356 617 παρθενίᾳ
2385 561 2400 576 ·
2432 548 2496 600 σὺ
2519 547 2614 600 τοῦ
2657 548 2833 616 Ἀδάμ
2853 548 2952 616 τῆς
2976 547 3224 616 κατάρας
3265 549 3300 616 ἡ
3349 546 3523 607 λύσις
3549 564 3564 576 ·
3601 545 3661 598 σὺ

2081 636 2181 706 τῆς
2212 635 2356 700 Εὔας
2377 637 2474 691 τοῦ
2498 639 2812 709 ὀφλήματος
2832 640 2866 708 ἡ
2897 639 3174 710 πλήρωσις
3199 636 3240 669 ·’
3263 639 3327 692 σὺ
3354 637 3461 690 τοῦ
3503 637 3660 690 ’Δῦεὶ

2082 728 2116 798 ὴ
2149 728 2510 800 καθαρωτάτη
2541 729 2846 800 προσφορὰ,
2875 730 2969 782 καὶ
3011 729 3371 800 πρωτοτόκων
3405 728 3668 799 πρόθεσις

2083 817 2288 880 ἄκακος
2327 818 2488 870 θυσία
2511 831 2525 846 ·
2577 820 2641 872 σὺ
2664 819 2760 872 τοῦ
2817 817 2926 890 Σὴθ
2956 822 2989 889 ι)
3035 818 3464 888 κατακόσμησις
3495 832 3512 846 ·
3557 816 3664 888 [σὺ

2081 907 2172 960 τὸν
2203 907 2332 961 Υίδν
2359 907 2453 961 τοῦ
2484 907 2622 962 Θεοῦ
2660 909 2720 962 ἑν
2747 909 2948 980 γαστρὶ
2985 908 3320 978 βαστάσασα,
3377 907 3668 977 ὡδινήσεις

2081 999 2301 1062 ἀπόνως
2403 1000 2467 1053 σὺ
2497 999 2593 1054 τοῦ
2658 999 2824 1064 Ἐνὼς
2847 1001 2907 1052 ὲν
2936 999 3057 1068 Θεῷ
3083 999 3236 1062 ἐλπὶς
3284 997 3663 1066 ἁκαταίσχυν-

2080 1107 2213 1154 τοςο
2259 1090 2323 1144 σὺ
2360 1091 2456 1146 τοῦ
2504 1071 2672 1160 Ἑνὼχ
2702 1093 2736 1162 ἡ
2788 1090 3170 1160 εὐαρέστησις,
3226 1091 3323 1142 καὶ
3361 1087 3512 1158 πρὸς
3579 1088 3666 1140 τὸν

2080 1182 2276 1236 ἄσυλον
2297 1180 2415 1252 βίον
2471 1183 2800 1252 μετάστασις
2829 1198 2844 1212 ο
2879 1183 2945 1236 σὺ
2990 1181 3084 1235 τοῦ
3139 1180 3258 1234 Νῶε
3302 1182 3339 1250 ἡ
3401 1180 3660 1246 κιϐωτὸς,

2081 1273 2176 1328 καὶ
2205 1276 2307 1344 τῆς
2325 1273 2585 1344 δευτέρας
2606 1271 3028 1342 παλιγγενεσίας
3053 1273 3087 1342 ἡ
3123 1270 3262 1342 πρὸς
3285 1270 3428 1324 Θεὸν
3449 1269 3660 1322 οίκείω-

2083 1381 2167 1424 σις
2190 1380 2205 1394 ·
2238 1365 2304 1418 σὺ
2333 1363 2425 1416 τοῦ
2453 1363 2784 1434 Μελχισεδὲκ
2809 1363 2907 1434 τῆς
2921 1363 3198 1433 βασιλείας
3247 1363 3348 1416 καὶ
3387 1361 3660 1430 ίερατείας

2079 1454 2356 1526 ἀγλάϊσμα
2385 1443 2690 1526 πάμφωτον
2715 1470 2730 1484 ο
2759 1454 2826 1508 σὺ
2855 1453 2950 1507 τοῦ
2992 1454 3248 1524 Ἀϐραὰμ
3296 1454 3334 1522 ὴ
3365 1451 3654 1513 πίστωσις,

2081 1548 2178 1601 καὶ
2214 1549 2312 1620 τῆς
2335 1546 2670 1616 ἐπαγγελίας
2693 1548 2790 1601 καλ⁸
2815 1545 3159 1614 τεκνογονίας
3204 1545 3459 1616 ὑπήκοος
3507 1541 3658 1596 πειθ-

2078 1639 2310 1710 άρχησις
2341 1655 2358 1670 '
2395 1639 2460 1695 σὺ
2503 1639 2598 1692 τοῦ
2648 1638 2836 1692 Ἰσαὰκ
2877 1639 3039 1708 καινὴ
3087 1637 3272 1699 θυσία,
3324 1639 3426 1688 καὶ
3474 1635 3538 1688 τὸ
3573 1635 3656 1688 λο-

2078 1731 2232 1798 γικὸν
2264 1729 2626 1800 ὁλοκαύτωμα
2647 1747 2662 1762 ·
2697 1730 2760 1782 σὺ
2787 1728 2882 1783 τοῦ
2924 1727 3119 1782 Ἰακὼὸ
3157 1729 3258 1796 τῆς
3309 1729 3374 1779 ἐν
3431 1727 3656 1798 κλίμακι

2077 1821 2266 1876 ἀνόδου
2330 1820 2503 1883 αίτία,
2553 1824 2654 1892 τῆς
2718 1819 3096 1887 δωδεκαφύλου
3137 1817 3498 1886 τεκνογονίας
3568 1819 3652 1870 έκ-

2078 1914 2402 1984 σφράγισμα
2441 1915 2724 1983 μέγιστον’
2751 1913 2816 1966 σὺ
2854 1911 2950 1964 τοῦ
2989 1910 3156 1964 Ἰούδα
3183 1911 3444 1980 πέφηνας
3467 1911 3501 1980 ἠ
3522 1909 3649 1962 κατὰ

2074 2001 2233 2068 γένος
2254 1999 2502 2072 θυγάτηρ
2529 2016 2542 2030 ·
2578 2001 2643 2054 σὺ
2678 1999 2772 2053 τοῦ
2844 1999 3044 2069 Ἰωσὴφ
3074 2001 3106 2070 ἡ
3172 1998 3530 2069 σωφροσύνη,
3563 1998 3646 2050 καὶ

2082 2094 2182 2160 τῆς
2227 2094 2468 2156 παλαιᾶς
2498 2090 2826 2161 Δίγυπτίας,
2871 2091 3038 2162 ἤγουν
3071 2090 3170 2157 τῆς
3207 2088 3493 2142 Ἰουδαίων
3529 2089 3645 2142 Συν-

2075 2184 2319 2254 αγωγῆς,
2341 2183 2680 2256 καθαίρεσις,
2709 2182 2944 2253 άχραντε
2969 2198 2986 2214 ο
3016 2181 3081 2234 σὺ
3103 2179 3198 2233 τοῦ
3239 2179 3364 2235 Ἰὼϐ
3392 2181 3428 2250 ὴ
3461 2180 3518 2230 ὲν
3533 2195 3636 2230 πει-

2080 2278 2311 2346 ρασμοῖς
2331 2276 2703 2347 ὑπομονητικὴ
2727 2271 3216 2341 ἀνακεφαλαίωσις,
3237 2271 3335 2326 καὶ
3353 2271 3466 2324 τῶν
3484 2271 3636 2339 ύπιιρ-

2077 2369 2280 2441 χόντων
2313 2367 2462 2438 αὐτῷ
2495 2367 2659 2437 διπλῆ
2687 2365 2924 2429 διάδοσις
2952 2363 3436 2426 καλῖπλουτοποιδς
3484 2361 3632 2429 ὕπαρ-

2079 2459 2162 2526 ξις
2183 2477 2200 2495 ο
2233 2462 2298 2516 σὺ
2327 2459 2420 2514 τοῦ
2446 2459 2690 2522 Μωσέως
2738 2459 2834 2512 καὶ
2861 2455 3152 2528 νομοθέτου
3199 2454 3512 2516 θεὸτευκτος
3550 2451 3623 2519 βί-

2078 2555 2225 2618 ϐλος,
2266 2556 2324 2608 ἐν
2418 2553 2480 2605 τὸ
2506 2553 2607 2620 τῆς
2640 2549 3060 2620 παλιγγενεσίας
3084 2549 3386 2620 μυστήριον
3412 2546 3619 2615 ἐγράφη.

2077 2642 2172 2697 καὶ
2207 2639 2492 2703 δακτύλοις
2528 2639 2694 2704 θείοις
2726 2640 2786 2692 έν
2818 2637 3012 2704 πλαξὶν
3025 2634 3419 2706 ἐνομοθετήθη,
3449 2635 3520 2695 ὡς
3574 2633 3622 2682 ἐν

2079 2733 2278 2802 Σιναίῳ
2311 2731 2390 2802 τῷ
2421 2733 2559 2803 δρει,
2599 2733 2659 2782 ὲν
2709 2722 2864 2799 ᾧπερ
2901 2727 3116 2799 Ἰσραὴλ
3166 2727 3196 2780 δ
3225 2726 3514 2796 ἁρτιφανὴς
3561 2724 3612 2774 ἑκ

2077 2822 2322 2885 δουλείας
2355 2823 2668 2891 Αἰγυπτίων
2718 2821 2826 2874 τῶν
2875 2819 3083 2890 νοητῶν
3133 2816 3598 2887 ἐλευθερωθήσεται,

2077 2912 2154 2978 ὡς
2189 2915 2218 2966 ὁ
2247 2913 2378 2983 πρὶν
2401 2914 2460 2964 ὲν
2483 2914 2547 2982 τῇ
2572 2911 2763 2982 ἐρήμῳ
2809 2909 2956 2974 λαὸς,
3011 2907 3107 2961 τοῦ
3162 2907 3325 2978 μάννα
3365 2902 3595 2971 ἐπλήσθη.

2079 3003 2178 3057 καὶ
2201 2985 2295 3058 τοῦ
2336 3002 2530 3067 ὕδατος
2555 3003 2621 3056 ἐκ
2651 3001 2856 3072 πέτρας
2889 2998 3193 3070 άκροτόμου
3223 3014 3236 3028 ·
3277 2997 3326 3050 Ἠ
3350 2993 3414 3046 δὲ
3431 2993 3602 3056 πέτρα

2080 3092 2160 3166 ἦν
2189 3097 2222 3150 ὀ
2255 3091 2532 3162 Χριστὸς,
2572 3093 2601 3144 δ
2631 3091 2840 3164 μέλλων
2867 3092 2933 3143 ὲκ
2964 3091 3065 3160 τῆς
3093 3088 3291 3149 κοιλίας
3311 3101 3394 3139 σου
3425 3083 3610 3153 προέρ-

2080 3186 2296 3257 χεσθαι,
2320 3185 2400 3250 ὡς
2426 3184 2496 3237 ἐκ
2533 3181 2774 3237 παστοῦ
2803 3181 3064 3250 νυμφίος
3093 3196 3110 3213 ·
3155 3180 3219 3232 σὺ
3278 3177 3368 3231 τού
3426 3174 3622 3245 Ἀαρὼν

2084 3280 2119 3349 ἡ
2169 3276 2418 3351 ῥάϐδοςή
2446 3274 2796 3346 βλαστήσασα
2829 3291 2843 3304 ·
2884 3274 2948 3326 σὺ
2981 3271 3072 3325 τὸν
3101 3271 3196 3324 τοῦ
3241 3270 3395 3342 Ναυῆ
3437 3265 3628 3339 Ἰησοῦν

2081 3372 2139 3423 ὲν
2171 3368 2322 3439 μέσῳ
2347 3367 2454 3420 τῶν
2487 3365 2821 3420 ὑπεναντίων
2851 3363 3106 3430 ὲδὸξιισας
3131 3379 3145 3393 ⁸
3179 3367 3246 3418 συ
3272 3357 3321 3418 εἷ
3367 3361 3458 3416 τοῦ
3483 3359 3629 3413 suis

2079 3463 2114 3534 ἡ
2141 3459 2406 3530 θυγάτηρ,
2442 3459 2481 3526 ἢ
2511 3455 2880 3526 κροσσωτοῗς
2922 3454 3176 3524 χρυσοῖς
3235 3449 3632 3521 περιόεδλιυιέ-

2075 3571 2174 3622 νη,
2211 3549 2647 3619 πεποικιλμένη
2681 3565 2697 3576 ’
2727 3550 2791 3601 σὺ
2822 3547 2927 3602 τοῦ
2967 3546 3362 3616 Σολομῶντος
3415 3547 3452 3613 ἡ
3473 3544 3628 3606 κλίνη

2074 3645 2110 3716 ἦ
2169 3645 2584 3714 χρυσότευκτος,
2631 3638 2821 3706 ἤνπερ
2881 3637 3125 3692 δυνατοί
3171 3635 3474 3704 ἐξήκοντα
3534 3649 3627 3685 κυ-

2075 3734 2320 3796 κλοῦσι,
2359 3732 2470 3785 τῶν
2495 3730 2833 3784 θεοτεύκτων
2877 3730 3112 3800 Γραφῶν
3133 3730 3234 3792 τὰς
3267 3731 3326 3781 ὲν
3365 3726 3482 3796 Θεῷ
3509 3742 3632 3795 μου·

2074 3823 2232 3886 σικὰς
2261 3822 2446 3891 φωνὰς
2485 3821 2839 3887 σαλπίζοντες
2869 3837 2884 3852 ’
2915 3823 2981 3875 σὺ
3009 3825 3108 3893 τῆς
3138 3820 3320 3874 Ἦλίυυ
3339 3817 3637 3889 ἀναλήψπ

2079 3916 2286 3980 ἄνοδος,
2317 3916 2412 3968 καὶ
2429 3915 2528 3984 τῆς
2542 3917 2736 3984 νοητῆς
2765 3912 3001 3978 Ἰεζάϐελ
3017 3913 3339 3983 καθαίρεσις
3371 3911 3603 3979 πέφηνας
3621 3922 3636 3936 ⁵

2083 4007 2147 4060 σὺ
2177 4003 2272 4057 τοῦ
2313 4003 2623 4056 Ἐλισσαίου
2651 4003 2750 4073 τῆς
2777 4002 2972 4072 διπλῆς
3030 4001 3290 4072 μηλωτῆς
3327 4003 3367 4070 ἡ
3416 3997 3640 4064 εὐλογία.

2080 4093 2210 4174 ᾖτά
2253 4096 2543 4168 Ἰορδάνεια
2575 4096 2766 4165 ῥεῖθρα
2797 4094 2978 4165 τεμὼν
3025 4093 3179 4163 διέϐη
3227 4081 3642 4146 existumem;

402 4186 498 4241 καὶ
532 4186 596 4240 τὸ
666 4186 811 4260 ὕδωρ
841 4187 1000 4244 ἅλατι
1064 4187 1431 4260 θεραπεύσας,
1485 4189 1715 4259 πότιμον
1771 4191 2048 4258 ἀνέδειξε·
2091 4189 2155 4244 σὺ
2185 4187 2281 4242 τοῦ
2325 4187 2540 4258 Ἰωνᾶή
2579 4186 2735 4256 ἐντῷ
2771 4189 2926 4256 κήτει
2952 4185 3230 4250 διάσωσις,
3268 4185 3369 4238 καὶ
3401 4184 3504 4238 τῶν
3553 4177 3643 4234 Νι-

401 4283 628 4336 νευῖτῶν
660 4283 1007 4354 μετανόησις,
1035 4283 1130 4338 καὶ
1160 4283 1505 4356 συγχώρησις
1541 4283 1792 4354 ἄφθονος.

469 4373 552 4430 Τιι
591 4390 652 4430 es
681 4375 1068 4446 pmphetarum
1095 4379 1405 4445 speculum,
1433 4386 1489 4432 et
1540 4391 1724 4432 rerum
1755 4379 1826 4434 ab
1845 4379 1976 4448 ipsis

2157 4377 2230 4429 Σὺ
2261 4369 2314 4426 εἴ
2362 4372 2470 4426 τῶν
2501 4372 2798 4443 προφητῶν
2824 4373 2856 4444 ὴ
2885 4372 3135 4444 διόπτρα,
3171 4371 3267 4424 καὶ
3294 4369 3414 4423 τῶν
3480 4367 3647 4438 ῥημά-

404 4467 896 4538 prtenuntiatarum
931 4468 1130 4522 exitus.
1180 4469 1256 4522 Te
1281 4469 1426 4523 enim
1481 4467 1730 4524 Ezechiel
1789 4471 1980 4526 vatici-

403 4575 542 4613 nans
589 4559 881 4630 appellavit
922 4570 1133 4628 portam
1187 4559 1455 4621 clausam.
1494 4573 1590 4628 per
1615 4575 1781 4630 quam
1815 4576 1980 4618 nemo

403 4651 689 4704 hominum
719 4665 958 4719 unquam
991 4650 1248 4706 transibit
1269 4651 1374 4706 nisi
1407 4649 1675 4706 Dominus
1718 4649 1862 4708 Deus
1889 4669 1979 4707 so-

401 4743 510 4806 lus,
543 4752 596 4796 et
620 4751 834 4812 portam
889 4743 1130 4797 clausam
1187 4743 1538 4798 conservabit
1565 4743 1651 4809 ";
1707 4751 1760 4798 te
1810 4743 1980 4800 Isaias

404 4832 496 4887 ille
519 4833 572 4886 in
607 4833 802 4902 primis
847 4833 1244 4904 grandiloquus
1275 4833 1606 4903 praenuntiat
1640 4834 1845 4901 virgam
1867 4831 1975 4888 σιοε-

403 4939 482 4989 se,
515 4938 582 4978 ex
608 4939 714 4993 qua
754 4923 856 4980 llos
885 4923 1142 4982 Christus
1167 4926 1396 4992 orietur,
1446 4933 1501 4980 et
1564 4921 1832 4980 fructibus
1889 4925 1975 4978 vi-

402 5015 606 5067 tiorum
645 5013 962 5083 exstirpatis
998 5015 1260 5071 radicitus
1300 5015 1510 5085 plantas
1542 5014 1744 5069 divinae
1793 5015 1980 5083 cogni-

401 5105 570 5160 tionis
608 5104 819 5174 inagro
854 5103 1056 5158 inseret
1099 5105 1188 5171 ης
1223 5115 1274 5160 te
1295 5104 1560 5159 Jeremias
1591 5116 1973 5176 praemonstra-

398 5197 480 5249 vit
499 5195 800 5267 inquiens:
836 5193 972 5248 Ecce
1017 5195 1127 5249 dies
1163 5197 1388 5259 venient,
1422 5195 1554 5248 dicit
1589 5195 1870 5258 Dominus,
1925 5205 1975 5249 et

402 5288 592 5355 [trium
643 5287 826 5341 domui
850 5285 1023 5340 Israel
1049 5296 1098 5340 et
1133 5287 1312 5340 domui
1338 5286 1496 5342 Judte
1557 5288 1727 5358 fwdus
1782 5304 1973 5341 novum

400 5380 540 5451 quod
571 5381 825 5437 constitui
850 5396 968 5435 cum
1027 5379 1264 5448 putribus
1299 5397 1480 5434 eorum
1505 5382 1592 5448 “;
1626 5381 1701 5436 ita
1763 5381 1974 5450 signiti-

473 5549 516 5581 "
537 5549 697 5602 (Ioni.
717 5551 852 5605 Gen.
892 5568 964 5616 tv,
1001 5553 1053 5606 4.
1134 5551 1176 5581 ¹⁶
1204 5550 1336 5605 Gen.
1376 5551 1630 5616 tv,25.et
1663 5551 1826 5606 Eccli.
1859 5567 2002 5611 xuv.
2056 5552 2141 5607 19.
2221 5556 2263 5584 "’
2297 5552 2450 5608 Uncis

473 5637 488 5670 ς
543 5621 794 5674 vitientur
869 5622 1284 5676 ittlertunmcre.
1381 5620 1471 5672 '“l
1540 5622 1664 5674 Cur.
1724 5639 1775 5676 κ.
1831 5622 1884 5674 Δ.
1965 5623 2006 5652 "
2042 5621 2184 5676 l’sui.
2225 5641 2376 5676 xuii.
2419 5623 2450 5676 6

1565 5629 1664 5674 iur.
1724 5639 1775 5678 κ.
1831 5629 1884 5674 ι.
1965 5629 2006 5652 ¹¹
2042 5629 2184 5676 l’sal.
2225 5641 2376 5688 .\'\l|i,
2419 5629 2470 5676 6.

401 5619 794 5691 nis__viol_cutur
869 5622 1284 5691 lttlt‘l'ttlltlpt‘l‘e.

404 5689 447 5718 “
481 5686 676 5742 i‘lzccli.
720 5705 864 5754 XLIV,
901 5692 1012 5746 1-5.
1095 5686 1184 5744 “vi
1223 5710 1269 5745 ιι.
1311 5708 1380 5754 \l,
1425 5696 1467 5746 l.

2076 4483 2184 4520 των
2249 4465 2429 4518 αὐτῶν
2467 4465 2501 4534 ἡ
2541 4463 2898 4534 ὲμπλὴρωσις
2925 4480 2940 4494 ·
2976 4463 3036 4518 σὲ
3063 4463 3172 4534 γὰρ
3216 4459 3487 4531 Ἱεζεκιὴλ
3529 4474 3650 4528 προ-

2075 4557 2341 4627 ηγόρευσε
2369 4556 2544 4625 πύλην
2573 4557 2989 4628 κεκλεισμένην,
3009 4561 3066 4610 ὲν
3148 4557 3321 4620 οὐδεὶς
3353 4553 3653 4624 ἀνθρώπων

2074 4647 2336 4700 διοδεύσει
2375 4647 2527 4715 ποτὲ,
2555 4649 2604 4700 εί
2634 4648 2710 4718 μὴ
2765 4649 2971 4720 Κύριος
2995 4651 3024 4703 ὁ
3057 4649 3190 4713 Θεὸς
3218 4649 3408 4719 μόνος,
3446 4649 3541 4704 καὶ
3565 4648 3654 4712 τὴν

2077 4737 2254 4810 πύλην
2293 4739 2686 4809 κεκλεισμένην
2739 4739 3058 4809 διαφυλάξει
3090 4757 3106 4772 ο
3145 4740 3205 4793 σὲ
3247 4741 3487 4805 Ἡσαΐας
3514 4743 3542 4794 ό
3567 4757 3656 4809 με·

2082 4832 2524 4900 γαλοφωνὸτατος
2565 4831 2760 4904 ῥάϐδον
2813 4831 2907 4885 τοῦ
2950 4833 3147 4885 Ἰεσσαὶ
3205 4835 3549 4904 προγράφει,
3602 4829 3658 4894 ἑξ

2081 4917 2150 4995 ἦς
2182 4923 2244 4976 τὸ
2279 4923 2440 4987 ἄνθος
2469 4925 2704 4995 Χριστὸς
2732 4924 3030 4989 ἐλεύσεται,
3067 4927 3162 4978 καὶ
3183 4925 3254 4978 τὰ
3279 4927 3432 4993 φυτὰ
3451 4926 3551 4995 τῆς
3565 4940 3658 4977 κα-

2077 5015 2202 5078 κίας
2233 5014 2531 5088 πρόρριζον
2561 5013 2832 5085 ἐκτεμὼν,
2882 5017 2985 5085 τῆς
3034 5016 3367 5084 θεογνωσίας
3404 5014 3659 5086 φυτεύσει

2075 5109 2175 5178 τὴν
2208 5109 2446 5178 ἄρουραν
2474 5124 2486 5137 ·
2506 5108 2566 5160 σὲ
2601 5107 2866 5178 Ἱερεμίας
2885 5107 3227 5179 προεκήρυξε
3253 5107 3436 5174 λέγων
3466 5123 3482 5137 ⁶
3513 5105 3661 5160 Ἰδοὺ

2073 5197 2281 5267 ἡμέραι
2311 5198 2786 5269 ἕρχονται,λέγ·ει
2803 5201 3042 5268 Κύριος,
3077 5201 3173 5254 καί
3203 5199 3572 5269 διαθήσομαι
3589 5196 3662 5262 τῷ

2073 5290 2218 5357 οἴκῳ
2249 5289 2510 5358 Ἰσραὴλ
2545 5290 2642 5344 καὶ
2675 5290 2754 5357 τῷ
2787 5291 2932 5356 οἴκῳ
2975 5292 3164 5346 Ἰούδα
3184 5291 3492 5357 διαθήκην
3544 5307 3660 5343 και-

2070 5381 2210 5450 νὴν,
2226 5380 2592 5452 τ’)νδιεθέμην
2611 5383 2735 5449 τοῖς
2748 5381 3252 5450 πατράσιν-αὐτῶν
3267 5400 3282 5412 ·
3299 5382 3398 5452 τῆς
3413 5381 3512 5434 τοῦ
3539 5378 3660 5433 Υξοῦ

2221 5556 2263 5584 ’⁷
2297 5552 2462 5624 Uncis
2490 5554 2696 5608 inclusa
2720 5563 2847 5608 sunt
2873 5555 3054 5618 verba,
3083 5571 3204 5624 qua:
3234 5554 3438 5608 seriem
3471 5552 3661 5624 ora-in-

2558 5625 2602 5655 ²⁰
2639 5625 2782 5678 Psal.
2831 5641 2974 5688 sur,
3021 5623 3109 5679 Μ,
3199 5625 3240 5654 ¹¹
3271 5624 3434 5678 (lant.
3465 5639 3551 5682 ιιι.
3613 5623 3657 5674 7.

1547 5690 1589 5721 *‘
1619 5689 1818 5745 Jc.etn.
1858 5691 2084 5747 sccund.
2145 5692 2306 5757 LXX,
2351 5711 2467 5763 cap.
2500 5709 2649 5761 mn,
2703 5695 2792 5758 51,
2830 5694 2916 5748 5-3.
