3904 6208
389 171 527 240 1493
1300 174 1380 240 ΙΝ
1416 179 1521 240 SS.
1558 177 1911 241 DEIPABIE
1950 178 1972 237 Ι

2085 177 2677 241 ESENTATIONEM.
3486 167 3643 236 ιιθιῖ

380 308 476 347 σου
510 290 819 361 γεννήσεως
855 291 956 360 τὴν
994 290 1298 363 παρουσίαν
1323 292 1623 363 σημαίνων,
1653 294 1749 348 καὶ
1774 295 1866 347 τὸν
1894 292 1955 356 ἐξ

2087 308 2187 349 ans
2226 295 2516 349 adventum
2572 304 2863 358 ortumque
2923 289 3043 345 Filii
3104 290 3200 354 tui,
3258 295 3315 344 et
3363 288 3622 358 populum

382 382 553 437 ἐθνῶν
584 381 715 435 λαὸν
752 382 932 436 καλῶν
960 384 1041 445 είς
1073 383 1446 453 προσκύνησιν
1480 386 1642 455 μέχρι
1697 385 1951 456 περάτων

2085 385 2299 451 ;entiunt
2350 399 2552 439 vocans
2588 384 2656 438 ad
2694 380 3230 437 Deum‘adorandum
3260 378 3389 433 inde
3450 393 3626 449 usque

382 474 487 543 τῆς
514 474 621 543 γῆς
649 489 663 504 ·
701 474 761 527 σὲ
785 474 879 526 καὶ
925 474 957 526 ὁ
986 470 1105 526 τῶν
1136 473 1463 543 ἐπιθυμιῶν
1514 476 1672 545 ἀνὴρ
1732 476 1957 544 Δανιὴλ

2085 496 2091 528 ι
2131 475 2329 531 ﬁnibus
2364 483 2520 529 terra
2545 491 2560 540 ;
2590 482 2642 529 te
2674 473 2838 528 etiam
2875 471 3066 525 Daniel
3090 472 3170 524 vir
3186 469 3628 524 desideriorum"

386 562 719 635 ἀνεκήρυξεν
747 564 871 634 δρος
905 564 1067 632 μέγα,
1091 566 1149 631 ἐξ
1175 559 1236 619 οῦ
1255 564 1491 636 Χριστὸς
1516 566 1546 618 ὀ
1565 568 1957 639 ἀκρογωνιαίος

2085 563 2416 618 »τοοιοιηονίι
2450 572 2687 617 montem
2717 562 2988 632 ingentem
3045 562 3113 625 “,
3149 574 3182 623 e
3228 574 3339 629 quo
3368 556 3623 613 Ebristus

386 655 535 717 λίθος
561 655 1031 724 ἀποτμηθήσεται.
1066 656 1162 710 καὶ
1181 655 1277 726 τὴν
1307 658 1494 713 εἰκόνα
1523 657 1620 712 τοῦ
1686 658 1962 729 πολυμόρ-

2085 651 2197 720 apis
2228 650 2506 721 angularis
2549 649 2922 713 abscindetur,
2952 659 3007 704 et
3046 647 3405 704 simulacrum
3440 647 3625 701 multi-

389 764 492 816 φου
515 746 690 814 δφεως
714 744 892 816 ὀλέσει
922 747 1017 799 καὶ
1062 746 1386 818 ἐκλικμήσει
1417 762 1432 779 '
1464 748 1523 801 σὲ
1573 749 1625 800 oi
1671 750 1732 813 ἐν
1786 749 1962 802 Βαϐυ-

2085 743 2257 798 'ormis
2316 742 2581 812 serpentis
2629 741 2813 795 ruina.
2846 750 3009 809 atque
3060 738 3229 794 exitio
3297 736 3629 807 dissipabit;

390 833 522 887 λῶνι
549 836 699 903 τρεῖς
728 833 921 897 παῖδες
960 834 1131 888 τύπον
1162 834 1397 904 ἔχοντες,
1434 835 1532 888 καὶ
1552 836 1644 890 τοῦ
1682 836 1817 890 Υίοῦ
1865 853 1960 889 σου

2085 850 2118 890 e
2172 834 2326 905 pueri
2384 842 2494 890 tres
2546 832 2838 904 Babylonis
2898 832 3069 902 ﬁgura
3119 830 3530 891 adumbrantes,
3577 836 3635 881 ct

393 928 491 992 τὴν
520 925 818 995 ἐπιθυμίαν
854 926 1308 995 κατανοήσαντες,
1341 925 1439 993 τὴν
1466 926 1695 994 κάμινον
1718 925 1817 996 τὴν
1865 926 1962 978 ἐπ-

2085 921 2518 989 zxspectationem
2550 920 2672 974 Filii
2696 920 2774 974 tui
2804 921 2988 974 animo
3014 918 3211 980 intuiti,
3250 918 3524 972 fornacem
3550 931 3635 971 se-

391 1014 709 1077 ταπλασίως
754 1013 1049 1067 καυθεῖσαν
1090 1013 1303 1082 διῆλθον
1330 1014 1607 1078 ἀ6λα6εῖς,
1641 1016 1736 1075 καὶ
1775 1016 1853 1077 ὼς
1903 1018 1964 1068 ἐν

2085 1011 2242 1066 itenis
2270 1011 2538 1067 incendiis
2567 1019 2782 1066 auctam
2837 1010 3293 1079 perambularunt
3338 1008 3517 1069 illaesi,
3579 1017 3635 1060 et

394 1103 622 1174 θαλάμῳ
647 1104 930 1173 χαίροντες
982 1104 1142 1173 μέσον
1170 1104 1418 1174 ἐχόρευον
1443 1119 1459 1137 ·
1516 1104 1576 1158 σὲ
1653 1103 1966 1175 ’Δὸϐακοὺμ

2089 1117 2121 1154 n
2169 1101 2349 1156 medio
2381 1102 2504 1168 igne
2531 1102 2688 1172 quasi
2739 1102 2794 1155 in
2827 1101 3071 1156 thalamo
3121 1100 3226 1155 laeti
3276 1099 3580 1169 gestiebant
3616 1114 3631 1160 ;

394 1194 610 1262 Θαιμάν
631 1194 752 1264 ὅρος
773 1193 1045 1263 ὀνομάζει,
1077 1193 1137 1256 ἐξ
1169 1187 1231 1247 οὗ
1266 1193 1528 1262 βασιλέως
1558 1193 1818 1271 σκῆπτρα
1836 1210 1966 1266 κρα-

2085 1205 2118 1245 e
2147 1188 2401 1245 Habacuc
2422 1190 2665 1245 Theman
2715 1200 2949 1247 montem
2984 1192 3218 1260 appellat
3278 1192 3347 1255 ",
3399 1204 3466 1243 ex
3525 1204 3635 1259 quo

398 1282 565 1346 ταιῶς
591 1283 971 1346 ἀνατέταλκεν,
1003 1285 1059 1336 ἐν
1083 1275 1127 1350 ᾧ
1153 1281 1490 1353 σκηνώματα
1512 1282 1785 1337 Αἰθιόπων
1804 1300 1969 1353 πτοη-

2085 1279 2209 1350 'egis
2236 1289 2450 1350 sceptra
2488 1288 2742 1351 potenter
2796 1293 2989 1336 exorta
3018 1290 3174 1340 sunt.
3218 1283 3270 1335 in
3305 1297 3415 1351 quo
3472 1282 3637 1349 trepi-

401 1372 659 1443 θήσονται
708 1374 803 1428 καὶ
855 1374 1050 1445 σκηναὶ
1070 1374 1176 1442 γῆς
1216 1375 1469 1429 Μαδιάνο
1498 1375 1558 1427 σὲ
1615 1374 1821 1440 δοξάζω
1869 1375 1968 1444 τὴν

2085 1372 2285 1426 latione
2311 1373 2679 1443 percelluntur
2708 1375 3057 1429 tabernacula
3074 1374 3413 1444 Ethiopum,
3445 1382 3498 1429 et
3523 1384 3638 1429 ten-

398 1464 661 1533 ἀμίαντον
693 1465 905 1535 ἀμνάδα
937 1482 951 1497 ο
1012 1465 1069 1517 σὲ
1118 1464 1273 1534 ύμνῶ
1324 1465 1425 1534 τὴν
1470 1465 1923 1536 κεχαριτωμένην
1949 1481 1963 1497 ·

2085 1461 2208 1517 .oria
2237 1470 2399 1517 terra:
2426 1461 2663 1518 Madian.
2693 1463 2772 1518 Te
2801 1464 3012 1519 honoro
3041 1479 3237 1534 agnam
3304 1464 3622 1518 immacula-

400 1553 459 1602 σὲ
489 1553 711 1621 ἀνυμνῶ
744 1554 843 1622 τὴν
868 1555 933 1607 ἐκ
964 1553 1153 1606 πασῶν
1183 1551 1291 1606 τῶν
1313 1554 1516 1622 γενεῶν
1560 1554 1968 1624 ἀναδειχθείσαν

2085 1565 2204 1617 mm,
2240 1563 2292 1609 te
2313 1555 2549 1624 praedico
2572 1559 2742 1625 gratia
2772 1558 3010 1627 plenam,
3053 1566 3103 1612 te
3128 1555 3293 1611 effero
3343 1572 3375 1611 e
3427 1558 3637 1612 cunctis

395 1640 532 1692 Θεοῦ
558 1642 775 1713 νύμφην
803 1659 817 1672 ’
851 1643 911 1696 σὲ
935 1642 1231 1714 ἀναμέλπω
1256 1643 1356 1716 τὴν
1412 1645 1529 1697 νέον
1557 1644 1785 1714 οὐρανὸν
1833 1643 1964 1712 μέλ-

2085 1645 2514 1715 generationibus
2540 1647 2882 1717 designatam
2917 1647 3011 1701 Dei
3041 1663 3328 1718 sponsam,
3368 1658 3418 1703 te
3475 1663 3635 1712 cano,

395 1731 593 1786 λουσαν
650 1733 1035 1803 ἀναδειχθῆναι
1069 1750 1081 1763 ⁸
1131 1736 1190 1787 σὲ
1252 1734 1512 1804 προσάγω
1562 1732 1638 1796 ὡς
1682 1733 1965 1805 κειμήλιον

2085 1750 2191 1805 [om
2223 1750 2350 1790 mox
2382 1749 2583 1791 novum
2638 1737 2846 1792 cmlum
2881 1739 3234 1808 cognosceris
3266 1756 3280 1805 ;
3315 1748 3366 1794 te
3424 1740 3638 1795 adduco

398 1821 634 1891 καθαρὸν
666 1825 723 1874 ἐν
750 1822 830 1890 τῷ
870 1823 984 1892 ναῷ
1012 1823 1216 1892 Κυρίου
1244 1839 1257 1854 ·
1290 1824 1349 1877 σὲ
1381 1821 1671 1893 μεγαλύνω
1696 1822 1793 1895 τὴν
1838 1823 1964 1878 νέαν

2085 1840 2327 1895 ,anquam
2375 1827 2691 1881 thesaurum
2742 1829 3203 1897 pretiosissimum
3265 1830 3635 1899 in.templum

395 1910 698 1979 διαθήκην,
739 1911 796 1962 ἐν
833 1906 978 1982 ⁴ᾗπερ
1009 1912 1038 1963 ὀ
1080 1912 1324 1976 Μεσσίας
1367 1913 1602 1984 Χριστὸς
1648 1915 1966 1983 ἐγγραφεὶς,

2085 1914 2323 1983 Domini;
2367 1926 2419 1972 te
2447 1919 2647 1972 extollo
2690 1916 2901 1973 Novum
2933 1918 3368 1985 Testamentum,
3420 1921 3473 1975 in
3527 1936 3638 1991 quo

399 1998 459 2052 τὸ
486 1998 587 2068 μὲν
621 2000 855 2069 γράμμα
889 1999 1232 2055 καταπαύσει
1287 2000 1383 2055 τοῦ
1412 2000 1601 2077 νόμου,
1631 2001 1733 2072 τῆς
1758 1999 1821 2056 δὲ
1866 2003 1963 2074 χά-

2085 2006 2296 2064 lcssias
2320 2009 2573 2066 Christus
2597 2011 2917 2081 inscriptus,
2950 2013 3077 2068 hinc
3132 2012 3325 2067 littera:
3378 2012 3635 2082 legalium

401 2106 558 2161 ριτος
603 2090 705 2159 τὴν
726 2090 916 2160 κλῆσιν
964 2091 1395 2163 ἐξανατελεζδιά
1423 2092 1518 2145 τοῦ
1546 2092 1926 2164 βαπτίσματος
1949 2108 1967 2125 ο

398 2182 492 2232 καὶ
532 2180 634 2250 τῆς
668 2182 767 2248 μὲν
822 2183 1127 2253 περιτομῆς
1178 2184 1275 2254 τὴν
1314 2183 1471 2237 σκιὰν
1502 2184 1771 2255 διακόψει,
1802 2185 1970 2239 τοῦδὲ

399 2272 714 2343 Πνεύματος
745 2274 845 2344 τὴν
875 2276 1182 2344 παρουσίαν
1213 2278 1325 2339 τοῖς
1352 2277 1410 2331 ἐν
1469 2279 1540 2347 γῇ
1594 2276 1966 2349 καταπέμψει.

464 2445 525 2499 l'.
557 2445 780 2510 Τούτοις
807 2449 922 2512 τοῖς
956 2448 1122 2519 ίεροῖς
1146 2448 1325 2519 λόγοις
1356 2453 1386 2506 ό
1414 2453 1700 2525 προφήτης
1725 2454 1825 2525 τὴν
1847 2452 1973 2510 Μαι

402 2536 523 2603 ρίαν
554 2540 997 2614 κατακοσμήσας,
1020 2541 1354 2607 ἀναϐιϐάσας
1379 2545 1551 2615 αὐτὴν
1579 2547 1659 2611 είς
1696 2547 1758 2600 τὸ
1784 2547 1973 2601 ουσιαι-

2067 2099 2231 2154 linem
2261 2091 2523 2171 imponet,
2560 2102 2687 2157 inde
2719 2102 3024 2158 vocationis
3055 2104 3243 2173 gratiae
3278 2102 3494 2157 initium
3553 2102 3637 2158 l‘a-

2067 2189 2193 2254 ciet,
2226 2205 2325 2263 per
2355 2191 2682 2261 baptismum
2709 2207 2725 2257 ;
2749 2191 2876 2245 hinc
2906 2191 3154 2245 umbram
3189 2200 3504 2260 perrumpet
3525 2190 3633 2244 cir-

2068 2284 2443 2348 cumcisionis,
2471 2285 2597 2339 inde
2644 2284 2991 2354 praesentiam
3053 2284 3296 2353 Spiritus
3345 2284 3641 2353 terrigenis

2068 2375 2356 2433 desursum
2391 2376 2673 2447 largietur.

2139 2466 2208 2521 X.
2242 2469 2536 2538 Postquam
2573 2468 2837 2538 propheta
2868 2468 3233 2525 sanctissimis
3276 2468 3428 2523 hisce
3459 2463 3641 2522 laudi—

2070 2558 2173 2614 bus
2200 2558 2424 2613 Mariam
2456 2560 2772 2619 cumulavit.
2794 2575 2914 2615 eam
2940 2560 3006 2616 ad
3032 2576 3280 2616 summos
3308 2560 3496 2615 altaris
3517 2574 3642 2631 gra-

401 2624 642 2717 στήριον,
674 2626 865 2698 Κυρίῳ
899 2629 977 2699 τῷ
1005 2630 1124 2700 Θεῷ
1160 2634 1449 2702 παρέθετο.
1482 2636 1647 2690 ’ὐθεν
1695 2637 1745 2690 oi
1783 2639 1972 2710 γεννή-

2085 2650 2173 2706 lus
2226 2651 2514 2706 deductam
2568 2650 2800 2706 Domino
2851 2651 2961 2708 Deo
3011 2652 3227 2707 obtulit.
3275 2624 3641 2717 Quamobrem

397 2730 554 2812 τορες
590 2716 843 2788 Ἰωακεὶμ
890 2720 985 2774 καὶ
1009 2723 1178 2777 ’Ἅννα
1226 2728 1284 2779 ἐν
1323 2729 1465 2798 χαρᾷ
1510 2730 1739 2801 καρδίας
1777 2735 1842 2786 ἐκ
1878 2732 1972 2786 τοῦ

2085 2742 2345 2812 ςευίιονθει
2374 2741 2693 2799 Joachimus
2722 2752 2777 2799 et
2808 2745 2969 2799 Anna
3017 2743 3142 2799 lano
3171 2716 3355 2798 animo
3381 2757 3414 2798 e
3444 2741 3645 2811 templo

398 2804 527 2907 ναοῦ
572 2807 939 2878 ὑπέστρεψαν,
985 2812 1355 2885 θαυμάζοντες
1406 2818 1508 2887 τῆς
1559 2821 1835 2891 Παρθένου
1876 2822 1972 2895 τὴν

2085 2804 2303 2906 regressi
2334 2843 2481 2900 sunt,
2516 2836 2757 2906 Virginis
2791 2836 3200 2907 intelligentiam
3235 2847 3291 2891 et
3324 2842 3647 2891 mansuetu-

396 2894 613 2999 σύνεσιν
659 2900 751 2952 καὶ
786 2900 848 2953 τὸ
879 2904 1054 2972 πρᾶον
1086 2906 1179 2958 καὶ
1212 2907 1395 2976 ἤπιον.
1437 2909 1751 2982 ’Υπερόἄσα
1794 2894 1972 2968 τοίνυν

2085 2894 2255 2983 dinem
2289 2894 2760 2999 etbenignitatem
2793 2894 3147 2985 admirantes.
3196 2926 3316 2999 Ipsa
3355 2941 3520 2998 porro
3561 2925 3646 2979 itt-

398 2984 537 3053 α’ύτη
565 2986 634 3089 τά
672 2987 786 3089 τῶν
808 2992 1018 3061 νηπίων
1046 2992 1409 3064 ψελλίσματα,
1453 2998 1532 3064 τῷ
1575 3001 1972 3073 παντοκράτορι

2085 3015 2305 3073 fantium
2354 2984 2736 3089 prmtgrgressa
2779 3019 3099 3085 balbutiem,
3133 2984 3646 3088 colebat-Omnipo-

397 3075 712 3181 καταμόνμς
740 3077 1019 3181 ἐλάτρευε,
1045 3085 1138 3135 καὶ
1159 3085 1365 3156 τροφὴν
1388 3088 1681 3159 οὐρανόθεν
1709 3088 1972 3162 δεχομένη

2085 3118 2301 3174 tentem,
2328 3117 2382 3165 et
2410 3111 2802 3166 nutrimentum
2846 3126 2878 3166 e
2908 3112 3048 3167 coelo
3075 3126 3175 3181 per
3212 3109 3462 3180 angelum
3499 3110 3648 3164 acci-

399 3163 731 3273 6i.“&73é10\:
772 3167 870 3273 τὴν
906 3172 1017 3273 τῶν
1051 3174 1353 3245 ἀνθρώπων
1384 3179 1591 3250 βρῶσιν
1627 3180 1972 3248 ἐόδελύξατο,

2085 3201 2231 3270 piens
2283 3202 2640 3256 aversabatur
2681 3201 2960 3273 vulgarem
3001 3163 3212 3267 cibrum,
3244 3212 3301 3256 et
3348 3201 3404 3255 in
3445 3203 3649 3271 templo

358 3280 359 3283 η
401 3255 502 3358 καὶ
524 3256 602 3326 τῷ
626 3257 740 3361 ναῷ
765 3260 1109 3332 καθεκάστην
1130 3267 1585 3337 προσεδρεύουσα,
1619 3273 1682 3324 τὸ
1711 3275 1972 3344 κοσμικόν

2085 3291 2321 3361 quatidie
2352 3292 2569 3351 assidua
2620 3308 2709 3349 res
2744 3255 2932 3349 niundi
2978 3293 3216 3348 caducas
3258 3292 3407 3347 velut
3459 3294 3648 3347 aranei

404 3346 589 3453 ἵχῆμα
607 3347 686 3453 tit;
709 3350 950 3449 ἀράχνης
974 3353 1120 3408 ἱστὸν
1141 3355 1420 3423 ἐλογίσατο
1436 3375 1450 3389 ⁸
1478 3362 1574 3413 καὶ
1601 3362 1695 3414 τοῦ
1722 3364 1972 3432 οὐρανίου

2085 3346 2239 3436 t'elam
2291 3383 2595 3452 reputabat,
2650 3389 2706 3438 et
2751 3383 2875 3439 coeli
2921 3398 3052 3453 opes
3101 3393 3352 3439 assecuta
3404 3394 3650 3439 terrenas

400 3433 560 3488 ὀλδου
605 3437 958 3508 ἐπιτυχοῦσα,
988 3442 1081 3496 τὸν
1127 3445 1367 3514 ἐπίγειον
1398 3447 1627 3504 πλοῦτον
1662 3452 1969 3523 ἠρνήσατο·

402 3528 497 3579 xui.
535 3528 712 3597 χαρὰν
737 3531 837 3601 τὴν
875 3531 986 3585 τῶν
1007 3533 1254 3602 ἀγγέλων
1284 3537 1633 3609 καθεκάστην
1672 3540 1973 3612 θεωροῦσα,

399 3613 510 3667 τῶν
540 3614 635 3670 τοῦ
667 3616 782 3685 βίου
825 3619 1122 3688 φροντίδων
1167 3624 1416 3695 ἀνωτέρα
1458 3627 1752 3693 ἐδείκνυτο,
1793 3633 1977 3686 καὶτὸ

402 3704 629 3776 Πνεῦμα
650 3707 713 3761 τὸ
733 3708 888 3776 ἅγιον
911 3712 1154 3777 ἀεννάως
1174 3714 1378 3784 δρῶσα,
1410 3717 1517 3770 τῶν
1541 3718 1794 3789 πονηρῶν
1816 3736 1978 3776 πνευ-

405 3795 592 3865 μάτων
619 3798 718 3862 τάς
749 3800 1038 3870 φάλαγγας
1070 3805 1319 3874 ἀοράτως
1350 3807 1652 3879 ἀπήλαυνε.

473 3886 573 3943 IA'.
607 3888 673 3943 Τί
698 3890 809 3962 γάρ
830 3892 1098 3964 ἔπραττεν
1122 3897 1157 3965 ή
1182 3896 1458 3968 Παρθένος
1480 3901 1560 3964 είς
1585 3901 1655 3955 τὰ
1681 3902 1846 3971 Ἅγια
1865 3904 1971 3958 τῶν

402 3978 574 4045 ἁγίων
601 3981 996 4050 περιπολοῦσα;
1024 3985 1242 4057 Τροφὴν
1260 3987 1510 4057 ἀγγέλων
1533 3990 1603 4045 δι’
1621 3992 1977 4061 ἀγγέλουείσ-

399 4067 646 4138 εδέχετοο
675 4074 769 4124 καὶ
805 4072 882 4137 ὡς
908 4076 1209 4148 περιστερά
1255 4078 1491 4150 ἀκεραία
1529 4081 1632 4153 τήν
1675 4083 1975 4155 παρθενίαν

397 4159 663 4229 τηροῦσα,
694 4162 786 4218 τὸν
814 4164 917 4219 τοῦ
940 4166 1071 4223 ναοῦ
1118 4170 1217 4223 καί⁸
1245 4171 1477 4241 ούρανοῦ
1520 4175 1614 4228 καὶ
1647 4176 1753 4246 γῆς
1797 4177 1973 4247 Δημι-

2075 3471 2291 3527 divitias
2316 3474 2718 3542 respuebat,,et
2742 3473 3004 3545 gaudium
3040 3475 3362 3547 angelorum
3396 3476 3647 3546 quotidie

2079 3562 2488 3628 contemplans,
2549 3560 2715 3632 hujus
2784 3564 2910 3619 vitae
2980 3565 3129 3620 curis
3184 3568 3523 3637 superiorem
3589 3581 3649 3622 se

2079 3648 2441 3715 monstrabat,
2494 3660 2550 3703 et
2599 3662 2849 3706 sanctum
2915 3652 3183 3721 Spiritum
3242 3666 3504 3725 perpetuo
3562 3657 3648 3710 in-

2081 3741 2258 3799 tuens,
2288 3734 2557 3790 malorum
2585 3736 2878 3807 spirituum
2911 3739 3125 3809 agmina
3164 3741 3513 3799 invisibiliter
3536 3745 3650 3800 dis-

2073 3824 2315 3893 jiciebat.
2344 3862 2349 3865 -
2844 3846 2851 3851 ’
2896 3824 2901 3829 ’

2145 3915 2239 3972 x1.
2271 3902 2412 3983 Quid
2444 3918 2588 3973 enim
2620 3919 2812 3991 agebat
2845 3919 3010 3992 Virgo
3045 3923 3248 3995 degens
3281 3925 3335 3980 in
3367 3926 3652 3983 sanctissi-

2076 4008 2183 4065 mis
2213 4009 2400 4080 templi
2423 4010 2644 4083 adytis?
2672 4013 3000 4085 Angelorum
3025 4017 3206 4074 cibum
3237 4020 3308 4075 ab
3335 4022 3528 4093 angelo
3559 4037 3651 4077 ac-

2079 4101 2336 4172 cipiebat,
2361 4111 2416 4159 et
2440 4102 2805 4163 immaculata:
2836 4107 3101 4165 columba:
3131 4092 3329 4168 similis
3356 4092 3652 4186 virginita—

2079 4203 2188 4249 tem
2239 4209 2487 4266 servans,
2528 4197 2715 4268 templi
2766 4207 2839 4273 et,
2864 4200 2987 4255 cmli
3042 4206 3311 4274 terraeque
3362 4204 3543 4276 opiﬁci
3574 4200 3677 4277 (5').

348 4287 357 4295 .
397 4251 595 4352 ουργδν
626 4254 743 4360 μετί
766 4256 1121 4329 εὐχαριστίας
1156 4262 1215 4313 ἐν
1243 4263 1528 4334 παρρησίᾳ
1556 4266 1786 4336 καρδίας
1816 4268 1969 4323 λιτα-

2306 4259 2315 4266 .
2447 4251 2486 4261 ίι
2565 4251 2574 4253 ν
2644 4251 2665 4268 ι
2775 4251 2839 4273 -κ
2874 4251 2987 4255 τ--ή-
3045 4251 3310 4274 ’νην-’γη
3366 4251 3543 4276 ’τ’-η·
3574 4251 3651 4277 \Vt

2085 4284 2206 4343 cum
2238 4289 2534 4360 gratiarum
2571 4294 2784 4349 actione
2813 4303 2867 4348 et
2890 4294 3219 4353 eﬂ‘usissimo
3245 4299 3416 4354 animi
3454 4300 3651 4356 all‘cctu

397 4336 650 4429 νεύουσα,
696 4342 922 4411 ἔλεγεν·
983 4348 1133 4419 ’ᾼσω
1181 4367 1286 4416 σοι,
1336 4353 1714 4427 παντόκρατορ
1758 4357 1971 4429 ύψιστε,

396 4425 481 4478 ὃτι
509 4428 731 4497 ἀφεῖλες
748 4433 842 4485 τὸν
859 4434 1161 4507 ὀνειδισμὸν
1183 4442 1284 4511 τῆς
1306 4443 1653 4515 προμήτορός
1676 4425 1781 4517 μου
1803 4425 1970 4517 limae;

399 4518 493 4571 καὶ
652 4522 882 4617 τὴνὲσὴν
909 4527 1115 4597 ἄφατον
1142 4531 1546 4605 εὐσπλαγχνίαν
1583 4538 1674 4591 τὸν
1706 4545 1971 4617 μονογενῆ

400 4623 496 4661 σου
527 4610 653 4665 Υίδν
682 4614 897 4684 μέλλεις
924 4621 1281 4694 καταπέμψαι
1302 4625 1394 4679 ἐπὶ
1422 4627 1547 4698 γῆς,
1577 4610 1718 4685 ὥστε
1740 4610 1857 4698 τοῖς
1874 4610 1971 4690 ἀνλ

399 4701 641 4796 θρώποις
675 4714 1221 4787 συναναστραφῆναΓ
1254 4718 1335 4772 διὸ
1359 4726 1778 4796 κατοικητήριον
1810 4729 1976 4785 αὐτοῦ

396 4794 700 4866 γενήσομαι
730 4800 970 4873 καθαρὸν
999 4808 1093 4859 καὶ
1123 4808 1407 4878 ἀμίαντον.
1494 4826 1501 4833 '

467 4885 653 4944 Ὅπου
687 4892 795 4961 γὰρ
820 4895 858 4962 ἠ
884 4895 1137 4965 ἁμαρτία
1163 4901 1562 4969 ἐπλεόνασεν,
1588 4910 1978 4980 ὑπερεπερίσ-

393 4981 693 5072 σευσενῗή
726 4983 917 5052 χάρις.
950 4988 1047 5042 Διά
1081 4993 1339 5057 γυναικὸς
1376 4995 1468 5048 τὸν
1493 4982 1721 5052 θάνατον
1748 5001 1977 5072 ὲκερδή-

395 5082 602 5162 cape-vt
634 5071 724 5125 διά
750 5078 1008 5142 γυναικὸς
1047 5081 1208 5136 πάλιν
1241 5085 1579 5140 ἀνακαινίσει
1611 5090 1680 5143 τά
1715 5071 1969 5162 σύμπαν-

392 5173 462 5255 τα
485 5173 500 5187 ·
649 5162 743 5216 τοῦ
772 5166 948 5234 ὄφεως
988 5170 1090 5242 τῆς
1135 5177 1339 5246 πικράς
1377 5178 1619 5246 γεύσεως
1669 5159 1968 5255 δεδέγμεθα

391 5246 490 5320 τήν
520 5249 722 5322 βρῶσιν
748 5273 761 5287 ο
796 5258 863 5311 δι’
889 5260 1055 5315 αύτοῦ
1078 5263 1134 5317 δὲ
1156 5267 1317 5322 πάλιν
1345 5269 1447 5339 τὴν
1476 5269 1678 5343 βρῶσιν
1706 5246 1812 5345 τῆς
1830 5246 1968 5330 ἀθα-

421 5391 466 5470 ?“
502 5389 646 5470 Dan._
688 5396 883 5470 x,_l__l_._
979 5402 1026 5435 “
1076 5402 1209 5457 ibid.
1254 5419 1314 5470 tt,
1353 5405 1555 5467 34,55.
1632 5408 1678 5440 "

2078 4379 2154 4433 ita
2185 4380 2521 4450 supplicabat
2548 4398 2560 4434 :
2598 4380 2855 4440 Laudabo
2883 4394 2954 4453 te,
2980 4389 3328 4456 omnipotens
3350 4391 3649 4457 Altissimc,

2079 4470 2175 4539 qui
2223 4471 2412 4539 prima;
2463 4473 2741 4542 genitricis
2784 4490 2918 4553 mete
2960 4473 3085 4535 Eva:
3130 4479 3407 4537 abstulisti
3454 4497 3655 4553 oppro-

2078 4558 2281 4624 brium,
2309 4569 2363 4616 et
2398 4571 2617 4633 propter
2658 4564 2981 4622 inetl'abilem
3016 4568 3453 4629 misericordiam
3501 4582 3651 4630 tuam

2083 4650 2355 4707 missurus
2382 4667 2443 4708 es
2472 4654 2527 4707 in
2560 4662 2759 4710 terram
2790 4655 2984 4712 Filium
3008 4667 3159 4716 tuum
3192 4664 3557 4736 unigenitum,
3595 4675 3654 4722 ut

2078 4756 2203 4795 cum
2229 4742 2542 4800 hominibus
2562 4758 2939 4806 conversetur.
2968 4750 3152 4818 Quare
3184 4753 3448 4813 habitatio
3478 4758 3652 4830 ipsius

2077 4833 2204 4888 llam
2236 4849 2370 4904 pura
2402 4846 2458 4891 et
2486 4837 2857 4897 immaculata.

2151 4921 2219 4977 Et
2252 4939 2403 4991 sane,
2434 4927 2525 4982 ubi
2577 4929 2866 4987 abundavit
2892 4934 3165 5004 delictum,
3204 4939 3653 5007 superabundavit

2078 5015 2255 5083 gratia
2284 5016 2352 5071 ".
2385 5018 2490 5073 Per
2521 5022 2805 5078 mulierem
2836 5037 3063 5082 mortem
3093 5028 3285 5084 lucrati
3312 5047 3526 5097 sumus,
3561 5046 3655 5098 per

2077 5102 2359 5158 mulierem
2419 5108 2671 5166 universa
2722 5112 2837 5182 ipse
2886 5130 3079 5171 rursus
3129 5117 3454 5172 instaurabit
3499 5136 3512 5172 :
3555 5134 3653 5189 per

2076 5203 2385 5261 serpentem
2441 5197 2621 5253 cibum
2682 5202 2996 5272 accepimus
3049 5204 3222 5258 amari
3269 5206 3502 5273 saporis,
3555 5222 3650 5275 per

2074 5280 2254 5350 ipsum
2286 5301 2415 5340 vero
2456 5304 2671 5345 rursum
2718 5307 3005 5350 vescemur
3044 5295 3169 5349 cibo
3199 5295 3644 5353 immortalitatis.

1707 5409 1859 5496 quod
1896 5410 2171 5496 ‘Vnnlgatus
2205 5417 2503 5496 “interpres
2534 5420 2760 5496 (iiabac.
2816 5441 2896 5490 ut,
2938 5426 2990 5496 3)
3054 5426 3231 5493 habet,
3268 5426 3406 5481 Deus
3442 5427 3503 5481 ab
3537 5427 3650 5482 Au-

389 5468 502 5515 stro
535 5464 720 5532 ueniet,
749 5465 889 5520 LXX
946 5471 1123 5526 versio
1149 5464 1379 5528 reddidit
1425 5464 1452 5528 ὀ
1481 5477 1609 5541 Θεὸς
1647 5464 1951 5550 ὲκήθαιμὰν

2200 5464 2513 5556 η”ὶὶῖιῧζῖζ
2536 5464 2630 5546 ab".

460 5596 555 5671 (δ’)
586 5600 777 5661 l‘extus
819 5604 907 5663 hic
940 5608 1237 5667 mendosus
1267 5610 1499 5668 videtur.
