3936 6212
402 251 532 318 1497

1336 249 1418 310 ΙΝ
1445 251 1547 312 SS.
1589 248 1942 310 DEIPARAS
1976 240 2699 307 PIi/ESENTATIONEM-

3493 232 3627 293 1498

396 387 493 421 σαν
520 366 658 439 πρὸς
687 363 1024 435 καθαρισμὸν
1053 361 1160 416 τῶν
1181 363 1386 433 ψυχῶν,
1417 363 1533 425 πῶς
1564 364 1598 430 ἠ
1629 361 1901 430 "spesve;
1928 361 1962 428 ἡ

2073 359 2181 428 Ipsa
2201 358 2346 412 enim
2379 371 2504 410 vere
2527 363 2742 416 sancta,
2773 367 2896 422 quur.
2923 362 3072 411 eum,
3101 347 3193 417 qui
3225 347 3375 402 solus
3408 356 3630 398 sanctus

397 456 778 528 τροορισθεῖσα
827 453 936 507 ἀπὸ
982 453 1212 514 κτίσεως
1261 455 1486 520 κόσμου,
1521 451 1617 503 καὶ
1667 450 1731 501 ὲκ
1779 447 1967 500 πασῶν

393 547 598 613 γενεῶν
625 541 1084 615 προσεκλεχθεῖσα
1113 543 1193 604 εἰς
1223 541 1640 610 κατοικητήριον
1671 538 1968 608 ἀμόλυντον

395 641 484 692 καὶ
524 636 948 708 προσενεχθεῖσα
991 635 1072 697 είς
1099 633 1226 686 ναὸν
1252 632 1406 699 ἅγιον
1435 630 1516 700 τῷ
1543 631 1964 700 παντοκράτορι,

395 730 514 798 οὐχὶ
542 728 700 798 τιμία
725 727 817 778 καὶ
846 723 1062 794 καθαρὰ
1087 723 1181 776 καὶ
1201 721 1498 792 ἀμόλυντος
1519 718 1849 790 καθέστηκε,
1875 720 1967 772 καὶ

397 815 682 888 προσφορὰ
709 817 939 885 ἄμωμος
976 815 1075 884 τῆς
1101 813 1448 880 ἀνθρωπίνης
1471 811 1714 878 φῦσεωςς

399 911 611 974 «ilium,
636 919 691 964 et
711 907 1068 976 omnipotenti
1097 907 1276 962 oblata
1307 907 1359 960 in
1391 905 1612 974 templo
1649 912 1861 964 sancto,
1923 917 2030 956 non

402 1003 744 1058 immaculata
778 1002 1030 1054 humana:
1062 1011 1270 1054 natum
1294 997 1394 1068 (8).

469 1096 566 1148 IA'.
603 1087 675 1144 Ὦ
707 1090 973 1144 Ἰουδαίων
1009 1089 1330 1156 Συναγωγὴ,
1360 1089 1408 1140 οἱ
1441 1087 1539 1156 τὴν
1569 1087 1634 1138 ὲκ
1667 1084 1836 1152 φυλῆς
1865 1085 1964 1154 τῆς

399 1187 671 1256 ὑμετέρας
752 1182 1119 1253 ὲκλαμψάσαν
1195 1179 1474 1250 Παρθένον
1532 1177 1605 1247 μὴ
1685 1176 1968 1244 δεξάμενοι

399 1277 685 1339 θεοτόκον,
716 1275 852 1327 ἀλλὰ
879 1275 974 1326 καὶ
1016 1271 1382 1343 λοιδοροῦντες
1417 1269 1648 1335 ἀναξίως
1681 1269 1774 1319 καὶ
1811 1267 1970 1318 ἀσελ-

402 1369 526 1433 γέσι
565 1365 790 1434 χείλεσι,
818 1365 912 1417 καλ⁸
934 1363 1010 1432 τῷ
1032 1363 1211 1432 φθόνῳ
1244 1359 1572 1430 κινούμενοι,
1601 1355 1968 1412 καταλαλοῦν-

403 1474 493 1518 τες
525 1456 694 1524 αὐτῆς
725 1454 939 1508 ἀδικίαν
973 1454 1068 1505 καὶ
1099 1451 1328 1520 ἀνομίαν
1348 1465 1363 1480 ·
1404 1449 1522 1509 πῶς
1548 1449 1640 1502 τὸν
1667 1448 1838 1500 ἀΐδιον
1875 1445 1968 1499 τοῦ

410 1545 620 1615 ΙΙατρὸς
655 1544 801 1606 Υἱδν,
853 1542 911 1608 ἐξ
954 1541 1123 1610 αὐτῆς
1177 1541 1264 1594 ἐπ’
1308 1540 1550 1608 ἐσχάτων
1594 1539 1733 1608 μετὰ
1766 1536 1968 1608 σαρκὸς

405 1635 752 1706 γεννηθέντα,
779 1635 875 1703 οὐχ
905 1632 1270 1696 ὑπεδέξασθες
1307 1632 1401 1684 καὶ
1447 1632 1508 1684 οὐ
1555 1631 1714 1699 μόνον
1761 1629 1968 1698 ταύτης

403 1725 498 1793 τῆς
531 1724 708 1793 δόξης,
745 1722 878 1775 ἀλλά
906 1723 998 1775 καὶ
1038 1721 1134 1774 τοῦ
1173 1719 1526 1790 γεννηθέντος
1567 1718 1785 1788 ἄμοιροι
1831 1719 1968 1770 καθ-

403 1813 692 1883 εστήκατε,
748 1813 868 1882 οὐχὶ
915 1813 1011 1865 τοῦ
1055 1809 1499 1882 παραγενομένου
1563 1807 1776 1870 πάντως
1839 1807 1968 1876 ὑμῖν

403 1903 789 1970 φθονήσαντος,
819 1901 958 1954 ἀλλά
1002 1904 1068 1968 τῇ
1101 1899 1342 1968 ὑμετέρᾳ
1375 1897 1546 1966 κακία
1575 1897 1964 1962 ἐξοκείλαντες,

405 1993 499 2044 καὶ
525 1993 591 2061 τῇ
617 1990 852 2061 πονηρίᾳ
875 1990 974 2060 τῆς
1002 1989 1156 2059 ὑμῶν
1185 1987 1548 2058 ματαιότητος
1577 1988 1966 2058 ὑπομείναντες

400 2080 668 2148 ὲφθόνως,
703 2079 802 2148 τῆς
843 2079 1001 2148 δόξης
1047 2077 1370 2148 ἀμφοτέρων
1417 2078 1845 2131 ὲκπεπτὼκατεο
1888 2075 1970 2129 διὸ

399 2171 473 2232 ὡς
496 2169 646 2228 ὄντες
675 2168 938 2238 ἄχρηστοι
981 2167 1074 2219 καὶ
1106 2167 1370 2236 πρότερον
1421 2163 1517 2217 καὶ
1554 2163 1868 2233 μετέπειτα,
1901 2163 1969 2214 τὰ

399 2261 496 2329 τῆς
536 2259 834 2328 βασκανίας
863 2259 1018 2329 ὑμῶν
1046 2255 1268 2327 ἐγχειρή
1279 2273 1444 2325 ματα,
1481 2255 1644 2308 παντὶ
1673 2253 1749 2322 τῷ
1776 2253 1969 2322 κόσμῳ

400 2349 611 2420 φανερά
637 2349 1032 2419 καθεστήκατε,
1077 2346 1220 2400 κατά
1259 2346 1352 2398 τὸν
1382 2346 1538 2413 λόγον
1573 2343 1663 2396 τοῦ
1695 2344 1966 2412 Σωτῆρος,

398 2439 488 2492 τὸν
525 2440 592 2492 δι’
641 2439 782 2508 ὑμᾶς
829 2435 1298 2506 ὲμφανιζόμενον·
1354 2433 1554 2503 Ἀμὴν,
1603 2433 1767 2503 ἀμὴν
1815 2432 1969 2501 λέγω

398 2529 561 2597 ὑμῖν,
605 2531 659 2582 εί
714 2527 898 2582 τέκνα
946 2527 1054 2582 τοῦ
1113 2525 1357 2594 Ἀϐραὰμ
1409 2522 1535 2595 ἦτε,
1575 2523 1648 2575 τὰ
1689 2525 1831 2594 ἔργα
1862 2523 1969 2576 τοῦ

413 2618 658 2684 Ἀϐραὰμ
678 2616 932 2670 ἐποιεῖτε
954 2614 1060 2669 ἄν·
1098 2615 1326 2681 ἐκεῖνος
1355 2615 1464 2683 γὰρ
1493 2614 1626 2680 περὶ
1657 2612 1802 2681 ἐμοῦ
1828 2612 1968 2666 ἐλά-

399 2707 579 2771 ιίησε,
629 2705 746 2758 νῦν
767 2702 836 2756 δὲ
860 2704 930 2756 ἐκ
959 2703 1061 2758 τοῦ
1081 2703 1366 2758 διαϐόλου
1385 2702 1547 2765 ἐστὲ,
1576 2701 1675 2754 καὶ
1703 2701 1812 2764 τὰς
1837 2700 1967 2752 ἐπι-

399 2794 615 2862 θυμίας
636 2791 743 2846 τοῦ
769 2793 991 2859 πατρὸς
1015 2788 1184 2859 ὑμῶν
1205 2789 1409 2846 θέλετε
1439 2788 1648 2843 ποιεῖν.
1682 2791 1790 2842 Καὶ
1810 2787 1969 2840 ἀλλα-

399 2881 498 2950 χοῦ
549 2883 712 2935 πάλιν
735 2895 750 2910 ⁶
799 2881 898 2949 Μὴ
953 2881 1182 2934 δοκεῖτε
1231 2881 1320 2934 ὅτι
1371 2879 1760 2948 κατηγορήσω
1803 2877 1970 2946 ὑμῶν

397 2969 549 3038 πρὸς
581 2969 690 3022 τὸν
719 2969 978 3035 Πατέρα·
1005 2968 1179 3022 ἐστιν
1209 2973 1243 3023 ὁ
1273 2969 1616 3038 κατηγορῶν
1642 2967 1808 3036 ὑμῶν
1835 2972 1966 3024 Μω-
1995 2952 2038 3009 (ἶ

399 3059 540 3122 σῆς,
573 3061 660 3122 εις
684 3057 757 3109 ὃν
782 3059 952 3128 ὑμεῖς
973 3057 1270 3126 ἠλπίκατε
1287 3075 1302 3091 ο
1331 3062 1402 3114 Et
1438 3061 1546 3128 γὰρ
1572 3061 1972 3116 ἐπιστεύσατε

402 3147 618 3208 Μωσεῖ,
642 3147 1038 3200 ἐπιστεύσατε
1058 3147 1134 3200 ἂν
1155 3150 1288 3216 ἐμοι
1304 3166 1317 3178 ·
1351 3149 1484 3216 περὶ
1509 3149 1619 3217 γὰρ
1645 3149 1792 3218 ἐμοῦ
1817 3150 1970 3204 ἐκεῖ·

402 3245 510 3300 νος
559 3235 799 3304 ἔγραψε.
833 3237 944 3289 Καὶ
997 3235 1315 3306 μετέπειτασ
1371 3239 1442 3291 Et
1487 3240 1599 3292 οὐκ
1637 3223 1829 3307 ἦλθον
1869 3240 1968 3292 καὶ

403 3322 678 3392 ἐλάλησα
725 3325 952 3392 αὐτοῖς,
1005 3326 1301 3396 ἁμαρτίαν
1347 3329 1459 3380 οὐκ
1516 3325 1704 3396 εἶχον,
1737 3331 1857 3384 νῦν
1901 3329 1971 3382 δὲ

403 3417 706 3489 πρόφασιν
751 3419 866 3472 οὐκ
917 3417 1130 3486 ἔχουσι
1188 3415 1325 3484 περὶ
1371 3415 1482 3486 τῆς
1520 3418 1810 3487 ἁμαρτίας
1857 3421 1964 3474 αὐ-

404 3521 524 3558 των
529 3544 543 3560 ο

472 3595 572 3652 IE'.
621 3597 812 3669 Ἡμεῖς
853 3598 936 3663 δὲ,
991 3599 1020 3650 ό
1075 3595 1206 3662 λαὸς
1249 3596 1345 3652 τοῦ
1388 3597 1546 3664 Θεοῦ,
1591 3599 1742 3662 ἔθνος
1791 3601 1966 3670 ἆγιον,

402 3689 710 3758 περιούσιον
761 3689 1056 3760 ἄθροισμα,
1109 3693 1298 3758 στῖφος
1345 3690 1664 3761 όρθοδόξων,
1713 3693 1818 3745 υἱοὶ
1873 3693 1971 3764 τῆς

401 3777 802 3850 κολυμϐήθρας,
847 3779 1014 3832 τέκνα
1040 3779 1139 3850 τῆς
1172 3781 1416 3851 χάριτος,
1455 3783 1504 3836 oi
1533 3783 1634 3854 τὴν
1661 3783 1720 3836 ὲν
1744 3782 1824 3854 τῷ
1857 3783 1970 3854 ναῷ

401 3868 623 3938 πρόοδον
653 3868 1004 3938 ἑορτάζοντες
1023 3869 1124 3938 τῆς
1153 3869 1456 3940 Παρθένου,
1486 3871 1685 3943 ψυχαῖς
1709 3871 1970 3944 καθαραῖς

401 3959 497 4010 καὶ
541 3959 914 4030 ἀρῤυπάντοις
957 3959 1186 4029 χείλεσι,
1239 3961 1514 4030 γλώσσαις
1570 3962 1969 4032 πολυφθόγγοις

397 4049 492 4101 ἐπὶ
546 4047 719 4120 ταύτῃ
766 4053 833 4119 τῇ
882 4049 1190 4122 πανηγύρει
1243 4052 1558 4123 μελῳδικῶς
1593 4053 1967 4126 ἀλαλάξωμεν,

397 4137 662 4209 τιμῶντες
716 4140 906 4212 αὐτὴν,
957 4140 1035 4205 ὡς
1089 4141 1150 4196 τὸ
1202 4141 1371 4209 εἰκὸς,
1416 4143 1517 4215 τὴν
1562 4145 1790 4216 φαιδρὰν
1843 4146 1966 4216 ἑορ-

399 4229 532 4332 τὴν,
584 4231 686 4300 τὴν
735 4231 958 4332 πρώτην
1010 4236 1362 4332 πανήγυριν,
1411 4235 1512 4306 τὴν
1559 4238 1812 4306 ἀγγέλοις
1873 4240 1968 4292 εῦ-
1997 4274 2046 4332 D

401 4319 664 4387 φρόσυνον
714 4321 810 4374 καὶ
851 4322 1162 4394 ἀνθρώποις
1189 4325 1539 4389 ἀξιέπαινον·
1575 4328 1672 4379 καὶ
1707 4329 1768 4380 τὸ
1791 4330 1968 4396 Xaipe

397 4407 493 4461 τοῦ
519 4409 760 4482 Γαϐριὴλ
795 4415 932 4483 μετά
961 4415 1128 4485 φόϐου
1160 4418 1254 4470 καὶ
1278 4419 1453 4487 χαρᾶς
1490 4419 1557 4488 τῇ
1593 4419 1851 4490 πανάγνῳ
1882 4422 1972 4474 ὲκ-

401 4499 687 4570 6οήσωμεν
709 4517 723 4531 ·

466 4591 656 4662 Χαῖρε,
682 4593 776 4648 τοῦ
799 4595 1010 4666 Πατρὸς
1035 4599 1068 4668 η
1098 4596 1335 4660 εὐδοκία,
1365 4599 1433 4651 δι’
1452 4594 1523 4671 ἧς
1548 4603 1628 4663 εἰς
1657 4601 1724 4654 τὰ
1753 4603 1966 4669 πέρατα

399 4679 638 4754 ἐγνώσθη
673 4683 1000 4755 θεογνωσία⁶
1033 4691 1211 4758 χαῖρε,
1243 4690 1338 4742 τοῦ
1370 4691 1497 4744 Υίοῦ
1546 4693 1578 4760 ἡ
1619 4675 1957 4762 κατοίκησις,

398 4773 450 4822 ἐν
572 4774 600 4828 ὁ
637 4777 978 4847 σαρκοφόρος
1021 4781 1382 4850 προελήλυθε·
1431 4786 1612 4852 χαῖρε,
1664 4784 1760 4836 τοῦ
1805 4786 1958 4851 ἁγίου

395 4861 710 4932 Πνεῦματος
735 4869 1155 4939 κατοικητήριον
1181 4870 1419 4942 ἇῤῥητον
1437 4889 1451 4902 ο
1485 4875 1663 4943 χαῖρε,
1688 4874 1798 4926 τῶν
1825 4878 1960 4928 ἀσω-

397 4952 580 5008 ·ιάτων
603 4957 665 5008 τὸ
695 4957 1127 5031 πολυθρύλλητον
1161 4961 1346 5034 θαῦμα
1364 4978 1378 4993 °
1413 4966 1592 5034 χαῖρε,
1613 4965 1723 5018 τῶν
1749 4967 1958 5038 Χερου-

398 5043 488 5110 ιῑὶμ
543 5045 846 5118 ἁγιωτέρα·
897 5051 1090 5118 χαῖρε,
1145 5051 1252 5103 τῶν
1305 5053 1558 5123 Σεραφὶμ
1620 5053 1956 5130 ἐνδοξοτέρα.

2065 455 2170 511 est,
2202 461 2400 500 arcana
2451 446 2659 500 ratione
2709 441 2956 510 concepit
2987 439 3085 509 (7).
3119 437 3186 491 Et
3225 451 3357 489 sane
3402 435 3446 489 si
3492 433 3633 486 Deus

2058 539 2224 608 jussit
2263 539 2632 592 Abrahamum
2678 534 2876 589 alferre
2912 532 3139 586 vitulam
3187 529 3404 582 trimam
3451 535 3506 580 et
3549 540 3636 577 ca-

2065 627 2263 696 pellam
2299 628 2516 682 trimam
2547 627 2602 680 in
2639 627 2946 679 animarum
2977 619 3378 692 purgationem,
3405 630 3630 684 quomo-

2064 719 2137 774 do
2180 720 2340 790 virgo
2398 734 2430 772 a
2479 719 2756 774 creatione
2817 715 3004 768 mundi
3055 710 3456 782 praedestinata,
3486 718 3540 760 et
3567 720 3632 758 es

2065 810 2322 864 erunibus
2345 807 2787 880 generationibus
2807 807 2975 860 electa
3003 805 3058 857 in
3091 802 3432 870 impollutum
3461 795 3636 851 domi-

2073 903 2278 959 honore
2305 903 2466 973 digna
2499 911 2556 957 et
2588 917 2724 971 pura
2749 909 2803 954 ct
2827 897 3106 966 impolluta
3131 900 3328 956 exstat,
3355 899 3408 946 et
3434 889 3634 944 oblatio

2139 1083 2278 1138 XIV.
2307 1082 2354 1138 Ο
2383 1081 2663 1154 Synagoga
2685 1077 3139 1146 Jud:eorum,.qui
3175 1073 3450 1144 Virginem
3480 1087 3511 1126 e
3541 1072 3642 1126 tri-

2066 1175 2138 1229 bu
2161 1185 2337 1229 vestra
2367 1173 2710 1242 eﬂ'ulgentem
2730 1187 2836 1224 non
2856 1171 2948 1222 Dei
2972 1168 3194 1222 Matrem
3216 1165 3505 1226 habuistis,
3527 1165 3634 1217 imo

2065 1281 2194 1318 vero
2218 1265 2458 1318 convicia
2488 1262 2863 1336 indignissime
2891 1269 2946 1314 ct
3003 1257 3272 1328 protervis
3303 1256 3458 1309 labiis
3489 1255 3656 1322 inge-_

2067 1355 2210 1415 ritis,
2239 1363 2293 1408 et
2319 1352 2521 1406 invidia
2557 1353 2766 1405 incitati
2801 1349 2978 1404 eidem
3013 1347 3337 1416 iniustitiam
3367 1355 3420 1399 et
3454 1345 3634 1412 legum

2071 1451 2437 1512 contemptum
2463 1440 2833 1510 exprobratis;
2864 1439 3138 1508 quomodo
3166 1446 3427 1490 :eternum
3461 1435 3636 1488 Patris

2070 1533 2268 1587 Filium
2301 1533 2370 1586 ab
2399 1533 2515 1601 ipsa
2540 1531 2798 1585 extremis
2831 1530 3167 1598 temporibus
3194 1525 3494 1580 secundum
3523 1540 3644 1594 car-7

2072 1639 2196 1678 nem
2221 1622 2463 1692 genitum
2487 1622 2905 1690 haudquaquam
2927 1618 3246 1686 recepistis?
3268 1627 3320 1670 ct
3345 1633 3448 1668 non
3479 1614 3638 1667 modo

2073 1713 2286 1776 matris,
2317 1713 2409 1767 sed
2433 1720 2488 1766 et
2518 1712 2610 1764 lilii
2648 1711 2834 1779 gloria:
2860 1717 3108 1764 exsortes
3136 1706 3500 1770 remansistis,
3528 1719 3638 1757 non

2072 1805 2230 1874 quasi
2265 1804 2382 1874 ipse
2408 1817 2648 1872 praesens
2679 1801 2852 1856 factus
2882 1816 2979 1855 vos
3017 1802 3129 1853 ullo
3170 1801 3331 1854 modo
3364 1799 3507 1866 rejee

2073 1894 2166 1950 sed
2195 1893 2322 1965 quia
2353 1903 2534 1948 vestra
2569 1893 2772 1947 malitia
2802 1907 2924 1946 eum
2959 1891 3324 1960 repudiastis;
3362 1897 3417 1943 et
3453 1889 3554 1941 i..---

2071 1985 2344 2056 probitate
2376 1983 2617 2040 stultitia
2650 1995 2843 2039 vestra:
2881 1980 3236 2050 pervicaciter
3286 1992 3641 2048 pet-severam

2074 2084 2178 2138 tes,
2207 2076 2277 2131 ab
2305 2075 2590 2145 utriusque
2621 2075 2792 2146 gloria
2818 2073 3132 2128 excidistis!
3179 2072 3346 2141 Igitur
3379 2079 3638 2138 tanquam

2073 2166 2324 2223 homines
2371 2181 2606 2236 nequam
2657 2174 2713 2220 et
2763 2164 2913 2226 olim,
2961 2173 3017 2218 et
3064 2163 3312 2232 posthac,
3359 2162 3413 2214 in
3473 2157 3642 2214 totius

2075 2257 2261 2311 mundi
2296 2256 2415 2311 luce
2437 2255 2747 2310 collocastis
2775 2253 2976 2322 ﬂagitia
3002 2251 3394 2306 malevolentia
3421 2260 3636 2309 vestrae,

2069 2349 2224 2418 juxta
2254 2347 2552 2402 Salvatoris
2581 2347 2860 2401 oraculum
2891 2345 3176 2415 perspicue
3200 2343 3267 2396 de
3295 2341 3449 2394 vobis
3473 2339 3640 2410 signi-

2075 2437 2293 2492 ﬁcatum
2329 2455 2342 2493 :
2375 2437 2561 2498 Amen,
2586 2433 2736 2488 amen
2763 2436 2879 2489 dico
2903 2435 3068 2494 vobis,
3101 2433 3148 2486 si
3181 2433 3280 2500 ﬁlii
3313 2431 3539 2484 Abralue
3565 2446 3641 2484 es-

2075 2527 2218 2592 setis,
2247 2543 2402 2596 opera
2428 2527 2656 2582 Abraha:
2681 2527 2958 2603 faceretis;
2992 2525 3082 2579 ille
3114 2525 3254 2578 enim
3281 2525 3346 2578 de
3373 2541 3452 2577 me
3490 2523 3640 2576 locu-

2077 2629 2161 2673 tus
2207 2629 2323 2684 est;
2369 2635 2505 2672 nunc
2535 2629 2710 2671 autem
2747 2633 2810 2671 ex
2841 2617 3052 2671 diabolo
3093 2617 3240 2678 estis,
3282 2627 3331 2670 et
3377 2615 3640 2669 desideria

2073 2709 2242 2777 patris
2271 2708 2429 2762 vestri
2459 2707 2618 2761 uultis
2645 2707 2816 2776 facere
2843 2708 2908 2764 '°.
2937 2705 3002 2760 Et
3027 2707 3153 2760 alibi
3192 2721 3383 2759 rursus
3417 2723 3428 2758 :
3461 2703 3640 2758 Nolite

2074 2811 2262 2870 putare
2305 2801 2430 2869 quia
2459 2816 2550 2870 ego
2581 2808 2927 2853 accusaturus
2955 2800 3055 2851 sim
3091 2814 3178 2852 vos
3216 2797 3354 2866 apud
3383 2795 3596 2848 Patrem
3618 2805 3639 2848 :

2073 2897 2149 2941 est
2187 2888 2278 2958 qui
2317 2897 2530 2942 accusat
2567 2904 2654 2942 vos
2691 2887 2918 2958 Moyses,
2945 2889 2999 2940 in
3043 2903 3144 2956 quo
3183 2903 3271 2940 vos
3305 2885 3546 2954 speratis.
3581 2882 3640 2938 Si

2069 2981 2206 3033 enim
2257 2979 2534 3033 crederetis
2570 2978 2762 3049 Moysi,
2797 2979 3078 3032 crederetis
3111 2979 3335 3047 forsitan
3375 2986 3423 3030 et
3459 2975 3636 3028 mihi’:

2070 3072 2133 3122 de
2180 3083 2261 3123 me
2305 3069 2445 3124 enim
2493 3069 2584 3124 ille
2613 3070 2823 3138 scripsit
2846 3071 2912 3122 ³¹.
2949 3069 3016 3123 Ει
3048 3085 3240 3124 rursus
3273 3087 3287 3120 :
3323 3065 3383 3122 Si
3421 3085 3524 3122 nou
3553 3082 3640 3120 tie-

2070 3161 2284 3227 nissem,
2319 3170 2369 3214 et
2405 3161 2609 3215 locutus
2636 3161 2853 3230 fuissem
2891 3163 2986 3226 eis,
3029 3171 3301 3229 peccatum
3347 3174 3449 3212 non
3483 3155 3636 3210 habe.

2070 3260 2184 3303 rent
2201 3268 2222 3315 ;
2241 3267 2381 3306 nunc
2405 3262 2579 3307 autem
2600 3253 2988 3308 excusationem
3012 3268 3114 3305 non
3134 3251 3321 3304 habent
3343 3249 3406 3304 de
3428 3256 3639 3318 peccato

2068 3356 2164 3394 suo
2191 3339 2258 3396 ³¹.

2143 3618 2257 3674 XV.
2287 3619 2354 3674 At
2384 3621 2732 3695 nos'populus
2760 3621 2872 3684 Dei,
2897 3639 3030 3692 gens
3055 3631 3264 3684 sancta.
3289 3621 3642 3692 congregatio

2071 3710 2418 3780 acceptabilis
2441 3711 2508 3778 ⁸³,
2541 3712 2965 3766 orthodoxorum
3006 3715 3171 3778 acies,
3214 3713 3310 3766 ﬁlii
3356 3713 3640 3775 columbm,

2071 3773 2288 3886 soboles
2321 3801 2526 3872 gratiae,
2557 3802 2648 3872 qui
2682 3800 2822 3856 festo
2848 3803 2996 3856 cultu
3022 3773 3235 3873 agimus
3259 3773 3638 3858 tleductionem

2073 3890 2310 3962 Virginis
2333 3891 2386 3946 in
2414 3893 2698 3962 templum,
2721 3892 2873 3964 puris
2896 3893 3117 3956 animis,
3137 3894 3436 3963 impollutis
3462 3894 3638 3956 labiis,

2071 3979 2379 4034 mnltisonis
2412 3979 2612 4052 linguis
2660 3981 2717 4036 in
2754 3983 2856 4036 hac
2887 3981 3200 4037 celebritate
3228 3983 3460 4053 hymnos
3505 3999 3639 4038 sua-

2069 4070 2275 4125 vidicos
2305 4071 2652 4139 estollamus,
2691 4073 2901 4128 illustre
2943 4073 3049 4130 hoc
3083 4072 3306 4137 festum,
3335 4075 3639 4145 principem

2070 4159 2470 4216 solemnitatem
2511 4163 2717 4234 angelis
2749 4164 2926 4218 laetam
2975 4172 3029 4219 et
3065 4163 3345 4220 hominum
3377 4167 3640 4234 praedica~

2071 4249 2218 4304 tione
2272 4249 2672 4322 dignissimam,
2717 4254 2899 4322 prouti
2944 4267 3042 4324 par
3069 4261 3172 4320 est,
3199 4263 3641 4310 veneranteszet

2069 4341 2199 4394 illud
2231 4337 2337 4395 Ave
2369 4339 2638 4399 Gabrielis
2662 4358 2787 4398 cum
2816 4345 3119 4400 reverentia
3148 4353 3204 4400 et
3227 4344 3426 4416 gaudio
3447 4353 3640 4402 sancto

2067 4431 2474 4486 conclamemus
2501 4448 2516 4484 :

2133 4606 2267 4668 Ave,
2291 4603 2550 4658 delicium
2581 4605 2780 4670 Patris,
2805 4620 2902 4676 per
2930 4621 3094 4676 quant
3129 4607 3195 4661 ad
3230 4608 3453 4662 ultimos
3482 4616 3638 4662 terrai

2069 4698 2203 4751 lines
2246 4695 2338 4750 Dei
2369 4697 2610 4768 cognitio
2636 4696 2899 4752 manavit.
2941 4699 3076 4763 Ave,
3113 4698 3236 4752 Filii
3275 4699 3634 4766 domicilium,

2067 4787 2134 4840 de
2171 4801 2276 4855 qua
2313 4785 2402 4840 ille
2433 4801 2597 4842 carne
2626 4785 2851 4842 indutus
2882 4789 3098 4858 prodiit.
3138 4790 3270 4855 Ave,
3301 4791 3475 4844 sancti
3510 4791 3636 4861 Spi-

2066 4879 2204 4932 ritus
2227 4878 2596 4933 hahitaculum
2629 4878 2921 4934 ineﬂabile.
2944 4880 3078 4946 Ave,
3101 4897 3458 4952 supcrnarum
3487 4899 3637 4938 men-

2065 4969 2200 5022 tium
2233 4970 2660 5026 celebratissima
2701 4972 3012 5028 admiratio.
3047 4973 3180 5038 Ave,
3216 4975 3457 5030 sanctior
3496 4975 3636 5030 Che~

2067 5061 2282 5130 ruliim;
2315 5077 2434 5130 ave,
2460 5063 2747 5136 gloriosior
2765 5063 3054 5138 Seraphim
3078 5085 3094 5136 ;
3120 5084 3238 5135 ave,
3271 5069 3412 5124 coelo
3438 5068 3632 5132 latior;

755 5209 974 5299 nihil?
1016 5210 2022 5299 etii-“Illa\v’er‘lia,_ilghenint__de
2079 5237 2158 5275 me
2187 5221 2394 5276 locutus
2450 5233 2552 5288 est,
2619 5225 2674 5279 in
2709 5225 2998 5299 Evangelio
3048 5228 3298 5298 nuspiam
3357 5227 3629 5297 leguntur.

304 5255 310 5262 ’
397 5270 440 5302 ³³
474 5255 717 5344 Joati:
1019 5255 1098 5310 '3'
1123 5255 1988 5350 ξιοοηίιξνξρἑέίηδί’ἶίίίῑῗιῖιϊ.ί

585 5446 1096 5533 Exploratissimum
1169 5457 1322 5533 apud
1370 5457 1557 5517 Patres
1619 5463 1946 5533 principium
2019 5429 2027 5437 .

391 5514 629 5594 pripara:
671 5514 1066 5592 praerogatiua
1123 5541 1152 5580 a

389 5587 603 5640 tiendas
627 5604 765 5642 esse.

459 5655 538 5725 (ὅ)
565 5656 639 5711 Dc
669 5659 1098 5729 singularissima
1147 5669 1377 5735 puritate
1421 5688 1596 5727 sermo
1630 5684 1730 5730 est.
1774 5674 1942 5730 Porro

1206 5526 1323 5581 Filii
1371 5526 1738 5602 praerogativis
1773 5526 1947 5588 dimi:-

2052 5471 2120 5521 de
2171 5467 2315 5550 utilia
2345 5472 2602 5550 puellula
2643 5474 2863 5550 trienni
2889 5475 3025 5550 adeo
3075 5475 3369 5546 singularis
3419 5481 3624 5550 puritas

2053 5539 2391 5628 pra-dicatum
2431 5553 2516 5624 est
2551 5554 2627 5628 .ult
2661 5546 2780 5625 κατ’
2809 5544 3000 5625 ἐξοχὴν
3033 5539 3275 5602 innocens
3315 5539 3617 5619 :tppl'llclttr

2053 5612 2216 5731 potat;
2241 5609 2422 5729 Vilrgo,
2460 5614 2564 5668 nisi
2588 5615 2652 5670 de
2682 5609 3022 5672 immunitate
3049 5635 3077 5673 a
3115 5630 3332 5686 pet-cale
3352 5609 3422 5676 ὀι
3442 5621 3622 5692 iginali

2074 5695 2103 5730 ιι
2135 5697 2160 5726 ι·
2209 5697 2288 5733 ma
2321 5697 2405 5733 ur.

2229 5716 2371 5750 unus”
2391 5723 2405 5736 .
