4104 6262
413 363 534 434 5⁷ιῆ-

1439 363 1500 426 ε.
1535 365 1916 428 GREGORII
1958 365 2471 429 AGRIGENTINI
2503 363 2722 427 νιΤΑ·-..
2761 391 2768 396 ε

3579 354 3708 416 ὗῗῐῖέ

364 477 371 485 ·
412 457 562 512 mine
607 455 718 511 tuis
790 451 1047 524 precibus
1089 452 1405 523 propitiato,
1463 455 1529 508 ad
1588 457 2024 515 monasterium,

2127 472 2183 510 ια
2217 453 2606 522 ωνταξὼμεθα
2635 455 2750 515 τοῖς
2779 448 3048 516 ἀδελφοῖς,
3076 445 3176 501 καῖ
3197 445 3302 501 διὰ⁴
3338 445 3448 499 τῶν
3501 446 3683 516 saxa»

418 556 670 627 nostram
692 545 1014 600 'redeamus.
1049 543 1148 598 Cui
1181 545 1462 614 respondit
1491 546 1938 616 archiepiscopus
1972 565 1986 601 :

419 641 533 708 Age
563 636 718 692 hctus
747 635 991 700 discede,
1042 635 1238 701 Pater;
1273 635 1360 690 [ac
1411 646 1616 701 tamen,
1661 645 1856 692 sancto
1892 637 1984 692 die

417 726 746 794 Deminico,
794 727 886 796 qui
923 737 1047 796 post
1091 725 1296 782 Pascha
1331 727 1542 796 primus
1574 727 1702 792 erit,
1743 729 1850 783 huc
1890 729 1998 782 Do-

419 821 572 876 mitto
608 821 970 891 supplicatum
1004 819 1292 880 redeas,et
1311 821 1378 874 ad
1417 836 1514 875 nos
1539 821 1777 890 quoque,
1800 833 1858 874 ut
1885 821 1999 890 ipse

415 913 556 980 vult,-
593 921 867 967 revcrtare
902 928 917 966 :
958 909 1181 984 [xum]
1209 926 1316 980 quo
1359 920 1413 966 te
1429 913 1635 968 ultimis
1651 914 1998 968 salutationi-

415 1005 518 1060 bus
536 995 966 1076 ‘prosequamur,
1012 1014 1178 1072 atque
1207 1004 1296 1057 ubi
1331 1019 1429 1058 nos
1464 1005 1728 1073 precibus
1749 1005 1856 1060 tuis
1907 1021 1999 1062 so-

415 1094 562 1151 latus
611 1096 796 1158 fueris.
840 1095 894 1147 in
934 1110 1064 1164 pace
1104 1096 1342 1164 denique
1376 1105 1434 1149 tu
1484 1097 1655 1150 etiam
1713 1099 1778 1150 ad
1807 1112 2001 1150 mena-

418 1186 642 1242 sterium
680 1196 831 1239 tuum
867 1186 1250 1255 proﬁciscaris.
1271 1187 1472 1240 Aberat
1505 1197 1684 1240 autem
1705 1185 2002 1257 Gregorius

419 1290 548 1329 cum
584 1277 698 1329 haec
731 1275 902 1334 abbas
949 1292 1072 1329 cum
1120 1277 1537 1345 archiepiscopo
1572 1278 2006 1344 colloqueretur.

419 1365 490 1417 At
527 1365 783 1418 monachi
832 1365 1303 1433 archiepiscopum
1353 1346 1616 1426 venerati,
1666 1366 1994 1434 discessere,

419 1463 475 1506 et
505 1468 571 1508 eo
633 1469 744 1522 quo
777 1455 1208 1516 destinaverant,
1248 1469 1307 1508 se
1335 1455 1701 1510 contulerunt.

492 1539 636 1598 XVI.
684 1544 824 1598 Tum
889 1555 1110 1600 sanctus
1173 1547 1618 1615 archiepiscopus
1674 1545 2000 1618 Gregorium

419 1637 672 1699 arcessit,
707 1651 946 1706 eumque
973 1638 1058 1692 sic
1086 1637 1382 1706 alloquitur
1413 1639 1608 1702 :Audi,
1650 1618 1876 1709 (impuri
1901 1638 1999 1704 ﬁli,

421 1727 565 1782 scire
600 1727 702 1782 hoc
725 1735 776 1780 te
807 1728 960 1789 .voio,
997 1728 1296 1783 'dtuniuum
1361 1729 1600 1784 Marcum
1647 1732 1997 1795 monachum,

2102 564 2218 613 σου,
2252 549 2346 600 ὲάν
2374 546 2587 616 θέλημα
2612 543 2748 598 Θεοῦ
2783 544 2952 604 ἐστιν,
2987 539 3341 610 κατέλθωμεν
3371 539 3430 592 ἐν
3446 535 3525 608 τῷ
3557 537 3684 590 κελ-

2099 639 2200 711 λίῳ
2255 639 2434 712 ἡμῶν.
2479 639 2538 692 '0
2566 639 2622 716 δέ
2641 635 3064 708 ἀρχιεπίσκοπος
3092 632 3240 701 λέγει
3257 628 3407 700 αὐτῷ
3439 646 3454 661 °
3485 631 3683 683 Ἀπελ-

2100 731 2182 798 θε,
2223 733 2422 802 Πάτερ,
2459 729 2684 802 χαίρων,
2721 729 2816 782 καὶ
2847 727 3094 788 ποίησον,
3121 725 3228 786 ἕως
3259 725 3327 794 τῇ
3379 721 3512 794 ἁγίᾳ
3560 722 3677 776 Κυο

2105 825 2266 894 ριακῇ
2296 822 2391 876 τοῦ
2429 821 2766 889 Ἀντιπίισχα
2794 815 3164 884 ἀνταποδίδῳς
3182 808 3261 880 τῷ
3313 813 3504 885 Κυρίῳ
3575 812 3682 877 τὰς

2101 912 2264 980 εὐχάς
2295 928 2410 978 σου,
2467 912 2564 966 καὶ
2623 908 3020 980 ἀνεπίστρεψον
3084 905 3220 976 πρὸς
3271 905 3442 972 ἡμᾶς,
3495 902 3682 968 καθὼς

2105 999 2385 1071 βούλεται,
2415 1000 2502 1053 ἵνα
2535 997 2923 1066 συνταξὼμεθά
2961 1013 3064 1059 σοι,
3115 995 3210 1047 καὶ
3271 993 3528 1064 λάϐωμεν
3577 994 3701 1063 τὴν·

2102 1093 2271 1162 εὐχήν
2299 1108 2414 1152 σου,
2453 1093 2548 1145 καὶ
2584 1089 2757 1153 οὕτως
2786 1089 3018 1158 ἀπέρχει
3050 1087 3110 1138 ἐν
3135 1085 3326 1155 είρήνῃ
3374 1085 3468 1137 καὶ
3521 1084 3686 1148 αὐτὸς

2103 1187 2184 1249 είς
2225 1185 2334 1255 τὴν.
2355 1185 2550 1238 κέλ).αν
2581 1201 2696 1236 σου.
2727 1183 2841 1236 Οὐκ
2874 1178 2940 1251 ἦν
2962 1181 3020 1234 δὲ
3049 1181 3166 1249 μετ’
3203 1178 3383 1232 αὐτῶν
3406 1180 3434 1230 ὁ
3474 1177 3684 1248 Γρηγό-

2111 1293 2246 1348 ριος,
2289 1277 2378 1330 ὅτε
2413 1273 2588 1328 ταῦτα
2619 1275 2647 1326 6
2681 1271 2856 1334 ἁδσᾶς
2886 1271 2962 1339 τῷ
2989 1268 3404 1338 ἁρχιεπισκόπῳ
3449 1266 3685 1334 διελέγε-

2099 1383 2180 1422 το.
2216 1368 2326 1420 Καὶ
2354 1367 2682 1436 ποιήσαντες
2725 1366 3016 1434 μετάνοιαν
3041 1357 3262 1430 ἐξῆλθον
3299 1360 3365 1411 ἐκ
3429 1357 3524 1410 τοῦ
3581 1359 3685 1428 ἀρ-

2113 1459 2498 1530 χιεπισκόπου,
2538 1457 2632 1510 καὶ
2663 1455 2903 1522 ἀπῆλθον
2930 1455 3064 1506 ὅπου
3098 1451 3398 1504 ἐϐούλοντο.
3454 1445 3460 1451 “

2181 1551 2279 1616 ις’
2299 1589 2314 1602 .
2346 1550 2459 1603 Καὶ
2483 1550 2741 1616 φωνήσας
2765 1547 2793 1598 6
2822 1545 2975 1612 ἅγιος
3003 1543 3288 1611 Μακάριος
3323 1540 3418 1593 τὸν
3480 1539 3688 1610 Γρηγᾶ-

2108 1658 2249 1714 ριον,
2279 1639 2430 1706 λέγει
2455 1638 2606 1708 αύτῷ
2627 1655 2640 1668 ·
2666 1639 2956 1708 Ἀκουσον,
2989 1635 3179 1686 τέκνον
3226 1631 3266 1684 Γ
3273 1631 3517 1701 ρηγόριε,
3547 1631 3704 1684 ἔστω»

2105 1751 2193 1786 σοι·
2239 1732 2480 1800 γνωστὸν
2512 1731 2694 1796 τοῦτο,
2721 1727 2854 1800 παρ’
2907 1725 3066 1798 ἐμοῦ,
3128 1725 3214 1778 ὅτι
3251 1725 3278 1777 6
3339 1723 3498 1793 κύρις
3529 1723 3688 1792 Map-

422 1819 516 1884 qui
546 1825 598 1870 te
641 1817 746 1870 hnc
770 1816 1015 1881 deduxit,
1059 1818 1186 1870 hinc
1213 1819 1419 1872 abiisse
1450 1820 1746 1873 salutatqu
1803 1819 2000 1875 fratres

2127 1846 2198 1892 ιος
2230 1830 2258 1881 ὁ
2279 1827 2531 1898 μοναχὸς,
2554 1828 2581 1880 6
2605 1822 2828 1894 ἀγαγών
2850 1840 2909 1876 σε
2943 1821 3196 1888 ἐνταῦθα,
3219 1819 3489 1889 ἐπορεύθη
3516 1818 3692 1872 ἀσπά-

421 1907 517 1977 qui
553 1907 756 1988 circum
802 1909 854 1965 in
891 1919 1095 1962 Sanctae
1131 1907 1317 1963 Sionis
1351 1908 1548 1964 vicinia
1603 1911 1805 1981 degunt
1846 1930 1859 1966 ;
1893 1927 2001 1966 cat-

425 2005 605 2052 terum
639 1997 712 2051 illi
746 2013 774 2051 a
817 1998 974 2052 nobis
1007 1999 1382 2070 praescriptum
1416 2015 1560 2063 esse,
1623 2013 1683 2056 ut
1716 2000 2004 2058 Dominico

2107 1919 2307 1972 σασθαι
2359 1919 2488 1980 τοὺς
2552 1917 2818 1985 ἀδελφοὺς
2861 1916 2990 1980 τοὺς
3016 1915 3177 1976 ὄντας
3207 1908 3693 1978 κυκλόθεν’κύκλῳ

2107 2011 2208 2080 τῆς
2242 2009 2408 2078 ἁγίας
2446 2007 2608 2070 Σιὼν,
2631 2007 2728 2060 καὶ
2757 2005 3042 2076 ὡρίσαμεν
3064 2003 3232 2073 αὐτῷ.
3267 2002 3354 2055 ίνα
3380 1999 3706 2071 ἀναστρέψῃ,

421 2085 509 2140 die
538 2086 790 2155 proximo
817 2097 1122 2142 revertatur
1147 2088 1213 2142 ad
1249 2104 1384 2152 nos,
1419 2105 1521 2145 nec
1561 2091 1662 2145 nisi
1719 2101 1842 2160 post
1887 2108 2007 2146 mu-

2127 2101 2247 2172 ιιρὸς
2281 2101 2429 2170 ἡμᾶς
2446 2099 2506 2152 τὺ
2532 2099 2688 2166 ἀγιον
2715 2094 3184 2165 Ἀντιπάσχα,καὶ
3199 2094 3691 2162 συντάξηταιήμϊν,

427 2185 551 2229 ιιιο-
581 2177 902 2243 complexus
935 2177 1000 2230 ad
1035 2179 1424 2231 monasterium
1446 2195 1607 2232 suum
1648 2181 1824 2234 redire
1851 2181 2006 2236 velit.

429 2265 562 2334 Quae
589 2277 648 2320 ut
673 2267 742 2321 ab
772 2268 1188 2342 archiepiSt-Opo
1215 2271 1424 2338 accepit
1481 2268 1801 2339 Gregorius,
1846 2272 2012 2326 vehe-

437 2359 602 2410 menti
636 2357 794 2425 plane
836 2371 1070 2412 Intnrore
1125 2357 1354 2414 aﬂ'ectus
1399 2369 1522 2426 est;
1569 2363 1636 2414 ad
1710 2363 1832 2431 ejus
1882 2377 2012 2417 vero

437 2447 604 2518 pedes
629 2449 1020 2518 procumbens,
1075 2465 1183 2503 non
1218 2451 1340 2506 sine
1379 2454 1639 2524 Iacrymis
1673 2455 2016 2524 interrogare

432 2543 514 2595 sic
548 2541 713 2608 coepit
747 2559 760 2593 :
800 2540 960 2595 Pater
995 2543 1372 2610 sanctissime,
1413 2553 1470 2598 et
1491 2545 1720 2610 Christi,
1758 2546 1848 2600 cui
1899 2561 2016 2602 ser-

431 2631 536 2696 vis,
569 2647 812 2686 antorem
848 2635 1061 2698 merite,
1098 2636 1368 2688 undenam
1405 2644 1536 2690 sunt
1563 2638 1898 2705 magnanimi
1925 2637 2014 2693 ἱειί

433 2738 498 2778 ac
521 2723 1128 2791 providentissimiviri,
1159 2739 1299 2794 quos
1329 2727 1862 2794 equidem,domine,
1889 2727 2016 2784 hinc

433 2831 465 2870 e
497 2829 686 2870 sancta
711 2820 811 2870 hac
855 2825 996 2870 terra
1037 2819 1302 2872 otia-udos
1334 2820 1590 2886 putabam
1614 2819 1637 2872 ?
1662 2819 1760 2873 Cui
1799 2805 2011 2876 arcbie—

433 2911 692 2980 piscopns
735 2907 862 2974 ,-Ex
895 2911 1051 2971 urbe,
1083 2911 1280 2978 inquit.
1321 2910 1486 2964 Roma
1517 2911 1572 2964 hi
1610 2921 1739 2967 sunt
1762 2913 1897 2984 (85),
1932 2913 2014 2967 vi-

439 2999 572 3070 ginti
613 3001 681 3054 ab
709 3015 772 3055 ea
800 3001 992 3056 stadiis
1051 3017 1151 3054 nec
1181 3002 1399 3072 longius
1431 3002 1740 3058 habitantes
1767 3019 1784 3058 :
1829 3005 2018 3074 itaque

437 3093 636 3170 eodem
678 3097 912 3156 reverti,
947 3104 998 3148 et
1041 3095 1093 3148 in
1145 3097 1539 3150 monasterium
1581 3110 1740 3150 suum
1773 3097 2020 3166 recipere

441 3202 500 3242 se
533 3189 740 3242 Volunt.
790 3186 889 3241 llic
924 3203 1054 3242 vero
1085 3187 1386 3258 Gregorius
1423 3205 1436 3240 :
1472 3187 1702 3256 Vereor,
1727 3189 1912 3255 Pater,
1964 3201 2022 3246 ut

439 3293 537 3333 eos
589 3279 825 3344 amplius
896 3279 1127 3332 revisam
1165 3320 1178 3342 ,
1228 3290 1394 3348 atque
1476 3279 1616 3333 adeo
1677 3281 1836 3336 bonis
1909 3295 2036 3338 θοαί

441 3385 563 3424 rum
593 3370 848 3439 precibus
881 3369 1069 3424 infelix
1103 3371 1321 3425 carebo.
1355 3367 1737 3441 Nequaquam,
1789 3373 1864 3429 Iili
1892 3413 1906 3436 ,
1945 3391 2024 3429 re-

2113 2193 2205 2245 καὶ
2227 2189 2400 2253 οὕτως
2429 2189 2640 2260 ἀπέλθῃ
2657 2191 2714 2242 ἐν
2733 2187 2813 2258 τῷ
2837 2186 3034 2256 κελλίῳ
3059 2183 3249 2238 αὑτοῦ.
3279 2182 3548 2246 Ἀκούσας
3579 2181 3637 2234 δὲ
3665 2183 3710 2234 6-

2111 2278 2420 2349 Γρηγὸριος
2447 2277 2624 2330 ταῦτα
2657 2277 2812 2346 παρά
2855 2275 2952 2327 τοῦ
3009 2275 3480 2344 ἀρχιεπισκύπου,
3551 2271 3696 2324 πάνυ

2115 2370 2361 2441 ἐλυπήθη
2395 2370 2623 2440 σφόδρα,
2659 2369 2754 2422 καὶ
2777 2365 2961 2420 πεσὼν
2992 2364 3156 2436 παρὰ.
3203 2365 3334 2426 τοὺς
3375 2363 3543 2425 πόδας
3595 2360 3694 2417 τοῦ

2117 2462 2562 2534 ἀρχιεπισκόπου
2609 2459 2748 2530 μετὰ
2807 2458 3060 2530 δακρύων
3083 2457 3230 2525 λέγει
3265 2453 3415 2526 αὑτῷ
3449 2471 3463 2484 ·
3515 2453 3698 2524 Πάτερ

2119 2553 2392 2622 ἀγιώτατε
2419 2552 2695 2622 Μακάριε.
2728 2549 2882 2604 δοῦλε
2913 2548 3241 2618 ἠγαπημένε
3295 2545 3389 2600 τοῦ
3425 2541 3694 2615 Χριστοῦ,

2119 2645 2216 2700 καὶ
2251 2643 2416 2698 πόθεν
2446 2643 2586 2696 εἰσὶν
2612 2643 2663 2696 oi
2701 2640 3066 2712 μεγαλόψυχοι
3088 2639 3282 2709 ἄνδρες
3313 2629 3460 2690 οῦτοι
3489 2636 3540 2688 οι
3573 2651 3702 2704 προ⁶

2121 2735 2368 2808 ορατικοί
2400 2751 2415 2801 ;
2443 2735 2517 2800 ὡς
2547 2735 2694 2788 δοκεῖ
2721 2751 2831 2804 μοι,
2861 2733 3116 2794 δέσποτα,
3147 2732 3230 2784 ὅτι
3269 2732 3334 2782 ἐκ
3377 2728 3485 2782 τῶν
3527 2725 3702 2794 ἁγίων

2118 2829 2302 2882 τόπων
2333 2827 2540 2880 τούτων
2570 2825 2706 2878 εἰσὶν
2744 2817 2894 2878 οῦτοι
2938 2823 3234 2894 ἄνθρωποι.
3313 2819 3370 2873 '0
3403 2819 3478 2873 .δέ
3538 2819 3699 2887 ἀρχι-
3770 2878 3780 2886 _

2122 2918 2426 2980 επίσκοπος
2450 2915 2598 2983 λέγει
2631 2913 2765 2984 πρὸς
2792 2912 2956 2966 αὐτόν
2977 2929 2994 2944 ο
3029 2912 3253 2976 Τέκνον,
3291 2910 3357 2962 ἐκ
3383 2907 3484 2978 τῆς
3562 2907 3700 2958 Ῥω-

2125 3006 2300 3076 μαίων
2331 3005 2538 3068 πόλεώς
2575 3007 2712 3058 εἰσιν
2744 3003 2820 3068 ὡς
2855 3003 2964 3057 ἁπδ
3003 3001 3235 3056 σταδίων
3286 3001 3482 3062 εἴκοσι’,
3542 2998 3705 3051 κὰκεὶ

2124 3097 2406 3170 βούλονται
2435 3098 2851 3168 ἐπανακάμψαι,
2900 3096 2998 3150 καὶ
3041 3092 3298 3147 ἀπελθεῖν
3351 3092 3410 3143 ἐν
3441 3087 3520 3161 τῷ
3586 3090 3704 3160 ἰδίῳ

2123 3188 2342 3261 κελλίῳ.
2388 3189 2446 3244 '0
2467 3189 2524 3242 δὲ
2557 3189 2860 3260 Γρηγόριος
2919 3187 3070 3256 λέγει
3101 3201 3116 3217 ο
3149 3182 3449 3254 Φοϐοῦμαι,
3498 3183 3700 3252 Πάτερ,

2123 3283 2202 3353 μή
2239 3299 2356 3345 πως
2385 3282 2447 3334 οὐ
2485 3279 2770 3349 θεάσωμαι
2819 3279 2947 3344 τοὺς
3009 3276 3353 3348 ἀνθρώπους,
3381 3276 3476 3329 καὶ
3536 3273 3708 3344 μείνω

2125 3375 2362 3448 ὀρφανὸς
2389 3373 2501 3426 τῶν
2539 3373 2714 3444 εύχῶν
2745 3371 2946 3426 αὐτῶν.
2983 3371 3092 3425 Καὶ
3112 3369 3434 3442 ἀποκριθεὶς
3463 3371 3492 3422 6
3521 3369 3710 3438 ἀρχιε-

442 3461 668 3529 spondit
701 3461 1150 3530 archiepiscopus
1179 3477 1194 3514 :
1233 3463 1433 3530 quippe
1464 3462 1570 3518 huc
1603 3464 1670 3517 ad
1725 3480 1824 3521 nos
1883 3467 2024 3520 reJi-

2128 3467 2396 3528 πίσκοπος
2431 3461 2582 3518 εἶπεν
2608 3480 2622 3495 ο
2655 3464 2813 3534 Οὐχὶ,
2839 3463 3030 3516 τέκνον
3063 3477 3076 3490 ·
3107 3459 3260 3514 ἐνθεν
3323 3459 3540 3530 ἔχουσιν
3571 3458 3706 3513 ἀνα-

443 3551 554 3607 turi
579 3561 728 3608 sunt.
757 3551 851 3609 Sic
881 3553 1029 3607 enim
1072 3553 1206 3607 mihi
1240 3553 1498 3637 dominus
1521 3553 1739 3612 Marcus
1789 3573 2028 3628 spepon-

445 3643 546 3708 dit,
577 3659 657 3710 se,
682 3655 874 3699 sancto
899 3645 986 3700 die
1055 3643 1340 3701 Dominico
1381 3648 1476 3716 qui
1542 3649 1754 3718 primus
1810 3649 2029 3708 iuturus

445 3743 552 3799 est,
580 3735 628 3790 si
658 3734 799 3790 Deus
830 3747 1058 3801 annuat,
1091 3747 1351 3794 venturos
1383 3740 1452 3794 ad
1495 3755 1614 3804 nos,
1671 3751 1730 3796 ut
1784 3758 1852 3798 ex
1895 3759 2032 3798 con-

447 3825 594 3880 dicto
623 3827 840 3896 utrique
863 3835 1113 3883 nostrum
1145 3829 1282 3884 bene
1307 3840 1580 3900 precetur.

525 3915 688 3975 XVII.
724 3918 1062 3976 Versabatur
1101 3933 1290 3977 autem
1322 3922 1622 3996 Gregorius
1659 3941 1784 3982 cum
1819 3926 2034 3982 archie—
2104 3971 2107 3973 .

453 4009 698 4081 piseopo,
739 4013 840 4080 ipsi
883 4013 939 4066 in
970 4015 1450 4071 obsecrationibus
1479 4017 1754 4078 assidens,
1774 4027 1830 4072 et
1857 4019 2032 4073 virtu-

456 4110 539 4157 tes
575 4103 694 4172 ejus
721 4103 974 4174 piamque
1002 4107 1128 4161 vitae
1153 4109 1435 4163 rationem
1461 4107 1663 4162 imitari
1703 4111 2029 4167 conabatur.

457 4193 556 4250 \‘ir
608 4196 753 4250 enim
814 4206 934 4252 erat
971 4199 1172 4255 divinis
1223 4199 1463 4254 oraculis
1522 4200 1796 4256 addictus.
1853 4203 2034 4270 Quare

457 4287 754 4358 Gregorius
787 4291 1032 4360 quotidie
1067 4293 1310 4346 diluculo
1342 4293 1562 4346 lectoris
1593 4302 1774 4362 partes
1814 4295 2034 4352 assidue

456 4382 672 4453 agebat,
711 4391 908 4454 titagna
943 4384 1192 4438 omnium
1223 4384 1610 4450 admiratione,
1653 4403 1778 4442 cum
1821 4404 1923 4444 nec
1977 4392 2031 4446 in

458 4477 844 4547 percurrelnlis
877 4478 1033 4532 libris
1059 4477 1363 4548 quidquam
1389 4477 1622 4541 erraret,
1665 4491 1720 4536 et
1755 4482 1808 4536 in
1868 4483 2032 4538 intel-

463 4572 690 4644 Iigendo,
711 4583 908 4627 acutus
942 4579 1108 4636 esset,
1160 4588 1245 4640 ac,
1287 4575 1333 4629 si
1389 4574 1834 4647 archiepiscopus
1885 4593 2039 4633 man-

463 4664 668 4728 dasset,
709 4663 764 4716 in
813 4662 1220 4730 interpretando
1258 4677 1366 4716 non
1424 4663 1604 4718 minus
1661 4664 1918 4719 idoneum
1983 4683 2042 4720 se

2132 3557 2363 3630 στρέψαι
2393 3572 2407 3586 ⁸
2427 3556 2600 3620 οὔτως
2629 3556 2740 3627 γάρ
2777 3573 2866 3624 μοι
2903 3554 3160 3608 συνέθετο
3185 3555 3213 3606 6
3245 3550 3404 3622 κύρις
3458 3549 3714 3619 Μάρκος,

2131 3651 2218 3704 ἵνα
2243 3648 2378 3703 Θεοῦ
2413 3647 2660 3703 κελεύσει
2689 3649 2756 3718 τῇ
2786 3647 2920 3718 ἁγία
2946 3646 3199 3716 Κυριακῇ
3236 3645 3301 3715 τῇ
3343 3643 3440 3714 νέᾳ
3470 3641 3712 3696 καταλά-

2133 3743 2274 3796 ϐωσι
2295 3743 2432 3813 πρὸς
2462 3742 2630 3812 ἡμᾶς,
2665 3741 2742 3804 ὡς
2771 3739 2898 3811 ἔφη,
2928 3741 3020 3792 καὶ
3050 3735 3415 3808 ἀπολάϐωμεν
3457 3735 3568 3788 τῶν
3621 3737 3711 3788 εῦ-

2133 3836 2246 3906 χῶν
2289 3834 2470 3890 αὐτῶν
2503 3833 2825 3904 ἀμφότεροι.
2961 3881 2977 3899 ,

2208 3925 2308 3979 IZ'.
2343 3920 2452 3978 Ἦν
2485 3923 2542 3977 δὲ
2585 3925 2615 3976 6
2640 3922 2944 3994 Γρηγὸριος
2983 3921 3123 3990 μετά
3150 3919 3247 3974 τοῦ
3277 3919 3713 3990 ἆρχιεπισκόπου

2138 4014 2522 4086 προσεδρεύων
2544 4014 2695 4084 αὐτῷ
2727 4015 2847 4076 ταῖς
2870 4015 3082 4082 εὐχαῖς,
3116 4013 3207 4066 καὶ
3279 4010 3531 4082 ζηλωτὴς
3570 4010 3720 4078 γινὸι-

2141 4121 2304 4176 μενος
2331 4106 2432 4176 τῆς
2469 4105 2728 4176 ἐναρέτου
2763 4105 2857 4157 καὶ
2913 4103 3120 4172 σεμνῆς
3181 4102 3348 4156 αὑτοῦ
3393 4101 3672 4164 πολιτείας
3699 4116 3725 4131 τ

2143 4191 2214 4267 ἦν
2261 4196 2372 4266 γὰρ
2396 4196 2424 4248 6
2450 4195 2592 4265 ἀνὴρ
2621 4194 2911 4258 σπουδαῐος
2949 4195 3078 4265 περὶ
3110 4193 3178 4247 τὰ
3214 4192 3334 4248 θεία
3383 4191 3564 4260 λόγια.
3609 4189 3719 4244 Ἤν

2144 4289 2200 4342 δὲ
2228 4290 2256 4342 6
2283 4287 2585 4358 Γρηγόριος
2619 4285 2744 4340 καθ’
2805 4287 3044 4356 ἑκάστην
3089 4285 3301 4357 ἡμέραν
3360 4283 3721 4344 ἀδιαλείπτως

2145 4379 2224 4452 τῷ
2289 4379 2472 4452 ὄρθρῳ
2523 4378 2934 4448 ἀναγινώσκων,
2999 4377 3094 4430 καὶ
3145 4373 3563 4444 θαυμαζόμενος
3611 4372 3718 4427 ύπδ

2147 4472 2388 4532 πάντων,
2419 4467 2808 4530 ἀσολοικίστως
2835 4465 3182 4538 διερχόμενος
3206 4464 3304 4528 τὰς
3341 4461 3579 4532 βίϐλους,
3614 4461 3718 4514 πά-

2143 4565 2228 4619 λιν
2254 4564 2312 4616 δέ
2336 4561 2461 4626 ὀξὺς
2487 4564 2568 4624 εἰς
2598 4561 2662 4614 τὸ
2685 4560 2829 4612 νοεῖν
2870 4559 2966 4612 καὶ
2993 4557 3290 4628 χρήσιμος,
3348 4553 3722 4625 ἐπιτρεπόμε-

2145 4673 2236 4720 νος
2265 4655 2418 4726 παρά
2470 4654 2566 4706 τοῦ
2609 4651 3068 4723 ἁρχιεπισκόπου,
3127 4651 3184 4702 ἐν
3233 4649 3352 4710 ταῖς
3407 4645 3724 4718 ἑρμηνείαις

463 4752 714 4824 proderet
773 4768 936 4822 quam
969 4753 1300 4810 modestum.
1341 4756 1519 4823 Atque
1576 4755 1690 4809 haec
1726 4765 1846 4810 erat
1907 4757 2024 4812 Gre-

2133 4745 2291 4818 γμετὰ
2321 4745 2504 4813 πάσης
2535 4739 3054 4811 ταπεινοφροσύνης.
3089 4735 3278 4798 Οὕτως
3309 4735 3372 4787 δὲ
3395 4735 3570 4787 ἐποίει
3627 4730 3728 4786 πάνυ

468 4820 606 4915 ίζοιῆἱ
638 4820 966 4916 quotidiana
1007 4845 1319 4914 occupatio,
1360 4820 1500 4900 utet
1553 4846 1757 4902 divinis
1820 4846 2024 4902 Litteris

2155 4848 2254 4894 σας
2283 4830 2380 4894 τάς
2410 4829 2628 4898 ἡμέρας
2671 4827 2701 4880 6
2733 4825 3058 4898 Γρηγόριος,
3101 4821 3383 4894 σχολάζων
3419 4825 3484 4892 τῇ
3527 4820 3726 4891 μελέτῃ

467 4952 690 5006 Operam
711 4937 923 5010 {xxxiv}
951 4939 1125 5002 daret,
1154 4947 1208 4990 et
1237 4937 1288 4990 in
1309 4937 1781 4992 obsecrationibus
1815 4954 1872 4992 se
1898 4954 2048 4993 exer-

469 5039 656 5085 ceret:
698 5030 883 5083 cibum
915 5039 1104 5084 contra
1142 5030 1308 5084 semel
1345 5029 1400 5082 in
1460 5030 1602 5084 diem
1643 5039 1908 5096 sumeret,
1947 5031 2048 5085 hn-

471 5121 546 5176 mi
605 5121 848 5184 cubaret,
906 5123 1200 5190 plurimum
1257 5121 1524 5191 vigilaret,
1575 5121 1768 5176 balneo
1833 5137 2052 5192 semper

473 5213 794 5269 abstineret.
843 5214 1126 5270 Dominico
1163 5215 1384 5270 demum
1425 5215 1515 5270 die
1543 5213 1611 5270 ad
1648 5230 1930 5284 vesperam
1965 5231 2052 5270 re-

476 5311 624 5366 diere
651 5310 906 5364 monachi
935 5310 987 5364 in
1020 5319 1266 5365 sanctam
1329 5311 1544 5376 urbem,
1579 5323 1632 5366 et
1685 5311 2056 5381 archiepisco-

481 5419 610 5477 pum
661 5413 824 5474 atqne
857 5403 1037 5474 ipsum
1071 5403 1270 5460 deinde
1309 5402 1636 5473 Gregorium
1703 5402 2052 5459 inviserunt:

562 5543 674 5612 (85)
713 5539 1134 5604 Monastrrium,
1181 5538 1237 5592 ni
1273 5535 1594 5612 fallor,__hic
1638 5536 1961 5612 designatur
1989 5536 2058 5592 ad

489 5606 675 5680 Aquas
708 5613 920 5666 Salvias
965 5628 978 5664 :
1012 5626 1187 5677 neque
1225 5609 1370 5663 enim
1423 5606 2060 5680 aliud__uspiam_fuisse

496 5677 646 5748 novi,
675 5683 818 5751 quod
855 5683 982 5736 item
1018 5680 1246 5751 milliara
1268 5679 1376 5751 duo
1407 5693 1530 5733 cum
1563 5677 1790 5751 dimidio
1819 5677 1888 5730 ab
1923 5677 2058 5751 urbe

499 5747 749 5807 distaret.
791 5751 1022 5804 Martino
1072 5749 1088 5802 I
1159 5750 1420 5804 I‘ontilice
1477 5748 1714 5801 maximo
1773 5763 1917 5799 anno
1951 5747 2054 5800 519

505 5831 732 5892 praeerat
803 5821 874 5873 illi
906 5819 1228 5892 Gregorius
1264 5858 1277 5881 ,
1339 5819 1426 5889 qui
1461 5819 1552 5892 “in
1613 5817 1845 5892 caprilia
1880 5815 2056 5892 Inito-

507 5886 724 5946 i‘ancnsi
757 5889 916 5962 (apud
959 5886 1121 5946 nam.
1155 5891 1322 5947 (Jour.
1358 5886 1403 5944 ἰ.
1457 5887 1544 5953 ιιι,
1583 5903 1632 5956 p.
1672 5887 1816 5951 7:12),
1861 5886 2056 5941 dicitur

2150 4923 2260 4977 τῶν
2285 4921 2446 4976 θείων
2477 4917 2734 4992 Γραφῶν,
2764 4919 2858 4970 καὶ
2884 4913 3319 4987 προσκαρτερῶν
3342 4915 3407 4984 τῇ
3448 4915 3726 4984 προσευχῇ

2153 5015 2250 5068 καὶ
2277 5015 2346 5084 τῇ
2371 5012 2579 5081 δεήσει,
2614 5009 2762 5074 ἅπαξ
2807 5007 3002 5061 ἐσθίων
3037 5006 3135 5079 τῆς
3163 5007 3404 5076 ἡμέρας,
3429 5003 3732 5075 χαμευνίαν

2152 5121 2212 5158 τε
2246 5103 2340 5157 καὶ
2379 5101 2688 5173 ἀγρυπνίαν
2718 5098 3082 5160 ἀδιαλείπτως
3112 5095 3476 5168 κεκτημένος,
3528 5094 3732 5164 ὁμοίως

2153 5195 2211 5250 δὲ
2241 5193 2334 5248 καὶ
2377 5191 2655 5246 ἀλουσίαν.
2698 5187 3132 5258 Καταλαὸούσης
3167 5187 3224 5240 δὲ
3255 5187 3354 5256 τῆς
3400 5185 3562 5253 ἁγίας
3620 5183 3732 5236 Κυμ-

2159 5285 2377 5360 ριακῆς,
2419 5282 2558 5354 πρὸς
2593 5280 2840 5352 ἑσπέραν
2871 5277 3216 5349 ἀνέστρεψαν
3241 5280 3289 5331 οἱ
3323 5277 3550 5348 μοναχοὶ
3578 5275 3635 5326 ἐν
3666 5276 3731 5342 τῇ

2160 5375 2291 5446 ἁγίᾳ
2321 5371 2481 5439 Σιὼν,
2505 5373 2598 5425 καὶ
2660 5370 2992 5433 εἰσελθόντες
3045 5369 3364 5438 ἠσπάσαντο
3428 5369 3520 5420 τὸν
3580 5367 3732 5436 ἀρχι-

2167 5527 2188 5563 ι
2226 5507 2378 5562 Abba
2409 5504 2686 5575 presbyter
2719 5500 3040 5575 venerabilis
3072 5498 3388 5575 monasterii
3423 5495 3730 5575 denCilicia,

2164 5580 2256 5650 qui
2286 5566 2596 5650 potiititr_in
2623 5576 2805 5650 Aquas
2837 5571 3069 5650 salt-ias,
3097 5570 3240 5650 quod
3275 5569 3328 5650 i_u
3363 5568 3464 5622 hac
3493 5566 3739 5650 Rutnana

2164 5633 2381 5704 civit-ate
2405 5645 2650 5700 habitare
2677 5633 3034 5710 dignoscitur.
3075 5657 3093 5710 ι
3117 5633 3390 5710 Ejusdem
3418 5633 3740 5710 monasterii

2166 5717 2413 5775 nti-minit
2435 5716 2593 5769 Liber
2621 5705 2952 5765 I‘oniilicalts
2983 5711 3032 5763 in
3079 5705 3256 5763 Leone
3307 5707 3370 5762 ιιι
3428 5708 3506 5778 (ιι.
3544 5705 3660 5772 80),
3683 5709 3744 5757 et

2167 5788 2452 5846 Benedicto
2488 5785 2554 5840 III
2591 5784 2668 5854 (ιι.
2700 5782 2813 5852 iii).
