4104 6262
399 355 504 420 ιπ

1391 351 1456 416 S.
1499 349 1877 411 GREGORII
1917 347 2428 410 ‘AGRIGENTINI
2481 349 2672 410 VITA.

3544 339 3657 406 578

393 457 716 540 ιπίσκοπον,
740 459 926 516 λοιπδν
951 461 1010 515 δὲ
1041 463 1138 516 καὶ
1162 461 1253 515 τὸν
1269 461 1570 535 Γρηγόριον
1600 479 1613 492 ·
1645 463 1774 533 ὃλην
1797 461 1856 514 δὲ
1879 461 1980 533 τὴν

2093 461 2407 531 quibuscum
2450 462 2497 516 is
2526 473 2744 516 noctem
2779 459 2959 530 exegit
2995 467 3164 514 totum
3197 455 3510 527 vigilando;
3558 452 3658 505 tie-

401 563 576 606 νύκτα
600 553 717 622 μετ’
769 550 952 606 αὐτῶν
985 548 1054 624 ἦν
1102 551 1132 603 δ
1161 553 1472 624 ,Γρηγόριος
1505 554 1736 629 ἄὶῇπνος,
1770 551 1976 605 κλαίων

403 647 501 699 καὶ
526 643 785 713 δεόμενος
824 643 1028 709 αὐτῶν,
1058 645 1209 707 ὅπως
1239 642 1533 708 ἀνενδότως
1565 643 1815 714 εὖχονται
1837 641 1978 714 ὑπὲρ

403 735 570 789 αὐτοῦ
591 751 604 763 ·
633 733 721 788 ἶνα
739 733 921 798 καλῶς
952 733 1178 808 διανύσῃ
1192 735 1284 787 τὸν
1313 733 1514 804 δρόμον
1539 735 1640 804 τῆς
1665 734 1977 804 μετανοίας,

403 826 502 879 καὶ
514 824 721 895 ἀξιωθῇ
736 826 836 896 τῆς
855 825 1074 896 μερίδος
1087 825 1270 878 αὐτῶν
1292 825 1666 896 εύρηθῆναιὲν
1687 827 1752 896 τῇ
1772 824 1980 895 φοϐερᾷ

402 915 590 988 ἡμέρᾳ
604 915 698 976 τοῦ
727 917 935 988 Κυρίου
969 916 1146 986 Ἰησοῦ
1160 917 1744 987 Χριστοῦ.Γενομένης
1757 916 1815 969 δὲ
1841 915 1982 986 ἠμέ-

405 1025 528 1076 ρας,
559 1003 724 1078 ἦλθον
753 1007 891 1078 πρὸς
921 1007 1013 1060 τδν
1044 1005 1348 1075 ἁγιώτατον
1375 1009 1813 1079 ἀρχιεπίσκοπον
1859 1007 1982 1060 Μα-

410 1099 620 1170 κάριον,
651 1099 747 1152 καὶ
767 1098 950 1152 πεσὼν
984 1099 1137 1170 παρά
1169 1099 1296 1163 τοὺς
1326 1100 1494 1164 πόδας
1523 1099 1690 1152 αὐτοῦ
1719 1099 1750 1152 ὁ
1807 1097 1984 1162 ἀθϐἄς

409 1188 658 1257 Μάρκος,
719 1185 867 1256 λέγει
923 1188 1520 1260 αὐτῷονΕδξαιὼπὲρν
1563 1189 1741 1258 ἡμῶν,
1801 1188 1984 1257 Πάτερ

401 1276 682 1344 Emerui
715 1279 1038 1332 ἀπόστειλον
1067 1281 1217 1351 ἡμᾶς
1247 1279 1344 1333 τοῦ
1393 1280 1725 1350 πορευθῆναι
1765 1281 1858 1342 -είς
1916 1277 1986 1330 ’τδ

409 1368 774 1422 δουλικόννσου
803 1370 1011 1424 κελλίον
1036 1365 1228 1442 ἡμῶν,
1255 1372 1314 1424 '0
1357 1370 1415 1424 δὲ
1445 1369 1599 1439 ἀγιος
1631 1367 1982 1442 ἀρχιεπίσκο-

410 1477 512 1524 πος
541 1460 830 1530 Μακάριος
871 1461 1082 1524 ἐπιθεὶς
1119 1461 1202 1515 ἐνὶ
1231 1462 1450 1533 ἑκάστῳ
1485 1461 1664 1514 αὐτῶν
1701 1462 1801 1532 τὴν
1827 1461 1984 1530 χεῖρα

411 1551 504 1604 καὶ
541 1550 681 1621 ἄρας
704 1551 832 1615 τοὺς
867 1551 1186 1623 ὀφθαλμοὺς
1215 1553 1382 1606 αὑτοῦ
1407 1555 1486 1616 είς
1507 1553 1600 1606 τὸν
1629 1552 1862 1622 οὐρανὸν
1910 1545 1988 1602 εἷ-

411 1657 512 1694 πεν
535 1655 552 1671 ο
604 1641 663 1694 Ὁ
699 1640 832 1706 Θεὸς
855 1642 885 1694 ό
913 1643 1152 1712 ποιήσας
1175 1642 1269 1695 τὸν
1305 1643 1556 1713 οὐρανὸν,
1587 1641 1688 1695 καὶ
1725 1639 1826 1710 τὴν
1855 1641 1983 1709 γῆν,

411 1731 506 1786 καὶ
528 1733 626 1804 τὴν
671 1733 967 1800 θάλασσαν,
999 1736 1095 1789 καὶ
1146 1737 1322 1790 πάντα
1377 1738 1436 1790 ὲν
1466 1736 1668 1800 αὐτοῖς,
1715 1736 1744 1788 ὁ
1809 1735 1986 1786 πάντα

399 1826 772 1896 ἐπιστάμενος
803 1829 934 1895 πρὶν
977 1829 1250 1897 γενέσεως
1282 1827 1482 1892 αὐτῶν,
1514 1826 1676 1888 αὐτὸς
1722 1825 1988 1878 διάσωσον

412 1919 650 1982 καὶτοὺς
681 1919 902 1984 σούλους
927 1937 1026 1974 σου
1075 1920 1300 1985 τούτους
1333 1915 1358 1952 ε’
1396 1919 1445 1974 οἳ
1502 1919 1599 1972 καὶ
1645 1917 1736 1970 διὰ
1789 1917 1852 1970 rb
1900 1917 1991 1972 σὺν

407 2009 567 2080 ἅγιον
592 2011 764 2080 δνομα
796 2015 1164 2085 παρεγένοντο
1193 2011 1428 2066 ἐνταῦθα
1453 2009 1548 2064 τοῦ
1585 2009 1714 2062 ίδείν
1747 2009 1843 2062 καὶ
1895 2025 1992 2060 πε-

397 2101 776 2170 ι“ριπτύξισθαι
809 2107 936 2168 τοὺς
964 2106 1156 2173 ἁγίους
1184 2103 1390 2167 τόπους
1421 2103 1672 2164 τούτους,
1703 2102 1766 2154 ὲν
1797 2095 1878 2164 οἷς
1921 2099 1991 2153 τὰ

410 2193 559 2264 ὑπὲρ
591 2195 752 2270 ἡμῶν
776 2194 942 2260 ἐδέξω
973 2196 1106 2265 ἀγια
1146 2197 1448 2268 παθήματα
1475 2211 1491 2226 ·
1523 2197 1584 2247 οὗ
1619 2194 1779 2264 μόνον
1825 2193 1881 2246 δὲ
1909 2193 1990 2255 εἰς

414 2285 572 2339 τοῦτο
600 2287 804 2351 κόπους
825 2285 1248 2358 ὖπομείναντες,
1285 2288 1424 2344 ἀλλά
1451 2288 1552 2340 καὶ
1587 2285 1801 2357 καρπὸν
1844 2284 1992 2349 ἀξιον

412 2377 645 2445 ἄγοντες
674 2379 774 2447 τῆς
811 2380 1128 2448 μετανοίας,
1190 2379 1270 2450 τῷ
1295 2377 1376 2448 σῷ
1437 2379 1626 2450 κράτει
1668 2378 1762 2429 καὶ
1813 2373 1989 2448 Ἰησοῦ

414 2469 652 2538 Χριστοῦ
675 2471 1208 2540 εύπροσενὲγκαντες
1235 2472 1326 2524 τὸν
1347 2469 1533 2524 δοῦλόν
1555 2487 1648 2524 σου
1665 2469 1872 2534 τοῦτον,
1901 2468 1992 2522 τὸν

417 2562 922 2632 συμπαρεστηκὸτα
957 2562 1203 2633 σὺνὴμίν
1236 2562 1470 2616 ἐνώπιόν
1498 2579 1590 2616 σου
1617 2580 1630 2594 ·
1664 2563 1759 2616 καὶ
1791 2561 1880 2625 δδς
1897 2561 1992 2614 αύ-

417 2653 528 2715 τοϊς
563 2655 622 2704 ὲν
643 2651 842 2725 εἰρήνῃ
869 2653 1222 2725 πορευθῆναι,
1253 2655 1402 2708 κατά
1429 2654 1491 2708 τδ
1531 2654 1621 2708 σὺν
1673 2655 1989 2724 εὐάρεστον,

416 2743 496 2798 ὅτι
527 2746 682 2812 ἅγιος
705 2743 756 2799 εί
783 2749 864 2810 είς
891 2749 1019 2810 τοὺς
1043 2747 1249 2811 αίῶνας
1278 2747 1390 2801 τῶν
1422 2745 1654 2802 αἰώνων.
1686 2749 1796 2801 Καὶ.
1855 2746 1993 2800 πάν-

415 2853 524 2889 των
566 2836 739 2908 Ἀμὴν
761 2837 1184 2910 ἀποκριθέντων,
1221 2841 1609 2910 ἀσπασάμενος
1639 2839 1728 2898 τόν
1751 2855 1809 2890 τε
1837 2837 1988 2908 Μάρ-

419 2944 515 2980 τιον
541 2930 634 2982 καὶ
661 2930 986 3000 Σεραπίωνα
1017 2930 1112 2983 καὶ
1140 2931 1391 2984 Λεόντιον
1419 2930 1496 3002 τῷ
1531 2929 1670 3001 ἁγίῳ
1719 2929 1989 3000 φιλήματι

414 3017 707 3075 ἀπέλυσαν.

405 3195 1026 3269 ¹’ῘΗ’.Εἶτα’ὸΓρηγόριος
1088 3199 1401 3272 σίσδραμὼν
1451 3201 1759 3272 ἐκράτησεν
1809 3201 1990 3255 αὐτῶν

407 3285 542 3346 τοὺς
570 3286 735 3350 πόδας
763 3288 963 3342 κλαίων
992 3288 1087 3342 καὶ
1117 3288 1293 3356 λέγων
1316 3305 1331 3320 ’
1377 3291 1670 3362 Ἐλεήσατε
1707 3283 1862 3358 κὰμε
1897 3290 1988 3344 τὸν

412 3375 739 3446 ἁμαρτωλὸν
769 3380 862 3432 καὶ
890 3380 1162 3435 ταπεινόν.
1200 3381 1266 3434 Τί
1321 3383 1572 3454 ποιήσω;
1635 3384 1788 3439 αὐτοὶ
1827 3382 1987 3450 γεγόέ

413 3482 542 3520 νατε
584 3468 723 3536 μετὰ
751 3471 884 3525 Θεὸν
913 3472 1162 3541 πρόξενοι
1204 3473 1306 3542 τῆς
1362 3473 1504 3545 ἐμῆς
1539 3475 1818 3546 σωτηρίας
1852 3491 1866 3504 ο
1921 3473 1988 3528 δι’

417 3559 574 3627 ὑμῶν
597 3560 882 3632 ἐδιδάχθην
906 3563 974 3616 τὰ
1004 3563 1252 3634 σύμϐολα
1284 3565 1381 3635 τῆς
1438 3567 1652 3636 ἀγαθῆς
1688 3566 1986 3635 πολιτείας,

401 3655 466 3704 .εί
495 3654 590 3705 καὶ
621 3653 724 3705 οὐκ
762 3655 931 3724 ίοχύω
968 3655 1202 3725 φυλάξαι
1233 3673 1244 3687 ·
1295 3657 1452 3710 αὐτοὶ
1482 3657 1573 3710 τὸν
1625 3657 1759 3726 ὲμδν
1822 3658 1978 3730 eam.

419 3742 628 3813 ρώσατε
658 3744 842 3807 πόθον,
885 3747 980 3800 καὶ
1005 3747 1342 3816 πλανόμενον
1363 3748 1615 3821 εὑρόντες
1645 3750 1988 3806 ἀνεστώσατε

415 3835 525 3886 ἀπὸ
558 3833 754 3888 πολλοῦ
786 3826 1056 3902 κλύδωνος
1083 3840 1162 3903 είς
1195 3839 1390 3910 λιμένα
1409 3838 1604 3896 εῦδιον.
1635 3841 1701 3893 τί
1731 3843 1983 3912 ποιήσω;

415 3925 534 3988 πῶς
563 3927 716 3996 ὑμῶν
749 3929 1024 4000 χωρισθῶ,
1053 3932 1266 4000 “inps;
1287 3931 1381 3984 καὶ
1427 3931 1685 4000 ἀδελφοίς
1752 3932 1856 3986 ποῦ
1921 3951 1986 4002 με

415 4018 781 4084 παρατίθεσθε
813 4021 967 4090 ὑμῶν
1004 4023 1390 4093 πορευομένων
1415 4065 1428 4085 ,
1449 4023 1631 4094 κύριοί
1687 4041 1822 4093 μους
1857 4021 1989 4079 Εἶτα

419 4109 559 4175 μετὰ
586 4109 760 4164 ταῦτα
789 4111 936 4178 λέγει
967 4113 1116 4184 αύτῷ
1155 4116 1183 4166 ό
1209 4114 1384 4178 ἀδδᾶς
1415 4132 1429 4146 ο
1461 4116 1553 4186 Μὴ
1581 4102 1752 4180 οὕτως
1791 4118 1989 4172 ἀπολο-

417 4199 610 4267 φύρου,
637 4204 824 4258 τέκνον
848 4221 863 4235 ’
889 4238 894 4242 -
918 4205 1340 4276 παρατιθέμεθά
1393 4225 1452 4260 σε
1514 4211 1594 4271 είς
1653 4209 1748 4262 τδν
1783 4209 1988 4281 Κύριον

428 4291 632 4360 Ἰησοῦν
657 4295 889 4364 Χριστὸν
920 4296 1014 4349 τὸν
1050 4297 1174 4350 Υιὺν
1205 4297 1300 4350 τοῦ
1339 4298 1474 4352 Θεοῦ
1503 4301 1598 4354 τοῦ
1654 4299 1882 4366 ζῶντος,
1928 4302 1986 4356 ὃν

415 4382 608 4451 ᾐρὴσω
638 4385 700 4437 ἐκ
733 4384 984 4440 παιδόθεν
1022 4404 1140 4451 σου,
1191 4387 1282 4441 τὸν
1322 4389 1632 4444 καλέσαντὰ
1687 4407 1746 4444 σε
1799 4392 1990 4458 κλήσει

418 4473 568 4544 ἁγίᾳ,
598 4473 674 4534 ὡς
713 4476 842 4530 ποτὲ
865 4478 956 4530 τὸν
987 4479 1273 4560 προφήτην
1303 4480 1559 4552 Σαμουὴλ
1591 4481 1684 4534 ἐπὶ
1712 4482 1808 4536 τοῦ
1846 4483 1991 4550 Ἠλὶ,

417 4563 514 4616 καὶ
541 4565 873 4634 συνάριθμον
905 4567 1096 4638 ἔχοντα
1133 4570 1227 4624 τοῦ
1258 4570 1424 4641 χοροῦ
1454 4571 1565 4624 τῶν
1623 4572 1798 4642 ἁγίων
1860 4591 1998 4644 προ·

418 4653 624 4721 φητῶν,
657 4653 845 4709 λοιπὸν
895 4657 951 4708 δὲ
1020 4659 1114 4712 καὶ
1175 4663 1254 4723 είς
1301 4661 1393 4714 τὸν
1455 4661 1634 4716 κοινὸν
1693 4664 1850 4734 ἡμῶν
1905 4667 1999 4720 καὶ

417 4747 789 4816 πνευματικὸν
816 4749 972 4818 ἡμῶν
997 4752 1216 4822 Πατέρα
1243 4752 1336 4808 τὸν
1386 4753 1543 4822 ἅγιον
1587 4755 1877 4826 Μακάριον
1907 4757 1997 4812 τὸν

416 4837 865 4906 ἀρχιεπίσκοπον,
896 4841 988 4895 τὸν
1020 4842 1212 4912 ἔχοντα
1236 4845 1510 4916 διοικῆσαι
1537 4845 1608 4900 τὰ
1629 4847 1774 4902 κατά
1809 4847 1868 4902 σὲ
1897 4850 1996 4920 οἴῳ

417 4925 608 4999 βούλῃ,
631 4927 818 4999 τρόπῳ
845 4929 1055 5000 ἀγαΊῷ.
1075 4933 1182 4984 Καὶ
1198 4935 1479 5004 κρατήσας
1497 4935 1663 4989 αὑτὸν
1680 4936 1781 5007 τῆς
1811 4939 1997 5009 χειρδς

417 5013 641 5085 ἔρριψεν
668 5017 828 5071 αὑτὸν
857 5019 884 5070 δ
911 5018 1088 5082 ἀδδέις
1117 5023 1196 5084 είς
1214 5026 1341 5085 τοὺς
1364 5023 1532 5086 πόδας
1552 5023 1644 5077 τοῦ
1669 5025 1832 5095 ἁγίου
1879 5029 1998 5081 Μα-

416 5108 614 5178 καρίου
644 5109 852 5178 λέγων’
886 5113 1068 5184 Πάτερ
1089 5112 1410 5181 τιμιώτατε,
1443 5116 1537 5169 καὶ
1565 5109 1722 5182 οὗτος
1749 5119 1846 5173 σὺν
1868 5120 1999 5190 ἡμῖν

421 5196 486 5248 ἐκ
539 5199 634 5267 τῆς
691 5203 929 5272 ποίμνης
973 5201 1070 5271 τῆς
1102 5201 1398 5274 καθολικῆς
1441 5195 1767 5277 Ἐκκλησίας
1807 5209 1956 5263 ἐστίν
1983 5223 1995 5237 ·

425 5285 608 5354 μέλλει
639 5283 748 5357 γὰρ
775 5291 868 5341 καὶ
900 5289 1064 5353 αὐτὸς
1091 5290 1217 5354 τοὺς
1244 5291 1437 5357 οἴακας
1458 5293 1710 5364 δέχεσθαι
1740 5299 1840 5368 τῆς
1873 5299 1998 5353 Ἕκ-

421 5375 672 5446 κλησίας,
700 5380 890 5450 καὶτῷ
921 5381 1168 5452 πηδαλίῳ
1199 5383 1296 5454 τῆς
1315 5382 1662 5450 διδασκαλίας
1693 5403 1998 5458 πνευματι-

420 5465 507 5536 κῷ
537 5468 812 5542 κυδερνᾷν
860 5472 1030 5544 αὐτὴν
1075 5473 1373 5544 ἀλὼσητον.
1417 5475 1559 5531 Ἀλλ’
1585 5477 1768 5544 αὐτὸς,
1813 5480 1998 5554 Πάτερ

421 5560 602 5631 ἡμῶν,
635 5563 729 5616 καὶ
758 5565 948 5618 τούτου
981 5567 1265 5639 φρόντισον
1295 5569 1394 5640 τῆς
1426 5570 1604 5642 ψυχῆς
1639 5571 1734 5625 τοῦ
1762 5573 1996 5639 κάλλους

420 5653 590 5706 αὐτοῦ
617 5656 715 5724 τὴν
737 5657 1071 5729 εὐπρέπειαν
1093 5660 1181 5713 ἀεὶ
1210 5660 1472 5733 λαμπρὰν
1494 5664 1774 5733 διαμεῖναι
1796 5667 1890 5719 τοῦ
1919 5667 1994 5740 μὴ

434 5744 768 5816 τπι).ωθῆναι
795 5749 965 5820 αὐτὴν
1005 5749 1084 5820 τῷ
1127 5750 1301 5824 σπίλῳ
1327 5753 1424 5822 τῆς
1455 5756 1655 5826 νεαρᾶς
1683 5755 1846 5810 αὑτοῦ
1875 5759 1996 5828 ἡλι-

2008 3127 2062 3186 Ὁ

2081 553 2176 608 bat
2201 564 2405 617 autem,
2435 569 2642 622 eosque
2665 551 2980 607 'idcntidem
3036 555 3282 619 rogabat.
3339 556 3400 604 ut
3464 561 3658 618 preces

2081 659 2294 714 semper
2319 641 2418 714 pro
2467 660 2526 699 se
2558 645 2867 705 funderent,
2900 657 3008 712 quo
3077 640 3433 714 poenitentiae
3477 637 3660 693 curri-

2082 712 2264 790 culuﬁm
2293 712 2438 789 recte
2479 733 2701 800 faceret,
2735 750 2799 789 ac
2829 734 3027 805 dignus
3075 733 3386 796 haberetur,
3428 712 3539 798 ἰιιιί
3591 730 3647 783 in

2083 826 2366 880 treme‘ndo
2399 825 2616 880 Domini
2663 824 2791 881 Jesu
2815 823 3018 881 ChriSti
3058 825 3146 878 die
3207 839 3304 893 par
3353 837 3479 875 cum
3526 821 3660 890 ipsis

2083 917 2366 986 praamium
2405 916 2654 972 referret.
2692 915 2760 970 Ut
2817 933 2947 970 vero
2989 915 3190 979 illuxit,
3247 912 3660 970 sanctissimum

2084 1009 2554 1078 archiepiscopum
2588 1007 2753 1064 simul
2785 1009 3078 1063 adierunt:
3113 1007 3298 1076 ibique
3329 1005 3498 1059 abbas
3522 1003 3663 1056 Mar-

2083 1115 2202 1166 cus,
2234 1115 2361 1156 cum
2392 1101 2459 1156 ad
2492 1101 2658 1171 pedes
2695 1101 2816 1170 ejus
2845 1101 3174 1170 prouidisset
3207 1139 3222 1164 ,
3261 1097 3424 1159 Bene,
3452 1096 3660 1164 inquit,

2073 1207 2308 1262 precare
2347 1174 2528 1256 nobis,
2561 1191 2723 1246 Pater
2761 1201 2970 1265 sancte,
3025 1199 3080 1244 et
3140 1189 3205 1244 ad
3265 1187 3660 1243 monasterium

2084 1294 2352 1348 nostrum,
2376 1284 2522 1354 quod
2552 1285 2646 1338 tibi
2679 1299 2892 1352 semper
2909 1281 3184 1336 addictum
3223 1280 3348 1346 erit,
3381 1295 3482 1334 nos
3511 1279 3664 1332 abire

2085 1375 2430 1444 permitte.At
2445 1387 2666 1432 sanctus
2682 1373 3283 1443 archiepiscopus,cum
3312 1386 3532 1426 manum
3555 1371 3666 1424 sin-

2087 1465 2225 1535 gulis
2262 1464 2630 1536 imposuisset,
2673 1465 2900 1520 sublatis
2943 1464 2996 1519 in
3041 1463 3239 1519 cretum
3267 1463 3462 1526 oculis,
3486 1461 3660 1516 dixit:

2089 1556 2362 1626 Deus,q'ui
2403 1559 2603 1613 cmlum
2633 1557 2806 1613 fecisti
2845 1567 2896 1612 et
2929 1565 3223 1622 terram,et
3267 1571 3438 1619 mare,
3461 1564 3516 1609 et
3542 1569 3666 1624 quae

2089 1649 2144 1701 in
2173 1648 2256 1702 bis
2284 1649 2628 1712 suntomnia,
2653 1649 2745 1718 qui
2766 1650 3020 1704 universa
3041 1649 3206 1712 nosti,
3228 1649 3550 1716 priusquam
3571 1660 3666 1700 es-

2090 1749 2232 1804 sent,
2265 1749 2318 1794 tu
2340 1741 2481 1795 idem
2513 1751 2567 1795 et
2582 1756 2772 1796 servos
2799 1741 2966 1795 hosce
2984 1750 3108 1794 tuos
3138 1739 3440 1794 incolumes
3465 1751 3620 1790 serva
3647 1753 3662 1790 :

2092 1832 2404 1902 quippe'qui
2435 1815 2608 1886 sancti
2641 1833 2882 1888 nominis
2912 1832 2988 1886 tui
3041 1847 3208 1886 causa
3263 1831 3370 1886 huc
3422 1829 3664 1882 advene-

2091 1933 2219 1980 runt
2257 1925 2320 1980 ad
2347 1933 2536 1980 sancta
2563 1925 2676 1980 hzec
2706 1925 2823 1980 loca
2849 1923 3133 1979 invisenda
3153 1917 3317 1992 atque
3348 1921 3668 1990 amplexan-

2091 2019 2180 2084 da,
2217 2018 2272 2072 in
2311 2017 2512 2088 quibus
2546 2018 2661 2088 ipse
2683 2018 2951 2072 salutares
3006 2015 3285 2071 cruciatus
3341 2027 3450 2083 pro
3495 2011 3657 2066 nobis

2087 2111 2336 2167 tolerasti
2370 2129 2384 2166 :
2419 2126 2592 2182 neque
2618 2111 2796 2166 solum
2823 2109 2892 2164 ob
2925 2110 2977 2164 id
3010 2109 3228 2162 labores
3247 2105 3488 2178 perpessi
3515 2115 3665 2165 sunt,

2091 2206 2188 2261 sed
2223 2205 2548 2275 praeclarum
2603 2219 2827 2274 quoque
2855 2203 3071 2274 pietatis
3111 2217 3224 2257 suae
3262 2200 3502 2256 fructum
3561 2199 3666 2253 ob-

2095 2295 2360 2360 tulerunt,
2391 2283 2608 2351 servum
2643 2295 2789 2349 hunc
2815 2303 2988 2360 tttutn,
3041 2293 3134 2363 qui
3169 2290 3455 2347 nobiscum
3520 2299 3665 2346 astant

2094 2373 2280 2442 coram
2310 2392 2383 2450 te,
2415 2387 2536 2451 tibi,
2563 2385 2750 2445 Pater.
2777 2395 2824 2438 et
2849 2383 2997 2441 Filio
3031 2393 3124 2438 tuo
3147 2380 3275 2438 Jesu
3292 2381 3512 2436 Christo
3534 2394 3668 2434 cou-

2094 2489 2375 2535 secrantes
2405 2497 2420 2534 :
2453 2479 2539 2534 his
2572 2479 2660 2544 da,
2695 2488 2753 2532 ut
2781 2479 2835 2532 in
2858 2491 2989 2546 pace
3013 2474 3668 2549 proﬁciscantur,_quem-

2095 2571 2386 2626 admodum
2431 2570 2526 2624 tibi
2564 2577 2846 2638 acceptum
2879 2577 2982 2633 est,
3020 2567 3112 2636 qui
3154 2575 3376 2622 sanctus
3399 2579 3460 2619 es
3484 2564 3538 2617 in
3564 2577 3670 2618 sae-

2093 2653 2216 2716 Cula
2271 2661 2624 2717 saeculorum.
2686 2660 2933 2729 Cumque
2979 2672 3184 2712 omnes
3236 2653 3666 2724 respondissent,

2093 2753 2287 2819 Amen,
2323 2751 2568 2806 Marcum
2601 2759 2656 2807 et
2684 2749 3039 2822 Serapionem
3076 2757 3128 2804 et
3155 2746 3446 2802 Leontium
3473 2753 3668 2800 sancte

2093 2845 2440 2901 deosculatus
2465 2845 2692 2898 dimisit.

2164 3185 2356 3246 XVI“.
2400 3191 2464 3244 At
2493 3190 2622 3244 vero
2639 3188 2946 3260 ‘Gregorius
2996 3201 3316 3248 accurrens,
3346 3183 3665 3238 abeuntium

2094 3287 2259 3356 pedes
2291 3295 2493 3347 tenere,
2537 3299 2744 3351 eosque
2779 3281 2914 3336 ﬂens
2955 3281 3007 3335 in
3035 3281 3182 3334 httnc
3216 3278 3436 3332 modum
3473 3273 3665 3330 affari:

2094 3376 2313 3432 Nihilne
2369 3375 2612 3431 hominis
2640 3374 2853 3429 scelesti
2889 3371 3200 3442 abjectique
3232 3385 3333 3426 vos
3403 3365 3671 3423 miseret?

2095 3469 2234 3536 Quid
2264 3469 2373 3539 jam
2405 3467 2598 3522 faciam
2631 3467 2656 3520 ?
2685 3467 2793 3520 Vos
2829 3467 2957 3519 mihi
2987 3474 3109 3534 post
3135 3461 3304 3516 Deum
3319 3460 3513 3518 salutis
3537 3472 3672 3512 mea:

2095 3569 2348 3615 auctores
2387 3557 2605 3613 fui~tisz
2639 3574 2670 3612 a
2700 3557 2858 3614 vobis
2886 3556 3163 3626 religiosae
3210 3553 3338 3608 vita:
3391 3551 3668 3615 instituta,

2097 3667 2409 3722 quanquam
2452 3666 2670 3705 servare
2705 3649 2913 3714 nescio,
2942 3649 3171 3703 edoctus
3205 3661 3326 3700 sum
3359 3663 3373 3700 :
3427 3660 3529 3698 vos
3574 3642 3672 3698 de-

2097 3745 2356 3800 siderium
2395 3757 2571 3798 meum
2608 3740 2946 3810 explevistis,
2975 3748 3031 3794 et
3072 3753 3236 3806 quem
3265 3743 3540 3792 errantem
3585 3733 3670 3788 iu-

2093 3835 2386 3900 veneratis,
2418 3834 2632 3904 magnis
2657 3848 2688 3888 e
2732 3832 2990 3886 ﬂuctibus
3022 3829 3381 3901 tranquillum
3447 3826 3502 3882 in
3539 3841 3672 3896 por-

2097 3935 2210 3978 tum
2251 3923 2582 3992 conjecisus.
2616 3921 2758 3988 Quid
2777 3919 3024 3976 faciam?
3047 3919 3325 3990 quomodo
3359 3931 3388 3972 a
3427 3916 3602 3981 vobis,
3637 3931 3670 3970 ο

2090 4016 2284 4070 Patres
2315 4011 2642 4082 fratresque.
2675 4009 2934 4065 dividar?
2985 4010 3097 4074 ubi,
3133 4009 3290 4064 vobis
3321 4006 3668 4070 abeuntibus,

2097 4105 2302 4162 domini
2340 4105 2468 4170 mei,
2501 4121 2586 4159 me
2614 4102 2961 4172 relinquitis?
3001 4103 3126 4157 Post
3145 4117 3266 4170 quae
3301 4100 3470 4156 abbas
3496 4099 3672 4154 inter-

2094 4199 2344 4270 pellans:
2389 4196 2632 4261 Plorare,
2668 4197 2864 4264 inquit,
2895 4193 3104 4256 desine,
3144 4192 3243 4256 illi,
3281 4191 3512 4246 Domino
3537 4189 3666 4245 .Icsu

2093 4291 2318 4346 Christo
2365 4287 2503 4345 Filio
2561 4287 2654 4342 Dei
2695 4286 2926 4340 viventis
2991 4295 3041 4340 tc
3101 4301 3202 4340 nos
3250 4283 3670 4348 committimus,

2097 4399 2254 4452 quem
2282 4400 2312 4462 ξι
2335 4381 2564 4452 pueritia
2586 4381 2698 4450 jam
2733 4387 2847 4433 tum
2873 4379 3210 4448 praeoptasti,
3262 4393 3384 4432 cum
3421 4387 3472 4431 te
3506 4391 3670 4430 voca-

2101 4479 2247 4532 tione
2278 4482 2486 4539 sancta,
2521 4481 2578 4526 ut
2601 4472 2730 4527 olim
2763 4473 2864 4526 sub
2923 4472 3040 4528 llcli
3082 4469 3392 4526 Satnuelem
3435 4469 3670 4540 prophe-

2101 4579 2230 4634 tam,
2264 4565 2496 4628 rocaxit,
2543 4574 2596 4620 et
2635 4564 2691 4619 in
2743 4573 3058 4619 sanctorum
3112 4564 3504 4633 prephetarum
3567 4575 3675 4615 nu-

2101 4673 2252 4714 mero
2291 4657 2522 4712 habuit:
2573 4661 2688 4708 tum
2753 4653 3034 4709 communi
3094 4660 3286 4708 nostro
3349 4649 3559 4720 parenti
3618 4656 3677 4705 et

2099 4750 2362 4805 virtutum
2395 4747 2635 4802 omnium
2683 4745 2946 4816 magistro
2979 4753 3170 4800 sancto
3229 4743 3670 4812 archiepiscopo,

2100 4842 2192 4912 qui
2233 4855 2317 4894 res
2357 4847 2477 4894 tuas
2513 4851 2578 4893 eo
2611 4837 2842 4893 consilio
2868 4847 3034 4908 atque
3061 4836 3226 4890 modo
3257 4833 3490 4896 curabit,
3561 4847 3674 4902 quo

2101 4947 2198 4988 sua
2231 4940 2405 4987 curat.
2435 4929 2820 4999 Prchensaque
2859 4945 3022 4982 manu
3052 4927 3195 4995 ejus,
3232 4925 3298 4982 ad
3357 4925 3539 4980 sancti
3571 4923 3674 4980 viri

2100 5023 2263 5092 pedes
2288 5021 2457 5075 abbas
2476 5019 2758 5088 pertraxit,
2781 5027 2835 5072 et
2860 5059 2875 5082 ,
2907 5017 2952 5072 Ο
2977 5017 3160 5082 Pater,
3194 5015 3395 5086 inquit,
3411 5014 3675 5070 charissi-

2103 5131 2207 5182 me,
2246 5112 2436 5187 [xxxv]
2469 5113 2558 5168 hic
2583 5112 2771 5177 etiam,
2799 5122 2996 5174 utnos,
3023 5112 3090 5167 de
3103 5111 3394 5166 catholica:
3421 5095 3678 5164 Ecclesia

2100 5222 2260 5279 grege
2307 5215 2391 5262 est
2423 5226 2437 5260 :
2469 5205 2564 5276 qui
2604 5203 2770 5259 etiam
2807 5202 3105 5275 aliquando
3149 5202 3523 5274 gubernacula
3569 5199 3676 5255 Ec-

2099 5301 2282 5356 clesiae
2311 5297 2586 5360 tractabit,
2636 5304 2690 5352 et
2735 5295 3002 5352 doctrina:
3031 5305 3294 5368 tanquam
3342 5294 3555 5351 clavum
3597 5301 3679 5350 te-

2100 5409 2258 5456 nens,
2287 5400 2460 5446 tutam
2495 5399 2548 5446 et
2575 5389 2768 5446 fraude
2797 5389 3098 5444 immunem
3139 5403 3262 5444 eam
3313 5385 3670 5442 administra-

2099 5485 2199 5541 bit.
2230 5484 2302 5538 At
2341 5491 2394 5538 tu
2426 5481 2564 5552 ipse,
2599 5499 2632 5536 ι)
2660 5483 2824 5538 Pater
2859 5479 3193 5544 communis,
3245 5491 3432 5534 curam
3480 5473 3670 5530 adole-

2103 5576 2274 5634 scenti
2305 5575 2522 5640 adhibe,
2571 5573 2756 5644 utqui
2815 5588 2959 5628 nunc
3009 5581 3093 5627 est
3119 5570 3284 5624 animi
3313 5568 3434 5638 ejus
3463 5566 3675 5623 candor

2102 5685 2166 5724 ac
2218 5667 2447 5739 puritas,
2496 5666 2630 5720 nihil
2663 5679 2904 5734 unquam
2955 5665 3022 5719 de
3056 5662 3347 5734 splendore
3400 5659 3666 5726 remittat,
3696 5703 3713 5721 .

2105 5771 2197 5818 aut
2216 5763 2378 5816 ullam
2403 5777 2466 5816 ex
2496 5757 2724 5830 juvenili
2751 5766 2908 5815 aetate
2931 5757 3202 5812 maculant
3229 5753 3532 5826 suscipiat;
3561 5751 3672 5810 tuis
