  <div class='ocr_page' id='page_1' title='image "/cluster/home/n/w/nwhite01/storage/ocr_20150623/98/mdp.39015005675650/303.png"; bbox 0 0 4104 6262; ppageno 0'>
   <div class='ocr_carea' id='block_1_1' title="bbox 589 312 696 376">
    <p class='ocr_par' dir='ltr' id='par_1_1' title="bbox 589 312 696 376">
     <span class='ocr_line' id='line_1_1' title="bbox 589 312 696 376; baseline -0.019 0"><span class='ocrx_word' id='word_1_1' title='bbox 589 312 696 376; x_wconf 80' lang='lat' dir='ltr'><strong>5S3</strong></span> 
     </span>
    </p>
   </div>
   <div class='ocr_carea' id='block_1_2' title="bbox 1545 300 2841 389">
    <p class='ocr_par' dir='ltr' id='par_1_2' title="bbox 1545 300 2841 389">
     <span class='ocr_line' id='line_1_2' title="bbox 1545 300 2841 389; baseline -0.001 -26"><span class='ocrx_word' id='word_1_2' title='bbox 1545 304 1606 363; x_wconf 91' lang='lat' dir='ltr'><strong>S.</strong></span> <span class='ocrx_word' id='word_1_3' title='bbox 1633 303 2014 389; x_wconf 76' lang='lat' dir='ltr'><strong>GREGQRII</strong></span> <span class='ocrx_word' id='word_1_4' title='bbox 2073 300 2590 365; x_wconf 75' lang='lat' dir='ltr'><strong>AGRIGENTINI</strong></span> <span class='ocrx_word' id='word_1_5' title='bbox 2647 300 2841 364; x_wconf 79' lang='lat' dir='ltr'><strong>VITA.</strong></span> 
     </span>
    </p>
   </div>
   <div class='ocr_carea' id='block_1_3' title="bbox 3756 293 3882 358">
    <p class='ocr_par' dir='ltr' id='par_1_3' title="bbox 3756 293 3882 358">
     <span class='ocr_line' id='line_1_3' title="bbox 3756 293 3882 358; baseline 0.008 -1"><span class='ocrx_word' id='word_1_6' title='bbox 3756 293 3882 358; x_wconf 56' lang='grc' dir='ltr'><strong>διε</strong></span> 
     </span>
    </p>
   </div>
   <div class='ocr_carea' id='block_1_4' title="bbox 591 397 2189 486">
    <p class='ocr_par' dir='ltr' id='par_1_4' title="bbox 591 411 2181 486">
     <span class='ocr_line' id='line_1_4' title="bbox 591 411 2181 486; baseline -0.003 -14"><span class='ocrx_word' id='word_1_7' title='bbox 591 433 641 473; x_wconf 79' lang='lat' dir='ltr'><strong>ei</strong></span> <span class='ocrx_word' id='word_1_8' title='bbox 683 433 715 472; x_wconf 87' lang='lat' dir='ltr'><strong>a</strong></span> <span class='ocrx_word' id='word_1_9' title='bbox 753 416 863 471; x_wconf 90' lang='lat' dir='ltr'><strong>Deo</strong></span> <span class='ocrx_word' id='word_1_10' title='bbox 893 413 1122 486; x_wconf 87' lang='lat' dir='ltr'><strong>protecti</strong></span> <span class='ocrx_word' id='word_1_11' title='bbox 1156 412 1292 486; x_wconf 72' lang='grc' dir='ltr'><strong>(οι),</strong></span> <span class='ocrx_word' id='word_1_12' title='bbox 1341 411 1451 467; x_wconf 86' lang='lat' dir='ltr'><strong>hoc</strong></span> <span class='ocrx_word' id='word_1_13' title='bbox 1479 411 1548 466; x_wconf 87' lang='lat' dir='ltr'><strong>ad</strong></span> <span class='ocrx_word' id='word_1_14' title='bbox 1589 413 2024 468; x_wconf 68' lang='lat' dir='ltr'><strong>mediocritatem</strong></span> <span class='ocrx_word' id='word_1_15' title='bbox 2079 427 2181 468; x_wconf 58' lang='lat' dir='ltr'><strong>nov</strong></span> 
     </span>
    </p>
   </div>
   <div class='ocr_carea' id='block_1_5' title="bbox 2286 397 3886 486">
    <p class='ocr_par' dir='ltr' id='par_1_5' title="bbox 2286 397 3886 486">
     <span class='ocr_line' id='line_1_5' title="bbox 2286 397 3886 486; baseline 0.001 -21"><span class='ocrx_word' id='word_1_16' title='bbox 2286 412 2666 486; x_wconf 74' lang='grc' dir='ltr'><strong>παραγέγονεν</strong></span> <span class='ocrx_word' id='word_1_17' title='bbox 2695 411 2836 483; x_wconf 74' lang='grc' dir='ltr'><strong>πρὸς</strong></span> <span class='ocrx_word' id='word_1_18' title='bbox 2855 409 2954 482; x_wconf 82' lang='grc' dir='ltr'><strong>τὴν</strong></span> <span class='ocrx_word' id='word_1_19' title='bbox 2978 410 3256 482; x_wconf 81' lang='grc' dir='ltr'><strong>ήμετέραν</strong></span> <span class='ocrx_word' id='word_1_20' title='bbox 3289 408 3622 482; x_wconf 80' lang='grc' dir='ltr'><strong>μετριότητα</strong></span> <span class='ocrx_word' id='word_1_21' title='bbox 3715 409 3886 481; x_wconf 81' lang='grc' dir='ltr'>ὑμῶν</span> 
     </span>
    </p>
   </div>
   <div class='ocr_carea' id='block_1_6' title="bbox 590 503 2180 576">
    <p class='ocr_par' dir='ltr' id='par_1_6' title="bbox 590 503 2180 576">
     <span class='ocr_line' id='line_1_6' title="bbox 590 503 2180 576; baseline -0.004 -13"><span class='ocrx_word' id='word_1_22' title='bbox 590 517 760 563; x_wconf 79' lang='lat' dir='ltr'><strong>stram</strong></span> <span class='ocrx_word' id='word_1_23' title='bbox 807 503 1150 560; x_wconf 85' lang='lat' dir='ltr'><strong>advenistis?</strong></span> <span class='ocrx_word' id='word_1_24' title='bbox 1192 503 1294 559; x_wconf 81' lang='lat' dir='ltr'><strong>Cui</strong></span> <span class='ocrx_word' id='word_1_25' title='bbox 1326 518 1451 558; x_wconf 92' lang='lat' dir='ltr'><strong>cum</strong></span> <span class='ocrx_word' id='word_1_26' title='bbox 1493 505 1813 576; x_wconf 76' lang='lat' dir='ltr'><strong>peregrinos</strong></span> <span class='ocrx_word' id='word_1_27' title='bbox 1847 518 1907 560; x_wconf 89' lang='lat' dir='ltr'><strong>se</strong></span> <span class='ocrx_word' id='word_1_28' title='bbox 1934 518 2078 569; x_wconf 89' lang='lat' dir='ltr'><strong>esse,</strong></span> <span class='ocrx_word' id='word_1_29' title='bbox 2115 517 2180 557; x_wconf 88' lang='lat' dir='ltr'><strong>ac</strong></span> 
     </span>
    </p>
   </div>
   <div class='ocr_carea' id='block_1_7' title="bbox 590 596 2180 667">
    <p class='ocr_par' dir='ltr' id='par_1_7' title="bbox 590 596 2180 667">
     <span class='ocr_line' id='line_1_7' title="bbox 590 596 2180 667; baseline -0.003 -14"><span class='ocrx_word' id='word_1_30' title='bbox 590 601 818 654; x_wconf 77' lang='lat' dir='ltr'><strong>ltomam</strong></span> <span class='ocrx_word' id='word_1_31' title='bbox 858 597 1095 652; x_wconf 90' lang='lat' dir='ltr'><strong>Domino</strong></span> <span class='ocrx_word' id='word_1_32' title='bbox 1139 605 1416 652; x_wconf 75' lang='lat' dir='ltr'><strong>annuente</strong></span> <span class='ocrx_word' id='word_1_33' title='bbox 1454 604 1641 667; x_wconf 89' lang='lat' dir='ltr'><strong>petere</strong></span> <span class='ocrx_word' id='word_1_34' title='bbox 1693 611 1752 652; x_wconf 89' lang='lat' dir='ltr'><strong>se</strong></span> <span class='ocrx_word' id='word_1_35' title='bbox 1779 596 1918 650; x_wconf 88' lang='lat' dir='ltr'><strong>velle</strong></span> <span class='ocrx_word' id='word_1_36' title='bbox 1949 610 2180 667; x_wconf 80' lang='lat' dir='ltr'><strong>respon-</strong></span> 
     </span>
    </p>
   </div>
   <div class='ocr_carea' id='block_1_8' title="bbox 589 685 2177 762">
    <p class='ocr_par' dir='ltr' id='par_1_8' title="bbox 589 685 2177 762">
     <span class='ocr_line' id='line_1_8' title="bbox 589 685 2177 762; baseline -0.003 -16"><span class='ocrx_word' id='word_1_37' title='bbox 589 695 820 758; x_wconf 82' lang='lat' dir='ltr'><strong>dissent,</strong></span> <span class='ocrx_word' id='word_1_38' title='bbox 861 691 1099 762; x_wconf 76' lang='lat' dir='ltr'><strong>subjecit</strong></span> <span class='ocrx_word' id='word_1_39' title='bbox 1133 691 1428 760; x_wconf 81' lang='lat' dir='ltr'><strong>cpiscopus</strong></span> <span class='ocrx_word' id='word_1_40' title='bbox 1463 706 1478 744; x_wconf 89' lang='lat'><strong>:</strong></span> <span class='ocrx_word' id='word_1_41' title='bbox 1507 689 1583 744; x_wconf 91' lang='lat' dir='ltr'><strong>De</strong></span> <span class='ocrx_word' id='word_1_42' title='bbox 1607 688 1786 755; x_wconf 87' lang='lat' dir='ltr'><strong>nobis,</strong></span> <span class='ocrx_word' id='word_1_43' title='bbox 1823 685 2004 755; x_wconf 86' lang='lat' dir='ltr'><strong>Pater,</strong></span> <span class='ocrx_word' id='word_1_44' title='bbox 2035 687 2177 758; x_wconf 88' lang='lat' dir='ltr'><strong>quod</strong></span> 
     </span>
    </p>
   </div>
   <div class='ocr_carea' id='block_1_9' title="bbox 589 779 2182 850">
    <p class='ocr_par' dir='ltr' id='par_1_9' title="bbox 589 779 2182 850">
     <span class='ocr_line' id='line_1_9' title="bbox 589 779 2182 850; baseline -0.001 -15"><span class='ocrx_word' id='word_1_45' title='bbox 589 801 656 838; x_wconf 78' lang='lat' dir='ltr'><strong>cx</strong></span> <span class='ocrx_word' id='word_1_46' title='bbox 697 781 916 837; x_wconf 81' lang='lat' dir='ltr'><strong>Domini</strong></span> <span class='ocrx_word' id='word_1_47' title='bbox 953 783 1236 835; x_wconf 87' lang='lat' dir='ltr'><strong>voluntate</strong></span> <span class='ocrx_word' id='word_1_48' title='bbox 1280 789 1386 844; x_wconf 89' lang='lat' dir='ltr'><strong>est,</strong></span> <span class='ocrx_word' id='word_1_49' title='bbox 1442 781 1572 848; x_wconf 84' lang='lat' dir='ltr'><strong>tiat;</strong></span> <span class='ocrx_word' id='word_1_50' title='bbox 1628 779 1991 850; x_wconf 88' lang='lat' dir='ltr'><strong>institutoque</strong></span> <span class='ocrx_word' id='word_1_51' title='bbox 2039 780 2182 834; x_wconf 90' lang='lat' dir='ltr'><strong>inter</strong></span> 
     </span>
    </p>
   </div>
   <div class='ocr_carea' id='block_1_10' title="bbox 587 871 2174 942">
    <p class='ocr_par' dir='ltr' id='par_1_10' title="bbox 587 871 2174 942">
     <span class='ocr_line' id='line_1_10' title="bbox 587 871 2174 942; baseline 0 -17"><span class='ocrx_word' id='word_1_52' title='bbox 587 892 684 930; x_wconf 73' lang='lat' dir='ltr'><strong>eos</strong></span> <span class='ocrx_word' id='word_1_53' title='bbox 728 889 982 929; x_wconf 74' lang='grc' dir='ltr'><strong>εει-ιιιοειε</strong></span> <span class='ocrx_word' id='word_1_54' title='bbox 1009 875 1074 926; x_wconf 89' lang='lat' dir='ltr'><strong>de</strong></span> <span class='ocrx_word' id='word_1_55' title='bbox 1104 873 1170 927; x_wconf 90' lang='lat' dir='ltr'><strong>iis</strong></span> <span class='ocrx_word' id='word_1_56' title='bbox 1201 889 1324 942; x_wconf 77' lang='lat' dir='ltr'><strong>qua:</strong></span> <span class='ocrx_word' id='word_1_57' title='bbox 1347 873 1588 928; x_wconf 81' lang='lat' dir='ltr'><strong>maxime</strong></span> <span class='ocrx_word' id='word_1_58' title='bbox 1619 872 1686 928; x_wconf 88' lang='lat' dir='ltr'><strong>ad</strong></span> <span class='ocrx_word' id='word_1_59' title='bbox 1733 873 2038 927; x_wconf 87' lang='lat' dir='ltr'><strong>animorum</strong></span> <span class='ocrx_word' id='word_1_60' title='bbox 2064 871 2174 926; x_wconf 90' lang='lat' dir='ltr'><strong>uti-</strong></span> 
     </span>
    </p>
   </div>
   <div class='ocr_carea' id='block_1_11' title="bbox 584 961 2176 1035">
    <p class='ocr_par' dir='ltr' id='par_1_11' title="bbox 584 961 2176 1035">
     <span class='ocr_line' id='line_1_11' title="bbox 584 961 2176 1035; baseline -0.002 -17"><span class='ocrx_word' id='word_1_61' title='bbox 584 967 793 1020; x_wconf 72' lang='lat' dir='ltr'><strong>l.tatt-m</strong></span> <span class='ocrx_word' id='word_1_62' title='bbox 826 965 1123 1035; x_wconf 78' lang='lat' dir='ltr'><strong>pertinent,</strong></span> <span class='ocrx_word' id='word_1_63' title='bbox 1153 979 1450 1032; x_wconf 86' lang='lat' dir='ltr'><strong>parumper</strong></span> <span class='ocrx_word' id='word_1_64' title='bbox 1490 963 1658 1020; x_wconf 85' lang='lat' dir='ltr'><strong>simul</strong></span> <span class='ocrx_word' id='word_1_65' title='bbox 1711 961 1986 1018; x_wconf 87' lang='lat' dir='ltr'><strong>immorati</strong></span> <span class='ocrx_word' id='word_1_66' title='bbox 2029 969 2176 1017; x_wconf 89' lang='lat' dir='ltr'><strong>sunt.</strong></span> 
     </span>
    </p>
   </div>
   <div class='ocr_carea' id='block_1_12' title="bbox 589 1054 2183 1126">
    <p class='ocr_par' dir='ltr' id='par_1_12' title="bbox 589 1054 2183 1126">
     <span class='ocr_line' id='line_1_12' title="bbox 589 1054 2183 1126; baseline -0.003 -16"><span class='ocrx_word' id='word_1_67' title='bbox 589 1059 710 1111; x_wconf 77' lang='lat' dir='ltr'><strong>Mox</strong></span> <span class='ocrx_word' id='word_1_68' title='bbox 749 1058 1042 1126; x_wconf 65' lang='lat' dir='ltr'><strong>cpiscopus</strong></span> <span class='ocrx_word' id='word_1_69' title='bbox 1073 1055 1302 1110; x_wconf 86' lang='lat' dir='ltr'><strong>dimisso</strong></span> <span class='ocrx_word' id='word_1_70' title='bbox 1342 1064 1510 1120; x_wconf 69' lang='lat' dir='ltr'><strong>coetu,</strong></span> <span class='ocrx_word' id='word_1_71' title='bbox 1561 1056 1613 1108; x_wconf 92' lang='lat' dir='ltr'><strong>in</strong></span> <span class='ocrx_word' id='word_1_72' title='bbox 1651 1055 1915 1125; x_wconf 89' lang='lat' dir='ltr'><strong>templum</strong></span> <span class='ocrx_word' id='word_1_73' title='bbox 1943 1054 2183 1122; x_wconf 78' lang='lat' dir='ltr'><strong>perrexit</strong></span> 
     </span>
    </p>
   </div>
   <div class='ocr_carea' id='block_1_13' title="bbox 589 1143 2180 1213">
    <p class='ocr_par' dir='ltr' id='par_1_13' title="bbox 589 1143 2180 1213">
     <span class='ocr_line' id='line_1_13' title="bbox 589 1143 2180 1213; baseline -0.001 -15"><span class='ocrx_word' id='word_1_74' title='bbox 589 1149 901 1200; x_wconf 80' lang='lat' dir='ltr'><strong>divinorum</strong></span> <span class='ocrx_word' id='word_1_75' title='bbox 969 1147 1359 1213; x_wconf 75' lang='lat' dir='ltr'><strong>mysteriorum</strong></span> <span class='ocrx_word' id='word_1_76' title='bbox 1408 1159 1574 1198; x_wconf 82' lang='lat' dir='ltr'><strong>causa</strong></span> <span class='ocrx_word' id='word_1_77' title='bbox 1617 1143 1783 1198; x_wconf 88' lang='lat' dir='ltr'><strong>:dies</strong></span> <span class='ocrx_word' id='word_1_78' title='bbox 1830 1143 1977 1197; x_wconf 75' lang='lat' dir='ltr'><strong>enim</strong></span> <span class='ocrx_word' id='word_1_79' title='bbox 2017 1144 2180 1197; x_wconf 87' lang='lat' dir='ltr'><strong>anni-</strong></span> 
     </span>
    </p>
   </div>
   <div class='ocr_carea' id='block_1_14' title="bbox 588 1235 2181 1306">
    <p class='ocr_par' dir='ltr' id='par_1_14' title="bbox 588 1235 2181 1306">
     <span class='ocr_line' id='line_1_14' title="bbox 588 1235 2181 1306; baseline -0.003 -14"><span class='ocrx_word' id='word_1_80' title='bbox 588 1239 864 1292; x_wconf 80' lang='lat' dir='ltr'><strong>Versarius</strong></span> <span class='ocrx_word' id='word_1_81' title='bbox 891 1251 1007 1292; x_wconf 88' lang='lat' dir='ltr'><strong>erat</strong></span> <span class='ocrx_word' id='word_1_82' title='bbox 1033 1239 1512 1292; x_wconf 82' lang='lat' dir='ltr'><strong>sanctissiinorum</strong></span> <span class='ocrx_word' id='word_1_83' title='bbox 1545 1237 1918 1306; x_wconf 75' lang='lat' dir='ltr'><strong>apostolorum</strong></span> <span class='ocrx_word' id='word_1_84' title='bbox 1949 1235 2091 1289; x_wconf 82' lang='lat' dir='ltr'><strong>Petri</strong></span> <span class='ocrx_word' id='word_1_85' title='bbox 2127 1240 2181 1290; x_wconf 85' lang='lat' dir='ltr'><strong>et</strong></span> 
     </span>
    </p>
   </div>
   <div class='ocr_carea' id='block_1_15' title="bbox 587 1327 2181 1400">
    <p class='ocr_par' dir='ltr' id='par_1_15' title="bbox 587 1327 2181 1400">
     <span class='ocr_line' id='line_1_15' title="bbox 587 1327 2181 1400; baseline 0.001 -19"><span class='ocrx_word' id='word_1_86' title='bbox 587 1329 741 1384; x_wconf 81' lang='lat' dir='ltr'><strong>Pauli</strong></span> <span class='ocrx_word' id='word_1_87' title='bbox 790 1348 804 1384; x_wconf 91' lang='lat'><strong>:</strong></span> <span class='ocrx_word' id='word_1_88' title='bbox 859 1345 1022 1400; x_wconf 72' lang='lat' dir='ltr'><strong>quem</strong></span> <span class='ocrx_word' id='word_1_89' title='bbox 1070 1329 1244 1383; x_wconf 83' lang='lat' dir='ltr'><strong>secuti</strong></span> <span class='ocrx_word' id='word_1_90' title='bbox 1303 1327 1591 1392; x_wconf 85' lang='lat' dir='ltr'><strong>monachi,</strong></span> <span class='ocrx_word' id='word_1_91' title='bbox 1638 1343 1797 1382; x_wconf 89' lang='lat' dir='ltr'><strong>sacro</strong></span> <span class='ocrx_word' id='word_1_92' title='bbox 1842 1327 2090 1390; x_wconf 77' lang='lat' dir='ltr'><strong>adfuere,</strong></span> <span class='ocrx_word' id='word_1_93' title='bbox 2125 1337 2181 1382; x_wconf 90' lang='lat' dir='ltr'><strong>et</strong></span> 
     </span>
    </p>
   </div>
   <div class='ocr_carea' id='block_1_16' title="bbox 591 1417 2180 1490">
    <p class='ocr_par' dir='ltr' id='par_1_16' title="bbox 591 1417 2180 1490">
     <span class='ocr_line' id='line_1_16' title="bbox 591 1417 2180 1490; baseline -0.003 -14"><span class='ocrx_word' id='word_1_94' title='bbox 591 1432 909 1476; x_wconf 85' lang='lat' dir='ltr'><strong>sanctorum</strong></span> <span class='ocrx_word' id='word_1_95' title='bbox 948 1421 1337 1490; x_wconf 78' lang='lat' dir='ltr'><strong>mysteriorum</strong></span> <span class='ocrx_word' id='word_1_96' title='bbox 1373 1421 1670 1490; x_wconf 88' lang='lat' dir='ltr'><strong>participes</strong></span> <span class='ocrx_word' id='word_1_97' title='bbox 1701 1417 1828 1474; x_wconf 75' lang='lat' dir='ltr'><strong>facti</strong></span> <span class='ocrx_word' id='word_1_98' title='bbox 1863 1430 2010 1474; x_wconf 86' lang='lat' dir='ltr'><strong>sunt.</strong></span> <span class='ocrx_word' id='word_1_99' title='bbox 2045 1419 2180 1473; x_wconf 81' lang='lat' dir='ltr'><strong>Eos-</strong></span> 
     </span>
    </p>
   </div>
   <div class='ocr_carea' id='block_1_17' title="bbox 591 1509 2175 1583">
    <p class='ocr_par' dir='ltr' id='par_1_17' title="bbox 591 1509 2175 1583">
     <span class='ocr_line' id='line_1_17' title="bbox 591 1509 2175 1583; baseline 0 -19"><span class='ocrx_word' id='word_1_100' title='bbox 591 1519 714 1569; x_wconf 81' lang='lat' dir='ltr'><strong>dem</strong></span> <span class='ocrx_word' id='word_1_101' title='bbox 742 1513 974 1569; x_wconf 88' lang='lat' dir='ltr'><strong>subinde</strong></span> <span class='ocrx_word' id='word_1_102' title='bbox 995 1515 1286 1583; x_wconf 88' lang='lat' dir='ltr'><strong>episcopus</strong></span> <span class='ocrx_word' id='word_1_103' title='bbox 1310 1527 1514 1566; x_wconf 75' lang='lat' dir='ltr'><strong>mensa:</strong></span> <span class='ocrx_word' id='word_1_104' title='bbox 1535 1527 1646 1566; x_wconf 79' lang='lat' dir='ltr'><strong>suae</strong></span> <span class='ocrx_word' id='word_1_105' title='bbox 1667 1511 1954 1566; x_wconf 80' lang='lat' dir='ltr'><strong>considere</strong></span> <span class='ocrx_word' id='word_1_106' title='bbox 1970 1509 2137 1580; x_wconf 85' lang='lat' dir='ltr'><strong>jussit</strong></span> <span class='ocrx_word' id='word_1_107' title='bbox 2161 1527 2175 1564; x_wconf 89' lang='lat'><strong>:</strong></span> 
     </span>
    </p>
   </div>
   <div class='ocr_carea' id='block_1_18' title="bbox 591 1601 2180 1673">
    <p class='ocr_par' dir='ltr' id='par_1_18' title="bbox 591 1601 2180 1673">
     <span class='ocr_line' id='line_1_18' title="bbox 591 1601 2180 1673; baseline -0.001 -15"><span class='ocrx_word' id='word_1_108' title='bbox 591 1615 705 1660; x_wconf 90' lang='lat' dir='ltr'><strong>tum</strong></span> <span class='ocrx_word' id='word_1_109' title='bbox 737 1605 1052 1659; x_wconf 90' lang='lat' dir='ltr'><strong>cubiculum</strong></span> <span class='ocrx_word' id='word_1_110' title='bbox 1085 1604 1152 1660; x_wconf 92' lang='lat' dir='ltr'><strong>iis</strong></span> <span class='ocrx_word' id='word_1_111' title='bbox 1177 1604 1364 1658; x_wconf 90' lang='lat' dir='ltr'><strong>datum</strong></span> <span class='ocrx_word' id='word_1_112' title='bbox 1391 1603 1576 1673; x_wconf 90' lang='lat' dir='ltr'><strong>quieto</strong></span> <span class='ocrx_word' id='word_1_113' title='bbox 1600 1601 1653 1656; x_wconf 87' lang='lat' dir='ltr'><strong>in</strong></span> <span class='ocrx_word' id='word_1_114' title='bbox 1684 1602 1810 1656; x_wconf 90' lang='lat' dir='ltr'><strong>loco</strong></span> <span class='ocrx_word' id='word_1_115' title='bbox 1835 1617 2004 1672; x_wconf 82' lang='lat' dir='ltr'><strong>prope</strong></span> <span class='ocrx_word' id='word_1_116' title='bbox 2033 1601 2180 1656; x_wconf 69' lang='lat' dir='ltr'><strong>aedes</strong></span> 
     </span>
    </p>
   </div>
   <div class='ocr_carea' id='block_1_19' title="bbox 588 1693 2176 1766">
    <p class='ocr_par' dir='ltr' id='par_1_19' title="bbox 588 1693 2176 1766">
     <span class='ocr_line' id='line_1_19' title="bbox 588 1693 2176 1766; baseline -0.001 -17"><span class='ocrx_word' id='word_1_117' title='bbox 588 1696 954 1766; x_wconf 78' lang='lat' dir='ltr'><strong>pontiﬁcales.</strong></span> <span class='ocrx_word' id='word_1_118' title='bbox 995 1696 1124 1748; x_wconf 86' lang='lat' dir='ltr'><strong>inde</strong></span> <span class='ocrx_word' id='word_1_119' title='bbox 1164 1696 1267 1749; x_wconf 87' lang='lat' dir='ltr'><strong>sub</strong></span> <span class='ocrx_word' id='word_1_120' title='bbox 1312 1708 1572 1748; x_wconf 82' lang='lat' dir='ltr'><strong>auroram</strong></span> <span class='ocrx_word' id='word_1_121' title='bbox 1633 1709 1759 1749; x_wconf 91' lang='lat' dir='ltr'><strong>cum</strong></span> <span class='ocrx_word' id='word_1_122' title='bbox 1807 1693 1862 1747; x_wconf 91' lang='lat' dir='ltr'><strong>in</strong></span> <span class='ocrx_word' id='word_1_123' title='bbox 1915 1695 2176 1763; x_wconf 90' lang='lat' dir='ltr'><strong>templum</strong></span> 
     </span>
    </p>
   </div>
   <div class='ocr_carea' id='block_1_20' title="bbox 592 1761 2254 1857">
    <p class='ocr_par' dir='ltr' id='par_1_20' title="bbox 592 1761 2254 1857">
     <span class='ocr_line' id='line_1_20' title="bbox 592 1761 2254 1857; baseline -0.002 -15"><span class='ocrx_word' id='word_1_124' title='bbox 592 1789 903 1856; x_wconf 82' lang='lat' dir='ltr'><strong>rediissem,</strong></span> <span class='ocrx_word' id='word_1_125' title='bbox 938 1797 992 1842; x_wconf 90' lang='lat' dir='ltr'><strong>et</strong></span> <span class='ocrx_word' id='word_1_126' title='bbox 1024 1789 1321 1842; x_wconf 86' lang='lat' dir='ltr'><strong>matutinas</strong></span> <span class='ocrx_word' id='word_1_127' title='bbox 1354 1788 1426 1841; x_wconf 89' lang='lat' dir='ltr'><strong>ibi</strong></span> <span class='ocrx_word' id='word_1_128' title='bbox 1460 1801 1652 1857; x_wconf 84' lang='lat' dir='ltr'><strong>preces</strong></span> <span class='ocrx_word' id='word_1_129' title='bbox 1687 1786 2078 1854; x_wconf 88' lang='lat' dir='ltr'><strong>absolvissent,</strong></span> <span class='ocrx_word' id='word_1_130' title='bbox 2114 1785 2180 1839; x_wconf 89' lang='lat' dir='ltr'><strong>ad</strong></span> <span class='ocrx_word' id='word_1_131' title='bbox 2215 1761 2254 1814; x_wconf 70' lang='grc' dir='ltr'><strong>Β</strong></span> 
     </span>
    </p>
   </div>
   <div class='ocr_carea' id='block_1_21' title="bbox 569 1879 2182 1950">
    <p class='ocr_par' dir='ltr' id='par_1_21' title="bbox 569 1879 2182 1950">
     <span class='ocr_line' id='line_1_21' title="bbox 569 1879 2182 1950; baseline -0.001 -14"><span class='ocrx_word' id='word_1_132' title='bbox 569 1882 735 1937; x_wconf 71' lang='grc' dir='ltr'><strong>ἰειιεε</strong></span> <span class='ocrx_word' id='word_1_133' title='bbox 764 1880 1004 1950; x_wconf 70' lang='grc' dir='ltr'><strong>ρρὶεεοιιὶ</strong></span> <span class='ocrx_word' id='word_1_134' title='bbox 1063 1880 1288 1944; x_wconf 82' lang='lat' dir='ltr'><strong>reversi,</strong></span> <span class='ocrx_word' id='word_1_135' title='bbox 1336 1880 1548 1935; x_wconf 88' lang='lat' dir='ltr'><strong>honore</strong></span> <span class='ocrx_word' id='word_1_136' title='bbox 1596 1880 1676 1934; x_wconf 90' lang='lat' dir='ltr'><strong>illi</strong></span> <span class='ocrx_word' id='word_1_137' title='bbox 1728 1888 2040 1934; x_wconf 88' lang='lat' dir='ltr'><strong>reverenter</strong></span> <span class='ocrx_word' id='word_1_138' title='bbox 2083 1879 2182 1934; x_wconf 77' lang='lat' dir='ltr'><strong>ha-</strong></span> 
     </span>
    </p>
   </div>
   <div class='ocr_carea' id='block_1_22' title="bbox 592 1967 2184 2042">
    <p class='ocr_par' dir='ltr' id='par_1_22' title="bbox 592 1967 2184 2042">
     <span class='ocr_line' id='line_1_22' title="bbox 592 1967 2184 2042; baseline 0.001 -17"><span class='ocrx_word' id='word_1_139' title='bbox 592 1973 728 2036; x_wconf 85' lang='lat' dir='ltr'><strong>hito,</strong></span> <span class='ocrx_word' id='word_1_140' title='bbox 759 1973 1108 2027; x_wconf 87' lang='lat' dir='ltr'><strong>considentes</strong></span> <span class='ocrx_word' id='word_1_141' title='bbox 1151 1987 1276 2025; x_wconf 92' lang='lat' dir='ltr'><strong>cum</strong></span> <span class='ocrx_word' id='word_1_142' title='bbox 1313 1987 1379 2026; x_wconf 90' lang='lat' dir='ltr'><strong>eo</strong></span> <span class='ocrx_word' id='word_1_143' title='bbox 1414 1971 1654 2042; x_wconf 89' lang='lat' dir='ltr'><strong>colloqui</strong></span> <span class='ocrx_word' id='word_1_144' title='bbox 1681 1983 1986 2042; x_wconf 64' lang='lat' dir='ltr'><strong>coeperunt.</strong></span> <span class='ocrx_word' id='word_1_145' title='bbox 2019 1967 2184 2027; x_wconf 84' lang='lat' dir='ltr'><strong>Forte</strong></span> 
     </span>
    </p>
   </div>
   <div class='ocr_carea' id='block_1_23' title="bbox 592 2061 2184 2134">
    <p class='ocr_par' dir='ltr' id='par_1_23' title="bbox 592 2061 2184 2134">
     <span class='ocr_line' id='line_1_23' title="bbox 592 2061 2184 2134; baseline 0.003 -18"><span class='ocrx_word' id='word_1_146' title='bbox 592 2073 772 2118; x_wconf 75' lang='lat' dir='ltr'><strong>autem</strong></span> <span class='ocrx_word' id='word_1_147' title='bbox 809 2064 1063 2133; x_wconf 68' lang='lat' dir='ltr'><strong>contigit,</strong></span> <span class='ocrx_word' id='word_1_148' title='bbox 1098 2071 1156 2116; x_wconf 93' lang='lat' dir='ltr'><strong>ut</strong></span> <span class='ocrx_word' id='word_1_149' title='bbox 1188 2061 1440 2134; x_wconf 80' lang='lat' dir='ltr'><strong>Gregorii</strong></span> <span class='ocrx_word' id='word_1_150' title='bbox 1470 2070 1724 2132; x_wconf 84' lang='lat' dir='ltr'><strong>parentes</strong></span> <span class='ocrx_word' id='word_1_151' title='bbox 1760 2063 1814 2116; x_wconf 93' lang='lat' dir='ltr'><strong>in</strong></span> <span class='ocrx_word' id='word_1_152' title='bbox 1867 2064 2056 2118; x_wconf 65' lang='lat' dir='ltr'><strong>urbem</strong></span> <span class='ocrx_word' id='word_1_153' title='bbox 2089 2079 2184 2120; x_wconf 77' lang='lat' dir='ltr'><strong>ve-</strong></span> 
     </span>
    </p>
   </div>
   <div class='ocr_carea' id='block_1_24' title="bbox 589 2153 2182 2225">
    <p class='ocr_par' dir='ltr' id='par_1_24' title="bbox 589 2153 2182 2225">
     <span class='ocr_line' id='line_1_24' title="bbox 589 2153 2182 2225; baseline 0.001 -17"><span class='ocrx_word' id='word_1_154' title='bbox 589 2161 788 2218; x_wconf 86' lang='lat' dir='ltr'><strong>nirent,</strong></span> <span class='ocrx_word' id='word_1_155' title='bbox 826 2169 1012 2209; x_wconf 87' lang='lat' dir='ltr'><strong>secum</strong></span> <span class='ocrx_word' id='word_1_156' title='bbox 1055 2171 1178 2225; x_wconf 68' lang='lat' dir='ltr'><strong>quae</strong></span> <span class='ocrx_word' id='word_1_157' title='bbox 1216 2170 1354 2225; x_wconf 87' lang='lat' dir='ltr'><strong>opus</strong></span> <span class='ocrx_word' id='word_1_158' title='bbox 1385 2165 1546 2210; x_wconf 90' lang='lat' dir='ltr'><strong>erant</strong></span> <span class='ocrx_word' id='word_1_159' title='bbox 1576 2153 1837 2220; x_wconf 75' lang='lat' dir='ltr'><strong>ferentes,</strong></span> <span class='ocrx_word' id='word_1_160' title='bbox 1875 2170 1986 2224; x_wconf 91' lang='lat' dir='ltr'><strong>quo</strong></span> <span class='ocrx_word' id='word_1_161' title='bbox 2024 2156 2182 2210; x_wconf 88' lang='lat' dir='ltr'><strong>anni-</strong></span> 
     </span>
    </p>
   </div>
   <div class='ocr_carea' id='block_1_25' title="bbox 591 2247 2182 2318">
    <p class='ocr_par' dir='ltr' id='par_1_25' title="bbox 591 2247 2182 2318">
     <span class='ocr_line' id='line_1_25' title="bbox 591 2247 2182 2318; baseline 0 -18"><span class='ocrx_word' id='word_1_162' title='bbox 591 2249 887 2304; x_wconf 78' lang='lat' dir='ltr'><strong>versariam</strong></span> <span class='ocrx_word' id='word_1_163' title='bbox 916 2247 1038 2318; x_wconf 84' lang='lat' dir='ltr'><strong>ejus</strong></span> <span class='ocrx_word' id='word_1_164' title='bbox 1063 2249 1390 2302; x_wconf 90' lang='lat' dir='ltr'><strong>memoriam</strong></span> <span class='ocrx_word' id='word_1_165' title='bbox 1414 2247 1762 2302; x_wconf 80' lang='lat' dir='ltr'><strong>celebrarent</strong></span> <span class='ocrx_word' id='word_1_166' title='bbox 1787 2265 1801 2301; x_wconf 87' lang='lat'><strong>:</strong></span> <span class='ocrx_word' id='word_1_167' title='bbox 1822 2251 2014 2303; x_wconf 88' lang='lat' dir='ltr'><strong>eodem</strong></span> <span class='ocrx_word' id='word_1_168' title='bbox 2036 2247 2182 2302; x_wconf 89' lang='lat' dir='ltr'><strong>enim</strong></span> 
     </span>
    </p>
   </div>
   <div class='ocr_carea' id='block_1_26' title="bbox 591 2332 2181 2408">
    <p class='ocr_par' dir='ltr' id='par_1_26' title="bbox 591 2332 2181 2408">
     <span class='ocr_line' id='line_1_26' title="bbox 591 2332 2181 2408; baseline -0.001 -16"><span class='ocrx_word' id='word_1_169' title='bbox 591 2341 676 2393; x_wconf 89' lang='lat' dir='ltr'><strong>die</strong></span> <span class='ocrx_word' id='word_1_170' title='bbox 720 2337 1020 2408; x_wconf 78' lang='lat' dir='ltr'><strong>Gregorius</strong></span> <span class='ocrx_word' id='word_1_171' title='bbox 1069 2337 1197 2394; x_wconf 90' lang='lat' dir='ltr'><strong>inde</strong></span> <span class='ocrx_word' id='word_1_172' title='bbox 1243 2346 1572 2403; x_wconf 84' lang='lat' dir='ltr'><strong>secesserat,</strong></span> <span class='ocrx_word' id='word_1_173' title='bbox 1609 2335 1662 2392; x_wconf 89' lang='lat' dir='ltr'><strong>id</strong></span> <span class='ocrx_word' id='word_1_174' title='bbox 1698 2345 1782 2392; x_wconf 88' lang='lat' dir='ltr'><strong>est</strong></span> <span class='ocrx_word' id='word_1_175' title='bbox 1836 2335 2013 2406; x_wconf 83' lang='lat' dir='ltr'><strong>pridie</strong></span> <span class='ocrx_word' id='word_1_176' title='bbox 2059 2332 2181 2391; x_wconf 83' lang='lat' dir='ltr'><strong>Kal.</strong></span> 
     </span>
    </p>
   </div>
   <div class='ocr_carea' id='block_1_27' title="bbox 588 2432 2184 2504">
    <p class='ocr_par' dir='ltr' id='par_1_27' title="bbox 588 2432 2184 2504">
     <span class='ocr_line' id='line_1_27' title="bbox 588 2432 2184 2504; baseline -0.001 -16"><span class='ocrx_word' id='word_1_177' title='bbox 588 2432 784 2488; x_wconf 84' lang='lat' dir='ltr'><strong>Julias.</strong></span> <span class='ocrx_word' id='word_1_178' title='bbox 814 2435 1064 2504; x_wconf 81' lang='lat' dir='ltr'><strong>Cumque</strong></span> <span class='ocrx_word' id='word_1_179' title='bbox 1103 2433 1278 2490; x_wconf 86' lang='lat' dir='ltr'><strong>oculis</strong></span> <span class='ocrx_word' id='word_1_180' title='bbox 1316 2449 1512 2488; x_wconf 88' lang='lat' dir='ltr'><strong>eorum</strong></span> <span class='ocrx_word' id='word_1_181' title='bbox 1561 2433 1998 2488; x_wconf 75' lang='lat' dir='ltr'><strong>obversarentur</strong></span> <span class='ocrx_word' id='word_1_182' title='bbox 2028 2433 2184 2503; x_wconf 87' lang='lat' dir='ltr'><strong>pueri</strong></span> 
     </span>
    </p>
   </div>
   <div class='ocr_carea' id='block_1_28' title="bbox 589 2505 2185 2596">
    <p class='ocr_par' dir='ltr' id='par_1_28' title="bbox 589 2505 2185 2596">
     <span class='ocr_line' id='line_1_28' title="bbox 589 2505 2185 2596; baseline 0.002 -18"><span class='ocrx_word' id='word_1_183' title='bbox 589 2523 827 2594; x_wconf 55' lang='lat' dir='ltr'><strong>annales</strong></span> <span class='ocrx_word' id='word_1_184' title='bbox 853 2525 974 2594; x_wconf 76' lang='lat' dir='ltr'><strong>ejus</strong></span> <span class='ocrx_word' id='word_1_185' title='bbox 1002 2505 1282 2595; x_wconf 88' lang='lat' dir='ltr'><strong>quondam</strong></span> <span class='ocrx_word' id='word_1_186' title='bbox 1313 2534 1364 2580; x_wconf 91' lang='lat' dir='ltr'><strong>et</strong></span> <span class='ocrx_word' id='word_1_187' title='bbox 1391 2525 1550 2590; x_wconf 82' lang='lat' dir='ltr'><strong>socii,</strong></span> <span class='ocrx_word' id='word_1_188' title='bbox 1575 2541 1717 2596; x_wconf 85' lang='lat' dir='ltr'><strong>quos</strong></span> <span class='ocrx_word' id='word_1_189' title='bbox 1735 2524 1849 2594; x_wconf 87' lang='lat' dir='ltr'><strong>jam</strong></span> <span class='ocrx_word' id='word_1_190' title='bbox 1879 2523 2185 2580; x_wconf 78' lang='lat' dir='ltr'><strong>adolevisse</strong></span> 
     </span>
    </p>
   </div>
   <div class='ocr_carea' id='block_1_29' title="bbox 591 2613 2186 2685">
    <p class='ocr_par' dir='ltr' id='par_1_29' title="bbox 591 2613 2186 2685">
     <span class='ocr_line' id='line_1_29' title="bbox 591 2613 2186 2685; baseline 0.003 -19"><span class='ocrx_word' id='word_1_191' title='bbox 591 2613 868 2681; x_wconf 69' lang='lat' dir='ltr'><strong>videbant,</strong></span> <span class='ocrx_word' id='word_1_192' title='bbox 919 2623 1097 2668; x_wconf 87' lang='lat' dir='ltr'><strong>mater</strong></span> <span class='ocrx_word' id='word_1_193' title='bbox 1153 2614 1274 2684; x_wconf 86' lang='lat' dir='ltr'><strong>ejus</strong></span> <span class='ocrx_word' id='word_1_194' title='bbox 1312 2614 1422 2668; x_wconf 88' lang='lat' dir='ltr'><strong>alta</strong></span> <span class='ocrx_word' id='word_1_195' title='bbox 1463 2629 1599 2669; x_wconf 87' lang='lat' dir='ltr'><strong>voce</strong></span> <span class='ocrx_word' id='word_1_196' title='bbox 1646 2615 1866 2685; x_wconf 88' lang='lat' dir='ltr'><strong>plorare</strong></span> <span class='ocrx_word' id='word_1_197' title='bbox 1914 2614 2081 2685; x_wconf 64' lang='lat' dir='ltr'><strong>coepit</strong></span> <span class='ocrx_word' id='word_1_198' title='bbox 2120 2629 2186 2670; x_wconf 88' lang='lat' dir='ltr'><strong>ac</strong></span> 
     </span>
    </p>
   </div>
   <div class='ocr_carea' id='block_1_30' title="bbox 590 2703 2186 2778">
    <p class='ocr_par' dir='ltr' id='par_1_30' title="bbox 590 2703 2186 2778">
     <span class='ocr_line' id='line_1_30' title="bbox 590 2703 2186 2778; baseline 0.003 -18"><span class='ocrx_word' id='word_1_199' title='bbox 590 2707 776 2761; x_wconf 83' lang='lat' dir='ltr'><strong>dicere</strong></span> <span class='ocrx_word' id='word_1_200' title='bbox 803 2725 817 2760; x_wconf 85' lang='lat'><strong>:</strong></span> <span class='ocrx_word' id='word_1_201' title='bbox 850 2703 988 2770; x_wconf 78' lang='lat' dir='ltr'><strong>Heu,</strong></span> <span class='ocrx_word' id='word_1_202' title='bbox 1029 2707 1104 2760; x_wconf 86' lang='lat' dir='ltr'><strong>lili</strong></span> <span class='ocrx_word' id='word_1_203' title='bbox 1143 2707 1216 2761; x_wconf 93' lang='lat' dir='ltr'><strong>mi</strong></span> <span class='ocrx_word' id='word_1_204' title='bbox 1253 2706 1604 2774; x_wconf 87' lang='lat' dir='ltr'><strong>suavissime,</strong></span> <span class='ocrx_word' id='word_1_205' title='bbox 1635 2708 1862 2778; x_wconf 90' lang='lat' dir='ltr'><strong>paulum</strong></span> <span class='ocrx_word' id='word_1_206' title='bbox 1885 2720 1986 2778; x_wconf 74' lang='lat' dir='ltr'><strong>ego</strong></span> <span class='ocrx_word' id='word_1_207' title='bbox 2011 2716 2186 2764; x_wconf 87' lang='lat' dir='ltr'><strong>mater</strong></span> 
     </span>
    </p>
   </div>
   <div class='ocr_carea' id='block_1_31' title="bbox 513 2798 2185 2871">
    <p class='ocr_par' dir='ltr' id='par_1_31' title="bbox 513 2798 2185 2871">
     <span class='ocr_line' id='line_1_31' title="bbox 513 2798 2185 2871; baseline 0.002 -19"><span class='ocrx_word' id='word_1_208' title='bbox 513 2851 521 2859; x_wconf 85' lang='grc'><strong>,</strong></span> <span class='ocrx_word' id='word_1_209' title='bbox 594 2809 687 2853; x_wconf 84' lang='lat' dir='ltr'><strong>tua</strong></span> <span class='ocrx_word' id='word_1_210' title='bbox 713 2798 878 2865; x_wconf 87' lang='lat' dir='ltr'><strong>dicta,</strong></span> <span class='ocrx_word' id='word_1_211' title='bbox 907 2809 961 2854; x_wconf 92' lang='lat' dir='ltr'><strong>et</strong></span> <span class='ocrx_word' id='word_1_212' title='bbox 996 2809 1048 2855; x_wconf 89' lang='lat' dir='ltr'><strong>te</strong></span> <span class='ocrx_word' id='word_1_213' title='bbox 1075 2798 1190 2854; x_wconf 84' lang='lat' dir='ltr'><strong>ﬁlio</strong></span> <span class='ocrx_word' id='word_1_214' title='bbox 1223 2799 1404 2854; x_wconf 71' lang='lat' dir='ltr'><strong>laetata</strong></span> <span class='ocrx_word' id='word_1_215' title='bbox 1438 2815 1560 2855; x_wconf 87' lang='lat' dir='ltr'><strong>sum</strong></span> <span class='ocrx_word' id='word_1_216' title='bbox 1587 2801 1600 2854; x_wconf 82' lang='grc' dir='ltr'><strong>ί</strong></span> <span class='ocrx_word' id='word_1_217' title='bbox 1631 2800 1746 2871; x_wconf 92' lang='lat' dir='ltr'><strong>jam</strong></span> <span class='ocrx_word' id='word_1_218' title='bbox 1779 2809 1832 2856; x_wconf 90' lang='lat' dir='ltr'><strong>te</strong></span> <span class='ocrx_word' id='word_1_219' title='bbox 1862 2803 2060 2856; x_wconf 85' lang='lat' dir='ltr'><strong>misera</strong></span> <span class='ocrx_word' id='word_1_220' title='bbox 2089 2816 2185 2856; x_wconf 76' lang='lat' dir='ltr'><strong>ca~</strong></span> 
     </span>
    </p>
   </div>
   <div class='ocr_carea' id='block_1_32' title="bbox 597 2890 2186 2964">
    <p class='ocr_par' dir='ltr' id='par_1_32' title="bbox 597 2890 2186 2964">
     <span class='ocr_line' id='line_1_32' title="bbox 597 2890 2186 2964; baseline 0.003 -20"><span class='ocrx_word' id='word_1_221' title='bbox 597 2907 710 2949; x_wconf 88' lang='lat' dir='ltr'><strong>rco.</strong></span> <span class='ocrx_word' id='word_1_222' title='bbox 745 2890 882 2958; x_wconf 89' lang='lat' dir='ltr'><strong>lleu,</strong></span> <span class='ocrx_word' id='word_1_223' title='bbox 922 2891 1016 2958; x_wconf 89' lang='lat' dir='ltr'><strong>tili,</strong></span> <span class='ocrx_word' id='word_1_224' title='bbox 1049 2894 1175 2963; x_wconf 90' lang='lat' dir='ltr'><strong>quis</strong></span> <span class='ocrx_word' id='word_1_225' title='bbox 1220 2901 1272 2947; x_wconf 90' lang='lat' dir='ltr'><strong>te</strong></span> <span class='ocrx_word' id='word_1_226' title='bbox 1307 2901 1540 2948; x_wconf 83' lang='lat' dir='ltr'><strong>venatus</strong></span> <span class='ocrx_word' id='word_1_227' title='bbox 1583 2892 1706 2948; x_wconf 83' lang='lat' dir='ltr'><strong>est?</strong></span> <span class='ocrx_word' id='word_1_228' title='bbox 1735 2893 1901 2964; x_wconf 85' lang='lat' dir='ltr'><strong>lupus</strong></span> <span class='ocrx_word' id='word_1_229' title='bbox 1948 2892 2186 2950; x_wconf 78' lang='lat' dir='ltr'><strong>fortasse</strong></span> 
     </span>
    </p>
   </div>
   <div class='ocr_carea' id='block_1_33' title="bbox 593 2983 2186 3055">
    <p class='ocr_par' dir='ltr' id='par_1_33' title="bbox 593 2983 2186 3055">
     <span class='ocr_line' id='line_1_33' title="bbox 593 2983 2186 3055; baseline 0.001 -17"><span class='ocrx_word' id='word_1_230' title='bbox 593 2984 795 3054; x_wconf 81' lang='lat' dir='ltr'><strong>aliquis</strong></span> <span class='ocrx_word' id='word_1_231' title='bbox 814 2999 991 3038; x_wconf 88' lang='lat' dir='ltr'><strong>meum</strong></span> <span class='ocrx_word' id='word_1_232' title='bbox 1017 2984 1123 3039; x_wconf 83' lang='lat' dir='ltr'><strong>sibi</strong></span> <span class='ocrx_word' id='word_1_233' title='bbox 1148 2999 1352 3053; x_wconf 77' lang='lat' dir='ltr'><strong>agnum</strong></span> <span class='ocrx_word' id='word_1_234' title='bbox 1377 2985 1632 3054; x_wconf 77' lang='lat' dir='ltr'><strong>arripuit.</strong></span> <span class='ocrx_word' id='word_1_235' title='bbox 1652 2983 1856 3055; x_wconf 86' lang='lat' dir='ltr'><strong>Ecquis</strong></span> <span class='ocrx_word' id='word_1_236' title='bbox 1879 2999 2010 3038; x_wconf 89' lang='lat' dir='ltr'><strong>vero</strong></span> <span class='ocrx_word' id='word_1_237' title='bbox 2032 2985 2186 3040; x_wconf 76' lang='lat' dir='ltr'><strong>lucus</strong></span> 
     </span>
    </p>
   </div>
   <div class='ocr_carea' id='block_1_34' title="bbox 598 3075 2260 3156">
    <p class='ocr_par' dir='ltr' id='par_1_34' title="bbox 598 3075 2260 3156">
     <span class='ocr_line' id='line_1_34' title="bbox 598 3075 2260 3156; baseline 0.001 -26"><span class='ocrx_word' id='word_1_238' title='bbox 598 3078 889 3146; x_wconf 77' lang='lat' dir='ltr'><strong>unigenatn</strong></span> <span class='ocrx_word' id='word_1_239' title='bbox 921 3075 1061 3130; x_wconf 83' lang='lat' dir='ltr'><strong>celat</strong></span> <span class='ocrx_word' id='word_1_240' title='bbox 1095 3075 1315 3130; x_wconf 85' lang='lat' dir='ltr'><strong>meum?</strong></span> <span class='ocrx_word' id='word_1_241' title='bbox 1343 3075 1610 3147; x_wconf 90' lang='lat' dir='ltr'><strong>siquidem</strong></span> <span class='ocrx_word' id='word_1_242' title='bbox 1645 3075 1826 3146; x_wconf 74' lang='lat' dir='ltr'><strong>praeda</strong></span> <span class='ocrx_word' id='word_1_243' title='bbox 1862 3078 2075 3146; x_wconf 82' lang='lat' dir='ltr'><strong>uspiam</strong></span> <span class='ocrx_word' id='word_1_244' title='bbox 2108 3077 2186 3131; x_wconf 84' lang='lat' dir='ltr'><strong>l&#39;a-</strong></span> <span class='ocrx_word' id='word_1_245' title='bbox 2213 3094 2260 3156; x_wconf 73' lang='grc' dir='ltr'>ο</span> 
     </span>
    </p>
   </div>
   <div class='ocr_carea' id='block_1_35' title="bbox 597 3167 2186 3238">
    <p class='ocr_par' dir='ltr' id='par_1_35' title="bbox 597 3167 2186 3238">
     <span class='ocr_line' id='line_1_35' title="bbox 597 3167 2186 3238; baseline 0.001 -18"><span class='ocrx_word' id='word_1_246' title='bbox 597 3179 717 3224; x_wconf 86' lang='lat' dir='ltr'><strong>ctus</strong></span> <span class='ocrx_word' id='word_1_247' title='bbox 743 3181 844 3225; x_wconf 89' lang='lat' dir='ltr'><strong>est.</strong></span> <span class='ocrx_word' id='word_1_248' title='bbox 889 3170 954 3222; x_wconf 90' lang='lat' dir='ltr'><strong>At</strong></span> <span class='ocrx_word' id='word_1_249' title='bbox 993 3167 1139 3222; x_wconf 81' lang='lat' dir='ltr'><strong>feras</strong></span> <span class='ocrx_word' id='word_1_250' title='bbox 1169 3168 1286 3222; x_wconf 64' lang='lat' dir='ltr'><strong>haec</strong></span> <span class='ocrx_word' id='word_1_251' title='bbox 1337 3168 1489 3238; x_wconf 80' lang='lat' dir='ltr'><strong>regio</strong></span> <span class='ocrx_word' id='word_1_252' title='bbox 1523 3184 1636 3223; x_wconf 93' lang='lat' dir='ltr'><strong>non</strong></span> <span class='ocrx_word' id='word_1_253' title='bbox 1668 3169 1850 3224; x_wconf 84' lang='lat' dir='ltr'><strong>habet.</strong></span> <span class='ocrx_word' id='word_1_254' title='bbox 1883 3167 2024 3223; x_wconf 85' lang='lat' dir='ltr'><strong>Num</strong></span> <span class='ocrx_word' id='word_1_255' title='bbox 2061 3184 2186 3224; x_wconf 89' lang='lat' dir='ltr'><strong>eum</strong></span> 
     </span>
    </p>
   </div>
   <div class='ocr_carea' id='block_1_36' title="bbox 601 3261 2190 3333">
    <p class='ocr_par' dir='ltr' id='par_1_36' title="bbox 601 3261 2190 3333">
     <span class='ocr_line' id='line_1_36' title="bbox 601 3261 2190 3333; baseline 0.002 -20"><span class='ocrx_word' id='word_1_256' title='bbox 601 3263 839 3316; x_wconf 74' lang='lat' dir='ltr'><strong>fortasse</strong></span> <span class='ocrx_word' id='word_1_257' title='bbox 879 3261 984 3316; x_wconf 83' lang='lat' dir='ltr'><strong>sub</strong></span> <span class='ocrx_word' id='word_1_258' title='bbox 1023 3272 1240 3315; x_wconf 89' lang='lat' dir='ltr'><strong>noctem</strong></span> <span class='ocrx_word' id='word_1_259' title='bbox 1281 3261 1408 3330; x_wconf 90' lang='lat' dir='ltr'><strong>quis</strong></span> <span class='ocrx_word' id='word_1_260' title='bbox 1451 3263 1668 3316; x_wconf 85' lang='lat' dir='ltr'><strong>necavit</strong></span> <span class='ocrx_word' id='word_1_261' title='bbox 1709 3271 1764 3316; x_wconf 87' lang='lat' dir='ltr'><strong>et</strong></span> <span class='ocrx_word' id='word_1_262' title='bbox 1797 3263 1848 3316; x_wconf 91' lang='lat' dir='ltr'><strong>in</strong></span> <span class='ocrx_word' id='word_1_263' title='bbox 1879 3277 2028 3317; x_wconf 90' lang='lat' dir='ltr'><strong>mare</strong></span> <span class='ocrx_word' id='word_1_264' title='bbox 2061 3278 2190 3333; x_wconf 88' lang='lat' dir='ltr'><strong>pro-</strong></span> 
     </span>
    </p>
   </div>
   <div class='ocr_carea' id='block_1_37' title="bbox 593 3352 2233 3424">
    <p class='ocr_par' dir='ltr' id='par_1_37' title="bbox 593 3352 2233 3424">
     <span class='ocr_line' id='line_1_37' title="bbox 593 3352 2233 3424; baseline 0.003 -19"><span class='ocrx_word' id='word_1_265' title='bbox 593 3353 728 3422; x_wconf 85' lang='lat' dir='ltr'><strong>jecit</strong></span> <span class='ocrx_word' id='word_1_266' title='bbox 751 3353 774 3406; x_wconf 84' lang='lat'><strong>?</strong></span> <span class='ocrx_word' id='word_1_267' title='bbox 795 3353 929 3420; x_wconf 85' lang='lat' dir='ltr'><strong>quid</strong></span> <span class='ocrx_word' id='word_1_268' title='bbox 961 3352 1144 3406; x_wconf 85' lang='lat' dir='ltr'><strong>dicam</strong></span> <span class='ocrx_word' id='word_1_269' title='bbox 1174 3357 1392 3419; x_wconf 87' lang='lat' dir='ltr'><strong>nescio;</strong></span> <span class='ocrx_word' id='word_1_270' title='bbox 1419 3367 1485 3406; x_wconf 91' lang='lat' dir='ltr'><strong>ac</strong></span> <span class='ocrx_word' id='word_1_271' title='bbox 1510 3353 1555 3408; x_wconf 91' lang='lat' dir='ltr'><strong>si</strong></span> <span class='ocrx_word' id='word_1_272' title='bbox 1583 3369 1692 3424; x_wconf 88' lang='lat' dir='ltr'><strong>qua</strong></span> <span class='ocrx_word' id='word_1_273' title='bbox 1727 3355 1832 3408; x_wconf 91' lang='lat' dir='ltr'><strong>alia</strong></span> <span class='ocrx_word' id='word_1_274' title='bbox 1853 3363 2028 3409; x_wconf 88' lang='lat' dir='ltr'><strong>morte</strong></span> <span class='ocrx_word' id='word_1_275' title='bbox 2058 3355 2189 3410; x_wconf 85' lang='lat' dir='ltr'><strong>sub-</strong></span> <span class='ocrx_word' id='word_1_276' title='bbox 2223 3381 2233 3386; x_wconf 86' lang='lat'><em>-</em></span> 
     </span>
    </p>
   </div>
   <div class='ocr_carea' id='block_1_38' title="bbox 601 3440 1546 3507">
    <p class='ocr_par' dir='ltr' id='par_1_38' title="bbox 601 3440 1546 3507">
     <span class='ocr_line' id='line_1_38' title="bbox 601 3440 1546 3507; baseline 0.003 -8"><span class='ocrx_word' id='word_1_277' title='bbox 601 3445 744 3499; x_wconf 85' lang='lat' dir='ltr'><strong>latus</strong></span> <span class='ocrx_word' id='word_1_278' title='bbox 771 3446 862 3498; x_wconf 84' lang='lat' dir='ltr'><strong>ille</strong></span> <span class='ocrx_word' id='word_1_279' title='bbox 886 3454 992 3507; x_wconf 85' lang='lat' dir='ltr'><strong>est,</strong></span> <span class='ocrx_word' id='word_1_280' title='bbox 1025 3440 1175 3499; x_wconf 85' lang='lat' dir='ltr'><strong>Deus</strong></span> <span class='ocrx_word' id='word_1_281' title='bbox 1197 3459 1341 3500; x_wconf 90' lang='lat' dir='ltr'><strong>unus</strong></span> <span class='ocrx_word' id='word_1_282' title='bbox 1371 3445 1546 3502; x_wconf 90' lang='lat' dir='ltr'><strong>novit.</strong></span> 
     </span>
    </p>
   </div>
   <div class='ocr_carea' id='block_1_39' title="bbox 673 3597 2187 3667">
    <p class='ocr_par' dir='ltr' id='par_1_39' title="bbox 673 3597 2187 3667">
     <span class='ocr_line' id='line_1_39' title="bbox 673 3597 2187 3667; baseline 0.005 -16"><span class='ocrx_word' id='word_1_283' title='bbox 673 3597 816 3652; x_wconf 76' lang='lat' dir='ltr'><strong>XXI.</strong></span> <span class='ocrx_word' id='word_1_284' title='bbox 853 3597 978 3654; x_wconf 69' lang='lat' dir='ltr'><strong>Haec</strong></span> <span class='ocrx_word' id='word_1_285' title='bbox 1021 3609 1078 3654; x_wconf 90' lang='lat' dir='ltr'><strong>et</strong></span> <span class='ocrx_word' id='word_1_286' title='bbox 1109 3598 1314 3654; x_wconf 76' lang='lat' dir='ltr'><strong>similia</strong></span> <span class='ocrx_word' id='word_1_287' title='bbox 1369 3615 1492 3656; x_wconf 89' lang='lat' dir='ltr'><strong>cum</strong></span> <span class='ocrx_word' id='word_1_288' title='bbox 1541 3600 1936 3657; x_wconf 88' lang='lat' dir='ltr'><strong>lamentaretur</strong></span> <span class='ocrx_word' id='word_1_289' title='bbox 1970 3601 2187 3667; x_wconf 90' lang='lat' dir='ltr'><strong>mulier,</strong></span> 
     </span>
    </p>
   </div>
   <div class='ocr_carea' id='block_1_40' title="bbox 601 3691 2188 3767">
    <p class='ocr_par' dir='ltr' id='par_1_40' title="bbox 601 3691 2188 3767">
     <span class='ocr_line' id='line_1_40' title="bbox 601 3691 2188 3767; baseline 0.004 -23"><span class='ocrx_word' id='word_1_290' title='bbox 601 3691 770 3755; x_wconf 88' lang='lat' dir='ltr'><strong>cives,</strong></span> <span class='ocrx_word' id='word_1_291' title='bbox 806 3691 899 3760; x_wconf 87' lang='lat' dir='ltr'><strong>qui</strong></span> <span class='ocrx_word' id='word_1_292' title='bbox 940 3700 1340 3758; x_wconf 83' lang='lat' dir='ltr'><strong>convenerant,</strong></span> <span class='ocrx_word' id='word_1_293' title='bbox 1381 3691 1554 3762; x_wconf 90' lang='lat' dir='ltr'><strong>ipsam</strong></span> <span class='ocrx_word' id='word_1_294' title='bbox 1587 3693 1846 3765; x_wconf 82' lang='lat' dir='ltr'><strong>laerymis</strong></span> <span class='ocrx_word' id='word_1_295' title='bbox 1886 3709 2188 3767; x_wconf 83' lang='lat' dir='ltr'><strong>proseque-</strong></span> 
     </span>
    </p>
   </div>
   <div class='ocr_carea' id='block_1_41' title="bbox 599 3782 2190 3862">
    <p class='ocr_par' dir='ltr' id='par_1_41' title="bbox 599 3782 2190 3862">
     <span class='ocr_line' id='line_1_41' title="bbox 599 3782 2190 3862; baseline 0.006 -24"><span class='ocrx_word' id='word_1_296' title='bbox 599 3785 818 3838; x_wconf 80' lang='lat' dir='ltr'><strong>lantur.</strong></span> <span class='ocrx_word' id='word_1_297' title='bbox 849 3782 918 3838; x_wconf 89' lang='lat' dir='ltr'><strong>Ut</strong></span> <span class='ocrx_word' id='word_1_298' title='bbox 958 3800 1088 3840; x_wconf 84' lang='lat' dir='ltr'><strong>vero</strong></span> <span class='ocrx_word' id='word_1_299' title='bbox 1131 3793 1342 3840; x_wconf 90' lang='lat' dir='ltr'><strong>tantum</strong></span> <span class='ocrx_word' id='word_1_300' title='bbox 1390 3787 1662 3855; x_wconf 86' lang='lat' dir='ltr'><strong>ploratum</strong></span> <span class='ocrx_word' id='word_1_301' title='bbox 1713 3787 1974 3862; x_wconf 76' lang='lat' dir='ltr'><strong>[xxxvui]</strong></span> <span class='ocrx_word' id='word_1_302' title='bbox 2017 3791 2190 3847; x_wconf 80' lang='lat' dir='ltr'><strong>abbas</strong></span> 
     </span>
    </p>
   </div>
   <div class='ocr_carea' id='block_1_42' title="bbox 599 3875 2192 3950">
    <p class='ocr_par' dir='ltr' id='par_1_42' title="bbox 599 3875 2192 3950">
     <span class='ocr_line' id='line_1_42' title="bbox 599 3875 2192 3950; baseline 0.006 -22"><span class='ocrx_word' id='word_1_303' title='bbox 599 3876 828 3940; x_wconf 82' lang='lat' dir='ltr'><strong>audivit,</strong></span> <span class='ocrx_word' id='word_1_304' title='bbox 866 3875 1185 3946; x_wconf 85' lang='lat' dir='ltr'><strong>episcopum</strong></span> <span class='ocrx_word' id='word_1_305' title='bbox 1229 3876 1607 3949; x_wconf 77' lang='lat' dir='ltr'><strong>interrogavit,</strong></span> <span class='ocrx_word' id='word_1_306' title='bbox 1644 3895 1910 3950; x_wconf 85' lang='lat' dir='ltr'><strong>quorsum</strong></span> <span class='ocrx_word' id='word_1_307' title='bbox 1952 3882 2192 3938; x_wconf 88' lang='lat' dir='ltr'><strong>turbatio</strong></span> 
     </span>
    </p>
   </div>
   <div class='ocr_carea' id='block_1_43' title="bbox 603 3968 2192 4046">
    <p class='ocr_par' dir='ltr' id='par_1_43' title="bbox 603 3968 2192 4046">
     <span class='ocr_line' id='line_1_43' title="bbox 603 3968 2192 4046; baseline 0.006 -26"><span class='ocrx_word' id='word_1_308' title='bbox 603 3968 693 4023; x_wconf 85' lang='lat' dir='ltr'><strong>illa</strong></span> <span class='ocrx_word' id='word_1_309' title='bbox 718 3969 1032 4038; x_wconf 67' lang='lat' dir='ltr'><strong>pertineret,</strong></span> <span class='ocrx_word' id='word_1_310' title='bbox 1065 3985 1230 4040; x_wconf 86' lang='lat' dir='ltr'><strong>quam</strong></span> <span class='ocrx_word' id='word_1_311' title='bbox 1277 3971 1332 4024; x_wconf 89' lang='lat' dir='ltr'><strong>in</strong></span> <span class='ocrx_word' id='word_1_312' title='bbox 1371 3972 1506 4026; x_wconf 90' lang='lat' dir='ltr'><strong>urbe</strong></span> <span class='ocrx_word' id='word_1_313' title='bbox 1536 3988 1658 4027; x_wconf 89' lang='lat' dir='ltr'><strong>esse</strong></span> <span class='ocrx_word' id='word_1_314' title='bbox 1691 3974 1938 4029; x_wconf 80' lang='lat' dir='ltr'><strong>audiret?</strong></span> <span class='ocrx_word' id='word_1_315' title='bbox 1977 3975 2048 4030; x_wconf 80' lang='lat' dir='ltr'><strong>At</strong></span> <span class='ocrx_word' id='word_1_316' title='bbox 2074 3975 2192 4046; x_wconf 78' lang='lat' dir='ltr'><strong>epi-</strong></span> 
     </span>
    </p>
   </div>
   <div class='ocr_carea' id='block_1_44' title="bbox 601 4059 2189 4136">
    <p class='ocr_par' dir='ltr' id='par_1_44' title="bbox 601 4059 2189 4136">
     <span class='ocr_line' id='line_1_44' title="bbox 601 4059 2189 4136; baseline 0.008 -24"><span class='ocrx_word' id='word_1_317' title='bbox 601 4074 825 4128; x_wconf 70' lang='lat' dir='ltr'><strong>scapus,</strong></span> <span class='ocrx_word' id='word_1_318' title='bbox 877 4063 970 4129; x_wconf 89' lang='lat' dir='ltr'><strong>qui</strong></span> <span class='ocrx_word' id='word_1_319' title='bbox 1017 4059 1267 4131; x_wconf 75' lang='lat' dir='ltr'><strong>Gregorii</strong></span> <span class='ocrx_word' id='word_1_320' title='bbox 1305 4075 1562 4132; x_wconf 85' lang='lat' dir='ltr'><strong>parentes</strong></span> <span class='ocrx_word' id='word_1_321' title='bbox 1600 4064 1885 4122; x_wconf 84' lang='lat' dir='ltr'><strong>advenisse</strong></span> <span class='ocrx_word' id='word_1_322' title='bbox 1940 4079 2189 4136; x_wconf 81' lang='lat' dir='ltr'><strong>noverat,</strong></span> 
     </span>
    </p>
   </div>
   <div class='ocr_carea' id='block_1_45' title="bbox 601 4154 2189 4229">
    <p class='ocr_par' dir='ltr' id='par_1_45' title="bbox 601 4154 2189 4229">
     <span class='ocr_line' id='line_1_45' title="bbox 601 4154 2189 4229; baseline 0.009 -29"><span class='ocrx_word' id='word_1_323' title='bbox 601 4165 806 4219; x_wconf 78' lang='lat' dir='ltr'><strong>eosque</strong></span> <span class='ocrx_word' id='word_1_324' title='bbox 849 4168 969 4208; x_wconf 83' lang='lat' dir='ltr'><strong>esse</strong></span> <span class='ocrx_word' id='word_1_325' title='bbox 1015 4154 1107 4221; x_wconf 87' lang='lat' dir='ltr'><strong>qui</strong></span> <span class='ocrx_word' id='word_1_326' title='bbox 1141 4154 1352 4218; x_wconf 85' lang='lat' dir='ltr'><strong>tierent,</strong></span> <span class='ocrx_word' id='word_1_327' title='bbox 1388 4155 1646 4226; x_wconf 78' lang='lat' dir='ltr'><strong>lacrymis</strong></span> <span class='ocrx_word' id='word_1_328' title='bbox 1674 4157 1881 4213; x_wconf 82' lang='lat' dir='ltr'><strong>obortis</strong></span> <span class='ocrx_word' id='word_1_329' title='bbox 1907 4159 2189 4229; x_wconf 75' lang='lat' dir='ltr'><strong>ingemuit,</strong></span> 
     </span>
    </p>
   </div>
   <div class='ocr_carea' id='block_1_46' title="bbox 601 4243 2194 4317">
    <p class='ocr_par' dir='ltr' id='par_1_46' title="bbox 601 4243 2194 4317">
     <span class='ocr_line' id='line_1_46' title="bbox 601 4243 2194 4317; baseline 0.008 -22"><span class='ocrx_word' id='word_1_330' title='bbox 601 4253 764 4312; x_wconf 85' lang='lat' dir='ltr'><strong>atque</strong></span> <span class='ocrx_word' id='word_1_331' title='bbox 785 4283 800 4302; x_wconf 86' lang='lat'><em>.</em></span> <span class='ocrx_word' id='word_1_332' title='bbox 840 4245 1002 4310; x_wconf 75' lang='lat' dir='ltr'><strong>Audi,</strong></span> <span class='ocrx_word' id='word_1_333' title='bbox 1036 4245 1234 4314; x_wconf 83' lang='lat' dir='ltr'><strong>inquit,</strong></span> <span class='ocrx_word' id='word_1_334' title='bbox 1266 4243 1428 4299; x_wconf 79' lang='lat' dir='ltr'><strong>Pater</strong></span> <span class='ocrx_word' id='word_1_335' title='bbox 1460 4265 1473 4300; x_wconf 86' lang='lat'><strong>:</strong></span> <span class='ocrx_word' id='word_1_336' title='bbox 1505 4263 1770 4317; x_wconf 76' lang='lat' dir='ltr'><strong>exponam</strong></span> <span class='ocrx_word' id='word_1_337' title='bbox 1801 4251 1944 4305; x_wconf 85' lang='lat' dir='ltr'><strong>enim</strong></span> <span class='ocrx_word' id='word_1_338' title='bbox 1969 4253 2063 4307; x_wconf 85' lang='lat' dir='ltr'><strong>tibi</strong></span> <span class='ocrx_word' id='word_1_339' title='bbox 2095 4255 2194 4308; x_wconf 86' lang='lat' dir='ltr'><strong>ll&#39;i-</strong></span> 
     </span>
    </p>
   </div>
   <div class='ocr_carea' id='block_1_47' title="bbox 601 4336 2190 4409">
    <p class='ocr_par' dir='ltr' id='par_1_47' title="bbox 601 4336 2190 4409">
     <span class='ocr_line' id='line_1_47' title="bbox 601 4336 2190 4409; baseline 0.008 -21"><span class='ocrx_word' id='word_1_340' title='bbox 601 4336 829 4388; x_wconf 76' lang='lat' dir='ltr'><strong>stissimi</strong></span> <span class='ocrx_word' id='word_1_341' title='bbox 882 4347 1115 4390; x_wconf 88' lang='lat' dir='ltr'><strong>eventus</strong></span> <span class='ocrx_word' id='word_1_342' title='bbox 1165 4337 1470 4398; x_wconf 85' lang='lat' dir='ltr'><strong>historiam.</strong></span> <span class='ocrx_word' id='word_1_343' title='bbox 1520 4341 1614 4409; x_wconf 87' lang='lat' dir='ltr'><strong>qui</strong></span> <span class='ocrx_word' id='word_1_344' title='bbox 1654 4351 1781 4396; x_wconf 88' lang='lat' dir='ltr'><strong>ante</strong></span> <span class='ocrx_word' id='word_1_345' title='bbox 1826 4357 2002 4399; x_wconf 82' lang='lat' dir='ltr'><strong>annos</strong></span> <span class='ocrx_word' id='word_1_346' title='bbox 2049 4344 2190 4402; x_wconf 87' lang='lat' dir='ltr'><strong>duos</strong></span> 
     </span>
    </p>
   </div>
   <div class='ocr_carea' id='block_1_48' title="bbox 602 4427 2264 4501">
    <p class='ocr_par' dir='ltr' id='par_1_48' title="bbox 602 4427 2264 4501">
     <span class='ocr_line' id='line_1_48' title="bbox 602 4427 2264 4501; baseline 0.005 -21"><span class='ocrx_word' id='word_1_347' title='bbox 602 4427 707 4480; x_wconf 88' lang='lat' dir='ltr'><strong>hac</strong></span> <span class='ocrx_word' id='word_1_348' title='bbox 736 4427 852 4497; x_wconf 87' lang='lat' dir='ltr'><strong>ipsa</strong></span> <span class='ocrx_word' id='word_1_349' title='bbox 896 4427 950 4480; x_wconf 93' lang='lat' dir='ltr'><strong>in</strong></span> <span class='ocrx_word' id='word_1_350' title='bbox 987 4427 1122 4480; x_wconf 82' lang='lat' dir='ltr'><strong>urbe</strong></span> <span class='ocrx_word' id='word_1_351' title='bbox 1152 4427 1374 4484; x_wconf 86' lang='lat' dir='ltr'><strong>accidit.</strong></span> <span class='ocrx_word' id='word_1_352' title='bbox 1417 4427 1510 4484; x_wconf 76' lang='lat' dir='ltr'><strong>Vir</strong></span> <span class='ocrx_word' id='word_1_353' title='bbox 1553 4440 1672 4485; x_wconf 88' lang='lat' dir='ltr'><strong>erat</strong></span> <span class='ocrx_word' id='word_1_354' title='bbox 1701 4433 1936 4501; x_wconf 87' lang='lat' dir='ltr'><strong>quodam</strong></span> <span class='ocrx_word' id='word_1_355' title='bbox 1977 4435 2034 4490; x_wconf 90' lang='lat' dir='ltr'><strong>in</strong></span> <span class='ocrx_word' id='word_1_356' title='bbox 2066 4437 2188 4491; x_wconf 84' lang='lat' dir='ltr'><strong>vico</strong></span> <span class='ocrx_word' id='word_1_357' title='bbox 2222 4433 2264 4488; x_wconf 91' lang='lat' dir='ltr'><strong>D</strong></span> 
     </span>
    </p>
   </div>
   <div class='ocr_carea' id='block_1_49' title="bbox 600 4520 2190 4596">
    <p class='ocr_par' dir='ltr' id='par_1_49' title="bbox 600 4520 2190 4596">
     <span class='ocr_line' id='line_1_49' title="bbox 600 4520 2190 4596; baseline 0.008 -25"><span class='ocrx_word' id='word_1_358' title='bbox 600 4535 771 4590; x_wconf 80' lang='lat' dir='ltr'><strong>prope</strong></span> <span class='ocrx_word' id='word_1_359' title='bbox 806 4521 947 4574; x_wconf 87' lang='lat' dir='ltr'><strong>hanc</strong></span> <span class='ocrx_word' id='word_1_360' title='bbox 979 4520 1196 4587; x_wconf 88' lang='lat' dir='ltr'><strong>urbem,</strong></span> <span class='ocrx_word' id='word_1_361' title='bbox 1230 4521 1324 4590; x_wconf 85' lang='lat' dir='ltr'><strong>qui</strong></span> <span class='ocrx_word' id='word_1_362' title='bbox 1361 4537 1587 4576; x_wconf 81' lang='lat' dir='ltr'><strong>uxorem</strong></span> <span class='ocrx_word' id='word_1_363' title='bbox 1618 4524 1850 4579; x_wconf 78' lang='lat' dir='ltr'><strong>duxerat</strong></span> <span class='ocrx_word' id='word_1_364' title='bbox 1879 4527 2025 4596; x_wconf 89' lang='lat' dir='ltr'><strong>piam</strong></span> <span class='ocrx_word' id='word_1_365' title='bbox 2061 4527 2190 4583; x_wconf 87' lang='lat' dir='ltr'><strong>Dei-</strong></span> 
     </span>
    </p>
   </div>
   <div class='ocr_carea' id='block_1_50' title="bbox 601 4602 2186 4691">
    <p class='ocr_par' dir='ltr' id='par_1_50' title="bbox 601 4602 2186 4691">
     <span class='ocr_line' id='line_1_50' title="bbox 601 4602 2186 4691; baseline 0.007 -25"><span class='ocrx_word' id='word_1_366' title='bbox 601 4628 711 4682; x_wconf 88' lang='lat' dir='ltr'><strong>que</strong></span> <span class='ocrx_word' id='word_1_367' title='bbox 765 4622 1098 4666; x_wconf 89' lang='lat' dir='ltr'><strong>metuentem</strong></span> <span class='ocrx_word' id='word_1_368' title='bbox 1154 4631 1167 4668; x_wconf 91' lang='lat'><strong>:</strong></span> <span class='ocrx_word' id='word_1_369' title='bbox 1218 4624 1482 4685; x_wconf 88' lang='lat' dir='ltr'><strong>erantque</strong></span> <span class='ocrx_word' id='word_1_370' title='bbox 1542 4602 1720 4672; x_wconf 35' lang='lat' dir='ltr'><strong>ambo.</strong></span> <span class='ocrx_word' id='word_1_371' title='bbox 1759 4619 1915 4674; x_wconf 84' lang='lat' dir='ltr'><strong>valde</strong></span> <span class='ocrx_word' id='word_1_372' title='bbox 1965 4619 2186 4691; x_wconf 82' lang='lat' dir='ltr'><strong>divites,</strong></span> 
     </span>
    </p>
   </div>
   <div class='ocr_carea' id='block_1_51' title="bbox 601 4705 2187 4785">
    <p class='ocr_par' dir='ltr' id='par_1_51' title="bbox 601 4705 2187 4785">
     <span class='ocr_line' id='line_1_51' title="bbox 601 4705 2187 4785; baseline 0.006 -26"><span class='ocrx_word' id='word_1_373' title='bbox 601 4721 832 4776; x_wconf 65' lang='lat' dir='ltr'><strong>qnmjue</strong></span> <span class='ocrx_word' id='word_1_374' title='bbox 861 4723 892 4760; x_wconf 90' lang='lat' dir='ltr'><strong>a</strong></span> <span class='ocrx_word' id='word_1_375' title='bbox 923 4705 1031 4762; x_wconf 86' lang='lat' dir='ltr'><strong>Deo</strong></span> <span class='ocrx_word' id='word_1_376' title='bbox 1059 4719 1404 4776; x_wconf 85' lang='lat' dir='ltr'><strong>acceperant,</strong></span> <span class='ocrx_word' id='word_1_377' title='bbox 1435 4709 1522 4778; x_wconf 93' lang='lat' dir='ltr'><strong>pie</strong></span> <span class='ocrx_word' id='word_1_378' title='bbox 1555 4709 2031 4779; x_wconf 82' lang='lat' dir='ltr'><strong>administrabant,</strong></span> <span class='ocrx_word' id='word_1_379' title='bbox 2062 4728 2187 4785; x_wconf 78' lang='lat' dir='ltr'><strong>ege-</strong></span> 
     </span>
    </p>
   </div>
   <div class='ocr_carea' id='block_1_52' title="bbox 603 4797 2190 4872">
    <p class='ocr_par' dir='ltr' id='par_1_52' title="bbox 603 4797 2190 4872">
     <span class='ocr_line' id='line_1_52' title="bbox 603 4797 2190 4872; baseline 0.005 -23"><span class='ocrx_word' id='word_1_380' title='bbox 603 4811 728 4860; x_wconf 90' lang='lat' dir='ltr'><strong>nos,</strong></span> <span class='ocrx_word' id='word_1_381' title='bbox 765 4797 980 4860; x_wconf 71' lang='lat' dir='ltr'><strong>viduas,</strong></span> <span class='ocrx_word' id='word_1_382' title='bbox 1015 4797 1253 4868; x_wconf 87' lang='lat' dir='ltr'><strong>pupillos</strong></span> <span class='ocrx_word' id='word_1_383' title='bbox 1287 4798 1447 4853; x_wconf 88' lang='lat' dir='ltr'><strong>bonis</strong></span> <span class='ocrx_word' id='word_1_384' title='bbox 1479 4800 1688 4855; x_wconf 77' lang='lat' dir='ltr'><strong>alentes</strong></span> <span class='ocrx_word' id='word_1_385' title='bbox 1735 4802 1872 4863; x_wconf 86' lang='lat' dir='ltr'><strong>suis,</strong></span> <span class='ocrx_word' id='word_1_386' title='bbox 1909 4810 2096 4872; x_wconf 90' lang='lat' dir='ltr'><strong>atque,</strong></span> <span class='ocrx_word' id='word_1_387' title='bbox 2133 4811 2190 4857; x_wconf 90' lang='lat' dir='ltr'><strong>ut</strong></span> 
     </span>
    </p>
   </div>
   <div class='ocr_carea' id='block_1_53' title="bbox 600 4889 2184 4966">
    <p class='ocr_par' dir='ltr' id='par_1_53' title="bbox 600 4889 2184 4966">
     <span class='ocr_line' id='line_1_53' title="bbox 600 4889 2184 4966; baseline 0.008 -26"><span class='ocrx_word' id='word_1_388' title='bbox 600 4890 760 4958; x_wconf 87' lang='lat' dir='ltr'><strong>plane</strong></span> <span class='ocrx_word' id='word_1_389' title='bbox 789 4890 994 4954; x_wconf 89' lang='lat' dir='ltr'><strong>dicam,</strong></span> <span class='ocrx_word' id='word_1_390' title='bbox 1043 4889 1248 4944; x_wconf 90' lang='lat' dir='ltr'><strong>nemini</strong></span> <span class='ocrx_word' id='word_1_391' title='bbox 1288 4891 1482 4946; x_wconf 89' lang='lat' dir='ltr'><strong>deesse</strong></span> <span class='ocrx_word' id='word_1_392' title='bbox 1525 4893 1815 4962; x_wconf 82' lang='lat' dir='ltr'><strong>patientes,</strong></span> <span class='ocrx_word' id='word_1_393' title='bbox 1861 4909 1984 4963; x_wconf 71' lang='lat' dir='ltr'><strong>qua:</strong></span> <span class='ocrx_word' id='word_1_394' title='bbox 2046 4911 2184 4966; x_wconf 85' lang='lat' dir='ltr'><strong>opus</strong></span> 
     </span>
    </p>
   </div>
   <div class='ocr_carea' id='block_1_54' title="bbox 601 4984 2182 5057">
    <p class='ocr_par' dir='ltr' id='par_1_54' title="bbox 601 4984 2182 5057">
     <span class='ocr_line' id='line_1_54' title="bbox 601 4984 2182 5057; baseline 0.007 -25"><span class='ocrx_word' id='word_1_395' title='bbox 601 4991 804 5047; x_wconf 85' lang='lat' dir='ltr'><strong>essent,</strong></span> <span class='ocrx_word' id='word_1_396' title='bbox 849 4991 904 5036; x_wconf 91' lang='lat' dir='ltr'><strong>et</strong></span> <span class='ocrx_word' id='word_1_397' title='bbox 949 4993 1265 5038; x_wconf 88' lang='lat' dir='ltr'><strong>sanctorum</strong></span> <span class='ocrx_word' id='word_1_398' title='bbox 1308 4984 1732 5040; x_wconf 85' lang='lat' dir='ltr'><strong>necessitatibus</strong></span> <span class='ocrx_word' id='word_1_399' title='bbox 1771 4986 1970 5056; x_wconf 84' lang='lat' dir='ltr'><strong>cupide</strong></span> <span class='ocrx_word' id='word_1_400' title='bbox 1997 4989 2182 5057; x_wconf 90' lang='lat' dir='ltr'><strong>opitu-</strong></span> 
     </span>
    </p>
   </div>
   <div class='ocr_carea' id='block_1_55' title="bbox 605 5071 2186 5148">
    <p class='ocr_par' dir='ltr' id='par_1_55' title="bbox 605 5071 2186 5148">
     <span class='ocr_line' id='line_1_55' title="bbox 605 5071 2186 5148; baseline 0.008 -26"><span class='ocrx_word' id='word_1_401' title='bbox 605 5072 795 5126; x_wconf 63' lang='lat' dir='ltr'><strong>lantes.</strong></span> <span class='ocrx_word' id='word_1_402' title='bbox 851 5071 994 5127; x_wconf 83' lang='lat' dir='ltr'><strong>Puer</strong></span> <span class='ocrx_word' id='word_1_403' title='bbox 1024 5089 1156 5128; x_wconf 89' lang='lat' dir='ltr'><strong>vero</strong></span> <span class='ocrx_word' id='word_1_404' title='bbox 1208 5075 1298 5130; x_wconf 84' lang='lat' dir='ltr'><strong>his</strong></span> <span class='ocrx_word' id='word_1_405' title='bbox 1325 5076 1488 5131; x_wconf 85' lang='lat' dir='ltr'><strong>datus</strong></span> <span class='ocrx_word' id='word_1_406' title='bbox 1521 5086 1628 5140; x_wconf 87' lang='lat' dir='ltr'><strong>est,</strong></span> <span class='ocrx_word' id='word_1_407' title='bbox 1659 5092 1821 5147; x_wconf 87' lang='lat' dir='ltr'><strong>quem</strong></span> <span class='ocrx_word' id='word_1_408' title='bbox 1881 5093 1982 5148; x_wconf 79' lang='lat' dir='ltr'><strong>ego</strong></span> <span class='ocrx_word' id='word_1_409' title='bbox 2021 5079 2186 5136; x_wconf 88' lang='lat' dir='ltr'><strong>miser</strong></span> 
     </span>
    </p>
   </div>
   <div class='ocr_carea' id='block_1_56' title="bbox 601 5164 2185 5243">
    <p class='ocr_par' dir='ltr' id='par_1_56' title="bbox 601 5164 2185 5243">
     <span class='ocr_line' id='line_1_56' title="bbox 601 5164 2185 5243; baseline 0.008 -28"><span class='ocrx_word' id='word_1_410' title='bbox 601 5164 788 5218; x_wconf 87' lang='lat' dir='ltr'><strong>divino</strong></span> <span class='ocrx_word' id='word_1_411' title='bbox 813 5165 1149 5237; x_wconf 82' lang='lat' dir='ltr'><strong>salutarique</strong></span> <span class='ocrx_word' id='word_1_412' title='bbox 1178 5167 1510 5240; x_wconf 82' lang='lat' dir='ltr'><strong>baptismate</strong></span> <span class='ocrx_word' id='word_1_413' title='bbox 1544 5179 1795 5226; x_wconf 82' lang='lat' dir='ltr'><strong>renatum</strong></span> <span class='ocrx_word' id='word_1_414' title='bbox 1837 5173 2074 5243; x_wconf 79' lang='lat' dir='ltr'><strong>suscepi.</strong></span> <span class='ocrx_word' id='word_1_415' title='bbox 2103 5172 2185 5228; x_wconf 86' lang='lat' dir='ltr'><strong>Eo</strong></span> 
     </span>
    </p>
   </div>
   <div class='ocr_carea' id='block_1_57' title="bbox 485 5255 2184 5330">
    <p class='ocr_par' dir='ltr' id='par_1_57' title="bbox 485 5255 2184 5330">
     <span class='ocr_line' id='line_1_57' title="bbox 485 5255 2184 5330; baseline 0.006 -23"><span class='ocrx_word' id='word_1_416' title='bbox 485 5266 490 5294; x_wconf 77' lang='grc' dir='ltr'><strong><em>ε</em></strong></span> <span class='ocrx_word' id='word_1_417' title='bbox 600 5255 747 5310; x_wconf 87' lang='lat' dir='ltr'><strong>aucti</strong></span> <span class='ocrx_word' id='word_1_418' title='bbox 780 5267 1053 5326; x_wconf 81' lang='lat' dir='ltr'><strong>parentes,</strong></span> <span class='ocrx_word' id='word_1_419' title='bbox 1092 5259 1281 5315; x_wconf 90' lang='lat' dir='ltr'><strong>liberis</strong></span> <span class='ocrx_word' id='word_1_420' title='bbox 1319 5276 1544 5330; x_wconf 79' lang='lat' dir='ltr'><strong>operam</strong></span> <span class='ocrx_word' id='word_1_421' title='bbox 1580 5260 1712 5316; x_wconf 87' lang='lat' dir='ltr'><strong>dare</strong></span> <span class='ocrx_word' id='word_1_422' title='bbox 1741 5261 2050 5328; x_wconf 86' lang='lat' dir='ltr'><strong>desierunt;</strong></span> <span class='ocrx_word' id='word_1_423' title='bbox 2093 5271 2184 5317; x_wconf 87' lang='grc' dir='ltr'><strong>ιιι-</strong></span> 
     </span>
    </p>
   </div>
   <div class='ocr_carea' id='block_1_58' title="bbox 599 5351 2186 5424">
    <p class='ocr_par' dir='ltr' id='par_1_58' title="bbox 599 5351 2186 5424">
     <span class='ocr_line' id='line_1_58' title="bbox 599 5351 2186 5424; baseline 0.009 -24"><span class='ocrx_word' id='word_1_424' title='bbox 599 5364 709 5421; x_wconf 85' lang='lat' dir='ltr'><strong>que</strong></span> <span class='ocrx_word' id='word_1_425' title='bbox 755 5364 892 5421; x_wconf 91' lang='lat' dir='ltr'><strong>puer</strong></span> <span class='ocrx_word' id='word_1_426' title='bbox 941 5366 1142 5405; x_wconf 89' lang='lat' dir='ltr'><strong>annum</strong></span> <span class='ocrx_word' id='word_1_427' title='bbox 1183 5351 1363 5424; x_wconf 77' lang='lat' dir='ltr'><strong>attigit</strong></span> <span class='ocrx_word' id='word_1_428' title='bbox 1392 5363 1670 5420; x_wconf 84' lang='lat' dir='ltr'><strong>octavum,</strong></span> <span class='ocrx_word' id='word_1_429' title='bbox 1703 5354 1812 5410; x_wconf 91' lang='lat' dir='ltr'><strong>huc</strong></span> <span class='ocrx_word' id='word_1_430' title='bbox 1857 5355 1926 5410; x_wconf 91' lang='lat' dir='ltr'><strong>ab</strong></span> <span class='ocrx_word' id='word_1_431' title='bbox 1953 5356 2060 5412; x_wconf 90' lang='lat' dir='ltr'><strong>illis</strong></span> <span class='ocrx_word' id='word_1_432' title='bbox 2090 5357 2186 5414; x_wconf 85' lang='lat' dir='ltr'><strong>de-</strong></span> 
     </span>
    </p>
   </div>
   <div class='ocr_carea' id='block_1_59' title="bbox 599 5443 2182 5515">
    <p class='ocr_par' dir='ltr' id='par_1_59' title="bbox 599 5443 2182 5515">
     <span class='ocr_line' id='line_1_59' title="bbox 599 5443 2182 5515; baseline 0.004 -18"><span class='ocrx_word' id='word_1_433' title='bbox 599 5443 800 5498; x_wconf 81' lang='lat' dir='ltr'><strong>ducms</strong></span> <span class='ocrx_word' id='word_1_434' title='bbox 851 5451 956 5509; x_wconf 84' lang='lat' dir='ltr'><strong>est,</strong></span> <span class='ocrx_word' id='word_1_435' title='bbox 1008 5453 1060 5498; x_wconf 89' lang='lat' dir='ltr'><strong>et</strong></span> <span class='ocrx_word' id='word_1_436' title='bbox 1099 5459 1128 5498; x_wconf 92' lang='lat' dir='ltr'><strong>a</strong></span> <span class='ocrx_word' id='word_1_437' title='bbox 1171 5461 1256 5499; x_wconf 87' lang='lat' dir='ltr'><strong>tne</strong></span> <span class='ocrx_word' id='word_1_438' title='bbox 1291 5446 1344 5498; x_wconf 92' lang='lat' dir='ltr'><strong>in</strong></span> <span class='ocrx_word' id='word_1_439' title='bbox 1386 5443 1732 5515; x_wconf 88' lang='lat' dir='ltr'><strong>disciplinam</strong></span> <span class='ocrx_word' id='word_1_440' title='bbox 1786 5447 2039 5504; x_wconf 88' lang='lat' dir='ltr'><strong>traditus.</strong></span> <span class='ocrx_word' id='word_1_441' title='bbox 2079 5449 2182 5506; x_wconf 83' lang='lat' dir='ltr'><strong>Cui</strong></span> 
     </span>
    </p>
   </div>
   <div class='ocr_carea' id='block_1_60' title="bbox 599 5534 2179 5608">
    <p class='ocr_par' dir='ltr' id='par_1_60' title="bbox 599 5534 2179 5608">
     <span class='ocr_line' id='line_1_60' title="bbox 599 5534 2179 5608; baseline 0.004 -19"><span class='ocrx_word' id='word_1_442' title='bbox 599 5534 850 5590; x_wconf 80' lang='lat' dir='ltr'><strong>Christus</strong></span> <span class='ocrx_word' id='word_1_443' title='bbox 889 5536 1024 5589; x_wconf 89' lang='lat' dir='ltr'><strong>adeo</strong></span> <span class='ocrx_word' id='word_1_444' title='bbox 1061 5537 1328 5606; x_wconf 81' lang='lat' dir='ltr'><strong>propitius</strong></span> <span class='ocrx_word' id='word_1_445' title='bbox 1367 5535 1490 5604; x_wconf 83' lang='lat' dir='ltr'><strong>fuit,</strong></span> <span class='ocrx_word' id='word_1_446' title='bbox 1541 5547 1598 5592; x_wconf 91' lang='lat' dir='ltr'><strong>ut</strong></span> <span class='ocrx_word' id='word_1_447' title='bbox 1646 5539 1821 5608; x_wconf 86' lang='lat' dir='ltr'><strong>prima</strong></span> <span class='ocrx_word' id='word_1_448' title='bbox 1875 5541 2179 5596; x_wconf 88' lang='lat' dir='ltr'><strong>litterarum</strong></span> 
     </span>
    </p>
   </div>
   <div class='ocr_carea' id='block_1_61' title="bbox 597 5628 2179 5700">
    <p class='ocr_par' dir='ltr' id='par_1_61' title="bbox 597 5628 2179 5700">
     <span class='ocr_line' id='line_1_61' title="bbox 597 5628 2179 5700; baseline 0.004 -18"><span class='ocrx_word' id='word_1_449' title='bbox 597 5628 866 5683; x_wconf 73' lang='lat' dir='ltr'><strong>elementa</strong></span> <span class='ocrx_word' id='word_1_450' title='bbox 899 5630 1042 5683; x_wconf 89' lang='lat' dir='ltr'><strong>intra</strong></span> <span class='ocrx_word' id='word_1_451' title='bbox 1077 5630 1358 5684; x_wconf 81' lang='lat' dir='ltr'><strong>biennium</strong></span> <span class='ocrx_word' id='word_1_452' title='bbox 1392 5631 1638 5700; x_wconf 86' lang='lat' dir='ltr'><strong>apprime</strong></span> <span class='ocrx_word' id='word_1_453' title='bbox 1673 5643 1944 5700; x_wconf 88' lang='lat' dir='ltr'><strong>nosceret,</strong></span> <span class='ocrx_word' id='word_1_454' title='bbox 1991 5651 2179 5691; x_wconf 86' lang='lat' dir='ltr'><strong>nsum-</strong></span> 
     </span>
    </p>
   </div>
   <div class='ocr_carea' id='block_1_62' title="bbox 670 5739 1682 5816">
    <p class='ocr_par' dir='ltr' id='par_1_62' title="bbox 670 5739 1682 5816">
     <span class='ocr_line' id='line_1_62' title="bbox 670 5739 1682 5816; baseline 0.006 -24"><span class='ocrx_word' id='word_1_455' title='bbox 670 5739 782 5809; x_wconf 64' lang='grc' dir='ltr'><strong>(δι)</strong></span> <span class='ocrx_word' id='word_1_456' title='bbox 811 5741 867 5795; x_wconf 66' lang='lat' dir='ltr'><strong>in</strong></span> <span class='ocrx_word' id='word_1_457' title='bbox 896 5745 1018 5797; x_wconf 89' lang='lat' dir='ltr'><strong>cod.</strong></span> <span class='ocrx_word' id='word_1_458' title='bbox 1051 5743 1105 5812; x_wconf 68' lang='grc' dir='ltr'><strong>Ω,</strong></span> <span class='ocrx_word' id='word_1_459' title='bbox 1137 5744 1472 5816; x_wconf 81' lang='grc' dir='ltr'><strong>θεοτήρητος</strong></span> <span class='ocrx_word' id='word_1_460' title='bbox 1507 5743 1682 5816; x_wconf 79' lang='grc' dir='ltr'><strong>φιλία.</strong></span> 
     </span>
    </p>
   </div>
   <div class='ocr_carea' id='block_1_63' title="bbox 2283 501 3886 576">
    <p class='ocr_par' dir='ltr' id='par_1_63' title="bbox 2283 501 3886 576">
     <span class='ocr_line' id='line_1_63' title="bbox 2283 501 3886 576; baseline 0.001 -19"><span class='ocrx_word' id='word_1_461' title='bbox 2283 504 2614 576; x_wconf 77' lang='grc' dir='ltr'><strong>θεοτήρητος</strong></span> <span class='ocrx_word' id='word_1_462' title='bbox 2637 501 2921 573; x_wconf 80' lang='grc' dir='ltr'><strong>θεοφ”ι).ία;</strong></span> <span class='ocrx_word' id='word_1_463' title='bbox 2965 504 3022 556; x_wconf 83' lang='lat' dir='ltr'><strong>&#39;U</strong></span> <span class='ocrx_word' id='word_1_464' title='bbox 3052 503 3108 557; x_wconf 83' lang='grc' dir='ltr'><strong>δὲ</strong></span> <span class='ocrx_word' id='word_1_465' title='bbox 3144 503 3279 576; x_wconf 78' lang='grc' dir='ltr'><strong>πρὸς</strong></span> <span class='ocrx_word' id='word_1_466' title='bbox 3307 504 3470 557; x_wconf 81' lang='grc' dir='ltr'><strong>αὐτόν</strong></span> <span class='ocrx_word' id='word_1_467' title='bbox 3493 520 3507 535; x_wconf 75' lang='grc'><strong>⁸</strong></span> <span class='ocrx_word' id='word_1_468' title='bbox 3545 504 3698 557; x_wconf 86' lang='grc' dir='ltr'><strong>Ξένοι</strong></span> <span class='ocrx_word' id='word_1_469' title='bbox 3735 523 3886 576; x_wconf 77' lang='grc' dir='ltr'><strong>τυγ-</strong></span> 
     </span>
    </p>
   </div>
   <div class='ocr_carea' id='block_1_64' title="bbox 2283 593 3890 667">
    <p class='ocr_par' dir='ltr' id='par_1_64' title="bbox 2283 593 3890 667">
     <span class='ocr_line' id='line_1_64' title="bbox 2283 593 3890 667; baseline 0.001 -19"><span class='ocrx_word' id='word_1_470' title='bbox 2283 597 2543 666; x_wconf 82' lang='grc' dir='ltr'><strong>χάνομεν,</strong></span> <span class='ocrx_word' id='word_1_471' title='bbox 2577 596 2760 666; x_wconf 85' lang='grc' dir='ltr'><strong>Πάτερ</strong></span> <span class='ocrx_word' id='word_1_472' title='bbox 2790 593 3083 663; x_wconf 81' lang='grc' dir='ltr'><strong>ἀγιὼτατε,</strong></span> <span class='ocrx_word' id='word_1_473' title='bbox 3111 597 3208 648; x_wconf 67' lang='grc' dir='ltr'><strong>καὶ</strong></span> <span class='ocrx_word' id='word_1_474' title='bbox 3241 595 3334 648; x_wconf 77' lang='grc' dir='ltr'><strong>ἐπὶ</strong></span> <span class='ocrx_word' id='word_1_475' title='bbox 3368 593 3466 666; x_wconf 75' lang='grc' dir='ltr'><strong>τὴν</strong></span> <span class='ocrx_word' id='word_1_476' title='bbox 3504 593 3726 667; x_wconf 84' lang='grc' dir='ltr'>Ῥώμην</span> <span class='ocrx_word' id='word_1_477' title='bbox 3750 595 3890 650; x_wconf 78' lang='grc' dir='ltr'><strong>δια-</strong></span> 
     </span>
    </p>
   </div>
   <div class='ocr_carea' id='block_1_65' title="bbox 2286 687 3888 760">
    <p class='ocr_par' dir='ltr' id='par_1_65' title="bbox 2286 687 3888 760">
     <span class='ocr_line' id='line_1_65' title="bbox 2286 687 3888 760; baseline 0.001 -19"><span class='ocrx_word' id='word_1_478' title='bbox 2286 689 2524 758; x_wconf 75' lang='grc' dir='ltr'><strong>περᾶσαι</strong></span> <span class='ocrx_word' id='word_1_479' title='bbox 2563 687 2890 758; x_wconf 79' lang='grc' dir='ltr'><strong>βουλόμεθα,</strong></span> <span class='ocrx_word' id='word_1_480' title='bbox 2946 687 3042 741; x_wconf 78' lang='grc' dir='ltr'><strong>ἐὰν</strong></span> <span class='ocrx_word' id='word_1_481' title='bbox 3101 689 3130 741; x_wconf 91' lang='lat'><strong>6</strong></span> <span class='ocrx_word' id='word_1_482' title='bbox 3183 687 3387 760; x_wconf 83' lang='grc' dir='ltr'><strong>Κύριος</strong></span> <span class='ocrx_word' id='word_1_483' title='bbox 3435 687 3670 742; x_wconf 79' lang='grc' dir='ltr'><strong>κελεύει.</strong></span> <span class='ocrx_word' id='word_1_484' title='bbox 3717 687 3776 742; x_wconf 89' lang='grc' dir='ltr'>Ὀ</span> <span class='ocrx_word' id='word_1_485' title='bbox 3817 687 3888 742; x_wconf 69' lang='grc' dir='ltr'><strong>δι</strong></span> 
     </span>
    </p>
   </div>
   <div class='ocr_carea' id='block_1_66' title="bbox 2283 778 3886 850">
    <p class='ocr_par' dir='ltr' id='par_1_66' title="bbox 2283 778 3886 850">
     <span class='ocr_line' id='line_1_66' title="bbox 2283 778 3886 850; baseline 0.001 -19"><span class='ocrx_word' id='word_1_486' title='bbox 2283 779 2584 842; x_wconf 76' lang='grc' dir='ltr'><strong>ἐπίσκοπος</strong></span> <span class='ocrx_word' id='word_1_487' title='bbox 2613 779 2762 848; x_wconf 85' lang='grc' dir='ltr'><strong>λέγει</strong></span> <span class='ocrx_word' id='word_1_488' title='bbox 2804 778 2986 850; x_wconf 82' lang='grc' dir='ltr'><strong>αὐτῷ·</strong></span> <span class='ocrx_word' id='word_1_489' title='bbox 3016 778 3267 832; x_wconf 85' lang='grc' dir='ltr'><strong>Γενέσθω</strong></span> <span class='ocrx_word' id='word_1_490' title='bbox 3314 781 3374 833; x_wconf 82' lang='grc' dir='ltr'><strong>τὸ</strong></span> <span class='ocrx_word' id='word_1_491' title='bbox 3417 779 3630 850; x_wconf 85' lang='grc' dir='ltr'><strong>θέλημα</strong></span> <span class='ocrx_word' id='word_1_492' title='bbox 3663 779 3886 843; x_wconf 80' lang='grc' dir='ltr'><strong>Κυρίου</strong></span> 
     </span>
    </p>
   </div>
   <div class='ocr_carea' id='block_1_67' title="bbox 2283 872 3890 942">
    <p class='ocr_par' dir='ltr' id='par_1_67' title="bbox 2283 872 3890 942">
     <span class='ocr_line' id='line_1_67' title="bbox 2283 872 3890 942; baseline 0.001 -18"><span class='ocrx_word' id='word_1_493' title='bbox 2283 874 2362 936; x_wconf 85' lang='grc' dir='ltr'><strong>εἰς</strong></span> <span class='ocrx_word' id='word_1_494' title='bbox 2391 872 2562 942; x_wconf 80' lang='grc' dir='ltr'><strong>ἡμᾶς,</strong></span> <span class='ocrx_word' id='word_1_495' title='bbox 2596 872 2802 940; x_wconf 80' lang='grc' dir='ltr'><strong>Πάτερ.</strong></span> <span class='ocrx_word' id='word_1_496' title='bbox 2847 872 3056 942; x_wconf 87' lang='grc' dir='ltr'><strong>Ὀλίγον</strong></span> <span class='ocrx_word' id='word_1_497' title='bbox 3085 872 3144 926; x_wconf 84' lang='grc' dir='ltr'><strong>δὲ</strong></span> <span class='ocrx_word' id='word_1_498' title='bbox 3179 873 3521 941; x_wconf 83' lang='grc' dir='ltr'><strong>καθήσαντες</strong></span> <span class='ocrx_word' id='word_1_499' title='bbox 3551 874 3645 926; x_wconf 83' lang='grc' dir='ltr'><strong>καὶ</strong></span> <span class='ocrx_word' id='word_1_500' title='bbox 3677 889 3890 926; x_wconf 82' lang='grc' dir='ltr'><strong>συντυ-</strong></span> 
     </span>
    </p>
   </div>
   <div class='ocr_carea' id='block_1_68' title="bbox 2282 961 3891 1034">
    <p class='ocr_par' dir='ltr' id='par_1_68' title="bbox 2282 961 3891 1034">
     <span class='ocr_line' id='line_1_68' title="bbox 2282 961 3891 1034; baseline 0.001 -20"><span class='ocrx_word' id='word_1_501' title='bbox 2282 963 2471 1033; x_wconf 86' lang='grc' dir='ltr'><strong>χόντες</strong></span> <span class='ocrx_word' id='word_1_502' title='bbox 2517 963 2653 1032; x_wconf 68' lang='grc' dir='ltr'><strong>πρὸς</strong></span> <span class='ocrx_word' id='word_1_503' title='bbox 2696 963 2962 1034; x_wconf 85' lang='grc' dir='ltr'><strong>ἀλλήλους</strong></span> <span class='ocrx_word' id='word_1_504' title='bbox 3014 963 3081 1016; x_wconf 77' lang='grc' dir='ltr'><strong>τά</strong></span> <span class='ocrx_word' id='word_1_505' title='bbox 3109 963 3454 1017; x_wconf 79' lang='grc' dir='ltr'><strong>συντείνοντα</strong></span> <span class='ocrx_word' id='word_1_506' title='bbox 3493 963 3573 1026; x_wconf 87' lang='grc' dir='ltr'><strong>είς</strong></span> <span class='ocrx_word' id='word_1_507' title='bbox 3606 961 3891 1031; x_wconf 79' lang='grc' dir='ltr'><strong>ὠφέλειαν</strong></span> 
     </span>
    </p>
   </div>
   <div class='ocr_carea' id='block_1_69' title="bbox 2281 1053 3894 1127">
    <p class='ocr_par' dir='ltr' id='par_1_69' title="bbox 2281 1053 3894 1127">
     <span class='ocr_line' id='line_1_69' title="bbox 2281 1053 3894 1127; baseline 0 -19"><span class='ocrx_word' id='word_1_508' title='bbox 2281 1055 2458 1127; x_wconf 72' lang='grc' dir='ltr'><strong>ψυχῆς</strong></span> <span class='ocrx_word' id='word_1_509' title='bbox 2484 1070 2498 1086; x_wconf 75' lang='grc'><strong>⁸</strong></span> <span class='ocrx_word' id='word_1_510' title='bbox 2533 1054 2935 1124; x_wconf 70' lang='grc' dir='ltr'><strong>συνταξάμενος</strong></span> <span class='ocrx_word' id='word_1_511' title='bbox 2967 1057 2996 1108; x_wconf 92' lang='lat'><strong>6</strong></span> <span class='ocrx_word' id='word_1_512' title='bbox 3025 1054 3329 1116; x_wconf 76' lang='grc' dir='ltr'><strong>ἐπίσκοπος</strong></span> <span class='ocrx_word' id='word_1_513' title='bbox 3355 1057 3466 1113; x_wconf 85' lang='grc' dir='ltr'><strong>τοῖς</strong></span> <span class='ocrx_word' id='word_1_514' title='bbox 3485 1053 3734 1124; x_wconf 66' lang='grc' dir='ltr'><strong>ἀδελφοῖς</strong></span> <span class='ocrx_word' id='word_1_515' title='bbox 3763 1056 3894 1108; x_wconf 72' lang='grc' dir='ltr'><strong>εἰσ-</strong></span> 
     </span>
    </p>
   </div>
   <div class='ocr_carea' id='block_1_70' title="bbox 2281 1145 3891 1218">
    <p class='ocr_par' dir='ltr' id='par_1_70' title="bbox 2281 1145 3891 1218">
     <span class='ocr_line' id='line_1_70' title="bbox 2281 1145 3891 1218; baseline 0.001 -19"><span class='ocrx_word' id='word_1_516' title='bbox 2281 1146 2446 1217; x_wconf 78' lang='grc' dir='ltr'><strong>ἦλθεν</strong></span> <span class='ocrx_word' id='word_1_517' title='bbox 2475 1148 2534 1199; x_wconf 87' lang='grc' dir='ltr'><strong>ἐν</strong></span> <span class='ocrx_word' id='word_1_518' title='bbox 2561 1149 2627 1218; x_wconf 73' lang='grc' dir='ltr'><strong>τῇ</strong></span> <span class='ocrx_word' id='word_1_519' title='bbox 2663 1147 2930 1218; x_wconf 76' lang='grc' dir='ltr'><strong>ἐκκλησίᾳ</strong></span> <span class='ocrx_word' id='word_1_520' title='bbox 2969 1145 3062 1200; x_wconf 83' lang='grc' dir='ltr'><strong>τοῦ</strong></span> <span class='ocrx_word' id='word_1_521' title='bbox 3092 1145 3422 1200; x_wconf 71' lang='grc' dir='ltr'><strong>ἀποτελέσαι</strong></span> <span class='ocrx_word' id='word_1_522' title='bbox 3448 1148 3548 1215; x_wconf 77' lang='grc' dir='ltr'><strong>τὴν</strong></span> <span class='ocrx_word' id='word_1_523' title='bbox 3591 1145 3742 1198; x_wconf 86' lang='grc' dir='ltr'><strong>θείαν</strong></span> <span class='ocrx_word' id='word_1_524' title='bbox 3778 1147 3891 1200; x_wconf 74' lang='grc' dir='ltr'><strong>καὶ</strong></span> 
     </span>
    </p>
   </div>
   <div class='ocr_carea' id='block_1_71' title="bbox 2287 1235 3888 1310">
    <p class='ocr_par' dir='ltr' id='par_1_71' title="bbox 2287 1235 3888 1310">
     <span class='ocr_line' id='line_1_71' title="bbox 2287 1235 3888 1310; baseline -0.001 -19"><span class='ocrx_word' id='word_1_525' title='bbox 2287 1239 2438 1310; x_wconf 76' lang='grc' dir='ltr'><strong>ἱεράν</strong></span> <span class='ocrx_word' id='word_1_526' title='bbox 2477 1239 2904 1308; x_wconf 77' lang='grc' dir='ltr'><strong>μυσταγωγίαν·</strong></span> <span class='ocrx_word' id='word_1_527' title='bbox 2948 1235 3016 1310; x_wconf 75' lang='grc' dir='ltr'><strong>ἦν</strong></span> <span class='ocrx_word' id='word_1_528' title='bbox 3063 1239 3172 1310; x_wconf 80' lang='grc' dir='ltr'><strong>γὰρ</strong></span> <span class='ocrx_word' id='word_1_529' title='bbox 3202 1239 3388 1308; x_wconf 81' lang='grc' dir='ltr'><strong>ἡμέρα</strong></span> <span class='ocrx_word' id='word_1_530' title='bbox 3430 1237 3540 1292; x_wconf 80' lang='grc' dir='ltr'><strong>τῶν</strong></span> <span class='ocrx_word' id='word_1_531' title='bbox 3574 1237 3742 1305; x_wconf 83' lang='grc' dir='ltr'><strong>ἁγίων</strong></span> <span class='ocrx_word' id='word_1_532' title='bbox 3781 1239 3888 1292; x_wconf 76' lang='grc' dir='ltr'><strong>καὶ</strong></span> 
     </span>
    </p>
   </div>
   <div class='ocr_carea' id='block_1_72' title="bbox 2283 1328 3888 1400">
    <p class='ocr_par' dir='ltr' id='par_1_72' title="bbox 2283 1328 3888 1400">
     <span class='ocr_line' id='line_1_72' title="bbox 2283 1328 3888 1400; baseline -0.001 -17"><span class='ocrx_word' id='word_1_533' title='bbox 2283 1330 2661 1398; x_wconf 75' lang='grc' dir='ltr'><strong>πανευφήμων</strong></span> <span class='ocrx_word' id='word_1_534' title='bbox 2707 1328 3021 1382; x_wconf 73' lang='grc' dir='ltr'><strong>ἀποστόλων</strong></span> <span class='ocrx_word' id='word_1_535' title='bbox 3068 1329 3280 1400; x_wconf 86' lang='grc' dir='ltr'><strong>Πέτρου</strong></span> <span class='ocrx_word' id='word_1_536' title='bbox 3331 1329 3426 1382; x_wconf 80' lang='grc' dir='ltr'><strong>καὶ</strong></span> <span class='ocrx_word' id='word_1_537' title='bbox 3477 1329 3714 1382; x_wconf 80' lang='grc' dir='ltr'><strong>Παῦλον.</strong></span> <span class='ocrx_word' id='word_1_538' title='bbox 3761 1329 3888 1382; x_wconf 78' lang='grc' dir='ltr'><strong>Καὶ</strong></span> 
     </span>
    </p>
   </div>
   <div class='ocr_carea' id='block_1_73' title="bbox 2286 1408 3884 1492">
    <p class='ocr_par' dir='ltr' id='par_1_73' title="bbox 2286 1408 3884 1492">
     <span class='ocr_line' id='line_1_73' title="bbox 2286 1408 3884 1492; baseline 0 -19"><span class='ocrx_word' id='word_1_539' title='bbox 2286 1419 2686 1492; x_wconf 71' lang='grc' dir='ltr'><strong>μεταλαϐόντες</strong></span> <span class='ocrx_word' id='word_1_540' title='bbox 2719 1420 2828 1474; x_wconf 82' lang='grc' dir='ltr'><strong>τῶν</strong></span> <span class='ocrx_word' id='word_1_541' title='bbox 2856 1408 3144 1492; x_wconf 75' lang='grc' dir='ltr'><strong>ἀχράντων</strong></span> <span class='ocrx_word' id='word_1_542' title='bbox 3191 1421 3287 1473; x_wconf 78' lang='grc' dir='ltr'><strong>καὶ</strong></span> <span class='ocrx_word' id='word_1_543' title='bbox 3331 1419 3612 1484; x_wconf 66' lang='grc' dir='ltr'><strong>ζωοποιιῖη</strong></span> <span class='ocrx_word' id='word_1_544' title='bbox 3660 1437 3884 1492; x_wconf 87' lang='grc' dir='ltr'><strong>μυστη-</strong></span> 
     </span>
    </p>
   </div>
   <div class='ocr_carea' id='block_1_74' title="bbox 2284 1511 3884 1584">
    <p class='ocr_par' dir='ltr' id='par_1_74' title="bbox 2284 1511 3884 1584">
     <span class='ocr_line' id='line_1_74' title="bbox 2284 1511 3884 1584; baseline 0.002 -20"><span class='ocrx_word' id='word_1_545' title='bbox 2284 1512 2438 1584; x_wconf 80' lang='grc' dir='ltr'><strong>ρίων,</strong></span> <span class='ocrx_word' id='word_1_546' title='bbox 2469 1512 2673 1582; x_wconf 71' lang='grc' dir='ltr'><strong>ἔφαγον</strong></span> <span class='ocrx_word' id='word_1_547' title='bbox 2702 1513 2865 1584; x_wconf 81' lang='grc' dir='ltr'><strong>ἄρτον</strong></span> <span class='ocrx_word' id='word_1_548' title='bbox 2904 1515 2963 1566; x_wconf 88' lang='grc' dir='ltr'><strong>ἐν</strong></span> <span class='ocrx_word' id='word_1_549' title='bbox 3002 1514 3069 1584; x_wconf 73' lang='grc' dir='ltr'><strong>τῇ</strong></span> <span class='ocrx_word' id='word_1_550' title='bbox 3098 1511 3350 1584; x_wconf 78' lang='grc' dir='ltr'><strong>τραπέζῃ</strong></span> <span class='ocrx_word' id='word_1_551' title='bbox 3399 1511 3496 1565; x_wconf 85' lang='grc' dir='ltr'><strong>τοῦ</strong></span> <span class='ocrx_word' id='word_1_552' title='bbox 3540 1513 3884 1567; x_wconf 83' lang='grc' dir='ltr'><strong>ἐπ;σκόπου.</strong></span> 
     </span>
    </p>
   </div>
   <div class='ocr_carea' id='block_1_75' title="bbox 2287 1603 3886 1678">
    <p class='ocr_par' dir='ltr' id='par_1_75' title="bbox 2287 1603 3886 1678">
     <span class='ocr_line' id='line_1_75' title="bbox 2287 1603 3886 1678; baseline 0.001 -20"><span class='ocrx_word' id='word_1_553' title='bbox 2287 1605 2528 1658; x_wconf 86' lang='grc' dir='ltr'><strong>Ἔδωκεν</strong></span> <span class='ocrx_word' id='word_1_554' title='bbox 2574 1605 2631 1658; x_wconf 77' lang='grc' dir='ltr'><strong>δὲ</strong></span> <span class='ocrx_word' id='word_1_555' title='bbox 2670 1605 2854 1668; x_wconf 80' lang='grc' dir='ltr'><strong>αὐτοῖς</strong></span> <span class='ocrx_word' id='word_1_556' title='bbox 2897 1603 3108 1658; x_wconf 83' lang='grc' dir='ltr'><strong>κελλίον</strong></span> <span class='ocrx_word' id='word_1_557' title='bbox 3135 1605 3193 1658; x_wconf 85' lang='grc' dir='ltr'><strong>ἐν</strong></span> <span class='ocrx_word' id='word_1_558' title='bbox 3219 1603 3372 1675; x_wconf 86' lang='grc' dir='ltr'><strong>τόπῳ</strong></span> <span class='ocrx_word' id='word_1_559' title='bbox 3413 1605 3600 1676; x_wconf 74' lang='grc' dir='ltr'><strong>ἡσύχῳ</strong></span> <span class='ocrx_word' id='word_1_560' title='bbox 3645 1605 3886 1678; x_wconf 76' lang='grc' dir='ltr'><strong>πλησίον</strong></span> 
     </span>
    </p>
   </div>
   <div class='ocr_carea' id='block_1_76' title="bbox 2282 1690 3884 1765">
    <p class='ocr_par' dir='ltr' id='par_1_76' title="bbox 2282 1690 3884 1765">
     <span class='ocr_line' id='line_1_76' title="bbox 2282 1690 3884 1765; baseline 0.002 -19"><span class='ocrx_word' id='word_1_561' title='bbox 2282 1691 2378 1746; x_wconf 83' lang='grc' dir='ltr'><strong>τοῦ</strong></span> <span class='ocrx_word' id='word_1_562' title='bbox 2405 1693 2756 1748; x_wconf 84' lang='grc' dir='ltr'><strong>ἐπισκοπίου.</strong></span> <span class='ocrx_word' id='word_1_563' title='bbox 2789 1690 2922 1746; x_wconf 75' lang='grc' dir='ltr'><strong>Εἶτα</strong></span> <span class='ocrx_word' id='word_1_564' title='bbox 2953 1695 3046 1748; x_wconf 82' lang='grc' dir='ltr'><strong>ἐπὶ</strong></span> <span class='ocrx_word' id='word_1_565' title='bbox 3071 1693 3169 1765; x_wconf 78' lang='grc' dir='ltr'><strong>τὴν</strong></span> <span class='ocrx_word' id='word_1_566' title='bbox 3195 1692 3386 1765; x_wconf 77' lang='grc' dir='ltr'><strong>αὔριον</strong></span> <span class='ocrx_word' id='word_1_567' title='bbox 3417 1694 3668 1765; x_wconf 86' lang='grc' dir='ltr'><strong>εἰσῆλθον</strong></span> <span class='ocrx_word' id='word_1_568' title='bbox 3692 1697 3740 1749; x_wconf 83' lang='lat' dir='ltr'><strong>oi.</strong></span> <span class='ocrx_word' id='word_1_569' title='bbox 3773 1713 3884 1765; x_wconf 82' lang='grc' dir='ltr'><strong>μο-</strong></span> 
     </span>
    </p>
   </div>
   <div class='ocr_carea' id='block_1_77' title="bbox 2283 1785 3879 1858">
    <p class='ocr_par' dir='ltr' id='par_1_77' title="bbox 2283 1785 3879 1858">
     <span class='ocr_line' id='line_1_77' title="bbox 2283 1785 3879 1858; baseline 0.003 -20"><span class='ocrx_word' id='word_1_570' title='bbox 2283 1786 2438 1855; x_wconf 71' lang='grc' dir='ltr'><strong>ναχοὶ</strong></span> <span class='ocrx_word' id='word_1_571' title='bbox 2465 1787 2521 1839; x_wconf 81' lang='grc' dir='ltr'><strong>ἐν</strong></span> <span class='ocrx_word' id='word_1_572' title='bbox 2563 1788 2630 1857; x_wconf 79' lang='grc' dir='ltr'><strong>τῇ</strong></span> <span class='ocrx_word' id='word_1_573' title='bbox 2673 1785 2962 1858; x_wconf 70' lang='grc' dir='ltr'><strong>ἐκκλησία,</strong></span> <span class='ocrx_word' id='word_1_574' title='bbox 2985 1787 3078 1840; x_wconf 81' lang='grc' dir='ltr'><strong>καὶ</strong></span> <span class='ocrx_word' id='word_1_575' title='bbox 3107 1787 3488 1858; x_wconf 80' lang='grc' dir='ltr'><strong>πληρωθέντος</strong></span> <span class='ocrx_word' id='word_1_576' title='bbox 3522 1787 3618 1841; x_wconf 82' lang='grc' dir='ltr'><strong>τοῦ</strong></span> <span class='ocrx_word' id='word_1_577' title='bbox 3646 1789 3879 1858; x_wconf 72' lang='grc' dir='ltr'><strong>ὄρθρου,</strong></span> 
     </span>
    </p>
   </div>
   <div class='ocr_carea' id='block_1_78' title="bbox 2284 1875 3884 1957">
    <p class='ocr_par' dir='ltr' id='par_1_78' title="bbox 2284 1875 3884 1957">
     <span class='ocr_line' id='line_1_78' title="bbox 2284 1875 3884 1957; baseline 0.003 -27"><span class='ocrx_word' id='word_1_578' title='bbox 2284 1875 2536 1951; x_wconf 73' lang='grc' dir='ltr'><strong>εἰσῆλθον</strong></span> <span class='ocrx_word' id='word_1_579' title='bbox 2562 1878 2620 1931; x_wconf 82' lang='grc' dir='ltr'>ὲν</span> <span class='ocrx_word' id='word_1_580' title='bbox 2644 1877 2722 1950; x_wconf 81' lang='grc' dir='ltr'><strong>τῷ</strong></span> <span class='ocrx_word' id='word_1_581' title='bbox 2751 1878 3060 1949; x_wconf 79' lang='grc' dir='ltr'><strong>ὲπισκοπξῳ</strong></span> <span class='ocrx_word' id='word_1_582' title='bbox 3081 1893 3095 1910; x_wconf 85' lang='grc'><strong>·</strong></span> <span class='ocrx_word' id='word_1_583' title='bbox 3127 1879 3223 1932; x_wconf 56' lang='grc' dir='ltr'><strong>καὶ⁷</strong></span> <span class='ocrx_word' id='word_1_584' title='bbox 3246 1881 3575 1951; x_wconf 80' lang='grc' dir='ltr'><strong>ποιήσαντες</strong></span> <span class='ocrx_word' id='word_1_585' title='bbox 3604 1879 3753 1957; x_wconf 71' lang='grc' dir='ltr'><strong>αὐτῷ</strong></span> <span class='ocrx_word' id='word_1_586' title='bbox 3777 1881 3884 1951; x_wconf 76' lang='grc' dir='ltr'><strong>τὴν</strong></span> 
     </span>
    </p>
   </div>
   <div class='ocr_carea' id='block_1_79' title="bbox 2286 1960 3884 2043">
    <p class='ocr_par' dir='ltr' id='par_1_79' title="bbox 2286 1960 3884 2043">
     <span class='ocr_line' id='line_1_79' title="bbox 2286 1960 3884 2043; baseline 0.001 -19"><span class='ocrx_word' id='word_1_587' title='bbox 2286 1969 2603 2042; x_wconf 85' lang='grc' dir='ltr'><strong>πρέπουσαν</strong></span> <span class='ocrx_word' id='word_1_588' title='bbox 2636 1960 2950 2039; x_wconf 87' lang='grc' dir='ltr'><strong>μετάνοιαν,</strong></span> <span class='ocrx_word' id='word_1_589' title='bbox 2977 1970 3255 2040; x_wconf 86' lang='grc' dir='ltr'><strong>ἐκάθησαν</strong></span> <span class='ocrx_word' id='word_1_590' title='bbox 3303 1971 3401 2024; x_wconf 77' lang='grc' dir='ltr'><strong>καὶ</strong></span> <span class='ocrx_word' id='word_1_591' title='bbox 3425 1969 3664 2043; x_wconf 72' lang='grc' dir='ltr'><strong>ἡρξαντο</strong></span> <span class='ocrx_word' id='word_1_592' title='bbox 3691 1972 3884 2026; x_wconf 79' lang='grc' dir='ltr'><strong>λαλεῖν</strong></span> 
     </span>
    </p>
   </div>
   <div class='ocr_carea' id='block_1_80' title="bbox 2283 2061 3881 2134">
    <p class='ocr_par' dir='ltr' id='par_1_80' title="bbox 2283 2061 3881 2134">
     <span class='ocr_line' id='line_1_80' title="bbox 2283 2061 3881 2134; baseline 0.003 -19"><span class='ocrx_word' id='word_1_593' title='bbox 2283 2063 2462 2134; x_wconf 88' lang='grc' dir='ltr'><strong>λόγον.</strong></span> <span class='ocrx_word' id='word_1_594' title='bbox 2515 2062 2674 2116; x_wconf 82' lang='grc' dir='ltr'><strong>Κατὰ</strong></span> <span class='ocrx_word' id='word_1_595' title='bbox 2717 2061 3023 2134; x_wconf 75' lang='grc' dir='ltr'><strong>συγκυρίαν</strong></span> <span class='ocrx_word' id='word_1_596' title='bbox 3059 2061 3115 2116; x_wconf 82' lang='grc' dir='ltr'><strong>δὲ</strong></span> <span class='ocrx_word' id='word_1_597' title='bbox 3147 2062 3447 2117; x_wconf 86' lang='grc' dir='ltr'><strong>κατέλαϐον</strong></span> <span class='ocrx_word' id='word_1_598' title='bbox 3488 2065 3538 2118; x_wconf 81' lang='lat' dir='ltr'><strong>ei.</strong></span> <span class='ocrx_word' id='word_1_599' title='bbox 3567 2068 3739 2132; x_wconf 74' lang='grc' dir='ltr'><strong>γονεῖς</strong></span> <span class='ocrx_word' id='word_1_600' title='bbox 3776 2066 3881 2120; x_wconf 83' lang='grc' dir='ltr'><strong>τοῦ</strong></span> 
     </span>
    </p>
   </div>
   <div class='ocr_carea' id='block_1_81' title="bbox 2285 2155 3884 2228">
    <p class='ocr_par' dir='ltr' id='par_1_81' title="bbox 2285 2155 3884 2228">
     <span class='ocr_line' id='line_1_81' title="bbox 2285 2155 3884 2228; baseline 0.001 -19"><span class='ocrx_word' id='word_1_601' title='bbox 2285 2156 2594 2227; x_wconf 84' lang='grc' dir='ltr'><strong>Γρηγορίου</strong></span> <span class='ocrx_word' id='word_1_602' title='bbox 2650 2156 2732 2219; x_wconf 85' lang='grc' dir='ltr'><strong>είς</strong></span> <span class='ocrx_word' id='word_1_603' title='bbox 2784 2156 2886 2224; x_wconf 77' lang='grc' dir='ltr'><strong>τὴν</strong></span> <span class='ocrx_word' id='word_1_604' title='bbox 2944 2155 3099 2208; x_wconf 87' lang='grc' dir='ltr'><strong>πόλιν</strong></span> <span class='ocrx_word' id='word_1_605' title='bbox 3153 2155 3411 2227; x_wconf 81' lang='grc' dir='ltr'><strong>φέροντες</strong></span> <span class='ocrx_word' id='word_1_606' title='bbox 3463 2156 3530 2210; x_wconf 82' lang='grc' dir='ltr'><strong>τὰ</strong></span> <span class='ocrx_word' id='word_1_607' title='bbox 3589 2159 3723 2228; x_wconf 77' lang='grc' dir='ltr'><strong>πρὸς</strong></span> <span class='ocrx_word' id='word_1_608' title='bbox 3775 2161 3884 2228; x_wconf 76' lang='grc' dir='ltr'><strong>τὴν</strong></span> 
     </span>
    </p>
   </div>
   <div class='ocr_carea' id='block_1_82' title="bbox 2285 2241 3884 2319">
    <p class='ocr_par' dir='ltr' id='par_1_82' title="bbox 2285 2241 3884 2319">
     <span class='ocr_line' id='line_1_82' title="bbox 2285 2241 3884 2319; baseline 0.001 -18"><span class='ocrx_word' id='word_1_609' title='bbox 2285 2247 2497 2318; x_wconf 86' lang='grc' dir='ltr'><strong>χρείαν,</strong></span> <span class='ocrx_word' id='word_1_610' title='bbox 2551 2247 2641 2300; x_wconf 77' lang='grc' dir='ltr'><strong>ἵνα</strong></span> <span class='ocrx_word' id='word_1_611' title='bbox 2688 2245 3049 2301; x_wconf 77' lang='grc' dir='ltr'><strong>ἐκτελέσωσιν</strong></span> <span class='ocrx_word' id='word_1_612' title='bbox 3092 2241 3379 2302; x_wconf 68' lang='grc' dir='ltr'><strong>αὐτοῦ’τά</strong></span> <span class='ocrx_word' id='word_1_613' title='bbox 3422 2249 3776 2319; x_wconf 74' lang='grc' dir='ltr'><strong>μνημόσυνα’</strong></span> <span class='ocrx_word' id='word_1_614' title='bbox 3819 2253 3884 2303; x_wconf 81' lang='grc' dir='ltr'><strong>ἐν</strong></span> 
     </span>
    </p>
   </div>
   <div class='ocr_carea' id='block_1_83' title="bbox 2250 2334 3884 2416">
    <p class='ocr_par' dir='ltr' id='par_1_83' title="bbox 2250 2334 3884 2416">
     <span class='ocr_line' id='line_1_83' title="bbox 2250 2334 3884 2416; baseline 0.001 -23"><span class='ocrx_word' id='word_1_615' title='bbox 2250 2411 2262 2416; x_wconf 86' lang='lat'><em>_</em></span> <span class='ocrx_word' id='word_1_616' title='bbox 2284 2338 2460 2412; x_wconf 82' lang='grc' dir='ltr'><strong>ταύτῃ</strong></span> <span class='ocrx_word' id='word_1_617' title='bbox 2485 2339 2594 2410; x_wconf 85' lang='grc' dir='ltr'><strong>γὰρ</strong></span> <span class='ocrx_word' id='word_1_618' title='bbox 2618 2341 2684 2411; x_wconf 78' lang='grc' dir='ltr'><strong>τῇ</strong></span> <span class='ocrx_word' id='word_1_619' title='bbox 2712 2339 2898 2410; x_wconf 69' lang='grc' dir='ltr'><strong>ἡμέρα</strong></span> <span class='ocrx_word' id='word_1_620' title='bbox 2924 2334 2993 2410; x_wconf 81' lang='grc' dir='ltr'><strong>ἦν</strong></span> <span class='ocrx_word' id='word_1_621' title='bbox 3025 2339 3392 2411; x_wconf 75' lang='grc' dir='ltr'><strong>ὑποχωρήσας</strong></span> <span class='ocrx_word' id='word_1_622' title='bbox 3425 2343 3454 2392; x_wconf 97' lang='lat'><strong>6</strong></span> <span class='ocrx_word' id='word_1_623' title='bbox 3482 2341 3783 2413; x_wconf 77' lang='grc' dir='ltr'><strong>Γρηγόριος</strong></span> <span class='ocrx_word' id='word_1_624' title='bbox 3812 2344 3884 2394; x_wconf 84' lang='grc' dir='ltr'><strong>ἐκ</strong></span> 
     </span>
    </p>
   </div>
   <div class='ocr_carea' id='block_1_84' title="bbox 2285 2429 3886 2503">
    <p class='ocr_par' dir='ltr' id='par_1_84' title="bbox 2285 2429 3886 2503">
     <span class='ocr_line' id='line_1_84' title="bbox 2285 2429 3886 2503; baseline 0.001 -18"><span class='ocrx_word' id='word_1_625' title='bbox 2285 2431 2396 2485; x_wconf 86' lang='grc' dir='ltr'><strong>τῶν</strong></span> <span class='ocrx_word' id='word_1_626' title='bbox 2420 2433 2598 2484; x_wconf 84' lang='grc' dir='ltr'><strong>ἐκεῖσε</strong></span> <span class='ocrx_word' id='word_1_627' title='bbox 2622 2433 2690 2502; x_wconf 78' lang='grc' dir='ltr'><strong>τῇ</strong></span> <span class='ocrx_word' id='word_1_628' title='bbox 2718 2431 2976 2503; x_wconf 78' lang='grc' dir='ltr'><strong>τριακάδι</strong></span> <span class='ocrx_word' id='word_1_629' title='bbox 3001 2429 3098 2485; x_wconf 87' lang='grc' dir='ltr'><strong>τοῦ</strong></span> <span class='ocrx_word' id='word_1_630' title='bbox 3137 2431 3358 2486; x_wconf 83' lang='grc' dir='ltr'><strong>Ἰουνίου</strong></span> <span class='ocrx_word' id='word_1_631' title='bbox 3390 2433 3577 2502; x_wconf 87' lang='grc' dir='ltr'><strong>μηνός.</strong></span> <span class='ocrx_word' id='word_1_632' title='bbox 3603 2435 3716 2486; x_wconf 78' lang='grc' dir='ltr'><strong>Καὶ</strong></span> <span class='ocrx_word' id='word_1_633' title='bbox 3740 2435 3886 2488; x_wconf 74' lang='grc' dir='ltr'><strong>ἰδόν-</strong></span> 
     </span>
    </p>
   </div>
   <div class='ocr_carea' id='block_1_85' title="bbox 2286 2521 3884 2593">
    <p class='ocr_par' dir='ltr' id='par_1_85' title="bbox 2286 2521 3884 2593">
     <span class='ocr_line' id='line_1_85' title="bbox 2286 2521 3884 2593; baseline 0.001 -17"><span class='ocrx_word' id='word_1_634' title='bbox 2286 2540 2378 2587; x_wconf 90' lang='grc' dir='ltr'><strong>τες</strong></span> <span class='ocrx_word' id='word_1_635' title='bbox 2439 2521 2564 2586; x_wconf 76' lang='grc' dir='ltr'><strong>τοὺς</strong></span> <span class='ocrx_word' id='word_1_636' title='bbox 2613 2521 2810 2585; x_wconf 89' lang='grc' dir='ltr'><strong>παῖδας</strong></span> <span class='ocrx_word' id='word_1_637' title='bbox 2857 2523 2986 2585; x_wconf 80' lang='grc' dir='ltr'><strong>τοὺς</strong></span> <span class='ocrx_word' id='word_1_638' title='bbox 3029 2521 3312 2593; x_wconf 77' lang='grc' dir='ltr'><strong>ὀμιλίκους</strong></span> <span class='ocrx_word' id='word_1_639' title='bbox 3353 2523 3624 2588; x_wconf 82' lang='grc' dir='ltr'><strong>εἰσιόντας</strong></span> <span class='ocrx_word' id='word_1_640' title='bbox 3665 2527 3761 2579; x_wconf 83' lang='grc' dir='ltr'><strong>καὶ</strong></span> <span class='ocrx_word' id='word_1_641' title='bbox 3789 2524 3884 2589; x_wconf 80' lang='grc' dir='ltr'><strong>ἐξ-</strong></span> 
     </span>
    </p>
   </div>
   <div class='ocr_carea' id='block_1_86' title="bbox 2249 2611 3886 2688">
    <p class='ocr_par' dir='ltr' id='par_1_86' title="bbox 2249 2611 3886 2688">
     <span class='ocr_line' id='line_1_86' title="bbox 2249 2611 3886 2688; baseline 0 -20"><span class='ocrx_word' id='word_1_642' title='bbox 2249 2633 2258 2640; x_wconf 79' lang='lat'><strong><em>&#39;</em></strong></span> <span class='ocrx_word' id='word_1_643' title='bbox 2289 2612 2642 2688; x_wconf 79' lang='grc' dir='ltr'><strong>ἐρχομένους,</strong></span> <span class='ocrx_word' id='word_1_644' title='bbox 2674 2613 2769 2667; x_wconf 74' lang='grc' dir='ltr'><strong>καὶ</strong></span> <span class='ocrx_word' id='word_1_645' title='bbox 2796 2611 3025 2684; x_wconf 84' lang='grc' dir='ltr'><strong>πλήρεις</strong></span> <span class='ocrx_word' id='word_1_646' title='bbox 3053 2613 3273 2684; x_wconf 72' lang='grc' dir='ltr'><strong>ἡλικίας</strong></span> <span class='ocrx_word' id='word_1_647' title='bbox 3299 2615 3646 2685; x_wconf 86' lang='grc' dir='ltr'><strong>γενομένους,</strong></span> <span class='ocrx_word' id='word_1_648' title='bbox 3674 2615 3886 2687; x_wconf 73' lang='grc' dir='ltr'><strong>ήρξατο</strong></span> 
     </span>
    </p>
   </div>
   <div class='ocr_carea' id='block_1_87' title="bbox 2287 2701 3878 2776">
    <p class='ocr_par' dir='ltr' id='par_1_87' title="bbox 2287 2701 3878 2776">
     <span class='ocr_line' id='line_1_87' title="bbox 2287 2701 3878 2776; baseline 0.001 -20"><span class='ocrx_word' id='word_1_649' title='bbox 2287 2705 2322 2776; x_wconf 85' lang='grc' dir='ltr'><strong>ή</strong></span> <span class='ocrx_word' id='word_1_650' title='bbox 2354 2705 2537 2776; x_wconf 80' lang='grc' dir='ltr'><strong>μήτηρ</strong></span> <span class='ocrx_word' id='word_1_651' title='bbox 2565 2701 2731 2757; x_wconf 83' lang='grc' dir='ltr'><strong>αὐτοῦ</strong></span> <span class='ocrx_word' id='word_1_652' title='bbox 2753 2701 3026 2766; x_wconf 77' lang='grc' dir='ltr'><strong>ὀλολύζειν</strong></span> <span class='ocrx_word' id='word_1_653' title='bbox 3051 2704 3112 2756; x_wconf 87' lang='grc' dir='ltr'><strong>ἐν</strong></span> <span class='ocrx_word' id='word_1_654' title='bbox 3139 2702 3313 2774; x_wconf 73' lang='grc' dir='ltr'><strong>ἰσχύει</strong></span> <span class='ocrx_word' id='word_1_655' title='bbox 3331 2705 3425 2758; x_wconf 77' lang='grc' dir='ltr'><strong>καὶ</strong></span> <span class='ocrx_word' id='word_1_656' title='bbox 3448 2705 3627 2773; x_wconf 85' lang='grc' dir='ltr'><strong>λέγειν</strong></span> <span class='ocrx_word' id='word_1_657' title='bbox 3647 2721 3662 2736; x_wconf 76' lang='grc' dir='ltr'><strong><em>ο</em></strong></span> <span class='ocrx_word' id='word_1_658' title='bbox 3687 2707 3878 2776; x_wconf 85' lang='grc' dir='ltr'><strong>Οῖμοι,</strong></span> 
     </span>
    </p>
   </div>
   <div class='ocr_carea' id='block_1_88' title="bbox 2287 2793 3884 2871">
    <p class='ocr_par' dir='ltr' id='par_1_88' title="bbox 2287 2793 3884 2871">
     <span class='ocr_line' id='line_1_88' title="bbox 2287 2793 3884 2871; baseline 0.002 -23"><span class='ocrx_word' id='word_1_659' title='bbox 2287 2795 2476 2850; x_wconf 92' lang='grc' dir='ltr'><strong>τέκνον</strong></span> <span class='ocrx_word' id='word_1_660' title='bbox 2527 2794 2661 2866; x_wconf 77' lang='grc' dir='ltr'><strong>ἐμὸν</strong></span> <span class='ocrx_word' id='word_1_661' title='bbox 2711 2793 3074 2864; x_wconf 84' lang='grc' dir='ltr'><strong>γλυκύτατον,</strong></span> <span class='ocrx_word' id='word_1_662' title='bbox 3122 2795 3261 2866; x_wconf 82' lang='grc' dir='ltr'><strong>πρὸς</strong></span> <span class='ocrx_word' id='word_1_663' title='bbox 3315 2796 3497 2865; x_wconf 86' lang='grc' dir='ltr'><strong>ὀλίγον</strong></span> <span class='ocrx_word' id='word_1_664' title='bbox 3549 2815 3644 2850; x_wconf 85' lang='grc' dir='ltr'><strong>σου</strong></span> <span class='ocrx_word' id='word_1_665' title='bbox 3692 2799 3884 2871; x_wconf 82' lang='grc' dir='ltr'><strong>μήτηρ</strong></span> 
     </span>
    </p>
   </div>
   <div class='ocr_carea' id='block_1_89' title="bbox 2288 2885 3881 2960">
    <p class='ocr_par' dir='ltr' id='par_1_89' title="bbox 2288 2885 3881 2960">
     <span class='ocr_line' id='line_1_89' title="bbox 2288 2885 3881 2960; baseline 0.002 -20"><span class='ocrx_word' id='word_1_666' title='bbox 2288 2885 2529 2956; x_wconf 86' lang='grc' dir='ltr'><strong>ἐκλήθην</strong></span> <span class='ocrx_word' id='word_1_667' title='bbox 2583 2885 2680 2940; x_wconf 77' lang='grc' dir='ltr'><strong>καὶ</strong></span> <span class='ocrx_word' id='word_1_668' title='bbox 2726 2887 2945 2956; x_wconf 82' lang='grc' dir='ltr'><strong>ἐχάρην.</strong></span> <span class='ocrx_word' id='word_1_669' title='bbox 2991 2887 3072 2950; x_wconf 83' lang='grc' dir='ltr'><strong>είς</strong></span> <span class='ocrx_word' id='word_1_670' title='bbox 3117 2886 3201 2950; x_wconf 74' lang='grc' dir='ltr'><strong>σὲ,</strong></span> <span class='ocrx_word' id='word_1_671' title='bbox 3235 2887 3331 2941; x_wconf 76' lang='grc' dir='ltr'><strong>καὶ</strong></span> <span class='ocrx_word' id='word_1_672' title='bbox 3361 2889 3442 2951; x_wconf 87' lang='grc' dir='ltr'><strong>είς</strong></span> <span class='ocrx_word' id='word_1_673' title='bbox 3481 2888 3544 2940; x_wconf 84' lang='grc' dir='ltr'><strong>τὸ</strong></span> <span class='ocrx_word' id='word_1_674' title='bbox 3585 2889 3750 2960; x_wconf 83' lang='grc' dir='ltr'><strong>τάχος</strong></span> <span class='ocrx_word' id='word_1_675' title='bbox 3780 2906 3881 2943; x_wconf 77' lang='grc' dir='ltr'><strong>σου</strong></span> 
     </span>
    </p>
   </div>
   <div class='ocr_carea' id='block_1_90' title="bbox 2289 2976 3885 3054">
    <p class='ocr_par' dir='ltr' id='par_1_90' title="bbox 2289 2976 3885 3054">
     <span class='ocr_line' id='line_1_90' title="bbox 2289 2976 3885 3054; baseline 0.003 -24"><span class='ocrx_word' id='word_1_676' title='bbox 2289 2977 2616 3049; x_wconf 84' lang='grc' dir='ltr'><strong>ἐχωρίσθην.</strong></span> <span class='ocrx_word' id='word_1_677' title='bbox 2649 2976 2834 3048; x_wconf 70' lang='grc' dir='ltr'><strong>οἶμοι,</strong></span> <span class='ocrx_word' id='word_1_678' title='bbox 2869 2979 3083 3046; x_wconf 87' lang='grc' dir='ltr'><strong>τέκνον,</strong></span> <span class='ocrx_word' id='word_1_679' title='bbox 3119 2978 3205 3042; x_wconf 88' lang='grc' dir='ltr'><strong>τίς</strong></span> <span class='ocrx_word' id='word_1_680' title='bbox 3252 2996 3312 3038; x_wconf 76' lang='grc' dir='ltr'><strong>σε</strong></span> <span class='ocrx_word' id='word_1_681' title='bbox 3357 2979 3696 3052; x_wconf 84' lang='grc' dir='ltr'><strong>ἐθήρευσεν;</strong></span> <span class='ocrx_word' id='word_1_682' title='bbox 3736 2983 3885 3054; x_wconf 80' lang='grc' dir='ltr'><strong>Ἀρα</strong></span> 
     </span>
    </p>
   </div>
   <div class='ocr_carea' id='block_1_91' title="bbox 2289 3069 3883 3144">
    <p class='ocr_par' dir='ltr' id='par_1_91' title="bbox 2289 3069 3883 3144">
     <span class='ocr_line' id='line_1_91' title="bbox 2289 3069 3883 3144; baseline 0.001 -21"><span class='ocrx_word' id='word_1_683' title='bbox 2289 3069 2344 3123; x_wconf 77' lang='grc' dir='ltr'><strong>δὲ</strong></span> <span class='ocrx_word' id='word_1_684' title='bbox 2401 3071 2556 3135; x_wconf 87' lang='grc' dir='ltr'><strong>ποῖος</strong></span> <span class='ocrx_word' id='word_1_685' title='bbox 2599 3069 2763 3134; x_wconf 82' lang='grc' dir='ltr'><strong>λύκος</strong></span> <span class='ocrx_word' id='word_1_686' title='bbox 2810 3069 2873 3122; x_wconf 82' lang='grc' dir='ltr'><strong>τὸ</strong></span> <span class='ocrx_word' id='word_1_687' title='bbox 2919 3070 3054 3140; x_wconf 80' lang='grc' dir='ltr'><strong>ἐμὸν</strong></span> <span class='ocrx_word' id='word_1_688' title='bbox 3095 3071 3428 3142; x_wconf 81' lang='grc' dir='ltr'><strong>ἀφήρπασεν</strong></span> <span class='ocrx_word' id='word_1_689' title='bbox 3472 3073 3689 3144; x_wconf 76' lang='grc' dir='ltr'><strong>άρνιον;</strong></span> <span class='ocrx_word' id='word_1_690' title='bbox 3721 3076 3883 3138; x_wconf 80' lang='grc' dir='ltr'><strong>Ποίος</strong></span> 
     </span>
    </p>
   </div>
   <div class='ocr_carea' id='block_1_92' title="bbox 2289 3162 3887 3235">
    <p class='ocr_par' dir='ltr' id='par_1_92' title="bbox 2289 3162 3887 3235">
     <span class='ocr_line' id='line_1_92' title="bbox 2289 3162 3887 3235; baseline 0.003 -19"><span class='ocrx_word' id='word_1_691' title='bbox 2289 3162 2346 3216; x_wconf 68' lang='grc' dir='ltr'><strong>δὲ</strong></span> <span class='ocrx_word' id='word_1_692' title='bbox 2398 3163 2562 3226; x_wconf 87' lang='grc' dir='ltr'><strong>τόπος</strong></span> <span class='ocrx_word' id='word_1_693' title='bbox 2613 3163 2674 3217; x_wconf 80' lang='grc' dir='ltr'><strong>τὸ</strong></span> <span class='ocrx_word' id='word_1_694' title='bbox 2724 3163 2992 3234; x_wconf 84' lang='grc' dir='ltr'><strong>μονογενῆ</strong></span> <span class='ocrx_word' id='word_1_695' title='bbox 3039 3181 3142 3234; x_wconf 89' lang='grc' dir='ltr'><strong>μου</strong></span> <span class='ocrx_word' id='word_1_696' title='bbox 3184 3164 3474 3235; x_wconf 75' lang='grc' dir='ltr'><strong>ἀπέκρυψε</strong></span> <span class='ocrx_word' id='word_1_697' title='bbox 3529 3167 3762 3232; x_wconf 83' lang='grc' dir='ltr'><strong>τέκνον;</strong></span> <span class='ocrx_word' id='word_1_698' title='bbox 3815 3168 3887 3220; x_wconf 73' lang='lat' dir='ltr'><strong>Et</strong></span> 
     </span>
    </p>
   </div>
   <div class='ocr_carea' id='block_1_93' title="bbox 2293 3251 3884 3330">
    <p class='ocr_par' dir='ltr' id='par_1_93' title="bbox 2293 3251 3884 3330">
     <span class='ocr_line' id='line_1_93' title="bbox 2293 3251 3884 3330; baseline 0.005 -24"><span class='ocrx_word' id='word_1_699' title='bbox 2293 3269 2378 3306; x_wconf 85' lang='grc' dir='ltr'><strong>πω</strong></span> <span class='ocrx_word' id='word_1_700' title='bbox 2435 3251 2778 3324; x_wconf 82' lang='grc' dir='ltr'><strong>θηριάλωτον</strong></span> <span class='ocrx_word' id='word_1_701' title='bbox 2830 3253 2965 3308; x_wconf 83' lang='grc' dir='ltr'><strong>αὐτὸ</strong></span> <span class='ocrx_word' id='word_1_702' title='bbox 3018 3256 3242 3324; x_wconf 87' lang='grc' dir='ltr'><strong>γέγονε·</strong></span> <span class='ocrx_word' id='word_1_703' title='bbox 3278 3255 3396 3309; x_wconf 76' lang='grc' dir='ltr'><strong>ἀλλ’</strong></span> <span class='ocrx_word' id='word_1_704' title='bbox 3441 3258 3470 3310; x_wconf 90' lang='lat'><strong>6</strong></span> <span class='ocrx_word' id='word_1_705' title='bbox 3510 3257 3676 3320; x_wconf 86' lang='grc' dir='ltr'><strong>τόπος</strong></span> <span class='ocrx_word' id='word_1_706' title='bbox 3713 3259 3884 3330; x_wconf 77' lang='grc' dir='ltr'><strong>θηρία</strong></span> 
     </span>
    </p>
   </div>
   <div class='ocr_carea' id='block_1_94' title="bbox 2290 3345 3880 3418">
    <p class='ocr_par' dir='ltr' id='par_1_94' title="bbox 2290 3345 3880 3418">
     <span class='ocr_line' id='line_1_94' title="bbox 2290 3345 3880 3418; baseline 0.004 -20"><span class='ocrx_word' id='word_1_707' title='bbox 2290 3347 2392 3400; x_wconf 84' lang='grc' dir='ltr'><strong>ούκ</strong></span> <span class='ocrx_word' id='word_1_708' title='bbox 2415 3345 2550 3418; x_wconf 72' lang='grc' dir='ltr'><strong>ἔχει.</strong></span> <span class='ocrx_word' id='word_1_709' title='bbox 2586 3347 2735 3418; x_wconf 80' lang='grc' dir='ltr'><strong>’Δρα</strong></span> <span class='ocrx_word' id='word_1_710' title='bbox 2769 3363 2834 3415; x_wconf 87' lang='grc' dir='ltr'><strong>γε</strong></span> <span class='ocrx_word' id='word_1_711' title='bbox 2876 3347 2952 3418; x_wconf 89' lang='grc' dir='ltr'><strong>μή</strong></span> <span class='ocrx_word' id='word_1_712' title='bbox 2983 3363 3068 3412; x_wconf 90' lang='grc' dir='ltr'><strong>τις</strong></span> <span class='ocrx_word' id='word_1_713' title='bbox 3100 3347 3266 3402; x_wconf 80' lang='grc' dir='ltr'><strong>αὐτὸν</strong></span> <span class='ocrx_word' id='word_1_714' title='bbox 3293 3349 3354 3400; x_wconf 79' lang='grc' dir='ltr'><strong>ἐν</strong></span> <span class='ocrx_word' id='word_1_715' title='bbox 3378 3350 3536 3404; x_wconf 76' lang='grc' dir='ltr'><strong>νυκτὶ</strong></span> <span class='ocrx_word' id='word_1_716' title='bbox 3557 3349 3880 3416; x_wconf 77' lang='grc' dir='ltr'><strong>ἀπέπνιξεν,</strong></span> 
     </span>
    </p>
   </div>
   <div class='ocr_carea' id='block_1_95' title="bbox 2292 3430 3883 3515">
    <p class='ocr_par' dir='ltr' id='par_1_95' title="bbox 2292 3430 3883 3515">
     <span class='ocr_line' id='line_1_95' title="bbox 2292 3430 3883 3515; baseline 0.003 -25"><span class='ocrx_word' id='word_1_717' title='bbox 2292 3439 2389 3491; x_wconf 83' lang='grc' dir='ltr'><strong>καί</strong></span> <span class='ocrx_word' id='word_1_718' title='bbox 2446 3440 2527 3501; x_wconf 85' lang='grc' dir='ltr'><strong>είς</strong></span> <span class='ocrx_word' id='word_1_719' title='bbox 2585 3436 2869 3492; x_wconf 84' lang='grc' dir='ltr'><strong>θάλασσαν</strong></span> <span class='ocrx_word' id='word_1_720' title='bbox 2923 3430 3186 3510; x_wconf 74' lang='grc' dir='ltr'><strong>ἔρριψενς</strong></span> <span class='ocrx_word' id='word_1_721' title='bbox 3237 3441 3340 3496; x_wconf 81' lang='grc' dir='ltr'><strong>οὐκ</strong></span> <span class='ocrx_word' id='word_1_722' title='bbox 3397 3437 3520 3498; x_wconf 77' lang='grc' dir='ltr'><strong>οῖδα</strong></span> <span class='ocrx_word' id='word_1_723' title='bbox 3579 3445 3755 3498; x_wconf 77' lang='grc' dir='ltr'><strong>εἰπεῖν</strong></span> <span class='ocrx_word' id='word_1_724' title='bbox 3800 3443 3883 3515; x_wconf 73' lang='grc' dir='ltr'><strong>μὴ</strong></span> 
     </span>
    </p>
   </div>
   <div class='ocr_carea' id='block_1_96' title="bbox 2293 3527 3882 3606">
    <p class='ocr_par' dir='ltr' id='par_1_96' title="bbox 2293 3527 3882 3606">
     <span class='ocr_line' id='line_1_96' title="bbox 2293 3527 3882 3606; baseline 0.006 -24"><span class='ocrx_word' id='word_1_725' title='bbox 2293 3529 2388 3582; x_wconf 78' lang='grc' dir='ltr'><strong>καὶ</strong></span> <span class='ocrx_word' id='word_1_726' title='bbox 2427 3527 2613 3592; x_wconf 76' lang='grc' dir='ltr'><strong>ἄλλως.</strong></span> <span class='ocrx_word' id='word_1_727' title='bbox 2627 3547 2746 3593; x_wconf 88' lang='grc' dir='ltr'><strong>πως</strong></span> <span class='ocrx_word' id='word_1_728' title='bbox 2769 3531 3094 3602; x_wconf 80' lang='grc' dir='ltr'><strong>ἀπεκτάνθη</strong></span> <span class='ocrx_word' id='word_1_729' title='bbox 3112 3573 3128 3600; x_wconf 95' lang='grc'><strong>,</strong></span> <span class='ocrx_word' id='word_1_730' title='bbox 3158 3533 3189 3586; x_wconf 93' lang='lat'><strong>6</strong></span> <span class='ocrx_word' id='word_1_731' title='bbox 3210 3532 3344 3600; x_wconf 83' lang='grc' dir='ltr'><strong>Θεδς</strong></span> <span class='ocrx_word' id='word_1_732' title='bbox 3372 3537 3534 3606; x_wconf 69' lang='grc' dir='ltr'><strong>μόνος</strong></span> <span class='ocrx_word' id='word_1_733' title='bbox 3566 3535 3882 3593; x_wconf 80' lang='grc' dir='ltr'><strong>ἐπίσταται.</strong></span> 
     </span>
    </p>
   </div>
   <div class='ocr_carea' id='block_1_97' title="bbox 2365 3620 3880 3699">
    <p class='ocr_par' dir='ltr' id='par_1_97' title="bbox 2365 3620 3880 3699">
     <span class='ocr_line' id='line_1_97' title="bbox 2365 3620 3880 3699; baseline 0.005 -25"><span class='ocrx_word' id='word_1_734' title='bbox 2365 3620 2498 3674; x_wconf 78' lang='lat' dir='ltr'><strong>KA’.</strong></span> <span class='ocrx_word' id='word_1_735' title='bbox 2559 3621 2749 3676; x_wconf 87' lang='grc' dir='ltr'><strong>Ταῦτα</strong></span> <span class='ocrx_word' id='word_1_736' title='bbox 2793 3623 2891 3676; x_wconf 72' lang='grc' dir='ltr'><strong>καὶ</strong></span> <span class='ocrx_word' id='word_1_737' title='bbox 2941 3621 3012 3676; x_wconf 81' lang='grc' dir='ltr'><strong>τὰ</strong></span> <span class='ocrx_word' id='word_1_738' title='bbox 3054 3625 3282 3679; x_wconf 88' lang='grc' dir='ltr'><strong>τοιαῦτα</strong></span> <span class='ocrx_word' id='word_1_739' title='bbox 3335 3625 3791 3699; x_wconf 81' lang='grc' dir='ltr'><strong>ἀπολοφυρομένη</strong></span> <span class='ocrx_word' id='word_1_740' title='bbox 3843 3630 3880 3696; x_wconf 88' lang='grc' dir='ltr'><strong>ή</strong></span> 
     </span>
    </p>
   </div>
   <div class='ocr_carea' id='block_1_98' title="bbox 2293 3713 3878 3794">
    <p class='ocr_par' dir='ltr' id='par_1_98' title="bbox 2293 3713 3878 3794">
     <span class='ocr_line' id='line_1_98' title="bbox 2293 3713 3878 3794; baseline 0.007 -30"><span class='ocrx_word' id='word_1_741' title='bbox 2293 3715 2452 3785; x_wconf 79' lang='grc' dir='ltr'><strong>γυνὴ,</strong></span> <span class='ocrx_word' id='word_1_742' title='bbox 2481 3713 2746 3784; x_wconf 84' lang='grc' dir='ltr'><strong>συνῆλθον</strong></span> <span class='ocrx_word' id='word_1_743' title='bbox 2772 3715 2824 3768; x_wconf 79' lang='grc' dir='ltr'><strong>οἱ</strong></span> <span class='ocrx_word' id='word_1_744' title='bbox 2847 3714 2951 3786; x_wconf 81' lang='grc' dir='ltr'><strong>τῆς</strong></span> <span class='ocrx_word' id='word_1_745' title='bbox 2980 3715 3211 3784; x_wconf 85' lang='grc' dir='ltr'><strong>πόλεως,</strong></span> <span class='ocrx_word' id='word_1_746' title='bbox 3239 3719 3338 3772; x_wconf 80' lang='grc' dir='ltr'><strong>καὶ</strong></span> <span class='ocrx_word' id='word_1_747' title='bbox 3363 3721 3685 3776; x_wconf 78' lang='grc' dir='ltr'><strong>συνέκλαιον</strong></span> <span class='ocrx_word' id='word_1_748' title='bbox 3713 3721 3878 3794; x_wconf 74' lang='grc' dir='ltr'><strong>αὐτῇ.</strong></span> 
     </span>
    </p>
   </div>
   <div class='ocr_carea' id='block_1_99' title="bbox 2307 3805 3882 3884">
    <p class='ocr_par' dir='ltr' id='par_1_99' title="bbox 2307 3805 3882 3884">
     <span class='ocr_line' id='line_1_99' title="bbox 2307 3805 3882 3884; baseline 0.006 -26"><span class='ocrx_word' id='word_1_749' title='bbox 2307 3805 2572 3868; x_wconf 70' lang='grc' dir='ltr'><strong>Ἀκούσας</strong></span> <span class='ocrx_word' id='word_1_750' title='bbox 2621 3805 2678 3858; x_wconf 81' lang='grc' dir='ltr'><strong>δὲ</strong></span> <span class='ocrx_word' id='word_1_751' title='bbox 2731 3808 2760 3858; x_wconf 91' lang='lat'><strong>6</strong></span> <span class='ocrx_word' id='word_1_752' title='bbox 2800 3806 2977 3870; x_wconf 80' lang='grc' dir='ltr'><strong>ἀϐϐᾶς</strong></span> <span class='ocrx_word' id='word_1_753' title='bbox 3015 3807 3108 3862; x_wconf 75' lang='grc' dir='ltr'><strong>τὸν</strong></span> <span class='ocrx_word' id='word_1_754' title='bbox 3151 3809 3319 3864; x_wconf 78' lang='grc' dir='ltr'><strong>πολὺν</strong></span> <span class='ocrx_word' id='word_1_755' title='bbox 3359 3811 3580 3882; x_wconf 85' lang='grc' dir='ltr'><strong>θρῆνον,</strong></span> <span class='ocrx_word' id='word_1_756' title='bbox 3610 3813 3762 3880; x_wconf 80' lang='grc' dir='ltr'><strong>λέγει</strong></span> <span class='ocrx_word' id='word_1_757' title='bbox 3801 3812 3882 3884; x_wconf 80' lang='grc' dir='ltr'><strong>τῷ</strong></span> 
     </span>
    </p>
   </div>
   <div class='ocr_carea' id='block_1_100' title="bbox 2294 3898 3881 3976">
    <p class='ocr_par' dir='ltr' id='par_1_100' title="bbox 2294 3898 3881 3976">
     <span class='ocr_line' id='line_1_100' title="bbox 2294 3898 3881 3976; baseline 0.007 -27"><span class='ocrx_word' id='word_1_758' title='bbox 2294 3898 2617 3968; x_wconf 79' lang='grc' dir='ltr'><strong>ὲπισκόπῳ’</strong></span> <span class='ocrx_word' id='word_1_759' title='bbox 2649 3900 2884 3970; x_wconf 70' lang='grc' dir='ltr'><strong>Ἄραγε,</strong></span> <span class='ocrx_word' id='word_1_760' title='bbox 2915 3901 3120 3972; x_wconf 84' lang='grc' dir='ltr'><strong>Πάτερ,</strong></span> <span class='ocrx_word' id='word_1_761' title='bbox 3142 3901 3225 3966; x_wconf 87' lang='grc' dir='ltr'><strong>τίς</strong></span> <span class='ocrx_word' id='word_1_762' title='bbox 3263 3905 3414 3958; x_wconf 85' lang='grc' dir='ltr'><strong>ἐστιν</strong></span> <span class='ocrx_word' id='word_1_763' title='bbox 3461 3906 3492 3958; x_wconf 91' lang='lat'><strong>6</strong></span> <span class='ocrx_word' id='word_1_764' title='bbox 3522 3905 3770 3976; x_wconf 88' lang='grc' dir='ltr'><strong>θόρυϐος,</strong></span> <span class='ocrx_word' id='word_1_765' title='bbox 3818 3907 3881 3960; x_wconf 82' lang='grc' dir='ltr'><strong>ὃν</strong></span> 
     </span>
    </p>
   </div>
   <div class='ocr_carea' id='block_1_101' title="bbox 2294 3989 3879 4066">
    <p class='ocr_par' dir='ltr' id='par_1_101' title="bbox 2294 3989 3879 4066">
     <span class='ocr_line' id='line_1_101' title="bbox 2294 3989 3879 4066; baseline 0.006 -24"><span class='ocrx_word' id='word_1_766' title='bbox 2294 3989 2482 4043; x_wconf 83' lang='grc' dir='ltr'><strong>ἀκούω</strong></span> <span class='ocrx_word' id='word_1_767' title='bbox 2511 3991 2570 4042; x_wconf 84' lang='grc' dir='ltr'><strong>ἐν</strong></span> <span class='ocrx_word' id='word_1_768' title='bbox 2590 3992 2658 4061; x_wconf 82' lang='grc' dir='ltr'><strong>τῇ</strong></span> <span class='ocrx_word' id='word_1_769' title='bbox 2691 3991 2881 4058; x_wconf 83' lang='grc' dir='ltr'><strong>πόλει;</strong></span> <span class='ocrx_word' id='word_1_770' title='bbox 2914 3992 3082 4057; x_wconf 78' lang='grc' dir='ltr'><strong>Γνοὺς</strong></span> <span class='ocrx_word' id='word_1_771' title='bbox 3109 3993 3166 4048; x_wconf 80' lang='grc' dir='ltr'><strong>δὲ</strong></span> <span class='ocrx_word' id='word_1_772' title='bbox 3189 3997 3218 4048; x_wconf 91' lang='lat'><strong>6</strong></span> <span class='ocrx_word' id='word_1_773' title='bbox 3248 3995 3568 4062; x_wconf 80' lang='grc' dir='ltr'><strong>ἐπίσκοπος,</strong></span> <span class='ocrx_word' id='word_1_774' title='bbox 3595 3999 3677 4051; x_wconf 82' lang='grc' dir='ltr'><strong>ὅτι</strong></span> <span class='ocrx_word' id='word_1_775' title='bbox 3710 4000 3760 4051; x_wconf 80' lang='lat' dir='ltr'><strong>ot</strong></span> <span class='ocrx_word' id='word_1_776' title='bbox 3787 4015 3879 4066; x_wconf 81' lang='grc' dir='ltr'><strong>γο-</strong></span> 
     </span>
    </p>
   </div>
   <div class='ocr_carea' id='block_1_102' title="bbox 2295 4082 3878 4156">
    <p class='ocr_par' dir='ltr' id='par_1_102' title="bbox 2295 4082 3878 4156">
     <span class='ocr_line' id='line_1_102' title="bbox 2295 4082 3878 4156; baseline 0.007 -23"><span class='ocrx_word' id='word_1_777' title='bbox 2295 4085 2408 4144; x_wconf 85' lang='grc' dir='ltr'><strong>νεῖς</strong></span> <span class='ocrx_word' id='word_1_778' title='bbox 2441 4082 2742 4136; x_wconf 86' lang='grc' dir='ltr'><strong>κατέλαϐον</strong></span> <span class='ocrx_word' id='word_1_779' title='bbox 2792 4082 2888 4138; x_wconf 88' lang='grc' dir='ltr'><strong>τοῦ</strong></span> <span class='ocrx_word' id='word_1_780' title='bbox 2932 4084 3262 4156; x_wconf 86' lang='grc' dir='ltr'><strong>Γρηγορίου,</strong></span> <span class='ocrx_word' id='word_1_781' title='bbox 3313 4089 3407 4141; x_wconf 60' lang='grc' dir='ltr'><strong>καί⁵</strong></span> <span class='ocrx_word' id='word_1_782' title='bbox 3439 4087 3595 4142; x_wconf 82' lang='grc' dir='ltr'><strong>αὐτοί</strong></span> <span class='ocrx_word' id='word_1_783' title='bbox 3641 4091 3780 4143; x_wconf 74' lang='grc' dir='ltr'><strong>εἰσιν</strong></span> <span class='ocrx_word' id='word_1_784' title='bbox 3825 4092 3878 4144; x_wconf 77' lang='lat' dir='ltr'><strong>oi</strong></span> 
     </span>
    </p>
   </div>
   <div class='ocr_carea' id='block_1_103' title="bbox 2296 4174 3878 4254">
    <p class='ocr_par' dir='ltr' id='par_1_103' title="bbox 2296 4174 3878 4254">
     <span class='ocr_line' id='line_1_103' title="bbox 2296 4174 3878 4254; baseline 0.007 -29"><span class='ocrx_word' id='word_1_785' title='bbox 2296 4174 2644 4246; x_wconf 81' lang='grc' dir='ltr'><strong>θρηνοῦντες,</strong></span> <span class='ocrx_word' id='word_1_786' title='bbox 2688 4177 2954 4242; x_wconf 82' lang='grc' dir='ltr'><strong>στενάξας</strong></span> <span class='ocrx_word' id='word_1_787' title='bbox 2990 4181 3056 4233; x_wconf 87' lang='grc' dir='ltr'><strong>ἐκ</strong></span> <span class='ocrx_word' id='word_1_788' title='bbox 3087 4178 3306 4250; x_wconf 83' lang='grc' dir='ltr'><strong>βάθους,</strong></span> <span class='ocrx_word' id='word_1_789' title='bbox 3337 4179 3452 4234; x_wconf 83' lang='grc' dir='ltr'><strong>εἶτα</strong></span> <span class='ocrx_word' id='word_1_790' title='bbox 3477 4183 3574 4235; x_wconf 76' lang='grc' dir='ltr'><strong>καὶ</strong></span> <span class='ocrx_word' id='word_1_791' title='bbox 3602 4182 3878 4254; x_wconf 88' lang='grc' dir='ltr'><strong>δακρύσας</strong></span> 
     </span>
    </p>
   </div>
   <div class='ocr_carea' id='block_1_104' title="bbox 2296 4263 3859 4344">
    <p class='ocr_par' dir='ltr' id='par_1_104' title="bbox 2296 4263 3859 4344">
     <span class='ocr_line' id='line_1_104' title="bbox 2296 4263 3859 4344; baseline 0.006 -28"><span class='ocrx_word' id='word_1_792' title='bbox 2296 4263 2433 4335; x_wconf 70' lang='grc' dir='ltr'><strong>ἔφη’</strong></span> <span class='ocrx_word' id='word_1_793' title='bbox 2465 4265 2755 4334; x_wconf 72' lang='grc' dir='ltr'><strong>Ἄκουσον,</strong></span> <span class='ocrx_word' id='word_1_794' title='bbox 2791 4268 2996 4338; x_wconf 82' lang='grc' dir='ltr'><strong>Πάτερ,</strong></span> <span class='ocrx_word' id='word_1_795' title='bbox 3031 4270 3128 4322; x_wconf 78' lang='grc' dir='ltr'><strong>καὶ</strong></span> <span class='ocrx_word' id='word_1_796' title='bbox 3153 4271 3489 4343; x_wconf 81' lang='grc' dir='ltr'><strong>διηγήσομαί</strong></span> <span class='ocrx_word' id='word_1_797' title='bbox 3523 4289 3607 4326; x_wconf 89' lang='grc' dir='ltr'><strong>σοι</strong></span> <span class='ocrx_word' id='word_1_798' title='bbox 3649 4274 3709 4326; x_wconf 76' lang='grc' dir='ltr'><strong>τὺ</strong></span> <span class='ocrx_word' id='word_1_799' title='bbox 3735 4289 3859 4344; x_wconf 76' lang='lat' dir='ltr'><strong>cup.-</strong></span> 
     </span>
    </p>
   </div>
   <div class='ocr_carea' id='block_1_105' title="bbox 2298 4354 3869 4434">
    <p class='ocr_par' dir='ltr' id='par_1_105' title="bbox 2298 4354 3869 4434">
     <span class='ocr_line' id='line_1_105' title="bbox 2298 4354 3869 4434; baseline 0.007 -27"><span class='ocrx_word' id='word_1_800' title='bbox 2298 4354 2402 4408; x_wconf 75' lang='grc' dir='ltr'><strong>ϐὰν</strong></span> <span class='ocrx_word' id='word_1_801' title='bbox 2427 4355 2602 4409; x_wconf 82' lang='grc' dir='ltr'><strong>δεινὸν</strong></span> <span class='ocrx_word' id='word_1_802' title='bbox 2629 4358 2686 4409; x_wconf 84' lang='grc' dir='ltr'><strong>ἐν</strong></span> <span class='ocrx_word' id='word_1_803' title='bbox 2711 4359 2779 4430; x_wconf 73' lang='grc' dir='ltr'><strong>τῇ</strong></span> <span class='ocrx_word' id='word_1_804' title='bbox 2809 4357 2965 4412; x_wconf 79' lang='grc' dir='ltr'><strong>πόλει</strong></span> <span class='ocrx_word' id='word_1_805' title='bbox 2992 4360 3172 4434; x_wconf 78' lang='grc' dir='ltr'><strong>ταύτῃ</strong></span> <span class='ocrx_word' id='word_1_806' title='bbox 3199 4362 3304 4433; x_wconf 81' lang='grc' dir='ltr'><strong>πρὸ</strong></span> <span class='ocrx_word' id='word_1_807' title='bbox 3332 4363 3440 4415; x_wconf 80' lang='grc' dir='ltr'><strong>τῶν</strong></span> <span class='ocrx_word' id='word_1_808' title='bbox 3478 4362 3573 4416; x_wconf 88' lang='grc' dir='ltr'><strong>δύο</strong></span> <span class='ocrx_word' id='word_1_809' title='bbox 3615 4365 3869 4418; x_wconf 76' lang='grc' dir='ltr'><strong>ἐνιαυτὼι</strong></span> 
     </span>
    </p>
   </div>
   <div class='ocr_carea' id='block_1_106' title="bbox 2288 4445 3876 4528">
    <p class='ocr_par' dir='ltr' id='par_1_106' title="bbox 2288 4445 3876 4528">
     <span class='ocr_line' id='line_1_106' title="bbox 2288 4445 3876 4528; baseline 0.007 -29"><span class='ocrx_word' id='word_1_810' title='bbox 2288 4445 2397 4499; x_wconf 80' lang='grc' dir='ltr'><strong>τῶν</strong></span> <span class='ocrx_word' id='word_1_811' title='bbox 2428 4447 2812 4518; x_wconf 86' lang='grc' dir='ltr'><strong>παρελθόντων</strong></span> <span class='ocrx_word' id='word_1_812' title='bbox 2833 4449 3060 4505; x_wconf 87' lang='grc' dir='ltr'><strong>τούτων.</strong></span> <span class='ocrx_word' id='word_1_813' title='bbox 3085 4447 3197 4506; x_wconf 82' lang='grc' dir='ltr'><strong>Ἦν</strong></span> <span class='ocrx_word' id='word_1_814' title='bbox 3223 4469 3308 4516; x_wconf 88' lang='grc' dir='ltr'><strong>τις</strong></span> <span class='ocrx_word' id='word_1_815' title='bbox 3330 4456 3470 4526; x_wconf 81' lang='grc' dir='ltr'><strong>ἀνὴρ</strong></span> <span class='ocrx_word' id='word_1_816' title='bbox 3495 4456 3552 4508; x_wconf 73' lang='grc' dir='ltr'><strong>ἐν</strong></span> <span class='ocrx_word' id='word_1_817' title='bbox 3580 4455 3742 4528; x_wconf 80' lang='grc' dir='ltr'><strong>κώμῃ</strong></span> <span class='ocrx_word' id='word_1_818' title='bbox 3772 4458 3876 4510; x_wconf 81' lang='grc' dir='ltr'><strong>τινὶ</strong></span> 
     </span>
    </p>
   </div>
   <div class='ocr_carea' id='block_1_107' title="bbox 2288 4539 3876 4620">
    <p class='ocr_par' dir='ltr' id='par_1_107' title="bbox 2288 4539 3876 4620">
     <span class='ocr_line' id='line_1_107' title="bbox 2288 4539 3876 4620; baseline 0.006 -28"><span class='ocrx_word' id='word_1_819' title='bbox 2288 4539 2520 4612; x_wconf 86' lang='grc' dir='ltr'><strong>πλησίον</strong></span> <span class='ocrx_word' id='word_1_820' title='bbox 2549 4542 2647 4611; x_wconf 83' lang='grc' dir='ltr'><strong>τῆς</strong></span> <span class='ocrx_word' id='word_1_821' title='bbox 2679 4541 2920 4596; x_wconf 87' lang='grc' dir='ltr'><strong>ἐνταῦθα</strong></span> <span class='ocrx_word' id='word_1_822' title='bbox 2950 4544 3180 4608; x_wconf 85' lang='grc' dir='ltr'><strong>πόλεως,</strong></span> <span class='ocrx_word' id='word_1_823' title='bbox 3216 4545 3358 4616; x_wconf 79' lang='grc' dir='ltr'><strong>ἔχων</strong></span> <span class='ocrx_word' id='word_1_824' title='bbox 3396 4550 3634 4614; x_wconf 87' lang='grc' dir='ltr'><strong>γυναῖκα</strong></span> <span class='ocrx_word' id='word_1_825' title='bbox 3669 4549 3876 4620; x_wconf 75' lang='grc' dir='ltr'><strong>σεμνὴν</strong></span> 
     </span>
    </p>
   </div>
   <div class='ocr_carea' id='block_1_108' title="bbox 2288 4631 3939 4708">
    <p class='ocr_par' dir='ltr' id='par_1_108' title="bbox 2288 4631 3939 4708">
     <span class='ocr_line' id='line_1_108' title="bbox 2288 4631 3939 4708; baseline 0.007 -23"><span class='ocrx_word' id='word_1_826' title='bbox 2288 4634 2384 4686; x_wconf 74' lang='grc' dir='ltr'><strong>καὶ</strong></span> <span class='ocrx_word' id='word_1_827' title='bbox 2431 4631 2779 4704; x_wconf 77' lang='grc' dir='ltr'><strong>φοϐουμένην</strong></span> <span class='ocrx_word' id='word_1_828' title='bbox 2824 4633 2915 4688; x_wconf 82' lang='grc' dir='ltr'><strong>τὸν</strong></span> <span class='ocrx_word' id='word_1_829' title='bbox 2943 4634 3098 4701; x_wconf 73' lang='grc' dir='ltr'><strong>Θεὸν,</strong></span> <span class='ocrx_word' id='word_1_830' title='bbox 3125 4636 3466 4708; x_wconf 84' lang='grc' dir='ltr'><strong>ὑπάρχοντες</strong></span> <span class='ocrx_word' id='word_1_831' title='bbox 3494 4641 3590 4692; x_wconf 74' lang='grc' dir='ltr'><strong>καὶ</strong></span> <span class='ocrx_word' id='word_1_832' title='bbox 3623 4640 3682 4692; x_wconf 81' lang='grc' dir='ltr'><strong>ἐν</strong></span> <span class='ocrx_word' id='word_1_833' title='bbox 3715 4641 3876 4694; x_wconf 77' lang='grc' dir='ltr'><strong>εύπο-</strong></span> <span class='ocrx_word' id='word_1_834' title='bbox 3931 4689 3939 4698; x_wconf 92' lang='grc'>.</span> 
     </span>
    </p>
   </div>
   <div class='ocr_carea' id='block_1_109' title="bbox 2290 4723 3872 4803">
    <p class='ocr_par' dir='ltr' id='par_1_109' title="bbox 2290 4723 3872 4803">
     <span class='ocr_line' id='line_1_109' title="bbox 2290 4723 3872 4803; baseline 0.006 -27"><span class='ocrx_word' id='word_1_835' title='bbox 2290 4724 2385 4797; x_wconf 77' lang='grc' dir='ltr'><strong>ρίᾳ</strong></span> <span class='ocrx_word' id='word_1_836' title='bbox 2412 4723 2607 4796; x_wconf 78' lang='grc' dir='ltr'><strong>πολλῇ,</strong></span> <span class='ocrx_word' id='word_1_837' title='bbox 2641 4724 2880 4790; x_wconf 79' lang='grc' dir='ltr'><strong>εὐσεϐῶς</strong></span> <span class='ocrx_word' id='word_1_838' title='bbox 2916 4726 3250 4793; x_wconf 82' lang='grc' dir='ltr'><strong>διοικοῦντες</strong></span> <span class='ocrx_word' id='word_1_839' title='bbox 3298 4729 3369 4784; x_wconf 75' lang='grc' dir='ltr'><strong>τά</strong></span> <span class='ocrx_word' id='word_1_840' title='bbox 3411 4731 3564 4803; x_wconf 83' lang='grc' dir='ltr'><strong>παρά</strong></span> <span class='ocrx_word' id='word_1_841' title='bbox 3602 4730 3697 4786; x_wconf 88' lang='grc' dir='ltr'><strong>τοῦ</strong></span> <span class='ocrx_word' id='word_1_842' title='bbox 3739 4731 3872 4788; x_wconf 86' lang='grc' dir='ltr'><strong>Θεοῦ</strong></span> 
     </span>
    </p>
   </div>
   <div class='ocr_carea' id='block_1_110' title="bbox 2286 4815 3874 4895">
    <p class='ocr_par' dir='ltr' id='par_1_110' title="bbox 2286 4815 3874 4895">
     <span class='ocr_line' id='line_1_110' title="bbox 2286 4815 3874 4895; baseline 0.006 -25"><span class='ocrx_word' id='word_1_843' title='bbox 2286 4815 2550 4886; x_wconf 84' lang='grc' dir='ltr'><strong>δεδομένα</strong></span> <span class='ocrx_word' id='word_1_844' title='bbox 2597 4816 2806 4882; x_wconf 75' lang='grc' dir='ltr'><strong>αὐτοῖς,</strong></span> <span class='ocrx_word' id='word_1_845' title='bbox 2829 4817 3180 4889; x_wconf 86' lang='grc' dir='ltr'><strong>διανέμοντες</strong></span> <span class='ocrx_word' id='word_1_846' title='bbox 3237 4825 3495 4893; x_wconf 79' lang='grc' dir='ltr'><strong>πτωχοῖς,</strong></span> <span class='ocrx_word' id='word_1_847' title='bbox 3537 4824 3739 4895; x_wconf 87' lang='grc' dir='ltr'><strong>χήραις</strong></span> <span class='ocrx_word' id='word_1_848' title='bbox 3782 4827 3874 4880; x_wconf 70' lang='grc' dir='ltr'><strong>καὶ</strong></span> 
     </span>
    </p>
   </div>
   <div class='ocr_carea' id='block_1_111' title="bbox 2283 4909 3872 4984">
    <p class='ocr_par' dir='ltr' id='par_1_111' title="bbox 2283 4909 3872 4984">
     <span class='ocr_line' id='line_1_111' title="bbox 2283 4909 3872 4984; baseline 0.005 -22"><span class='ocrx_word' id='word_1_849' title='bbox 2283 4909 2543 4980; x_wconf 68' lang='grc' dir='ltr'><strong>ὀρφανοῖς</strong></span> <span class='ocrx_word' id='word_1_850' title='bbox 2569 4909 3102 4984; x_wconf 81' lang='grc' dir='ltr'><strong>ἀντιλαμϐανόμενοι</strong></span> <span class='ocrx_word' id='word_1_851' title='bbox 3122 4929 3136 4945; x_wconf 75' lang='grc' dir='ltr'><strong>ο</strong></span> <span class='ocrx_word' id='word_1_852' title='bbox 3167 4915 3266 4968; x_wconf 71' lang='grc' dir='ltr'><strong>καὶ</strong></span> <span class='ocrx_word' id='word_1_853' title='bbox 3293 4915 3484 4980; x_wconf 79' lang='grc' dir='ltr'><strong>ἁπλῶς</strong></span> <span class='ocrx_word' id='word_1_854' title='bbox 3507 4919 3706 4981; x_wconf 83' lang='grc' dir='ltr'><strong>είπεῖν,</strong></span> <span class='ocrx_word' id='word_1_855' title='bbox 3739 4919 3872 4972; x_wconf 76' lang='grc' dir='ltr'><strong>πᾶσι</strong></span> 
     </span>
    </p>
   </div>
   <div class='ocr_carea' id='block_1_112' title="bbox 2283 4999 3869 5079">
    <p class='ocr_par' dir='ltr' id='par_1_112' title="bbox 2283 4999 3869 5079">
     <span class='ocr_line' id='line_1_112' title="bbox 2283 4999 3869 5079; baseline 0.006 -26"><span class='ocrx_word' id='word_1_856' title='bbox 2283 5002 2399 5064; x_wconf 79' lang='grc' dir='ltr'><strong>τοῖς</strong></span> <span class='ocrx_word' id='word_1_857' title='bbox 2439 4999 2718 5071; x_wconf 81' lang='grc' dir='ltr'><strong>δεομένοις</strong></span> <span class='ocrx_word' id='word_1_858' title='bbox 2773 5003 3145 5072; x_wconf 86' lang='grc' dir='ltr'><strong>ἐπαρκοῦντες</strong></span> <span class='ocrx_word' id='word_1_859' title='bbox 3204 5006 3274 5060; x_wconf 81' lang='grc' dir='ltr'><strong>τὰ</strong></span> <span class='ocrx_word' id='word_1_860' title='bbox 3329 5006 3468 5078; x_wconf 82' lang='grc' dir='ltr'><strong>πρὸς</strong></span> <span class='ocrx_word' id='word_1_861' title='bbox 3515 5008 3617 5078; x_wconf 80' lang='grc' dir='ltr'><strong>τὴν</strong></span> <span class='ocrx_word' id='word_1_862' title='bbox 3659 5009 3869 5079; x_wconf 86' lang='grc' dir='ltr'><strong>χρείαν,</strong></span> 
     </span>
    </p>
   </div>
   <div class='ocr_carea' id='block_1_113' title="bbox 2285 5091 3865 5170">
    <p class='ocr_par' dir='ltr' id='par_1_113' title="bbox 2285 5091 3865 5170">
     <span class='ocr_line' id='line_1_113' title="bbox 2285 5091 3865 5170; baseline 0.006 -24"><span class='ocrx_word' id='word_1_863' title='bbox 2285 5091 2688 5158; x_wconf 80' lang='grc' dir='ltr'><strong>σπουδάζοντες</strong></span> <span class='ocrx_word' id='word_1_864' title='bbox 2724 5095 2821 5148; x_wconf 70' lang='grc' dir='ltr'><strong>καὶ</strong></span> <span class='ocrx_word' id='word_1_865' title='bbox 2847 5097 2970 5160; x_wconf 85' lang='grc' dir='ltr'><strong>ταῖς</strong></span> <span class='ocrx_word' id='word_1_866' title='bbox 2995 5097 3106 5150; x_wconf 83' lang='grc' dir='ltr'><strong>τῶν</strong></span> <span class='ocrx_word' id='word_1_867' title='bbox 3129 5097 3301 5166; x_wconf 74' lang='grc' dir='ltr'><strong>ἁγίων</strong></span> <span class='ocrx_word' id='word_1_868' title='bbox 3328 5098 3542 5170; x_wconf 87' lang='grc' dir='ltr'><strong>χρείαις</strong></span> <span class='ocrx_word' id='word_1_869' title='bbox 3571 5103 3865 5156; x_wconf 85' lang='grc' dir='ltr'><strong>κοινωνεῖν.</strong></span> 
     </span>
    </p>
   </div>
   <div class='ocr_carea' id='block_1_114' title="bbox 2297 5181 3870 5263">
    <p class='ocr_par' dir='ltr' id='par_1_114' title="bbox 2297 5181 3870 5263">
     <span class='ocr_line' id='line_1_114' title="bbox 2297 5181 3870 5263; baseline 0.008 -28"><span class='ocrx_word' id='word_1_870' title='bbox 2297 5182 2484 5254; x_wconf 84' lang='grc' dir='ltr'><strong>Ἐδόθη</strong></span> <span class='ocrx_word' id='word_1_871' title='bbox 2509 5184 2567 5236; x_wconf 75' lang='grc' dir='ltr'><strong>δὲ</strong></span> <span class='ocrx_word' id='word_1_872' title='bbox 2599 5186 2784 5251; x_wconf 79' lang='grc' dir='ltr'><strong>αὐτοῖς</strong></span> <span class='ocrx_word' id='word_1_873' title='bbox 2809 5187 3002 5242; x_wconf 87' lang='grc' dir='ltr'><strong>τέκνον</strong></span> <span class='ocrx_word' id='word_1_874' title='bbox 3031 5229 3047 5254; x_wconf 97' lang='grc'><strong>,</strong></span> <span class='ocrx_word' id='word_1_875' title='bbox 3077 5181 3290 5253; x_wconf 75' lang='grc' dir='ltr'><strong>οὗτινος</strong></span> <span class='ocrx_word' id='word_1_876' title='bbox 3330 5191 3442 5260; x_wconf 79' lang='grc' dir='ltr'><strong>ἐγὼ</strong></span> <span class='ocrx_word' id='word_1_877' title='bbox 3487 5193 3516 5245; x_wconf 91' lang='lat'><strong>6</strong></span> <span class='ocrx_word' id='word_1_878' title='bbox 3546 5192 3870 5263; x_wconf 81' lang='grc' dir='ltr'><strong>ἁμαρτωλὸς</strong></span> 
     </span>
    </p>
   </div>
   <div class='ocr_carea' id='block_1_115' title="bbox 2285 5275 3872 5356">
    <p class='ocr_par' dir='ltr' id='par_1_115' title="bbox 2285 5275 3872 5356">
     <span class='ocr_line' id='line_1_115' title="bbox 2285 5275 3872 5356; baseline 0.009 -29"><span class='ocrx_word' id='word_1_879' title='bbox 2285 5275 2545 5349; x_wconf 83' lang='grc' dir='ltr'><strong>άνάδοχος</strong></span> <span class='ocrx_word' id='word_1_880' title='bbox 2576 5277 2781 5347; x_wconf 88' lang='grc' dir='ltr'><strong>γέγονα</strong></span> <span class='ocrx_word' id='word_1_881' title='bbox 2822 5281 2887 5334; x_wconf 86' lang='grc' dir='ltr'><strong>ἐκ</strong></span> <span class='ocrx_word' id='word_1_882' title='bbox 2918 5281 3012 5334; x_wconf 88' lang='grc' dir='ltr'><strong>τοῦ</strong></span> <span class='ocrx_word' id='word_1_883' title='bbox 3055 5281 3204 5335; x_wconf 85' lang='grc' dir='ltr'><strong>θείου</strong></span> <span class='ocrx_word' id='word_1_884' title='bbox 3236 5285 3332 5336; x_wconf 72' lang='grc' dir='ltr'><strong>καὶ</strong></span> <span class='ocrx_word' id='word_1_885' title='bbox 3361 5284 3742 5356; x_wconf 81' lang='grc' dir='ltr'><strong>σωτηριὼδους</strong></span> <span class='ocrx_word' id='word_1_886' title='bbox 3779 5286 3872 5356; x_wconf 80' lang='grc' dir='ltr'><strong>βαο</strong></span> 
     </span>
    </p>
   </div>
   <div class='ocr_carea' id='block_1_116' title="bbox 2287 5365 3869 5446">
    <p class='ocr_par' dir='ltr' id='par_1_116' title="bbox 2287 5365 3869 5446">
     <span class='ocr_line' id='line_1_116' title="bbox 2287 5365 3869 5446; baseline 0.008 -28"><span class='ocrx_word' id='word_1_887' title='bbox 2287 5365 2614 5438; x_wconf 78' lang='grc' dir='ltr'><strong>πτίσματος.</strong></span> <span class='ocrx_word' id='word_1_888' title='bbox 2653 5368 2920 5441; x_wconf 84' lang='grc' dir='ltr'><strong>Ἀπέσχον</strong></span> <span class='ocrx_word' id='word_1_889' title='bbox 2971 5371 3031 5424; x_wconf 82' lang='grc' dir='ltr'><strong>δέ</strong></span> <span class='ocrx_word' id='word_1_890' title='bbox 3076 5372 3323 5446; x_wconf 79' lang='grc' dir='ltr'><strong>ἀλλήλων</strong></span> <span class='ocrx_word' id='word_1_891' title='bbox 3372 5377 3423 5428; x_wconf 81' lang='lat' dir='ltr'><strong>oi</strong></span> <span class='ocrx_word' id='word_1_892' title='bbox 3469 5378 3646 5444; x_wconf 88' lang='grc' dir='ltr'><strong>γονεῖς</strong></span> <span class='ocrx_word' id='word_1_893' title='bbox 3688 5377 3782 5446; x_wconf 83' lang='grc' dir='ltr'><strong>ἀφ’</strong></span> <span class='ocrx_word' id='word_1_894' title='bbox 3809 5369 3869 5432; x_wconf 75' lang='grc' dir='ltr'><strong>οὗ</strong></span> 
     </span>
    </p>
   </div>
   <div class='ocr_carea' id='block_1_117' title="bbox 2285 5456 3869 5538">
    <p class='ocr_par' dir='ltr' id='par_1_117' title="bbox 2285 5456 3869 5538">
     <span class='ocr_line' id='line_1_117' title="bbox 2285 5456 3869 5538; baseline 0.008 -28"><span class='ocrx_word' id='word_1_895' title='bbox 2285 5456 2474 5512; x_wconf 72' lang='grc' dir='ltr'><strong>ἔτεκον</strong></span> <span class='ocrx_word' id='word_1_896' title='bbox 2495 5460 2678 5514; x_wconf 73' lang='grc' dir='ltr'><strong>αὐτόν.</strong></span> <span class='ocrx_word' id='word_1_897' title='bbox 2709 5462 3010 5534; x_wconf 86' lang='grc' dir='ltr'><strong>Γενομένου</strong></span> <span class='ocrx_word' id='word_1_898' title='bbox 3043 5463 3102 5518; x_wconf 81' lang='grc' dir='ltr'><strong>δέ</strong></span> <span class='ocrx_word' id='word_1_899' title='bbox 3131 5466 3298 5519; x_wconf 80' lang='grc' dir='ltr'><strong>αὐτοῦ</strong></span> <span class='ocrx_word' id='word_1_900' title='bbox 3327 5466 3644 5536; x_wconf 87' lang='grc' dir='ltr'><strong>όκταετοῦς,</strong></span> <span class='ocrx_word' id='word_1_901' title='bbox 3667 5468 3869 5538; x_wconf 73' lang='grc' dir='ltr'><strong>ἧγαγον</strong></span> 
     </span>
    </p>
   </div>
   <div class='ocr_carea' id='block_1_118' title="bbox 2285 5549 3870 5632">
    <p class='ocr_par' dir='ltr' id='par_1_118' title="bbox 2285 5549 3870 5632">
     <span class='ocr_line' id='line_1_118' title="bbox 2285 5549 3870 5632; baseline 0.01 -30"><span class='ocrx_word' id='word_1_902' title='bbox 2285 5549 2450 5603; x_wconf 78' lang='grc' dir='ltr'><strong>αὐτὸν</strong></span> <span class='ocrx_word' id='word_1_903' title='bbox 2496 5553 2753 5621; x_wconf 82' lang='grc' dir='ltr'><strong>ἐνταῦθα,</strong></span> <span class='ocrx_word' id='word_1_904' title='bbox 2802 5557 2896 5610; x_wconf 74' lang='grc' dir='ltr'><strong>καὶ</strong></span> <span class='ocrx_word' id='word_1_905' title='bbox 2943 5555 3012 5610; x_wconf 79' lang='grc' dir='ltr'><strong>δι’</strong></span> <span class='ocrx_word' id='word_1_906' title='bbox 3046 5557 3183 5630; x_wconf 87' lang='grc' dir='ltr'><strong>ἐμοῦ</strong></span> <span class='ocrx_word' id='word_1_907' title='bbox 3217 5560 3493 5632; x_wconf 87' lang='grc' dir='ltr'><strong>παρεδόθη</strong></span> <span class='ocrx_word' id='word_1_908' title='bbox 3525 5564 3606 5626; x_wconf 85' lang='grc' dir='ltr'><strong>είς</strong></span> <span class='ocrx_word' id='word_1_909' title='bbox 3637 5562 3700 5616; x_wconf 83' lang='grc' dir='ltr'><strong>τὸ</strong></span> <span class='ocrx_word' id='word_1_910' title='bbox 3727 5561 3870 5617; x_wconf 81' lang='grc' dir='ltr'><strong>διδα-</strong></span> 
     </span>
    </p>
   </div>
   <div class='ocr_carea' id='block_1_119' title="bbox 2288 5643 3871 5728">
    <p class='ocr_par' dir='ltr' id='par_1_119' title="bbox 2288 5643 3871 5728">
     <span class='ocr_line' id='line_1_119' title="bbox 2288 5643 3871 5728; baseline 0.013 -33"><span class='ocrx_word' id='word_1_911' title='bbox 2288 5643 2560 5701; x_wconf 77' lang='grc' dir='ltr'><strong>σκαλεῖον.</strong></span> <span class='ocrx_word' id='word_1_912' title='bbox 2607 5649 2718 5702; x_wconf 71' lang='grc' dir='ltr'><strong>Καὶ</strong></span> <span class='ocrx_word' id='word_1_913' title='bbox 2759 5649 2954 5704; x_wconf 78' lang='grc' dir='ltr'><strong>ἔλαϐεν</strong></span> <span class='ocrx_word' id='word_1_914' title='bbox 2993 5653 3156 5726; x_wconf 77' lang='grc' dir='ltr'><strong>χάριν</strong></span> <span class='ocrx_word' id='word_1_915' title='bbox 3197 5655 3348 5728; x_wconf 85' lang='grc' dir='ltr'><strong>παρὰ</strong></span> <span class='ocrx_word' id='word_1_916' title='bbox 3379 5655 3619 5728; x_wconf 84' lang='grc' dir='ltr'><strong>Χριστοῦ</strong></span> <span class='ocrx_word' id='word_1_917' title='bbox 3653 5656 3716 5711; x_wconf 75' lang='grc' dir='ltr'><strong>τὸ</strong></span> <span class='ocrx_word' id='word_1_918' title='bbox 3743 5673 3871 5715; x_wconf 61' lang='grc' dir='ltr'><strong>παι-</strong></span> 
     </span>
    </p>
   </div>
  </div>
