4104 6262
393 387 500 458 535

1397 382 1461 450 Β.
1489 381 1868 450 GREGORII
1926 383 2440 446 AGRIGENTINI
2481 373 2675 443 VITA.

3553 371 3658 437 586

391 507 523 567 δίον,
553 503 698 558 ὥστε
749 500 830 568 εἰς
867 499 1020 573 διετῆ
1053 502 1246 574 χρόνον
1280 503 1348 556 τὰ
1381 503 1687 574 γράμματα
1726 499 1975 571 ἐπλήρω-

2090 514 2186 568 que
2215 496 2553 553 calculorum
2585 501 2812 556 teneret,
2845 485 3068 558 legeret,
3091 482 3430 540 Psalmorum
3456 483 3656 541 librum

395 613 506 658 σεν,
533 593 661 658 τούς
691 611 748 666 τε
777 593 994 666 ψήφους
1021 595 1116 648 καὶ
1145 593 1206 647 τὸ
1233 593 1542 660 ἀναγνῶναι
1567 593 1658 645 καὶ
1685 591 1748 644 τὸ
1769 589 1976 660 ψαλτή-

395 705 531 760 ριον,
555 686 697 740 ὥστε
726 665 933 750 πάντας
963 687 1109 756 ἡμᾶς
1139 685 1441 756 θαυμάζειν
1470 687 1551 748 εἰς
1577 683 1677 756 τὴν
1708 681 1978 752 τοσαύτην

393 779 560 832 αὐτοῦ
584 777 924 847 φιλοπονίαν,
949 777 1045 830 καὶ
1073 777 1377 849 ὑπερὸἧναι
1417 777 1621 838 πάντας
1643 772 1771 839 τοὺς
1792 773 1978 844 ὁμιλί-

395 887 525 930 κους
547 868 712 922 αὐτοῦ
741 867 958 931 παῖδας.
983 868 1283 938 Γενομένου
1311 867 1367 920 δὲ
1393 865 1559 920 αὐτοῦ
1587 863 1976 929 δωδεκαετοῦς,

396 959 666 1030 κατῆλθον
695 961 744 1012 οξ
780 961 958 1025 γονεῖς
983 956 1149 1011 αὐτοῦ
1180 955 1434 1014 ἐνταῦθα,
1474 957 1568 1010 καὶ
1596 956 1979 1027 προσήνεγκαν

395 1051 483 1105 διὰ
511 1049 620 1104 τῶν
642 1048 984 1120 ἁμαρτωλῶν
1015 1066 1116 1119 μου
1135 1047 1337 1118 χειρῶν
1365 1046 1443 1117 τῷ
1474 1045 1694 1116 Χριστῷ
1718 1045 1980 1116 κληρικδν

398 1139 559 1197 αὐτὴν
585 1139 968 1210 πεποιηκότες,
998 1137 1180 1200 δόντες
1204 1135 1352 1206 αύτῷ
1378 1137 1477 1206 τὴν
1505 1135 1598 1190 τοῦ
1629 1134 1978 1204 ἀναγνώστου

398 1235 594 1304 ἀρχήν.
633 1232 1043 1304 Παρεδώκαμεν
1087 1229 1249 1284 αὐτὸν
1296 1229 1374 1300 τῷ
1411 1228 1773 1301 ἀρχιδιακόνῳ
1822 1228 1982 1300 ἡμῶν

398 1325 494 1380 καὶ
519 1323 944 1397 βιόλιοθηκαρίῳ
973 1321 1068 1376 τοῦ
1101 1320 1455 1376 ὲκπαιδεῦσαι
1485 1315 1647 1374 αὑτὸν
1670 1323 1728 1373 ἐν
1753 1317 1817 1391 τῇ
1846 1319 1982 1373 ἀνα·

398 1417 619 1484 γνώσει.
655 1417 802 1470 Πάνυ
845 1415 901 1469 δὲ
948 1411 1018 1487 ἦν
1050 1413 1336 1477 σπουδαῖος
1382 1414 1514 1486 περὶ
1547 1413 1617 1468 τὰ
1651 1413 1769 1468 θεῖα
1799 1413 1979 1484 λόγια,

398 1503 538 1579 ὅπερ
582 1507 848 1562 ἀδύνατον
900 1506 1190 1576 εὑρεθῆναι
1243 1507 1483 1577 σήμερον
1530 1503 1784 1568 ἐνταῦθα,
1815 1506 1978 1574 τάχα,

397 1599 584 1669 τολμῶ
610 1600 804 1664 εἰπεῖν,
834 1599 910 1661 ὡς
935 1593 1112 1668 οἶμαι,
1139 1596 1254 1650 ἀλλ’
1275 1597 1393 1650 οὐδὲ
1422 1597 1556 1667 ἄλλῃ
1580 1598 1636 1649 ὲν
1659 1597 1727 1668 τῇ
1760 1595 1982 1666 Σικελίᾳ

399 1689 520 1766 ὅλῃ.
555 1690 620 1745 Τί
651 1689 706 1744 δὲ
736 1688 984 1758 γέγονεν,
1028 1689 1204 1742 εἰπεῖν
1250 1687 1351 1740 οὐκ
1394 1689 1638 1758 οἴδαμεν.
1685 1687 1982 1756 Αίφνιδίως

399 1785 613 1855 ἀφανὴς
645 1783 860 1853 ἐγένετο
903 1784 931 1836 6
975 1781 1104 1844 παῖς
1147 1781 1210 1833 ὲκ
1247 1771 1348 1851 τῆς
1389 1779 1628 1844 πόλεως⁶
1665 1781 1761 1834 καὶ
1809 1777 1979 1832 πολλὰ

399 1877 799 1950 ἐρευνήσαντες
836 1873 1078 1946 σπήλαια
1119 1874 1214 1927 καὶ
1264 1871 1534 1944 βάραθρα,
1571 1873 1664 1926 καὶ
1713 1871 1842 1944 ὅλην
1873 1855 1982 1936 ’τὴν

399 1968 564 2038 νῆσον
590 1967 794 2036 ταύτην
817 1964 1266 2036 περιδραμόντες,
1289 1962 1444 2018 οὐδὲν
1478 1962 1778 2035 ἰσχύσαμεν
1803 1964 1983 2035 εὑρεῖν

400 2060 471 2114 τὰ
504 2059 645 2113 κατὰ
675 2058 767 2113 τὸν
798 2057 986 2112 παῖδα.
1017 2058 1132 2111 Νῦν
1160 2056 1217 2110 δὲ
1247 2057 1446 2129 ἔχομεν
1473 2055 1638 2112 αὐτοῦ
1678 2057 1778 2127 τὴν
1804 2057 1984 2126 λύπην

401 2151 508 2214 ἕως
530 2149 786 2212 θανάτου,
821 2148 898 2220 μὴ
929 2147 1296 2218 γνωρίσαντος
1325 2150 1458 2218 ἡμῖν
1482 2146 1576 2201 τοῦ
1607 2145 1746 2200 Θεοῦ
1773 2146 1861 2201 διὰ
1889 2149 1987 2210 τὰς

405 2243 680 2316 ἁμαρτίας
710 2242 868 2313 ἡμῶν
895 2241 966 2296 τὰ
995 2242 1138 2295 κατὰ
1164 2239 1258 2294 τοῦ
1293 2241 1580 2310 παιδαρίου
1607 2257 1622 2272 ο
1673 2241 1768 2293 καὶ
1801 2239 1986 2292 λοιπζν

405 2335 455 2387 οἱ
508 2334 688 2402 γονεῖς
731 2332 897 2386 αὐτοῦ
947 2331 1070 2385 κατ’
1111 2331 1281 2402 αὐτὴν
1315 2331 1415 2402 τὴν
1447 2330 1678 2400 ἡμέραν,
1713 2329 1772 2384 ἐν
1884 2331 1989 2382 ἀπ-

407 2423 595 2489 ώλετο,
627 2423 946 2477 ἐκτελοῦσιν
969 2422 1136 2477 αὑτοῦ
1161 2422 1228 2476 τὰ
1253 2423 1596 2494 μνημόσυνα.

477 2514 606 2570 κδ’.
637 2514 824 2568 Ταῦτα
844 2515 901 2566 δὲ
931 2513 1170 2576 ἀγούσας
1201 2515 1230 2567 6
1261 2511 1438 2578 esse;
1469 2514 1618 2586 παρὰ
1634 2513 1728 2566 τοῦ
1759 2515 1990 2567 ἐπισκό-

411 2623 536 2672 που,
555 2607 772 2676 ἐγὲνετο
801 2607 857 2658 ὲν
887 2605 1063 2676 ἐαυτῷ
1095 2605 1318 2670 σύννους
1354 2607 1436 2670 εις
1465 2607 1556 2660 τὸν
1593 2607 1822 2676 οὐρανὸν
1849 2609 1986 2660 ἀπο-

413 2696 646 2762 ϐλέπων,
666 2695 883 2766 ἔμεινεν
908 2694 1058 2766 δὲμὴ
1083 2695 1520 2767 ἀπολογούμενος
1541 2697 1648 2761 ἕως
1675 2701 1808 2768 μιᾶς
1843 2697 1990 2766 ὧροι,

414 2789 448 2860 ἢ
474 2789 567 2842 καὶ
603 2787 716 2842 δύο.
747 2788 858 2840 Καὶ
883 2787 1021 2858 μετὰ
1052 2791 1228 2842 ταῦτα
1256 2787 1540 2860 δακρύσας
1588 2793 1616 2842 6
1646 2790 1826 2855 ἁϐσᾶς
1895 2789 1993 2860 καὶ,

414 2881 466 2933 οἱ
495 2881 589 2934 σὺν
612 2879 763 2951 αύτῷ
793 2881 1038 2951 μοναχοὶ,
1103 2880 1249 2950 λέγει
1285 2882 1313 2934 ὁ
1377 2882 1611 2953 μοναχὺς
1662 2881 1739 2954 τῷ
1771 2883 1992 2937 ἐπισκό-

419 2987 536 3044 πῳ·
567 2973 704 3028 Τάδε
741 2988 846 3038 σοι,
889 2973 1094 3044 Πάτερ,
1129 2974 1438 3046 παρακαλῶ
1467 2988 1482 3004 '
1515 2976 1772 3030 κέλευσον
1821 2976 1995 3030 εἰσελ-

418 3064 531 3118 θεῖν
565 3064 698 3134 πρὸς
723 3065 871 3134 ἡμᾶς
903 3064 1034 3128 τοὺς
1090 3070 1270 3133 γονεῖς
1317 3065 1411 3120 τοῦ
1459 3067 1771 3139 παιδαρίου.
1825 3069 1884 3122 ὐ
1933 3067 1992 3123 δὲ

2079 597 2450 661 percurreret,
2505 601 2612 640 non
2666 585 2787 640 sine
2829 580 3074 637 omnium
3128 577 3510 640 admiratione,
3563 585 3654 647 qui

2081 690 2286 736 tantam
2319 682 2372 735 in
2418 693 2590 750 puero
2619 675 2867 733 diseendi
2897 670 3254 743 cupiditatem
3287 669 3658 733 intuebamur,

2079 782 2133 828 et
2159 773 2462 842 aequalibus
2502 769 2622 825 suis
2645 767 2902 824 omnibus
2946 761 3270 820 antecellere
3313 759 3660 816 videbamus.

2077 861 2297 918 Annum
2325 861 2705 918 duodecimum
2738 857 2950 928 agebat,
2973 870 3099 911 cum
3128 858 3382 924 parentes
3403 851 3524 922 ejus
3553 851 3662 904 huc

2080 957 2308 1022 reversi,
2364 966 2596 1026 puerum
2647 951 2868 1006 Christo
2916 948 3254 1012 obtulerunt,
3287 954 3349 1000 ut
3397 957 3662 999 manuum

2081 1059 2327 1104 mearum
2363 1045 2673 1102 ministerio
2697 1043 2932 1100 clericus
2957 1040 3132 1107 fieret,
3161 1048 3217 1094 et
3245 1053 3274 1094 a
3301 1036 3520 1093 lectoris
3547 1035 3661 1106 (92)

2082 1153 2311 1193 munere
2337 1137 2552 1192 initium
2583 1140 2862 1193 sumeret:
2909 1130 3020 1202 (93)
3062 1146 3224 1202 quem
3258 1143 3360 1185 nos
3384 1127 3661 1183 archidia-

2082 1244 2222 1288 cono
2252 1237 2441 1286 nostro
2472 1239 2527 1285 et
2563 1221 2980 1285 bibliothecai-io
3011 1223 3410 1288 commisimus,
3446 1227 3508 1276 ut
3535 1235 3661 1276 eum

2083 1321 2140 1375 in
2181 1321 2356 1376 sacris
2401 1319 2735 1376 lectionibus
2773 1317 3102 1372 institueret.
3143 1313 3276 1369 Erat
3305 1323 3485 1368 autem
3529 1311 3664 1366 adeo

2084 1413 2316 1482 diligens
2345 1412 2490 1468 circa
2533 1411 2716 1466 divina
2757 1409 3002 1474 oracula,
3039 1416 3097 1462 ut
3127 1421 3247 1462 meo
3275 1405 3496 1476 quidem
3513 1403 3665 1474 judi-

2085 1503 2172 1559 cio
2205 1501 2464 1559 aﬂirmari
2497 1501 2734 1558 fortasse
2769 1501 2968 1572 possit,
2999 1514 3186 1570 parem
3217 1498 3266 1554 ei
3294 1498 3570 1552 neminem
3597 1507 3667 1548 ne
3750 1511 3758 1534 ε

2084 1596 2138 1650 in
2168 1605 2280 1652 tota
2309 1596 2530 1667 quidem
2591 1594 2800 1660 Sicilia,
2834 1594 3031 1648 nedum
3065 1591 3155 1647 bic
3182 1589 3439 1646 inveniri.
3463 1587 3666 1642 Verum

2083 1687 2212 1757 quid
2249 1687 2317 1742 de
2349 1701 2415 1740 eo
2447 1684 2655 1741 factum
2694 1685 2786 1749 sit,
2817 1685 3002 1740 dicere
3049 1697 3159 1736 non
3190 1693 3490 1751 possumus
3527 1693 3540 1730 :
3578 1693 3668 1732 re-

2083 1779 2248 1849 pente
2279 1793 2414 1848 puer
2437 1777 2490 1832 in
2523 1777 2662 1832 urbe
2698 1791 2824 1832 esse
2858 1774 3056 1841 desiit;
3089 1787 3189 1828 nec
3218 1779 3510 1842 postquam
3541 1784 3666 1838 spc-

2085 1871 2276 1926 luncas
2307 1870 2507 1925 multas
2538 1885 2603 1924 ac
2642 1869 2880 1924 latebras
2910 1865 3139 1921 scrutati
3171 1862 3398 1928 fuimus,
3430 1871 3484 1916 et
3517 1861 3671 1916 insu»

2085 1963 2192 2017 lam
2237 1963 2378 2018 hanc
2423 1963 2738 2017 universam
2779 1959 3160 2024 lustravimns,
3198 1957 3380 2010 locum
3425 1953 3670 2008 invenire

2085 2059 2254 2113 ullum
2287 2057 2462 2124 licuit,
2505 2056 2724 2130 [χχχιχ]
2779 2057 2871 2111 ubi
2915 2071 3050 2127 puer
3082 2052 3372 2124 vestigium
3425 2047 3667 2105 fecisset.

2085 2151 2240 2208 Nunc
2275 2167 2404 2208 vero
2435 2152 2554 2222 ejus
2579 2167 2754 2207 causa
2787 2163 2983 2221 magno
3011 2138 3303 2205 admodum
3339 2144 3528 2200 dolore
3555 2143 3670 2198 alli-

2086 2245 2286 2311 cimur,
2327 2244 2472 2315 quod
2510 2259 2611 2300 nos
2641 2242 2782 2299 Deus
2814 2245 2885 2298 ob
2921 2242 3161 2297 admissa
3192 2246 3383 2294 nostra
3415 2239 3482 2293 de
3511 2236 3671 2316 pueri

2088 2337 2402 2394 conditione
2424 2337 2564 2392 celet
2594 2353 2608 2390 :
2641 2343 2900 2406 parentes
2931 2341 3112 2388 autem
3145 2332 3246 2386 hoc
3278 2331 3396 2400 ipso
3423 2328 3534 2394 die,
3559 2341 3671 2400 quo

2088 2432 2180 2487 ille
2201 2429 2481 2500 disperiit;
2505 2429 2654 2498 justa
2681 2428 2731 2482 ei
2765 2425 3140 2482 anniversaria
3172 2423 3482 2495 perﬁciunt.

2161 2521 2328 2578 XXII.
2362 2520 2459 2577 His
2487 2521 2658 2576 abbas
2709 2520 2780 2575 ab
2827 2519 3084 2589 episcopo
3145 2517 3369 2580 auditis,
3421 2514 3664 2586 cegitare

2089 2628 2277 2666 secum
2313 2617 2367 2666 et
2397 2611 2598 2667 coelum
2643 2609 2925 2679 suspicere
2957 2607 3145 2678 erepit,
3169 2605 3358 2677 perdiu
3391 2603 3527 2658 nihil
3585 2604 3671 2657 ιο-

2089 2712 2251 2755 wtns
2287 2719 2302 2756 :
2346 2711 2462 2756 tum
2495 2710 2548 2756 et
2580 2701 2698 2772 ipse
2727 2709 2780 2755 et
2819 2699 3096 2766 monachi,
3133 2698 3226 2769 qui
3259 2713 3383 2752 cum
3417 2711 3484 2750 eo
3512 2705 3672 2752 erant

2091 2779 2454 2863 illaerymare.
2504 2792 2745 2849 Tandem
2802 2791 3117 2863 episcopum
3157 2790 3249 2845 ille
3287 2787 3620 2859 compellans
3655 2805 3669 2842 :

2096 2884 2326 2952 Auctor,
2359 2885 2563 2956 inquit,
2606 2885 2702 2942 tibi
2739 2883 3084 2950 sum,Pater,
3121 2891 3182 2937 ut
3220 2890 3474 2954 parentes
3512 2881 3672 2950 pueri

2094 2974 2203 3032 buc
2242 2974 2312 3032 ad
2357 2991 2460 3032 nos
2500 2976 2710 3048 ingredi
2758 2975 2976 3048 iubeas.
3019 2975 3126 3044 Qui
3187 2989 3298 3030 uno
3353 2989 3384 3030 e
3425 2973 3674 3029 diaconis

2095 3068 2290 3134 misso,
2312 3067 2558 3140 Gregorii
2590 3080 2838 3140 parentes
2873 3066 3138 3124 accedere
3153 3081 3349 3138 passus
3373 3074 3476 3122 est.
3500 3065 3673 3120 Porro

416 3158 742 3220 ἀποστείλας
781 3157 878 3212 ἕνα
901 3159 1009 3211 τῶν
1041 3159 1310 3214 διακόνων
1355 3159 1661 3233 ἐπέτρεψεν
1724 3161 1990 3215 εἰσελθεῖν

2093 3169 2148 3216 et
2191 3160 2420 3218 Charite
2459 3169 2674 3216 etuxor
2703 3161 2823 3232 ejus
2883 3176 3009 3216 eum
3053 3159 3285 3230 ingressi
3346 3165 3550 3222 essent,
3589 3165 3676 3212 at-

413 3252 540 3314 τοὺς
563 3254 742 3318 γονεῖς
772 3251 864 3304 τοῦ
899 3252 1231 3324 Γρηγορίου.
1271 3251 1618 3318 Εἰσελθόντες
1645 3252 1704 3306 δὲ
1724 3253 1752 3307 ὃ
1785 3271 1843 3308 τε
1875 3255 1992 3308 Χα-

415 3340 582 3411 ρίτων
611 3341 762 3412 καὶὴ
793 3343 930 3412 γυνὴ
957 3341 1146 3407 αὐτοῦ,
1190 3343 1286 3396 καὶ
1346 3343 1602 3407 πεσόντες
1660 3345 1812 3416 παρὰ
1865 3347 1990 3408 τοὺς

416 3431 582 3496 πόδας
611 3431 707 3485 τοῦ
739 3433 1046 3486 ἐπισκόπου
1077 3433 1174 3488 καὶ
1207 3432 1302 3487 τοῦ
1335 3433 1501 3498 ἀϐῦᾶ,
1533 3435 1841 3506 ἀνέστησαν
1895 3438 1992 3490 καὶ

415 3523 978 3596 ἔστησανέμπροσθεν
994 3525 1193 3580 αὐτῶν.
1214 3525 1326 3580 Καὶ
1355 3527 1501 3594 λέγει
1531 3526 1714 3591 αὐτοῖς
1729 3529 1758 3579 6
1779 3529 1952 3592 sese;
1974 3545 1988 3560 ο

417 3617 482 3670 Τί
497 3615 786 3678 adn-.3505,
801 3615 1018 3684 ἀδελφοί
1037 3633 1054 3684 ;
1071 3615 1154 3680 τίς
1179 3616 1410 3686 κζαίτία,
1427 3618 1508 3672 διὸ
1527 3617 1699 3672 ταῦτα
1719 3621 1956 3690 πάσχετε
1973 3637 1990 3685 ;

415 3711 479 3762 Οἱ
510 3708 568 3761 δὲ
601 3709 704 3762 οὐκ
737 3708 1084 3780 ἠδυνήθησαν
1114 3707 1261 3779 αύτῷ
1321 3710 1788 3780 ἀνταποκριθῆναι
1856 3713 1993 3780 πρὸς

415 3800 609 3854 ταῦτα.
647 3799 792 3854 Ἰδὼν
825 3800 880 3854 δὲ
894 3801 1092 3864 αὐτοὺς
1123 3803 1152 3854 6
1179 3803 1412 3873 μοναχδς
1441 3805 1500 3854 ἐν
1527 3803 1808 3874 ἀμηχανίᾳ
1835 3805 1993 3868 ὄντας

417 3890 612 3960 πολλῇ,
643 3894 738 3944 καὶ
771 3890 1238 3962 περιϐλεψάμενος
1267 3892 1357 3946 τὸν
1391 3891 1685 3964 Χαρίτωνα
1739 3897 1833 3948 καὶ
1877 3912 1994 3948 στο-

417 3983 726 4053 χασάμενος
749 3983 932 4048 αὑτὸν,
965 3983 1328 4052 ἁφωμοίωσεν
1357 3984 1524 4037 αὑτὸν
1563 3985 1684 4037 κατ’
1732 3985 1994 4057 ἀλήθειαν

417 4075 496 4142 τῷ
533 4073 818 4146 Γρηγορὶῳ
843 4091 856 4103 ⁸
889 4071 958 4146 ἦν
991 4074 1102 4146 γὰρ
1129 4077 1223 4129 καὶ
1249 4077 1278 4127 ὁ
1308 4077 1566 4147 Χαρίτων
1602 4081 1744 4134 πάνυ
1792 4079 1994 4150 ὡραῖος

420 4165 496 4236 τῷ
529 4165 826 4238 προσώπῳ,
855 4167 948 4219 καὶ
964 4166 1128 4230 αὐτὸς
1147 4169 1503 4240 πυρῤακίςων
1518 4170 1750 4238 εὐειδής.
1781 4171 1890 4224 Καὶ
1906 4171 1994 4224 λέ-

421 4273 509 4326 γει
548 4259 734 4321 αὐτοῖς
767 4257 932 4310 πάλιν
955 4273 971 4288 ⁶
1005 4258 1154 4311 Ἔδει
1184 4261 1351 4329 ὑμᾶς,
1380 4260 1624 4330 ἀδελφοὶ,
1646 4262 1880 4333 χαρῆναι
1900 4264 1995 4318 καὶ

419 4346 799 4418 εὐφρανθῆναι
833 4347 929 4400 ἐπὶ
952 4349 1145 4419 τούτῳ,
1186 4349 1280 4402 καὶ
1312 4350 1659 4421 εὐχαριστεῖν
1715 4351 1793 4423 τῷ
1849 4352 1990 4424 Θεῷ,

491 4480 602 4549 (θέ)
633 4480 796 4557 Nete
829 4491 1064 4557 moveat,
1107 4480 1430 4557 Gregorium
1475 4496 1742 4550 nostrum,
1790 4497 1848 4542 ut
1885 4489 1994 4557 pri-

425 4566 570 4603 mum
596 4552 854 4620 clericus
887 4551 1063 4606 factus
1094 4564 1195 4615 est,
1224 4551 1346 4606 ’nun
1401 4555 1541 4609 inter
1583 4559 1862 4620 ostiarius,
1885 4551 1994 4612 ’δραι

425 4619 825 4692 iuterlectores
869 4637 989 4676 esse
1039 4631 1373 4692 cooptatum.
1419 4626 1607 4678 Canon
1671 4629 1734 4679 15
1779 4619 1997 4683 concilii

425 4690 800 4764 _S:mliccnsis,
853 4690 1457 4764 antequamﬁiacouus
1500 4696 1773 4764 quispiam
1825 4699 1996 4761 ﬂeret,

426 4761 725 4838 ltoc__uuutn
770 4763 1085 4838 requirebat
1122 4761 1337 4838 (Ι-Ιιι-ιςιι.⁸
1364 4761 1552 4838 ϐοησξ,
1594 4761 1643 4838 ιζ
1669 4765 1715 4838 l,
1751 4783 1804 4836 p.
1849 4769 1996 4838 646),

423 4831 606 4909 ac_din
655 4831 818 4909 etiarn
872 4833 923 4884 in
970 4831 1161 4909 Latina
1215 4832 1456 4909 Ecclesia
1507 4831 1873 4909 o_l_ttinni_t,_ut
1905 4831 1999 4909 qui

423 4900 652 4973 minores
694 4903 902 4973 ordines
946 4905 1308 4972 appellantur,
1351 4903 1442 4957 alii
1479 4905 1602 4958 afiis
1643 4907 1803 4973 primi
1841 4900 2002 4963 altri--

425 4971 742 5044 buereutur.
784 4968 1030 5044 Syr-ignis
1060 4981 1214 5042 pont.
1259 4989 1404 5028 max.
1435 4974 1488 5028 in
1529 4968 1755 5044 epistola
1787 4979 1854 5032 ad
1902 4979 2000 5034 Hi—

425 5039 658 5122 meriutn
713 5039 882 5122 episc.
925 5039 1220 5122 Tarracou.
1257 5051 1336 5122 (_n.
1383 5045 1494 5114 10),
1523 5039 1729 5122 diserte
1761 5051 1953 5104 scribit
1983 5070 1996 5106 :

427 5109 534 5174 Qui
583 5109 856 5187 verojam
911 5121 1068 5167 wtate
1107 5115 1418 5187 grandinem
1452 5109 1702 5170 'nteliovis
1742 5123 2000 5187 prepositi

428 5182 818 5236 conversatione
846 5196 1160 5250 provocatus
1183 5199 1246 5235 e1:
1265 5185 1404 5238 laico
1429 5190 1496 5238 ad
1515 5203 1726 5240 sacrant
1742 5182 2000 5245 'mil‘itiant

426 5251 691 5325 pervenire
721 5253 958 5325 festinat,
1003 5255 1252 5325 desiderii
1295 5256 1380 5307 sui
1424 5256 1653 5325 fructum
1698 5274 1801 5312 non
1844 5261 2002 5316 aliter

428 5322 718 5386 obtinebit,
757 5324 860 5378 nisi
903 5341 963 5378 eo
1007 5339 1109 5394 quo
1152 5322 1458 5392 baptizatur
1506 5340 1774 5396 tempore,
1817 5334 2000 5385 statim

429 5401 680 5462 .ectorunt
717 5403 808 5445 aut
841 5399 1224 5462 eqorcistnrum
1259 5410 1476 5448 numero
1503 5409 1752 5451 soctetur.
1794 5399 2000 5458 Ilursus

427 5476 486 5535 ιιι
514 5460 936 5517 Sacramentarii
965 5464 1278 5535 Gregoriani
1303 5466 1562 5535 Aurtario
1589 5483 1653 5520 cx
1679 5469 1866 5525 codice
1897 5471 2002 5527 Va-

434 5532 636 5620 licetnez
665 5535 822 5620 cuius
873 5532 1084 5620 titulus:
1113 5545 1244 5620 est:
1291 5534 1483 5620 Incipit
1509 5537 1678 5620 lordo
1722 5541 1785 5620 de
1833 5547 2000 5598 sacris

429 5601 702 5681 ordinibus
736 5604 1120 5681 benedicendis,
1153 5608 1342 5681 leges:
1373 5601 1532 5681 βίαι)
1573 5608 1804 5681 infantia
1833 5615 1999 5668 eccle-

432 5674 666 5752 siasticis
705 5675 1013 5752 ministeriis
1053 5674 1240 5752 nomen
1283 5677 1506 5742 dederit,
1543 5677 1590 5729 si
1620 5674 1758 5732 inter
1781 5685 1999 5740 lectores

430 5754 594 5821 usque
614 5745 668 5795 in
701 5745 999 5821 vicesimum
1027 5748 1223 5821 audis
1245 5761 1440 5821 attnunt
1477 5749 1788 5821 continuata
1819 5754 1998 5809 obser-

429 5815 634 5864 uatione
659 5815 984 5882 perdat-crit,
1032 5817 1077 5870 si
1112 5817 1305 5886 majori
1351 5829 1506 5872 wtate
1541 5819 1648 5884 iam
1691 5831 1989 5896 accesserit,

782 5907 1050 5971 ΡΑτιιοι..
1095 5911 1211 5972 tis.
1257 5913 1520 5977 XCVIII.

2095 3271 2204 3326 que
2241 3255 2307 3310 ad
2339 3255 2582 3326 episcOpi
2616 3265 2670 3310 et
2699 3255 2915 3310 abbatis
2946 3255 3112 3326 pedes
3129 3251 3512 3324 procidissent,
3537 3266 3674 3306 con-

2095 3355 2384 3418 surgentes
2415 3363 2604 3404 coram
2645 3348 2912 3414 astitere;
2945 3361 3042 3403 eos
3094 3361 3221 3401 vero
3253 3343 3422 3400 abbas
3481 3343 3561 3400 sic
3591 3350 3677 3396 est

2095 3441 2424 3496 allocutus:
2462 3439 2606 3508 Quid
2664 3440 2946 3512 plangitis,
2997 3439 3217 3505 fratres,
3259 3439 3340 3494 vel
3401 3451 3524 3508 quae
3576 3452 3676 3491 vos

2095 3548 2263 3589 causa
2291 3543 2406 3588 tam
2443 3533 2632 3604 angit?
2669 3533 2750 3588 illi
2792 3548 2922 3588 vero
2963 3547 3288 3604 responsum
3324 3531 3372 3586 ei
3399 3531 3529 3585 dare
3551 3531 3675 3582 nul-

2095 3625 2207 3678 lum
2253 3631 2526 3695 poterant.
2555 3623 2740 3680 Abbas
2771 3635 2984 3688 contra,
3011 3624 3138 3678 dum
3171 3629 3356 3678 tantus
3393 3637 3488 3677 eos
3522 3621 3678 3676 dolor

2094 3717 2397 3784 premebat,
2437 3713 2792 3769 Charitonem
2825 3713 3075 3780 intuitus,
3124 3723 3178 3768 et
3245 3712 3561 3783 conjectura
3607 3729 3676 3768 ex
3723 3750 3756 3799 ,τι

2094 3805 2247 3862 vultu
2288 3806 2410 3876 ejus
2467 3817 2649 3876 capta,
2705 3805 2969 3878 Gregorio
3014 3805 3352 3876 persimilem
3429 3807 3672 3876 agnovit.
3715 3815 3737 3875 f‘

2095 3898 2232 3954 Nam
2263 3907 2318 3953 et
2345 3898 2574 3953 Charite
2602 3899 2846 3954 formosa
2877 3898 3038 3968 plane
3084 3894 3226 3952 facie
3261 3905 3402 3963 erat,
3444 3913 3544 3952 nec
3573 3900 3674 3952 mi-

2099 4003 2203 4044 nus
2269 4003 2434 4058 quam
2507 3987 2600 4042 ille
2669 3985 2828 4042 rufus
2901 3995 3065 4055 atque
3125 3983 3432 4055 speciosus.
3492 3981 3678 4052 Itaque

2095 4094 2192 4134 eos
2264 4093 2459 4133 rursus
2515 4075 2842 4147 alloquens:
2899 4073 3230 4145 Oportebat,
3289 4073 3506 4145 inquit,
3563 4074 3678 4129 ira-

2095 4181 2232 4234 tres,
2271 4168 2343 4223 ob
2396 4169 2450 4223 id
2517 4167 2756 4240 gaudere
2819 4169 3004 4239 potius
3049 4177 3106 4223 et
3157 4168 3328 4224 laetari
3385 4177 3442 4226 et
3475 4171 3678 4240 gratias

2099 4261 2210 4318 Deo
2242 4263 2492 4328 reddere,
2521 4278 2684 4332 quam
2713 4273 2821 4318 tam
2851 4263 3104 4318 indecore
3132 4264 3204 4317 ob
3231 4261 3402 4318 ﬁlium
3433 4272 3676 4320 vestrum

2095 4367 2207 4408 vos
2237 4353 2442 4424 lugere,
2477 4354 2572 4424 qui
2600 4353 2756 4409 abest
2790 4353 3012 4424 quidem
3043 4368 3075 4408 a
3105 4352 3281 4422 vobis,
3312 4361 3370 4408 at
3398 4351 3510 4409 Deo
3535 4367 3679 4410 sem-

2031 4515 2074 4570 D
2101 4512 2178 4564 ita
2217 4519 2410 4572 tamen,
2439 4517 2497 4562 ut
2523 4517 2639 4576 post
2671 4508 2992 4578 baptismum
3034 4509 3217 4564 statim
3243 4509 3437 4564 divinae
3467 4507 3678 4562 militia!

2103 4580 2480 4633 desideraverit
2509 4581 2829 4648 mancipari,
2859 4582 2967 4635 sive
2993 4581 3133 4634 inter
3161 4581 3378 4635 lectores
3409 4580 3515 4633 sive
3541 4579 3680 4632 inter

2103 4650 2390 4720 exercistas
2421 4650 2780 4719 quinquennio
2825 4660 2994 4706 teneat
3026 4667 3045 4706 :
3075 4651 3262 4706 exinde
3295 4649 3570 4720 acolythus
3601 4648 3680 4702 vel

2105 4719 2456 4790 subdiaconus
2481 4718 2715 4790 quatuor
2747 4721 2900 4774 annis
2923 4723 3158 4784 steterit;
3189 4729 3240 4774 et
3289 4721 3368 4775 sic
3411 4718 3482 4774 ad
3523 4718 3678 4774 bene-

2103 4789 2386 4842 dictionem
2407 4789 2688 4854 diaconus,
2718 4791 2764 4842 st'
2789 4801 3076 4856 mereatur,
3106 4791 3340 4844 accedat.

2177 4859 2392 4930 Similia
2421 4874 2563 4930 vero
2577 4858 2645 4912 de
2673 4857 2966 4930 Euthymio
2993 4855 3166 4930 puero
3196 4861 3488 4930 traduntur
3511 4855 3676 4928 (apud

2101 4927 2277 4982 Cotel.
2327 4936 2366 4982 t.
2417 4929 2464 4982 II
2513 4928 2662 4999 dion.
2721 4927 2864 4984 Eccl.
2898 4927 3080 4985 Grfin
3121 4927 3266 4992 Vita,
3308 4945 3367 4984 ιι.
3402 4929 3490 4999 5),
3513 4943 3676 4996 quem

2101 5000 2231 5053 item
2266 5007 2524 5068 parentes
2555 4997 2664 5068 Deo
2710 5010 3192 5064 consecraverunt,
3239 5011 3292 5056 et
3342 4997 3532 5068 Ott-eiu
3565 5001 3679 5068 epi-

2101 5066 2284 5137 scopo
2308 5068 2564 5123 Ecclesiae
2611 5066 2982 5126 Melitenénsis
3027 5071 3373 5126 commisere.
3417 5066 3554 5122 Εἶτα
3587 5066 3682 5123 καὶ

2103 5137 2375 5211 βαπτίσας
2421 5138 2586 5211 αὐτὸν
2607 5178 2621 5202 ,
2657 5140 2778 5211 καὶμ
2792 5139 2906 5211 τῶν
2951 5141 3156 5211 τριχῶν
3203 5142 3338 5211 ὅσας,
3356 5141 3520 5210 νόμος
3567 5142 3681 5211 τοῖς

2102 5209 2290 5280 παισὶν
2329 5209 2655 5280 ἀποκείρας,
2710 5207 2791 5280 τῷ
2839 5209 2949 5280 τῶν
2991 5207 3381 5280 ’ἀναγνωστῶν
3422 5207 3680 5280 ⁷ὲγκρίνει

2103 5279 2319 5349 βαθμῷ.
2351 5276 2551 5350 Deinde
2583 5295 2704 5334 cum
2727 5276 2883 5333 illum
2910 5276 3251 5347 baptizasset,
3277 5291 3328 5335 et
3363 5276 3680 5350 capillorum

2101 5359 2358 5420 quantum
2385 5349 2470 5402 lea:
2497 5350 2562 5403 de
2581 5351 2757 5419 pueris
2779 5349 3098 5420 prwscribit,
3125 5353 3460 5416 totondisset,
3480 5365 3535 5404 ut
3556 5365 3679 5418 gra-

2101 5420 2228 5472 dum
2265 5418 2515 5488 lectorum
2539 5429 2772 5488 cooptat.

2175 5487 2451 5562 (95))Cod.
2490 5483 2696 5562 2._ri)v
2729 5489 2820 5544 τοῦ
2859 5490 3208 5558 ἀναγνώστου
3264 5491 3450 5562 εὐχὴν,
3495 5483 3677 5562 i(_I_est,

2103 5551 2392 5631 formulam
2419 5574 2521 5626 qua
2554 5551 2720 5631 lector
2763 5551 2997 5624 creatur,
3051 5551 3493 5631 pronuntiantes.
3524 5551 3680 5613 Hanc

2100 5629 2392 5702 lectionem
2429 5629 2819 5702 repudiandatn
2853 5629 3068 5700 putavi,
3093 5635 3236 5702 quod
3295 5633 3678 5702 cpiscopores

2102 5699 2413 5762 conveniat,
2455 5700 2776 5765 parentibus
2824 5697 2932 5754 non
2981 5697 3162 5756 item':
3204 5697 3502 5758 nisi—velis
3543 5697 3678 5754 illud

2100 5769 2282 5834 δόντες
2311 5769 2478 5842 εὐχὴν
2507 5769 2732 5826 reddere
2761 5771 2983 5839 precati,
3011 5781 3065 5826 ct
3101 5772 3248 5844 αὐτῷ
3279 5789 3374 5844 pro
3408 5787 3490 5827 eo.

3245 5929 3319 5992 19
