4104 6262
464 351 570 416 ἴι87

1468 346 1528 406 S.
1559 344 1939 406 GREGORII
1980 341 2495 405 AGRIGENTINI
2538 340 2735 404 VITA.

3623 340 3732 406 585

467 474 564 532 per
603 470 845 530 praesens
873 462 978 520 est,
1010 461 1064 511 et
1097 468 1285 526 preces
1314 467 1414 523 pro
1475 452 1632 507 vobis
1685 452 1888 506 fundit.
1943 449 2043 505 Cui

2164 447 2183 518 ἢ
2231 448 2406 514 οὕτως
2436 448 2695 519 ἀσέμνως
2728 445 2951 501 πενθεῖν
2990 445 3083 501 ἐπὶ
3110 445 3185 520 τῷ
3232 448 3407 519 τέκνῳ
3442 447 3618 519 ὑμῶν,
3654 453 3730 517 τῷ

467 552 696 608 Cbarito
735 568 748 604 :
780 548 946 613 Audi,
975 548 1176 618 inquit,
1222 546 1402 611 Pater,
1434 560 1523 603 res
1579 545 1806 599 omnino
1847 544 1920 597 ita
1988 557 2049 597 se

470 646 672 709 habet;
704 642 971 712 scriptum
1007 640 1209 712 quippe
1248 649 1334 694 est
1364 638 1419 693 in
1447 636 1758 693 Proverbiis
1784 650 1845 688 ει
1876 633 2048 688 Infer-

470 753 573 792 nus
597 744 652 791 et
689 733 924 807 perditio
948 747 1135 789 coram
1166 730 1401 787 Domino
1427 747 1442 782 :
1476 736 1684 799 quanto
1721 727 1894 798 magis
1925 740 2048 781 cor-

466 829 537 884 da
566 828 855 884 hominum
895 824 1053 899 (96)?
1082 843 1103 878 ι
1133 839 1324 895 quare,
1369 821 1591 880 domine
1639 820 1712 876 mi
1753 828 1809 875 et
1866 818 2048 883 Pater,

468 921 618 979 ﬁlius
647 933 867 991 quoque
916 926 1129 983 noster,
1159 916 1247 972 vel
1290 915 1336 969 si
1368 930 1570 986 corpus
1605 913 1725 984 ejus
1756 927 1920 966 manu
1946 910 2050 965 ho-

468 1014 635 1071 minis
670 1021 923 1069 enectum
958 1008 1148 1075 fuerit,
1186 1007 1371 1064 anima
1407 1018 1557 1064 certe
1604 1005 1760 1072 vivit,
1786 1016 1842 1075 et
1874 1003 1927 1058 in
1954 1002 2048 1058 Dei

469 1098 669 1161 manus
705 1102 954 1176 pervenit
985 1115 1001 1156 :
1042 1115 1168 1155 nam
1220 1100 1484 1155 innocens
1548 1097 1708 1168 plane
1745 1094 2052 1152 exstinctus

460 1206 568 1254 est.
601 1195 748 1253 Uxor
780 1202 963 1251 autem
1003 1190 1319 1253 Charitonis
1348 1192 1431 1248 ori
1468 1190 1685 1247 abbatis
1726 1189 1931 1244 intenta
1966 1202 2054 1243 ex-

465 1289 761 1362 spectabat
801 1288 938 1360 (95),
969 1286 1100 1357 quid
1133 1285 1198 1341 ad
1241 1286 1357 1340 haec
1395 1283 1644 1339 dicturus
1673 1277 1927 1336 esset.At
1952 1277 2052 1333 ab-

468 1383 568 1439 bas
593 1380 877 1438 Charitoni
907 1379 1246 1450 respondens
1272 1395 1286 1433 z
1316 1376 1481 1442 Audi,
1521 1370 1922 1437 dixit,Charito
1943 1368 2054 1425 fra-

468 1484 572 1540 ter,
605 1487 672 1530 ac
700 1471 865 1529 [idem
900 1471 1043 1527 habe
1099 1468 1233 1524 mihi
1269 1485 1282 1522 :
1353 1481 1461 1522 non
1515 1464 1561 1521 si
1601 1463 1744 1519 [ilius
1783 1470 1911 1517 tuus
1960 1473 2048 1515 ca-

2149 539 2287 612 πρδς
2318 539 2375 593 τὸ
2399 538 2578 610 παρδν
2604 538 2732 608 ὑμῖν
2764 538 2840 609 μὴ
2869 537 3197 610 φαινομένῳ,
3249 539 3336 593 ἀεὶ
3363 539 3422 592 δὲ
3474 538 3554 612 τῷ
3613 540 3733 618 Θεῷ

2151 629 2373 703 φανερῷ
2399 628 2538 696 ὄντι,
2575 628 2672 684 καὶ
2713 629 2844 701 περὶ
2877 629 3034 702 ὑμῶν
3064 632 3507 704 προσευχομένῳ.
3574 633 3734 688 Ἄπη-

2149 718 2360 792 κριθεὶς
2387 718 2446 772 δὲ
2475 719 2504 772 6
2525 718 2782 790 Χαρίτων
2811 718 2961 788 λέγεί
2991 718 3140 791 αὐτῷ
3160 741 3172 752 ·
3206 722 3496 790 Ἄκουσον,
3526 724 3732 797 Πάτιρ,

2151 814 2260 867 πᾶν
2291 810 2564 875 τοσούτως
2589 811 2704 883 ἔχει
2733 827 2748 843 ο
2780 810 3096 883 γέγραπται
3125 813 3235 884 γάρ
3266 815 3326 867 έν
3358 817 3479 880 ταῖς
3529 819 3732 889 Παροι-

2155 905 2331 978 μίαις,
2373 922 2393 957 ι
2429 904 2600 976 ’ᾼδης
2633 904 2728 984 καλε
2746 902 2997 959 ἀπώλεια
3026 905 3238 977 φανερά
3290 906 3443 978 παρά
3497 909 3728 981 Κυρίου,

2153 997 2270 1060 πῶς
2303 993 2428 1067 οὐχὶ
2457 993 2554 1049 καὶ
2584 994 2640 1050 αἱ
2670 994 2892 1065 καρδίαι
2920 994 3030 1048 τῶν
3068 994 3374 1067 ἀνθρώπων
3399 1013 3413 1063 ;
3449 1017 3467 1050 ι
3488 997 3728 1062 πάντως,

2153 1085 2311 1158 κὺριέ
2343 1103 2443 1156 μου
2478 1083 2572 1138 καὶ
2600 1083 2806 1154 Πάτερ,
2838 1084 2934 1138 καὶ
2975 1083 3040 1139 τὸ
3083 1084 3274 1139 τέκνον
3323 1086 3501 1158 ἡμῶν,
3545 1090 3594 1143 εὶ
3639 1090 3734 1144 καὶ

2153 1176 2484 1244 πεφόνευται
2517 1172 2628 1230 ἀπδ
2660 1173 2844 1247 χειρὸς
2876 1170 3171 1248 ἀνθρώπου
3211 1179 3274 1230 τὺ
3321 1176 3484 1248 σῶμα
3541 1178 3732 1240 αὐτοῦ,

2153 1265 2269 1320 ἀλλ’
2302 1262 2398 1321 οῦν
2423 1267 2458 1336 ή
2484 1264 2631 1336 ψυχὴ
2659 1263 2825 1320 αὑτοῦ
2848 1266 2928 1329 είς
2954 1268 3142 1338 χεῖρας
3163 1266 3298 1319 Θεοῦ
3325 1268 3690 1340 παραδέδοται
3716 1290 3731 1302 ·

2155 1357 2399 1422 ἀναίτιος
2426 1360 2538 1431 γὰρ
2558 1357 2856 1414 ἀπέθανεν.
2897 1357 2961 1410 Ἦ
2980 1357 3037 1412 δὲ
3060 1358 3198 1430 γυνὴ
3229 1359 3398 1415 αὐτοῦ
3426 1360 3734 1432 ἀπέῦλεψεν

2150 1449 2232 1523 τῷ
2263 1451 2494 1522 στόματι
2521 1449 2616 1505 τοῦ
2649 1449 2816 1516 ἀ66ᾶ,
2886 1449 2948 1504 τὸ
2980 1449 3034 1504 τί
3059 1449 3168 1522 ἀρα
3205 1451 3606 1524 ἀπολογήσεται
3633 1471 3734 1509 πεο

466 1568 767 1625 lamitatcm
797 1565 1038 1637 aliquam
1076 1561 1356 1624 subiisset,
1393 1559 1480 1614 vel
1522 1566 1582 1612 ut
1620 1565 1676 1611 tu
1706 1563 1886 1626 putas,
1946 1566 2050 1608 nec

2164 1543 2213 1617 pl.
2230 1543 2446 1599 τούτου.
2462 1544 2813 1615 Ἀποκριθεὶς
2840 1543 2898 1598 δὲ
2927 1542 3102 1607 ἀϐδᾶς
3128 1544 3279 1614 λέγει
3306 1546 3385 1617 τῷ
3409 1546 3690 1619 Χαρίτωνι
3711 1563 3729 1579 ο

471 1671 655 1715 tamen
692 1656 898 1714 factum
927 1665 1031 1721 est,
1065 1656 1135 1712 ab
1192 1653 1378 1724 aliquo
1426 1650 1648 1706 occisus
1697 1656 1860 1713 esset,
1911 1659 2052 1702 moe—

468 1768 652 1813 rorem
679 1751 805 1806 ideo
833 1759 888 1806 et
922 1748 1194 1819 lacrymas
1224 1747 1367 1800 Deus
1396 1742 1695 1814 negligeret
1731 1739 1927 1811 hujus,
1952 1737 2051 1808 qui

467 1855 525 1902 et
563 1844 642 1899 illi
673 1852 730 1901 et
752 1842 913 1898 nobis
943 1838 1260 1896 communis
1284 1848 1369 1892 est
1391 1833 1594 1891 animis
1645 1832 1908 1888 curandis
1947 1830 2052 1886 Pa-

471 1944 553 1990 ter
587 1951 604 2002 ;
642 1931 740 1990 sed
770 1945 898 1987 eum
964 1927 1192 1984 omnino
1221 1926 1286 1982 de
1314 1925 1470 1997 pueri
1518 1922 1686 1980 rebus
1722 1919 2051 1977 edocuisset.

470 2029 679 2100 Itaque,
715 2023 1053 2088 mihicrede,
1084 2021 1304 2078 animus
1333 2020 1478 2075 illius
1516 2019 1659 2075 bona
1708 2017 1764 2072 in
1819 2013 2058 2100 statione

474 2124 752 2176 versatur.
794 2113 897 2171 Cui
918 2113 1150 2170 Charite
1183 2129 1199 2167 :
1236 2110 1410 2178 Bona,
1460 2108 1660 2181 inquit,
1710 2117 1876 2176 atque
1914 2102 2060 2160 utilis

469 2209 780 2271 cohortatio
832 2215 928 2263 tua
961 2215 1070 2274 est,
1101 2203 1307 2272 Pater;
1337 2212 1392 2260 at
1416 2201 1683 2259 Dominus
1719 2197 1896 2264 novit,
1938 2210 2066 2269 quis

468 2305 568 2361 tilii
599 2302 774 2359 nostri
798 2298 1043 2356 conditio
1068 2297 1161 2366 sit,
1189 2306 1244 2352 et
1278 2295 1395 2367 ipse
1444 2294 1623 2350 nostri
1693 2288 2061 2349 miserebitur,

471 2411 573 2452 nec
602 2394 786 2450 minus
806 2391 973 2449 animi
1004 2388 1170 2457 illius,
1186 2386 1646 2459 quemadmodum
1676 2383 1928 2440 voluntas
1946 2379 2067 2450 ejus

470 2487 600 2556 fert,
641 2498 835 2543 curam
868 2490 1040 2556 geret.

2158 1638 2448 1702 Ἄκουσον,
2478 1635 2678 1705 ἀδελφὲ
2707 1635 2984 1705 Χαρίτων,
3011 1635 3236 1690 πίστευέ
3272 1653 3386 1708 μοι,
3434 1637 3519 1692 ὅτι
3552 1640 3605 1692 εί
3637 1638 3736 1692 ἐπὶ

2156 1729 2314 1801 κακῷ
2341 1728 2605 1797 ἐξέδωκεν
2649 1728 2844 1783 ἑαυτὸν
2868 1728 2930 1782 τὸ
2972 1729 3167 1783 τέκνον
3206 1746 3302 1784 σου
3336 1729 3370 1802 ἢ
3418 1729 3493 1795 ώς
3521 1729 3585 1784 σὺ
3643 1748 3735 1786 νο-

2157 1821 2360 1895 μίξεις,
2389 1818 2759 1890 πεφονεῦσθαι
2789 1820 2954 1875 αὐτὸν
2978 1821 3084 1874 ὑπό
3116 1837 3285 1886 τινος,
3308 1821 3337 1875 6
3365 1823 3426 1876 οὔ
3485 1821 3733 1892 γέγονεν,

2157 1917 2260 1970 οὐκ
2290 1915 2357 1971 ἀν
2391 1913 2618 1986 παρίδεν
2641 1915 2669 1968 6
2695 1913 2830 1979 Θεὸς
2861 1915 2989 1979 τοὺς
3019 1914 3224 1979 κόπους
3266 1912 3364 1970 καὶ
3393 1915 3462 1970 τά
3520 1915 3735 1988 δάκρυα

2156 2008 2252 2062 τοῦ
2282 2005 2658 2079 πνευματικοῦ
2690 2006 2858 2062 αὑτοῦ
2891 2023 2954 2060 τε
2983 2008 3078 2062 καὶ
3115 2006 3271 2079 ἡμῶν
3299 2008 3483 2063 κοινοῦ
3518 2009 3733 2082 Πατρός

2157 2099 2346 2154 τούτου
2373 2113 2386 2126 ·
2420 2096 2558 2154 ἀλλά
2570 2096 2787 2162 πάντως
2817 2097 3131 2170 φανερῶσαι
3165 2097 3316 2170 αὐτῷ
3342 2096 3489 2171 εἶχεν
3517 2098 3586 2155 τά
3613 2100 3738 2155 κατ’

2159 2191 2340 2248 αὐτόν.
2381 2189 2546 2245 Ἀλλά
2571 2186 2795 2260 πίσθητί
2835 2205 2946 2258 μοι,
2964 2188 3057 2250 ⁹ὅτι
3081 2188 3141 2241 ἐν
3179 2187 3403 2257 ἀγαθοῖς
3454 2188 3737 2253 αὐλίζεται

2161 2287 2196 2356 ἡ
2246 2284 2395 2355 ψυχὴ
2433 2281 2622 2337 αὐτοῦ.
2664 2279 3012 2353 Ἀποκριθεὶς
3042 2280 3101 2335 δὲ
3124 2281 3154 2333 6
3179 2280 3434 2351 Χαρίτων
3464 2280 3615 2348 λέγει
3656 2280 3739 2352 τῷ

2162 2376 2308 2449 ἀδὸᾷ
2323 2391 2339 2408 ο
2355 2373 2562 2445 Ἀγαθὴ
2577 2372 2674 2429 καὶ
2699 2372 2976 2444 ὠφέλιμος
3005 2371 3128 2444 ήσὴ
3153 2373 3499 2445 παραίνεσις,
3516 2374 3701 2445 Πάτερ
3721 2389 3737 2404 °

2170 2469 2314 2539 πλὴν
2341 2467 2485 2537 ἔγνω
2514 2466 2723 2540 Κύριος
2749 2465 2817 2520 τὰ
2849 2465 2990 2521 κατά
3015 2465 3077 2519 τὸ
3127 2465 3319 2520 τέκνον
3375 2465 3537 2538 ἡμῶν
3568 2483 3583 2499 ο
3646 2467 3743 2520 καὶ

2151 2566 2300 2637 ἡμᾶς
2329 2564 2587 2635 ἐλεήσει*
2639 2559 2807 2616 αὑτοῦ
2875 2560 2954 2626 δὲ,
2984 2559 3063 2625 ώς
3118 2559 3390 2632 βούλεται,
3442 2559 3542 2633 τὴν
3565 2558 3745 2634 ψυχὴν

2169 2661 2456 2732 διοικήσει.

542 2752 734 2811 XXIII.
764 2751 902 2809 Post
927 2750 1045 2807 inec
1082 2750 1253 2806 abbas
1287 2749 1609 2821 episeOpum
1640 2759 1818 2819 rogat,
1860 2760 1922 2806 ut
1963 2767 2048 2807 ai-

2224 2722 2354 2812 KI‘".
2377 2750 2513 2810 Εἶτα
2541 2753 2716 2808 ταῦτα
2743 2752 3008 2807 είπόντων
3035 2722 3217 2809 αὐτῶν
3231 2751 3379 2823 λέγει
3416 2754 3444 2806 6
3462 2753 3637 2817 ἀϐϐἄς
3664 2753 3745 2826 τῷ
3848 2742 3860 2753 ’

474 2847 864 2907 chidiaconum
891 2845 1114 2917 prodire
1146 2845 1201 2900 in
1228 2843 1470 2900 medium
1522 2845 1711 2914 jubeat
1740 2862 1754 2913 ;
1793 2852 1966 2914 utque
2014 2845 2064 2901 is

476 2947 532 2999 in
564 2942 806 2999 medium
865 2936 1155 3010 processit,
1186 2935 1268 2993 sic
1295 2949 1422 2992 cum
1450 2934 1648 2990 atlatur
1683 2932 1828 3008 :[u]
1859 2936 1952 2992 Dic
1984 2945 2062 3003 tu,

476 3036 665 3097 homo,
700 3043 874 3103 quare
911 3043 1035 3098 quae
1073 3026 1215 3083 Deus
1245 3027 1303 3083 in
1341 3040 1515 3096 puero
1556 3026 1818 3097 praeclara
1873 3037 2066 3084 osten-

477 3126 655 3189 derat,
694 3123 956 3195 episcopo
994 3132 1102 3173 non
1130 3115 1421 3172 declarasti
1445 3115 1468 3170 ?
1495 3131 1595 3171 cur
1645 3114 1839 3170 abiens
1880 3113 2064 3171 Iodisti

480 3217 535 3269 in
572 3222 740 3280 terra,
775 3219 831 3265 et
856 3208 1067 3266 domini
1097 3206 1178 3262 tui
1213 3213 1500 3276 argentum
1533 3213 1592 3259 ut
1633 3219 1828 3260 servus
1859 3202 1947 3258 ille
1970 3219 2065 3258 ne-

460 3322 668 3381 ,quam,
696 3303 984 3362 occultasti
1010 3302 1034 3356 Ἰ
1065 3299 1317 3375 malusne
1373 3297 1593 3354 animus
1637 3299 1754 3353 haec
1787 3306 1914 3353 tuus
1941 3310 2066 3367 per-

482 3400 667 3464 vertit,
701 3414 770 3452 an
808 3397 990 3468 potius
1019 3395 1165 3450 hanc
1223 3392 1318 3448 tibi
1376 3403 1615 3447 mentem
1678 3390 1928 3446 diabolus
1965 3389 2065 3444 do-

482 3491 599 3546 lose
624 3488 836 3559 injecit,
871 3485 1180 3557 suasitque,
1218 3493 1278 3539 ut
1317 3481 1413 3538 Dei
1441 3482 1646 3538 donum
1664 3479 2068 3536 abscondet-es?

482 3595 840 3654 nunquamne
875 3593 1003 3636 vero
1030 3577 1258 3650 legeras,
1289 3574 1587 3648 gloriosum
1617 3589 1739 3631 esse
1774 3572 1876 3629 Dei
1935 3588 2068 3644 ope-

483 3692 544 3732 ra
574 3671 973 3748 promulgare?
1003 3684 1070 3726 ac
1098 3669 1234 3726 tales
1267 3668 1383 3740 ipse
1412 3675 1468 3724 et
1497 3675 1678 3723 tantas
1703 3665 1913 3722 inferre
1942 3681 2065 3721 mue

484 3767 674 3825 Iestias
703 3763 929 3836 potuisti
959 3761 1314 3820 sanctissimo
1369 3760 1649 3831 episcopo,
1711 3758 2070 3829 ejusdemque

468 3848 650 3910 'causa
681 3840 886 3934 pepqu
939 3851 1195 3906 universo
1248 3857 1305 3905 et
1353 3849 1440 3905 his
1496 3849 1650 3920 pueri
1705 3847 2068 3918 parentibus?

482 3944 620 4001 Nam
648 3944 695 4001 si
724 3957 820 4000 eos
849 3941 1116 3998 certiores
1145 3940 1213 3998 de
1230 3940 1299 3996 iis
1330 3939 1716 4010 fecisses,quae
1747 3938 1890 3994 Deus
1915 3938 2068 4009 pueri

483 4049 652 4093 causa
677 4032 913 4090 illustria
939 4041 1232 4104 patrasset,
1260 4029 1508 4102 profecto
1543 4028 1716 4100 gavisi
1742 4040 1928 4084 essent
1947 4044 2068 4085 om-

2165 2846 2448 2917 ὲπισκόπῳ
2477 2860 2492 2876 ο
2526 2846 2736 2914 Ἀγαγε
2763 2846 2845 2909 εἰς
2870 2843 3036 2916 μέσον
3063 2844 3154 2899 τὸν
3181 2844 3580 2916 ἀρχιδιάκονον.
3609 2841 3742 2899 Εἶτα

2163 2943 2244 3006 εἰς
2272 2940 2438 3012 μέσον
2468 2937 2597 2996 στὰς
2629 2939 2658 2990 6
2689 2936 3087 3008 ἁρχιδιάκονος,
3123 2936 3276 3006 λέγει
3305 2935 3457 3007 αὐτῷ
3486 2938 3514 2990 6
3536 2935 3735 2999 ἀϐὅᾶς·

2161 3032 2305 3100 Λέγε
2330 3031 2419 3097 σὺ,
2470 3028 2746 3101 ἄνθρωπε,
2779 3029 2925 3092 τίνος
2957 3027 3148 3082 ’ἐνεκεν
3213 3028 3316 3082 οὐκ
3374 3026 3742 3097 ἀπεκάλυψας

2162 3124 2233 3178 τά
2267 3122 2530 3194 μεγαλεῖα
2561 3120 2655 3174 τοῦ
2691 3118 2828 3173 Θεοῦ
2853 3119 2924 3172 τὰ
2957 3119 3231 3190 γενόμενα
3281 3119 3364 3184 εἰς
3411 3118 3515 3172 τὸν
3575 3119 3742 3173 παῖδα

2164 3215 2241 3286 τῷ
2287 3213 2574 3284 ἐπισκόπῳ
2600 3227 2617 3279 ;
2647 3210 2761 3267 ἀλλ’
2794 3209 3046 3265 ἀπελθὼν
3077 3210 3293 3284 ὥρυξας
3320 3213 3378 3265 ὲν
3404 3213 3468 3282 τῇ
3503 3213 3597 3282 γῇ,
3616 3272 3625 3279 ,
3646 3211 3742 3266 καὶ

2164 3307 2410 3379 ἔκρυψας
2439 3305 2498 3360 τὸ
2527 3304 2794 3376 ἀργύριον
2822 3303 2919 3358 τοῦ
2945 3304 3136 3376 κυρίου
3169 3321 3285 3367 σου,
3334 3303 3522 3370 καθὼς
3572 3305 3668 3359 καὶ
3713 3307 3745 3359 6

2164 3401 2402 3472 πονηρὸς
2424 3399 2609 3463 δοῦλος
2638 3398 2852 3461 ἐκεῖνος
2885 3415 2902 3465 ;
2937 3399 2966 3452 6
2996 3396 3122 3461 νοῦς
3153 3414 3248 3452 σου
3275 3399 3304 3452 6
3328 3397 3503 3462 δόλιος
3569 3397 3746 3453 ταῦτα

2165 3493 2549 3564 ὲτρωπήσατο,
2571 3490 2777 3562 μᾶλλον
2805 3489 2862 3543 δὲ
2892 3491 2920 3543 6
2976 3488 3270 3568 ὲνσπείρας
3290 3490 3348 3543 έν
3379 3490 3465 3554 σοὶ
3522 3488 3747 3544 κακότε-

2165 3603 2293 3658 χνος
2321 3583 2566 3648 διάὸολος
2595 3582 2782 3636 τοῦτον
2805 3581 2896 3634 τὸν
2923 3580 3208 3650 λογισμὸν,
3233 3581 3746 3654 παραλογισάμενος

2166 3679 2264 3751 τὴν
2293 3676 2387 3731 τοῦ
2421 3675 2558 3730 Θεοῦ
2595 3675 2758 3748 χάριν
2800 3673 3220 3742 καλύπτεσθαις
3267 3675 3300 3746 ἢ
3355 3677 3458 3731 οὐκ
3503 3676 3748 3746 ἀνέγνως

2168 3771 2301 3824 ποτε
2328 3769 2399 3822 τὰ
2419 3769 2514 3822 τοῦ
2542 3767 2681 3822 Θεοῦ
2711 3766 2850 3839 ἔργα
2900 3767 3298 3839 ἀνακηρύττειν
3334 3767 3544 3834 ἔνδοξον
3575 3785 3590 3834 ;
3651 3773 3750 3824 καὶ

2166 3859 2432 3924 τοσαύτας
2470 3861 2566 3914 καὶ
2604 3858 2860 3921 τοιαύτας
2907 3858 3117 3929 θλίψεις
3143 3861 3424 3932 ἐπήγαγες
3458 3861 3538 3933 τῷ
3588 3865 3752 3917 ὁσιω-

2169 3954 2318 4026 τάτῳ
2346 3953 2656 4023 ὲπισκὸπῳ,
2688 3953 2784 4005 καὶ
2814 3951 2881 4006 δι’
2913 3951 3080 4006 αὑτοῦ
3129 3953 3296 4007 παντὶ
3359 3952 3438 4024 τῷ
3483 3953 3600 4025 λαῷ
3652 3956 3752 4009 καὶ

2170 4047 2284 4109 τοῖς
2315 4044 2565 4113 γονεῦσιν
2585 4042 2680 4097 τοῦ
2702 4031 2918 4098 παιδίού
2943 4059 2958 4107 ;
2984 4045 3192 4108 Ὄντως
3209 4045 3259 4098 εί
3279 4045 3632 4118 ὲφανέρωσας
3647 4046 3751 4100 αῦ-

484 4143 606 4196 nes,
644 4141 828 4211 neque
877 4125 935 4182 in
984 4133 1198 4183 tantum
1258 4136 1550 4179 maerorem
1609 4120 1675 4175 ad
1743 4120 1846 4176 hoc
1893 4134 2062 4191 usque

2171 4136 2284 4201 τοῖς
2321 4136 2418 4206 τὴν
2441 4135 2598 4199 δόξαν
2619 4135 2713 4189 τοῦ
2737 4134 2896 4201 Θεοῦ,
2939 4136 3118 4208 ἥνπερ
3146 4136 3402 4208 ἐποίησεν
3468 4136 3611 4208 μετά
3654 4138 3752 4192 τοῦ

485 4233 702 4293 tempus
719 4218 1118 4293 pervenissent.
1139 4216 1458 4288 Ageigitur,
1479 4213 1672 4280 homo,
1687 4211 1902 4284 singula
1924 4211 2070 4269 edis-

491 4327 639 4372 sere.

503 4472 512 4480 ’
552 4489 746 4546 XXIV.
795 4488 897 4545 llic
929 4503 1065 4544 vero
1088 4487 1294 4558 pallere
1330 4487 1777 4552 archidiaconus,
1830 4501 1895 4541 ac
1943 4486 2074 4541 totis

487 4583 723 4639 artubus
761 4580 1188 4639 eontremiseere
1217 4594 1235 4632 :
1268 4585 1387 4632 tum
1415 4562 1602 4633 coram
1657 4592 1724 4633 eo
1776 4578 1830 4632 in
1867 4586 2070 4632 terram

489 4678 802 4748 prolapsus,
838 4674 1057 4746 plorare
1089 4672 1326 4745 graviter
1372 4685 1437 4726 ac
1479 4671 1663 4728 dicere
1695 4687 1710 4724 :
1772 4671 1913 4726 Proh
1951 4684 2070 4736 vos,

490 4770 624 4836 mei,
649 4767 845 4824 Patres
876 4765 1076 4831 sancti,
1104 4764 1365 4821 misereat
1388 4761 1683 4834 Iﬂagitium
1706 4776 1736 4816 a
1754 4777 1840 4817 me
1866 4761 2074 4817 admis-

489 4876 613 4918 sum
639 4869 726 4917 est
753 4874 939 4917 coram
965 4856 1079 4914 Deo
1113 4864 1169 4913 et
1188 4870 1374 4911 coram
1410 4854 1613 4927 popqu
1645 4855 1753 4909 hoc
1788 4854 2072 4921 universo,

486 4954 732 5009 maxime
770 4966 899 5008 vero
943 4949 1210 5008 adversus
1247 4946 1660 5006 sanctissimum
1722 4947 2069 5018 episcopum,

491 5058 656 5116 quem
688 5057 1040 5100 communem
1074 5047 1361 5112 parentem
1390 5040 1656 5096 habemus
1691 5055 1706 5094 :
1745 5054 1842 5109 per
1890 5038 2073 5110 ipsum

495 5152 592 5191 vos
647 5133 817 5190 Deum
844 5148 966 5199 oro,
993 5134 1212 5189 veniam
1250 5132 1392 5188 date.
1455 5130 1557 5188 Cui
1599 5131 1770 5187 abbas
1807 5148 1822 5186 :
1877 5131 2074 5203 Surge,

496 5226 695 5298 inquit,
722 5232 779 5282 et
822 5239 888 5282 ea
921 5239 1044 5295 quae
1071 5223 1140 5281 de
1172 5238 1346 5296 puero
1371 5222 1577 5279 videris
1601 5234 1765 5293 atque
1810 5222 2075 5290 audieris,

496 5318 657 5375 nobis
679 5331 898 5373 enarra.
928 5314 1073 5388 Ergo
1102 5312 1549 5383 archidiaconus,
1573 5328 1698 5369 cum
1734 5329 1766 5369 a
1798 5312 1916 5370 solo
1953 5328 2077 5369 sur-

495 5409 749 5475 rexisset,
774 5409 855 5464 sic
883 5406 1065 5464 dicere
1097 5406 1334 5463 instituit
1359 5421 1374 5461 :
1396 5404 1594 5465 Audite
1613 5420 1723 5473 me,
1756 5404 1944 5462 Patres
1960 5403 2075 5460 Ira.

495 5511 720 5573 tresque
744 5513 980 5556 omnes:
1011 5496 1360 5573 quiescebant
1419 5505 1581 5553 nocte
1614 5495 1854 5568 quadam
1893 5496 1950 5552 in
1985 5510 2074 5552 sa-

2173 4227 2487 4299 παιδαρίου,
2528 4228 2807 4299 ἐχάρησαν
2839 4227 2904 4281 ἂν
2933 4228 3156 4295 πάντες,
3199 4230 3294 4284 καὶ
3323 4230 3426 4284 οὐκ
3450 4232 3532 4295 είς
3554 4233 3755 4286 τοσαῦθ

2173 4335 2274 4387 την
2303 4319 2656 4388 κατήντησαν
2686 4316 2926 4390 ἀθυμίαν
2958 4318 3066 4383 ἕως
3102 4319 3198 4375 τοῦ
3231 4319 3349 4377 νῦν.
3374 4320 3511 4376 Εἰπὲ
3541 4322 3636 4377 οῦν
3659 4324 3756 4377 ἐπὶ

2175 4410 2414 4473 πάντων,
2442 4409 2719 4481 ἄνθρωπε.
3142 4456 3149 4465 .

2197 4558 2202 4563 ,
2244 4497 2372 4554 KA'.
2429 4499 2490 4554 ὀ
2540 4499 2598 4554 δὲ
2620 4500 2999 4572 ἀρχιδιὰκονος
3043 4500 3246 4572 ἤρξατο
3270 4501 3614 4558 ἀλλοιοῦσθαι
3675 4502 3757 4575 τῷ

2177 4589 2459 4662 προσώπῳ
2484 4591 2580 4673 καὶ
2604 4592 2850 4662 τρέμειν,
2884 4594 2982 4646 καὶ
3024 4595 3096 4649 τά
3120 4594 3327 4663 γόνατα
3367 4594 3538 4649 αὑτοῦ
3598 4595 3759 4650 τοῦτο

2176 4680 2318 4752 πρὸς
2344 4680 2506 4734 τοῦτο
2539 4683 2937 4754 συνεκρούοντο
2960 4698 2975 4713 ο
3004 4685 3101 4738 καὶ
3129 4683 3314 4740 πεσὼν
3339 4685 3437 4739 ἐπὶ
3462 4685 3757 4758 πρόσωπον

2174 4771 2339 4826 αὐτοῦ
2385 4772 2524 4845 μετά
2547 4773 2831 4847 κλαυθμοῦ
2857 4777 3058 4848 πικροῦ
3083 4776 3270 4846 ἔλεγεν
3289 4794 3303 4808 ·
3351 4777 3649 4850 Ἐλεήσατέ
3664 4796 3757 4851 με,

2175 4862 2391 4934 Πάτρες
2421 4862 2852 4936 ἀγιοι,ἦμαρτον
2877 4863 3108 4921 ἐνώπιον
3122 4867 3215 4922 τοῦ
3228 4865 3498 4937 Θεοῦ,καὶ
3525 4867 3759 4924 ἐνώπιον

2176 4953 2380 5019 παντὸς
2433 4955 2530 5008 τοῦ
2559 4955 2694 5011 λαοῦ
2724 4956 2941 5024 τούτου,
2960 4957 3255 5031 ἐξαιρέτως
3276 4948 3437 5025 δὲέἰς
3459 4960 3552 5017 τὸν
3578 4961 3761 5016 κοινὸν

2177 5045 2336 5118 ἡμῶν
2366 5048 2588 5120 Πατέρα
2614 5049 2708 5102 τὸν
2735 5048 3033 5105 ὁσιώτατον
3075 5052 3376 5107 ἐπίσκοπον
3400 5068 3416 5086 ο
3464 5052 3761 5124 συγχωρή-

2179 5137 2310 5192 σατέ
2347 5155 2439 5211 μοι
2463 5139 2532 5194 δι’
2566 5141 2730 5196 αὐτὸν
2760 5140 2916 5198 Θεὸν.
2935 5145 3100 5213 Λέγει
3126 5144 3280 5218 αὐτῷ
3305 5149 3334 5200 6
3360 5146 3538 5211 sese;
3564 5163 3579 5178 ο
3614 5148 3761 5201 Ἀνα-

2179 5227 2313 5293 στάς
2349 5229 2613 5302 διήγησαι
2645 5232 2776 5304 ἡμῖν
2808 5233 2846 5288 ἃ
2872 5230 3014 5300 εἶδες
3045 5238 3140 5290 καὶ
3178 5239 3428 5309 ἀκήκοας
3478 5242 3609 5315 περὶ
3663 5243 3758 5296 τοῦ

2181 5319 2494 5392 παιδαρίου.
2560 5322 2827 5388 Ἀναστὰς
2876 5324 2936 5378 δὲ
2992 5327 3024 5379 6
3081 5327 3459 5399 ἀρχιδιάκονος
3502 5331 3612 5387 ἀπὸ
3665 5331 3755 5387 τοῦ

2180 5406 2432 5476 ἐδάφους,
2463 5410 2671 5482 ἤρξατο
2701 5412 2882 5483 λέγειν
2909 5431 2923 5443 ·
2955 5414 3113 5471 ’Ᾱκού
3125 5418 3250 5472 σατέ
3282 5421 3640 5494 μου,Πάτρες
3667 5422 3759 5478 καὶ

2183 5514 2387 5564 παντες
2437 5501 2680 5576 ἀδελφοί.
2713 5507 3078 5579 Κοιμωμένου
3131 5528 3236 5581 μου
3269 5515 3329 5567 ὲν
3356 5514 3460 5588 μιᾷ
3514 5511 3667 5568 νυκτὶ
3691 5514 3748 5568 έν

533 5740 539 5745 .
567 5687 683 5762 (ᾒᾷ)
707 5686 865 5762 ξιον.
888 5703 1002 5762 _xv,
1030 5686 1128 5762 12.
1146 5684 1229 5762 At
1249 5684 1402 5762 LXX
1427 5685 1630 5762 habent
1657 5687 1810 5760 παρὰ
1830 5684 1909 5758 τῷ
1952 5686 2062 5759 Κυι

2164 5734 2165 5739 η
2200 5689 2410 5762 Symm.
2433 5692 2684 5754 ἐνώπιον.
2719 5696 2928 5754 Tltcod.
2967 5698 3229 5755 ἐναντίον.

570 5756 686 5829 (95)
710 5757 844 5816 Cod.
883 5758 940 5826 2,
973 5756 1333 5829 περιέϐλεψεν
1356 5756 1607 5832 στόματι.
