4104 6262
447 299 545 365 591

1431 300 1495 360 S.
1536 295 1916 360 GREGORII
1969 293 2478 356 AGRIGENTINI
2531 295 2730 358 VITA.

3587 297 3696 362 593

445 414 578 472 Ειιω
605 411 736 470 olim
761 412 818 468 in
849 409 1066 468 Elisaao.
1093 407 1272 480 Atque
1295 406 1388 463 ubi
1424 408 1537 464 haec
1558 407 1766 474 dixere,
1796 406 2018 476 penitus

2134 405 2212 458 imi.
2254 398 2531 461 Ἐλισσέον
2573 407 2724 461 ποτέ.
2769 406 2880 461 Καὶ
2919 406 3096 463 ταῦτα
3137 407 3384 474 είπόντες
3415 410 3691 481 pandvn-

444 515 806 564 evanuerunt.
843 502 956 572 Ego
987 495 1118 558 vero
1155 499 1347 556 eadem
1396 499 1533 555 hora
1585 496 2020 568 expergefactus,

445 603 510 654 ad
534 598 757 654 fluvium
775 595 1050 662 descendi,
1075 594 1264 664 ibique
1285 592 1473 648 divino
1489 591 1725 647 consilio
1746 589 2022 660 navigium

449 689 628 745 iuveni
661 687 992 744 solventium
1014 687 1071 741 in
1093 683 1362 750 Africam,
1393 681 1541 754 quod
1561 681 1690 736 dato
1720 680 1886 735 naulo
1914 693 2024 735 una

445 796 572 836 cum
629 778 900 834 fratribus
945 778 1111 841 hisce,
1135 775 1356 831 duobus
1389 772 1684 830 conscendi
1735 785 1866 837 :ac,
1916 770 2024 824 Deo

447 869 693 939 auspice,
725 861 869 922 intra
905 864 1180 922 decimum
1212 865 1356 920 diem
1399 862 1786 933 Carthaginem
1809 859 2026 931 trajeci-

449 976 592 1026 mus,
624 959 1046 1027 invenimusque
1073 971 1303 1027 puerum
1335 955 1392 1008 in
1431 953 1622 1008 Sancti
1647 952 1852 1008 Juliani
1889 960 2024 1008 tem-

449 1052 540 1122 plo
602 1049 828 1106 lectioni
879 1048 1148 1103 intentum
1192 1059 1402 1116 :quem
1439 1053 1566 1115 post
1617 1052 1806 1099 mutua
1851 1041 2024 1098 oﬂicia

451 1142 720 1198 volentem
763 1139 1144 1210 Hierosolyma
1193 1137 1484 1192 nobiscum
1515 1133 1898 1206 perduximus,
1945 1141 2026 1188 at-

449 1249 559 1304 que
587 1233 697 1288 illic
723 1231 812 1288 die
836 1239 1050 1295 sancto,
1081 1228 1176 1300 qui
1207 1227 1528 1282 Dominicus
1553 1225 1738 1280 Novus
1764 1235 1867 1292 est,
1899 1239 2026 1280 san-

453 1335 540 1380 cto
553 1323 970 1392 archiepiscopo
988 1319 1490 1391 Hierosolymorum
1515 1316 1862 1381 tradidimus,
1882 1315 2024 1384 apud

452 1431 612 1487 quem
657 1415 825 1470 vitam
879 1411 1112 1469 instituit
1161 1411 1298 1466 adeo
1343 1415 1614 1464 moratam
1665 1417 1721 1462 et
1761 1406 2024 1460 virtutum

454 1509 692 1580 plenam,
745 1514 808 1562 ut
846 1507 1162 1576 quicunque
1207 1503 1322 1558 illic
1365 1509 1516 1569 sunt,
1561 1514 1794 1572 puerum
1837 1512 2027 1554 omnes

453 1601 819 1657 admirentur.

525 1687 717 1745 XXVI.
757 1687 885 1744 Haec
925 1683 1230 1742 monachus
1276 1683 1551 1756 exposuit,
1583 1683 1784 1752 hisque
1825 1679 2027 1736 auditis

2121 499 2235 560 νεῖς
2281 498 2550 566 ἐγένοντο.
2595 499 2942 565 Διυπνισθεὶς
2983 499 3042 554 δὲ
3087 501 3224 574 αὐτῇ
3249 505 3314 574 τῇ
3341 501 3482 574 ὥρᾳ,
3521 503 3692 574 ἁπῆλ-
3775 560 3779 564 ,

2125 584 2214 639 θον
2245 587 2338 640 ἐπὶ
2367 587 2458 642 τὸν
2486 591 2730 660 ποταμόν
2752 606 2766 620 ο
2803 591 2924 644 κατ’
2948 591 3260 663 οἰκονομίαν
3281 587 3341 644 δὲ
3368 591 3504 646 Θεοῦ
3529 589 3690 663 εῦρον

2125 675 2315 731 πλοῖον
2368 678 2699 749 βουλόμενον
2737 681 3078 736 ἀποπλεῦσαι
3135 685 3228 736 ἐπὶ
3258 683 3544 754 Ἀφρικὴν,
3600 685 3696 738 καὶ

2123 767 2248 830 δοὺς
2289 767 2381 822 τὸν
2419 769 2615 825 ναῦλον
2647 770 2806 842 ἡμῶν
2837 772 3086 842 εἰσῆλθον
3133 773 3273 845 μετὰ
3319 773 3414 827 δύο
3449 771 3693 843 ἀδελφῶν

2124 855 2357 910 τούτων·
2389 857 2485 911 καὶ
2519 861 2812 930 προστάξει
2843 861 2978 915 Θεοῦ
3023 861 3112 916 διὰ
3177 862 3306 916 δέκα
3351 862 3576 936 ἡμερῶν
3614 864 3692 917 δι-

2123 947 2474 1020 επεράσαμεν
2519 950 2579 1005 ὲν
2622 952 2970 1025 Καρθαγένῃ,
3019 953 3113 1008 καὶ
3133 953 3368 1025 εὕρομεν
3403 955 3500 1010 τὸν
3529 957 3697 1010 παῖδα

2125 1039 2185 1091 ὲν
2231 1039 2308 1110 τῷ
2347 1041 2634 1113 μαρτυρίῳ
2675 1041 2771 1096 τοῦ
2827 1042 3014 1114 Ἀγίου
3071 1044 3364 1101 Ἰουλιανοῦ
3424 1047 3695 1116 ἀναγινώ-

2127 1146 2326 1185 σκοντα
2351 1147 2366 1161 ο
2418 1132 2516 1186 καὶ
2577 1135 2954 1207 ἀσπασάμενοι
3017 1138 3199 1208 αὐτὸν,
3263 1139 3526 1212 συνανέϐη
3575 1140 3696 1210 μεῡ⁹

2125 1221 2283 1293 ἡμῶν
2314 1225 2396 1286 είς
2434 1224 2812 1302 Ἰεροσόλυμα,
2849 1229 3074 1282 κάκεῖσε
3115 1229 3280 1285 αὑτὸν
3315 1231 3580 1301 εἰάσαμεν
3629 1235 3693 1299 τῇ

2125 1312 2260 1384 ἁγίᾳ
2308 1313 2562 1387 Κυριακῇ
2599 1318 2666 1388 τῇ
2707 1318 2824 1388 Νέᾳ
2863 1319 3003 1388 μετὰ
3047 1319 3142 1373 τοῦ
3195 1320 3353 1388 άγίου
3409 1322 3696 1391 Μακαρίου

2124 1403 2219 1457 τοῦ
2254 1404 2686 1476 άρχιεπισκόπου
2731 1407 3142 1482 Ἰεροσολύμων,
3199 1412 3314 1481 βίον
3358 1413 3698 1483 κεκτημένον

2127 1493 2422 1566 εὔσχημον,
2452 1497 2548 1552 καὶ
2568 1499 2842 1554 πολιτείαν
2864 1501 3136 1573 ἐνάρετον,
3155 1483 3302 1556 ὥστε
3323 1503 3699 1575 θαυμάζεσθαι

2127 1591 2218 1642 τὸν
2248 1588 2412 1642 παῖδα
2441 1591 2594 1662 παρὰ
2625 1593 2843 1645 πάντων
2879 1591 2990 1647 τῶν
3029 1592 3200 1648 ὄντων
3239 1595 3337 1646 σὺν
3361 1597 3474 1657 τοῖς
3491 1596 3695 1648 ἐκεῖσε.

2197 1679 2342 1746 KG".
2381 1679 2566 1734 Ταῦτα
2581 1682 2882 1754 διηγήσατο
2909 1685 2937 1737 ό
2969 1684 3229 1754 μοναχόςο
3255 1684 3347 1738 καὶ
3371 1683 3700 1747 ἀκούσαντες

457 1780 712 1836 universa
728 1779 969 1834 virorum
996 1791 1062 1833 ac
1087 1775 1378 1830 mulierum
1406 1771 1700 1828 multitudo
1722 1772 1866 1828 elata
1891 1784 2028 1826 voce

2134 1769 2272 1825 ἅπαν
2298 1770 2360 1824 τὸ
2391 1771 2594 1843 πλῆθος
2623 1773 2720 1826 τοῦ
2752 1773 2884 1828 λαοῦ
2928 1775 3136 1846 ἀνδρῶν
3172 1790 3232 1827 τε
3270 1775 3366 1828 καὶ
3403 1777 3700 1843 γυναικῶν,

457 1881 506 1928 el
542 1871 796 1926 manibus
820 1873 890 1926 ad
921 1868 1121 1925 coelum
1147 1864 1404 1936 expansis
1427 1864 1698 1919 clamabat
1725 1881 1739 1916 :
1774 1862 2024 1927 Domine,

458 1965 1161 2032 miserere:magnamque
1207 1959 1574 2028 lacrymarum
1627 1955 1736 2010 vim
1783 1953 2028 2010 effunde-

459 2055 572 2109 bat.
610 2051 834 2108 Charilo
873 2060 1056 2106 autem
1093 2058 1148 2106 et
1193 2063 1335 2103 uxor
1365 2047 1485 2116 ejus
1529 2047 1680 2102 humi
1716 2045 1911 2115 abjccti
1965 2058 2030 2115 ac

457 2159 632 2216 prono
663 2143 815 2198 vultu
841 2151 1101 2213 tanquam
1132 2139 1334 2196 mortui
1359 2139 1644 2208 jacebant;
1679 2153 1816 2207 quos
1838 2152 2030 2191 mona-

459 2238 597 2292 chus
633 2235 897 2290 accedens
930 2231 1104 2286 tenuit
1141 2240 1308 2302 atque
1339 2231 1600 2286 excitavit
1627 2248 1642 2286 :
1675 2229 1918 2299 Surgite,
1947 2228 2030 2282 in-

459 2325 677 2397 quiens,
709 2323 810 2378 filii
848 2321 976 2386 mei,
1007 2331 1062 2376 et
1083 2322 1194 2378 Deo
1220 2321 1411 2376 laudes
1441 2320 1672 2386 reddite,
1705 2320 1796 2390 qui
1835 2333 1932 2374 vos
1963 2319 2031 2372 de

462 2417 559 2471 filii
603 2413 772 2470 vestri
797 2413 909 2468 vita
951 2411 1216 2468 certiores
1251 2411 1400 2476 fecit,
1434 2411 1530 2466 tali
1560 2412 1858 2480 prmsertim
1897 2409 2028 2473 vita,

461 2523 584 2578 quae
612 2504 832 2565 virtutis
867 2512 926 2560 et
957 2503 1180 2575 pietatis
1208 2501 1550 2573 professione
1589 2500 2028 2556 commendatur.

465 2597 730 2664 Subinde,
764 2611 890 2652 cum
923 2610 1020 2652 eos
1045 2595 1335 2665 episcopus
1361 2593 1586 2650 salutari
1611 2593 1768 2662 signo
1802 2593 2032 2647 lustras-

463 2701 565 2758 set,
600 2689 988 2753 consederunt,
1024 2701 1251 2758 magnas
1278 2684 1388 2741 Deo
1415 2685 1602 2740 laudes
1633 2681 1792 2756 [xui]
1823 2693 1876 2738 et
1905 2697 2032 2754 gra-

464 2782 570 2839 tias
600 2780 890 2836 reddentes
935 2777 1245 2833 communis
1273 2775 1518 2831 omnium
1565 2775 1760 2831 salutis
1795 2775 2027 2838 auctori,

465 2874 574 2942 qui'
603 2881 917 2927 sanctorum
961 2871 1205 2924 virorum
1253 2866 1584 2933 ministerio,
1619 2881 1758 2937 quos
1803 2865 2032 2938 singulis

467 2965 718 3021 aetatibus
754 2961 861 3020 sibi
893 2969 1146 3032 acceptos
1175 2959 1388 3027 habuit,
1424 2974 1513 3014 res
1539 2959 1677 3014 adeo
1705 2959 1946 3028 insignes
1969 2972 2032 3013 ac

469 3056 752 3110 mirandas
783 3053 1133 3124 prodidisset.
1181 3050 1354 3106 Mater
1393 3065 1524 3106 vero
1557 3049 1806 3120 Gregorii
1857 3050 2032 3104 abba-

468 3158 576 3204 tem
627 3147 950 3216 alloquens:
977 3142 1212 3210 Charus,
1243 3141 1342 3206 ait,
1387 3141 1576 3211 utique
1609 3139 1721 3195 Deo
1765 3155 1845 3208 es,
1879 3139 2038 3196 Pater

469 3247 681 3303 sancte,
707 3237 798 3293 cui
822 3235 1058 3291 revelata
1089 3234 1346 3304 mysteria
1377 3241 1506 3287 sunt
1526 3247 1647 3302 quae
1677 3233 2038 3286 nos'miseros

467 3331 780 3388 solarentur
806 3347 819 3382 :
845 3326 1050 3380 Vivitne
1091 3339 1223 3380 vero
1259 3323 1402 3379 filius
1444 3338 1618 3388 meus,
1656 3323 1910 3378 domine?
1940 3321 2038 3378 Hic

469 3432 650 3478 autem
699 3439 713 3475 :
752 3418 867 3485 Ναὶ,
907 3417 1104 3488 inquit,
1140 3431 1237 3487 per
1285 3414 1456 3470 Deum
1487 3413 1619 3467 vivit
1659 3423 1715 3469 et
1757 3414 1944 3469 valet:
1976 3429 2040 3470 ac

469 3513 622 3570 vultu
665 3510 884 3582 quidem
917 3516 1196 3579 parentem
1242 3505 1415 3576 ipsius
1445 3504 1729 3558 dominum
1779 3502 2038 3558 Charito-

471 3621 595 3662 nem
643 3607 823 3658 virum
862 3612 1015 3657 tuum
1055 3599 1219 3670 plane
1251 3595 1436 3652 refert.
1475 3593 1610 3650 Nam
1647 3605 1701 3650 et
1733 3596 1850 3666 ipse
1879 3595 2039 3652 rufus

471 3707 575 3766 est,
599 3697 970 3770 pulchrosque
996 3692 1159 3747 habet
1187 3689 1400 3755 oculos,
1430 3688 1722 3758 pulchrum
1752 3703 1836 3754 os,
1861 3688 2040 3757 justas

472 3806 653 3854 nares,
686 3787 906 3859 elegans
947 3782 1326 3856 supercilium,
1360 3779 1502 3834 labia
1545 3779 1892 3834 minuscula:
1921 3780 2041 3833 vul-

473 3892 562 3939 tus
600 3881 818 3950 quidem
859 3876 980 3948 ejus
1017 3889 1235 3945 semper
1267 3873 1564 3938 demissus,
1602 3878 1658 3924 at
1702 3881 1940 3924 mentem
1987 3877 2042 3924 et

471 3972 856 4052 cogitationem
901 3968 971 4024 ad
1014 3966 1184 4022 Deum
1233 3962 1400 4020 refert
1431 3980 1444 4016 :
1477 3965 1532 4016 in
1571 3961 1876 4032 psalmodia
1911 3976 2040 4016 vero

471 4051 659 4120 Suavis
707 4059 1000 4114 admodum
1051 4070 1248 4112 omnes
1299 4053 1473 4109 allicit
1495 4051 1606 4122 (96)
1637 4068 1653 4106 :
1681 4051 1822 4105 idem
1868 4051 2040 4106 acutis

471 4155 698 4210 auribus
729 4166 888 4208 sacra
921 4149 1073 4206 audit
1111 4146 1380 4211 oracula;
1410 4147 1458 4198 sl
1489 4143 1637 4213 quod
1667 4143 1888 4197 verbum
1915 4157 2040 4212 pro-

473 4243 757 4302 ferendum
795 4243 890 4310 sit,
917 4241 1096 4298 lentus
1124 4247 1210 4294 est
1234 4236 1345 4308 (97)
1379 4253 1394 4291 :
1427 4249 1458 4290 a
1489 4234 1632 4305 turpi
1657 4233 1772 4290 risu
1815 4233 2040 4288 omnino

471 4338 731 4405 abstinet,
765 4349 985 4405 semper
1017 4345 1146 4388 vero
1175 4329 1378 4400 optima
1415 4341 1645 4398 qumque
1678 4334 1732 4380 et
1759 4327 2040 4380 immorta-

2127 1856 2272 1932 ἦραν
2297 1863 2376 1926 εἰς
2410 1861 2542 1933 ὕψος
2569 1864 2668 1934 τὴν
2714 1864 2896 1936 φωνὴν
2917 1865 3116 1930 αὐτῶν,
3142 1866 3236 1920 καὶ
3264 1867 3364 1930 τὰς
3403 1871 3588 1937 χεῖρας
3621 1870 3702 1928 είς

2128 1953 2220 2007 τὸν
2235 1954 2463 2025 οὐρανὸν
2485 1955 2884 2021 ἐκπετάσαντες
2899 1955 3128 2027 ἔκραζον
3149 1957 3434 2030 τδ,Κύριε,
3457 1958 3580 2030 ὲλέη
3589 1977 3703 2022 σον,

2133 2045 2276 2116 μετὰ
2310 2047 2558 2117 δακρύων
2588 2047 2824 2104 πολλῶν.
2873 2049 2931 2103 '0
2963 2049 3021 2103 δὲ
3062 2049 3316 2120 Χαρίτων
3363 2052 3456 2104 καὶ
3489 2053 3520 2122 ἡ
3564 2054 3702 2123 γυνὴ

2131 2137 2297 2191 αὐτοῦ
2349 2138 2608 2202 πεσόντες
2654 2141 2828 2210 χαμαὶ
2884 2140 2978 2193 ἐπὶ
3029 2141 3322 2211 πρόσωπον
3369 2140 3579 2195 ἔκειντο
3627 2143 3702 2206 ὡς

2132 2230 2336 2300 νεκροί.
2371 2229 2691 2304 Προσελθὼν
2729 2232 2790 2285 δὲ
2835 2235 2863 2284 ό
2905 2233 3142 2303 μοναχδς
3175 2233 3478 2304 ἐκράτησεν
3508 2237 3704 2298 αὐτοὺς

2133 2321 2246 2400 καὶ.
2281 2321 2560 2393 διήγειρεν
2611 2322 2820 2391 λέγων·
2857 2323 3186 2394 Ἀνάστητε,
3210 2325 3400 2378 τεκνία
3443 2343 3568 2398 μου,
3609 2329 3706 2380 καὶ

2131 2413 2250 2466 δότε
2283 2413 2440 2479 δόξαν
2472 2413 2550 2482 τῷ
2577 2415 2698 2485 Θεῷ
2722 2413 2799 2486 τῷ
2837 2414 3248 2491 ἀποκαλύψαντι
3282 2416 3407 2485 ὖμῖν
3429 2416 3526 2487 τὴν
3559 2416 3706 2488 ζωὴν

2133 2505 2223 2559 τοῦ
2261 2506 2451 2560 τέκνου
2497 2506 2681 2576 ὑμῶν’
2717 2505 2918 2578 μᾶλλον
2949 2506 3006 2560 δὲ
3042 2507 3137 2560 καὶ
3176 2506 3278 2579 τὴν
3315 2508 3569 2579 ἐνάρετον
3608 2512 3707 2563 καὶ

2135 2597 2340 2666 σεμνὴν
2397 2596 2562 2652 αὑτοῦ
2614 2597 2910 2659 πολιτείαν.
2963 2594 3098 2652 Εἶτα
3159 2600 3560 2669 σφραγίσαντος
3609 2601 3705 2654 τοῦ

2133 2688 2432 2743 ἐπισκόπου
2462 2689 2838 2760 ἐκαθέσθησαν
2861 2691 3173 2757 δοξάζοντες
3202 2693 3296 2744 καὶ
3323 2693 3705 2765 εὐχαριστοῦν-

2133 2797 2226 2843 τες
2253 2779 2330 2850 τῷ
2363 2781 2573 2852 Σωτῆρι
2603 2781 2714 2834 τῶν
2735 2781 2869 2834 ὅλων
2897 2781 3014 2852 Θεῷ
3041 2781 3098 2833 ὲν
3129 2783 3314 2846 πᾶσιν,
3338 2783 3414 2852 τῷ
3432 2783 3710 2838 ἀποκαλύ-

2133 2868 2294 2938 ψαντι
2332 2869 2544 2939 μεγάλα
2587 2871 2682 2922 καὶ
2732 2869 3010 2940 θαυμάσια
3044 2868 3134 2940 διά
3181 2870 3290 2922 τῶν
3327 2870 3496 2938 ἁγίων
3540 2869 3707 2924 αὐτοῦ

2134 2967 2244 3020 ⁶τῶν
2277 2967 2399 3021 καθ’
2425 2965 2662 3038 ἑκάστην
2711 2966 2905 3034 γενεάν
2960 2965 3055 3017 καὶ
3096 2964 3290 3033 γενεὰν
3341 2965 3709 3038 εύαρεστηκό-

2138 3075 2246 3111 των
2276 3056 2446 3127 αὐτῷ.
2495 3059 2606 3110 Καὶ
2635 3057 2784 3124 λέγει
2824 3057 2856 3126 ἡ
2913 3059 3095 3126 μήτηρ
3123 3055 3219 3109 τοῦ
3271 3057 3576 3128 Γρηγορίου
3629 3057 3710 3128 τῷ

2150 3145 2352 3217 Ἀϐϐᾷσ
2387 3145 2762 3216 Εὐλογημένος
2820 3141 2870 3198 si
2907 3147 2972 3198 ἐκ
3006 3144 3098 3198 τοῦ
3147 3145 3305 3208 Θεοῦ,
3345 3147 3529 3217 Πάτερ
3571 3148 3708 3213 acte,

2133 3226 2178 3301 ᾧ
2213 3232 2681 3304 ἀπεκαλύφθησαν
2739 3235 3012 3306 μυστήρια
3046 3235 3134 3288 διὰ
3162 3233 3261 3304 τὴν
3291 3235 3448 3306 ἡμῶν
3479 3235 3710 3290 ἐλεεινό-

2134 3343 2294 3396 τητα.
2339 3322 2494 3390 Εἶτα,
2527 3325 2708 3397 κύριε,
2754 3325 2818 3397 ζῇ
2873 3326 2934 3378 τὸ
2962 3326 3152 3380 τέκνον
3181 3343 3318 3397 μου;
3359 3326 3417 3379 '0
3445 3326 3503 3380 δὲ
3524 3366 3542 3392 ,
3575 3326 3708 3392 Ναὶ,

2137 3417 2326 3486 φησὶν,
2367 3416 2454 3469 διὰ
2491 3417 2586 3470 τοῦ
2635 3415 2793 3482 Θεοῦ,
2830 3416 2896 3488 ζῇ
2928 3418 3022 3470 καὶ
3057 3417 3320 3486 ὑγιαίνει·
3351 3418 3710 3488 ἀφωμοίωται

2137 3507 2246 3578 γὰρ
2291 3508 2453 3571 αὐτὸς
2484 3507 2560 3578 τῷ
2610 3508 2723 3574 ἰδίῳ
2763 3510 2932 3579 πατρὶ
2983 3506 3061 3578 τῷ
3109 3509 3261 3578 κύριε)
3310 3505 3584 3579 Χαρίτωνι
3629 3509 3710 3578 τῷ

2137 3599 2292 3670 ἀνδρί
2337 3615 2430 3652 σου
2457 3615 2472 3629 ο
2520 3600 2668 3652 ἐστιν
2714 3599 2824 3670 γάρ
2873 3600 3129 3662 κάκεῖνος
3167 3599 3517 3670 πυρῤοκίζων
3567 3601 3708 3670 μετὰ

2137 3691 2369 3752 κάλλους
2409 3689 2726 3760 ὀφθαλμῶν,
2799 3687 3093 3761 εὔστομος,
3133 3688 3364 3760 εῦρινος,
3412 3689 3707 3760 κολόφρυς,

2143 3781 2671 3854 μικρόχειλος,κάτω
2691 3781 2862 3836 νεύων
2889 3783 2996 3850 ἀεὶ,
3031 3782 3141 3836 ἂνω
3156 3781 3214 3834 δὲ
3243 3781 3368 3844 τοὺς
3396 3781 3710 3852 ὀφθαλμοὺς

2137 3877 2238 3946 τῆς
2270 3876 2498 3946 καρδίας
2529 3875 2663 3947 πρὸς
2700 3875 2791 3928 τὸν
2813 3874 2946 3928 Θεδν
2967 3875 3127 3944 ἔχων,
3161 3875 3289 3944 ἡδὺς
3319 3874 3377 3928 δὲ
3410 3875 3506 3928 καὶ
3532 3874 3710 3946 χαλώ-

2143 3983 2304 4036 μενος
2347 3970 2404 4020 ὲν
2449 3969 2516 4037 τῇ
2567 3966 2861 4038 ψαλμῳδίᾳ
2907 3967 3134 4038 σφόδρα,
3167 3965 3348 4031 ὀξείας
3391 3966 3491 4030 τὰς
3537 3968 3711 4030 ἀκοάς

2139 4059 2280 4128 ἔχων
2323 4060 2382 4111 ἐν
2421 4059 2500 4130 τῷ
2532 4059 2751 4114 ἀκούειν
2782 4059 2852 4114 τὰ
2885 4059 3056 4130 σεμνὰ
3097 4059 3275 4127 λόγια,
3305 4059 3505 4131 βραδὺς
3537 4061 3620 4122 είς
3649 4061 3713 4112 τὸ

2138 4154 2372 4225 λαλῆσαι
2421 4156 2529 4209 πᾶν
2587 4155 2756 4225 ῥῆμα,
2803 4155 3038 4222 γέλωτος
3093 4153 3322 4226 αἰσχροῦ
3351 4154 3710 4225 ,ἀπεχόμενος

2142 4243 2445 4309 παντελῶς,
2476 4243 2546 4298 τὰ
2580 4242 2705 4296 λίαν
2733 4242 2914 4312 ἀγαθὰ
2946 4245 3040 4296 καὶ
3063 4243 3318 4315 ἄφθαρτα
3350 4243 3434 4296 ἀεὶ
3469 4245 3562 4296 ἐπὶ
3590 4243 3712 4302 στό-

2143 4351 2314 4406 ματος
2343 4335 2514 4404 ἔχωνο
2549 4335 2628 4398 εἰς
2650 4335 2826 4406 ἄκραν
2856 4333 3091 4407 ἄσκησιν
3119 4337 3308 4390 ἑαυτὸν
3331 4335 3542 4402 ἐκδοὺς,
3579 4335 3711 4389 ὐπο-

471 4432 544 4487 lia
577 4432 633 4486 in
671 4444 768 4484 ore
813 4426 982 4482 habet
1010 4443 1024 4479 :
1058 4422 1303 4478 animum
1333 4433 1549 4475 summo
1593 4417 1772 4474 studio
1798 4426 2033 4485 exercet,

2143 4429 2312 4500 μονήν
2337 4443 2396 4480 τε
2429 4427 2768 4498 κεκτημένος
2799 4426 3026 4499 πολλήν.

471 4520 732 4594 patientia
765 4517 934 4588 pollet
957 4512 1247 4584 singulari.

540 4608 755 4666 XXVII.
800 4607 924 4662 Htec
956 4606 1172 4676 aliaque
1201 4605 1372 4660 multa
1409 4619 1529 4660 cum
1560 4603 1910 4674 exposuisset
1941 4603 2040 4657 ah-

471 4707 592 4771 bas,
621 4711 733 4759 tota
777 4700 1032 4758 convenit
1070 4699 1288 4762 civitas,
1323 4706 1386 4754 ut
1416 4696 1526 4752 Deo
1573 4696 1761 4751 laudes
1795 4697 2043 4750 redderet

470 4799 543 4853 ob
583 4811 644 4850 ea
691 4795 900 4857 omnia,
933 4806 1058 4862 quae
1108 4791 1178 4844 ab
1219 4790 1313 4844 illo
1359 4789 1641 4854 audierat;
1683 4787 1868 4856 itaque
1897 4787 2038 4842 diem

473 4902 705 4958 exegere
750 4886 944 4940 ltetitiae
973 4884 1214 4960 plenum,
1255 4889 1310 4936 et
1340 4881 1468 4950 quia
1513 4878 1830 4950 Giegorium
1863 4880 2042 4934 vivere

474 4989 864 5058 COgnoverant,
897 4986 950 5034 et
975 4979 1103 5050 quia
1130 4988 1384 5050 parentes
1406 4975 1526 5046 ejus
1555 4976 1706 5046 gravi
1735 4990 2042 5047 magnaque

471 5087 602 5130 cura
649 5073 909 5128 liberatos
953 5070 1350 5141 intelligebant.
1399 5068 1523 5122 Mox
1585 5083 1736 5133 vero,
1785 5078 1843 5122 ut
1883 5069 2041 5138 quies

471 5171 762 5218 consecuta
791 5171 897 5228 est,
928 5171 984 5218 et
1028 5177 1185 5218 sacra
1223 5161 1484 5234 mysteria
1527 5169 1744 5232 peracta
1779 5170 1928 5228 sunt,
1959 5160 2040 5215 ci-

541 5342 652 5415 (96)
693 5342 967 5413 Scriptum
994 5341 1068 5415 in
1103 5353 1336 5415 utroque
1366 5340 1851 5415 cod._tta.)._6ttevo;,
1893 5340 2038 5411 quod

469 5410 869 5486 ntide_sit._aut
911 5413 1044 5484 quid
1089 5410 1556 5486 significet,__mihi
1594 5410 1752 5486 plane
1795 5410 2038 5482 ignotum

465 5495 570 5543 est.
606 5483 859 5540 Mendum
894 5483 1026 5540 vero
1061 5483 1184 5540 esse
1217 5499 1248 5538 a
1299 5483 1482 5538 scriba
1529 5483 1766 5552 arbitror
1797 5496 1897 5551 pro
1939 5497 2042 5552 χα-

467 5555 710 5626 λώμενον
741 5570 772 5610 a
801 5554 1006 5625 χαλάω,
1039 5557 1188 5619 laxo,
1218 5553 1364 5626 quod
1404 5561 1458 5608 et
1489 5550 1826 5626 ad__animum
1863 5550 2042 5626 trans-

468 5618 660 5689 fertur,
696 5635 755 5680 ut
798 5618 870 5681 sit
906 5618 1520 5693 recreare,c:i:hilarare.
1555 5618 1732 5692 Χαλᾷν
1765 5621 1826 5693 τὸ
1857 5622 2040 5693 μέτω-

469 5709 591 5758 πον,
625 5688 887 5764 οερίίεατε
911 5697 1138 5766 frontem
1153 5688 1308 5752 dixit
1338 5688 1734 5764 Aristophanes
1780 5692 1834 5745 in
1860 5688 2034 5760 ’l’esp.

2212 4609 2340 4661 KZ'.
2365 4605 2552 4662 Ταῦτα
2575 4607 2634 4662 δὲ
2658 4608 2753 4660 καὶ
2780 4605 2918 4662 ἄλλα
2938 4605 3108 4660 πολλὰ
3134 4605 3546 4677 ἐξηγησάμενος
3573 4607 3602 4661 ό
3623 4603 3714 4658 ἀΰ.

2144 4699 2272 4764 ϐᾶς,
2306 4699 2562 4770 συνήχθη·
2577 4700 2728 4752 πᾶσα
2759 4699 2792 4768 ἡ
2821 4697 2975 4762 πόλις
3007 4697 3324 4764 δοξάζοντες
3343 4698 3433 4750 τὸν
3457 4697 3590 4750 Θεὸν
3618 4697 3715 4750 ἐπὶ

2144 4793 2310 4846 πᾶσιν
2338 4786 2419 4853 οἷς
2447 4792 2688 4861 ἡκουσαν
2717 4791 2848 4862 παρ’
2875 4789 3038 4842 αὑτοῦ
3080 4789 3243 4844 άὸδᾶ.
3287 4791 3533 4857 Ἐγένετο
3571 4789 3716 4859 χαρὰ

2145 4881 2356 4952 μεγάλη
2395 4883 2453 4934 ὲν
2482 4883 2547 4952 τῇ
2583 4883 2736 4935 πόλει
2763 4884 2820 4934 ὲν
2851 4883 2916 4952 τῇ
2951 4881 3132 4952 ἡμέρᾳ
3175 4880 3360 4951 ἐκείνῃ
3410 4880 3500 4932 διά
3525 4897 3583 4932 τε
3621 4882 3712 4932 τὶν

2143 4973 2182 5025 Γ
2187 4972 2442 5042 ρηγόριον
2473 4971 2826 5036 ἀκούσαντες,
2869 4971 2952 5024 ὅτι
2995 4970 3086 5042 ζῇ,
3134 4969 3295 5023 πάλιν
3326 4970 3383 5022 δὲ
3429 4971 3512 5024 ὅτι
3543 4987 3638 5024 κσι
3662 4971 3713 5020 οἱ

2142 5066 2319 5133 γονεῖς
2345 5063 2509 5118 αὐτοῦ
2543 5064 2936 5134 ἀπηλλάγησαν
2969 5064 3078 5117 ἀπὸ
3102 5062 3300 5134 πολλῆς
3342 5065 3436 5117 καὶ
3469 5064 3712 5133 μεγάλης

2143 5155 2398 5226 θλίψεως.
2448 5151 2582 5210 Εἶτα
2631 5156 2932 5228 γενομένης
2967 5156 3222 5226 ἡσυχίας,
3262 5155 3356 5210 καὶ
3401 5155 3500 5223 τὴν
3550 5154 3714 5223 ἁγίαν

2143 5337 2294 5404 inde,
2319 5337 2577 5406 χαλαρός,
2597 5337 2749 5400 lenis,
2781 5335 2924 5406 apud
2957 5331 3204 5406 Suidam.
3256 5331 3530 5387 Cmterum
3571 5329 3712 5384 infra

2142 5403 2396 5464 etiam'n.
2429 5403 2518 5469 Si,
2547 5403 2964 5476 scriptum'erat
2995 5403 3320 5476 καλόμενον.
3447 5469 3471 5476 Δ
3574 5429 3641 5476 Δ*ι

2215 5476 2324 5558 ριξῖ)
2366 5478 2498 5558 Gelo
2545 5477 2580 5530 ε
2626 5469 2954 5558 trahat-lc
3004 5473 3070 5558 ab.
3107 5469 3343 5558 λὲιλῆσέι
3395 5469 3712 5558 πάι.ίέῆμα

2143 5539 2367 5617 φαῦλον.
2414 5545 2513 5600 Vix
2559 5539 2956 5615 repudiandum
3005 5543 3151 5598 istud
3197 5539 3401 5617 φαῦλον
3452 5539 3710 5596 videtur:

2143 5613 2342 5673 melius
2369 5617 2514 5670 enim
2553 5613 2942 5684 reépondeant,
2973 5628 3094 5685 qua:
3124 5613 3288 5684 paulo
3313 5621 3436 5681 post
3473 5625 3714 5681 sequun-

2145 5697 2254 5758 tur,
2293 5687 2362 5741 τὰ
2382 5687 2504 5742 λίαν
2529 5685 2726 5756 ἀγαθά,
2768 5695 2873 5741 etc.
