4104 6262
383 246 484 308 599
1377 249 1436 308 s.
1475 247 1849 309 GREGORII
1905 248 2414 310 AGRIGENTINI
2452 250 2650 311 ιἰΤΑ.
3525 259 3632 324 ειη

381 354 914 425 Constantinopolim
946 352 1224 424 profectus
1257 361 1358 407 cst.
1401 352 1518 419 Qua
1568 355 1621 406 in
1651 355 1784 408 urbe
1810 352 1953 422 apud

2076 371 2222 416 ιενος
2247 353 2356 407 τῶν
2397 355 2592 425 Ἀγίων
2625 357 2851 430 Σεργίου
2883 358 2975 414 καὶ
3000 361 3236 434 Βάκχου.
3268 365 3504 422 Κάκεῖσε
3537 367 3630 424 εὗο

383 448 700 518 praelectum
733 447 1050 502 monasterii
1081 445 1407 500 Sanctorum
1437 445 1613 516 Sergii
1653 454 1707 500 et
1751 445 1950 500 Bacchi

2076 445 2166 498 >c‘ov
2193 445 2294 509 τὰς
2325 445 2540 516 βίϐλους
2569 447 2662 502 τοῦ
2691 451 2748 505 ὲν
2773 451 2952 520 ἁγίοις
2998 456 3210 527 Πατρδς
3253 459 3285 526 ἡ
3296 457 3411 528 μῶν
3451 456 3634 514 Ἰωάν-

387 542 684 612 hospitium
717 539 927 595 invenit
954 539 1052 611 (9).
1101 539 1328 605 ibidem,
1392 555 1517 594 cum
1569 538 1743 594 sancti
1779 537 1952 612 [τινι]

2076 553 2147 590 ιου
2177 536 2272 590 τοῦ
2303 539 2717 610 Χρυσοστόμου,
2765 542 2862 596 καὶ
2895 544 3066 608 αὑτὰς
3089 545 3375 610 διεξελθὼν
3401 547 3428 598 ὁ
3459 550 3637 618 μοικὰ-

386 635 564 691 Patris
594 634 768 688 nostri
792 632 1020 688 Joannis
1037 632 1411 704 Chrysostomi
1444 632 1613 688 libros
1639 633 1950 701 reperisset,

383 743 588 799 eosque
615 728 906 798 diligenter
932 726 1316 796 percurrisset,
1351 726 1417 780 de
1447 741 1505 781 se
1535 727 1654 795 ipso
1683 725 1954 794 quereba-

386 829 496 886 tur,
524 829 614 876 et:
641 819 754 875 Heu
783 835 870 874 me
902 820 1183 886 miserum,
1211 819 1409 885 aiebat,
1439 819 1568 890 quid
1587 832 1688 889 ego
1712 813 1906 872 faciam
1932 819 1958 870 Ἰ

384 927 496 981 quo
529 920 688 982 pacto
717 911 1094 968 fraudulentas
1146 911 1356 965 inimici
1410 910 1771 982 cogitationes
1816 908 1955 965 cll‘u-

388 1003 572 1073 giam?
597 1003 873 1072 quomodo
893 1003 960 1058 de
989 1012 1069 1059 tot
1093 1005 1194 1058 viri
1225 1003 1388 1073 hujus
1420 1003 1640 1060 invictis
1661 1004 1956 1060 virtutibus

387 1109 581 1164 parare
614 1094 746 1148 mihi
783 1094 992 1164 aliquot
1017 1093 1266 1165 possim?
1311 1101 1366 1148 at
1407 1094 1656 1164 profecto
1703 1095 1958 1166 indignus

384 1200 486 1255 ego
515 1200 660 1251 sum,
696 1186 789 1254 qui
854 1194 1129 1240 tantorum
1190 1183 1312 1253 ejus
1376 1192 1596 1254 tamque
1660 1183 1954 1238 illustrium

385 1284 532 1330 recte
596 1275 866 1331 factorum
927 1277 1153 1346 vestigia
1223 1276 1551 1346 subsequar.
1605 1275 1719 1330 lloc
1774 1289 1955 1332 tamen

385 1368 611 1435 supplex
661 1382 755 1436 per
789 1365 968 1422 Patris
1003 1367 1164 1434 hujus
1201 1365 1677 1420 mansuetudinem
1715 1381 1744 1418 a
1773 1366 1960 1436 singu-

386 1458 488 1512 lari
547 1457 640 1513 Dei
691 1473 819 1528 erga
881 1472 982 1513 nos
1043 1457 1419 1512 misericordia
1479 1466 1604 1526 peto
1639 1470 1803 1528 atque
1859 1459 1960 1512 im-

391 1549 548 1618 ploro
581 1589 596 1614 ,
650 1559 710 1603 ut
766 1549 835 1604 iis
893 1549 1160 1618 ignoscat,
1215 1563 1338 1618 qua:
1399 1563 1548 1603 ante
1586 1548 1835 1618 quotidie
1861 1549 1958 1604 ad-

391 1640 682 1693 mittuntur
717 1640 854 1707 (10).

2056 643 2170 697 ριοε,
2198 627 2516 700 Γρηγόριος,
2559 631 2751 685 ἑαυτὸν
2780 633 3083 700 ταλανίζων
3115 635 3302 705 ἔλεγεν
3322 651 3338 667 ⁹
3373 637 3562 709 Οἴμοιί
3583 640 3636 692 τί

2056 715 2248 786 πράξω
2277 719 2304 769 ὁ
2332 718 2498 782 τάλας
2527 719 2673 788 syth;
2704 722 2821 786 πῶς
2851 723 3064 794 δυνηθῶ
3093 725 3200 797 ἄρα
3245 728 3505 796 ἐκφυγεῖν
3535 727 3636 791 τὰς

2053 807 2148 860 τοῦ
2188 807 2382 880 ἐχθροῦ
2409 812 2773 881 κακοτέχνους
2803 816 3084 884 ἑπινοίαςς
3135 817 3252 880 πῶς
3281 817 3495 888 δυνηθῶ
3532 836 3635 872 κα-

2055 899 2312 954 ταλαϐεῖν
2341 902 2406 955 ὲκ
2436 901 2546 956 τῶν
2579 903 2789 957 πολλῶν
2818 907 2981 960 αὑτοῦ
3013 907 3108 962 καὶ
3129 909 3466 964 ἀνεικάστων
3505 910 3636 981 ἀρε-

2055 995 2183 1060 τῶν,
2239 995 2344 1050 κᾶν
2391 997 2458 1050 ὲκ
2502 997 2612 1064 τῶν
2653 1000 2862 1070 μυρίων
2897 1002 3084 1070 ὀλίγας
3131 1003 3469 1078 κτήσασθαις
3521 1005 3635 1058 ἀλλ’

2056 1087 2206 1158 ὅμως
2237 1088 2337 1142 οὐκ
2368 1091 2484 1158 εἰμὶ
2512 1090 2660 1155 ἄξιος
2693 1092 2803 1146 τῶν
2842 1093 3114 1147 τοσούτων
3144 1096 3306 1149 αὑτοῦ
3339 1099 3432 1150 καὶ
3467 1098 3638 1168 μεγά-

2057 1177 2166 1232 λων
2231 1181 2673 1250 κατορθωμάτων
2729 1184 3094 1248 ἐπακόὶουθος
3150 1187 3424 1254 γενέσθαι.
3498 1188 3634 1242 Ἀλλ’

2062 1270 2291 1322 ἱκετεύω
2322 1273 2412 1324 καὶ
2445 1272 2679 1326 δυσωπῶ
2714 1276 2804 1326 τὸν
2833 1277 3244 1347 φιλοικτίρμονα
3287 1279 3420 1331 Θεὸν
3454 1281 3631 1352 ἡμῶν,

2060 1360 2154 1412 καὶ
2179 1359 2346 1414 αὑτοῦ
2391 1361 2484 1414 τοῦ
2535 1363 2746 1436 Πατρδε
2779 1366 2840 1417 τὸ
2870 1368 3062 1434 πρᾶον.
3111 1369 3258 1431 ὅπως
3309 1373 3638 1444 συγχωρήσῃ

2059 1449 2128 1502 τὰ
2159 1452 2289 1524 παρ’
2319 1453 2454 1523 ἐμοῦ
2484 1456 2836 1526 πραττόμενα
2875 1457 2996 1511 καθ’
3028 1459 3264 1530 ἑκάστην
3293 1462 3526 1531 ἡμέραν.

459 1727 652 1781 XXXI.
693 1734 764 1781 At
815 1743 942 1783 vero
1003 1727 1297 1799 praefectus
1329 1771 1344 1796 ,
1408 1745 1532 1785 cum
1571 1730 1818 1800 quotidie
1887 1731 1958 1787 ob

2135 1733 2260 1790 AA'.
2323 1734 2559 1808 Θεωρῶν
2600 1735 2658 1790 δὲ
2700 1738 2729 1790 ὁ
2771 1737 3076 1808 ἡγούμενος
3121 1739 3184 1793 τὸ
3235 1740 3492 1810 ἐπίμονον
3539 1741 3638 1813 τῆς

389 1821 579 1876 oculos
627 1820 850 1873 haberet
894 1829 1236 1874 constantem
1289 1820 1527 1876 hominis
1591 1822 1960 1889 tolerantiam,

390 1909 711 1978 psalmodiae
733 1908 1074 1963 suavissimae
1100 1909 1427 1964 hilaritatem
1453 1948 1469 1972 ,
1517 1925 1746 1964 summae
1791 1911 1965 1966 absti-

391 2003 589 2056 nentiae
619 2001 861 2056 studium
889 2019 903 2056 :
928 2002 1128 2071 quippe
1159 2001 1554 2057 hebdomadem
1588 2013 1755 2058 totam
1793 2019 1965 2073 usque

391 2093 458 2145 ad
501 2092 799 2146 Sabbatum
832 2092 1059 2162 jejunus
1088 2093 1445 2162 perdurabat,
1478 2109 1543 2150 ac
1592 2095 1825 2150 subinde
1851 2097 1966 2151 ole-

394 2185 548 2239 ribus
597 2193 652 2238 et
708 2185 822 2240 sale
889 2193 1181 2241 contentus
1235 2197 1384 2240 erat:
1461 2196 1575 2241 tum
1647 2186 1964 2243 divinarum

393 2272 725 2330 Litterarum
774 2275 1186 2332 meditationem
1236 2287 1642 2349 perpetuasque
1713 2279 1964 2350 vigilias;

397 2370 510 2422 lucc
535 2367 719 2422 omnia
763 2367 830 2422 ad
882 2368 1358 2438 archiepiscopum
1399 2369 1968 2440 Constantinopolita-

397 2471 526 2510 nnm
557 2457 744 2512 retulit
775 2455 910 2528 (ll),
939 2472 1177 2527 eumque
1214 2459 1296 2512 sic
1343 2468 1430 2513 est
1455 2459 1767 2515 allocutus:
1805 2461 1968 2517 Pater

399 2549 943 2620 venerande,bospes
967 2551 1192 2621 quidam
1214 2552 1479 2608 diaconus
1498 2554 1552 2607 in
1569 2556 1966 2611 monasterium

397 2655 582 2696 meum
613 2642 834 2696 advenit
868 2641 1072 2697 eximio
1095 2641 1256 2715 plane
1298 2651 1522 2713 aspectu
1546 2683 1562 2708 ,
1624 2645 1719 2700 sed
1752 2633 1970 2704 viriutis

399 2733 742 2802 professione
788 2735 953 2790 etiam
1001 2733 1173 2806 magis
1205 2735 1556 2804 spectandus,
1598 2737 1818 2806 sapiens
1861 2738 1972 2794 lec-

400 2823 535 2880 tioni
561 2823 824 2886 intentus,
847 2823 1156 2878 divinarum
1177 2822 1508 2879 Litterarum
1543 2825 1812 2894 interpres
1837 2826 1971 2883 adeo

400 2913 594 2989 [ιινιι]
637 2916 930 2982 excellens,
975 2925 1036 2971 ut
1070 2931 1190 2972 meo
1221 2916 1441 2988 quidem
1466 2916 1678 2987 judicio
1705 2933 1803 2987 par
1843 2917 1972 2974 huic

2066 1826 2380 1898 καρτερίας,
2399 1827 2494 1880 καὶ
2518 1827 2578 1880 τὸ
2601 1827 2699 1899 ἡδὺ
2727 1829 2821 1881 καὶ
2848 1827 3160 1899 χαλώμενον
3175 1829 3274 1900 τῆς
3303 1829 3636 1901 ψαλμῳδέας,

2067 1915 2230 1974 eam
2273 1918 2331 1972 δὲ
2361 1918 2461 1988 τῆς
2496 1919 2674 1990 ἄκρας
2709 1920 3067 1992 ἐγκρατείας·
3098 1921 3197 1994 τὴν
3229 1921 3338 1993 γὰρ
3371 1924 3642 1996 ἑϐδομάδα

2063 2011 2356 2082 ὀλόκληρον
2415 2011 2667 2066 ἀπετέλει
2722 2013 2796 2084 μὴ
2853 2013 3148 2083 γενόμενος
3193 2015 3332 2078 ὅλως
3391 2015 3496 2080 ἕως
3544 2015 3640 2070 τοῦ

2065 2099 2368 2163 Σαδδάτου,
2399 2100 2496 2154 καὶ
2541 2100 2701 2155 τοῦτο
2728 2101 2982 2172 λαχάνοις
3022 2103 3182 2173 μόνον
3227 2103 3652 2175 ὲπαρκούμειιος-

2068 2197 2159 2248 καὶ
2189 2195 2345 2250 ἅλατι
2372 2213 2382 2225 ·
2414 2193 2537 2252 εἶτα
2567 2198 2728 2252 πάλιν
2752 2201 2900 2276 ὲνιτῇ
2939 2199 3138 2274 μελέτῃ
3171 2201 3280 2254 τῶν
3314 2201 3474 2254 θείων
3499 2201 3641 2271 Γρα-

2068 2288 2183 2356 φῶν
2215 2288 2488 2358 σχολάζων
2527 2289 2615 2343 ἀεὶ
2651 2290 2746 2344 καὶ
2776 2290 2836 2344 τὸ
2868 2291 3146 2362 ἄγρυπνον
3189 2291 3354 2347 αὐτοῦ
3388 2291 3639 2356 πάντοτε,

2065 2378 2388 2450 ἀνήγγειλεν
2435 2379 2505 2432 τὰ
2556 2381 2678 2434 κατ’
2720 2381 2886 2434 αὑτοῦ
2937 2383 2966 2435 ὁ
3017 2381 3318 2453 ἡγούμενος
3362 2383 3440 2450 τῷ
3481 2383 3640 2454 ἁρχι-

2067 2455 2354 2541 επισκότέῳ
2387 2473 3030 2538 Κωνσταντινουπόλεως,
3053 2473 3226 2543 λέγων
3251 2474 3396 2545 αὐτῷ
3417 2491 3431 2506 ο
3464 2473 3642 2546 Πάτερ

2067 2560 2237 2630 τίμια,
2270 2563 2610 2634 κατήντησεν
2658 2565 2716 2617 ἐν
2745 2564 2824 2636 τῷ
2857 2566 3202 2636 μοναστηρίῳ
3239 2583 3340 2636 μου
3385 2565 3532 2631 ξένος
3558 2583 3642 2630 τις

2068 2653 2313 2717 διάκονος
2355 2655 2498 2708 πάνυ
2536 2655 2738 2726 ὡραῖος
2775 2659 2840 2728 τῇ
2869 2656 2986 2728 θέᾳ,
3019 2659 3182 2712 πάλιν
3205 2658 3260 2711 δὲ
3294 2659 3385 2712 καὶ
3412 2659 3644 2728 ἄσκησιν

2069 2743 2208 2816 ἔχων
2239 2745 2336 2799 καὶ
2379 2744 2493 2816 βίον
2525 2747 2798 2818 ἐνάρετον,
2831 2748 2993 2818 σοφὸς
3025 2748 3081 2802 δὲ
3122 2750 3217 2803 καὶ
3259 2752 3317 2804 ὲν
3351 2750 3471 2812 ταῖς
3510 2750 3642 2802 ἀνα-

2069 2835 2340 2906 γνὼσεσιν
2417 2841 2695 2910 προσέχων
2760 2841 2856 2895 καὶ
2927 2840 3245 2912 ἑρμηνεύων
3333 2841 3432 2904 τὰς
3494 2840 3646 2905 θείας

2072 2927 2334 2997 Γραφὰς,
2392 2929 2468 2993 ὼς
2517 2931 2642 3000 ἐμοὶ
2691 2931 2869 2994 δοκεῖ,
2923 2931 3000 3003 μὴ
3059 2931 3412 3004 εὑρίσκεσθαι
3459 2931 3646 3002 ἔτερόν

399 3007 540 3061 alter
566 3005 798 3060 inveniri
831 3005 990 3062 hodie
1025 3005 1081 3060 in
1125 3005 1236 3092 hac.
1261 3007 1397 3061 urbe
1439 3021 1550 3061 non
1595 3007 1790 3075 possit,
1817 3014 1972 3076 post.

2076 3035 2200 3074 τινα
2243 3021 2484 3090 σήμερον
2539 3022 2598 3074 ἐν
2639 3023 2706 3092 τῇ
2748 3021 2902 3074 πόλει
2942 3021 3134 3094 ταύτῃ.
3171 3024 3272 3076 οὐκ
3310 3018 3448 3084 οἶδα,
3479 3024 3529 3077 εί
3569 3023 3646 3095 μὴ

402 3114 568 3170 quam
599 3114 794 3170 nempe
817 3113 1034 3154 sacram
1067 3097 1226 3155 istam
1259 3099 1610 3170 divinamque
1639 3100 1970 3169 sapientiam

2078 3109 2175 3164 σοῦ
2203 3111 2370 3164 αὐτοῦ
2394 3113 2426 3183 ή
2457 3111 2576 3164 θεία
2604 3113 2696 3166 καὶ
2732 3113 2852 3185 ἱερὰ
2879 3113 3063 3183 σοφία.
3093 3113 3280 3168 Ταῦτα
3303 3114 3362 3168 δὲ
3398 3114 3644 3179 ἀκούσας

404 3202 552 3247 tuam
585 3191 982 3261 exceperimus.
1028 3191 1156 3247 Haec
1185 3206 1314 3247 vero
1366 3199 1426 3246 ut
1465 3191 1672 3246 audivit
1707 3192 1976 3262 archiepi-

403 3297 627 3352 scopus,
667 3281 900 3336 miriﬁce
945 3281 1160 3336 laetatus
1211 3289 1318 3343 est,
1351 3295 1416 3336 ac
1463 3280 1722 3350 praelecto
1755 3297 1982 3352 respon-

402 3375 541 3429 dens
573 3391 588 3427 :
622 3373 936 3440 Habemus,
987 3372 1200 3443 inquit,
1240 3372 1328 3428 hic
1369 3373 1620 3428 homines
1661 3375 1976 3444 sapientes:

405 3471 507 3525 hos
529 3469 596 3526 ad
629 3477 679 3524 te
709 3470 1012 3534 mittemus,
1043 3477 1122 3536 ut,
1149 3477 1444 3539 antequam
1477 3470 1568 3525 ille
1599 3471 1736 3526 sciat
1765 3487 1792 3526 a
1822 3472 1979 3528 nobis

405 3561 606 3618 missos
657 3575 812 3626 esse,
871 3574 1098 3617 causam
1159 3559 1262 3630 ipsi
1325 3560 1565 3630 aliquam
1621 3573 1980 3631 praetexentes

405 3655 754 3722 conveniant,
798 3669 862 3713 ac
895 3669 1206 3712 sermonem
1237 3669 1363 3710 cum
1395 3669 1462 3711 eo
1503 3655 1759 3729 habeant,
1793 3657 1979 3731 itaque

479 3827 554 3898 (9)
579 3825 814 3883 Causam
849 3828 894 3882 si
927 3842 1163 3897 quaeras,
1202 3842 1304 3883 cur
1337 3826 1633 3898 Gregorius
1675 3828 1730 3882 in
1761 3828 1814 3884 id
1856 3843 1978 3884 mo-

407 3899 728 3961 nasterium,
770 3912 882 3967 pra:
925 3899 1069 3963 aliis,
1099 3914 1222 3967 quae
1251 3899 1420 3953 multa
1468 3909 1623 3953 erant
1661 3900 1978 3954 Constanti-

408 3967 614 4037 lmpoli,
645 3968 946 4032 diverterit,
983 3967 1306 4038 Itazcil‘uisse
1346 3968 1582 4032 videtur,
1618 3971 1763 4038 quod
1801 3969 1976 4022 Latini

407 4041 549 4110 ritus
587 4046 641 4091 et
677 4039 1079 4110 monachorunr
1104 4037 1477 4110 Romanorum
1508 4037 1649 4094 erat.
1690 4037 1745 4092 In
1794 4039 1980 4110 ﬁynao

412 4108 601 4174 xariis,
636 4115 694 4161 ut
727 4107 1005 4178 adnotavit
1041 4107 1281 4178 Cangi‘us
1303 4107 1744 4178 _(Constarttinop.
1776 4107 1977 4162 Christ.

411 4180 505 4232 Ib.
530 4192 605 4242 tv,
636 4193 689 4230 n.
724 4176 813 4245 88)
851 4179 917 4232 ad
948 4176 1016 4232 l2
1046 4176 1250 4232 mellitis
1301 4176 1476 4230 Martii
1529 4178 1581 4230 in
1641 4177 1761 4231 Vita
1804 4180 1978 4232 sancti

411 4247 781 4316 Theophanis,
825 4245 1130 4302 Hormisda:
1157 4247 1535 4300 monasterium
1565 4248 1894 4316 appellatur,
1925 4255 1980 4302 et

413 4321 576 4388 situm
611 4316 810 4388 dicitur
839 4333 1008 4388 prope
1041 4317 1329 4388 palatium,
1355 4331 1550 4388 nomen
1585 4319 1704 4388 loco
1732 4317 1801 4372 ab
1839 4317 1978 4371 Ilur-

415 4387 590 4440 tnisda
627 4386 856 4456 Saporis
882 4389 1026 4457 regis
1058 4386 1351 4457 Persarum
1383 4386 1572 4457 l'ratre,
1604 4386 1700 4456 qui
1748 4402 1806 4442 se
1833 4389 1978 4442 Coa-
2013 4394 2055 4448 ι)

415 4457 825 4528 staptjnopolitn
861 4456 1145 4528 receperat
1167 4456 1490 4528 _(Amm_ian.
1532 4457 1570 4528 li.
1630 4472 1743 4518 λγι,
1776 4473 1835 4528 ιι.
1868 4458 1978 4528 17).

415 4527 520 4582 Sed
547 4521 869 4596 Pref-cpias.
894 4521 1276 4596 qui'templum
1297 4540 1330 4578 a
1359 4521 1668 4596 Iustiniano
1697 4521 1981 4582 conditum

414 4597 578 4650 tradit
607 4595 707 4666 (De
726 4594 878 4666 ἀπιεῖ.
915 4594 1064 4649 Just.
1107 4595 1144 4649 Ι.
1203 4609 1243 4660 ι,
1275 4611 1328 4650 c.
1389 4595 1470 4663 4),
1530 4597 1664 4649 nihil
1708 4597 1860 4650 addit
1915 4599 1982 4653 de

415 4667 790 4738 monasterio,
839 4668 1199 4738 etutempi'nm
1258 4675 1596 4738 esstructum
1639 4667 1797 4738 dicit,
1832 4669 1984 4738 παρὰ

313 4792 318 4798 ,
411 4737 515 4806 τὴν
551 4725 814 4816 βασιλέως
845 4725 1105 4816 αυλῂνςή
1151 4733 1444 4816 Ὀρμισδρυ
1469 4725 1795 4816 castellatim
1833 4725 1984 4816 ἐρ’ιῶ-

356 4850 360 4854 .
415 4801 585 4874 νόμος
620 4801 708 4875 ἦν.
730 4805 895 4876 Apud
924 4801 1166 4876 Regiam,
1200 4801 1317 4876 datr
1361 4804 1666 4876 Hormisda:
1693 4809 1820 4860 olim
1845 4809 1984 4862 dice-

315 4883 324 4948 ς
418 4876 600 4930 batur.
629 4874 914 4948 ﬁedrenus
953 4874 1145 4948 contra
1176 4879 1242 4948 (ι.
1272 4874 1317 4948 l,_
1355 4890 1408 4943 p.
1439 4875 1582 4948 566,
1628 4893 1682 4931 ιι.
1721 4878 1846 4948 147)
1886 4893 1988 4932 nos

313 4945 361 5027 μ
417 4947 598 5027 docet,
629 4945 832 5027 binisa
865 4945 1180 5027 Iustiniano
1211 4946 1413 5027 ibidem
1436 4946 1722 5027 afdj‘licatis
1745 4945 1983 5027 templis,

327 5009 361 5028 "
421 5009 598 5086 altera,
621 5015 827 5086 sanctis
855 5018 1190 5086 martyribus
1211 5016 1403 5085 Sergio
1431 5024 1486 5068 et
1514 5014 1730 5072 Baccho
1752 5023 1778 5080 ,'
1814 5009 1986 5072 altera

422 5085 635 5138 sanctis
696 5085 1036 5154 principibus
1092 5086 1467 5154 apostolorum
1511 5087 1693 5140 dit-ato
1725 5126 1742 5150 ,
1799 5087 1982 5156 palatii

424 5163 810 5226 partem,iqua:
837 5169 987 5226 mare
1020 5157 1323 5223 spectabat.
1354 5164 1430 5218 et,
1467 5173 1631 5225 quant
1661 5158 1777 5225 ipse
1814 5159 1990 5226 priva-

425 5223 846 5296 tus_incoluerat
870 5225 1118 5296 domum.
1137 5226 1309 5296 simul
1329 5223 1622 5296 conjuncta
1655 5223 1795 5291 eliso,
1815 5223 1872 5280 at
1886 5245 1990 5294 que

423 5309 488 5346 ex
518 5293 603 5346 his
642 5295 902 5349 omnibus
949 5294 1246 5349 illustrium
1295 5293 1540 5350 virorum
1589 5293 1988 5352 Inonasterium

426 5363 722 5434 esstitisse.
753 5366 967 5432 Optime
994 5380 1122 5420 vero
1157 5366 1244 5419 his
1294 5368 1626 5434 respondent
1665 5383 1784 5434 qua:
1833 5367 1992 5422 habet

430 5433 662 5504 Vigilins
741 5435 794 5488 in
868 5437 1099 5503 epistola
1165 5437 1232 5490 ad
1312 5433 1619 5491 universam
1685 5433 1988 5491 Ecclesium

429 5505 619 5568 tllard.
652 5505 810 5563 Cone.
849 5504 1010 5577 ιλιι,
1039 5522 1092 5576 p.
1122 5507 1216 5577 '5):
1257 5505 1399 5560 Nam
1423 5523 1541 5560 cum
1582 5506 1649 5559 ad
1681 5507 1817 5561 beati
1846 5507 1991 5561 Petri

431 5578 705 5629 mttilicmn
755 5578 808 5630 in
859 5576 1164 5631 llormisda'
1201 5577 1482 5647 fundatam
1529 5577 1767 5646 Angusto
1823 5594 1993 5631 mense

429 5649 878 5718 miperpraztcrito
915 5649 1264 5718 fugissemus,
1309 5659 1414 5703 etc.
1459 5649 1656 5702 Tutum
1711 5650 1856 5718 enim
1888 5649 1989 5718 sibi

433 5717 732 5789 pcrl‘ugiutn
764 5720 870 5773 ilhc
897 5717 1012 5774 lore
1041 5719 1266 5789 Vigilius
1292 5728 1624 5788 spevaverat,
1645 5719 1790 5788 quod
1815 5717 1990 5772 Graeci

2075 3205 2106 3258 ὁ
2151 3203 2603 3274 ἁρχιεπίσκοπος,
2642 3205 2814 3277 ἐχάρη
2853 3206 3020 3269 πάνυ,
3067 3207 3163 3261 καὶ
3191 3206 3342 3276 λέγει
3373 3206 3453 3277 τῷ
3486 3209 3648 3278 ἡγου-

2083 3291 2228 3362 μένῳ
2253 3306 2266 3320 ο
2304 3291 2542 3364 Ἔχομεν
2571 3293 2805 3348 ἐνταῦθα
2832 3293 3030 3366 ἄνδρας
3059 3295 3257 3365 σοφούς
3275 3315 3288 3327 ι
3315 3296 3647 3351 ἁποστελοῦ·

2082 3399 2183 3450 μεν
2220 3382 2356 3454 πρὸς
2400 3383 2481 3448 σὲ,
2519 3383 2593 3448 ὼς
2636 3384 2849 3439 ἐκείνου
2881 3385 2955 3456 μὴ
2987 3387 3206 3456 γνόντος
3230 3429 3246 3452 ,
3279 3387 3359 3441 ὅτι
3394 3387 3453 3453 ἐξ
3492 3387 3650 3459 ἡμῶν

2079 3473 2487 3545 ἀπεστάλησαν,
2522 3474 2612 3529 διὰ
2645 3475 2974 3546 προφάσεως
3014 3493 3180 3542 τινος,
3209 3479 3303 3531 καὶ
3345 3479 3529 3532 ῐδωσιν
3557 3479 3652 3533 αὐ-

2079 3567 2171 3620 τὸν
2203 3566 2295 3621 καὶ
2331 3566 2684 3638 διαλεχθῶσιν
2725 3567 2862 3638 μετὰ
2885 3567 2980 3622 τοῦ
3001 3569 3210 3640 ἀνδρὸς,
3235 3570 3327 3623 καὶ
3353 3564 3526 3634 οὕτως
3556 3571 3650 3623 καὶ

2080 3660 2242 3732 ἡμεῖς
2270 3658 2434 3714 αὐτὸν
2466 3659 2799 3733 θεωροῦμεν.
2841 3661 3004 3730 Λέγει
3039 3662 3068 3715 ὁ
3091 3663 3394 3734 ἡγούμενος
3443 3662 3522 3734 τῷ
3551 3662 3650 3734 ἁρο

2081 3828 2136 3883 in
2183 3840 2253 3881 eo
2305 3825 2642 3880 monasterio
2680 3839 2787 3879 non
2847 3834 3070 3883 essent.
3121 3835 3177 3880 et
3218 3825 3362 3882 inter
3411 3841 3546 3882 suos
3590 3842 3652 3882 se

2081 3898 2328 3951 futurum
2363 3895 2712 3964 intelligeret.
2745 3896 3012 3950 Caeterum
3061 3897 3379 3966 aliquandiu
3429 3897 3651 3966 pontiﬁ-
3683 3924 3690 3931 ο

2082 3982 2173 4022 ces
2203 3965 2476 4034 maximos
2523 3967 2590 4034 de
2649 3966 2996 4034 possessione
3051 3965 3372 4020 deturbatos
3411 3965 3648 4030 Constat,

2082 4051 2208 4090 cum
2243 4033 2482 4105 Joannes
2503 4033 2663 4105 iVllI,
2698 4035 2860 4105 epist.
2902 4033 3005 4089 109
3048 4036 3227 4105 (apud
3270 4035 3438 4090 Hard.
3486 4037 3647 4091 Coac.

2082 4115 2124 4160 ι.
2156 4106 2246 4169 Vl,
2279 4121 2332 4174 p.
2359 4104 2452 4173 87)
2495 4104 2699 4159 Basilio
2729 4103 2743 4169 ,
2799 4103 3166 4160 Constantino
3234 4116 3290 4161 et
3341 4107 3651 4160 Alexandro

2082 4175 2256 4245 Augg.
2293 4178 2496 4245 gratias
2526 4190 2691 4241 agere
2723 4190 2784 4229 se
2821 4177 3047 4238 scribat,
3091 4177 3230 4245 quod
3269 4178 3652 4230 monasterium

2085 4244 2268 4299 δοριτιὶ
2295 4244 2467 4301 Seraii
2497 4246 2638 4298 intra
2676 4255 2906 4298 uestram
2944 4244 3144 4301 regiam
3187 4247 3364 4301 urbem
3395 4250 3652 4300 constitu-

2088 4323 2219 4377 tum,
2269 4313 2407 4384 quod
2455 4323 2643 4370 sancta
2693 4313 2932 4386 Romana
2985 4313 3220 4370 Ecclesia
3251 4317 3378 4384 jure
3438 4319 3651 4386 proprio

2083 4392 2346 4508 7uondam
2386 4387 2627 4451 retinuit,
2681 4385 2860 4438 divina
2887 4385 3230 4452 inspiratione
3281 4387 3504 4454 repleti,
3537 4385 3651 4455 pro

2101 4470 2280 4508 tonare
2310 4456 2568 4508 principis
2595 4455 2953 4508 apostolorum
2980 4465 3160 4508 nostro
3182 4456 3498 4508 vrrrsulatni
3529 4456 3651 4508 red-

2101 4455 2280 4525 lonore
2308 4456 2568 4525 principis
2595 4455 2953 4525 apostolorum
2980 4465 3160 4508 nostro
3181 4456 3498 4525 prrrsulatni
3529 4456 3652 4509 red-

2081 4524 2317 4578 didistis.
2359 4525 2478 4578 Alia
2551 4535 2732 4578 tamen
2793 4524 2904 4577 duo
2955 4535 3215 4592 prteterea
3274 4524 3648 4579 Romanorum

2084 4596 2417 4649 monasteria
2451 4595 2926 4663 Constantinopoli
2951 4595 3120 4665 fuisse
3146 4597 3350 4651 smculo
3382 4610 3454 4657 vr,
3489 4611 3653 4665 appa-

2084 4676 2166 4718 ret
2203 4665 2258 4718 in
2283 4665 2782 4734 subseriptionilms
2817 4663 3234 4735 Inonachorum.
3269 4666 3362 4735 qui
3415 4663 3651 4720 concilio

2083 4733 2703 4802 Cottstantinopulitano
2749 4735 2854 4788 sub
2903 4733 3055 4788 Mena
3121 4733 3446 4795 adfuerunt,
3511 4735 3653 4788 inter

2084 4821 2224 4873 quos
2254 4814 2383 4858 sunt
2410 4803 2615 4859 Paulus
2656 4809 2922 4874 presbyter
2950 4817 3000 4857 et
3027 4806 3174 4872 prior
3209 4806 3514 4858 monasterii
3555 4805 3652 4857 llo-

2086 4891 2386 4938 manorum,
2417 4874 3034 4944 Anastasiusipresbyter
3071 4886 3120 4928 et
3163 4877 3309 4944 prior
3345 4875 3650 4928 monasterii

2087 4944 2470 5016 Romanorum.
2504 4943 2887 5016 tllarrlaconc.
2914 4955 2950 4997 t.
2976 4944 3044 5016 ll,
3073 4960 3126 5016 p.
3165 4943 3348 5016 ιειι.)

2159 5015 2268 5085 (l0)
2301 5015 2432 5070 Cod.
2479 5017 2524 5077 l,
2551 5013 2672 5068 καθ’
2702 5014 2943 5085 ἑκάστην
2969 5015 3137 5068 δεινά.

2161 5084 2272 5156 (ll)
2313 5085 2412 5140 llic
2435 5099 2564 5140 vero
2606 5085 2786 5140 scriba
2820 5084 2919 5156 in_
2949 5094 3236 5140 numerato
3277 5101 3384 5140 non
3439 5086 3650 5152 habuit,

2087 5154 2261 5225 quem
2279 5171 2346 5210 eo
2386 5165 2632 5224 tempore
2680 5154 3154 5226 archiepiscopum
3191 5156 3652 5226 Cttllslanlittop:)-

2091 5223 2318 5280 litanum
2351 5223 2679 5278 nominaret.
2711 5223 2837 5277 Erat
2872 5223 3039 5292 porro
3070 5226 3182 5292 jam
3229 5227 3298 5280 ab
3336 5243 3482 5282 anno
3525 5223 3651 5292 582,

2089 5295 2328 5351 Joannes
2363 5293 2454 5358 IV,
2487 5305 2853 5365 cognomento
2883 5295 3203 5365 Νηστευτής
3227 5336 3242 5360 ,
3283 5298 3416 5358 sive,
3453 5308 3512 5351 ut
3542 5299 3644 5348 Λιι-

2091 5366 2296 5435 gustini
2330 5377 2452 5418 utar
2498 5363 2698 5427 vei-ho,
2757 5363 3064 5431 Jejnnutor.
3125 5363 3344 5435 (Caper.
3405 5367 3463 5422 lt:
3509 5367 3650 5420 llist.

2092 5437 2286 5491 Cln'on.
2323 5436 2471 5490 l’atr.
2514 5435 2696 5490 Const.
2729 5451 2784 5488 ιι.
2816 5435 2913 5498 3‘2,
2973 5437 3113 5506 apud
3161 5435 3297 5490 Boll.
3339 5446 3374 5488 t.
3412 5435 3454 5500 Ι,
3489 5438 3652 5506 Aug.)

2092 5507 2224 5570 Qua:
2262 5517 2442 5562 autent
2478 5508 2638 5576 paulo
2669 5505 3133 5576 ittfct'iusrdeejus
3159 5506 3424 5576 sapientia
3455 5522 3486 5559 a
3516 5505 3654 5574 priu-

2093 5579 2236 5630 l'e-cto
2265 5575 2542 5640 dicuntur,
2574 5592 2635 5631 ea
2669 5575 2920 5642 obsequii
2955 5589 3086 5644 ergo
3120 5575 3360 5629 ollieiose
3406 5578 3652 5644 quidem,

2093 5646 2189 5700 sed
2221 5656 2400 5700 tatnen
2434 5663 2538 5702 non
2566 5648 2686 5700 sine
2716 5646 2872 5700 titulo
2895 5645 3097 5713 prolata
3129 5656 3306 5714 putes.
3328 5645 3652 5714 Quanquam

2089 5719 2237 5770 enim
2270 5717 2512 5772 Joannes
2554 5717 2621 5770 ab
2678 5716 3042 5770 adolescentia
3081 5713 3363 5770 aurilicum
3411 5713 3656 5770 olliuinas
