  <div class='ocr_page' id='page_1' title='image "/cluster/home/n/w/nwhite01/storage/ocr_20150623/98/mdp.39015005675650/318.png"; bbox 0 0 4104 6262; ppageno 0'>
   <div class='ocr_carea' id='block_1_1' title="bbox 317 325 433 401">
    <p class='ocr_par' dir='ltr' id='par_1_1' title="bbox 317 325 433 401">
     <span class='ocr_line' id='line_1_1' title="bbox 317 325 433 401; baseline 0.043 -6"><span class='ocrx_word' id='word_1_1' title='bbox 317 325 433 401; x_wconf 57' lang='grc' dir='ltr'><strong>τῆς</strong></span> 
     </span>
    </p>
   </div>
   <div class='ocr_carea' id='block_1_2' title="bbox 1321 320 2584 386">
    <p class='ocr_par' dir='ltr' id='par_1_2' title="bbox 1321 320 2584 386">
     <span class='ocr_line' id='line_1_2' title="bbox 1321 320 2584 386; baseline 0 -2"><span class='ocrx_word' id='word_1_2' title='bbox 1321 325 1380 386; x_wconf 90' lang='lat' dir='ltr'><strong>S.</strong></span> <span class='ocrx_word' id='word_1_3' title='bbox 1417 322 1800 385; x_wconf 82' lang='lat' dir='ltr'><strong>GREGORII</strong></span> <span class='ocrx_word' id='word_1_4' title='bbox 1839 320 2347 384; x_wconf 79' lang='lat' dir='ltr'><strong>AGRIGENTINI</strong></span> <span class='ocrx_word' id='word_1_5' title='bbox 2383 321 2584 384; x_wconf 81' lang='lat' dir='ltr'><strong>VITA.</strong></span> 
     </span>
    </p>
   </div>
   <div class='ocr_carea' id='block_1_3' title="bbox 3488 326 3592 391">
    <p class='ocr_par' dir='ltr' id='par_1_3' title="bbox 3488 326 3592 391">
     <span class='ocr_line' id='line_1_3' title="bbox 3488 326 3592 391; baseline 0.01 -2"><span class='ocrx_word' id='word_1_6' title='bbox 3488 326 3592 391; x_wconf 68' lang='lat' dir='ltr'><strong>liii</strong></span> 
     </span>
    </p>
   </div>
   <div class='ocr_carea' id='block_1_4' title="bbox 330 425 1908 506">
    <p class='ocr_par' dir='ltr' id='par_1_4' title="bbox 330 431 1908 506">
     <span class='ocr_line' id='line_1_4' title="bbox 330 431 1908 506; baseline -0.004 -18"><span class='ocrx_word' id='word_1_7' title='bbox 330 453 382 488; x_wconf 83' lang='grc' dir='ltr'><strong>σι</strong></span> <span class='ocrx_word' id='word_1_8' title='bbox 399 433 656 506; x_wconf 80' lang='grc' dir='ltr'>γκλητος.</span> <span class='ocrx_word' id='word_1_9' title='bbox 693 431 1100 503; x_wconf 81' lang='grc' dir='ltr'>’Λσπασάμενοί</span> <span class='ocrx_word' id='word_1_10' title='bbox 1130 449 1188 484; x_wconf 91' lang='grc' dir='ltr'><strong>τε</strong></span> <span class='ocrx_word' id='word_1_11' title='bbox 1237 433 1646 496; x_wconf 76' lang='grc' dir='ltr'>αὐτὸν-πάντες</span> <span class='ocrx_word' id='word_1_12' title='bbox 1678 432 1726 484; x_wconf 81' lang='grc' dir='ltr'>οἱ</span> <span class='ocrx_word' id='word_1_13' title='bbox 1766 431 1908 498; x_wconf 78' lang='grc' dir='ltr'>ἅγιοι</span> 
     </span>
    </p>
   </div>
   <div class='ocr_carea' id='block_1_5' title="bbox 2011 425 3598 506">
    <p class='ocr_par' dir='ltr' id='par_1_5' title="bbox 2017 425 3598 503">
     <span class='ocr_line' id='line_1_5' title="bbox 2017 425 3598 503; baseline 0.005 -21"><span class='ocrx_word' id='word_1_14' title='bbox 2017 427 2164 482; x_wconf 87' lang='lat' dir='ltr'><strong>illam</strong></span> <span class='ocrx_word' id='word_1_15' title='bbox 2202 425 2338 501; x_wconf 76' lang='lat' dir='ltr'><strong>[Liv]</strong></span> <span class='ocrx_word' id='word_1_16' title='bbox 2369 430 2642 500; x_wconf 88' lang='lat' dir='ltr'><strong>synodum</strong></span> <span class='ocrx_word' id='word_1_17' title='bbox 2680 439 3070 498; x_wconf 78' lang='lat' dir='ltr'><strong>convenerant,</strong></span> <span class='ocrx_word' id='word_1_18' title='bbox 3119 443 3410 503; x_wconf 77' lang='lat' dir='ltr'><strong>postquam</strong></span> <span class='ocrx_word' id='word_1_19' title='bbox 3448 437 3598 490; x_wconf 75' lang='lat' dir='ltr'><strong>salu-</strong></span> 
     </span>
    </p>
   </div>
   <div class='ocr_carea' id='block_1_6' title="bbox 327 524 1910 597">
    <p class='ocr_par' dir='ltr' id='par_1_6' title="bbox 327 524 1910 597">
     <span class='ocr_line' id='line_1_6' title="bbox 327 524 1910 597; baseline -0.003 -17"><span class='ocrx_word' id='word_1_20' title='bbox 327 528 443 582; x_wconf 76' lang='grc' dir='ltr'>Πάτ</span> <span class='ocrx_word' id='word_1_21' title='bbox 454 543 542 597; x_wconf 77' lang='lat' dir='ltr'><strong>ps;</strong></span> <span class='ocrx_word' id='word_1_22' title='bbox 565 528 616 580; x_wconf 79' lang='grc' dir='ltr'><strong>οἱ</strong></span> <span class='ocrx_word' id='word_1_23' title='bbox 641 527 700 579; x_wconf 80' lang='grc' dir='ltr'><strong>ἐν</strong></span> <span class='ocrx_word' id='word_1_24' title='bbox 720 524 903 596; x_wconf 82' lang='grc' dir='ltr'>ἐκείνῃ</span> <span class='ocrx_word' id='word_1_25' title='bbox 937 525 1285 588; x_wconf 79' lang='grc' dir='ltr'><strong>συνελθόντες</strong></span> <span class='ocrx_word' id='word_1_26' title='bbox 1309 529 1374 596; x_wconf 84' lang='grc' dir='ltr'>τῇ</span> <span class='ocrx_word' id='word_1_27' title='bbox 1405 525 1538 594; x_wconf 77' lang='grc' dir='ltr'>ἁγία</span> <span class='ocrx_word' id='word_1_28' title='bbox 1571 524 1792 594; x_wconf 82' lang='grc' dir='ltr'>συνόδῳ,</span> <span class='ocrx_word' id='word_1_29' title='bbox 1813 524 1910 577; x_wconf 72' lang='grc' dir='ltr'><strong>καὶ</strong></span> 
     </span>
    </p>
   </div>
   <div class='ocr_carea' id='block_1_7' title="bbox 331 615 1910 691">
    <p class='ocr_par' dir='ltr' id='par_1_7' title="bbox 331 615 1910 691">
     <span class='ocr_line' id='line_1_7' title="bbox 331 615 1910 691; baseline -0.003 -19"><span class='ocrx_word' id='word_1_30' title='bbox 331 619 696 690; x_wconf 78' lang='grc' dir='ltr'><strong>ἐπευξάμενοι</strong></span> <span class='ocrx_word' id='word_1_31' title='bbox 744 617 922 690; x_wconf 81' lang='grc' dir='ltr'>αὐτῷ,</span> <span class='ocrx_word' id='word_1_32' title='bbox 957 619 1034 682; x_wconf 80' lang='grc' dir='ltr'>ὡς</span> <span class='ocrx_word' id='word_1_33' title='bbox 1077 619 1528 691; x_wconf 76' lang='grc' dir='ltr'><strong>προειρήκαμεν,</strong></span> <span class='ocrx_word' id='word_1_34' title='bbox 1569 615 1910 687; x_wconf 54' lang='grc' dir='ltr'>ὑπέστρεψεν</span> 
     </span>
    </p>
   </div>
   <div class='ocr_carea' id='block_1_8' title="bbox 327 708 1912 780">
    <p class='ocr_par' dir='ltr' id='par_1_8' title="bbox 327 708 1912 780">
     <span class='ocr_line' id='line_1_8' title="bbox 327 708 1912 780; baseline -0.003 -15"><span class='ocrx_word' id='word_1_35' title='bbox 327 713 562 774; x_wconf 74' lang='grc' dir='ltr'>ἕκαστος</span> <span class='ocrx_word' id='word_1_36' title='bbox 611 713 692 774; x_wconf 80' lang='grc' dir='ltr'><strong>είς</strong></span> <span class='ocrx_word' id='word_1_37' title='bbox 736 713 865 774; x_wconf 80' lang='grc' dir='ltr'>τοὺς</span> <span class='ocrx_word' id='word_1_38' title='bbox 909 711 1076 775; x_wconf 81' lang='grc' dir='ltr'>ίδίους</span> <span class='ocrx_word' id='word_1_39' title='bbox 1121 712 1322 775; x_wconf 72' lang='grc' dir='ltr'>τόπους</span> <span class='ocrx_word' id='word_1_40' title='bbox 1367 709 1648 780; x_wconf 83' lang='grc' dir='ltr'>χαίροντες</span> <span class='ocrx_word' id='word_1_41' title='bbox 1691 708 1784 761; x_wconf 75' lang='grc' dir='ltr'>καὶ</span> <span class='ocrx_word' id='word_1_42' title='bbox 1829 708 1912 760; x_wconf 81' lang='grc' dir='ltr'><strong>αἰ-</strong></span> 
     </span>
    </p>
   </div>
   <div class='ocr_carea' id='block_1_9' title="bbox 327 795 1911 872">
    <p class='ocr_par' dir='ltr' id='par_1_9' title="bbox 327 795 1911 872">
     <span class='ocr_line' id='line_1_9' title="bbox 327 795 1911 872; baseline -0.008 -13"><span class='ocrx_word' id='word_1_43' title='bbox 327 801 550 866; x_wconf 70' lang='grc' dir='ltr'>νοῦντες</span> <span class='ocrx_word' id='word_1_44' title='bbox 605 802 697 854; x_wconf 84' lang='grc' dir='ltr'><strong>τὸν</strong></span> <span class='ocrx_word' id='word_1_45' title='bbox 753 801 886 854; x_wconf 67' lang='grc' dir='ltr'>Θεὸν</span> <span class='ocrx_word' id='word_1_46' title='bbox 930 801 1021 854; x_wconf 84' lang='grc' dir='ltr'><strong>τὸν</strong></span> <span class='ocrx_word' id='word_1_47' title='bbox 1074 801 1346 872; x_wconf 85' lang='grc' dir='ltr'>μηδέποτε</span> <span class='ocrx_word' id='word_1_48' title='bbox 1409 798 1736 868; x_wconf 70' lang='grc' dir='ltr'>παρορῶντα</span> <span class='ocrx_word' id='word_1_49' title='bbox 1761 795 1911 858; x_wconf 77' lang='grc' dir='ltr'>,τοὺς</span> 
     </span>
    </p>
   </div>
   <div class='ocr_carea' id='block_1_10' title="bbox 329 889 1910 964">
    <p class='ocr_par' dir='ltr' id='par_1_10' title="bbox 329 889 1910 964">
     <span class='ocr_line' id='line_1_10' title="bbox 329 889 1910 964; baseline -0.007 -14"><span class='ocrx_word' id='word_1_50' title='bbox 329 895 663 964; x_wconf 79' lang='grc' dir='ltr'>ἀγαπῶντας</span> <span class='ocrx_word' id='word_1_51' title='bbox 707 894 891 959; x_wconf 79' lang='grc' dir='ltr'>αὐτὸν,</span> <span class='ocrx_word' id='word_1_52' title='bbox 938 896 1034 947; x_wconf 79' lang='grc' dir='ltr'><strong>καὶ</strong></span> <span class='ocrx_word' id='word_1_53' title='bbox 1079 891 1441 964; x_wconf 78' lang='grc' dir='ltr'><strong>διατηροῦντα</strong></span> <span class='ocrx_word' id='word_1_54' title='bbox 1479 889 1762 964; x_wconf 75' lang='grc' dir='ltr'>ἀλώὁητον</span> <span class='ocrx_word' id='word_1_55' title='bbox 1810 889 1910 958; x_wconf 76' lang='grc' dir='ltr'>τὴν</span> 
     </span>
    </p>
   </div>
   <div class='ocr_carea' id='block_1_11' title="bbox 330 985 1016 1056">
    <p class='ocr_par' dir='ltr' id='par_1_11' title="bbox 330 985 1016 1056">
     <span class='ocr_line' id='line_1_11' title="bbox 330 985 1016 1056; baseline -0.01 -15"><span class='ocrx_word' id='word_1_56' title='bbox 330 985 624 1056; x_wconf 78' lang='grc' dir='ltr'>καθολικὴν</span> <span class='ocrx_word' id='word_1_57' title='bbox 665 985 1016 1054; x_wconf 81' lang='grc' dir='ltr'><strong>Ἐκκλησίαν.</strong></span> 
     </span>
    </p>
   </div>
   <div class='ocr_carea' id='block_1_12' title="bbox 401 1071 1966 1145">
    <p class='ocr_par' dir='ltr' id='par_1_12' title="bbox 401 1071 1966 1145">
     <span class='ocr_line' id='line_1_12' title="bbox 401 1071 1966 1145; baseline -0.004 -15"><span class='ocrx_word' id='word_1_58' title='bbox 401 1077 526 1134; x_wconf 85' lang='grc' dir='ltr'><strong>ΛΖ’.</strong></span> <span class='ocrx_word' id='word_1_59' title='bbox 569 1074 820 1145; x_wconf 85' lang='grc' dir='ltr'>Ἐγένετο</span> <span class='ocrx_word' id='word_1_60' title='bbox 843 1075 900 1127; x_wconf 84' lang='grc' dir='ltr'>δὲ</span> <span class='ocrx_word' id='word_1_61' title='bbox 927 1074 1066 1144; x_wconf 83' lang='grc' dir='ltr'><strong>μετὰ</strong></span> <span class='ocrx_word' id='word_1_62' title='bbox 1087 1074 1146 1126; x_wconf 75' lang='grc' dir='ltr'>τὸ</span> <span class='ocrx_word' id='word_1_63' title='bbox 1170 1075 1377 1137; x_wconf 78' lang='grc' dir='ltr'>πάντας</span> <span class='ocrx_word' id='word_1_64' title='bbox 1410 1073 1763 1143; x_wconf 79' lang='grc' dir='ltr'>ἀναχωρῆσαι</span> <span class='ocrx_word' id='word_1_65' title='bbox 1785 1071 1910 1133; x_wconf 70' lang='grc' dir='ltr'>τοὺς</span> <span class='ocrx_word' id='word_1_66' title='bbox 1962 1135 1966 1138; x_wconf 94' lang='lat'><strong><em>_</em></strong></span> 
     </span>
    </p>
   </div>
   <div class='ocr_carea' id='block_1_13' title="bbox 331 1163 1908 1239">
    <p class='ocr_par' dir='ltr' id='par_1_13' title="bbox 331 1163 1908 1239">
     <span class='ocr_line' id='line_1_13' title="bbox 331 1163 1908 1239; baseline -0.004 -17"><span class='ocrx_word' id='word_1_67' title='bbox 331 1169 584 1239; x_wconf 85' lang='grc' dir='ltr'>Πατέρας</span> <span class='ocrx_word' id='word_1_68' title='bbox 628 1169 694 1222; x_wconf 81' lang='grc' dir='ltr'>ὲκ</span> <span class='ocrx_word' id='word_1_69' title='bbox 734 1167 835 1237; x_wconf 80' lang='grc' dir='ltr'>τῆς</span> <span class='ocrx_word' id='word_1_70' title='bbox 873 1166 1542 1231; x_wconf 85' lang='grc' dir='ltr'>Κωνσταντινουπὸλεως,</span> <span class='ocrx_word' id='word_1_71' title='bbox 1576 1167 1632 1218; x_wconf 81' lang='grc' dir='ltr'>ὲν</span> <span class='ocrx_word' id='word_1_72' title='bbox 1671 1166 1770 1234; x_wconf 82' lang='grc' dir='ltr'>μιᾷ</span> <span class='ocrx_word' id='word_1_73' title='bbox 1800 1163 1908 1216; x_wconf 85' lang='grc' dir='ltr'>τῶν</span> 
     </span>
    </p>
   </div>
   <div class='ocr_carea' id='block_1_14' title="bbox 331 1254 1906 1330">
    <p class='ocr_par' dir='ltr' id='par_1_14' title="bbox 331 1254 1906 1330">
     <span class='ocr_line' id='line_1_14' title="bbox 331 1254 1906 1330; baseline -0.003 -18"><span class='ocrx_word' id='word_1_74' title='bbox 331 1259 558 1330; x_wconf 77' lang='grc' dir='ltr'>ἡμερῶν</span> <span class='ocrx_word' id='word_1_75' title='bbox 593 1259 1110 1330; x_wconf 82' lang='grc' dir='ltr'>προσκαλεσάμενος</span> <span class='ocrx_word' id='word_1_76' title='bbox 1142 1261 1172 1313; x_wconf 99' lang='lat'><strong>6</strong></span> <span class='ocrx_word' id='word_1_77' title='bbox 1197 1257 1587 1320; x_wconf 79' lang='grc' dir='ltr'>εὐσεϐέστατος</span> <span class='ocrx_word' id='word_1_78' title='bbox 1618 1255 1776 1326; x_wconf 77' lang='grc' dir='ltr'>ἡμῶν</span> <span class='ocrx_word' id='word_1_79' title='bbox 1812 1254 1906 1324; x_wconf 81' lang='grc' dir='ltr'><strong>βα-</strong></span> 
     </span>
    </p>
   </div>
   <div class='ocr_carea' id='block_1_15' title="bbox 331 1334 1906 1424">
    <p class='ocr_par' dir='ltr' id='par_1_15' title="bbox 331 1334 1906 1424">
     <span class='ocr_line' id='line_1_15' title="bbox 331 1334 1906 1424; baseline -0.005 -18"><span class='ocrx_word' id='word_1_80' title='bbox 331 1353 518 1416; x_wconf 82' lang='grc' dir='ltr'>σιλεὺς</span> <span class='ocrx_word' id='word_1_81' title='bbox 543 1352 634 1404; x_wconf 81' lang='grc' dir='ltr'><strong>τὸν</strong></span> <span class='ocrx_word' id='word_1_82' title='bbox 661 1334 1122 1424; x_wconf 81' lang='grc' dir='ltr'>ἀρχιεπίσκοπον,</span> <span class='ocrx_word' id='word_1_83' title='bbox 1163 1350 1312 1420; x_wconf 88' lang='grc' dir='ltr'>λέγει</span> <span class='ocrx_word' id='word_1_84' title='bbox 1341 1349 1490 1419; x_wconf 83' lang='grc' dir='ltr'>αὐτῷ</span> <span class='ocrx_word' id='word_1_85' title='bbox 1509 1367 1520 1378; x_wconf 94' lang='grc'><strong>·</strong></span> <span class='ocrx_word' id='word_1_86' title='bbox 1553 1349 1732 1419; x_wconf 82' lang='grc' dir='ltr'>Πάτερ</span> <span class='ocrx_word' id='word_1_87' title='bbox 1753 1388 1767 1410; x_wconf 84' lang='grc'><strong>,</strong></span> <span class='ocrx_word' id='word_1_88' title='bbox 1810 1346 1906 1399; x_wconf 86' lang='grc' dir='ltr'><strong>πό-</strong></span> 
     </span>
    </p>
   </div>
   <div class='ocr_carea' id='block_1_16' title="bbox 331 1437 1908 1514">
    <p class='ocr_par' dir='ltr' id='par_1_16' title="bbox 331 1437 1908 1514">
     <span class='ocr_line' id='line_1_16' title="bbox 331 1437 1908 1514; baseline -0.004 -16"><span class='ocrx_word' id='word_1_89' title='bbox 331 1445 426 1498; x_wconf 88' lang='grc' dir='ltr'><strong>θεν</strong></span> <span class='ocrx_word' id='word_1_90' title='bbox 450 1444 829 1512; x_wconf 74' lang='grc' dir='ltr'>παραγέγονεν</span> <span class='ocrx_word' id='word_1_91' title='bbox 863 1444 891 1496; x_wconf 92' lang='lat'><strong>6</strong></span> <span class='ocrx_word' id='word_1_92' title='bbox 921 1443 1062 1514; x_wconf 79' lang='grc' dir='ltr'>ἀνὴρ</span> <span class='ocrx_word' id='word_1_93' title='bbox 1096 1443 1230 1514; x_wconf 81' lang='grc' dir='ltr'>πρὸς</span> <span class='ocrx_word' id='word_1_94' title='bbox 1267 1444 1413 1514; x_wconf 72' lang='grc' dir='ltr'>ἡμᾶς</span> <span class='ocrx_word' id='word_1_95' title='bbox 1441 1437 1597 1504; x_wconf 65' lang='grc' dir='ltr'>οὗτος</span> <span class='ocrx_word' id='word_1_96' title='bbox 1638 1443 1666 1494; x_wconf 88' lang='grc' dir='ltr'>ὁ</span> <span class='ocrx_word' id='word_1_97' title='bbox 1701 1441 1838 1505; x_wconf 81' lang='grc' dir='ltr'>νέος,</span> <span class='ocrx_word' id='word_1_98' title='bbox 1881 1441 1908 1492; x_wconf 84' lang='lat'><strong>6</strong></span> 
     </span>
    </p>
   </div>
   <div class='ocr_carea' id='block_1_17' title="bbox 327 1532 1907 1608">
    <p class='ocr_par' dir='ltr' id='par_1_17' title="bbox 327 1532 1907 1608">
     <span class='ocr_line' id='line_1_17' title="bbox 327 1532 1907 1608; baseline -0.004 -20"><span class='ocrx_word' id='word_1_99' title='bbox 327 1535 553 1608; x_wconf 77' lang='grc' dir='ltr'>τοιαύτῃ</span> <span class='ocrx_word' id='word_1_100' title='bbox 593 1535 779 1606; x_wconf 79' lang='grc' dir='ltr'>χάριτι</span> <span class='ocrx_word' id='word_1_101' title='bbox 823 1535 1420 1604; x_wconf 82' lang='grc' dir='ltr'>κατακεκοσμημένος;</span> <span class='ocrx_word' id='word_1_102' title='bbox 1460 1536 1518 1587; x_wconf 90' lang='grc' dir='ltr'>Ὁ</span> <span class='ocrx_word' id='word_1_103' title='bbox 1551 1533 1608 1588; x_wconf 80' lang='grc' dir='ltr'><strong>δὲ</strong></span> <span class='ocrx_word' id='word_1_104' title='bbox 1659 1532 1907 1601; x_wconf 72' lang='grc' dir='ltr'>ἀρχιεπί-</span> 
     </span>
    </p>
   </div>
   <div class='ocr_carea' id='block_1_18' title="bbox 333 1623 1910 1696">
    <p class='ocr_par' dir='ltr' id='par_1_18' title="bbox 333 1623 1910 1696">
     <span class='ocr_line' id='line_1_18' title="bbox 333 1623 1910 1696; baseline -0.003 -18"><span class='ocrx_word' id='word_1_105' title='bbox 333 1643 536 1688; x_wconf 81' lang='grc' dir='ltr'>σκοπος</span> <span class='ocrx_word' id='word_1_106' title='bbox 594 1625 779 1678; x_wconf 83' lang='grc' dir='ltr'>πεσὼν</span> <span class='ocrx_word' id='word_1_107' title='bbox 836 1627 929 1678; x_wconf 75' lang='grc' dir='ltr'><strong>ἐπὶ</strong></span> <span class='ocrx_word' id='word_1_108' title='bbox 980 1625 1274 1696; x_wconf 80' lang='grc' dir='ltr'>πρόσωπον</span> <span class='ocrx_word' id='word_1_109' title='bbox 1324 1625 1514 1689; x_wconf 77' lang='grc' dir='ltr'>αὐτοῦ,</span> <span class='ocrx_word' id='word_1_110' title='bbox 1565 1623 1642 1695; x_wconf 82' lang='grc' dir='ltr'>τῷ</span> <span class='ocrx_word' id='word_1_111' title='bbox 1699 1623 1910 1693; x_wconf 67' lang='grc' dir='ltr'>βασιλεῖ</span> 
     </span>
    </p>
   </div>
   <div class='ocr_carea' id='block_1_19' title="bbox 331 1711 1903 1788">
    <p class='ocr_par' dir='ltr' id='par_1_19' title="bbox 331 1711 1903 1788">
     <span class='ocr_line' id='line_1_19' title="bbox 331 1711 1903 1788; baseline 0 -19"><span class='ocrx_word' id='word_1_112' title='bbox 331 1717 768 1788; x_wconf 80' lang='grc' dir='ltr'>προσεκύνησεν,</span> <span class='ocrx_word' id='word_1_113' title='bbox 820 1718 914 1770; x_wconf 76' lang='grc' dir='ltr'><strong>καὶ</strong></span> <span class='ocrx_word' id='word_1_114' title='bbox 957 1711 1147 1770; x_wconf 82' lang='grc' dir='ltr'>εἶπεν·</span> <span class='ocrx_word' id='word_1_115' title='bbox 1184 1717 1630 1787; x_wconf 79' lang='grc' dir='ltr'>Εὐχαριστοῦμεν</span> <span class='ocrx_word' id='word_1_116' title='bbox 1659 1713 1736 1784; x_wconf 84' lang='grc' dir='ltr'>τῷ</span> <span class='ocrx_word' id='word_1_117' title='bbox 1767 1713 1903 1782; x_wconf 82' lang='grc' dir='ltr'>Θεῷ.</span> 
     </span>
    </p>
   </div>
   <div class='ocr_carea' id='block_1_20' title="bbox 2012 521 3594 598">
    <p class='ocr_par' dir='ltr' id='par_1_20' title="bbox 2012 521 3594 598">
     <span class='ocr_line' id='line_1_20' title="bbox 2012 521 3594 598; baseline 0.006 -25"><span class='ocrx_word' id='word_1_118' title='bbox 2012 527 2117 574; x_wconf 89' lang='lat' dir='ltr'><strong>tem</strong></span> <span class='ocrx_word' id='word_1_119' title='bbox 2169 521 2220 576; x_wconf 91' lang='lat' dir='ltr'><strong>ei</strong></span> <span class='ocrx_word' id='word_1_120' title='bbox 2263 521 2540 588; x_wconf 78' lang='lat' dir='ltr'><strong>dixerunt,</strong></span> <span class='ocrx_word' id='word_1_121' title='bbox 2589 530 2774 593; x_wconf 91' lang='lat' dir='ltr'><strong>atque,</strong></span> <span class='ocrx_word' id='word_1_122' title='bbox 2819 535 2879 593; x_wconf 81' lang='grc' dir='ltr'><strong>ιιι</strong></span> <span class='ocrx_word' id='word_1_123' title='bbox 2907 523 3183 591; x_wconf 83' lang='lat' dir='ltr'><strong>diximus,</strong></span> <span class='ocrx_word' id='word_1_124' title='bbox 3219 527 3356 582; x_wconf 86' lang='lat' dir='ltr'>bene</span> <span class='ocrx_word' id='word_1_125' title='bbox 3389 532 3594 598; x_wconf 76' lang='lat' dir='ltr'><strong>precati</strong></span> 
     </span>
    </p>
   </div>
   <div class='ocr_carea' id='block_1_21' title="bbox 2012 613 3596 685">
    <p class='ocr_par' dir='ltr' id='par_1_21' title="bbox 2012 613 3596 685">
     <span class='ocr_line' id='line_1_21' title="bbox 2012 613 3596 685; baseline 0.006 -19"><span class='ocrx_word' id='word_1_126' title='bbox 2012 622 2160 678; x_wconf 90' lang='lat' dir='ltr'><strong>sunt,</strong></span> <span class='ocrx_word' id='word_1_127' title='bbox 2207 613 2272 668; x_wconf 85' lang='lat' dir='ltr'><strong>ad</strong></span> <span class='ocrx_word' id='word_1_128' title='bbox 2339 615 2498 670; x_wconf 85' lang='lat' dir='ltr'><strong>sedes</strong></span> <span class='ocrx_word' id='word_1_129' title='bbox 2555 616 2790 685; x_wconf 89' lang='lat' dir='ltr'><strong>quisque</strong></span> <span class='ocrx_word' id='word_1_130' title='bbox 2841 631 2974 672; x_wconf 89' lang='lat' dir='ltr'><strong>suas</strong></span> <span class='ocrx_word' id='word_1_131' title='bbox 2995 615 3102 672; x_wconf 61' lang='lat' dir='ltr'><strong>laeti</strong></span> <span class='ocrx_word' id='word_1_132' title='bbox 3145 617 3378 683; x_wconf 84' lang='lat' dir='ltr'><strong>rediere,</strong></span> <span class='ocrx_word' id='word_1_133' title='bbox 3410 619 3596 674; x_wconf 85' lang='lat' dir='ltr'><strong>multis</strong></span> 
     </span>
    </p>
   </div>
   <div class='ocr_carea' id='block_1_22' title="bbox 2012 703 3596 778">
    <p class='ocr_par' dir='ltr' id='par_1_22' title="bbox 2012 703 3596 778">
     <span class='ocr_line' id='line_1_22' title="bbox 2012 703 3596 778; baseline 0.005 -21"><span class='ocrx_word' id='word_1_134' title='bbox 2012 703 2121 758; x_wconf 87' lang='lat' dir='ltr'><strong>Deo</strong></span> <span class='ocrx_word' id='word_1_135' title='bbox 2148 705 2404 760; x_wconf 83' lang='lat' dir='ltr'><strong>laudibus</strong></span> <span class='ocrx_word' id='word_1_136' title='bbox 2445 704 2690 774; x_wconf 90' lang='lat' dir='ltr'><strong>redditis,</strong></span> <span class='ocrx_word' id='word_1_137' title='bbox 2732 709 2823 778; x_wconf 90' lang='lat' dir='ltr'><strong>qui</strong></span> <span class='ocrx_word' id='word_1_138' title='bbox 2875 721 2993 774; x_wconf 86' lang='lat' dir='ltr'><strong>eos,</strong></span> <span class='ocrx_word' id='word_1_139' title='bbox 3035 723 3065 763; x_wconf 89' lang='lat' dir='ltr'><strong>a</strong></span> <span class='ocrx_word' id='word_1_140' title='bbox 3113 709 3313 776; x_wconf 84' lang='lat' dir='ltr'><strong>quibus</strong></span> <span class='ocrx_word' id='word_1_141' title='bbox 3358 721 3596 778; x_wconf 83' lang='lat' dir='ltr'><strong>amatur,</strong></span> 
     </span>
    </p>
   </div>
   <div class='ocr_carea' id='block_1_23' title="bbox 2011 797 3595 868">
    <p class='ocr_par' dir='ltr' id='par_1_23' title="bbox 2011 797 3595 868">
     <span class='ocr_line' id='line_1_23' title="bbox 2011 797 3595 868; baseline 0.006 -19"><span class='ocrx_word' id='word_1_142' title='bbox 2011 811 2292 866; x_wconf 86' lang='lat' dir='ltr'><strong>nunquam</strong></span> <span class='ocrx_word' id='word_1_143' title='bbox 2322 797 2567 868; x_wconf 84' lang='lat' dir='ltr'><strong>negligit,</strong></span> <span class='ocrx_word' id='word_1_144' title='bbox 2599 806 2654 853; x_wconf 88' lang='lat' dir='ltr'><strong>et</strong></span> <span class='ocrx_word' id='word_1_145' title='bbox 2680 799 3006 856; x_wconf 89' lang='lat' dir='ltr'><strong>catholicam</strong></span> <span class='ocrx_word' id='word_1_146' title='bbox 3034 800 3335 857; x_wconf 87' lang='lat' dir='ltr'><strong>Ecclesiam</strong></span> <span class='ocrx_word' id='word_1_147' title='bbox 3371 803 3595 860; x_wconf 73' lang='lat' dir='ltr'><strong>illzrsam</strong></span> 
     </span>
    </p>
   </div>
   <div class='ocr_carea' id='block_1_24' title="bbox 2013 901 2212 950">
    <p class='ocr_par' dir='ltr' id='par_1_24' title="bbox 2013 901 2212 950">
     <span class='ocr_line' id='line_1_24' title="bbox 2013 901 2212 950; baseline -0.01 0"><span class='ocrx_word' id='word_1_148' title='bbox 2013 901 2212 950; x_wconf 86' lang='lat' dir='ltr'><strong>servat.</strong></span> 
     </span>
    </p>
   </div>
   <div class='ocr_carea' id='block_1_25' title="bbox 2081 1073 3594 1148">
    <p class='ocr_par' dir='ltr' id='par_1_25' title="bbox 2081 1073 3594 1148">
     <span class='ocr_line' id='line_1_25' title="bbox 2081 1073 3594 1148; baseline 0.004 -20"><span class='ocrx_word' id='word_1_149' title='bbox 2081 1073 2347 1128; x_wconf 79' lang='lat' dir='ltr'><strong>XXXVII.</strong></span> <span class='ocrx_word' id='word_1_150' title='bbox 2393 1077 2580 1133; x_wconf 86' lang='lat' dir='ltr'><strong>Patres</strong></span> <span class='ocrx_word' id='word_1_151' title='bbox 2609 1075 2724 1144; x_wconf 80' lang='lat' dir='ltr'><strong>iam</strong></span> <span class='ocrx_word' id='word_1_152' title='bbox 2753 1091 2946 1133; x_wconf 86' lang='lat' dir='ltr'><strong>omnes</strong></span> <span class='ocrx_word' id='word_1_153' title='bbox 2977 1077 3452 1148; x_wconf 74' lang='lat' dir='ltr'><strong>Constantinopoli</strong></span> <span class='ocrx_word' id='word_1_154' title='bbox 3480 1078 3594 1134; x_wconf 84' lang='lat' dir='ltr'><strong>dis-</strong></span> 
     </span>
    </p>
   </div>
   <div class='ocr_carea' id='block_1_26' title="bbox 2012 1169 3596 1239">
    <p class='ocr_par' dir='ltr' id='par_1_26' title="bbox 2012 1169 3596 1239">
     <span class='ocr_line' id='line_1_26' title="bbox 2012 1169 3596 1239; baseline 0.001 -19"><span class='ocrx_word' id='word_1_155' title='bbox 2012 1176 2316 1232; x_wconf 81' lang='lat' dir='ltr'><strong>cesserant,</strong></span> <span class='ocrx_word' id='word_1_156' title='bbox 2363 1183 2486 1222; x_wconf 93' lang='lat' dir='ltr'><strong>cum</strong></span> <span class='ocrx_word' id='word_1_157' title='bbox 2519 1169 2893 1238; x_wconf 88' lang='lat' dir='ltr'><strong>pientissimus</strong></span> <span class='ocrx_word' id='word_1_158' title='bbox 2938 1169 3233 1238; x_wconf 86' lang='lat' dir='ltr'><strong>imperator</strong></span> <span class='ocrx_word' id='word_1_159' title='bbox 3254 1177 3596 1239; x_wconf 86' lang='lat' dir='ltr'><strong>nosterquo-</strong></span> 
     </span>
    </p>
   </div>
   <div class='ocr_carea' id='block_1_27' title="bbox 2011 1253 3588 1331">
    <p class='ocr_par' dir='ltr' id='par_1_27' title="bbox 2011 1253 3588 1331">
     <span class='ocr_line' id='line_1_27' title="bbox 2011 1253 3588 1331; baseline 0.009 -25"><span class='ocrx_word' id='word_1_160' title='bbox 2011 1253 2135 1308; x_wconf 86' lang='lat' dir='ltr'><strong>dam</strong></span> <span class='ocrx_word' id='word_1_161' title='bbox 2169 1257 2256 1310; x_wconf 91' lang='lat' dir='ltr'><strong>die</strong></span> <span class='ocrx_word' id='word_1_162' title='bbox 2276 1257 2750 1329; x_wconf 83' lang='lat' dir='ltr'><strong>archiepiscopum</strong></span> <span class='ocrx_word' id='word_1_163' title='bbox 2775 1259 3082 1325; x_wconf 79' lang='lat' dir='ltr'><strong>arcessivit,</strong></span> <span class='ocrx_word' id='word_1_164' title='bbox 3104 1259 3588 1331; x_wconf 77' lang='lat' dir='ltr'><strong>interrogavitque.</strong></span> 
     </span>
    </p>
   </div>
   <div class='ocr_carea' id='block_1_28' title="bbox 2013 1347 3592 1414">
    <p class='ocr_par' dir='ltr' id='par_1_28' title="bbox 2013 1347 3592 1414">
     <span class='ocr_line' id='line_1_28' title="bbox 2013 1347 3592 1414; baseline 0.003 -14"><span class='ocrx_word' id='word_1_165' title='bbox 2013 1347 2156 1401; x_wconf 89' lang='lat' dir='ltr'><strong>unde</strong></span> <span class='ocrx_word' id='word_1_166' title='bbox 2182 1348 2504 1405; x_wconf 76' lang='lat' dir='ltr'><strong>advenisset</strong></span> <span class='ocrx_word' id='word_1_167' title='bbox 2539 1351 2622 1404; x_wconf 87' lang='lat' dir='ltr'><strong>vir</strong></span> <span class='ocrx_word' id='word_1_168' title='bbox 2673 1349 2764 1406; x_wconf 88' lang='lat' dir='ltr'><strong>ille</strong></span> <span class='ocrx_word' id='word_1_169' title='bbox 2806 1350 3052 1407; x_wconf 82' lang='lat' dir='ltr'><strong>ﬂorentis</strong></span> <span class='ocrx_word' id='word_1_170' title='bbox 3083 1353 3278 1414; x_wconf 68' lang='lat' dir='ltr'><strong>anatis.</strong></span> <span class='ocrx_word' id='word_1_171' title='bbox 3327 1354 3414 1407; x_wconf 90' lang='lat' dir='ltr'><strong>cui</strong></span> <span class='ocrx_word' id='word_1_172' title='bbox 3445 1361 3592 1408; x_wconf 84' lang='lat' dir='ltr'><strong>tanta</strong></span> 
     </span>
    </p>
   </div>
   <div class='ocr_carea' id='block_1_29' title="bbox 2009 1437 3597 1512">
    <p class='ocr_par' dir='ltr' id='par_1_29' title="bbox 2009 1437 3597 1512">
     <span class='ocr_line' id='line_1_29' title="bbox 2009 1437 3597 1512; baseline 0.003 -20"><span class='ocrx_word' id='word_1_173' title='bbox 2009 1437 2276 1495; x_wconf 84' lang='lat' dir='ltr'><strong>divinitus</strong></span> <span class='ocrx_word' id='word_1_174' title='bbox 2315 1441 2484 1510; x_wconf 85' lang='lat' dir='ltr'><strong>gratia</strong></span> <span class='ocrx_word' id='word_1_175' title='bbox 2520 1441 2644 1495; x_wconf 80' lang='lat' dir='ltr'><strong>data</strong></span> <span class='ocrx_word' id='word_1_176' title='bbox 2669 1443 2856 1496; x_wconf 86' lang='lat' dir='ltr'><strong>esset?</strong></span> <span class='ocrx_word' id='word_1_177' title='bbox 2896 1441 2994 1496; x_wconf 89' lang='lat' dir='ltr'><strong>Cui</strong></span> <span class='ocrx_word' id='word_1_178' title='bbox 3031 1442 3472 1512; x_wconf 74' lang='lat' dir='ltr'><strong>archiepiscopus</strong></span> <span class='ocrx_word' id='word_1_179' title='bbox 3501 1459 3597 1498; x_wconf 92' lang='lat' dir='ltr'><strong>co-</strong></span> 
     </span>
    </p>
   </div>
   <div class='ocr_carea' id='block_1_30' title="bbox 2010 1533 3596 1604">
    <p class='ocr_par' dir='ltr' id='par_1_30' title="bbox 2010 1533 3596 1604">
     <span class='ocr_line' id='line_1_30' title="bbox 2010 1533 3596 1604; baseline 0.003 -20"><span class='ocrx_word' id='word_1_180' title='bbox 2010 1546 2127 1584; x_wconf 89' lang='lat' dir='ltr'><strong>ram</strong></span> <span class='ocrx_word' id='word_1_181' title='bbox 2160 1547 2225 1584; x_wconf 87' lang='lat' dir='ltr'><strong>eo</strong></span> <span class='ocrx_word' id='word_1_182' title='bbox 2250 1533 2614 1600; x_wconf 78' lang='lat' dir='ltr'><strong>procumbens</strong></span> <span class='ocrx_word' id='word_1_183' title='bbox 2633 1545 2753 1603; x_wconf 86' lang='lat' dir='ltr'><strong>post</strong></span> <span class='ocrx_word' id='word_1_184' title='bbox 2782 1534 3156 1590; x_wconf 89' lang='lat' dir='ltr'><strong>adorationem</strong></span> <span class='ocrx_word' id='word_1_185' title='bbox 3175 1535 3412 1604; x_wconf 76' lang='lat' dir='ltr'><strong>subjecit</strong></span> <span class='ocrx_word' id='word_1_186' title='bbox 3444 1554 3458 1590; x_wconf 92' lang='lat'><strong>:</strong></span> <span class='ocrx_word' id='word_1_187' title='bbox 3483 1534 3596 1588; x_wconf 84' lang='lat' dir='ltr'><strong>Ma-</strong></span> 
     </span>
    </p>
   </div>
   <div class='ocr_carea' id='block_1_31' title="bbox 2013 1624 3589 1697">
    <p class='ocr_par' dir='ltr' id='par_1_31' title="bbox 2013 1624 3589 1697">
     <span class='ocr_line' id='line_1_31' title="bbox 2013 1624 3589 1697; baseline 0.008 -23"><span class='ocrx_word' id='word_1_188' title='bbox 2013 1638 2170 1691; x_wconf 82' lang='lat' dir='ltr'><strong>gnas,</strong></span> <span class='ocrx_word' id='word_1_189' title='bbox 2206 1624 2544 1691; x_wconf 81' lang='lat' dir='ltr'><strong>picutissitrc</strong></span> <span class='ocrx_word' id='word_1_190' title='bbox 2597 1626 2914 1695; x_wconf 89' lang='lat' dir='ltr'><strong>imperator,</strong></span> <span class='ocrx_word' id='word_1_191' title='bbox 2965 1625 3074 1680; x_wconf 84' lang='lat' dir='ltr'><strong>Deo</strong></span> <span class='ocrx_word' id='word_1_192' title='bbox 3105 1627 3309 1697; x_wconf 84' lang='lat' dir='ltr'><strong>gratias</strong></span> <span class='ocrx_word' id='word_1_193' title='bbox 3354 1629 3589 1697; x_wconf 83' lang='lat' dir='ltr'><strong>agimus.</strong></span> 
     </span>
    </p>
   </div>
   <div class='ocr_carea' id='block_1_32' title="bbox 2023 1714 3594 1787">
    <p class='ocr_par' dir='ltr' id='par_1_32' title="bbox 2023 1714 3594 1787">
     <span class='ocr_line' id='line_1_32' title="bbox 2023 1714 3594 1787; baseline 0.004 -22"><span class='ocrx_word' id='word_1_194' title='bbox 2023 1714 2166 1781; x_wconf 90' lang='lat' dir='ltr'><strong>quod</strong></span> <span class='ocrx_word' id='word_1_195' title='bbox 2203 1714 2337 1768; x_wconf 78' lang='lat' dir='ltr'><strong>ﬁdes</strong></span> <span class='ocrx_word' id='word_1_196' title='bbox 2387 1724 2478 1768; x_wconf 90' lang='lat' dir='ltr'><strong>tua</strong></span> <span class='ocrx_word' id='word_1_197' title='bbox 2528 1725 2581 1768; x_wconf 79' lang='lat' dir='ltr'><strong>et</strong></span> <span class='ocrx_word' id='word_1_198' title='bbox 2613 1716 2815 1770; x_wconf 80' lang='lat' dir='ltr'><strong>illibata</strong></span> <span class='ocrx_word' id='word_1_199' title='bbox 2851 1717 3064 1787; x_wconf 82' lang='lat' dir='ltr'><strong>religio,</strong></span> <span class='ocrx_word' id='word_1_200' title='bbox 3114 1732 3220 1786; x_wconf 86' lang='lat' dir='ltr'><strong>qua</strong></span> <span class='ocrx_word' id='word_1_201' title='bbox 3256 1716 3422 1774; x_wconf 90' lang='lat' dir='ltr'><strong>Deum</strong></span> <span class='ocrx_word' id='word_1_202' title='bbox 3454 1718 3594 1773; x_wconf 76' lang='lat' dir='ltr'><strong>assi-</strong></span> 
     </span>
    </p>
   </div>
   <div class='ocr_carea' id='block_1_33' title="bbox 329 1773 1908 1878">
    <p class='ocr_par' dir='ltr' id='par_1_33' title="bbox 329 1801 1908 1876">
     <span class='ocr_line' id='line_1_33' title="bbox 329 1801 1908 1876; baseline -0.004 -17"><span class='ocrx_word' id='word_1_203' title='bbox 329 1807 690 1859; x_wconf 79' lang='grc' dir='ltr'>εὐσεϐέστατε</span> <span class='ocrx_word' id='word_1_204' title='bbox 725 1805 1074 1876; x_wconf 76' lang='grc' dir='ltr'>αὐτοκράτορ</span> <span class='ocrx_word' id='word_1_205' title='bbox 1093 1845 1108 1870; x_wconf 93' lang='grc'><strong>,</strong></span> <span class='ocrx_word' id='word_1_206' title='bbox 1133 1805 1216 1857; x_wconf 83' lang='grc' dir='ltr'><strong>ὅτι</strong></span> <span class='ocrx_word' id='word_1_207' title='bbox 1237 1806 1270 1874; x_wconf 82' lang='grc' dir='ltr'>ἡ</span> <span class='ocrx_word' id='word_1_208' title='bbox 1305 1805 1488 1866; x_wconf 83' lang='grc' dir='ltr'>πίστις</span> <span class='ocrx_word' id='word_1_209' title='bbox 1509 1803 1604 1856; x_wconf 73' lang='grc' dir='ltr'><strong>καὶ</strong></span> <span class='ocrx_word' id='word_1_210' title='bbox 1633 1805 1666 1873; x_wconf 83' lang='grc' dir='ltr'><strong>ή</strong></span> <span class='ocrx_word' id='word_1_211' title='bbox 1690 1801 1908 1871; x_wconf 72' lang='grc' dir='ltr'>καθαρά</span> 
     </span>
    </p>
   </div>
   <div class='ocr_carea' id='block_1_34' title="bbox 2011 1773 3592 1878">
    <p class='ocr_par' dir='ltr' id='par_1_34' title="bbox 2014 1803 3592 1878">
     <span class='ocr_line' id='line_1_34' title="bbox 2014 1803 3592 1878; baseline 0.002 -20"><span class='ocrx_word' id='word_1_212' title='bbox 2014 1803 2120 1858; x_wconf 85' lang='lat' dir='ltr'><strong>due</strong></span> <span class='ocrx_word' id='word_1_213' title='bbox 2155 1805 2311 1866; x_wconf 90' lang='lat' dir='ltr'><strong>colis,</strong></span> <span class='ocrx_word' id='word_1_214' title='bbox 2345 1813 2512 1875; x_wconf 88' lang='lat' dir='ltr'><strong>atque</strong></span> <span class='ocrx_word' id='word_1_215' title='bbox 2549 1807 2682 1876; x_wconf 78' lang='lat' dir='ltr'><strong>ipsae</strong></span> <span class='ocrx_word' id='word_1_216' title='bbox 2717 1824 2906 1876; x_wconf 87' lang='lat' dir='ltr'><strong>preces</strong></span> <span class='ocrx_word' id='word_1_217' title='bbox 2955 1819 3059 1862; x_wconf 61' lang='lat' dir='ltr'><strong>tua:</strong></span> <span class='ocrx_word' id='word_1_218' title='bbox 3103 1823 3199 1878; x_wconf 86' lang='lat' dir='ltr'><strong>per</strong></span> <span class='ocrx_word' id='word_1_219' title='bbox 3238 1808 3383 1864; x_wconf 83' lang='lat' dir='ltr'><strong>hunc</strong></span> <span class='ocrx_word' id='word_1_220' title='bbox 3417 1811 3592 1863; x_wconf 88' lang='lat' dir='ltr'><strong>virum</strong></span> 
     </span>
    </p>
   </div>
   <div class='ocr_carea' id='block_1_35' title="bbox 329 1892 1906 1967">
    <p class='ocr_par' dir='ltr' id='par_1_35' title="bbox 329 1892 1906 1967">
     <span class='ocr_line' id='line_1_35' title="bbox 329 1892 1906 1967; baseline -0.003 -19"><span class='ocrx_word' id='word_1_221' title='bbox 329 1914 428 1949; x_wconf 88' lang='grc' dir='ltr'><strong>σου</strong></span> <span class='ocrx_word' id='word_1_222' title='bbox 463 1895 711 1966; x_wconf 79' lang='grc' dir='ltr'>λατρεία,</span> <span class='ocrx_word' id='word_1_223' title='bbox 748 1896 816 1967; x_wconf 81' lang='grc' dir='ltr'>ἥν</span> <span class='ocrx_word' id='word_1_224' title='bbox 865 1896 1128 1964; x_wconf 80' lang='grc' dir='ltr'>κέκτησαι</span> <span class='ocrx_word' id='word_1_225' title='bbox 1163 1895 1393 1948; x_wconf 83' lang='grc' dir='ltr'>πάντοτε</span> <span class='ocrx_word' id='word_1_226' title='bbox 1429 1894 1564 1965; x_wconf 86' lang='grc' dir='ltr'>πρὸς</span> <span class='ocrx_word' id='word_1_227' title='bbox 1608 1893 1706 1946; x_wconf 78' lang='grc' dir='ltr'>τὸν</span> <span class='ocrx_word' id='word_1_228' title='bbox 1752 1892 1906 1956; x_wconf 79' lang='grc' dir='ltr'>Θεὸν,</span> 
     </span>
    </p>
   </div>
   <div class='ocr_carea' id='block_1_36' title="bbox 331 1972 1908 2060">
    <p class='ocr_par' dir='ltr' id='par_1_36' title="bbox 331 1972 1908 2060">
     <span class='ocr_line' id='line_1_36' title="bbox 331 1972 1908 2060; baseline -0.006 -16"><span class='ocrx_word' id='word_1_229' title='bbox 331 1991 428 2044; x_wconf 72' lang='grc' dir='ltr'><strong>καὶ</strong></span> <span class='ocrx_word' id='word_1_230' title='bbox 449 1988 582 2060; x_wconf 83' lang='grc' dir='ltr'>μόνη</span> <span class='ocrx_word' id='word_1_231' title='bbox 606 1990 639 2058; x_wconf 80' lang='grc' dir='ltr'><strong>ἡ</strong></span> <span class='ocrx_word' id='word_1_232' title='bbox 670 1988 758 2042; x_wconf 78' lang='grc' dir='ltr'><strong>διὰ</strong></span> <span class='ocrx_word' id='word_1_233' title='bbox 783 1987 875 2040; x_wconf 80' lang='grc' dir='ltr'>σοῦ</span> <span class='ocrx_word' id='word_1_234' title='bbox 901 1988 1035 2060; x_wconf 81' lang='grc' dir='ltr'>εὐχὴ</span> <span class='ocrx_word' id='word_1_235' title='bbox 1057 1987 1356 2060; x_wconf 79' lang='grc' dir='ltr'>ὲνέφραξεν</span> <span class='ocrx_word' id='word_1_236' title='bbox 1383 1985 1455 2038; x_wconf 84' lang='grc' dir='ltr'>τὰ</span> <span class='ocrx_word' id='word_1_237' title='bbox 1480 1985 1589 2038; x_wconf 87' lang='grc' dir='ltr'><strong>τῶν</strong></span> <span class='ocrx_word' id='word_1_238' title='bbox 1613 1972 1908 2055; x_wconf 76' lang='grc' dir='ltr'>αἱρετικῶν</span> 
     </span>
    </p>
   </div>
   <div class='ocr_carea' id='block_1_37' title="bbox 332 2070 1906 2150">
    <p class='ocr_par' dir='ltr' id='par_1_37' title="bbox 332 2070 1906 2150">
     <span class='ocr_line' id='line_1_37' title="bbox 332 2070 1906 2150; baseline -0.003 -19"><span class='ocrx_word' id='word_1_239' title='bbox 332 2081 579 2148; x_wconf 84' lang='grc' dir='ltr'>στόματα</span> <span class='ocrx_word' id='word_1_240' title='bbox 607 2077 694 2130; x_wconf 77' lang='grc' dir='ltr'>διὰ</span> <span class='ocrx_word' id='word_1_241' title='bbox 721 2077 818 2131; x_wconf 85' lang='grc' dir='ltr'>τοῦ</span> <span class='ocrx_word' id='word_1_242' title='bbox 855 2076 1148 2150; x_wconf 86' lang='grc' dir='ltr'>ἀνθρώπου</span> <span class='ocrx_word' id='word_1_243' title='bbox 1179 2075 1390 2130; x_wconf 82' lang='grc' dir='ltr'>τούτου.</span> <span class='ocrx_word' id='word_1_244' title='bbox 1411 2070 1611 2140; x_wconf 66' lang='lat' dir='ltr'><strong>Dii-tog,</strong></span> <span class='ocrx_word' id='word_1_245' title='bbox 1647 2075 1906 2139; x_wconf 82' lang='grc' dir='ltr'>δέσποτα,</span> 
     </span>
    </p>
   </div>
   <div class='ocr_carea' id='block_1_38' title="bbox 331 2166 1910 2240">
    <p class='ocr_par' dir='ltr' id='par_1_38' title="bbox 331 2166 1910 2240">
     <span class='ocr_line' id='line_1_38' title="bbox 331 2166 1910 2240; baseline -0.003 -17"><span class='ocrx_word' id='word_1_246' title='bbox 331 2171 484 2236; x_wconf 80' lang='grc' dir='ltr'>ξένος</span> <span class='ocrx_word' id='word_1_247' title='bbox 512 2171 682 2234; x_wconf 74' lang='grc' dir='ltr'>ἐστιν,</span> <span class='ocrx_word' id='word_1_248' title='bbox 731 2170 828 2223; x_wconf 80' lang='grc' dir='ltr'>καὶ</span> <span class='ocrx_word' id='word_1_249' title='bbox 856 2171 920 2224; x_wconf 84' lang='grc' dir='ltr'><strong>ἐκ</strong></span> <span class='ocrx_word' id='word_1_250' title='bbox 946 2171 1044 2240; x_wconf 77' lang='grc' dir='ltr'>τῆς</span> <span class='ocrx_word' id='word_1_251' title='bbox 1072 2168 1233 2238; x_wconf 83' lang='grc' dir='ltr'>ἁγίας</span> <span class='ocrx_word' id='word_1_252' title='bbox 1260 2167 1466 2230; x_wconf 81' lang='grc' dir='ltr'>πόλεως</span> <span class='ocrx_word' id='word_1_253' title='bbox 1508 2166 1738 2221; x_wconf 72' lang='grc' dir='ltr'>ἐνταῦθα</span> <span class='ocrx_word' id='word_1_254' title='bbox 1780 2183 1910 2218; x_wconf 88' lang='grc' dir='ltr'>κατ-</span> 
     </span>
    </p>
   </div>
   <div class='ocr_carea' id='block_1_39' title="bbox 330 2247 1906 2334">
    <p class='ocr_par' dir='ltr' id='par_1_39' title="bbox 330 2247 1906 2334">
     <span class='ocr_line' id='line_1_39' title="bbox 330 2247 1906 2334; baseline -0.004 -18"><span class='ocrx_word' id='word_1_255' title='bbox 330 2265 587 2334; x_wconf 87' lang='grc' dir='ltr'>ήντησεν.</span> <span class='ocrx_word' id='word_1_256' title='bbox 621 2261 776 2316; x_wconf 77' lang='grc' dir='ltr'>Μετὰ</span> <span class='ocrx_word' id='word_1_257' title='bbox 802 2255 896 2314; x_wconf 86' lang='grc' dir='ltr'><strong>οὖν</strong></span> <span class='ocrx_word' id='word_1_258' title='bbox 921 2261 1140 2332; x_wconf 78' lang='grc' dir='ltr'>ἡμέρας</span> <span class='ocrx_word' id='word_1_259' title='bbox 1163 2261 1352 2328; x_wconf 75' lang='grc' dir='ltr'>ὀλίγας</span> <span class='ocrx_word' id='word_1_260' title='bbox 1377 2247 1666 2312; x_wconf 77' lang='grc' dir='ltr'>ἐκέλευσεν</span> <span class='ocrx_word' id='word_1_261' title='bbox 1693 2261 1720 2310; x_wconf 89' lang='grc' dir='ltr'>ὁ</span> <span class='ocrx_word' id='word_1_262' title='bbox 1752 2257 1906 2328; x_wconf 79' lang='grc' dir='ltr'>βασι-</span> 
     </span>
    </p>
   </div>
   <div class='ocr_carea' id='block_1_40' title="bbox 329 2351 1906 2424">
    <p class='ocr_par' dir='ltr' id='par_1_40' title="bbox 329 2351 1906 2424">
     <span class='ocr_line' id='line_1_40' title="bbox 329 2351 1906 2424; baseline -0.001 -16"><span class='ocrx_word' id='word_1_263' title='bbox 329 2355 456 2420; x_wconf 83' lang='grc' dir='ltr'>λεὺς</span> <span class='ocrx_word' id='word_1_264' title='bbox 489 2355 580 2410; x_wconf 72' lang='grc' dir='ltr'><strong>τὸν</strong></span> <span class='ocrx_word' id='word_1_265' title='bbox 621 2353 924 2424; x_wconf 82' lang='grc' dir='ltr'>Γρηγὸριον</span> <span class='ocrx_word' id='word_1_266' title='bbox 972 2354 1030 2405; x_wconf 75' lang='grc' dir='ltr'>ἐν</span> <span class='ocrx_word' id='word_1_267' title='bbox 1073 2352 1153 2421; x_wconf 84' lang='grc' dir='ltr'>τῷ</span> <span class='ocrx_word' id='word_1_268' title='bbox 1188 2352 1438 2422; x_wconf 82' lang='grc' dir='ltr'>ποιλατίῳ</span> <span class='ocrx_word' id='word_1_269' title='bbox 1475 2351 1906 2423; x_wconf 82' lang='grc' dir='ltr'>παραγενέσθαι.</span> 
     </span>
    </p>
   </div>
   <div class='ocr_carea' id='block_1_41' title="bbox 330 2445 1906 2518">
    <p class='ocr_par' dir='ltr' id='par_1_41' title="bbox 330 2445 1906 2518">
     <span class='ocr_line' id='line_1_41' title="bbox 330 2445 1906 2518; baseline -0.003 -17"><span class='ocrx_word' id='word_1_270' title='bbox 330 2449 442 2502; x_wconf 81' lang='grc' dir='ltr'>Καὶ</span> <span class='ocrx_word' id='word_1_271' title='bbox 482 2446 747 2500; x_wconf 86' lang='grc' dir='ltr'>εἰσελθὼν</span> <span class='ocrx_word' id='word_1_272' title='bbox 779 2447 918 2518; x_wconf 83' lang='grc' dir='ltr'>πρὸς</span> <span class='ocrx_word' id='word_1_273' title='bbox 949 2447 1039 2500; x_wconf 76' lang='grc' dir='ltr'><strong>τὸν</strong></span> <span class='ocrx_word' id='word_1_274' title='bbox 1085 2446 1475 2499; x_wconf 78' lang='grc' dir='ltr'>εὐσεϐέστατον</span> <span class='ocrx_word' id='word_1_275' title='bbox 1506 2445 1736 2515; x_wconf 81' lang='grc' dir='ltr'>βασιλέα</span> <span class='ocrx_word' id='word_1_276' title='bbox 1774 2445 1906 2514; x_wconf 81' lang='grc' dir='ltr'>ἔστη</span> 
     </span>
    </p>
   </div>
   <div class='ocr_carea' id='block_1_42' title="bbox 329 2536 1906 2611">
    <p class='ocr_par' dir='ltr' id='par_1_42' title="bbox 329 2536 1906 2611">
     <span class='ocr_line' id='line_1_42' title="bbox 329 2536 1906 2611; baseline -0.001 -20"><span class='ocrx_word' id='word_1_277' title='bbox 329 2539 642 2611; x_wconf 72' lang='grc' dir='ltr'>ἔμπροσθεν</span> <span class='ocrx_word' id='word_1_278' title='bbox 669 2538 857 2606; x_wconf 82' lang='grc' dir='ltr'>αὐτοῦ,</span> <span class='ocrx_word' id='word_1_279' title='bbox 889 2539 984 2592; x_wconf 73' lang='grc' dir='ltr'><strong>καὶ</strong></span> <span class='ocrx_word' id='word_1_280' title='bbox 1015 2537 1166 2606; x_wconf 83' lang='grc' dir='ltr'>λέγει</span> <span class='ocrx_word' id='word_1_281' title='bbox 1194 2537 1344 2608; x_wconf 83' lang='grc' dir='ltr'>αὐτῷ</span> <span class='ocrx_word' id='word_1_282' title='bbox 1369 2539 1396 2590; x_wconf 93' lang='lat'><strong>6</strong></span> <span class='ocrx_word' id='word_1_283' title='bbox 1423 2536 1678 2608; x_wconf 84' lang='grc' dir='ltr'>βασιλεύς</span> <span class='ocrx_word' id='word_1_284' title='bbox 1698 2554 1712 2568; x_wconf 75' lang='grc'><strong><em>⁸</em></strong></span> <span class='ocrx_word' id='word_1_285' title='bbox 1737 2536 1906 2590; x_wconf 70' lang='grc' dir='ltr'>Πόθεν</span> 
     </span>
    </p>
   </div>
   <div class='ocr_carea' id='block_1_43' title="bbox 329 2629 1905 2699">
    <p class='ocr_par' dir='ltr' id='par_1_43' title="bbox 329 2629 1905 2699">
     <span class='ocr_line' id='line_1_43' title="bbox 329 2629 1905 2699; baseline -0.001 -17"><span class='ocrx_word' id='word_1_286' title='bbox 329 2630 715 2699; x_wconf 82' lang='grc' dir='ltr'>παραγέγονας</span> <span class='ocrx_word' id='word_1_287' title='bbox 741 2669 758 2694; x_wconf 89' lang='grc'><strong>,</strong></span> <span class='ocrx_word' id='word_1_288' title='bbox 802 2631 898 2683; x_wconf 74' lang='grc' dir='ltr'><strong>καὶ</strong></span> <span class='ocrx_word' id='word_1_289' title='bbox 927 2631 993 2683; x_wconf 84' lang='grc' dir='ltr'>ὲκ</span> <span class='ocrx_word' id='word_1_290' title='bbox 1025 2630 1186 2692; x_wconf 84' lang='grc' dir='ltr'>ποίας</span> <span class='ocrx_word' id='word_1_291' title='bbox 1219 2629 1426 2688; x_wconf 86' lang='grc' dir='ltr'>πόλεως</span> <span class='ocrx_word' id='word_1_292' title='bbox 1451 2669 1466 2694; x_wconf 82' lang='grc'><strong>,</strong></span> <span class='ocrx_word' id='word_1_293' title='bbox 1501 2629 1595 2682; x_wconf 70' lang='grc' dir='ltr'><strong>καὶ</strong></span> <span class='ocrx_word' id='word_1_294' title='bbox 1635 2631 1700 2681; x_wconf 82' lang='grc' dir='ltr'><strong>ὲκ</strong></span> <span class='ocrx_word' id='word_1_295' title='bbox 1751 2629 1905 2681; x_wconf 71' lang='grc' dir='ltr'>ποίου</span> 
     </span>
    </p>
   </div>
   <div class='ocr_carea' id='block_1_44' title="bbox 330 2715 1907 2796">
    <p class='ocr_par' dir='ltr' id='par_1_44' title="bbox 330 2715 1907 2796">
     <span class='ocr_line' id='line_1_44' title="bbox 330 2715 1907 2796; baseline 0.001 -26"><span class='ocrx_word' id='word_1_296' title='bbox 330 2719 460 2772; x_wconf 75' lang='grc' dir='ltr'>λαοῦ</span> <span class='ocrx_word' id='word_1_297' title='bbox 498 2715 582 2786; x_wconf 65' lang='lat' dir='ltr'><strong>ei;</strong></span> <span class='ocrx_word' id='word_1_298' title='bbox 618 2719 678 2774; x_wconf 88' lang='grc' dir='ltr'>Ὀ</span> <span class='ocrx_word' id='word_1_299' title='bbox 706 2719 770 2796; x_wconf 26' lang='grc' dir='ltr'><strong>δὲ.</strong></span> <span class='ocrx_word' id='word_1_300' title='bbox 792 2719 974 2789; x_wconf 88' lang='grc' dir='ltr'>λέγει,</span> <span class='ocrx_word' id='word_1_301' title='bbox 1023 2719 1394 2774; x_wconf 83' lang='grc' dir='ltr'>Εὐσεϐέστατε</span> <span class='ocrx_word' id='word_1_302' title='bbox 1427 2721 1802 2791; x_wconf 77' lang='grc' dir='ltr'>αὐτοκράτορ,</span> <span class='ocrx_word' id='word_1_303' title='bbox 1844 2721 1907 2772; x_wconf 78' lang='grc' dir='ltr'>ἐκ</span> 
     </span>
    </p>
   </div>
   <div class='ocr_carea' id='block_1_45' title="bbox 331 2806 1908 2882">
    <p class='ocr_par' dir='ltr' id='par_1_45' title="bbox 331 2806 1908 2882">
     <span class='ocr_line' id='line_1_45' title="bbox 331 2806 1908 2882; baseline -0.003 -16"><span class='ocrx_word' id='word_1_304' title='bbox 331 2811 568 2866; x_wconf 78' lang='grc' dir='ltr'>Σικελῶν</span> <span class='ocrx_word' id='word_1_305' title='bbox 599 2813 872 2882; x_wconf 78' lang='grc' dir='ltr'>ἐπαρχίας</span> <span class='ocrx_word' id='word_1_306' title='bbox 913 2812 1014 2882; x_wconf 81' lang='grc' dir='ltr'>τῆς</span> <span class='ocrx_word' id='word_1_307' title='bbox 1044 2811 1150 2866; x_wconf 84' lang='grc' dir='ltr'>τῶν</span> <span class='ocrx_word' id='word_1_308' title='bbox 1193 2811 1637 2880; x_wconf 84' lang='grc' dir='ltr'>Ἀκραγαντίνων</span> <span class='ocrx_word' id='word_1_309' title='bbox 1679 2806 1908 2882; x_wconf 77' lang='grc' dir='ltr'>Ἐκκλη-</span> 
     </span>
    </p>
   </div>
   <div class='ocr_carea' id='block_1_46' title="bbox 337 2903 1908 2976">
    <p class='ocr_par' dir='ltr' id='par_1_46' title="bbox 337 2903 1908 2976">
     <span class='ocr_line' id='line_1_46' title="bbox 337 2903 1908 2976; baseline 0 -20"><span class='ocrx_word' id='word_1_310' title='bbox 337 2905 456 2968; x_wconf 84' lang='grc' dir='ltr'>σίας</span> <span class='ocrx_word' id='word_1_311' title='bbox 484 2907 718 2976; x_wconf 74' lang='grc' dir='ltr'>ὑπάρχει</span> <span class='ocrx_word' id='word_1_312' title='bbox 743 2907 772 2959; x_wconf 91' lang='lat'><strong>6</strong></span> <span class='ocrx_word' id='word_1_313' title='bbox 802 2904 990 2968; x_wconf 82' lang='grc' dir='ltr'>δοῦλός</span> <span class='ocrx_word' id='word_1_314' title='bbox 1016 2921 1136 2967; x_wconf 81' lang='grc' dir='ltr'>σου,</span> <span class='ocrx_word' id='word_1_315' title='bbox 1165 2905 1258 2958; x_wconf 73' lang='grc' dir='ltr'>καὶ</span> <span class='ocrx_word' id='word_1_316' title='bbox 1295 2903 1587 2975; x_wconf 76' lang='grc' dir='ltr'>διεπέρασε</span> <span class='ocrx_word' id='word_1_317' title='bbox 1621 2904 1702 2967; x_wconf 84' lang='grc' dir='ltr'><strong>είς</strong></span> <span class='ocrx_word' id='word_1_318' title='bbox 1745 2903 1908 2974; x_wconf 89' lang='grc' dir='ltr'>Ἱερο-</span> 
     </span>
    </p>
   </div>
   <div class='ocr_carea' id='block_1_47' title="bbox 338 2993 1906 3067">
    <p class='ocr_par' dir='ltr' id='par_1_47' title="bbox 338 2993 1906 3067">
     <span class='ocr_line' id='line_1_47' title="bbox 338 2993 1906 3067; baseline -0.001 -19"><span class='ocrx_word' id='word_1_319' title='bbox 338 2995 568 3067; x_wconf 81' lang='grc' dir='ltr'>σόλυμα,</span> <span class='ocrx_word' id='word_1_320' title='bbox 600 2995 859 3050; x_wconf 83' lang='grc' dir='ltr'>κάκεῖθεν</span> <span class='ocrx_word' id='word_1_321' title='bbox 884 2995 1116 3067; x_wconf 73' lang='grc' dir='ltr'>ὡρμήθη</span> <span class='ocrx_word' id='word_1_322' title='bbox 1146 2996 1282 3065; x_wconf 81' lang='grc' dir='ltr'>πρὸς</span> <span class='ocrx_word' id='word_1_323' title='bbox 1307 2996 1406 3065; x_wconf 70' lang='grc' dir='ltr'>τὴν</span> <span class='ocrx_word' id='word_1_324' title='bbox 1432 2996 1525 3047; x_wconf 83' lang='grc' dir='ltr'>τοῦ</span> <span class='ocrx_word' id='word_1_325' title='bbox 1551 2993 1642 3047; x_wconf 81' lang='grc' dir='ltr'>σοῦ</span> <span class='ocrx_word' id='word_1_326' title='bbox 1669 2995 1906 3065; x_wconf 81' lang='grc' dir='ltr'>κράτους</span> 
     </span>
    </p>
   </div>
   <div class='ocr_carea' id='block_1_48' title="bbox 309 3085 1974 3174">
    <p class='ocr_par' dir='ltr' id='par_1_48' title="bbox 309 3085 1974 3174">
     <span class='ocr_line' id='line_1_48' title="bbox 309 3085 1974 3174; baseline -0.002 -33"><span class='ocrx_word' id='word_1_327' title='bbox 309 3087 612 3160; x_wconf 76' lang='grc' dir='ltr'>“περιφανῆ</span> <span class='ocrx_word' id='word_1_328' title='bbox 641 3087 818 3141; x_wconf 81' lang='grc' dir='ltr'>πόλιν.</span> <span class='ocrx_word' id='word_1_329' title='bbox 862 3086 920 3140; x_wconf 85' lang='lat'><strong>&#39;0</strong></span> <span class='ocrx_word' id='word_1_330' title='bbox 947 3087 1004 3139; x_wconf 81' lang='grc' dir='ltr'><strong>δὲ</strong></span> <span class='ocrx_word' id='word_1_331' title='bbox 1055 3085 1309 3157; x_wconf 82' lang='grc' dir='ltr'>βασιλεὺς</span> <span class='ocrx_word' id='word_1_332' title='bbox 1343 3085 1490 3154; x_wconf 84' lang='grc' dir='ltr'>λέγει</span> <span class='ocrx_word' id='word_1_333' title='bbox 1521 3085 1704 3156; x_wconf 79' lang='grc' dir='ltr'>αὐτῷ·</span> <span class='ocrx_word' id='word_1_334' title='bbox 1741 3085 1905 3138; x_wconf 83' lang='grc' dir='ltr'>Εὐλο-</span> <span class='ocrx_word' id='word_1_335' title='bbox 1933 3119 1974 3174; x_wconf 78' lang='lat' dir='ltr'>C</span> 
     </span>
    </p>
   </div>
   <div class='ocr_carea' id='block_1_49' title="bbox 331 3177 1902 3250">
    <p class='ocr_par' dir='ltr' id='par_1_49' title="bbox 331 3177 1902 3250">
     <span class='ocr_line' id='line_1_49' title="bbox 331 3177 1902 3250; baseline -0.004 -15"><span class='ocrx_word' id='word_1_336' title='bbox 331 3181 572 3250; x_wconf 74' lang='grc' dir='ltr'>γημένος</span> <span class='ocrx_word' id='word_1_337' title='bbox 602 3181 666 3234; x_wconf 87' lang='grc' dir='ltr'><strong>σὺ</strong></span> <span class='ocrx_word' id='word_1_338' title='bbox 685 3220 698 3244; x_wconf 86' lang='grc'><strong>,</strong></span> <span class='ocrx_word' id='word_1_339' title='bbox 744 3178 999 3248; x_wconf 79' lang='grc' dir='ltr'>ἄνθρωπε</span> <span class='ocrx_word' id='word_1_340' title='bbox 1027 3179 1121 3232; x_wconf 85' lang='grc' dir='ltr'>τοῦ</span> <span class='ocrx_word' id='word_1_341' title='bbox 1152 3178 1308 3243; x_wconf 80' lang='grc' dir='ltr'>Θεοῦ,</span> <span class='ocrx_word' id='word_1_342' title='bbox 1348 3179 1440 3231; x_wconf 75' lang='grc' dir='ltr'>καὶ</span> <span class='ocrx_word' id='word_1_343' title='bbox 1470 3177 1834 3248; x_wconf 78' lang='grc' dir='ltr'>εὐλογημένος</span> <span class='ocrx_word' id='word_1_344' title='bbox 1873 3178 1902 3229; x_wconf 90' lang='lat'><strong>6</strong></span> 
     </span>
    </p>
   </div>
   <div class='ocr_carea' id='block_1_50' title="bbox 327 3269 1901 3343">
    <p class='ocr_par' dir='ltr' id='par_1_50' title="bbox 327 3269 1901 3343">
     <span class='ocr_line' id='line_1_50' title="bbox 327 3269 1901 3343; baseline -0.003 -18"><span class='ocrx_word' id='word_1_345' title='bbox 327 3273 529 3343; x_wconf 87' lang='grc' dir='ltr'>τρόπος</span> <span class='ocrx_word' id='word_1_346' title='bbox 570 3290 686 3338; x_wconf 83' lang='grc' dir='ltr'>σου,</span> <span class='ocrx_word' id='word_1_347' title='bbox 737 3272 832 3325; x_wconf 74' lang='grc' dir='ltr'><strong>καὶ</strong></span> <span class='ocrx_word' id='word_1_348' title='bbox 869 3271 1210 3341; x_wconf 77' lang='grc' dir='ltr'>εὐλογημένη</span> <span class='ocrx_word' id='word_1_349' title='bbox 1255 3273 1287 3338; x_wconf 85' lang='grc' dir='ltr'><strong>ἡ</strong></span> <span class='ocrx_word' id='word_1_350' title='bbox 1339 3271 1474 3341; x_wconf 66' lang='grc' dir='ltr'>πρὸς</span> <span class='ocrx_word' id='word_1_351' title='bbox 1507 3271 1657 3341; x_wconf 83' lang='grc' dir='ltr'>ἡμᾶς</span> <span class='ocrx_word' id='word_1_352' title='bbox 1697 3269 1901 3332; x_wconf 71' lang='grc' dir='ltr'>εἴσοδος</span> 
     </span>
    </p>
   </div>
   <div class='ocr_carea' id='block_1_51' title="bbox 325 3359 1900 3433">
    <p class='ocr_par' dir='ltr' id='par_1_51' title="bbox 325 3359 1900 3433">
     <span class='ocr_line' id='line_1_51' title="bbox 325 3359 1900 3433; baseline -0.001 -19"><span class='ocrx_word' id='word_1_353' title='bbox 325 3365 426 3431; x_wconf 79' lang='grc' dir='ltr'>τῆς</span> <span class='ocrx_word' id='word_1_354' title='bbox 469 3359 772 3433; x_wconf 79' lang='grc' dir='ltr'>παρουσίας</span> <span class='ocrx_word' id='word_1_355' title='bbox 828 3379 958 3417; x_wconf 78' lang='grc' dir='ltr'><strong>σου⁸</strong></span> <span class='ocrx_word' id='word_1_356' title='bbox 996 3365 1076 3417; x_wconf 79' lang='grc' dir='ltr'><strong>ὅτι</strong></span> <span class='ocrx_word' id='word_1_357' title='bbox 1125 3361 1298 3424; x_wconf 76' lang='grc' dir='ltr'>οὕτως</span> <span class='ocrx_word' id='word_1_358' title='bbox 1346 3360 1721 3414; x_wconf 81' lang='grc' dir='ltr'>ἀποκαλύπτει</span> <span class='ocrx_word' id='word_1_359' title='bbox 1777 3359 1900 3412; x_wconf 82' lang='grc' dir='ltr'>καθ’</span> 
     </span>
    </p>
   </div>
   <div class='ocr_carea' id='block_1_52' title="bbox 329 3452 1899 3528">
    <p class='ocr_par' dir='ltr' id='par_1_52' title="bbox 329 3452 1899 3528">
     <span class='ocr_line' id='line_1_52' title="bbox 329 3452 1899 3528; baseline -0.002 -22"><span class='ocrx_word' id='word_1_360' title='bbox 329 3453 569 3528; x_wconf 72' lang='grc' dir='ltr'>ἑκάστην</span> <span class='ocrx_word' id='word_1_361' title='bbox 601 3456 796 3525; x_wconf 74' lang='grc' dir='ltr'>γενεὰν</span> <span class='ocrx_word' id='word_1_362' title='bbox 831 3457 922 3508; x_wconf 76' lang='grc' dir='ltr'>καὶ</span> <span class='ocrx_word' id='word_1_363' title='bbox 947 3453 1140 3524; x_wconf 77' lang='grc' dir='ltr'>γενεὰν</span> <span class='ocrx_word' id='word_1_364' title='bbox 1177 3453 1456 3524; x_wconf 75' lang='grc' dir='ltr'>μυστήρια</span> <span class='ocrx_word' id='word_1_365' title='bbox 1482 3454 1595 3514; x_wconf 80' lang='grc' dir='ltr'>τοῖς</span> <span class='ocrx_word' id='word_1_366' title='bbox 1631 3452 1899 3522; x_wconf 77' lang='grc' dir='ltr'>φοϐουμέ-</span> 
     </span>
    </p>
   </div>
   <div class='ocr_carea' id='block_1_53' title="bbox 2012 1895 3598 1965">
    <p class='ocr_par' dir='ltr' id='par_1_53' title="bbox 2012 1895 3598 1965">
     <span class='ocr_line' id='line_1_53' title="bbox 2012 1895 3598 1965; baseline 0.004 -17"><span class='ocrx_word' id='word_1_367' title='bbox 2012 1911 2105 1948; x_wconf 85' lang='lat' dir='ltr'><strong>ora</strong></span> <span class='ocrx_word' id='word_1_368' title='bbox 2138 1895 2522 1950; x_wconf 79' lang='lat' dir='ltr'><strong>ba-rcticorum</strong></span> <span class='ocrx_word' id='word_1_369' title='bbox 2557 1898 2976 1954; x_wconf 83' lang='lat' dir='ltr'><strong>obstruxerunt.</strong></span> <span class='ocrx_word' id='word_1_370' title='bbox 3020 1898 3191 1953; x_wconf 91' lang='lat' dir='ltr'><strong>Porro</strong></span> <span class='ocrx_word' id='word_1_371' title='bbox 3225 1900 3307 1953; x_wconf 77' lang='lat' dir='ltr'><strong>vir</strong></span> <span class='ocrx_word' id='word_1_372' title='bbox 3347 1899 3456 1965; x_wconf 86' lang='lat' dir='ltr'><strong>hic,</strong></span> <span class='ocrx_word' id='word_1_373' title='bbox 3501 1901 3598 1954; x_wconf 71' lang='lat' dir='ltr'><strong>du-</strong></span> 
     </span>
    </p>
   </div>
   <div class='ocr_carea' id='block_1_54' title="bbox 2013 1985 3594 2062">
    <p class='ocr_par' dir='ltr' id='par_1_54' title="bbox 2013 1985 3594 2062">
     <span class='ocr_line' id='line_1_54' title="bbox 2013 1985 3594 2062; baseline 0.003 -24"><span class='ocrx_word' id='word_1_374' title='bbox 2013 1985 2180 2050; x_wconf 82' lang='lat' dir='ltr'><strong>mine,</strong></span> <span class='ocrx_word' id='word_1_375' title='bbox 2215 1987 2417 2056; x_wconf 86' lang='lat' dir='ltr'><strong>hospes</strong></span> <span class='ocrx_word' id='word_1_376' title='bbox 2446 1997 2548 2050; x_wconf 86' lang='lat' dir='ltr'><strong>est,</strong></span> <span class='ocrx_word' id='word_1_377' title='bbox 2581 1997 2746 2058; x_wconf 89' lang='lat' dir='ltr'><strong>atque</strong></span> <span class='ocrx_word' id='word_1_378' title='bbox 2778 1989 2886 2044; x_wconf 86' lang='lat' dir='ltr'><strong>huc</strong></span> <span class='ocrx_word' id='word_1_379' title='bbox 2918 2005 2980 2044; x_wconf 81' lang='lat' dir='ltr'><strong>ex</strong></span> <span class='ocrx_word' id='word_1_380' title='bbox 3008 1999 3194 2046; x_wconf 86' lang='lat' dir='ltr'><strong>sancta</strong></span> <span class='ocrx_word' id='word_1_381' title='bbox 3227 1991 3445 2046; x_wconf 85' lang='lat' dir='ltr'><strong>civitate</strong></span> <span class='ocrx_word' id='word_1_382' title='bbox 3471 2007 3594 2062; x_wconf 85' lang='lat' dir='ltr'><strong>per-</strong></span> 
     </span>
    </p>
   </div>
   <div class='ocr_carea' id='block_1_55' title="bbox 2010 2075 3596 2150">
    <p class='ocr_par' dir='ltr' id='par_1_55' title="bbox 2010 2075 3596 2150">
     <span class='ocr_line' id='line_1_55' title="bbox 2010 2075 3596 2150; baseline 0.004 -22"><span class='ocrx_word' id='word_1_383' title='bbox 2010 2076 2183 2128; x_wconf 75' lang='lat' dir='ltr'><strong>venit.</strong></span> <span class='ocrx_word' id='word_1_384' title='bbox 2210 2075 2500 2131; x_wconf 86' lang='lat' dir='ltr'><strong>Enimvero</strong></span> <span class='ocrx_word' id='word_1_385' title='bbox 2523 2083 2646 2146; x_wconf 86' lang='lat' dir='ltr'><strong>post</strong></span> <span class='ocrx_word' id='word_1_386' title='bbox 2671 2077 2882 2147; x_wconf 87' lang='lat' dir='ltr'><strong>aliquot</strong></span> <span class='ocrx_word' id='word_1_387' title='bbox 2917 2079 3034 2150; x_wconf 81' lang='lat' dir='ltr'><strong>dies</strong></span> <span class='ocrx_word' id='word_1_388' title='bbox 3061 2079 3386 2150; x_wconf 82' lang='lat' dir='ltr'><strong>Gregorium</strong></span> <span class='ocrx_word' id='word_1_389' title='bbox 3423 2082 3476 2135; x_wconf 89' lang='lat' dir='ltr'><strong>in</strong></span> <span class='ocrx_word' id='word_1_390' title='bbox 3509 2096 3596 2134; x_wconf 84' lang='lat' dir='ltr'><strong>re-</strong></span> 
     </span>
    </p>
   </div>
   <div class='ocr_carea' id='block_1_56' title="bbox 2011 2166 3595 2238">
    <p class='ocr_par' dir='ltr' id='par_1_56' title="bbox 2011 2166 3595 2238">
     <span class='ocr_line' id='line_1_56' title="bbox 2011 2166 3595 2238; baseline 0.006 -20"><span class='ocrx_word' id='word_1_391' title='bbox 2011 2166 2154 2235; x_wconf 85' lang='lat' dir='ltr'><strong>giam</strong></span> <span class='ocrx_word' id='word_1_392' title='bbox 2187 2167 2266 2222; x_wconf 91' lang='lat' dir='ltr'><strong>ire</strong></span> <span class='ocrx_word' id='word_1_393' title='bbox 2295 2168 2592 2238; x_wconf 88' lang='lat' dir='ltr'><strong>imperator</strong></span> <span class='ocrx_word' id='word_1_394' title='bbox 2619 2169 2798 2238; x_wconf 86' lang='lat' dir='ltr'><strong>jubet,</strong></span> <span class='ocrx_word' id='word_1_395' title='bbox 2847 2180 2902 2224; x_wconf 92' lang='lat' dir='ltr'><strong>et</strong></span> <span class='ocrx_word' id='word_1_396' title='bbox 2955 2186 3140 2226; x_wconf 90' lang='lat' dir='ltr'><strong>coram</strong></span> <span class='ocrx_word' id='word_1_397' title='bbox 3173 2173 3470 2226; x_wconf 68' lang='lat' dir='ltr'><strong>admissum</strong></span> <span class='ocrx_word' id='word_1_398' title='bbox 3513 2173 3595 2228; x_wconf 91' lang='lat' dir='ltr'><strong>sic</strong></span> 
     </span>
    </p>
   </div>
   <div class='ocr_carea' id='block_1_57' title="bbox 2010 2257 3594 2332">
    <p class='ocr_par' dir='ltr' id='par_1_57' title="bbox 2010 2257 3594 2332">
     <span class='ocr_line' id='line_1_57' title="bbox 2010 2257 3594 2332; baseline 0.005 -20"><span class='ocrx_word' id='word_1_399' title='bbox 2010 2257 2258 2314; x_wconf 64' lang='grc' dir='ltr'>σπείων-ι</span> <span class='ocrx_word' id='word_1_400' title='bbox 2295 2259 2578 2314; x_wconf 90' lang='lat' dir='ltr'><strong>Undenam</strong></span> <span class='ocrx_word' id='word_1_401' title='bbox 2623 2262 2912 2324; x_wconf 79' lang='lat' dir='ltr'><strong>advenisti,</strong></span> <span class='ocrx_word' id='word_1_402' title='bbox 2954 2275 3009 2318; x_wconf 85' lang='lat' dir='ltr'><strong>et</strong></span> <span class='ocrx_word' id='word_1_403' title='bbox 3043 2277 3149 2332; x_wconf 91' lang='lat' dir='ltr'><strong>qua</strong></span> <span class='ocrx_word' id='word_1_404' title='bbox 3178 2280 3243 2318; x_wconf 83' lang='lat' dir='ltr'><strong>ex</strong></span> <span class='ocrx_word' id='word_1_405' title='bbox 3293 2265 3426 2318; x_wconf 85' lang='lat' dir='ltr'><strong>urbe</strong></span> <span class='ocrx_word' id='word_1_406' title='bbox 3454 2281 3594 2332; x_wconf 86' lang='lat' dir='ltr'><strong>quo-</strong></span> 
     </span>
    </p>
   </div>
   <div class='ocr_carea' id='block_1_58' title="bbox 2009 2351 3594 2424">
    <p class='ocr_par' dir='ltr' id='par_1_58' title="bbox 2009 2351 3594 2424">
     <span class='ocr_line' id='line_1_58' title="bbox 2009 2351 3594 2424; baseline 0.005 -21"><span class='ocrx_word' id='word_1_407' title='bbox 2009 2365 2076 2405; x_wconf 89' lang='lat' dir='ltr'><strong>ve</strong></span> <span class='ocrx_word' id='word_1_408' title='bbox 2111 2365 2142 2404; x_wconf 89' lang='lat' dir='ltr'><strong>e</strong></span> <span class='ocrx_word' id='word_1_409' title='bbox 2185 2351 2390 2420; x_wconf 89' lang='lat' dir='ltr'><strong>popqu</strong></span> <span class='ocrx_word' id='word_1_410' title='bbox 2415 2366 2474 2406; x_wconf 90' lang='lat' dir='ltr'><strong>cs</strong></span> <span class='ocrx_word' id='word_1_411' title='bbox 2501 2354 2524 2406; x_wconf 89' lang='lat'><strong>?</strong></span> <span class='ocrx_word' id='word_1_412' title='bbox 2555 2353 2654 2407; x_wconf 88' lang='lat' dir='ltr'><strong>Cui</strong></span> <span class='ocrx_word' id='word_1_413' title='bbox 2707 2354 2794 2408; x_wconf 89' lang='lat' dir='ltr'><strong>ille</strong></span> <span class='ocrx_word' id='word_1_414' title='bbox 2825 2371 2838 2405; x_wconf 91' lang='lat'><strong>:</strong></span> <span class='ocrx_word' id='word_1_415' title='bbox 2877 2353 2954 2407; x_wconf 76' lang='lat' dir='ltr'><strong>Ex</strong></span> <span class='ocrx_word' id='word_1_416' title='bbox 2991 2355 3270 2424; x_wconf 84' lang='lat' dir='ltr'><strong>provincia</strong></span> <span class='ocrx_word' id='word_1_417' title='bbox 3315 2355 3503 2410; x_wconf 90' lang='lat' dir='ltr'><strong>Sicilia</strong></span> <span class='ocrx_word' id='word_1_418' title='bbox 3539 2370 3594 2412; x_wconf 86' lang='lat' dir='ltr'><strong>ct</strong></span> 
     </span>
    </p>
   </div>
   <div class='ocr_carea' id='block_1_59' title="bbox 2009 2443 3591 2520">
    <p class='ocr_par' dir='ltr' id='par_1_59' title="bbox 2009 2443 3591 2520">
     <span class='ocr_line' id='line_1_59' title="bbox 2009 2443 3591 2520; baseline 0.004 -23"><span class='ocrx_word' id='word_1_419' title='bbox 2009 2459 2074 2497; x_wconf 79' lang='lat' dir='ltr'><strong>ex</strong></span> <span class='ocrx_word' id='word_1_420' title='bbox 2112 2443 2352 2500; x_wconf 88' lang='lat' dir='ltr'><strong>Ecclesia</strong></span> <span class='ocrx_word' id='word_1_421' title='bbox 2389 2445 2746 2518; x_wconf 82' lang='lat' dir='ltr'><strong>Agrigentina</strong></span> <span class='ocrx_word' id='word_1_422' title='bbox 2777 2455 2860 2502; x_wconf 86' lang='lat' dir='ltr'><strong>est</strong></span> <span class='ocrx_word' id='word_1_423' title='bbox 2886 2464 3081 2504; x_wconf 84' lang='lat' dir='ltr'><strong>servus</strong></span> <span class='ocrx_word' id='word_1_424' title='bbox 3115 2458 3266 2511; x_wconf 90' lang='lat' dir='ltr'><strong>tuus,</strong></span> <span class='ocrx_word' id='word_1_425' title='bbox 3294 2463 3328 2504; x_wconf 89' lang='grc' dir='ltr'><strong>ο</strong></span> <span class='ocrx_word' id='word_1_426' title='bbox 3358 2449 3591 2520; x_wconf 86' lang='lat' dir='ltr'><strong>pientis-</strong></span> 
     </span>
    </p>
   </div>
   <div class='ocr_carea' id='block_1_60' title="bbox 2011 2537 3594 2611">
    <p class='ocr_par' dir='ltr' id='par_1_60' title="bbox 2011 2537 3594 2611">
     <span class='ocr_line' id='line_1_60' title="bbox 2011 2537 3594 2611; baseline 0.004 -21"><span class='ocrx_word' id='word_1_427' title='bbox 2011 2537 2154 2592; x_wconf 89' lang='lat' dir='ltr'><strong>sime</strong></span> <span class='ocrx_word' id='word_1_428' title='bbox 2195 2537 2516 2607; x_wconf 88' lang='lat' dir='ltr'><strong>imperator,</strong></span> <span class='ocrx_word' id='word_1_429' title='bbox 2553 2539 2646 2608; x_wconf 88' lang='lat' dir='ltr'><strong>qui</strong></span> <span class='ocrx_word' id='word_1_430' title='bbox 2696 2537 2976 2608; x_wconf 78' lang='lat' dir='ltr'><strong>profectus</strong></span> <span class='ocrx_word' id='word_1_431' title='bbox 3027 2539 3424 2611; x_wconf 84' lang='lat' dir='ltr'><strong>Hierosolyma,</strong></span> <span class='ocrx_word' id='word_1_432' title='bbox 3465 2541 3594 2597; x_wconf 90' lang='lat' dir='ltr'><strong>inde</strong></span> 
     </span>
    </p>
   </div>
   <div class='ocr_carea' id='block_1_61' title="bbox 2010 2629 3586 2700">
    <p class='ocr_par' dir='ltr' id='par_1_61' title="bbox 2010 2629 3586 2700">
     <span class='ocr_line' id='line_1_61' title="bbox 2010 2629 3586 2700; baseline 0.001 -16"><span class='ocrx_word' id='word_1_433' title='bbox 2010 2629 2078 2684; x_wconf 87' lang='lat' dir='ltr'><strong>ad</strong></span> <span class='ocrx_word' id='word_1_434' title='bbox 2106 2629 2586 2699; x_wconf 78' lang='lat' dir='ltr'><strong>praeclarissimam</strong></span> <span class='ocrx_word' id='word_1_435' title='bbox 2621 2630 2835 2700; x_wconf 80' lang='lat' dir='ltr'><strong>imperii</strong></span> <span class='ocrx_word' id='word_1_436' title='bbox 2881 2631 2956 2685; x_wconf 87' lang='lat' dir='ltr'><strong>tui</strong></span> <span class='ocrx_word' id='word_1_437' title='bbox 2990 2633 3180 2685; x_wconf 87' lang='lat' dir='ltr'><strong>urbem</strong></span> <span class='ocrx_word' id='word_1_438' title='bbox 3227 2632 3442 2688; x_wconf 83' lang='lat' dir='ltr'><strong>delatus</strong></span> <span class='ocrx_word' id='word_1_439' title='bbox 3484 2643 3586 2689; x_wconf 87' lang='lat' dir='ltr'><strong>est.</strong></span> 
     </span>
    </p>
   </div>
   <div class='ocr_carea' id='block_1_62' title="bbox 2013 2720 3590 2790">
    <p class='ocr_par' dir='ltr' id='par_1_62' title="bbox 2013 2720 3590 2790">
     <span class='ocr_line' id='line_1_62' title="bbox 2013 2720 3590 2790; baseline 0.002 -17"><span class='ocrx_word' id='word_1_440' title='bbox 2013 2720 2318 2790; x_wconf 85' lang='lat' dir='ltr'><strong>imperator</strong></span> <span class='ocrx_word' id='word_1_441' title='bbox 2368 2736 2498 2776; x_wconf 91' lang='lat' dir='ltr'><strong>vero</strong></span> <span class='ocrx_word' id='word_1_442' title='bbox 2535 2739 2548 2776; x_wconf 89' lang='lat'>:</span> <span class='ocrx_word' id='word_1_443' title='bbox 2583 2720 2747 2785; x_wconf 88' lang='lat' dir='ltr'><strong>Bene,</strong></span> <span class='ocrx_word' id='word_1_444' title='bbox 2799 2721 2998 2790; x_wconf 89' lang='lat' dir='ltr'><strong>inquit,</strong></span> <span class='ocrx_word' id='word_1_445' title='bbox 3064 2722 3158 2776; x_wconf 90' lang='lat' dir='ltr'><strong>tibi</strong></span> <span class='ocrx_word' id='word_1_446' title='bbox 3210 2723 3304 2789; x_wconf 89' lang='lat' dir='ltr'><strong>sit,</strong></span> <span class='ocrx_word' id='word_1_447' title='bbox 3351 2724 3430 2776; x_wconf 88' lang='lat' dir='ltr'><strong>vir</strong></span> <span class='ocrx_word' id='word_1_448' title='bbox 3479 2723 3590 2778; x_wconf 89' lang='lat' dir='ltr'><strong>Deo</strong></span> 
     </span>
    </p>
   </div>
   <div class='ocr_carea' id='block_1_63' title="bbox 2009 2809 3590 2878">
    <p class='ocr_par' dir='ltr' id='par_1_63' title="bbox 2009 2809 3590 2878">
     <span class='ocr_line' id='line_1_63' title="bbox 2009 2809 3590 2878; baseline 0.003 -14"><span class='ocrx_word' id='word_1_449' title='bbox 2009 2809 2200 2877; x_wconf 89' lang='lat' dir='ltr'><strong>cbare,</strong></span> <span class='ocrx_word' id='word_1_450' title='bbox 2236 2811 2378 2866; x_wconf 89' lang='lat' dir='ltr'><strong>bene</strong></span> <span class='ocrx_word' id='word_1_451' title='bbox 2407 2811 2653 2866; x_wconf 87' lang='lat' dir='ltr'><strong>moribus</strong></span> <span class='ocrx_word' id='word_1_452' title='bbox 2691 2811 2822 2878; x_wconf 89' lang='lat' dir='ltr'><strong>tuis,</strong></span> <span class='ocrx_word' id='word_1_453' title='bbox 2853 2811 2993 2866; x_wconf 87' lang='lat' dir='ltr'><strong>bene</strong></span> <span class='ocrx_word' id='word_1_454' title='bbox 3042 2813 3172 2866; x_wconf 89' lang='lat' dir='ltr'><strong>item</strong></span> <span class='ocrx_word' id='word_1_455' title='bbox 3207 2813 3464 2870; x_wconf 86' lang='lat' dir='ltr'><strong>adventui</strong></span> <span class='ocrx_word' id='word_1_456' title='bbox 3495 2825 3590 2870; x_wconf 89' lang='lat' dir='ltr'><strong>tuo</strong></span> 
     </span>
    </p>
   </div>
   <div class='ocr_carea' id='block_1_64' title="bbox 2007 2904 3590 2978">
    <p class='ocr_par' dir='ltr' id='par_1_64' title="bbox 2007 2904 3590 2978">
     <span class='ocr_line' id='line_1_64' title="bbox 2007 2904 3590 2978; baseline 0.003 -20"><span class='ocrx_word' id='word_1_457' title='bbox 2007 2912 2172 2974; x_wconf 90' lang='lat' dir='ltr'><strong>atque</strong></span> <span class='ocrx_word' id='word_1_458' title='bbox 2200 2905 2506 2974; x_wconf 83' lang='lat' dir='ltr'><strong>praesentiae</strong></span> <span class='ocrx_word' id='word_1_459' title='bbox 2544 2922 2558 2959; x_wconf 89' lang='lat'>:</span> <span class='ocrx_word' id='word_1_460' title='bbox 2595 2904 3038 2974; x_wconf 89' lang='lat' dir='ltr'><strong>quandoquidem</strong></span> <span class='ocrx_word' id='word_1_461' title='bbox 3075 2904 3154 2961; x_wconf 90' lang='lat' dir='ltr'><strong>sic</strong></span> <span class='ocrx_word' id='word_1_462' title='bbox 3183 2905 3326 2962; x_wconf 89' lang='lat' dir='ltr'><strong>Deus</strong></span> <span class='ocrx_word' id='word_1_463' title='bbox 3359 2907 3590 2978; x_wconf 75' lang='lat' dir='ltr'><strong>singulis</strong></span> 
     </span>
    </p>
   </div>
   <div class='ocr_carea' id='block_1_65' title="bbox 2007 2996 3591 3070">
    <p class='ocr_par' dir='ltr' id='par_1_65' title="bbox 2007 2996 3591 3070">
     <span class='ocr_line' id='line_1_65' title="bbox 2007 2996 3591 3070; baseline 0.004 -23"><span class='ocrx_word' id='word_1_464' title='bbox 2007 2996 2263 3052; x_wconf 64' lang='lat' dir='ltr'><strong>aetatibus</strong></span> <span class='ocrx_word' id='word_1_465' title='bbox 2297 2997 2560 3067; x_wconf 79' lang='lat' dir='ltr'><strong>mysteria</strong></span> <span class='ocrx_word' id='word_1_466' title='bbox 2592 3011 2692 3052; x_wconf 88' lang='lat' dir='ltr'><strong>sua</strong></span> <span class='ocrx_word' id='word_1_467' title='bbox 2725 2996 2791 3052; x_wconf 85' lang='lat' dir='ltr'><strong>iis</strong></span> <span class='ocrx_word' id='word_1_468' title='bbox 2823 2999 3048 3063; x_wconf 80' lang='lat' dir='ltr'><strong>revelat,</strong></span> <span class='ocrx_word' id='word_1_469' title='bbox 3102 2999 3195 3070; x_wconf 87' lang='lat' dir='ltr'><strong>qui</strong></span> <span class='ocrx_word' id='word_1_470' title='bbox 3235 3015 3358 3052; x_wconf 91' lang='lat' dir='ltr'><strong>cum</strong></span> <span class='ocrx_word' id='word_1_471' title='bbox 3399 3000 3591 3054; x_wconf 83' lang='lat' dir='ltr'><strong>timent</strong></span> 
     </span>
    </p>
   </div>
   <div class='ocr_carea' id='block_1_66' title="bbox 2007 3089 3589 3162">
    <p class='ocr_par' dir='ltr' id='par_1_66' title="bbox 2007 3089 3589 3162">
     <span class='ocr_line' id='line_1_66' title="bbox 2007 3089 3589 3162; baseline 0.004 -22"><span class='ocrx_word' id='word_1_472' title='bbox 2007 3095 2062 3141; x_wconf 90' lang='lat' dir='ltr'><strong>et</strong></span> <span class='ocrx_word' id='word_1_473' title='bbox 2084 3089 2349 3144; x_wconf 83' lang='lat' dir='ltr'><strong>voluntati</strong></span> <span class='ocrx_word' id='word_1_474' title='bbox 2377 3089 2495 3158; x_wconf 80' lang='lat' dir='ltr'><strong>ejus</strong></span> <span class='ocrx_word' id='word_1_475' title='bbox 2522 3090 2911 3160; x_wconf 88' lang='lat' dir='ltr'><strong>obsequuntur</strong></span> <span class='ocrx_word' id='word_1_476' title='bbox 2940 3111 2955 3146; x_wconf 88' lang='lat'><strong>:</strong></span> <span class='ocrx_word' id='word_1_477' title='bbox 2989 3092 3109 3146; x_wconf 88' lang='lat' dir='ltr'><strong>laus</strong></span> <span class='ocrx_word' id='word_1_478' title='bbox 3140 3094 3276 3146; x_wconf 87' lang='lat' dir='ltr'><strong>vero&#39;</strong></span> <span class='ocrx_word' id='word_1_479' title='bbox 3297 3101 3462 3162; x_wconf 89' lang='lat' dir='ltr'><strong>atque</strong></span> <span class='ocrx_word' id='word_1_480' title='bbox 3484 3093 3589 3148; x_wconf 87' lang='lat' dir='ltr'><strong>bo—</strong></span> 
     </span>
    </p>
   </div>
   <div class='ocr_carea' id='block_1_67' title="bbox 2009 3182 3589 3253">
    <p class='ocr_par' dir='ltr' id='par_1_67' title="bbox 2009 3182 3589 3253">
     <span class='ocr_line' id='line_1_67' title="bbox 2009 3182 3589 3253; baseline 0.005 -20"><span class='ocrx_word' id='word_1_481' title='bbox 2009 3193 2112 3233; x_wconf 90' lang='lat' dir='ltr'><strong>nor</strong></span> <span class='ocrx_word' id='word_1_482' title='bbox 2141 3189 2333 3235; x_wconf 90' lang='lat' dir='ltr'><strong>sancto</strong></span> <span class='ocrx_word' id='word_1_483' title='bbox 2371 3183 2579 3236; x_wconf 87' lang='lat' dir='ltr'><strong>nomini</strong></span> <span class='ocrx_word' id='word_1_484' title='bbox 2609 3182 2728 3252; x_wconf 88' lang='lat' dir='ltr'><strong>ejus</strong></span> <span class='ocrx_word' id='word_1_485' title='bbox 2761 3183 3053 3245; x_wconf 82' lang='lat' dir='ltr'><strong>tribuatur,</strong></span> <span class='ocrx_word' id='word_1_486' title='bbox 3089 3183 3181 3253; x_wconf 91' lang='lat' dir='ltr'><strong>qui</strong></span> <span class='ocrx_word' id='word_1_487' title='bbox 3209 3183 3404 3240; x_wconf 88' lang='lat' dir='ltr'><strong>diebus</strong></span> <span class='ocrx_word' id='word_1_488' title='bbox 3439 3185 3589 3241; x_wconf 84' lang='lat' dir='ltr'><strong>hisce</strong></span> 
     </span>
    </p>
   </div>
   <div class='ocr_carea' id='block_1_68' title="bbox 2009 3271 3694 3344">
    <p class='ocr_par' dir='ltr' id='par_1_68' title="bbox 2009 3271 3694 3344">
     <span class='ocr_line' id='line_1_68' title="bbox 2009 3271 3694 3344; baseline 0.004 -20"><span class='ocrx_word' id='word_1_489' title='bbox 2009 3271 2169 3324; x_wconf 78' lang='lat' dir='ltr'><strong>talem</strong></span> <span class='ocrx_word' id='word_1_490' title='bbox 2209 3281 2434 3342; x_wconf 88' lang='lat' dir='ltr'><strong>tamque</strong></span> <span class='ocrx_word' id='word_1_491' title='bbox 2489 3275 2594 3328; x_wconf 88' lang='lat' dir='ltr'><strong>sibi</strong></span> <span class='ocrx_word' id='word_1_492' title='bbox 2637 3283 2922 3344; x_wconf 84' lang='lat' dir='ltr'><strong>acceptum</strong></span> <span class='ocrx_word' id='word_1_493' title='bbox 2964 3275 3347 3329; x_wconf 87' lang='lat' dir='ltr'><strong>administrum</strong></span> <span class='ocrx_word' id='word_1_494' title='bbox 3402 3287 3585 3332; x_wconf 84' lang='lat' dir='ltr'><strong>os—ten-</strong></span> <span class='ocrx_word' id='word_1_495' title='bbox 3660 3291 3694 3316; x_wconf 67' lang='grc' dir='ltr'><strong>α’</strong></span> 
     </span>
    </p>
   </div>
   <div class='ocr_carea' id='block_1_69' title="bbox 2009 3361 3592 3436">
    <p class='ocr_par' dir='ltr' id='par_1_69' title="bbox 2009 3361 3592 3436">
     <span class='ocr_line' id='line_1_69' title="bbox 2009 3361 3592 3436; baseline 0.006 -22"><span class='ocrx_word' id='word_1_496' title='bbox 2009 3361 2108 3424; x_wconf 90' lang='lat' dir='ltr'><strong>dit,</strong></span> <span class='ocrx_word' id='word_1_497' title='bbox 2147 3377 2175 3415; x_wconf 88' lang='lat' dir='ltr'><strong>a</strong></span> <span class='ocrx_word' id='word_1_498' title='bbox 2211 3377 2320 3432; x_wconf 91' lang='lat' dir='ltr'><strong>quo</strong></span> <span class='ocrx_word' id='word_1_499' title='bbox 2356 3365 2528 3418; x_wconf 87' lang='lat' dir='ltr'><strong>sancti</strong></span> <span class='ocrx_word' id='word_1_500' title='bbox 2556 3365 2794 3436; x_wconf 84' lang='lat' dir='ltr'><strong>Spiritus</strong></span> <span class='ocrx_word' id='word_1_501' title='bbox 2817 3367 3066 3436; x_wconf 65' lang='lat' dir='ltr'><strong>praesenti</strong></span> <span class='ocrx_word' id='word_1_502' title='bbox 3099 3382 3201 3435; x_wconf 90' lang='lat' dir='ltr'><strong>ope</strong></span> <span class='ocrx_word' id='word_1_503' title='bbox 3231 3365 3454 3425; x_wconf 83' lang='lat' dir='ltr'><strong>fraudes</strong></span> <span class='ocrx_word' id='word_1_504' title='bbox 3481 3368 3592 3424; x_wconf 78' lang='lat' dir='ltr'><strong>ba:-</strong></span> 
     </span>
    </p>
   </div>
   <div class='ocr_carea' id='block_1_70' title="bbox 2012 3457 3237 3528">
    <p class='ocr_par' dir='ltr' id='par_1_70' title="bbox 2012 3457 3237 3528">
     <span class='ocr_line' id='line_1_70' title="bbox 2012 3457 3237 3528; baseline 0.002 -19"><span class='ocrx_word' id='word_1_505' title='bbox 2012 3457 2306 3522; x_wconf 84' lang='lat' dir='ltr'><strong>rcticorum</strong></span> <span class='ocrx_word' id='word_1_506' title='bbox 2341 3458 2603 3528; x_wconf 67' lang='lat' dir='ltr'><strong>malaeque</strong></span> <span class='ocrx_word' id='word_1_507' title='bbox 2644 3467 2790 3513; x_wconf 87' lang='lat' dir='ltr'><strong>artes</strong></span> <span class='ocrx_word' id='word_1_508' title='bbox 2827 3458 3057 3513; x_wconf 63' lang='lat' dir='ltr'><strong>sublata?</strong></span> <span class='ocrx_word' id='word_1_509' title='bbox 3085 3468 3237 3512; x_wconf 88' lang='lat' dir='ltr'><strong>sunt.</strong></span> 
     </span>
    </p>
   </div>
   <div class='ocr_carea' id='block_1_71' title="bbox 327 3541 3586 3620">
    <p class='ocr_par' dir='ltr' id='par_1_71' title="bbox 327 3541 3586 3620">
     <span class='ocr_line' id='line_1_71' title="bbox 327 3541 3586 3620; baseline 0 -16"><span class='ocrx_word' id='word_1_510' title='bbox 327 3567 440 3614; x_wconf 87' lang='grc' dir='ltr'>νοις</span> <span class='ocrx_word' id='word_1_511' title='bbox 474 3549 784 3615; x_wconf 77' lang='grc' dir='ltr'>αὐτὸν,καὶ</span> <span class='ocrx_word' id='word_1_512' title='bbox 807 3547 1051 3602; x_wconf 81' lang='grc' dir='ltr'>ποιοῦσιν</span> <span class='ocrx_word' id='word_1_513' title='bbox 1071 3548 1132 3600; x_wconf 81' lang='grc' dir='ltr'><strong>τὸ</strong></span> <span class='ocrx_word' id='word_1_514' title='bbox 1159 3546 1374 3617; x_wconf 88' lang='grc' dir='ltr'>θέλημα</span> <span class='ocrx_word' id='word_1_515' title='bbox 1430 3543 1624 3598; x_wconf 80' lang='grc' dir='ltr'>αὐτοῦ.</span> <span class='ocrx_word' id='word_1_516' title='bbox 1689 3544 1838 3614; x_wconf 81' lang='grc' dir='ltr'>Πλὴν</span> <span class='ocrx_word' id='word_1_517' title='bbox 1904 3541 2054 3610; x_wconf 71' lang='grc' dir='ltr'>αἶνος</span> <span class='ocrx_word' id='word_1_518' title='bbox 2101 3548 2197 3602; x_wconf 80' lang='grc' dir='ltr'><strong>καὶ</strong></span> <span class='ocrx_word' id='word_1_519' title='bbox 2243 3549 2374 3612; x_wconf 80' lang='grc' dir='ltr'>δόξα</span> <span class='ocrx_word' id='word_1_520' title='bbox 2413 3547 2491 3617; x_wconf 82' lang='grc' dir='ltr'>τῷ</span> <span class='ocrx_word' id='word_1_521' title='bbox 2535 3549 2676 3618; x_wconf 82' lang='grc' dir='ltr'>ἁγίῳ</span> <span class='ocrx_word' id='word_1_522' title='bbox 2713 3549 2916 3603; x_wconf 80' lang='grc' dir='ltr'>ἀὐτοῦ</span> <span class='ocrx_word' id='word_1_523' title='bbox 2973 3549 3203 3619; x_wconf 77' lang='grc' dir='ltr'>ὀνόματι</span> <span class='ocrx_word' id='word_1_524' title='bbox 3246 3549 3326 3620; x_wconf 82' lang='grc' dir='ltr'>τῷ</span> <span class='ocrx_word' id='word_1_525' title='bbox 3373 3554 3432 3605; x_wconf 83' lang='grc' dir='ltr'>ὲν</span> <span class='ocrx_word' id='word_1_526' title='bbox 3466 3555 3586 3614; x_wconf 81' lang='grc' dir='ltr'>ταῖς</span> 
     </span>
    </p>
   </div>
   <div class='ocr_carea' id='block_1_72' title="bbox 328 3627 3586 3716">
    <p class='ocr_par' dir='ltr' id='par_1_72' title="bbox 328 3627 3586 3716">
     <span class='ocr_line' id='line_1_72' title="bbox 328 3627 3586 3716; baseline -0.001 -19"><span class='ocrx_word' id='word_1_527' title='bbox 328 3645 566 3716; x_wconf 78' lang='grc' dir='ltr'>ἡμέραις</span> <span class='ocrx_word' id='word_1_528' title='bbox 618 3627 843 3706; x_wconf 63' lang='grc' dir='ltr'>ταύταις</span> <span class='ocrx_word' id='word_1_529' title='bbox 913 3642 1259 3708; x_wconf 80' lang='grc' dir='ltr'>ἀναδείξαντι</span> <span class='ocrx_word' id='word_1_530' title='bbox 1325 3639 1568 3692; x_wconf 82' lang='grc' dir='ltr'>τοιοῦτον</span> <span class='ocrx_word' id='word_1_531' title='bbox 1639 3639 1830 3702; x_wconf 80' lang='grc' dir='ltr'>σκεῦος</span> <span class='ocrx_word' id='word_1_532' title='bbox 1875 3639 2200 3710; x_wconf 77' lang='grc' dir='ltr'>εὐχάριστον</span> <span class='ocrx_word' id='word_1_533' title='bbox 2242 3641 2333 3692; x_wconf 84' lang='grc' dir='ltr'><strong>τὸν</strong></span> <span class='ocrx_word' id='word_1_534' title='bbox 2384 3639 2682 3694; x_wconf 81' lang='grc' dir='ltr'>καθελόντα</span> <span class='ocrx_word' id='word_1_535' title='bbox 2731 3640 2839 3694; x_wconf 82' lang='grc' dir='ltr'><strong>τῶν</strong></span> <span class='ocrx_word' id='word_1_536' title='bbox 2885 3641 3179 3713; x_wconf 86' lang='grc' dir='ltr'>αίρετικῶν</span> <span class='ocrx_word' id='word_1_537' title='bbox 3221 3644 3586 3715; x_wconf 86' lang='grc' dir='ltr'>κακοτέχνους</span> 
     </span>
    </p>
   </div>
   <div class='ocr_carea' id='block_1_73' title="bbox 335 3733 1799 3810">
    <p class='ocr_par' dir='ltr' id='par_1_73' title="bbox 335 3733 1799 3810">
     <span class='ocr_line' id='line_1_73' title="bbox 335 3733 1799 3810; baseline -0.004 -16"><span class='ocrx_word' id='word_1_538' title='bbox 335 3742 578 3810; x_wconf 78' lang='grc' dir='ltr'>μηχανὰς</span> <span class='ocrx_word' id='word_1_539' title='bbox 603 3741 690 3794; x_wconf 78' lang='grc' dir='ltr'><strong>διὰ</strong></span> <span class='ocrx_word' id='word_1_540' title='bbox 713 3739 813 3808; x_wconf 81' lang='grc' dir='ltr'><strong>τῆς</strong></span> <span class='ocrx_word' id='word_1_541' title='bbox 847 3737 940 3791; x_wconf 83' lang='grc' dir='ltr'>τοῦ</span> <span class='ocrx_word' id='word_1_542' title='bbox 967 3737 1123 3806; x_wconf 83' lang='grc' dir='ltr'>ἁγίου</span> <span class='ocrx_word' id='word_1_543' title='bbox 1153 3736 1472 3806; x_wconf 87' lang='grc' dir='ltr'>Πνεύματος</span> <span class='ocrx_word' id='word_1_544' title='bbox 1500 3733 1799 3805; x_wconf 84' lang='grc' dir='ltr'>μεσιτείας.</span> 
     </span>
    </p>
   </div>
   <div class='ocr_carea' id='block_1_74' title="bbox 403 3827 1908 3896">
    <p class='ocr_par' dir='ltr' id='par_1_74' title="bbox 403 3827 1908 3896">
     <span class='ocr_line' id='line_1_74' title="bbox 403 3827 1908 3896; baseline -0.005 -9"><span class='ocrx_word' id='word_1_545' title='bbox 403 3836 532 3888; x_wconf 83' lang='lat' dir='ltr'><strong>All&#39;.</strong></span> <span class='ocrx_word' id='word_1_546' title='bbox 579 3831 768 3884; x_wconf 82' lang='grc' dir='ltr'>Ταῦτα</span> <span class='ocrx_word' id='word_1_547' title='bbox 817 3832 912 3884; x_wconf 71' lang='grc' dir='ltr'>καὶ.</span> <span class='ocrx_word' id='word_1_548' title='bbox 957 3831 1024 3883; x_wconf 79' lang='grc' dir='ltr'><strong>τὰ</strong></span> <span class='ocrx_word' id='word_1_549' title='bbox 1091 3829 1318 3883; x_wconf 79' lang='grc' dir='ltr'>τοιαῦτα</span> <span class='ocrx_word' id='word_1_550' title='bbox 1373 3827 1756 3896; x_wconf 81' lang='grc' dir='ltr'>διαλεγόμενος</span> <span class='ocrx_word' id='word_1_551' title='bbox 1813 3827 1908 3880; x_wconf 74' lang='grc' dir='ltr'>ἐπὶ</span> 
     </span>
    </p>
   </div>
   <div class='ocr_carea' id='block_1_75' title="bbox 333 3918 1904 3993">
    <p class='ocr_par' dir='ltr' id='par_1_75' title="bbox 333 3918 1904 3993">
     <span class='ocr_line' id='line_1_75' title="bbox 333 3918 1904 3993; baseline -0.004 -16"><span class='ocrx_word' id='word_1_552' title='bbox 333 3925 588 3987; x_wconf 85' lang='grc' dir='ltr'>πλείστας</span> <span class='ocrx_word' id='word_1_553' title='bbox 621 3922 770 3993; x_wconf 84' lang='grc' dir='ltr'>ὥρας</span> <span class='ocrx_word' id='word_1_554' title='bbox 807 3924 834 3974; x_wconf 89' lang='lat'><strong>6</strong></span> <span class='ocrx_word' id='word_1_555' title='bbox 863 3919 1253 3982; x_wconf 78' lang='grc' dir='ltr'>εὐσεϐέστατος</span> <span class='ocrx_word' id='word_1_556' title='bbox 1285 3918 1540 3990; x_wconf 71' lang='grc' dir='ltr'>βασιλεὺς</span> <span class='ocrx_word' id='word_1_557' title='bbox 1591 3920 1904 3971; x_wconf 84' lang='grc' dir='ltr'>Ίουστινια·</span> 
     </span>
    </p>
   </div>
   <div class='ocr_carea' id='block_1_76' title="bbox 333 4007 1906 4084">
    <p class='ocr_par' dir='ltr' id='par_1_76' title="bbox 333 4007 1906 4084">
     <span class='ocr_line' id='line_1_76' title="bbox 333 4007 1906 4084; baseline -0.004 -16"><span class='ocrx_word' id='word_1_558' title='bbox 333 4015 421 4078; x_wconf 73' lang='grc' dir='ltr'><strong>νὸς</strong></span> <span class='ocrx_word' id='word_1_559' title='bbox 457 4015 536 4084; x_wconf 85' lang='grc' dir='ltr'><strong>τῷ</strong></span> <span class='ocrx_word' id='word_1_560' title='bbox 587 4015 845 4084; x_wconf 82' lang='grc' dir='ltr'>μακαρίῳ</span> <span class='ocrx_word' id='word_1_561' title='bbox 895 4011 1216 4084; x_wconf 82' lang='grc' dir='ltr'>Γρηγορίῳ,</span> <span class='ocrx_word' id='word_1_562' title='bbox 1268 4010 1514 4082; x_wconf 76' lang='grc' dir='ltr'>ἔχαιρεν·</span> <span class='ocrx_word' id='word_1_563' title='bbox 1557 4009 1585 4063; x_wconf 87' lang='lat'><strong>6</strong></span> <span class='ocrx_word' id='word_1_564' title='bbox 1620 4009 1678 4063; x_wconf 77' lang='grc' dir='ltr'><strong>δὲ</strong></span> <span class='ocrx_word' id='word_1_565' title='bbox 1724 4007 1906 4062; x_wconf 84' lang='grc' dir='ltr'>πεσὼν</span> 
     </span>
    </p>
   </div>
   <div class='ocr_carea' id='block_1_77' title="bbox 331 4100 1902 4176">
    <p class='ocr_par' dir='ltr' id='par_1_77' title="bbox 331 4100 1902 4176">
     <span class='ocr_line' id='line_1_77' title="bbox 331 4100 1902 4176; baseline -0.004 -16"><span class='ocrx_word' id='word_1_566' title='bbox 331 4108 426 4160; x_wconf 77' lang='grc' dir='ltr'>ἐπὶ</span> <span class='ocrx_word' id='word_1_567' title='bbox 451 4107 742 4176; x_wconf 76' lang='grc' dir='ltr'>πρόσωπον</span> <span class='ocrx_word' id='word_1_568' title='bbox 769 4104 936 4158; x_wconf 79' lang='grc' dir='ltr'>αὐτοῦ</span> <span class='ocrx_word' id='word_1_569' title='bbox 967 4104 1378 4174; x_wconf 85' lang='grc' dir='ltr'>προσεκύνησεν</span> <span class='ocrx_word' id='word_1_570' title='bbox 1415 4101 1491 4172; x_wconf 82' lang='grc' dir='ltr'>τῷ</span> <span class='ocrx_word' id='word_1_571' title='bbox 1529 4101 1743 4172; x_wconf 79' lang='grc' dir='ltr'>βασιλεῖ</span> <span class='ocrx_word' id='word_1_572' title='bbox 1784 4100 1902 4171; x_wconf 61' lang='grc' dir='ltr'>τρίς</span> 
     </span>
    </p>
   </div>
   <div class='ocr_carea' id='block_1_78' title="bbox 329 4192 1908 4268">
    <p class='ocr_par' dir='ltr' id='par_1_78' title="bbox 329 4192 1908 4268">
     <span class='ocr_line' id='line_1_78' title="bbox 329 4192 1908 4268; baseline -0.004 -16"><span class='ocrx_word' id='word_1_573' title='bbox 329 4216 422 4252; x_wconf 79' lang='grc' dir='ltr'><strong>τον</strong></span> <span class='ocrx_word' id='word_1_574' title='bbox 450 4200 543 4252; x_wconf 77' lang='grc' dir='ltr'><strong>ἐπὶ</strong></span> <span class='ocrx_word' id='word_1_575' title='bbox 564 4199 661 4268; x_wconf 83' lang='grc' dir='ltr'><strong>τὴν</strong></span> <span class='ocrx_word' id='word_1_576' title='bbox 690 4198 793 4268; x_wconf 82' lang='grc' dir='ltr'><strong>γῆν</strong></span> <span class='ocrx_word' id='word_1_577' title='bbox 813 4213 826 4225; x_wconf 90' lang='grc'>·</span> <span class='ocrx_word' id='word_1_578' title='bbox 855 4195 950 4248; x_wconf 75' lang='grc' dir='ltr'>καὶ</span> <span class='ocrx_word' id='word_1_579' title='bbox 979 4195 1364 4260; x_wconf 78' lang='grc' dir='ltr'>ἐξαπέστειλεν</span> <span class='ocrx_word' id='word_1_580' title='bbox 1398 4193 1560 4248; x_wconf 78' lang='grc' dir='ltr'>αὐτὸν</span> <span class='ocrx_word' id='word_1_581' title='bbox 1592 4195 1620 4246; x_wconf 92' lang='lat'><strong>6</strong></span> <span class='ocrx_word' id='word_1_582' title='bbox 1648 4192 1908 4263; x_wconf 81' lang='grc' dir='ltr'>βασιλεὺς</span> 
     </span>
    </p>
   </div>
   <div class='ocr_carea' id='block_1_79' title="bbox 329 4285 1903 4362">
    <p class='ocr_par' dir='ltr' id='par_1_79' title="bbox 329 4285 1903 4362">
     <span class='ocr_line' id='line_1_79' title="bbox 329 4285 1903 4362; baseline -0.004 -18"><span class='ocrx_word' id='word_1_583' title='bbox 329 4296 410 4356; x_wconf 81' lang='grc' dir='ltr'>εἰς</span> <span class='ocrx_word' id='word_1_584' title='bbox 450 4295 540 4348; x_wconf 78' lang='grc' dir='ltr'><strong>τὸν</strong></span> <span class='ocrx_word' id='word_1_585' title='bbox 580 4291 1029 4362; x_wconf 79' lang='grc' dir='ltr'>ἀρχιεπίσκοπον.</span> <span class='ocrx_word' id='word_1_586' title='bbox 1085 4288 1195 4342; x_wconf 76' lang='grc' dir='ltr'>Καὶ</span> <span class='ocrx_word' id='word_1_587' title='bbox 1223 4285 1486 4356; x_wconf 76' lang='grc' dir='ltr'><strong>⁴ποιήσας</strong></span> <span class='ocrx_word' id='word_1_588' title='bbox 1531 4287 1650 4339; x_wconf 81' lang='grc' dir='ltr'>ἐκεῖ</span> <span class='ocrx_word' id='word_1_589' title='bbox 1691 4285 1903 4356; x_wconf 85' lang='grc' dir='ltr'>ἡμέρας</span> 
     </span>
    </p>
   </div>
   <div class='ocr_carea' id='block_1_80' title="bbox 328 4377 1900 4454">
    <p class='ocr_par' dir='ltr' id='par_1_80' title="bbox 328 4377 1900 4454">
     <span class='ocr_line' id='line_1_80' title="bbox 328 4377 1900 4454; baseline -0.008 -15"><span class='ocrx_word' id='word_1_590' title='bbox 328 4386 550 4454; x_wconf 83' lang='grc' dir='ltr'>ὀλίγας,</span> <span class='ocrx_word' id='word_1_591' title='bbox 580 4387 858 4453; x_wconf 78' lang='grc' dir='ltr'>ἀνήγαγεν</span> <span class='ocrx_word' id='word_1_592' title='bbox 889 4380 969 4452; x_wconf 82' lang='grc' dir='ltr'>τῷ</span> <span class='ocrx_word' id='word_1_593' title='bbox 1015 4379 1392 4449; x_wconf 76' lang='grc' dir='ltr'>εὐσεϐεστάτῳ</span> <span class='ocrx_word' id='word_1_594' title='bbox 1425 4377 1638 4448; x_wconf 87' lang='grc' dir='ltr'>βασιλεί</span> <span class='ocrx_word' id='word_1_595' title='bbox 1682 4379 1711 4430; x_wconf 93' lang='lat'><strong>6</strong></span> <span class='ocrx_word' id='word_1_596' title='bbox 1761 4377 1900 4447; x_wconf 81' lang='grc' dir='ltr'>Γρη-</span> 
     </span>
    </p>
   </div>
   <div class='ocr_carea' id='block_1_81' title="bbox 2085 3824 3592 3896">
    <p class='ocr_par' dir='ltr' id='par_1_81' title="bbox 2085 3824 3592 3896">
     <span class='ocr_line' id='line_1_81' title="bbox 2085 3824 3592 3896; baseline 0.001 -18"><span class='ocrx_word' id='word_1_597' title='bbox 2085 3824 2377 3879; x_wconf 78' lang='lat' dir='ltr'><strong>XXXV’HI.</strong></span> <span class='ocrx_word' id='word_1_598' title='bbox 2416 3825 2543 3880; x_wconf 64' lang='lat' dir='ltr'><strong>Haec</strong></span> <span class='ocrx_word' id='word_1_599' title='bbox 2573 3835 2628 3880; x_wconf 90' lang='lat' dir='ltr'><strong>et</strong></span> <span class='ocrx_word' id='word_1_600' title='bbox 2659 3825 2861 3880; x_wconf 86' lang='lat' dir='ltr'><strong>similia</strong></span> <span class='ocrx_word' id='word_1_601' title='bbox 2889 3829 2955 3880; x_wconf 85' lang='lat' dir='ltr'><strong>ad</strong></span> <span class='ocrx_word' id='word_1_602' title='bbox 2990 3827 3194 3882; x_wconf 87' lang='lat' dir='ltr'><strong>multas</strong></span> <span class='ocrx_word' id='word_1_603' title='bbox 3242 3827 3409 3881; x_wconf 85' lang='lat' dir='ltr'><strong>horas</strong></span> <span class='ocrx_word' id='word_1_604' title='bbox 3441 3829 3592 3896; x_wconf 81' lang='lat' dir='ltr'><strong>pien-</strong></span> 
     </span>
    </p>
   </div>
   <div class='ocr_carea' id='block_1_82' title="bbox 2011 3917 3590 3990">
    <p class='ocr_par' dir='ltr' id='par_1_82' title="bbox 2011 3917 3590 3990">
     <span class='ocr_line' id='line_1_82' title="bbox 2011 3917 3590 3990; baseline -0.001 -16"><span class='ocrx_word' id='word_1_605' title='bbox 2011 3919 2264 3975; x_wconf 91' lang='lat' dir='ltr'><strong>tissimus</strong></span> <span class='ocrx_word' id='word_1_606' title='bbox 2291 3919 2588 3989; x_wconf 87' lang='lat' dir='ltr'><strong>imperator</strong></span> <span class='ocrx_word' id='word_1_607' title='bbox 2616 3918 2728 3990; x_wconf 64' lang='lat'><strong>(‘28)</strong></span> <span class='ocrx_word' id='word_1_608' title='bbox 2770 3933 2894 3973; x_wconf 90' lang='lat' dir='ltr'><strong>cum</strong></span> <span class='ocrx_word' id='word_1_609' title='bbox 2929 3920 3090 3973; x_wconf 88' lang='lat' dir='ltr'><strong>beato</strong></span> <span class='ocrx_word' id='word_1_610' title='bbox 3121 3917 3382 3989; x_wconf 82' lang='lat' dir='ltr'><strong>Gregorio</strong></span> <span class='ocrx_word' id='word_1_611' title='bbox 3409 3919 3590 3974; x_wconf 88' lang='lat' dir='ltr'><strong>liben-</strong></span> 
     </span>
    </p>
   </div>
   <div class='ocr_carea' id='block_1_83' title="bbox 2013 4011 3594 4081">
    <p class='ocr_par' dir='ltr' id='par_1_83' title="bbox 2013 4011 3594 4081">
     <span class='ocr_line' id='line_1_83' title="bbox 2013 4011 3594 4081; baseline -0.001 -14"><span class='ocrx_word' id='word_1_612' title='bbox 2013 4011 2228 4067; x_wconf 84' lang='lat' dir='ltr'><strong>tissime</strong></span> <span class='ocrx_word' id='word_1_613' title='bbox 2287 4013 2616 4081; x_wconf 86' lang='lat' dir='ltr'><strong>loquebatur</strong></span> <span class='ocrx_word' id='word_1_614' title='bbox 2662 4029 2674 4064; x_wconf 93' lang='lat'>:</span> <span class='ocrx_word' id='word_1_615' title='bbox 2721 4027 2846 4067; x_wconf 90' lang='lat' dir='ltr'><strong>cum</strong></span> <span class='ocrx_word' id='word_1_616' title='bbox 2907 4012 2996 4066; x_wconf 90' lang='lat' dir='ltr'><strong>hic</strong></span> <span class='ocrx_word' id='word_1_617' title='bbox 3045 4011 3265 4065; x_wconf 89' lang='lat' dir='ltr'><strong>demum</strong></span> <span class='ocrx_word' id='word_1_618' title='bbox 3298 4025 3484 4067; x_wconf 86' lang='lat' dir='ltr'><strong>coram</strong></span> <span class='ocrx_word' id='word_1_619' title='bbox 3522 4027 3594 4066; x_wconf 83' lang='lat' dir='ltr'><strong>eo.</strong></span> 
     </span>
    </p>
   </div>
   <div class='ocr_carea' id='block_1_84' title="bbox 2009 4103 3562 4174">
    <p class='ocr_par' dir='ltr' id='par_1_84' title="bbox 2009 4103 3562 4174">
     <span class='ocr_line' id='line_1_84' title="bbox 2009 4103 3562 4174; baseline 0.001 -17"><span class='ocrx_word' id='word_1_620' title='bbox 2009 4104 2324 4174; x_wconf 88' lang='lat' dir='ltr'><strong>procidens,</strong></span> <span class='ocrx_word' id='word_1_621' title='bbox 2369 4103 2752 4173; x_wconf 87' lang='lat' dir='ltr'><strong>imperatorem</strong></span> <span class='ocrx_word' id='word_1_622' title='bbox 2787 4113 2868 4158; x_wconf 85' lang='lat' dir='ltr'><strong>ter</strong></span> <span class='ocrx_word' id='word_1_623' title='bbox 2921 4117 3098 4172; x_wconf 87' lang='lat' dir='ltr'><strong>usque</strong></span> <span class='ocrx_word' id='word_1_624' title='bbox 3146 4104 3212 4156; x_wconf 86' lang='lat' dir='ltr'><strong>ad</strong></span> <span class='ocrx_word' id='word_1_625' title='bbox 3247 4105 3426 4157; x_wconf 86' lang='lat' dir='ltr'><strong>solum</strong></span> <span class='ocrx_word' id='word_1_626' title='bbox 3459 4103 3562 4158; x_wconf 84' lang='lat' dir='ltr'><strong>ado</strong></span> 
     </span>
    </p>
   </div>
   <div class='ocr_carea' id='block_1_85' title="bbox 2007 4179 3593 4262">
    <p class='ocr_par' dir='ltr' id='par_1_85' title="bbox 2007 4179 3593 4262">
     <span class='ocr_line' id='line_1_85' title="bbox 2007 4179 3593 4262; baseline 0.001 -16"><span class='ocrx_word' id='word_1_627' title='bbox 2007 4195 2172 4257; x_wconf 87' lang='lat' dir='ltr'><strong>ravit,</strong></span> <span class='ocrx_word' id='word_1_628' title='bbox 2205 4209 2272 4250; x_wconf 87' lang='lat' dir='ltr'><strong>ac</strong></span> <span class='ocrx_word' id='word_1_629' title='bbox 2329 4194 2598 4250; x_wconf 90' lang='lat' dir='ltr'><strong>dimissus</strong></span> <span class='ocrx_word' id='word_1_630' title='bbox 2646 4196 2712 4249; x_wconf 86' lang='lat' dir='ltr'><strong>ad</strong></span> <span class='ocrx_word' id='word_1_631' title='bbox 2762 4179 3239 4262; x_wconf 84' lang='lat' dir='ltr'><strong>archiepiscopum</strong></span> <span class='ocrx_word' id='word_1_632' title='bbox 3288 4194 3470 4247; x_wconf 85' lang='lat' dir='ltr'><strong>rediit.</strong></span> <span class='ocrx_word' id='word_1_633' title='bbox 3515 4195 3593 4247; x_wconf 79' lang='lat' dir='ltr'><strong>Ac</strong></span> 
     </span>
    </p>
   </div>
   <div class='ocr_carea' id='block_1_86' title="bbox 2007 4285 3593 4358">
    <p class='ocr_par' dir='ltr' id='par_1_86' title="bbox 2007 4285 3593 4358">
     <span class='ocr_line' id='line_1_86' title="bbox 2007 4285 3593 4358; baseline 0 -19"><span class='ocrx_word' id='word_1_634' title='bbox 2007 4285 2126 4340; x_wconf 90' lang='lat' dir='ltr'><strong>dies</strong></span> <span class='ocrx_word' id='word_1_635' title='bbox 2157 4287 2299 4356; x_wconf 89' lang='lat' dir='ltr'><strong>apud</strong></span> <span class='ocrx_word' id='word_1_636' title='bbox 2330 4303 2455 4341; x_wconf 88' lang='lat' dir='ltr'><strong>eum</strong></span> <span class='ocrx_word' id='word_1_637' title='bbox 2493 4288 2709 4358; x_wconf 87' lang='lat' dir='ltr'><strong>aliquot</strong></span> <span class='ocrx_word' id='word_1_638' title='bbox 2753 4295 3155 4352; x_wconf 76' lang='lat' dir='ltr'><strong>commoratus,</strong></span> <span class='ocrx_word' id='word_1_639' title='bbox 3196 4302 3294 4356; x_wconf 88' lang='lat' dir='ltr'><strong>per</strong></span> <span class='ocrx_word' id='word_1_640' title='bbox 3328 4285 3593 4350; x_wconf 83' lang='lat' dir='ltr'><strong>domesti-</strong></span> 
     </span>
    </p>
   </div>
   <div class='ocr_carea' id='block_1_87' title="bbox 2005 4366 3594 4449">
    <p class='ocr_par' dir='ltr' id='par_1_87' title="bbox 2005 4366 3594 4449">
     <span class='ocr_line' id='line_1_87' title="bbox 2005 4366 3594 4449; baseline 0.001 -18"><span class='ocrx_word' id='word_1_641' title='bbox 2005 4392 2130 4431; x_wconf 88' lang='lat' dir='ltr'><strong>cum</strong></span> <span class='ocrx_word' id='word_1_642' title='bbox 2159 4378 2451 4447; x_wconf 85' lang='lat' dir='ltr'><strong>quemdam</strong></span> <span class='ocrx_word' id='word_1_643' title='bbox 2472 4379 2822 4449; x_wconf 81' lang='lat' dir='ltr'><strong>imperatoris</strong></span> <span class='ocrx_word' id='word_1_644' title='bbox 2851 4377 3190 4434; x_wconf 81' lang='lat' dir='ltr'><strong>Marcianum</strong></span> <span class='ocrx_word' id='word_1_645' title='bbox 3233 4377 3347 4449; x_wconf 71' lang='lat'><strong>(29)</strong></span> <span class='ocrx_word' id='word_1_646' title='bbox 3370 4366 3594 4433; x_wconf 85' lang='lat' dir='ltr'><strong>nomine</strong></span> 
     </span>
    </p>
   </div>
   <div class='ocr_carea' id='block_1_88' title="bbox 326 4553 3592 4633">
    <p class='ocr_par' dir='ltr' id='par_1_88' title="bbox 326 4553 3592 4633">
     <span class='ocr_line' id='line_1_88' title="bbox 326 4553 3592 4633; baseline -0.003 -13"><span class='ocrx_word' id='word_1_647' title='bbox 326 4581 436 4620; x_wconf 79' lang='lat' dir='ltr'><strong>non</strong></span> <span class='ocrx_word' id='word_1_648' title='bbox 481 4575 566 4619; x_wconf 83' lang='lat' dir='ltr'><strong>cst</strong></span> <span class='ocrx_word' id='word_1_649' title='bbox 621 4563 1115 4628; x_wconf 85' lang='lat' dir='ltr'><strong>dissimulandum,</strong></span> <span class='ocrx_word' id='word_1_650' title='bbox 1157 4567 1210 4624; x_wconf 89' lang='lat' dir='ltr'><strong>in</strong></span> <span class='ocrx_word' id='word_1_651' title='bbox 1277 4564 1550 4633; x_wconf 86' lang='lat' dir='ltr'><strong>plerisque</strong></span> <span class='ocrx_word' id='word_1_652' title='bbox 1589 4558 1906 4633; x_wconf 75' lang='lat' dir='ltr'><strong>Menologiis</strong></span> <span class='ocrx_word' id='word_1_653' title='bbox 1944 4561 1980 4614; x_wconf 86' lang='lat' dir='ltr'><strong>D</strong></span> <span class='ocrx_word' id='word_1_654' title='bbox 2015 4553 3592 4633; x_wconf 14' lang='lat' dir='ltr'><strong>Leontins_nusquam&#39;monothelctarum_‘lt:cresim_desi-</strong></span> 
     </span>
    </p>
   </div>
   <div class='ocr_carea' id='block_1_89' title="bbox 327 4629 1906 4706">
    <p class='ocr_par' dir='ltr' id='par_1_89' title="bbox 327 4629 1906 4706">
     <span class='ocr_line' id='line_1_89' title="bbox 327 4629 1906 4706; baseline -0.006 -15"><span class='ocrx_word' id='word_1_655' title='bbox 327 4637 590 4706; x_wconf 83' lang='lat' dir='ltr'><strong>scriptum</strong></span> <span class='ocrx_word' id='word_1_656' title='bbox 639 4650 796 4706; x_wconf 83' lang='lat' dir='ltr'><strong>esse,</strong></span> <span class='ocrx_word' id='word_1_657' title='bbox 853 4635 1173 4706; x_wconf 70' lang='lat' dir='ltr'><strong>Gregorium</strong></span> <span class='ocrx_word' id='word_1_658' title='bbox 1222 4629 1326 4690; x_wconf 76' lang='lat' dir='ltr'><strong>sub</strong></span> <span class='ocrx_word' id='word_1_659' title='bbox 1352 4629 1659 4706; x_wconf 81' lang='lat' dir='ltr'><strong>Justiniano</strong></span> <span class='ocrx_word' id='word_1_660' title='bbox 1699 4629 1906 4682; x_wconf 78' lang='lat' dir='ltr'><strong>Rhino-</strong></span> 
     </span>
    </p>
   </div>
   <div class='ocr_carea' id='block_1_90' title="bbox 327 4703 1906 4766">
    <p class='ocr_par' dir='ltr' id='par_1_90' title="bbox 327 4703 1906 4766">
     <span class='ocr_line' id='line_1_90' title="bbox 327 4703 1906 4766; baseline -0.006 -6"><span class='ocrx_word' id='word_1_661' title='bbox 327 4703 500 4760; x_wconf 76' lang='lat' dir='ltr'><strong>ttrtcio</strong></span> <span class='ocrx_word' id='word_1_662' title='bbox 528 4703 780 4760; x_wconf 84' lang='lat' dir='ltr'><strong>ﬂoruisse</strong></span> <span class='ocrx_word' id='word_1_663' title='bbox 815 4721 828 4758; x_wconf 90' lang='lat'><strong>:</strong></span> <span class='ocrx_word' id='word_1_664' title='bbox 863 4703 982 4759; x_wconf 56' lang='lat' dir='ltr'><strong>nec&#39;</strong></span> <span class='ocrx_word' id='word_1_665' title='bbox 1005 4707 1200 4760; x_wconf 90' lang='lat' dir='ltr'><strong>borum</strong></span> <span class='ocrx_word' id='word_1_666' title='bbox 1238 4703 1607 4758; x_wconf 86' lang='lat' dir='ltr'><strong>testimonium</strong></span> <span class='ocrx_word' id='word_1_667' title='bbox 1649 4710 1906 4766; x_wconf 76' lang='lat' dir='ltr'><strong>tanqumt</strong></span> 
     </span>
    </p>
   </div>
   <div class='ocr_carea' id='block_1_91' title="bbox 327 4771 1904 4844">
    <p class='ocr_par' dir='ltr' id='par_1_91' title="bbox 327 4771 1904 4844">
     <span class='ocr_line' id='line_1_91' title="bbox 327 4771 1904 4844; baseline -0.007 -15"><span class='ocrx_word' id='word_1_668' title='bbox 327 4775 645 4831; x_wconf 85' lang='lat' dir='ltr'><strong>recentioris</strong></span> <span class='ocrx_word' id='word_1_669' title='bbox 691 4776 867 4829; x_wconf 65' lang='lat' dir='ltr'><strong>artatis</strong></span> <span class='ocrx_word' id='word_1_670' title='bbox 901 4777 1059 4842; x_wconf 83' lang='lat' dir='ltr'><strong>plane</strong></span> <span class='ocrx_word' id='word_1_671' title='bbox 1103 4775 1494 4844; x_wconf 87' lang='lat' dir='ltr'><strong>repudiandum</strong></span> <span class='ocrx_word' id='word_1_672' title='bbox 1533 4771 1700 4844; x_wconf 81' lang='lat' dir='ltr'><strong>videri</strong></span> <span class='ocrx_word' id='word_1_673' title='bbox 1742 4785 1904 4844; x_wconf 77' lang='lat' dir='ltr'><strong>:_cnr_n</strong></span> 
     </span>
    </p>
   </div>
   <div class='ocr_carea' id='block_1_92' title="bbox 328 4837 1900 4914">
    <p class='ocr_par' dir='ltr' id='par_1_92' title="bbox 328 4837 1900 4914">
     <span class='ocr_line' id='line_1_92' title="bbox 328 4837 1900 4914; baseline -0.006 -14"><span class='ocrx_word' id='word_1_674' title='bbox 328 4847 380 4901; x_wconf 88' lang='lat' dir='ltr'><strong>id</strong></span> <span class='ocrx_word' id='word_1_675' title='bbox 427 4847 602 4914; x_wconf 87' lang='lat' dir='ltr'><strong>ipsum</strong></span> <span class='ocrx_word' id='word_1_676' title='bbox 662 4845 716 4898; x_wconf 91' lang='lat' dir='ltr'><strong>in</strong></span> <span class='ocrx_word' id='word_1_677' title='bbox 770 4837 1043 4900; x_wconf 82' lang='lat' dir='ltr'><strong>Basiliano</strong></span> <span class='ocrx_word' id='word_1_678' title='bbox 1087 4837 1359 4914; x_wconf 43' lang='lat' dir='ltr'><strong>leg-anius,</strong></span> <span class='ocrx_word' id='word_1_679' title='bbox 1411 4843 1553 4914; x_wconf 89' lang='lat' dir='ltr'><strong>quod</strong></span> <span class='ocrx_word' id='word_1_680' title='bbox 1602 4839 1807 4914; x_wconf 70' lang='lat' dir='ltr'><strong>stuculo</strong></span> <span class='ocrx_word' id='word_1_681' title='bbox 1855 4837 1900 4914; x_wconf 70' lang='lat' dir='ltr'><strong>_X</strong></span> 
     </span>
    </p>
   </div>
   <div class='ocr_carea' id='block_1_93' title="bbox 325 4910 1900 4970">
    <p class='ocr_par' dir='ltr' id='par_1_93' title="bbox 325 4910 1900 4970">
     <span class='ocr_line' id='line_1_93' title="bbox 325 4910 1900 4970; baseline -0.006 0"><span class='ocrx_word' id='word_1_682' title='bbox 325 4910 633 4970; x_wconf 74' lang='lat' dir='ltr'><strong>confectum</strong></span> <span class='ocrx_word' id='word_1_683' title='bbox 666 4915 838 4970; x_wconf 82' lang='lat' dir='ltr'><strong>fuisse</strong></span> <span class='ocrx_word' id='word_1_684' title='bbox 885 4917 1110 4970; x_wconf 79' lang='lat' dir='ltr'><strong>scimus.</strong></span> <span class='ocrx_word' id='word_1_685' title='bbox 1142 4910 1343 4968; x_wconf 72' lang='lat' dir='ltr'><strong>Verum</strong></span> <span class='ocrx_word' id='word_1_686' title='bbox 1380 4910 1439 4967; x_wconf 78' lang='lat' dir='ltr'><strong>et</strong></span> <span class='ocrx_word' id='word_1_687' title='bbox 1483 4913 1612 4965; x_wconf 88' lang='lat' dir='ltr'><strong>illud</strong></span> <span class='ocrx_word' id='word_1_688' title='bbox 1650 4910 1900 4964; x_wconf 85' lang='lat' dir='ltr'><strong>animad-</strong></span> 
     </span>
    </p>
   </div>
   <div class='ocr_carea' id='block_1_94' title="bbox 329 4979 1902 5060">
    <p class='ocr_par' dir='ltr' id='par_1_94' title="bbox 329 4979 1902 5060">
     <span class='ocr_line' id='line_1_94' title="bbox 329 4979 1902 5060; baseline -0.003 -24"><span class='ocrx_word' id='word_1_689' title='bbox 329 4987 646 5060; x_wconf 68' lang='lat' dir='ltr'><strong>vertendum</strong></span> <span class='ocrx_word' id='word_1_690' title='bbox 685 4993 792 5050; x_wconf 89' lang='lat' dir='ltr'><strong>est,</strong></span> <span class='ocrx_word' id='word_1_691' title='bbox 823 4986 1152 5060; x_wconf 83' lang='lat' dir='ltr'><strong>breviarium</strong></span> <span class='ocrx_word' id='word_1_692' title='bbox 1181 4986 1305 5039; x_wconf 79' lang='lat' dir='ltr'><strong>vita:</strong></span> <span class='ocrx_word' id='word_1_693' title='bbox 1333 4983 1662 5060; x_wconf 61' lang='lat' dir='ltr'><strong>Basili-anum</strong></span> <span class='ocrx_word' id='word_1_694' title='bbox 1689 4995 1764 5060; x_wconf 54' lang='lat' dir='ltr'><strong>ex</strong></span> <span class='ocrx_word' id='word_1_695' title='bbox 1801 4979 1902 5060; x_wconf 36' lang='lat' dir='ltr'><strong>Lee</strong></span> 
     </span>
    </p>
   </div>
   <div class='ocr_carea' id='block_1_95' title="bbox 325 5051 1901 5125">
    <p class='ocr_par' dir='ltr' id='par_1_95' title="bbox 325 5051 1901 5125">
     <span class='ocr_line' id='line_1_95' title="bbox 325 5051 1901 5125; baseline -0.003 -17"><span class='ocrx_word' id='word_1_696' title='bbox 325 5057 480 5109; x_wconf 88' lang='lat' dir='ltr'><strong>ontio</strong></span> <span class='ocrx_word' id='word_1_697' title='bbox 527 5071 846 5125; x_wconf 82' lang='lat' dir='ltr'><strong>expressum</strong></span> <span class='ocrx_word' id='word_1_698' title='bbox 875 5071 1018 5120; x_wconf 89' lang='lat' dir='ltr'><strong>esse,</strong></span> <span class='ocrx_word' id='word_1_699' title='bbox 1057 5055 1214 5123; x_wconf 82' lang='lat' dir='ltr'><strong>cujus</strong></span> <span class='ocrx_word' id='word_1_700' title='bbox 1263 5053 1506 5122; x_wconf 73' lang='lat' dir='ltr'><strong>exPlttpla</strong></span> <span class='ocrx_word' id='word_1_701' title='bbox 1554 5051 1786 5125; x_wconf 74' lang='lat' dir='ltr'><strong>jamdiu,</strong></span> <span class='ocrx_word' id='word_1_702' title='bbox 1815 5059 1901 5125; x_wconf 64' lang='grc' dir='ltr'><strong>Διιι</strong></span> 
     </span>
    </p>
   </div>
   <div class='ocr_carea' id='block_1_96' title="bbox 325 5120 1908 5196">
    <p class='ocr_par' dir='ltr' id='par_1_96' title="bbox 325 5120 1908 5196">
     <span class='ocr_line' id='line_1_96' title="bbox 325 5120 1908 5196; baseline -0.003 -18"><span class='ocrx_word' id='word_1_703' title='bbox 325 5120 658 5196; x_wconf 79' lang='lat' dir='ltr'><strong>monuimus,</strong></span> <span class='ocrx_word' id='word_1_704' title='bbox 679 5127 997 5196; x_wconf 84' lang='lat' dir='ltr'><strong>interpolata</strong></span> <span class='ocrx_word' id='word_1_705' title='bbox 1020 5120 1190 5196; x_wconf 79' lang='lat' dir='ltr'><strong>Sergii</strong></span> <span class='ocrx_word' id='word_1_706' title='bbox 1209 5141 1269 5178; x_wconf 86' lang='lat' dir='ltr'><strong>ac</strong></span> <span class='ocrx_word' id='word_1_707' title='bbox 1285 5120 1602 5196; x_wconf 60' lang='lat' dir='ltr'><strong>caeteiprum</strong></span> <span class='ocrx_word' id='word_1_708' title='bbox 1624 5120 1908 5196; x_wconf 65' lang='lat' dir='ltr'><strong>Monotbc-</strong></span> 
     </span>
    </p>
   </div>
   <div class='ocr_carea' id='block_1_97' title="bbox 327 5190 1912 5265">
    <p class='ocr_par' dir='ltr' id='par_1_97' title="bbox 327 5190 1912 5265">
     <span class='ocr_line' id='line_1_97' title="bbox 327 5190 1912 5265; baseline -0.004 -17"><span class='ocrx_word' id='word_1_709' title='bbox 327 5195 798 5249; x_wconf 81' lang='lat' dir='ltr'><strong>ietarumnomina</strong></span> <span class='ocrx_word' id='word_1_710' title='bbox 823 5190 1151 5260; x_wconf 53' lang='lat' dir='ltr'><strong>referebant,</strong></span> <span class='ocrx_word' id='word_1_711' title='bbox 1182 5196 1270 5265; x_wconf 87' lang='lat' dir='ltr'><strong>qui</strong></span> <span class='ocrx_word' id='word_1_712' title='bbox 1305 5194 1410 5249; x_wconf 85' lang='lat' dir='ltr'><strong>sub</strong></span> <span class='ocrx_word' id='word_1_713' title='bbox 1424 5191 1784 5265; x_wconf 76' lang='lat' dir='ltr'><strong>Constantino</strong></span> <span class='ocrx_word' id='word_1_714' title='bbox 1807 5190 1912 5265; x_wconf 44' lang='lat' dir='ltr'><strong>Pot</strong></span> 
     </span>
    </p>
   </div>
   <div class='ocr_carea' id='block_1_98' title="bbox 326 5261 1911 5340">
    <p class='ocr_par' dir='ltr' id='par_1_98' title="bbox 326 5261 1911 5340">
     <span class='ocr_line' id='line_1_98' title="bbox 326 5261 1911 5340; baseline -0.004 -21"><span class='ocrx_word' id='word_1_715' title='bbox 326 5265 884 5340; x_wconf 73' lang='lat' dir='ltr'><strong>gonato__in_cnncilio</strong></span> <span class='ocrx_word' id='word_1_716' title='bbox 917 5261 1529 5340; x_wconf 75' lang='lat' dir='ltr'><strong>Constantinopolitano</strong></span> <span class='ocrx_word' id='word_1_717' title='bbox 1581 5278 1637 5316; x_wconf 89' lang='lat' dir='ltr'><strong>ll!</strong></span> <span class='ocrx_word' id='word_1_718' title='bbox 1666 5261 1911 5340; x_wconf 74' lang='lat' dir='ltr'><strong>damnati</strong></span> 
     </span>
    </p>
   </div>
   <div class='ocr_carea' id='block_1_99' title="bbox 325 5331 1909 5400">
    <p class='ocr_par' dir='ltr' id='par_1_99' title="bbox 325 5331 1909 5400">
     <span class='ocr_line' id='line_1_99' title="bbox 325 5331 1909 5400; baseline -0.004 -11"><span class='ocrx_word' id='word_1_719' title='bbox 325 5331 492 5390; x_wconf 67' lang='lat' dir='ltr'><strong>Sunt:</strong></span> <span class='ocrx_word' id='word_1_720' title='bbox 527 5336 727 5391; x_wconf 88' lang='lat' dir='ltr'><strong>ibidem</strong></span> <span class='ocrx_word' id='word_1_721' title='bbox 752 5351 878 5390; x_wconf 80' lang='lat' dir='ltr'><strong>vero</strong></span> <span class='ocrx_word' id='word_1_722' title='bbox 912 5337 1170 5390; x_wconf 80' lang='lat' dir='ltr'><strong>traditum</strong></span> <span class='ocrx_word' id='word_1_723' title='bbox 1201 5331 1393 5400; x_wconf 78' lang='lat' dir='ltr'><strong>fuisse,</strong></span> <span class='ocrx_word' id='word_1_724' title='bbox 1427 5343 1626 5388; x_wconf 77' lang='lat' dir='ltr'><strong>sectam</strong></span> <span class='ocrx_word' id='word_1_725' title='bbox 1663 5331 1808 5384; x_wconf 88' lang='lat' dir='ltr'><strong>illam</strong></span> <span class='ocrx_word' id='word_1_726' title='bbox 1833 5331 1909 5400; x_wconf 88' lang='lat' dir='ltr'><strong>in</strong></span> 
     </span>
    </p>
   </div>
   <div class='ocr_carea' id='block_1_100' title="bbox 327 5399 1911 5476">
    <p class='ocr_par' dir='ltr' id='par_1_100' title="bbox 327 5399 1911 5476">
     <span class='ocr_line' id='line_1_100' title="bbox 327 5399 1911 5476; baseline 0 -19"><span class='ocrx_word' id='word_1_727' title='bbox 327 5408 443 5476; x_wconf 87' lang='lat' dir='ltr'><strong>ipsa</strong></span> <span class='ocrx_word' id='word_1_728' title='bbox 477 5407 686 5476; x_wconf 80' lang='lat' dir='ltr'><strong>synodo</strong></span> <span class='ocrx_word' id='word_1_729' title='bbox 731 5423 758 5460; x_wconf 88' lang='lat' dir='ltr'><strong>a</strong></span> <span class='ocrx_word' id='word_1_730' title='bbox 798 5406 1062 5475; x_wconf 79' lang='lat' dir='ltr'><strong>Gregorio</strong></span> <span class='ocrx_word' id='word_1_731' title='bbox 1107 5417 1295 5460; x_wconf 86' lang='lat' dir='ltr'><strong>nostro</strong></span> <span class='ocrx_word' id='word_1_732' title='bbox 1349 5399 1572 5476; x_wconf 85' lang='lat' dir='ltr'><strong>strenue</strong></span> <span class='ocrx_word' id='word_1_733' title='bbox 1602 5419 1722 5476; x_wconf 70' lang='lat' dir='ltr'><strong>esse</strong></span> <span class='ocrx_word' id='word_1_734' title='bbox 1762 5399 1911 5476; x_wconf 58' lang='lat' dir='ltr'><strong>refu-</strong></span> 
     </span>
    </p>
   </div>
   <div class='ocr_carea' id='block_1_101' title="bbox 327 5470 1911 5546">
    <p class='ocr_par' dir='ltr' id='par_1_101' title="bbox 327 5470 1911 5546">
     <span class='ocr_line' id='line_1_101' title="bbox 327 5470 1911 5546; baseline -0.004 -17"><span class='ocrx_word' id='word_1_735' title='bbox 327 5470 718 5546; x_wconf 15' lang='lat' dir='ltr'><strong>tatamIilgitur</strong></span> <span class='ocrx_word' id='word_1_736' title='bbox 752 5470 1036 5546; x_wconf 70' lang='lat' dir='ltr'><strong>Meuoiogii</strong></span> <span class='ocrx_word' id='word_1_737' title='bbox 1073 5487 1283 5538; x_wconf 88' lang='lat' dir='ltr'><strong>auctor,</strong></span> <span class='ocrx_word' id='word_1_738' title='bbox 1311 5477 1402 5544; x_wconf 89' lang='lat' dir='ltr'><strong>qui</strong></span> <span class='ocrx_word' id='word_1_739' title='bbox 1433 5475 1599 5532; x_wconf 79' lang='lat' dir='ltr'><strong>sciret</strong></span> <span class='ocrx_word' id='word_1_740' title='bbox 1647 5470 1911 5546; x_wconf 79' lang='lat' dir='ltr'><strong>Justinia-</strong></span> 
     </span>
    </p>
   </div>
   <div class='ocr_carea' id='block_1_102' title="bbox 325 5541 1903 5614">
    <p class='ocr_par' dir='ltr' id='par_1_102' title="bbox 325 5541 1903 5614">
     <span class='ocr_line' id='line_1_102' title="bbox 325 5541 1903 5614; baseline -0.007 -14"><span class='ocrx_word' id='word_1_741' title='bbox 325 5561 458 5614; x_wconf 69' lang='lat' dir='ltr'><strong>nutu</strong></span> <span class='ocrx_word' id='word_1_742' title='bbox 476 5541 881 5600; x_wconf 75' lang='lat' dir='ltr'><strong>Rhinotmclum</strong></span> <span class='ocrx_word' id='word_1_743' title='bbox 902 5541 1161 5614; x_wconf 67' lang='lat' dir='ltr'><strong>aequalem</strong></span> <span class='ocrx_word' id='word_1_744' title='bbox 1180 5541 1369 5600; x_wconf 81' lang='lat' dir='ltr'><strong>eorum</strong></span> <span class='ocrx_word' id='word_1_745' title='bbox 1389 5554 1692 5611; x_wconf 86' lang='lat' dir='ltr'><strong>temporum</strong></span> <span class='ocrx_word' id='word_1_746' title='bbox 1715 5541 1903 5614; x_wconf 67' lang='lat' dir='ltr'><strong>fuisse,</strong></span> 
     </span>
    </p>
   </div>
   <div class='ocr_carea' id='block_1_103' title="bbox 324 5611 1900 5685">
    <p class='ocr_par' dir='ltr' id='par_1_103' title="bbox 324 5611 1900 5685">
     <span class='ocr_line' id='line_1_103' title="bbox 324 5611 1900 5685; baseline -0.004 -14"><span class='ocrx_word' id='word_1_747' title='bbox 324 5628 381 5671; x_wconf 87' lang='lat' dir='ltr'><strong>et</strong></span> <span class='ocrx_word' id='word_1_748' title='bbox 410 5611 778 5670; x_wconf 84' lang='lat' dir='ltr'><strong>Justinianum</strong></span> <span class='ocrx_word' id='word_1_749' title='bbox 806 5617 856 5668; x_wconf 92' lang='lat' dir='ltr'><strong>in</strong></span> <span class='ocrx_word' id='word_1_750' title='bbox 892 5611 1121 5670; x_wconf 86' lang='lat' dir='ltr'><strong>Leontio</strong></span> <span class='ocrx_word' id='word_1_751' title='bbox 1149 5617 1389 5685; x_wconf 77' lang='lat' dir='ltr'><strong>legisset,</strong></span> <span class='ocrx_word' id='word_1_752' title='bbox 1428 5622 1573 5685; x_wconf 80' lang='lat' dir='ltr'><strong>recte</strong></span> <span class='ocrx_word' id='word_1_753' title='bbox 1603 5627 1707 5664; x_wconf 82' lang='lat' dir='ltr'><strong>non</strong></span> <span class='ocrx_word' id='word_1_754' title='bbox 1733 5611 1900 5662; x_wconf 81' lang='lat' dir='ltr'><strong>alium</strong></span> 
     </span>
    </p>
   </div>
   <div class='ocr_carea' id='block_1_104' title="bbox 323 5683 1900 5754">
    <p class='ocr_par' dir='ltr' id='par_1_104' title="bbox 323 5683 1900 5754">
     <span class='ocr_line' id='line_1_104' title="bbox 323 5683 1900 5754; baseline -0.006 -15"><span class='ocrx_word' id='word_1_755' title='bbox 323 5700 447 5739; x_wconf 73' lang='lat' dir='ltr'><strong>esse</strong></span> <span class='ocrx_word' id='word_1_756' title='bbox 473 5685 760 5754; x_wconf 82' lang='lat' dir='ltr'><strong>judicavit.</strong></span> <span class='ocrx_word' id='word_1_757' title='bbox 789 5701 952 5754; x_wconf 88' lang='lat' dir='ltr'><strong>quam</strong></span> <span class='ocrx_word' id='word_1_758' title='bbox 980 5683 1412 5749; x_wconf 74' lang='lat' dir='ltr'><strong>Iiltinotntetum,</strong></span> <span class='ocrx_word' id='word_1_759' title='bbox 1451 5683 1684 5750; x_wconf 85' lang='lat' dir='ltr'><strong>aliisque</strong></span> <span class='ocrx_word' id='word_1_760' title='bbox 1713 5695 1900 5732; x_wconf 76' lang='lat' dir='ltr'><strong>ansam</strong></span> 
     </span>
    </p>
   </div>
   <div class='ocr_carea' id='block_1_105' title="bbox 328 5755 1900 5830">
    <p class='ocr_par' dir='ltr' id='par_1_105' title="bbox 328 5755 1900 5830">
     <span class='ocr_line' id='line_1_105' title="bbox 328 5755 1900 5830; baseline -0.009 -18"><span class='ocrx_word' id='word_1_761' title='bbox 328 5755 577 5830; x_wconf 68' lang='lat' dir='ltr'><strong>praebuit,</strong></span> <span class='ocrx_word' id='word_1_762' title='bbox 599 5764 671 5830; x_wconf 80' lang='lat' dir='ltr'><strong>ut</strong></span> <span class='ocrx_word' id='word_1_763' title='bbox 703 5755 844 5812; x_wconf 85' lang='lat' dir='ltr'><strong>idem</strong></span> <span class='ocrx_word' id='word_1_764' title='bbox 887 5755 1084 5812; x_wconf 85' lang='lat' dir='ltr'><strong>litteris</strong></span> <span class='ocrx_word' id='word_1_765' title='bbox 1129 5757 1513 5828; x_wconf 82' lang='lat' dir='ltr'><strong>cunsignarcut</strong></span> <span class='ocrx_word' id='word_1_766' title='bbox 1545 5769 1556 5804; x_wconf 90' lang='lat'><strong>:</strong></span> <span class='ocrx_word' id='word_1_767' title='bbox 1589 5765 1900 5822; x_wconf 75' lang='lat' dir='ltr'><strong>quanquam</strong></span> 
     </span>
    </p>
   </div>
   <div class='ocr_carea' id='block_1_106' title="bbox 2017 4626 3594 4698">
    <p class='ocr_par' dir='ltr' id='par_1_106' title="bbox 2017 4626 3594 4698">
     <span class='ocr_line' id='line_1_106' title="bbox 2017 4626 3594 4698; baseline 0.003 -20"><span class='ocrx_word' id='word_1_768' title='bbox 2017 4638 2230 4696; x_wconf 81' lang='lat' dir='ltr'><strong>gnarat.</strong></span> <span class='ocrx_word' id='word_1_769' title='bbox 2263 4629 2530 4682; x_wconf 73' lang='lat' dir='ltr'><strong>Caeterum</strong></span> <span class='ocrx_word' id='word_1_770' title='bbox 2559 4641 2659 4698; x_wconf 85' lang='lat' dir='ltr'><strong>nec</strong></span> <span class='ocrx_word' id='word_1_771' title='bbox 2693 4629 2826 4681; x_wconf 86' lang='lat' dir='ltr'><strong>bene</strong></span> <span class='ocrx_word' id='word_1_772' title='bbox 2853 4627 3052 4682; x_wconf 86' lang='lat' dir='ltr'><strong>Laneia</strong></span> <span class='ocrx_word' id='word_1_773' title='bbox 3094 4627 3262 4693; x_wconf 61' lang='grc' dir='ltr'>(Βίας.</span> <span class='ocrx_word' id='word_1_774' title='bbox 3294 4645 3349 4684; x_wconf 93' lang='lat' dir='ltr'><strong>n.</strong></span> <span class='ocrx_word' id='word_1_775' title='bbox 3384 4628 3473 4698; x_wconf 68' lang='lat'><strong>98)</strong></span> <span class='ocrx_word' id='word_1_776' title='bbox 3495 4626 3594 4682; x_wconf 79' lang='lat' dir='ltr'><strong>Ju-</strong></span> 
     </span>
    </p>
   </div>
   <div class='ocr_carea' id='block_1_107' title="bbox 2017 4697 3589 4769">
    <p class='ocr_par' dir='ltr' id='par_1_107' title="bbox 2017 4697 3589 4769">
     <span class='ocr_line' id='line_1_107' title="bbox 2017 4697 3589 4769; baseline 0.001 -17"><span class='ocrx_word' id='word_1_777' title='bbox 2017 4699 2316 4769; x_wconf 86' lang='lat' dir='ltr'><strong>stinianum</strong></span> <span class='ocrx_word' id='word_1_778' title='bbox 2357 4699 2499 4752; x_wconf 86' lang='lat' dir='ltr'><strong>hunc</strong></span> <span class='ocrx_word' id='word_1_779' title='bbox 2534 4698 2602 4769; x_wconf 81' lang='lat' dir='ltr'><strong>al)</strong></span> <span class='ocrx_word' id='word_1_780' title='bbox 2634 4697 2767 4764; x_wconf 90' lang='lat' dir='ltr'><strong>ipsis</strong></span> <span class='ocrx_word' id='word_1_781' title='bbox 2790 4698 3004 4751; x_wconf 80' lang='lat' dir='ltr'><strong>concilii</strong></span> <span class='ocrx_word' id='word_1_782' title='bbox 3032 4698 3367 4767; x_wconf 85' lang='lat' dir='ltr'><strong>temporibus</strong></span> <span class='ocrx_word' id='word_1_783' title='bbox 3386 4697 3553 4769; x_wconf 84' lang='lat' dir='ltr'><strong>-Augu</strong></span> <span class='ocrx_word' id='word_1_784' title='bbox 3573 4729 3589 4738; x_wconf 92' lang='lat'><strong>-</strong></span> 
     </span>
    </p>
   </div>
   <div class='ocr_carea' id='block_1_108' title="bbox 2015 4767 3588 4837">
    <p class='ocr_par' dir='ltr' id='par_1_108' title="bbox 2015 4767 3588 4837">
     <span class='ocr_line' id='line_1_108' title="bbox 2015 4767 3588 4837; baseline -0.001 -15"><span class='ocrx_word' id='word_1_785' title='bbox 2015 4779 2158 4822; x_wconf 89' lang='lat' dir='ltr'><strong>stum</strong></span> <span class='ocrx_word' id='word_1_786' title='bbox 2193 4768 2541 4837; x_wconf 81' lang='lat' dir='ltr'><strong>facit:qucm</strong></span> <span class='ocrx_word' id='word_1_787' title='bbox 2562 4767 2961 4822; x_wconf 85' lang='lat' dir='ltr'><strong>Constantinus</strong></span> <span class='ocrx_word' id='word_1_788' title='bbox 3003 4775 3156 4837; x_wconf 75' lang='lat' dir='ltr'><strong>pater</strong></span> <span class='ocrx_word' id='word_1_789' title='bbox 3186 4778 3276 4820; x_wconf 87' lang='lat' dir='ltr'><strong>aut</strong></span> <span class='ocrx_word' id='word_1_790' title='bbox 3311 4767 3588 4837; x_wconf 72' lang='lat' dir='ltr'><strong>nunquam</strong></span> 
     </span>
    </p>
   </div>
   <div class='ocr_carea' id='block_1_109' title="bbox 2013 4836 3592 4908">
    <p class='ocr_par' dir='ltr' id='par_1_109' title="bbox 2013 4836 3592 4908">
     <span class='ocr_line' id='line_1_109' title="bbox 2013 4836 3592 4908; baseline -0.003 -17"><span class='ocrx_word' id='word_1_791' title='bbox 2013 4847 2108 4891; x_wconf 89' lang='lat' dir='ltr'><strong>aut</strong></span> <span class='ocrx_word' id='word_1_792' title='bbox 2143 4839 2322 4908; x_wconf 78' lang='lat' dir='ltr'><strong>serius</strong></span> <span class='ocrx_word' id='word_1_793' title='bbox 2357 4836 2672 4908; x_wconf 45' lang='lat' dir='ltr'><strong>Augustum</strong></span> <span class='ocrx_word' id='word_1_794' title='bbox 2707 4838 3020 4907; x_wconf 84' lang='lat' dir='ltr'><strong>appellavit.</strong></span> <span class='ocrx_word' id='word_1_795' title='bbox 3070 4836 3206 4908; x_wconf 86' lang='lat' dir='ltr'><strong>Eum</strong></span> <span class='ocrx_word' id='word_1_796' title='bbox 3241 4841 3385 4890; x_wconf 86' lang='lat' dir='ltr'><strong>enim</strong></span> <span class='ocrx_word' id='word_1_797' title='bbox 3416 4836 3592 4908; x_wconf 55' lang='lat' dir='ltr'><strong>nequa</strong></span> 
     </span>
    </p>
   </div>
   <div class='ocr_carea' id='block_1_110' title="bbox 2011 4907 3592 4978">
    <p class='ocr_par' dir='ltr' id='par_1_110' title="bbox 2011 4907 3592 4978">
     <span class='ocr_line' id='line_1_110' title="bbox 2011 4907 3592 4978; baseline -0.001 -16"><span class='ocrx_word' id='word_1_798' title='bbox 2011 4908 2224 4978; x_wconf 82' lang='lat' dir='ltr'><strong>Agatho</strong></span> <span class='ocrx_word' id='word_1_799' title='bbox 2255 4907 2326 4978; x_wconf 80' lang='grc' dir='ltr'>Ρ.</span> <span class='ocrx_word' id='word_1_800' title='bbox 2353 4907 2421 4964; x_wconf 83' lang='grc' dir='ltr'>Μ.</span> <span class='ocrx_word' id='word_1_801' title='bbox 2453 4907 2508 4962; x_wconf 79' lang='lat' dir='ltr'><strong>in</strong></span> <span class='ocrx_word' id='word_1_802' title='bbox 2539 4909 2735 4978; x_wconf 88' lang='lat' dir='ltr'><strong>litteris</strong></span> <span class='ocrx_word' id='word_1_803' title='bbox 2753 4910 2868 4964; x_wconf 82' lang='lat' dir='ltr'><strong>suis</strong></span> <span class='ocrx_word' id='word_1_804' title='bbox 2890 4923 3130 4976; x_wconf 89' lang='lat' dir='ltr'><strong>unquam</strong></span> <span class='ocrx_word' id='word_1_805' title='bbox 3155 4907 3278 4972; x_wconf 71' lang='lat' dir='ltr'><strong>eiet,</strong></span> <span class='ocrx_word' id='word_1_806' title='bbox 3305 4907 3592 4974; x_wconf 75' lang='lat' dir='ltr'><strong>nequePa-</strong></span> 
     </span>
    </p>
   </div>
   <div class='ocr_carea' id='block_1_111' title="bbox 2011 4977 3594 5046">
    <p class='ocr_par' dir='ltr' id='par_1_111' title="bbox 2011 4977 3594 5046">
     <span class='ocr_line' id='line_1_111' title="bbox 2011 4977 3594 5046; baseline 0.003 -18"><span class='ocrx_word' id='word_1_807' title='bbox 2011 4977 2121 5032; x_wconf 82' lang='lat' dir='ltr'><strong>tres</strong></span> <span class='ocrx_word' id='word_1_808' title='bbox 2155 4977 2374 5032; x_wconf 89' lang='lat' dir='ltr'><strong>concilii</strong></span> <span class='ocrx_word' id='word_1_809' title='bbox 2415 4979 2467 5030; x_wconf 92' lang='lat' dir='ltr'><strong>in</strong></span> <span class='ocrx_word' id='word_1_810' title='bbox 2518 4977 2746 5032; x_wconf 85' lang='lat' dir='ltr'><strong>Actione</strong></span> <span class='ocrx_word' id='word_1_811' title='bbox 2789 4979 2896 5032; x_wconf 82' lang='lat' dir='ltr'><strong>ulla</strong></span> <span class='ocrx_word' id='word_1_812' title='bbox 2934 4987 3026 5032; x_wconf 89' lang='lat' dir='ltr'><strong>aut</strong></span> <span class='ocrx_word' id='word_1_813' title='bbox 3083 4980 3133 5031; x_wconf 94' lang='lat' dir='ltr'><strong>in</strong></span> <span class='ocrx_word' id='word_1_814' title='bbox 3168 4978 3553 5046; x_wconf 78' lang='lat' dir='ltr'><strong>prnspbouetic</strong></span> <span class='ocrx_word' id='word_1_815' title='bbox 3582 5003 3594 5025; x_wconf 77' lang='grc' dir='ltr'><strong>ι</strong></span> 
     </span>
    </p>
   </div>
   <div class='ocr_carea' id='block_1_112' title="bbox 2016 5048 3595 5106">
    <p class='ocr_par' dir='ltr' id='par_1_112' title="bbox 2016 5048 3595 5106">
     <span class='ocr_line' id='line_1_112' title="bbox 2016 5048 3595 5106; baseline 0 -6"><span class='ocrx_word' id='word_1_816' title='bbox 2016 5049 2210 5101; x_wconf 91' lang='lat' dir='ltr'><strong>ultimo</strong></span> <span class='ocrx_word' id='word_1_817' title='bbox 2259 5057 2692 5102; x_wconf 88' lang='lat' dir='ltr'><strong>commemorant</strong></span> <span class='ocrx_word' id='word_1_818' title='bbox 2729 5065 2742 5102; x_wconf 90' lang='lat'>:</span> <span class='ocrx_word' id='word_1_819' title='bbox 2774 5064 2897 5102; x_wconf 78' lang='lat' dir='ltr'><strong>etim</strong></span> <span class='ocrx_word' id='word_1_820' title='bbox 2957 5049 3118 5102; x_wconf 77' lang='lat' dir='ltr'><strong>iidem</strong></span> <span class='ocrx_word' id='word_1_821' title='bbox 3179 5048 3400 5103; x_wconf 82' lang='lat' dir='ltr'><strong>fratrem</strong></span> <span class='ocrx_word' id='word_1_822' title='bbox 3451 5048 3595 5106; x_wconf 88' lang='lat' dir='ltr'><strong>Con-</strong></span> 
     </span>
    </p>
   </div>
   <div class='ocr_carea' id='block_1_113' title="bbox 2017 5117 3056 5187">
    <p class='ocr_par' dir='ltr' id='par_1_113' title="bbox 2017 5117 3056 5187">
     <span class='ocr_line' id='line_1_113' title="bbox 2017 5117 3056 5187; baseline -0.002 -13"><span class='ocrx_word' id='word_1_823' title='bbox 2017 5119 2241 5174; x_wconf 81' lang='lat' dir='ltr'><strong>SIatttini</strong></span> <span class='ocrx_word' id='word_1_824' title='bbox 2275 5117 2411 5187; x_wconf 82' lang='lat' dir='ltr'><strong>Aug.</strong></span> <span class='ocrx_word' id='word_1_825' title='bbox 2443 5132 2656 5186; x_wconf 80' lang='lat' dir='ltr'><strong>semper</strong></span> <span class='ocrx_word' id='word_1_826' title='bbox 2691 5119 3056 5173; x_wconf 77' lang='lat' dir='ltr'><strong>meminerint.</strong></span> 
     </span>
    </p>
   </div>
   <div class='ocr_carea' id='block_1_114' title="bbox 2087 5188 2834 5258">
    <p class='ocr_par' dir='ltr' id='par_1_114' title="bbox 2087 5188 2834 5258">
     <span class='ocr_line' id='line_1_114' title="bbox 2087 5188 2834 5258; baseline -0.001 -17"><span class='ocrx_word' id='word_1_827' title='bbox 2087 5189 2199 5258; x_wconf 72' lang='lat'><strong>(‘28)</strong></span> <span class='ocrx_word' id='word_1_828' title='bbox 2229 5189 2364 5258; x_wconf 83' lang='lat' dir='ltr'><strong>Cod.</strong></span> <span class='ocrx_word' id='word_1_829' title='bbox 2401 5189 2452 5248; x_wconf 81' lang='grc'>1,</span> <span class='ocrx_word' id='word_1_830' title='bbox 2494 5188 2834 5258; x_wconf 79' lang='grc' dir='ltr'>Ἰουστιανός.</span> 
     </span>
    </p>
   </div>
   <div class='ocr_carea' id='block_1_115' title="bbox 2089 5257 3588 5328">
    <p class='ocr_par' dir='ltr' id='par_1_115' title="bbox 2089 5257 3588 5328">
     <span class='ocr_line' id='line_1_115' title="bbox 2089 5257 3588 5328; baseline 0.001 -18"><span class='ocrx_word' id='word_1_831' title='bbox 2089 5257 2200 5328; x_wconf 63' lang='lat'><strong>(99)</strong></span> <span class='ocrx_word' id='word_1_832' title='bbox 2250 5257 2586 5312; x_wconf 82' lang='lat' dir='ltr'><strong>Marcianum</strong></span> <span class='ocrx_word' id='word_1_833' title='bbox 2611 5257 2926 5328; x_wconf 80' lang='lat' dir='ltr'><strong>quemdam</strong></span> <span class='ocrx_word' id='word_1_834' title='bbox 2967 5268 3234 5313; x_wconf 89' lang='lat' dir='ltr'><strong>memorat</strong></span> <span class='ocrx_word' id='word_1_835' title='bbox 3271 5258 3588 5319; x_wconf 77' lang='lat' dir='ltr'><strong>Simoeattc.</strong></span> 
     </span>
    </p>
   </div>
   <div class='ocr_carea' id='block_1_116' title="bbox 2017 5326 3581 5400">
    <p class='ocr_par' dir='ltr' id='par_1_116' title="bbox 2017 5326 3581 5400">
     <span class='ocr_line' id='line_1_116' title="bbox 2017 5326 3581 5400; baseline -0.003 -18"><span class='ocrx_word' id='word_1_836' title='bbox 2017 5326 2188 5400; x_wconf 60' lang='lat' dir='ltr'><strong>(Hist,</strong></span> <span class='ocrx_word' id='word_1_837' title='bbox 2224 5328 2322 5400; x_wconf 60' lang='lat' dir='ltr'><strong>lib,</strong></span> <span class='ocrx_word' id='word_1_838' title='bbox 2357 5345 2438 5391; x_wconf 83' lang='lat' dir='ltr'><strong>tu,</strong></span> <span class='ocrx_word' id='word_1_839' title='bbox 2474 5343 2524 5400; x_wconf 12' lang='lat' dir='ltr'><strong>cf.</strong></span> <span class='ocrx_word' id='word_1_840' title='bbox 2564 5327 2674 5394; x_wconf 75' lang='grc'>10),</span> <span class='ocrx_word' id='word_1_841' title='bbox 2717 5344 2878 5398; x_wconf 88' lang='lat' dir='ltr'><strong>quem</strong></span> <span class='ocrx_word' id='word_1_842' title='bbox 2925 5329 3581 5400; x_wconf 47' lang='lat' dir='ltr'><strong>utparmovappellate;</strong></span> 
     </span>
    </p>
   </div>
   <div class='ocr_carea' id='block_1_117' title="bbox 2015 5398 3588 5470">
    <p class='ocr_par' dir='ltr' id='par_1_117' title="bbox 2015 5398 3588 5470">
     <span class='ocr_line' id='line_1_117' title="bbox 2015 5398 3588 5470; baseline 0.001 -20"><span class='ocrx_word' id='word_1_843' title='bbox 2015 5399 2091 5470; x_wconf 79' lang='grc' dir='ltr'><strong>τῷ</strong></span> <span class='ocrx_word' id='word_1_844' title='bbox 2121 5399 2408 5470; x_wconf 66' lang='grc' dir='ltr'>καταλόγιρ</span> <span class='ocrx_word' id='word_1_845' title='bbox 2446 5399 2554 5451; x_wconf 82' lang='grc' dir='ltr'>τῶν</span> <span class='ocrx_word' id='word_1_846' title='bbox 2579 5400 2882 5470; x_wconf 84' lang='grc' dir='ltr'>πατρικίων</span> <span class='ocrx_word' id='word_1_847' title='bbox 2913 5398 3062 5461; x_wconf 72' lang='grc' dir='ltr'>ὄντα,</span> <span class='ocrx_word' id='word_1_848' title='bbox 3097 5398 3462 5468; x_wconf 71' lang='grc' dir='ltr'>περίϐλεπτον</span> <span class='ocrx_word' id='word_1_849' title='bbox 3490 5398 3588 5452; x_wconf 74' lang='grc' dir='ltr'><strong>ἇν-</strong></span> 
     </span>
    </p>
   </div>
   <div class='ocr_carea' id='block_1_118' title="bbox 2013 5466 3588 5537">
    <p class='ocr_par' dir='ltr' id='par_1_118' title="bbox 2013 5466 3588 5537">
     <span class='ocr_line' id='line_1_118' title="bbox 2013 5466 3588 5537; baseline -0.001 -17"><span class='ocrx_word' id='word_1_850' title='bbox 2013 5467 2134 5537; x_wconf 84' lang='grc' dir='ltr'>δρα,</span> <span class='ocrx_word' id='word_1_851' title='bbox 2164 5469 2212 5520; x_wconf 87' lang='lat' dir='ltr'><strong>id</strong></span> <span class='ocrx_word' id='word_1_852' title='bbox 2238 5476 2341 5530; x_wconf 84' lang='lat' dir='ltr'><strong>est,</strong></span> <span class='ocrx_word' id='word_1_853' title='bbox 2372 5466 2570 5521; x_wconf 82' lang='lat' dir='ltr'><strong>Ducem</strong></span> <span class='ocrx_word' id='word_1_854' title='bbox 2631 5466 2767 5523; x_wconf 74' lang='lat' dir='ltr'><strong>inier</strong></span> <span class='ocrx_word' id='word_1_855' title='bbox 2815 5471 3068 5537; x_wconf 80' lang='lat' dir='ltr'><strong>patricios</strong></span> <span class='ocrx_word' id='word_1_856' title='bbox 3117 5466 3384 5537; x_wconf 66' lang='lat' dir='ltr'><strong>allectum,</strong></span> <span class='ocrx_word' id='word_1_857' title='bbox 3421 5470 3588 5537; x_wconf 69' lang='lat' dir='ltr'><strong>virum</strong></span> 
     </span>
    </p>
   </div>
   <div class='ocr_carea' id='block_1_119' title="bbox 2013 5535 3590 5608">
    <p class='ocr_par' dir='ltr' id='par_1_119' title="bbox 2013 5535 3590 5608">
     <span class='ocr_line' id='line_1_119' title="bbox 2013 5535 3590 5608; baseline -0.001 -17"><span class='ocrx_word' id='word_1_858' title='bbox 2013 5535 2367 5607; x_wconf 67' lang='lat' dir='ltr'><strong>spectabilem.</strong></span> <span class='ocrx_word' id='word_1_859' title='bbox 2400 5541 2576 5608; x_wconf 84' lang='lat' dir='ltr'><strong>Atque</strong></span> <span class='ocrx_word' id='word_1_860' title='bbox 2600 5539 2762 5608; x_wconf 77' lang='lat' dir='ltr'><strong>hunc</strong></span> <span class='ocrx_word' id='word_1_861' title='bbox 2813 5535 2915 5592; x_wconf 66' lang='lat' dir='ltr'><strong>Sub</strong></span> <span class='ocrx_word' id='word_1_862' title='bbox 2949 5537 3209 5592; x_wconf 81' lang='lat' dir='ltr'><strong>extremis</strong></span> <span class='ocrx_word' id='word_1_863' title='bbox 3255 5535 3458 5608; x_wconf 77' lang='lat' dir='ltr'><strong>Justini</strong></span> <span class='ocrx_word' id='word_1_864' title='bbox 3489 5535 3590 5608; x_wconf 76' lang='lat' dir='ltr'><strong>Ju-</strong></span> 
     </span>
    </p>
   </div>
   <div class='ocr_carea' id='block_1_120' title="bbox 2014 5606 3590 5677">
    <p class='ocr_par' dir='ltr' id='par_1_120' title="bbox 2014 5606 3590 5677">
     <span class='ocr_line' id='line_1_120' title="bbox 2014 5606 3590 5677; baseline -0.001 -15"><span class='ocrx_word' id='word_1_865' title='bbox 2014 5606 2186 5663; x_wconf 88' lang='lat' dir='ltr'><strong>nioris</strong></span> <span class='ocrx_word' id='word_1_866' title='bbox 2219 5606 2558 5677; x_wconf 77' lang='lat' dir='ltr'><strong>temporibus</strong></span> <span class='ocrx_word' id='word_1_867' title='bbox 2597 5607 2650 5662; x_wconf 92' lang='lat' dir='ltr'><strong>in</strong></span> <span class='ocrx_word' id='word_1_868' title='bbox 2689 5606 2962 5662; x_wconf 85' lang='lat' dir='ltr'><strong>Orientem</strong></span> <span class='ocrx_word' id='word_1_869' title='bbox 3013 5622 3138 5662; x_wconf 88' lang='lat' dir='ltr'><strong>cum</strong></span> <span class='ocrx_word' id='word_1_870' title='bbox 3181 5607 3421 5677; x_wconf 78' lang='lat' dir='ltr'><strong>exercitu</strong></span> <span class='ocrx_word' id='word_1_871' title='bbox 3453 5607 3590 5660; x_wconf 80' lang='lat' dir='ltr'><strong>mis-</strong></span> 
     </span>
    </p>
   </div>
   <div class='ocr_carea' id='block_1_121' title="bbox 2011 5675 3592 5746">
    <p class='ocr_par' dir='ltr' id='par_1_121' title="bbox 2011 5675 3592 5746">
     <span class='ocr_line' id='line_1_121' title="bbox 2011 5675 3592 5746; baseline -0.004 -13"><span class='ocrx_word' id='word_1_872' title='bbox 2011 5695 2131 5733; x_wconf 90' lang='lat' dir='ltr'><strong>sum</strong></span> <span class='ocrx_word' id='word_1_873' title='bbox 2167 5675 2382 5742; x_wconf 82' lang='lat' dir='ltr'><strong>scribit,</strong></span> <span class='ocrx_word' id='word_1_874' title='bbox 2405 5693 2504 5733; x_wconf 89' lang='lat' dir='ltr'><strong>nec</strong></span> <span class='ocrx_word' id='word_1_875' title='bbox 2535 5678 2706 5732; x_wconf 85' lang='lat' dir='ltr'><strong>multo</strong></span> <span class='ocrx_word' id='word_1_876' title='bbox 2739 5687 2880 5746; x_wconf 89' lang='lat' dir='ltr'><strong>post,</strong></span> <span class='ocrx_word' id='word_1_877' title='bbox 2905 5686 3128 5746; x_wconf 85' lang='lat' dir='ltr'><strong>propter</strong></span> <span class='ocrx_word' id='word_1_878' title='bbox 3155 5675 3274 5745; x_wconf 85' lang='lat' dir='ltr'><strong>ejus</strong></span> <span class='ocrx_word' id='word_1_879' title='bbox 3313 5679 3592 5746; x_wconf 72' lang='lat' dir='ltr'><strong>temerita-</strong></span> 
     </span>
    </p>
   </div>
   <div class='ocr_carea' id='block_1_122' title="bbox 2013 5745 3590 5820">
    <p class='ocr_par' dir='ltr' id='par_1_122' title="bbox 2013 5745 3590 5820">
     <span class='ocr_line' id='line_1_122' title="bbox 2013 5745 3590 5820; baseline -0.001 -18"><span class='ocrx_word' id='word_1_880' title='bbox 2013 5761 2144 5818; x_wconf 88' lang='lat' dir='ltr'><strong>tem,</strong></span> <span class='ocrx_word' id='word_1_881' title='bbox 2189 5749 2442 5806; x_wconf 83' lang='lat' dir='ltr'><strong>abdicare</strong></span> <span class='ocrx_word' id='word_1_882' title='bbox 2471 5763 2532 5804; x_wconf 89' lang='lat' dir='ltr'><strong>se</strong></span> <span class='ocrx_word' id='word_1_883' title='bbox 2563 5745 2770 5805; x_wconf 83' lang='lat' dir='ltr'><strong>honore</strong></span> <span class='ocrx_word' id='word_1_884' title='bbox 2790 5745 3028 5820; x_wconf 31' lang='lat' dir='ltr'><strong>juss’um’.</strong></span> <span class='ocrx_word' id='word_1_885' title='bbox 3059 5746 3136 5803; x_wconf 82' lang='lat' dir='ltr'><strong>Ea</strong></span> <span class='ocrx_word' id='word_1_886' title='bbox 3163 5757 3290 5804; x_wconf 83' lang='lat' dir='ltr'><strong>nota</strong></span> <span class='ocrx_word' id='word_1_887' title='bbox 3340 5745 3590 5817; x_wconf 76' lang='lat' dir='ltr'><strong>juvenem</strong></span> 
     </span>
    </p>
   </div>
  </div>
