4104 6262
410 361 427 374 -·
460 336 567 402 619

1442 341 1512 403 S.
1556 340 1949 404 'GREGORII
1996 341 2511 407 AGRIGENTINI
2551 343 2749 405 VITA.

3627 343 3742 406 620

460 458 759 530 postuletis
791 442 954 529 quem
977 456 1166 524 vultis,
1199 467 1251 514 et
1284 459 1574 514 unanimes
1605 459 1709 515 hoc
1725 461 1895 515 etiam
1925 475 2047 530 spe-

2153 462 2308 530 κοινῇ
2359 459 2553 531 γνώμῃ
2613 478 2630 510 r
2663 460 2759 514 καὶ
2805 461 3118 532 μαρτυρίαν
3149 459 3398 532 ἀγαθήν,
3433 477 3456 514 ι
3501 459 3642 516 κατά
3674 463 3738 516 τὸ

461 551 646 607 ctetis.
684 567 702 602 ς
749 548 818 604 Ut
849 551 1048 606 habeat
1078 551 1284 606 bonum
1319 550 1703 606 testimonium
1735 552 1871 625 ('55),
1915 571 1933 605 ι
1975 553 2050 606 si-

461 650 556 698 cut
595 641 860 718 scriptum
890 651 995 698 est.
1039 644 1108 699 At
1150 642 1225 698 illi
1278 654 1464 714 spreto
1492 643 1752 714 pontifice
1785 644 2046 710 maximo,

464 732 704 804 majores
730 733 920 789 turbas
952 733 1122 789 multa
1151 734 1510 790 obtrectando
1545 735 1878 790 excitabant.

535 825 647 880 XL.
692 825 760 882 Ut
786 842 916 882 vero
951 827 1192 896 pontifex
1236 827 1516 884 maximus
1549 828 1920 899 impudentem
1952 842 2048 882 eo-

465 937 588 976 rum
619 921 942 976 seditionem
974 920 1132 983 vidit,
1164 919 1244 979 ira
1275 920 1536 975 incensus
1561 935 1592 974 e
1615 927 1916 990 conspectu
1943 933 2047 974 suo

462 1025 658 1066 omnes
687 1011 813 1080 ejici
838 1010 1022 1077 iussit,
1054 1025 1118 1064 ae
1139 1009 1367 1081 rogandi
1399 1024 1564 1063 causa
1594 1010 1661 1063 ad
1692 1025 1753 1064 se
1779 1009 1830 1062 in
1861 1018 2043 1077 poste-

465 1119 587 1157 rum
627 1101 808 1158 redire
849 1102 1042 1157 vetuit.
1085 1101 1232 1157 Idem
1281 1103 1442 1156 tertio
1498 1110 1623 1171 post
1671 1102 1759 1156 die
1809 1101 2045 1171 Enplum

438 1195 916 1250 ‘archidiaeonum
948 1203 1002 1249 et
1034 1193 1387 1248 Charitonem
1415 1208 1480 1248 ac
1500 1203 1732 1248 caeteros
1761 1209 1792 1246 e
1820 1193 1971 1246 clero
1993 1201 2046 1246 ct

465 1288 690 1358 populo,
724 1287 821 1357 qui
856 1303 980 1365 eum
1022 1287 1108 1342 bis
1138 1287 1472 1352 sentiebant,
1511 1287 1856 1352 convocavit,
1889 1295 1944 1340 et
1967 1286 2045 1341 sie

464 1389 550 1434 est
579 1377 778 1434 alfatns
814 1397 827 1432 :
865 1377 1053 1446 Vobis,
1109 1376 1332 1438 fratres,
1385 1377 1516 1449 quid
1559 1378 1776 1432 videtur
1821 1378 1889 1434 de
1933 1379 2042 1444 his,

411 1541 419 1547 _
465 1486 606 1539 quos
631 1471 883 1528 seditiosi
915 1470 992 1524 illi
1025 1481 1078 1525 et
1104 1469 1407 1525 turbulenti
1440 1469 1694 1526 homines
1720 1469 2046 1540 elegerunt?

465 1565 676 1620 similes
703 1579 895 1619 eorum
933 1563 1180 1634 profecto
1210 1572 1364 1630 sunt,
1401 1563 1572 1634 inepti
1607 1571 1769 1633 atque
1793 1562 2040 1626 inutiles.

465 1657 902 1714 Archidiaconus
925 1671 1053 1710 vero
1075 1665 1130 1711 et
1157 1654 1385 1710 Charito
1412 1653 1821 1726 responderunt
1849 1671 1862 1708 ε
1897 1657 2046 1723 Opus

469 1749 598 1814 hoc,
628 1747 859 1804 Domine
893 1745 1002 1804 Deo
1038 1747 1386 1808 charissima,
1436 1747 1583 1816 quod
1612 1743 1726 1814 jam
1759 1744 2002 1799 diximus
2029 1784 2044 1810 ,

469 1858 580 1898 non
637 1843 705 1896 ab
763 1841 989 1896 homine
1039 1855 1216 1910 neque
1262 1855 1360 1909 per
1411 1838 1713 1904 hominem,
1761 1838 1854 1893 sed
1912 1835 2045 1891 Jesu

470 1934 676 1990 Christi
728 1933 933 1988 indicio
984 1940 1041 1987 et
1089 1931 1490 2002 signiﬁcatione
1521 1929 1904 1998 complendum
1935 1937 2043 1984 est.

467 2028 657 2096 itaque
687 2023 835 2080 Deus
865 2011 1020 2094 ipse,
1040 2025 1136 2095 qui
1175 2039 1370 2093 puram
1409 2023 1750 2092 religionem,
1781 2022 1873 2092 qui
1903 2021 2046 2076 assi-

466 2120 604 2174 duas
643 2132 831 2190 preces
861 2124 984 2172 tuas
1015 2117 1180 2180 videt,
1217 2113 1350 2185 quid
1382 2115 1482 2169 tibi
1509 2115 1578 2170 de
1609 2114 1770 2170 nobis
1797 2123 2046 2171 statuen-

466 2212 598 2266 dum
629 2211 722 2276 sit,
760 2207 1188 2264 demonstrabit.
1216 2203 1568 2277 Responsum
1597 2205 1840 2278 pontifex
1871 2206 2049 2260 mati-

467 2317 590 2362 mus
613 2300 1042 2358 commendavit.
1074 2299 1145 2354 At
1171 2314 1298 2354 eum
1324 2298 1396 2354 ob
1424 2297 1566 2354 hanc
1592 2313 1706 2353 rem
1732 2308 2044 2370 angeretur,

462 2411 577 2454 non
633 2393 808 2450 multo
857 2401 983 2464 post
1029 2391 1267 2462 quadam
1305 2401 1466 2446 nocte
1513 2391 1693 2445 cernit
1740 2391 1794 2444 in
1842 2390 2048 2444 somnis

470 2493 618 2546 viros
645 2489 813 2546 binos
847 2487 1222 2558 apostolorum
1264 2483 1474 2548 habitu,
1507 2483 1599 2552 qui
1629 2483 1714 2536 sic
1753 2497 1878 2536 eum
1912 2481 2050 2534 allo-

461 2590 772 2654 querentur
806 2599 818 2635 :
849 2579 962 2635 Cur
1001 2577 1192 2634 dolore
1242 2575 1500 2640 afﬁceris,
1545 2574 1694 2644 quod
1737 2573 1804 2628 de
1849 2571 2050 2626 Siciliae

469 2676 732 2747 episcopo
761 2671 931 2728 Siculi
960 2670 1038 2724 illi
1073 2668 1327 2724 homines
1354 2665 1701 2722 dissideant?
1734 2665 1880 2720 Sane
1908 2680 2050 2735 quos

472 2766 509 2821 ii
549 2766 915 2826 deduxerunt,
956 2761 1162 2833 indigni
1196 2760 1358 2830 plane
1389 2770 1538 2824 sunt,
1593 2759 1686 2828 qni
1737 2759 2048 2813 initientur.

470 2861 542 2914 At
565 2866 650 2914 est
676 2857 770 2912 hic
794 2855 850 2910 in
879 2853 1018 2909 urbe
1041 2853 1242 2923 hospes
1271 2853 1353 2906 vir
1389 2851 1616 2923 quidam
1649 2851 1794 2920 pius,
1828 2849 1918 2904 cui
1949 2865 2049 2905 no-

472 2964 597 3006 men
637 2947 962 3020 Gregorius,
991 2945 1152 3016 isque
1193 2944 1247 2999 in
1290 2941 1632 2999 monasterio
1673 2941 1859 2998 Saneti
1892 2940 2051 2996 Saba:

471 3042 816 3112 hospitatur;
872 3039 967 3110 qui
1003 3037 1094 3092 ubi
1136 3035 1367 3100 audivit,
1419 3035 1570 3092 viros
1622 3035 1746 3090 illos
1807 3035 1913 3090 huc
1949 3033 2050 3088 ad-

2149 553 2556 624 γεγραμμένον.
2593 554 2659 606 Oi
2703 553 2761 607 δὲ
2806 554 2908 608 οὐκ
2963 554 3251 609 ἐϐούλοντο
3300 555 3608 609 ἐπακοῦσαι
3655 555 3744 626 τῷ

2151 645 2331 717 πάπᾳ,
2364 645 2500 699 ἀλλά
2531 645 2732 717 μᾶλλον
2777 646 3138 716 ἐθορυϐοῦντο
3169 649 3264 716 ἐπὶ
3307 647 3486 702 πολλά
3523 647 3738 716 διελέγ-

2149 753 2336 807 χοντες
2347 777 2360 792 .

2219 829 2314 884 Μ’.
2369 827 2516 884 Ἰδὼν
2544 829 2601 883 δὲ
2631 829 2662 884 ὁ
2713 829 2901 894 πάπας
2929 829 3028 900 τὴν
3074 829 3268 900 ἀναιδῆ
3312 829 3494 884 αὐτῶν
3521 829 3739 896 στάσιν,

2147 920 2424 992 ὀργισθεὶς
2453 922 2738 974 ἐκέλευσεν
2769 923 2969 985 αὐτοὺς
3018 920 3377 992 ἐκδιωχθῆναι
3409 921 3518 975 ἀπὸ
3566 939 3737 993 προσ-

2146 1014 2298 1067 ώπου
2331 1013 2520 1078 αὐτοῦ,
2546 1014 2640 1067 καὶ
2673 1013 2867 1085 μηκέτι
2899 1001 3386 1086 αὐτοὺςῚρχεσοαι
3409 1015 3489 1079 είς
3525 1013 3736 1086 ἐρώτη-

2151 1123 2232 1158 σιν
2253 1122 2266 1136 ’
2301 1105 2395 1159 καὶ
2431 1104 2552 1176 μεθ’
2585 1104 2797 1174 ἡμέρας
2826 1107 2974 1174 τρεῖς
3013 1103 3534 1174 προσκαλεσάμενος
3565 1106 3593 1156 6
3630 1104 3738 1156 πά-

2151 1214 2257 1260 πας
2283 1196 2373 1249 τὸν
2401 1196 2781 1268 ἀρχιδιάκονον
2811 1192 3022 1250 Εὗπλον
3051 1198 3148 1250 καὶ
3181 1197 3273 1252 τὸν
3305 1197 3597 1267 Χαρίτωνα
3639 1198 3737 1250 καὶ

2115 1292 2272 1356 ,τοὺς
2318 1291 2446 1362 περὶ
2499 1291 2698 1354 αὐτοὺς
2734 1289 3030 1361 κληρίκούς
3069 1307 3130 1342 τε
3175 1291 3270 1344 καὶ
3310 1290 3553 1356 λαῑκοίις,
3587 1290 3739 1358 λέγει

2147 1385 2332 1448 αὐτοῖς
2352 1401 2367 1415 ο
2407 1384 2588 1454 Ὑμῖν,
2621 1381 2860 1452 ἀδελςροὶ,
2895 1383 2949 1435 τί
2973 1381 3123 1436 δοκεῖ
3152 1381 3281 1452 περὶ
3311 1377 3386 1435 ὧν
3411 1380 3740 1448 ἐπελέξαντο

2146 1468 2295 1529 οὗτοι
2362 1475 2410 1528 ei
2472 1472 2792 1544 στασίαρχοι
2848 1471 2964 1525 καὶ-
3021 1469 3358 1541 ταραχώδεις
3413 1469 3738 1540 ἄνθρωποι;

2147 1568 2377 1631 Πάντως
2397 1567 2571 1637 ὅμοιοι
2599 1567 2781 1620 αὐτῶν
2803 1567 3144 1638 ὑπάρχουσιν
3171 1567 3369 1634 ἀφυεῖς
3390 1567 3486 1618 καὶ
3517 1567 3733 1633 ἀνωφε-

2145 1659 2281 1724 λεῖς.
2320 1660 2379 1712 '0
2412 1659 2469 1712 δὲ
2499 1659 2900 1733 ἀρχιδιάκονος,
2923 1659 3020 1712 καὶ
3043 1660 3071 1711 6
3097 1659 3351 1732 Χαρίτων
3379 1657 3482 1729 ἐφη
3500 1673 3515 1688 ⁶
3545 1657 3736 1711 Θεοτί-

2155 1767 2291 1822 μητε
2325 1751 2583 1814 δέσποτα,
2616 1751 2693 1812 ὡς
2719 1751 2813 1803 καὶ
2843 1750 3185 1822 προέφημεν,
3222 1750 3324 1804 οὐκ
3354 1749 3414 1814 ἐξ
3440 1747 3732 1821 ἀνθρώπου

2151 1843 2245 1896 καὶ
2288 1841 2409 1894 οὐδὲ
2445 1841 2512 1895 δι’
2559 1840 2869 1910 ἀνθρώπου,
2911 1841 3048 1896 ἀλλὰ
3087 1840 3156 1895 δι’
3189 1840 3584 1910 ἀποκαλύψεως
3629 1841 3732 1910 Ἰη-

2149 1932 2244 1988 σοῦ
2289 1933 2529 2005 Χριστοῦ
2562 1933 2622 1986 τὸ
2653 1935 2812 2004 ἔργον
2843 1933 3026 2000 μέλλει
3065 1931 3427 2003 πληροῦσθαι.
3463 1932 3608 2002 Πλὴν
3641 1932 3732 1987 διὶ

2146 2025 2246 2095 τῆς
2275 2025 2522 2095 καθαρᾶς
2555 2041 2649 2079 σου
2682 2025 2958 2096 λατρείας,
2991 2026 3086 2078 καὶ
3115 2025 3215 2093 τῆς
3247 2024 3385 2095 πρὸς
3413 2025 3544 2078 Θεὸν
3577 2027 3735 2080 ἀνεν-

2145 2117 2300 2171 δὸτου
2347 2133 2440 2169 σου
2477 2118 2810 2187 προσευχῆς,
2856 2116 3210 2187 ἀποκαλύψαι
3257 2135 3338 2179 σοι
3377 2119 3490 2188 ἔχει
3539 2121 3570 2172 6
3597 2119 3756 2182 65’;-

2146 2210 2209 2263 τὸ
2243 2211 2291 2262 τί
2323 2209 2406 2264 δεῖ
2453 2209 2710 2278 γενέσθαι
2740 2212 2818 2272 εἰς
2849 2212 3019 2280 ἡμᾶς.
3062 2210 3170 2263 Καὶ
3203 2210 3492 2282 ἐπαίνεσεν
3531 2211 3731 2274 αὐτοὺς

2147 2305 2176 2354 6
2217 2302 2404 2365 πάπας
2447 2302 2538 2354 ἐπὶ
2585 2305 2654 2372 τῇ
2692 2319 2752 2354 το
2778 2302 2916 2373 αὑτῃ
2963 2302 3145 2354 αὐτῶν
3187 2302 3496 2372 ἀποκρίσει.
3539 2303 3732 2366 Ὀντος

2147 2392 2202 2446 δὲ
2229 2391 2322 2446 τοῦ
2357 2393 2513 2446 tina
2541 2394 2596 2444 ὲν
2626 2393 2770 2466 λύπῃ
2800 2394 2929 2464 περὶ
2970 2393 3064 2446 τοῦ
3094 2393 3337 2448 τοιούτου
3382 2395 3730 2464 πράγματος,

2153 2484 2271 2556 μεθ’
2302 2487 2515 2558 ἡμέρας
2543 2487 2694 2548 τινὰς
2736 2489 2792 2539 ὲν
2825 2489 2923 2558 μιᾷ
2951 2489 3107 2540 νυκτὶ
3134 2488 3236 2559 ὁρᾷ
3267 2489 3386 2540 κατ’
3411 2488 3543 2559 ὄναρ
3573 2491 3602 2542 6
3631 2488 3734 2542 πά-

2151 2595 2259 2642 πας
2292 2579 2440 2642 τινας
2481 2577 2679 2648 ἄνδρας
2720 2579 2812 2632 δύο
2857 2579 2913 2631 ἐν
2959 2579 3196 2648 σχήματι
3255 2579 3598 2648 ἀποστολικῷ
3641 2577 3732 2631 λέ-

2151 2687 2348 2738 γοντας
2376 2669 2524 2740 αὐτῷ
2545 2687 2558 2701 ·
2599 2671 2663 2722 Τί
2699 2687 2782 2723 σοι
2811 2671 3028 2738 ἐγένετο
3052 2670 3196 2741 λύπη
3225 2672 3354 2740 περὶ
3381 2669 3490 2724 τῶν
3518 2670 3732 2740 ἀνδρῶν

2148 2760 2259 2814 τῶν
2307 2761 2708 2825 στασιαζόντων
2757 2763 2887 2830 περὶ
2935 2761 3032 2813 τοῦ
3087 2761 3392 2815 ἐπισκόπου
3441 2760 3730 2825 Σικελίαςς

2151 2847 2311 2906 Οὗτοι
2339 2851 2396 2904 δὲ
2426 2852 2476 2904 oi
2512 2851 2641 2920 παρ’
2666 2850 2842 2904 αὐτῶν
2876 2851 3300 2921 προσαγόμενοι,
3323 2851 3536 2916 ἀνάξιοι
3559 2850 3733 2921 ὑπάρ-

2151 2962 2306 3017 χουσι
2335 2942 2430 2998 τοῦ
2459 2945 2880 3014 ἐγχειρήματος.
2919 2944 3074 2997 Ἔστι
3098 2945 3154 2997 δὲ
3186 2945 3244 2996 ἐν
3275 2947 3341 3014 τῇ
3376 2944 3530 2998 πόλει
3557 2943 3731 3014 ταύτῃ

2150 3039 2289 3110 ἀνήρ
2321 3053 2405 3102 τις
2443 3035 2591 3104 ξένος
2624 3034 2860 3106 εὐλαϐὴς
2909 3035 3210 3107 Γρηγόριος
3241 3034 3552 3105 λεγόμενος,
3585 3035 3730 3098 ὅστις

469 3134 731 3198 venisse,
783 3145 816 3188 ο
863 3128 1198 3186 monasterio
1257 3128 1492 3200 aufugit,
1534 3127 1589 3182 in
1637 3141 1748 3197 quo
1811 3135 1949 3191 erat,
1996 3136 2049 3180 et

2153 3129 2421 3194 ξενίζεται
2477 3129 2538 3182 ὲν
2600 3128 2678 3198 τῷ
2750 3128 3098 3198 μοναστηρίῳ
3155 3125 3250 3181 τοῦ
3321 3127 3508 3195 ’Δγίου
3564 3127 3732 3180 Σάϐα.

471 3227 528 3283 in
571 3225 686 3296 (56)
724 3221 1062 3278 monasterio
1111 3218 1289 3292 [Lvnt]
1331 3219 1509 3275 sancti
1555 3218 1772 3275 Erasmi
1823 3218 1937 3290 (57)
1991 3231 2050 3273 ae

471 3315 701 3381 abdidit.
735 3315 870 3371 Illuc
889 3315 1066 3384 igitur
1093 3312 1249 3368 mitte
1273 3312 1368 3384 qui
1394 3312 1671 3368 hominem
1706 3313 1772 3368 ad
1801 3322 1853 3367 te
1881 3313 2050 3367 dedu-

473 3418 622 3474 cant,
653 3418 819 3478 atque
849 3407 997 3462 hunc
1021 3421 1147 3461 cum
1183 3405 1481 3476 episcopis,
1527 3405 1622 3475 qui
1651 3406 1794 3474 apud
1826 3409 1875 3459 te
1901 3413 2049 3468 sunt,

469 3508 859 3556 consecratum
891 3499 946 3552 in
979 3499 1229 3554 Siciliam
1263 3512 1388 3554 cum
1415 3497 1725 3554 orthodoxe
1756 3498 1875 3568 ejus
1901 3499 2054 3554 urbis

473 3592 676 3663 populo
704 3589 976 3662 proficisci
1009 3590 1160 3660 jnbe.
1185 3589 1246 3644 In
1277 3604 1344 3646 eo
1365 3589 1512 3645 enim
1550 3597 1778 3646 sanctus
1801 3589 1894 3644 Dei
1929 3589 2048 3658 Spi-

473 3685 612 3738 ritus
666 3683 960 3753 requievit,
1004 3691 1171 3753 atque
1225 3682 1272 3738 is
1330 3690 1438 3745 est,
1487 3696 1650 3752 quem
1702 3681 2051 3752 potissimum

472 3773 670 3828 civitas
699 3772 788 3827 illa
821 3772 1074 3842 requirit.
1117 3773 1244 3828 Haec
1289 3787 1416 3828 cum
1457 3771 1748 3834 dixissent,
1791 3771 2050 3836 hominis,

473 3879 636 3933 quem
685 3863 1074 3920 intermedium
1125 3865 1510 3931 adduxerant,
1569 3864 1901 3920 lineamenta
1950 3865 2052 3934 ipsi

474 3955 832 4025 habitumque
863 3957 1256 4022 ostenderunt,
1304 3971 1408 4014 nec
1452 3957 1610 4028 plura
1669 3956 1934 4012 addentes
1981 3971 2048 4011 ex

473 4047 650 4103 oculis
685 4047 806 4117 ejus
831 4061 1197 4104 evanuerunt.

544 4293 683 4367 XLI.
708 4311 962 4368 Pontifex
992 4313 1266 4368 maximus
1293 4313 1736 4392 expergefactus,
1757 4329 1879 4367 cum
1907 4323 2054 4369 totus

474 4414 756 4470 tremeret,
794 4405 1038 4460 Marcum
1077 4405 1352 4473 abbatem,
1404 4407 1498 4476 qui
1543 4417 1657 4461 tum
1699 4407 1842 4462 forte
1875 4409 1927 4462 in
1962 4425 2056 4462 nr-

475 4501 602 4553 bcm
641 4507 887 4560 venerat,
935 4511 998 4552 ae
1026 4497 1295 4566 primores
1325 4498 1586 4554 Ecclesia:
1619 4501 1683 4555 ad
1715 4517 1775 4554 se
1813 4503 2048 4568 vocavit,

475 4597 531 4642 et
559 4603 678 4658 qua:
709 4586 813 4641 sibi
847 4587 900 4641 in
935 4588 1148 4644 somnis
1180 4589 1296 4643 visa
1326 4599 1533 4654 essent,
1586 4601 1641 4644 et
1687 4601 1950 4662 quantum
1983 4608 2052 4646 ex

476 4677 854 4749 apostolorum
906 4689 1132 4750 aspectu
1177 4682 1572 4749 cohorruisset,
1615 4683 1718 4737 illis
1773 4685 2052 4752 exposuit.

477 4772 578 4826 Cui
611 4769 829 4828 Marcus
861 4773 1034 4828 abbas
1065 4791 1078 4828 :
1115 4771 1312 4840 Deum,
1361 4775 1566 4846 inquit,
1611 4775 1866 4830 laudibus
1911 4776 2054 4829 cclc-

477 4861 724 4929 bremus,
755 4861 918 4919 Pater
945 4865 1278 4932 venerande,
1311 4866 1406 4936 qui
1436 4879 1628 4938 preces
1653 4875 1778 4922 tuas
1815 4882 1924 4921 non
1959 4882 2056 4921 ne-

554 5039 670 5111 (55)
709 5039 1035 5114 lnTttmaltl,
1085 5044 1141 5100 7.
1190 5044 1315 5113 Ipsa
1365 5055 1546 5099 autem
1591 5049 1759 5099 verba
1809 5044 2055 5114 Apostoli

481 5109 764 5188 senties!
786 5109 843 5162 δὲ
879 5112 1043 5166 αὑτὸν
1083 5117 1180 5168 καὶ
1212 5109 1518 5186 μαρτυρίαν
1556 5115 1726 5184 καλὴν
1774 5109 1920 5188 ἔχειν
1950 5115 2058 5167 ἀπὸ

481 5179 590 5234 τῶν
631 5178 850 5244 ἔξωθεν.

554 5249 691 5329 (liti)~
713 5248 991 5329 Scriptn_m
1013 5254 1248 5329 quidem
1285 5255 1341 5329 in_
1373 5255 1503 5329 cod.
1542 5255 1566 5308 1
1601 5264 1744 5329 erat,
1774 5254 1868 5308 τοῦ
1884 5254 2057 5329 -ἀγῖου

492 5319 720 5395 Ἑρμοῦ,
753 5319 855 5389 pro
901 5319 1175 5393 Ἐράσμου
1201 5341 1215 5355 ·
1251 5327 1344 5378 sed
1377 5325 1596 5389 scribae,
1629 5327 1850 5395 opinor,
1883 5319 2058 5394 impe-

482 5392 637 5465 ritia,
675 5395 768 5458 qui
798 5392 1359 5465 nonanimadvertit,
1401 5392 1808 5465 syllabam’illic
1837 5392 2060 5450 contra-

482 5463 668 5536 etione
699 5463 984 5528 omissam,
1016 5481 1139 5532 quae
1181 5463 1481 5536 tereapiee
1513 5467 1781 5535 inscripto
1822 5465 2053 5520 indicari

481 5534 623 5606 solet
653 5531 964 5606 l_toe_modo
1005 5531 1230 5606 Ἑρμοῦ.
1270 5531 1458 5606 Neque
1505 5537 1654 5591 enim
1690 5531 1946 5606 ignauum
2001 5537 2054 5588 in

484 5601 621 5676 urbe
754 5603 966 5676 Erasmi
1003 5601 1428 5672 monasterium,
1461 5606 1624 5676 cujus
1658 5601 1766 5659 no'n
1801 5607 1968 5660 semel
2003 5608 2055 5658 in

485 5669 627 5744 libro
663 5671 976 5729 Pontilicali
1013 5679 1218 5731 mentio
1252 5677 1329 5731 lit.
1365 5669 1424 5730 In
1462 5669 1738 5731 Adeodato
1778 5677 1870 5744 qui
1923 5691 2058 5744 pon-

485 5738 749 5796 tificatum
770 5745 977 5816 maxim
997 5761 1074 5800 :m
1107 5747 1251 5816 cepit
1277 5762 1422 5801 anno
1442 5748 1546 5802 625
1572 5738 1841 5816 legimus:
1875 5738 1979 5799 sed
2008 5756 2058 5800 et

485 5815 869 5868 monasterium
905 5814 1088 5871 Sancti
1135 5814 1352 5872 Erasmi
1389 5817 1548 5870 situm
1588 5814 1640 5870 in
1683 5814 1847 5870 Calio
1886 5828 2058 5870 mcnze

2166 3220 2427 3283 Ἀκούσας
2452 3219 2506 3272 δὲ
2540 3220 2667 3288 περὶ
2707 3219 2816 3271 τῶν
2860 3218 3072 3290 ἀνδρῶν
3103 3219 3346 3283 ἐκείνων,
3378 3219 3459 3272 ὅτι
3503 3217 3734 3273 ἐνταῦθα

2153 3305 2539 3376 παρεγένοντο,
2585 3305 2802 3377 ἀπέδρα
2829 3308 2894 3360 ὲκ
2925 3305 3022 3360 τοῦ
3054 3307 3444 3378 μοναστηρίου,
3485 3307 3542 3360 ὲν
3572 3301 3616 3375 ᾧ
3641 3303 3733 3378 ἦν,

2154 3399 2247 3452 καὶ
2276 3398 2582 3467 κέκρυπται
2626 3399 2685 3450 ὲν
2721 3395 2800 3466 τῷ
2835 3398 3183 3469 μοναστηρίῳ
3221 3397 3317 3452 τοῦ
3355 3398 3537 3467 Ἀγίου
3579 3399 3738 3469 Ἐρά-

2157 3507 2314 3559 σμου.
2363 3489 2710 3552 ’Δποστείλας
2737 3486 2833 3542 οὖν
2866 3489 3234 3559 μετακαλέσαι
3276 3490 3367 3544 τὸν
3413 3491 3607 3560 ἄνδρα,
3640 3493 3735 3545 καὶ

2153 3580 2343 3634 τοῦτον
2373 3584 2759 3652 χειροτονήσας
2801 3580 2910 3633 τῶν
2947 3581 3046 3634 σὺν
3091 3583 3176 3636 σοὶ
3223 3584 3556 3642 ἐπισκόπων.
3599 3585 3737 3637 ὀπό-

2156 3673 2364 3727 στειλον
2405 3674 2567 3727 αὐτὸν
2607 3676 2666 3727 ἐν
2715 3674 2934 3744 Σικελίᾳ
2979 3673 3116 3744 μετὰ
3160 3673 3256 3728 τοῦ
3305 3674 3585 3744 ὁρθοδὸξου
3634 3677 3732 3746 τῆς

2155 3766 2362 3829 πόλεως
2405 3767 2620 3836 ἐκείνης
2661 3765 2810 3820 λαοῦ.
2859 3767 2948 3820 Ἐν
2998 3767 3147 3837 αὑτῷ
3194 3767 3304 3838 γὰρ
3353 3769 3734 3822 ἀναπέπαυται

2154 3859 2216 3911 τὺ
2248 3857 2472 3927 Πνεῦμα
2517 3858 2580 3910 τὸ
2629 3858 2784 3926 ἅγιον
2828 3859 2924 3911 τοῦ
2973 3858 3143 3912 Θεοῦο
3178 3861 3272 3913 καὶ
3301 3860 3478 3912 δέεται
3513 3863 3541 3914 6
3569 3859 3733 3922 τόπος

2153 3949 2361 4012 ἐκεῖνος
2409 3945 2597 4002 αὑτοῦ.
2651 3943 2782 4000 Εἶτα
2828 3947 2904 4010 ὡς
2956 3947 3127 4000 ταῦτα
3175 3948 3394 4016 ἔλεγον,
3447 3947 3737 4013 ὑπέδειξαν

2155 4039 2302 4108 αὐτῷ
2331 4041 2424 4091 καὶ
2458 4040 2548 4090 τὸν
2596 4037 2925 4108 χαρακτῆρα
2967 4038 3059 4091 τοῦ
3089 4039 3285 4110 ἀνδρὸς
3314 4042 3393 4102 είς
3439 4041 3602 4110 μέσον
3631 4041 3734 4093 αὖα

2153 4130 2264 4182 τῶν
2321 4119 2650 4196 φερόμενον
2709 4127 2882 4182 ταῦτα
2930 4127 3112 4182 αὐτῶν
3169 4131 3451 4194 meum»,
3509 4131 3736 4199 ἀςανεῖς

2155 4222 2404 4288 ἐγένοντο
2434 4223 2480 4272 οἱ
2517 4219 2707 4290 ἄνδρες
2740 4219 2846 4271 ἀπὸ
2877 4220 3170 4290 προσώπου
3199 4219 3386 4274 αὑτοῦ.

2228 4315 2362 4367 MA'.
2403 4312 2743 4374 Διυπνισθεὶς
2779 4311 2836 4364 δὲ
2877 4313 2904 4364 6
2937 4313 3124 4374 πάπας
3155 4315 3246 4365 καί
3280 4313 3542 4384 ἔντρομος
3579 4314 3735 4382 γενά-

2160 4421 2344 4474 μενος,
2379 4400 2895 4472 προσκαλεσάμενος
2919 4403 3010 4454 τὸν
3045 4403 3218 4456 ἀδϐἄν
3251 4405 3478 4474 Μάρκον
3513 4399 3600 4474 (ἦν
3625 4405 3736 4475 γὰρ

2158 4495 2298 4548 κατὰ
2329 4493 2632 4562 συγκυρίαν
2678 4491 2938 4544 εἰσελθὼν
2985 4493 3080 4546 καὶ
3127 4493 3288 4558 αὐτὸς
3338 4496 3397 4547 ὲν
3444 4497 3509 4564 τῇ
3531 4494 3733 4561 πόλει).

2157 4587 2248 4640 καὶ
2282 4586 2405 4648 τοὺς
2436 4584 2683 4656 πρώτους
2715 4583 2814 4653 τῆς
2857 4583 3203 4654 Ἐκκλησίας,
3230 4585 3524 4656 διηγήσατο
3550 4587 3736 4650 αὐτοῖς

2156 4677 2226 4730 τὰ
2269 4676 2360 4729 τοῦ
2389 4677 2668 4746 ὁράματος
2713 4675 2810 4728 καὶ
2859 4675 2951 4729 τὸν
3011 4675 3178 4744 φόϐον
3221 4676 3320 4746 τῆς
3370 4675 3737 4745 ἀποστολικῆς

2157 4769 2445 4830 ὀπτασίας,
2481 4769 2574 4821 καὶ
2599 4767 2920 4838 λέγειςαύτῷ
2943 4768 2974 4820 6
3001 4767 3173 4832 ἀῦὁᾶς
3203 4770 3428 4840 Μάρκος
3449 4785 3464 4802 ·
3500 4769 3738 4837 Edita-m-

2159 4861 2251 4925 τὸς
2290 4861 2318 4912 6
2348 4859 2500 4926 Θεὸς,
2533 4859 2717 4929 Πάτερ
2748 4859 2920 4931 τίμιε,
2951 4859 3010 4922 ὃς
3035 4860 3097 4913 οὐ
3125 4860 3320 4930 πάριδε
3359 4859 3459 4932 τὴν
3503 4875 3738 4932 προσευ-

2155 5042 2210 5094 iu
2235 5055 2338 5106 quo
2367 5039 2589 5090 crevisse
2620 5040 2760 5092 visus
2791 5045 2868 5092 est
2905 5036 3190 5105 pra'dicttts
3224 5038 3302 5090 vir
3341 5038 3734 5105 sanctissimus,

2156 5110 2338 5162 mulu's
2372 5111 2518 5160 navis
2546 5109 2790 5178 wdiﬁciis
2824 5109 3206 5177 augmentavit.
3238 5106 3395 5162 Nunc
3425 5123 3572 5169 vero,
3610 5126 3736 5164 cttnt

2151 5191 2208 5233 et
2268 5179 2528 5246 templum
2577 5187 2628 5230 et
2683 5183 3076 5231 monasterium
3133 5188 3378 5232 vetustas
3431 5178 3736 5244 deleverit,

2155 5249 2344 5305 Graeca
2376 5257 2631 5314 superest
2662 5249 2966 5316 inscriptio,
3008 5263 3172 5318 quam
3201 5246 3491 5318 Fabrettys
3515 5250 3736 5314 quidem

2155 5334 2220 5372 es
2263 5321 2379 5386 ipso
2412 5318 2589 5384 lapide
2617 5333 2880 5372 mancam
2917 5317 3091 5389 edidit
3125 5319 3221 5389 (p.
3245 5317 3368 5376 757,
3412 5317 3465 5370 ti.
3507 5318 3656 5389 619).
3685 5329 3741 5374 at

2157 5405 2221 5458 ex
2275 5389 2464 5442 codice
2523 5389 2875 5458 monasterii
2903 5387 3260 5442 Stt‘blaeensis
3298 5390 3578 5458 integram
3619 5387 3736 5458 jam

2157 5457 2424 5511 habemus
2461 5460 2512 5508 in
2547 5458 2829 5510 Αηεεάυιίε
2857 5457 3135 5528 literati“
3167 5461 3234 5526 (ι.
3269 5456 3357 5516 ιν,
3393 5456 3444 5522 p.
3476 5456 3602 5528 545)
3627 5456 3738 5514 non

2155 5529 2277 5581 sine
2318 5527 2634 5596 interpretis
2666 5529 2878 5596 antiqui
2907 5526 3102 5599 Latina
3129 5531 3495 5583 translatione
3523 5547 3536 5580 :
3563 5526 3740 5599 quan-

2155 5614 2331 5670 quam
2354 5607 2652 5670 utrumque
2681 5599 2994 5668 exemplum
3037 5597 3148 5653 alio
3173 5609 3296 5669 eget
3327 5597 3649 5670 interprete,
3685 5607 3744 5656 ut

2159 5667 2391 5738 intelligi
2435 5669 2629 5734 possit.

2230 5736 2362 5808 (57)-
2385 5739 2440 5790 ιιι
2475 5738 2598 5792 cod.
2631 5739 2682 5803 1,
2721 5737 2814 5792 τοῦ
2845 5738 3004 5808 ἁγίου
3046 5736 3270 5810 Ἑρμοῦ.
