4104 6262
416 302 528 382 seu

1411 303 1470 378 S.
1507 317 1881 379 GREGORII
1928 318 2440 380 AGRIGENTINI
2470 316 2668 383 VlTA.

3560 318 3666 389 εει

421 445 494 486 ex
521 430 754 484 adverso
785 437 1035 484 sanctum
1075 428 1339 496 Marcum,
1375 432 1440 486 ad
1483 447 1647 502 quem
1696 448 1996 505 assurgens

2104 433 2188 486 τὸν
2217 433 2372 508 ἅγιον
2405 433 2632 504 Μάρκον
2655 433 2885 489 ἐνώπιον
2914 435 3103 503 αὐτοῦ,
3127 435 3223 492 καὶ
3255 435 3555 504 ἐξαναστὰς
3577 458 3668 496 τα-

400 523 572 596 )llico
603 521 868 586 accurrit,
895 529 949 574 et
976 518 1046 574 ad
1081 521 1247 589 pedes
1284 521 1404 591 ejus
1433 526 1772 594 provolutus,
1803 524 1993 579 multis

423 629 551 666 cum
581 613 842 680 lacrymis
876 605 956 666 ait
985 631 998 666 :
1024 609 1274 682 Magnam
1304 622 1395 668 tua
1425 629 1589 671 causa
1628 615 1738 671 Deo
1763 617 1992 686 gratiam

425 703 710 769 habemus,
737 701 894 757 Pater
910 701 1250 768 venerande;
1277 713 1333 758 ιιι
1355 704 1554 774 quippe
1575 705 1770 762 salutis
1792 713 1995 760 nostra:

373 813 385 822 ν
425 803 619 849 auctor
645 794 796 850 fuisti
831 811 847 850 ε
881 803 932 849 te
963 795 1105 849 duce
1133 793 1318 850 datum
1350 807 1451 862 est,
1482 807 1542 854 ut
1573 799 1862 869 sapientiae
1891 799 1996 855 iter

425 896 695 942 tenerem.
727 885 867 941 Vere
891 885 1274 955 praenuntiasti
1305 887 1422 944 fore
1461 897 1521 944 ut
1558 899 1611 946 te
1654 890 1708 944 in
1739 889 1844 944 bac
1887 889 1994 945 vita

426 993 526 1048 pro
560 993 682 1034 meo
723 979 996 1035 desiderio
1039 992 1358 1048 cernerem;
1408 993 1508 1038 nec
1539 980 1801 1047 fefellisti,
1836 978 1998 1036 Pater

424 1079 629 1126 830013.

375 1189 385 1200 -
497 1161 682 1216 XLill.
723 1162 876 1218 Talia
903 1163 1227 1236 Gregorium
1262 1181 1388 1222 cum
1421 1167 1616 1222 abbate
1657 1181 1998 1223 commemo-

427 1263 640 1308 rantem
680 1268 932 1310 sermone
960 1258 1256 1312 admodum
1297 1259 1478 1328 longo,
1507 1259 1856 1314 mirabantur
1878 1275 1996 1314 um-

427 1354 546 1414 nes’,
581 1347 841 1402 ac‘simul
873 1363 996 1404 cum
1047 1350 1182 1419 ipsis
1221 1348 1444 1406 ﬂebant.
1482 1350 1724 1407 Subinde
1754 1349 1996 1422 pontifex

406 1439 704 1494 inteximus
735 1441 988 1498 secedere
1019 1453 1458 1512 caeteros..atque
1481 1459 1648 1499 unum
1677 1445 1997 1515 Gregorium

409 1544 552 1584 «tum
587 1527 774 1586 Marco
803 1521 998 1588 abbate
1036 1549 1100 1590 ac
1129 1535 1343 1592 duobus
1381 1535 1657 1606 episcOpis
1689 1535 1999 1592 nonnullis-

427 1633 536 1687 que
552 1619 687 1674 aliis
737 1637 960 1678 manere
1001 1623 1167 1693 jussit
1197 1644 1210 1680 :
1236 1635 1401 1696 atque
1431 1627 1498 1681 ad
1525 1642 1649 1681 eum
1680 1641 2000 1692 conversus,

429 1709 681 1781 Greguri,
713 1713 909 1782 inquit,
943 1715 1037 1782 lili,
1071 1715 1542 1774 Dominusnoster
1562 1717 1722 1774 Jesus
1747 1718 2002 1774 Christus

428 1803 640 1857 sanctis
668 1805 930 1872 apostolis
961 1807 1080 1874 eius
1130 1809 1198 1863 ad
1246 1823 1348 1864 nos
1381 1808 1668 1874 demissis,
1712 1810 1998 1880 praesidem
2032 1785 2074 1840 Β

429 1904 484 1950 te
525 1896 830 1967 designavit
872 1906 1097 1964 sanctae,
1147 1899 1452 1965 catholicae,
1503 1915 1711 1971 magna:
1745 1899 2002 1956 Ecclesia:

427 1987 934 2058 Agrigentinorum,
986 2001 1046 2046 ut
1093 1993 1355 2062 populum
1394 1993 1546 2048 illum
1595 2002 1781 2064 pastor
1819 2008 1994 2064 regas.

427 2076 644 2146 Quippe
668 2085 718 2132 te
755 2079 1102 2148 potissimum
1134 2079 1286 2157 locus
1331 2081 1422 2136 ille
1465 2082 1718 2152 requirit,
1752 2098 1862 2152 quo
1905 2093 2000 2138 tua

427 2183 597 2238 opera
623 2185 746 2240 qua:
775 2157 1073 2241 supersunt
1113 2175 1297 2244 populi
1332 2173 1480 2230 illius
1507 2175 1753 2246 reliquiae
1778 2189 2001 2230 conser-

431 2269 646 2316 rentur.
675 2261 772 2316 Cui
797 2261 1099 2333 Gregorius
1125 2277 1450 2336 responsum
1479 2266 1628 2322 dedit
1653 2267 1997 2337 hujusmodi:

431 2349 476 2405 ί)
529 2351 772 2419 domine,
823 2354 978 2419 mihi,
1011 2369 1222 2424 quaeso,
1257 2356 1476 2422 ignosce
1505 2375 1518 2410 :
1557 2373 1734 2427 neque
1763 2358 1908 2412 enim
1955 2357 2002 2412 is

407 2457 555 2498 sum
595 2456 719 2512 ego,
770 2444 866 2514 qui
911 2455 1034 2504 tam.
1069 2447 1352 2502 tremendo
1398 2447 1704 2502 ministerio
1739 2462 1838 2517 par
1879 2461 2006 2503 esse

428 2535 660 2604 possim.
700 2535 1004 2590 Cum-eum
1057 2537 1414 2594 nihilominus
1443 2537 1683 2608 pontifex
1729 2538 2002 2594 maximus

431 2623 770 2693 hortaretur,
807 2641 876 2682 ne
891 2627 1071 2682 Deum
1100 2629 1204 2684 sibi
1230 2627 1550 2684 adfuturum
1581 2629 1878 2696 dubitaret,
1917 2637 2002 2684 ut-

432 2731 542 2786 que
571 2717 913 2772 meminisset
942 2733 1160 2788 gravem
1212 2719 1279 2774 iis
1327 2735 1544 2790 pmnam
1593 2736 1702 2775 non
1739 2719 2000 2787 defuisse,

313 2877 327 2891 _
433 2807 528 2877 qui
555 2815 985 2877 repugnassen’ti;
1017 2812 1280 2880 temporis
1321 2811 1425 2866 sibi
1471 2811 1676 2882 aliquid
1705 2811 1822 2866 dari
1865 2810 2002 2867 Gre-

435 2899 623 2970 gorius
645 2901 822 2968 petiit,
846 2911 1136 2970 antequam
1158 2903 1492 2956 sententiam
1525 2903 1600 2956 illi
1629 2917 1784 2958 suam
1815 2917 2002 2958 rursus

433 2989 691 3060 aperiret.
739 2987 878 3043 Tum
911 2989 1160 3044 abbatem
1207 2998 1432 3046 secutus
1478 2991 1536 3045 in
1581 2991 1830 3070 cellulam
1879 2991 2002 3062 ejus

2099 524 2238 594 χέως
2279 522 2512 596 ἔδραμεν
2557 525 2652 579 xal
2690 523 2912 596 ἔρριψεν
2959 526 3150 583 ἑαυτὸν
3190 527 3286 580 ἐπὶ
3330 528 3458 592 τοὺς
3501 530 3668 595 πόδας

2100 613 2264 668 αὑτοῦ
2309 615 2512 669 κλαίων
2557 616 2652 670 και
2691 615 2900 684 λέγων’
2945 601 3393 690 Εὐχαριστοῦμεν
3437 619 3515 691 τῷ
3550 619 3670 692 Θεῷ

2098 706 2188 760 διὰ
2219 706 2338 770 σοῦ,
2389 709 2571 778 Πάτερ
2617 706 2934 779 τιμιώτατε,
2984 709 3063 763 ὅτι
3095 709 3158 762 σὺ
3190 711 3378 780 ἐγένου
3411 712 3672 784 πρόξενος

2099 795 2198 867 τῆς
2220 799 2502 870 σωτηρίας
2532 798 2689 870 ἡμῶν
2709 814 2722 828 ·
2753 799 2842 854 διὰ
2873 799 2967 852 σοῦ
2999 799 3311 872 ἠξιώθημεν
3345 801 3672 857 καταλαϐεῖν

2102 889 2283 942 πᾶσαν
2314 889 2432 945 ὁδὸν
2465 890 2800 962 ἐπιστήμης.
2857 890 3098 962 Ἀληθῶς
3125 891 3154 945 ὃ
3182 893 3494 962 ὲπηγγείλω
3513 894 3569 946 ὲν
3602 897 3672 965 τῇ

2102 979 2215 1051 ζωῇ
2249 980 2421 1053 ταύτῃ
2467 981 2776 1052 ὲωραθῆναί
2823 983 2884 1036 σέ
2929 1000 3018 1054 μοι
3048 984 3139 1038 τὸν
3178 983 3530 1057 ποθούμενον,
3577 989 3674 1040 καὶ

2101 1071 2308 1142 ἀψευδῆ
2341 1071 2403 1125 τὸ
2439 1071 2604 1141 ῥηθὲν
2628 1071 2733 1126 ὑπὸ
2781 1071 2898 1140 σοῦ,
2927 1073 3109 1144 Πάτερ
3137 1073 3270 1128 ὃσιε.

2175 1159 2309 1217 Ml".
2353 1163 2540 1216 Ταῦτα
2581 1165 2673 1216 ἐπὶ
2717 1163 2979 1226 πλείστας
3021 1163 3172 1236 ὥρας
3220 1164 3598 1236 διαλεγόμενος
3643 1165 3674 1216 6

2102 1253 2402 1326 Γρηγόριος
2428 1253 2504 1324 τῷ
2535 1254 2699 1325 ἀῦϐᾅ,
2732 1253 3042 1325 ἐθαύμαζον
3070 1257 3268 1320 πάντες
3313 1260 3406 1310 καὶ
3454 1257 3674 1312 συνεδά-

2105 1359 2273 1415 κρυον
2311 1345 2515 1409 αὐτοῖς.
2554 1345 2711 1400 Μετὰ
2755 1344 2810 1399 δὲ
2849 1345 3045 1412 ταῦτα,
3076 1346 3362 1402 ἐκέλευσεν
3401 1349 3609 1412 πάντας
3643 1352 3676 1404 6
3757 1334 3766 1340 ’

2105 1437 2293 1500 πάπας
2318 1437 2693 1504 ἐξαποστεῖλαι
2721 1437 2829 1491 ἀπὸ
2851 1439 3142 1509 προσώπου
3167 1439 3352 1506 αὐτοῦ,
3386 1443 3479 1496 καὶ
3512 1443 3674 1514 μόνον

2104 1526 2196 1580 τὸν
2239 1527 2540 1600 Γρηγόριον
2575 1529 2668 1582 καὶ
2708 1529 2800 1582 τὸν
2832 1529 3009 1584 ἀὸὁᾶν
3051 1531 3279 1602 Μάρκον
3304 1532 3400 1586 καὶ
3427 1534 3548 1597 τοὺς
3579 1533 3672 1587 δύο

2107 1620 2438 1684 ἐπισκόπους
2484 1622 2578 1675 καὶ
2603 1621 2822 1693 ἐτέρους
2849 1622 3066 1692 ὀλίγους
3095 1625 3286 1694 στῆναι
3326 1626 3422 1680 σὺν
3454 1627 3634 1692 αὐτοῖς
3653 1641 3670 1660 ο

2108 1710 2203 1763 καὶ
2236 1710 2751 1782 προσκαλεσάμενος
2793 1715 2822 1766 6
2861 1713 3050 1778 πάπας
3079 1715 3170 1772 τὸν
3202 1715 3502 1788 Γρηγόριον
3525 1715 3676 1783 λέγει

2102 1800 2284 1872 αὐτῷ’
2333 1801 2534 1856 Τέκνον
2581 1803 2885 1874 Γρηγόριε,
2933 1807 2962 1859 6
3007 1805 3213 1876 Κύριος
3254 1805 3410 1876 ἡμῶν
3471 1805 3676 1876 Ἰησοῦς

2101 1893 2336 1964 Χριστὸς
2387 1878 2905 1966 προσκέκληταίλσε
2959 1898 3038 1960 είς
3091 1897 3391 1968 ἡγούμενον
3439 1897 3528 1952 διά
3576 1899 3678 1968 τῆς

2102 1985 2406 2055 παρουσίας
2436 1983 2548 2040 τῶν
2576 1985 2746 2055 ἁγίων
2775 1987 2944 2041 αὐτοῦ
2982 1988 3296 2042 ἀποστόλων
3336 1990 3416 2053 είς
3439 1989 3539 2060 τὴν
3565 1991 3679 2043 τῶν

2117 2075 2553 2146 ’Λκραγαντίνων
2597 2077 2761 2146 ἁγίαν
2807 2077 3100 2150 καθολικὴν
3141 2079 3387 2150 μεγάλην
3447 2079 3679 2150 Ἐκκλη·

2103 2167 2246 2234 σίαν,
2273 2169 2367 2221 τοῦ
2392 2171 2655 2240 ποιμᾶναι
2689 2169 2778 2223 τὸν
2803 2169 2931 2224 λαὸν
2959 2170 3187 2226 ἐκεῖνον.
3219 2171 3409 2228 Δέεταί
3435 2187 3529 2225 σου
3567 2173 3684 2242 γάρ.

2100 2260 2128 2312 6
2155 2261 2316 2324 τόπος
2351 2261 2577 2326 ἐκεῖνος,
2607 2262 2694 2315 ἵνα
2724 2261 2810 2316 διὰ
2853 2261 2948 2316 σοῦ
2981 2262 3128 2334 σωθῇ
3165 2263 3226 2316 τὸ
3259 2263 3678 2334 ἐγκατάλειμμα

2101 2350 2196 2405 τοῦ
2223 2349 2354 2404 λαοῦ
2391 2353 2624 2406 ἐκείνου.
2669 2353 2728 2404 ὐ
2763 2352 2819 2405 δὲ
2857 2352 3177 2424 ἀποκριθεὶς
3219 2353 3360 2425 ἔφη·
3406 2354 3676 2421 Δέσποτα,

2104 2443 2459 2522 συγχώρησόν
2504 2461 2596 2514 μοι
2618 2459 2630 2472 ·
2680 2444 2759 2522 οὐ.
2787 2445 2896 2515 γάρ
2927 2444 3042 2515 εἰμι
3089 2445 3238 2510 ἄξιος
3271 2446 3514 2500 τοιούτου
3547 2464 3678 2517 φρι-

2104 2535 2234 2588 κτοῦ
2277 2521 2700 2606 ἐγχειρήματος.
2744 2521 2804 2590 Ὁ
2837 2537 2894 2591 δὲ
2949 2539 3140 2602 πάπας
3183 2522 3321 2608 πρὸς
3367 2535 3531 2592 αὐτὸν
3570 2541 3678 2592 ἀπ·

2103 2626 2390 2697 εκρίνατο’
2420 2627 2534 2698 Μὴ,
2561 2615 2772 2693 τέκνον,
2805 2629 3070 2700 φοϐήθητι
3098 2631 3188 2683 τὸν
3222 2629 3376 2695 Θεὸν,
3407 2630 3676 2702 μνήσθητι

2102 2718 2249 2782 ὅπως
2297 2718 2346 2770 oi
2391 2717 2460 2772 δι’
2515 2718 2822 2786 ἀντιλογίαν
2873 2719 3174 2788 ὑπέμειναν
3225 2719 3419 2790 ποινὴν
3471 2719 3671 2791 δεινήν.

2107 2811 2250 2882 Ἔφη
2284 2809 2341 2863 δὲ
2387 2810 2549 2866 πάλιν
2605 2810 2634 2862 6
2683 2810 2722 2862 Γ
2726 2811 3016 2881 ρηγόριοςο
3079 2809 3334 2880 Ἐπίσχες
3359 2809 3536 2878 ὀλίγον
3581 2809 3676 2864 τοῦ

2101 2901 2287 2956 δούλου
2323 2918 2440 2966 σου,
2495 2900 2592 2954 καὶ
2631 2900 2794 2954 πάλιν
2829 2899 3206 2970 ἀπολογοῦμαι
3255 2901 3392 2970 πρὸς
3425 2903 3524 2970 τὴν
3576 2901 3676 2972 σὴ»

2103 2995 2415 3066 τιμιότητα.
2455 2991 2794 3063 Παραλαϐὼν
2826 2993 2884 3046 δὲ
2926 2993 3088 3047 αὐτὸν
3139 2994 3168 3046 6
3205 2993 3400 3060 ἀσϐᾶς,
3443 2993 3676 3050 ἄπεισαν

432 3081 724 3146 concessit,
773 3080 888 3154 [ιλ]
935 3089 1098 3151 atque
1143 3081 1221 3136 ibi
1265 3091 1480 3136 uectem
1509 3091 1678 3136 totam
1720 3083 2002 3138 insomnes

2104 3086 2163 3138 ἐν
2205 3083 2284 3154 τῷ
2318 3083 2514 3154 κελλίῳ
2549 3083 2737 3149 αὑτοῦ,
2793 3085 2886 3136 καὶ
2936 3083 3066 3154 ὃλην
3113 3083 3211 3154 τὴν
3257 3083 3430 3139 νύκτα
3479 3085 3676 3158 ἄϋπνοι

435 3175 596 3230 ambo
642 3177 964 3244 exegerunt.
1011 3171 1236 3228 Volebat
1289 3184 1470 3229 autem
1523 3173 1819 3244 Gregorius
1879 3174 2004 3230 inde

435 3265 698 3334 aufugere
743 3265 796 3318 in
850 3263 1164 3334 Hispaniam
1213 3262 1349 3332 (58).
1405 3262 1676 3318 Caeterum
1719 3263 2006 3340 ignorabat

430 3358 598 3412 etiam
653 3365 767 3411 tum
819 3367 1098 3428 parentem
1141 3371 1362 3426 quoque
1413 3355 1586 3425 ipsius
1628 3356 1826 3410 ibidem
1881 3373 2006 3414 esse

430 3467 560 3504 cum
597 3450 808 3520 reliquo
852 3434 1074 3520 pOpulo.
1114 3448 1215 3504 Cui
1273 3447 1441 3504 abbas
1470 3467 1484 3503 :
1511 3447 1758 3516 Nostine,
1808 3451 2002 3520 inquit,

438 3540 534 3603 fili,
579 3540 860 3595 dominum
906 3539 1257 3597 Charitouem
1304 3551 1508 3610 patrem
1558 3523 1711 3595 tuum
1743 3543 1848 3596 huc
1879 3559 2004 3598 eum

433 3632 650 3685 car-teris
678 3629 999 3684 orthodoxis
1028 3628 1240 3684 ciuibus
1263 3628 1570 3694 advenisse,
1598 3641 1652 3686 et
1679 3631 1822 3700 apud
1849 3647 2002 3686 com-

439 3734 659 3776 munem
708 3731 985 3790 parcutem
1041 3729 1288 3775 nostrum
1340 3720 1652 3790 pontificem
1707 3724 2002 3780 maxirmnn

438 3827 635 3879 magna
687 3827 806 3866 esse
853 3811 906 3865 in
952 3810 1164 3882 gratia?
1199 3810 1324 3866 Haec
1367 3822 1424 3867 ut
1469 3813 1642 3867 audiit
1680 3811 2002 3885 Gregorius,

438 3902 492 3956 in
519 3903 672 3958 loluit
707 3903 1028 3972 plurimum,
1071 3913 1125 3958 et
1155 3903 1338 3974 fugam
1369 3903 1440 3959 ab
1464 3904 1597 3959 urbe
1633 3906 1806 3973 magis
1835 3906 2006 3961 medi-

441 3994 678 4048 tabatur.
733 3995 801 4050 At
841 3995 1007 4050 abbas
1043 3996 1395 4066 interpellans
1428 4012 1442 4050 :
1476 3995 1639 4060 Cave,
1677 3997 1873 4066 inquit,
1909 3998 2003 4062 fili,

438 4101 508 4140 ne
561 4085 653 4141 Dei
707 4088 841 4141 iram
895 4087 1166 4144 acccudas
1196 4106 1209 4142 :
1245 4087 1385 4144 nosti
1426 4088 1692 4156 profecto,
1733 4091 1863 4160 quid
1910 4090 2008 4145 tibi

437 4177 568 4230 olim
595 4177 910 4246 praeceperit
929 4178 1124 4233 beatus
1151 4175 1241 4230 ille
1267 4191 1454 4242 senex,
1480 4177 1622 4247 apud
1646 4193 1806 4248 quem
1833 4193 2006 4235 annos

436 4280 676 4339 quatuor
703 4280 954 4326 versatus
983 4285 1043 4326 es
1075 4287 1088 4324 :
1123 4269 1274 4339 atqui
1319 4269 1436 4340 ipse
1471 4269 1660 4334 etiam,
1713 4279 1770 4324 ut
1811 4280 2009 4328 caetera

435 4362 504 4416 de
542 4371 614 4428 te,
672 4363 746 4416 ita
797 4364 899 4416 hoc
935 4376 1157 4431 quoque
1203 4347 1333 4415 Deo,
1352 4370 1695 4418 monstrante
1731 4363 2004 4432 cognovit,

2104 3166 2435 3236 διετέλεσανζ
2476 3174 2809 3244 Βουλόμενος
2837 3177 2864 3228 6
2897 3175 3194 3246 Γρηγόριος
3238 3174 3542 3248 ἀποδράσαι
3571 3179 3678 3233 ἀπὸ

2103 3248 2213 3320 τῶν
2241 3267 2421 3320 ἐκεῖσε
2465 3266 2559 3320 ἐπὶ
2590 3267 2689 3336 τὴν
2739 3267 3011 3330 Σπανίαν,
3044 3267 3146 3320 οὐκ
3175 3267 3294 3338 ᾔδει
3325 3267 3384 3321 δὲ
3411 3271 3438 3322 6
3464 3269 3675 3340 Γρηγό-

2104 3376 2243 3430 ριος,
2271 3361 2355 3412 ὅτι
2379 3360 2472 3413 καὶ
2495 3361 2523 3413 6
2558 3363 2739 3430 πατὴρ
2765 3357 2930 3412 αὐτοῦ
2959 3361 3076 3411 ἐκεῖ
3111 3353 3178 3430 ἦν
3210 3359 3347 3428 μετὰ
3371 3358 3468 3411 τοῦ
3489 3359 3678 3414 λοιποῦ

2103 3447 2257 3502 λαοῦ.
2291 3449 2400 3502 Καὶ
2429 3448 2576 3516 λέγει
2626 3447 2775 3518 αὐτῴ
2817 3447 2846 3500 ὁ
2875 3446 3048 3510 ἁϐϐῑις
3070 3463 3083 3477 ο
3130 3443 3311 3514 Οἶδας,
3345 3447 3555 3510 τέκνον,
3595 3450 3678 3501 ὅτι

2105 3541 2199 3593 καὶ
2233 3541 2259 3592 6
2297 3538 2457 3611 κύρις
2491 3540 2744 3611 Χαρίτων
2784 3539 2812 3592 ὁ
2845 3541 3030 3609 πατὴρ
3066 3555 3160 3592 σου
3185 3522 3306 3592 ’ὧδε
3341 3540 3678 3609 παρεγένετο

2107 3631 2245 3700 μετά
2274 3629 2384 3684 τῶν
2431 3629 2728 3702 ὀρθοδόξων
2760 3629 2984 3696 λοιπῶν,
3035 3629 3192 3698 φίλος
3236 3629 3312 3684 ὢν
3352 3630 3446 3683 τοῦ
3497 3631 3678 3685 κοινοῦ

2104 3721 2261 3794 ἡμῶν
2292 3723 2500 3792 [ἰατρὸς
2529 3721 2622 3775 τοῦ
2665 3721 2854 3788 πάπας
2887 3720 3152 3785 Ἀκούσας
3179 3720 3233 3774 δὲ
3263 3721 3405 3775 πάνυ
3430 3709 3676 3803 ἐλυπήθη

2103 3815 2131 3866 ὁ
2181 3813 2500 3884 Γρηγόριος,
2550 3814 2644 3866 καὶ
2691 3813 2873 3883 ἐζήτει
2922 3811 3225 3882 ἁποδράσαι
3272 3811 3370 3882 τῆς
3437 3812 3675 3883 Ῥώμης.

2107 3907 2214 3960 Καὶ
2245 3905 2394 3972 λέγει
2419 3903 2568 3975 αὐτῷ
2594 3905 2621 3958 6
2651 3903 2824 3968 άϐΰάς
2859 3905 3119 3976 Μάρκοςέ
3159 3905 3378 3971 Τέκνον,
3419 3905 3493 3976 μὴ
3533 3922 3679 3978 παρα

2105 3995 2336 4068 οργίξων
2365 3995 2707 4066 παροργίσῃς
2747 3994 2840 4048 τὸν
2879 3995 3011 4048 Θεόν
3035 4007 3049 4020 ·
3079 3991 3228 4060 οἶδας
3259 3996 3366 4068 γᾴρ
3405 3996 3465 4049 τὸ
3499 3999 3550 4050 τί
3593 4013 3678 4049 σοι

2105 4084 2405 4138 ἐνετείλατο
2433 4085 2460 4136 6
2490 4083 2758 4154 μακάριος
2790 4083 2964 4154 γέρων
2985 4085 3216 4149 ἐκεῖνος,
3240 4085 3296 4137 ἐν
3323 4077 3366 4152 ᾧ
3397 4085 3522 4148 τοὺς
3553 4084 3679 4138 τέσ-

2107 4193 2278 4247 σαρας
2309 4175 2640 4246 παρέμεινες
2667 4175 2894 4246 χρόνους
2916 4191 2932 4206 ο
2981 4175 3074 4230 καὶ
3104 4175 3264 4239 αὐτὸς
3302 4175 3370 4255 δι’
3403 4175 3679 4230 ἀποκαλύ-

2104 4265 2251 4332 ψεως
2281 4262 2431 4325 θείας
2458 4261 2840 4332 ἐπιστάμενος,
2873 4261 2968 4314 καὶ
2996 4260 3064 4314 τὰ
3101 4263 3242 4316 κατά
3275 4263 3333 4315 σὲ
3368 4263 3676 4332 γινώσκων,

2108 4353 2224 4418 πῶς
2247 4353 2543 4424 τολμήσας,
2579 4353 2867 4420 ὲπαγάγῃς
2892 4351 3068 4420 ἑαυτῷ
3093 4355 3339 4423 κατάραν
3368 4355 3489 4407 ἀντὶ
3528 4354 3682 4408 εὐλο-

437 4453 484 4507 si
527 4453 660 4524 quid
689 4463 878 4508 contra
912 4468 1082 4508 ausus
1113 4467 1286 4518 esses,
1323 4453 1419 4509 tibi
1453 4469 1552 4524 pro
1592 4454 1777 4510 divino
1823 4455 2003 4511 favore

2109 4446 2234 4514 γίας
2261 4447 2326 4499 ἐκ
2353 4445 2446 4498 τοῦ
2476 4443 2632 4498 Θεοῦ.
2679 4445 2748 4526 Ὀ.
2767 4445 2821 4498 δὲ
2851 4447 2914 4497 ὲκ
2944 4445 3065 4498 τότε
3095 4444 3383 4516 ἡσύχασεν.
3417 4447 3527 4500 Kal
3558 4445 3679 4516 μετ’

437 4549 576 4602 iram
607 4555 661 4601 et
693 4545 918 4600 exitium
958 4543 1244 4598 imminere
1273 4544 1408 4616 (39).
1453 4545 1532 4600 Ad
1567 4545 1683 4601 haec
1713 4561 1838 4600 vero
1871 4546 2007 4601 Gre-

437 4637 626 4708 gorius
656 4633 948 4706 acquievit.
981 4631 1094 4688 Nec
1124 4633 1296 4688 multo
1315 4643 1438 4704 post
1462 4635 1700 4704 pontifex
1735 4637 2006 4692 maximus

441 4729 662 4782 Siculos
703 4741 892 4782 omnes
927 4725 980 4778 in
1027 4726 1249 4778 dornum
1284 4726 1649 4794 pontificalem
1678 4737 1900 4782 coactos
1926 4727 2008 4782 sic

439 4829 522 4874 est
555 4820 820 4874 allocutus
864 4837 878 4872 :
919 4817 1124 4886 Ecquid
1157 4816 1376 4870 demum
1423 4817 1489 4872 de
1521 4818 1798 4872 communi
1833 4821 2006 4876 salute

440 4921 616 4965 vestra
675 4907 1061 4964 deliberastis?
1101 4908 1189 4960 cui
1221 4905 1426 4976 Euplus
1479 4908 1898 4964 archidiaconus
1951 4918 2006 4966 et

437 5003 658 5056 Charite
721 5002 824 5053 hoc
892 5013 1210 5067 responsum
1265 4998 1460 5052 dedere
1499 5017 1514 5053 :
1560 4998 1730 5054 Nobis
1785 5001 2006 5070 quidem

442 5093 574 5146 nihil
627 5105 729 5151 est,
779 5091 922 5159 quod
956 5104 1298 5158 opponamus
1333 5089 1482 5160 (40);
1538 5091 1641 5144 hoc
1679 5094 1854 5146 solum
1909 5093 2006 5147 ad-

439 5185 644 5246 dimus,
688 5182 831 5252 quod
885 5181 978 5234 tibi
1035 5179 1176 5235 Deus
1223 5180 1552 5248 ostenderit,
1613 5181 1664 5236 id
1723 5183 1788 5236 de
1848 5183 2009 5238 nobis

442 5277 684 5332 statuito.

511 5364 699 5420 XLIV.
731 5365 867 5421 Cum
915 5374 1099 5420 autem
1151 5361 1397 5434 pontifex
1447 5361 1716 5419 maximus
1757 5377 1788 5418 a
1827 5362 2010 5418 Marco

510 5537 849 5636 (SSiGragce
901 5561 992 5616 alii
1045 5574 1272 5636 quoque
1317 5558 1556 5636 Σπανίαν
1605 5557 1896 5636 scripsere,
1955 5565 2016 5636 ut

441 5627 642 5695 Paulus
671 5637 736 5690 a.l
771 5633 932 5688 Rom.
965 5627 1146 5694 Jun-28
1175 5627 1188 5682 ἐ
1231 5627 1628 5694 Ἀπελεύσομαι
1653 5627 1722 5679 δι’
1752 5627 1903 5696 ὑμῶν
1935 5627 2017 5688 εἰς

441 5715 540 5782 τὴν
570 5707 837 5762 Σπανίαν.
883 5703 1205 5771 Stephanus
1248 5699 1315 5755 de
1361 5695 1492 5754 Urb.
1537 5697 1644 5750 Kal
1687 5695 2017 5765 συνωνύμως

2111 4537 2297 4607 ὀλίγας
2323 4537 2534 4608 ἡμέρας
2570 4535 2854 4590 ἐκέλευσεν
2883 4535 2911 4588 6
2950 4537 3136 4600 πάπας
3183 4536 3390 4599 πάντας
3421 4537 3547 4599 τοὺς
3593 4536 3683 4589 Σι-

2112 4629 2302 4692 κελοὺς
2329 4627 2562 4698 ἀχθῆναι
2607 4629 2664 4680 ὲν
2711 4626 2790 4694 τῷ
2833 4627 3168 4696 ὲπισκοπείῳ
3197 4626 3334 4696 πρὸς
3369 4625 3554 4689 αὑτὸν,
3585 4626 3680 4679 καὶ

2110 4720 2260 4789 λέγει
2299 4720 2517 4783 αὐτοῖς·
2562 4719 2626 4771 Τί
2655 4717 2958 4787 ἐσκέψασθε
3003 4717 3256 4787 περὶτῆς
3295 4719 3480 4787 κοινῆς
3524 4719 3678 4788 ὑμῶν

2114 4812 2421 4883 σωτηρίας;
2461 4809 2873 4880 Ἀποκριθέντες
2903 4808 2960 4860 δὲ
2993 4810 3019 4860 6
3052 4808 3260 4870 Εὗπλος
3305 4809 3679 4879 ἀρχιδιάκονος

2112 4903 2208 4955 καὶ
2235 4901 2485 4972 Χαρίτων
2518 4899 2766 4966 λέγουσιν
2795 4897 2873 4967 τῷ
2901 4897 3092 4967 πάπαο
3145 4899 3342 4968 Ἡμεῖς
3387 4899 3439 4952 τί
3485 4898 3681 4952 ἀπολο-

2113 4986 2386 5054 γήσασθαι
2405 4987 2503 5039 οὐκ
2532 4985 2746 5055 ἔχομεν,
2777 4987 2852 5056 μὴ
2872 4986 2971 5039 ὅσα
2997 4986 3335 5057 ἀποκαλύψει
3366 5005 3446 5041 σοι
3477 4991 3503 5042 6
3524 4989 3676 5055 Θεὸς,

2113 5075 2270 5131 τοῦτο
2299 5075 2525 5156 ποίηςον
2555 5077 2636 5140 είς
2671 5076 2839 5147 ἡμᾶς.

2188 5357 2321 5416 MA'.
2365 5359 2546 5428 Ἔγνω
2573 5359 2630 5414 δὲ
2655 5361 2684 5414 6
2710 5359 2895 5424 πάπας
2919 5359 3008 5414 διὰ
3035 5359 3128 5414 τοῦ
3159 5338 3302 5415 ἀδεᾶ
3328 5361 3578 5432 Μάρκου,
3605 5363 3685 5414 ὅτι

2133 5553 2342 5624 Ἰϐηρία
2371 5553 2448 5607 ἔτι
2485 5555 2578 5608 καὶ
2610 5553 2821 5608 Σπανία
2853 5554 3120 5609 καλεῖται.
3154 5553 3242 5625 (ιτ.
3295 5557 3574 5630 Ἰϐηρίαι.)

2193 5624 2304 5677 (39)
2341 5625 2474 5677 Cod.
2507 5623 2562 5677 2.
2598 5625 2815 5677 ἐπάεοις
2853 5624 3030 5677 ὲαυτῶ
3053 5627 3315 5677 κατάραν.

2217 5624 2304 5691 39)
2341 5625 2474 5677 Cod.
2507 5624 2562 5691 2,
2598 5625 2815 5690 eadem;
2853 5624 3030 5694 ἑαυτῷ
3053 5624 3315 5696 κατάραν.
3389 5624 3403 5630 ⁷

2193 5625 2308 5766 illi)
2350 5693 2483 5748 Cod.
2514 5695 2571 5761 ‘2,
2607 5695 2834 5764 Ἕτερόν
2866 5711 2917 5746 τι
2948 5695 3405 5765 ἀπολογήσασθαι.
