4104 6262
578 336 684 398 639

1581 331 1644 390 S.
1669 323 2047 388 GBEGORII
2093 316 2603 382 AGRIGENTINI
2637 313 2836 374 VITA.

3729 303 3868 371 650

582 455 799 522 pietate.
834 459 888 504 et
923 451 1174 505 monitus
1207 464 1272 504 ac
1301 447 1460 502 faelis
1493 448 1599 502 illis
1631 447 1968 517 persimilcs,
2003 443 2132 495 Smu

2274 435 2363 487 καὶ
2393 429 2763 487 Πλατωνικόν.
2782 421 2942 482 Οὗτοι
2965 425 3016 480 οἱ
3041 425 3190 496 τρεῖς
3219 419 3405 481 παῖδες
3431 415 3720 486 ἐζήλωσαν
3749 415 3876 482 τὴν

584 543 806 612 ragdus,
856 541 1244 610 Philadelphus
1287 551 1341 594 et
1387 539 1724 594 Platonicus.
1771 537 1836 591 lli
1869 547 1981 590 tres
2021 549 2158 604 prae-

582 635 728 689 el.:ra
759 633 882 688 Vitzc
915 634 1035 702 ejus
1066 634 1318 688 instituta
1357 631 1600 686 aemulati
1633 640 1784 694 sunt,
1827 639 1884 684 et
1920 645 1984 683 es
2010 628 2157 682 assi-

581 724 690 779 dua
741 725 1112 796 proiigiorum
1166 723 1632 796 contemplatione
1674 734 1876 794 magno
1939 722 2174 778 virtutis

585 816 772 872 studio
798 827 1141 872 exarserunt.

657 928 766 982 LII.
809 929 936 984 Post
973 931 1089 985 dies
1119 931 1330 1002 aliquot
1381 930 1616 984 lustrare
1655 929 1844 984 urbem
1890 929 2074 998 empit,
2108 939 2162 984 et

587 1015 680 1089 qui
719 1023 771 1074 in
811 1038 872 1074 ea
913 1032 1116 1079 essent.
1162 1033 1399 1093 :rgrotos
1443 1039 1508 1078 ac
1553 1037 1822 1093 pauperes
1878 1031 2042 1090 atque
2080 1022 2162 1075 γί-

587 1112 725 1166 duas
779 1113 1033 1167 invisere.
1094 1113 1344 1182 Cumque
1397 1115 1586 1168 urbem
1643 1115 1877 1168 mediam
1941 1113 2158 1178 obiret,

585 1203 904 1272 quicunque
932 1219 1109 1272 argi-os
1132 1205 1279 1259 duini
1313 1205 1608 1269 habebant,
1643 1221 1738 1260 eos
1768 1218 1988 1275 propter
2016 1205 2159 1260 viam

587 1295 954 1362 exponebant,
1007 1312 1116 1366 qua
1153 1297 1348 1352 beatus
1395 1297 1695 1367 Gregorius
1731 1299 1966 1350 trau~ire
1997 1297 2164 1352 debe-

592 1395 695 1436 ret.
729 1383 846 1453 Ipse
883 1401 1010 1439 vero
1043 1402 1238 1442 manus
1275 1387 1344 1442 iis
1377 1387 1716 1457 imponebat,
1748 1397 1802 1442 el
1829 1403 2164 1458 quocunque

587 1475 814 1529 detiner.
838 1486 966 1530 ntnr
1000 1479 1212 1545 morbo,
1247 1479 1300 1534 in
1345 1480 1561 1534 Domini
1589 1479 1720 1534 Jesu
1755 1481 1978 1536 nomine
2004 1494 2162 1536 cura-

591 1566 811 1620 lrautut'.
845 1569 1099 1624 Habe-bat
1122 1569 1362 1626 Sabinus
1392 1574 1678 1644 presbyter
1705 1574 1924 1628 filiolam
1959 1573 2165 1628 formo-

589 1659 891 1725 sissimam,
937 1663 1028 1716 sed
1062 1664 1221 1732 cujus
1263 1665 1506 1720 membra
1543 1667 1779 1722 Satanas
1818 1679 1945 1720 ante
1987 1682 2164 1722 annos

2263 525 2516 595 ἐνάρετον
2557 523 2725 580 αὐτοῦ
2771 520 3075 578 πολιτείαν,
3112 507 3654 584 προσκαρτεροῦντες
3703 505 3874 560 κατὰ

2263 619 2445 674 πᾶσαν
2476 612 2628 687 ὥραν
2647 615 2718 668 τὰ
2747 610 2879 683 παρ’
2899 607 3066 664 αὐτοῦ
3094 605 3352 676 γινόμενα
3387 599 3668 672 θαύματα.

2335 875 2459 931 NB'.
2515 873 2652 930 Μεθ’
2693 872 2906 944 ἡμέρας
2936 869 2996 924 δέ
3041 883 3193 930 τινας
3229 862 3454 934 ἐξῆλθεν
3495 861 3528 914 ὁ
3572 855 3871 929 μακάριος

2263 966 2701 1037 θεάσασθαι¹την
2753 964 2909 1017 πόλιν
2967 962 3060 1014 καὶ
3103 959 3230 1020 τοὺς
3269 959 3328 1010 ὲν
3379 955 3518 1025 αὐτῇ
3572 951 3866 1008 ἀσθενεῖς.

2263 1057 2512 1128 πτωχούς
2564 1074 2624 1110 τε
2661 1057 2756 1109 καὶ
2803 1055 2981 1124 χήρας
3019 1047 3440 1118 έειτισκέψασθαιτ
3484 1042 3870 1115 Διερχόμενὸς

2263 1166 2322 1202 τε
2354 1149 2457 1202 ἀνὰ
2487 1149 2654 1218 μέσον
2683 1147 2782 1216 τῆς
2813 1144 3044 1206 πόλεως.
3067 1142 3183 1195 ὅσοι
3234 1133 3377 1208 εἶχον
3406 1135 3675 1197 ἀσθενεῖς,
3706 1147 3865 1200 προ-

2263 1236 2478 1290 ετίθουν
2503 1231 2700 1298 αὐτοὺς
2721 1236 2778 1288 ἐν
2801 1235 2868 1304 τῇ
2897 1230 3132 1302 πλατείᾳ
3153 1229 3250 1298 τῆς
3281 1225 3512 1290 πόλεως,
3539 1223 3661 1277 ὅθεν
3683 1221 3867 1288 ἔμελ-

2263 1326 2352 1379 λεν
2383 1325 2702 1397 ἐξέρχεσθαι
2739 1325 2768 1377 ὁ
2810 1323 3084 1393 μακάριος
3119 1319 3443 1390 Γρηγόριος.
3474 1316 3583 1370 Καὶ
3611 1310 3862 1380 tamen

2263 1391 2447 1480 αὐτοῖς
2475 1417 2573 1478 τὰς
2605 1417 2814 1490 χεῖρας,
2842 1413 2938 1467 καὶ
2976 1408 3395 1484 ἐθεραπεύοντο,
3422 1407 3518 1476 οἴῳ
3559 1405 3626 1458 ἂν
3654 1401 3862 1456 κατεί-

2263 1525 2420 1578 χοντο
2451 1507 2742 1576 νοσήματι,
2771 1505 2865 1558 ἐπὶ
2890 1503 2966 1574 τῷ
2991 1503 3218 1572 ὀνόματι
3263 1499 3358 1554 τοῦ
3392 1498 3602 1569 Κυρίου
3639 1495 3862 1564 Ἰησοῦ.

2263 1595 2372 1652 Ἦν
2400 1598 2456 1651 δὲ
2498 1598 2724 1662 Σαϐῖνος
2763 1598 2793 1650 ὁ
2823 1595 3192 1667 πρεσϐύτερος
3220 1592 3360 1663 ἔχων
3388 1591 3678 1659 θυγάτριον
3703 1586 3863 1640 πάνυ

2263 1690 2484 1762 ὡραῖον,
2507 1689 2536 1742 ὃ
2569 1689 2872 1760 παρέλυσεν
2903 1689 2932 1742 ὁ
2958 1687 3206 1748 Σατανᾶς
3239 1683 3346 1756 πρὸ
3376 1681 3512 1736 ἑτῶν
3531 1681 3690 1734 ἐννέα
3711 1695 3727 1707 ⁶
3751 1675 3866 1730 καὶ

593 1765 788 1803 nmem
843 1753 1174 1818 reselvcrat;
1238 1771 1360 1825 qua:
1409 1771 1535 1812 eum
1585 1758 1638 1811 in
1687 1758 1892 1812 lectulo
1931 1758 2158 1828 jaceret,

2274 1780 2402 1850 αὐτὴ
2447 1780 2762 1842 κατέκειτο,
2790 1778 2956 1850 μηδὲν
3000 1777 3274 1847 δυναμένη
3335 1773 3475 1836 ὅλως
3536 1769 3862 1840 κινηθῆναι,

593 1839 646 1892 ἱιι
681 1850 928 1895 neutram
967 1859 1027 1898 se
1069 1853 1277 1914 partem
1312 1863 1534 1902 movere
1576 1857 1802 1918 poterat,
1835 1857 1999 1916 atque
2025 1848 2163 1902 alio-

595 1946 715 1984 rum
773 1949 874 2002 ope
926 1937 1095 1990 semel
1145 1955 1239 2006 per
1288 1939 1434 1994 diem
1485 1943 1626 1997 latus
1673 1943 1938 1998 mutabat.
1990 1941 2164 2012 Hujus

592 2033 790 2087 mater,
829 2042 952 2094 qua:
983 2038 1195 2098 patrata
1235 2033 1480 2104 prodigia
1531 2035 1802 2099 audierat,
1839 2036 1954 2105 ipsa
1997 2036 2161 2090 etiam

590 2112 758 2168 ﬁliam
816 2117 1050 2173 aliorum
1111 2121 1366 2178 manibus
1427 2124 1699 2179 sublatam
1769 2125 1820 2178 in
1881 2123 2163 2194 pubiicum

589 2205 867 2275 egit-(5i),
915 2222 1145 2279 eamque
1187 2225 1313 2267 ante
1365 2215 1566 2270 domus
1620 2215 1946 2270 vestibulum
1991 2215 2166 2269 collu-

591 2297 823 2350 eandam
855 2301 1071 2354 curarit
1103 2319 1115 2356 :
1157 2303 1278 2358 illac
1307 2305 1452 2358 enim
1491 2305 1686 2362 beatus
1721 2306 2020 2376 Gregorius
2049 2313 2166 2359 erat

595 2389 950 2444 transiturus.
989 2389 1057 2446 Ut
1089 2410 1217 2448 vero
1255 2395 1344 2450 hic
1377 2397 1442 2452 ad
1489 2397 1680 2452 Sabini
1713 2399 1916 2452 ostium
1967 2414 2168 2469 appro-

595 2477 901 2546 ιετιιιιιιοιίι,
933 2498 1074 2536 uxor
1101 2484 1222 2550 ejus
1251 2501 1493 2556 egressa,
1528 2489 1594 2542 ad
1627 2489 1772 2544 beati
1805 2489 1904 2543 viri
1933 2489 2168 2560 procidit

523 2574 530 2580 ‘
594 2567 758 2635 pedes
804 2578 858 2624 et
896 2570 1044 2628 ﬂens
1083 2583 1136 2628 ct
1185 2576 1431 2633 clamans
1472 2595 1486 2632 :
1537 2577 1627 2634 Dei
1672 2593 1851 2642 serve,
1905 2582 2167 2637 miserere

595 2659 726 2724 mei,
779 2671 834 2716 et
889 2663 1324 2722 incredulitatem
1379 2685 1556 2726 meam
1607 2671 1829 2742 adjuva.
1869 2672 1949 2727 Ad
1999 2689 2164 2744 quam

597 2749 725 2804 ille:
759 2751 900 2819 Quid
936 2756 1032 2810 tilzi
1072 2767 1176 2833 est,
1209 2759 1356 2814 tilia?
1387 2760 1457 2816 Ea
1508 2779 1726 2820 rursum
1759 2765 1825 2820 ad
1857 2765 2023 2834 pedes
2048 2765 2168 2836 ejus

596 2847 930 2909 provoluta:
975 2848 1254 2917 Miserere,
1310 2853 1508 2923 inquit,
1542 2857 1670 2920 mei,
1725 2872 1759 2912 ο
1819 2857 1912 2912 Dei
1967 2875 2164 2915 serve:

596 2933 758 2989 tiliola
789 2954 907 2992 mea
939 2942 1235 3012 paralytica
1261 2954 1364 3007 est,
1396 2962 1496 3001 nec
1523 2963 1582 3001 se
1613 2949 1725 3003 ullo
1754 2949 1916 3005 modo
1949 2966 2170 3006 nmvere

597 3036 790 3094 potest.
851 3029 944 3086 Ille
982 3049 1153 3088 vero:
1196 3033 1468 3102 Quocum,
1509 3037 1604 3099 ait,
1654 3038 1770 3109 ipsa
1818 3041 1994 3094 rivis?
2029 3040 2165 3094 Tum

599 3118 840 3176 Sabinus
889 3139 1216 3193 progressus
1245 3127 1310 3180 ad
1345 3128 1595 3199 Gregorii
1638 3131 1801 3200 pedes
1845 3147 1904 3185 se
1947 3133 2164 3202 abjecil,
2193 3113 2236 3168 (ἶ

597 3223 760 3280 atque
807 3213 921 3266 lure
951 3215 1202 3272 addidit:
1257 3217 1588 3287 Serva‘lua,
1631 3223 1705 3276 mi
1750 3222 1994 3287 domine,
2033 3241 2172 3281 uxor

601 3318 719 3402 mea
753 3312 856 3358 est.
888 3305 986 3359 Cui
1021 3306 1321 3379 Gregorius
1352 3331 1363 3364 :
1397 3312 1698 3379 Quantum,
1731 3315 1930 3386 inquit,
1963 3327 2173 3386 tempo-

601 3399 680 3446 ris
731 3402 836 3456 est,
888 3411 953 3448 ex
1001 3413 1112 3466 quo
1160 3399 1213 3454 id
1260 3401 1338 3455 illi
1389 3404 1656 3475 contigit?
1705 3407 1944 3462 Sabinus
1991 3418 2170 3463 autem

603 3498 801 3538 norem
833 3501 958 3542 esse
991 3503 1168 3546 annos
1201 3495 1504 3564 respondit.
1537 3495 1605 3551 At
1642 3507 1870 3554 sanctus
1899 3501 1983 3554 vir
2021 3501 2174 3570 geni-

604 3573 706 3628 bus
751 3575 904 3632 Ιιιιιιιί
952 3578 1123 3647 ﬂexis,
1179 3583 1231 3636 in
1279 3585 1423 3642 hunc
1473 3589 1694 3642 modum
1745 3594 1997 3658 precatus
2043 3601 2172 3647 est:

603 3665 832 3723 Doniine
865 3671 932 3723 mi
967 3669 1095 3727 Jesu
1135 3672 1354 3731 Christe
1386 3676 1552 3742 Deus,
1599 3680 1692 3748 qui
1727 3681 1929 3735 emtum
1976 3691 2030 3742 et
2065 3691 2176 3736 ter-

601 3775 740 3822 ram,
785 3761 879 3832 qui
919 3779 1070 3819 mare
1098 3775 1154 3820 et
1187 3770 1394 3835 omnia,
1432 3785 1555 3840 qua!
1589 3771 1643 3826 in
1684 3771 1752 3826 iis
1789 3781 1940 3840 sunt,
1985 3773 2177 3828 cundi-

599 3851 751 3914 disti,
783 3857 993 3926 respice
1022 3873 1214 3928 preces
1244 3862 1386 3916 seni
1419 3863 1516 3930 tni,
1551 3879 1748 3934 meque
1775 3863 1904 3918 audi
1939 3879 2173 3934 nequam

601 3942 727 3998 licet
776 3961 840 4000 ac
901 3949 1186 4012 miserum.
1249 3954 1436 4025 itaque
1491 3957 1730 4026 puellam
1797 3957 1941 4012 hanc
1999 3959 2176 4012 sancti

604 4031 844 4100 Spiritus
902 4041 979 4094 lui
1037 4042 1238 4098 virtute
1297 4045 1541 4100 invisito.
1599 4047 1712 4101 Nec
1758 4048 1918 4116 plura
1981 4048 2178 4106 eﬂ'atus

603 4127 866 4193 surrexit,
905 4145 970 4184 ac
1003 4133 1183 4202 puclla
1215 4135 1374 4206 signo
1407 4136 1636 4191 salutari
1671 4139 1924 4206 lustrata,
1983 4139 2040 4195 in
2076 4157 2178 4198 no-

605 4215 772 4283 mine,
820 4220 1025 4293 inquit,
1075 4225 1287 4282 Domini
1343 4227 1516 4283 nostri
1565 4227 1696 4284 Jesu
1729 4229 1957 4298 Christi,
1999 4233 2176 4289 excita

605 4319 678 4377 te,
723 4329 788 4369 ac
840 4320 1074 4388 pedibus
1129 4321 1239 4378 tuis
1293 4322 1507 4380 insiste.
1560 4325 1712 4379 lllico
1761 4336 1942 4382 autem
1999 4331 2177 4398 puella

604 4409 864 4474 surrexit,
905 4419 958 4463 et
993 4411 1061 4464 ad
1113 4413 1291 4467 sancti
1327 4414 1582 4486 beatique
1621 4415 1870 4490 Gregorii
1919 4421 2083 4490 pedes
2117 4437 2177 4477 se

603 4497 890 4568 abjiciens.
924 4503 1027 4557 Per
1057 4515 1130 4569 te,
1167 4505 1366 4575 inquit,
1398 4507 1641 4576 domine,
1671 4525 1773 4580 ago
1813 4511 1924 4566 Deo
1947 4514 2174 4582 gratias,

603 4591 696 4660 qui
735 4593 808 4646 ob
851 4594 1122 4650 sinceram
1170 4597 1344 4664 illam,
1377 4616 1482 4670 qua
1531 4600 1700 4657 Deum
1744 4603 1904 4668 colis,
1955 4605 2180 4675 religio-

605 4699 730 4739 nem
768 4699 796 4738 a
833 4683 1010 4758 [Lm]
1067 4703 1184 4744 mea
1226 4705 1315 4746 me
1355 4691 1678 4746 inﬁrmitate
1716 4692 1990 4748 liberavit.
2035 4694 2180 4750 Ade-

605 4788 728 4834 rant
758 4792 889 4834 vero
919 4779 1090 4846 cives,
1127 4781 1220 4851 qui
1252 4797 1378 4838 eum
1408 4783 1800 4856 sequebantur,
1837 4799 2033 4855 magna
2065 4783 2178 4840 l‘re-

605 4871 856 4940 quentia.
905 4888 970 4928 ac
1003 4875 1379 4946 prodigiorum
1425 4876 1668 4930 novitate
1709 4875 2025 4944 stupebant.
2074 4875 2178 4932 Ubi

609 4977 828 5020 omnem
861 4967 1054 5022 urbem
1100 4968 1434 5036 peragravit,
1479 4975 1536 5022 et
1577 4967 1832 5038 singulis,
1875 4983 2000 5036 quae
2042 4983 2182 5038 opus

607 5068 785 5124 erant,
836 5058 1150 5126 distribuit;
1198 5061 1264 5113 ad
1304 5059 1566 5130 templum
1617 5075 1872 5116 reversus
1913 5069 2000 5116 est
2045 5059 2180 5114 hora

609 5165 749 5203 nona
791 5149 942 5204 clero
976 5152 1288 5222 populoque
1316 5151 1466 5206 οιιιιιί
1513 5150 1831 5207 comitante.
1876 5149 1952 5205 lbi
1981 5151 2184 5206 divinis

611 5241 889 5314 mysteriis
916 5245 1177 5312 peractis,
1213 5260 1458 5299 mensam
1499 5242 1755 5314 apposuit
1792 5243 2052 5300 universo
2087 5259 2186 5313 po-

612 5335 765 5406 pulo,
796 5351 956 5392 sacro
983 5338 1162 5392 ordini
1209 5337 1265 5392 in
1307 5337 1498 5408 primis
1525 5347 1579 5393 et
1613 5337 1759 5393 clero
1787 5352 1852 5392 ac
1882 5337 2048 5407 plebi,
2083 5351 2186 5392 nec

615 5427 798 5484 minus
843 5427 1024 5485 viduis
1065 5439 1123 5486 et
1167 5430 1435 5486 mendicis
1485 5445 1685 5484 suam:
1741 5428 2040 5500 aderatque
2073 5429 2190 5499 ipse

617 5522 788 5578 linteo
841 5523 1206 5592 praacinctus,
1272 5532 1326 5577 ct
1368 5537 1478 5576 una
1527 5537 1652 5576 cum
1702 5521 1880 5576 tribus
1941 5519 2196 5576 diaconis

624 5613 878 5675 Erasmo.
926 5614 1284 5686 Philadelpho
1323 5623 1377 5669 ct
1422 5613 1706 5670 Platonico
1740 5613 1880 5681 plebi
1923 5613 2196 5668 universae

2266 1871 2316 1923 εί
2349 1872 2424 1939 μὴ
2453 1869 2590 1940 παρ’
2617 1867 2792 1922 ἄλλων
2832 1867 3260 1940 περιεστρέφετο
3290 1861 3438 1928 ἅπαξ
3473 1863 3572 1933 τῆς
3606 1861 3860 1932 ἡμέρας.

2281 1961 2592 2016 Ἀκούσασα
2618 1961 2674 2015 δὲ
2709 1962 2742 2030 ἡ
2785 1960 2969 2032 μήτηρ
3005 1957 3179 2028 αὐτῆς
3201 1957 3269 2012 τὰ
3288 1953 3548 2024 γινόμενα
3569 1952 3860 2022 θαύματα,

2267 2053 2534 2122 ἐξήγαγεν
2566 2051 2660 2104 καὶ
2694 2049 2830 2120 αὐτὴ
2860 2047 2959 2115 τὴν
2989 2045 3270 2116 θυγατέρα
3299 2043 3473 2114 αὕτῆς
3502 2041 3858 2114 βασταζομέ-

2267 2132 2365 2214 νην
2396 2145 2501 2214 qua
2540 2142 2749 2198 ἄλλων·
2787 2141 2884 2194 καὶ
2914 2139 3122 2211 ἔθηκαν
3172 2138 3346 2207 αὐτὴν
3381 2134 3580 2202 ἔξωθεν
3611 2133 3708 2188 τοῦ
3741 2151 3858 2186 πυ-

2266 2235 2496 2298 λαιῶνος
2511 2252 2524 2266 ⁸
2541 2233 2771 2288 αὐτόθεν
2790 2232 2900 2303 γὰρ
2917 2231 3142 2302 ἔμελλεν
3161 2227 3476 2299 διέρχεσθαι
3511 2227 3540 2280 ὁ
3569 2225 3856 2295 μακάριος

2268 2327 2587 2400 Γρηγόριος.
2609 2320 2742 2400 Ἐἶτα
2761 2323 2988 2392 ἐγγίσας
3003 2325 3068 2395 τῇ
3087 2320 3232 2398 πύλῃ
3259 2318 3352 2374 τοῦ
3380 2318 3606 2372 Σαϐίνου
3623 2319 3651 2370 ό
3669 2316 3856 2387 μακά-

2271 2433 2406 2488 ριος,
2437 2415 2533 2469 καὶ
2554 2411 2846 2478 ἐξελθοῦσα
2873 2413 2908 2483 ἡ
2942 2413 3080 2482 γυνὴ
3107 2396 3272 2464 αύτοῦ
3307 2409 3504 2462 ἔπεσεν
3541 2409 3692 2476 παρὰ
3723 2407 3855 2466 τοὺς

2269 2509 2434 2572 πόδας
2461 2507 2556 2561 τοῦ
2589 2493 2859 2578 μακαρίου
2883 2503 3146 2558 κλαίουσα
3167 2501 3262 2556 καὶ
3283 2501 3544 2568 λέγουσα·
3595 2497 3854 2566 Ἐλέησόν

2275 2615 2368 2669 με,
2395 2597 2551 2652 δοῦλε
2583 2594 2677 2650 τοῦ
2715 2593 2876 2656 Θεοῦ,
2927 2593 3022 2646 καὶ
3055 2591 3240 2662 βοήθει
3267 2593 3331 2660 τῇ
3361 2587 3592 2660 ἀπιστίᾳ
3624 2603 3750 2658 μου.
3789 2585 3852 2638 '0

2267 2690 2324 2743 δε
2359 2687 2494 2760 προς
2529 2687 2728 2757 αὐτὴν·
2767 2685 2832 2738 Τί
2857 2683 3006 2736 ἐστίν
3036 2699 3142 2747 σοι,
3171 2681 3443 2750 θύγατερ;
3489 2679 3552 2731 Ἦ
3586 2677 3645 2730 δὲ
3681 2676 3851 2730 πάλιν

2270 2779 2514 2835 πεσοῦσα
2540 2778 2692 2846 παρὰ
2711 2777 2840 2838 τοὺς
2879 2775 3050 2836 πόδας
3081 2771 3248 2826 αὑτοῦ
3281 2771 3427 2839 λέγει
3452 2769 3630 2840 αὐτῷ·
3663 2768 3852 2838 Ἐλέη-

2273 2873 2365 2926 σόν
2409 2889 2500 2942 με,
2535 2868 2688 2923 δοῦλε
2721 2867 2814 2921 τοῦ
2842 2864 3015 2920 Θεοῦο
3052 2863 3114 2918 τὸ
3133 2863 3432 2933 θυγάτριόν
3471 2879 3574 2931 μου
3611 2860 3853 2931 παρελύ-

2271 2963 2361 3028 θη,
2397 2961 2489 3014 καὶ
2525 2959 2586 3012 οὐ
2625 2957 2850 3012 δύναται
2905 2955 3044 3018 ὅλως
3077 2953 3430 3023 σαλευθῆναι.
3480 2952 3537 3004 '0
3559 2950 3617 3004 δέ
3659 2963 3849 3020 φησιν’

2271 3055 2429 3116 Τίνος
2462 3053 2611 3106 ἐστὶν
2643 3050 2875 3120 σύμϐιος
2911 3047 3092 3118 aii-:1];
3129 3046 3196 3124 "0
3251 3046 3308 3098 δὲ
3350 3043 3576 3106 Σαϐῖνος
3617 3041 3850 3108 ἐξελθὼν

2269 3145 2462 3198 ἔπεσεν
2493 3143 2646 3214 παρὰ
2673 3145 2798 3204 τοὺς
2827 3141 2996 3203 πόδας
3034 3137 3130 3192 τοῦ
3165 3135 3494 3208 Γρηγορίου,
3531 3135 3626 3187 καί¹
3655 3130 3811 3186 εἶπεν
3831 3147 3848 3161 ·

2270 3235 2440 3304 Δούλη
2485 3251 2599 3298 σου,
2633 3232 2791 3303 κύριέ
2831 3249 2954 3302 μου,
2987 3230 3124 3300 γυνή
3157 3228 3259 3299 μού
3299 3229 3472 3280 ἐστιν.
3519 3225 3578 3278 ⁸0
3614 3225 3672 3277 δε
3699 3225 3850 3292 λέγει

2271 3325 2453 3396 αὐτῷ·
2480 3325 2655 3386 Πόσος
2687 3311 2880 3394 χρόνος
2912 3321 3084 3386 ἐστὶν,
3119 3318 3211 3388 ἀφ’
3243 3310 3304 3372 οὗ
3330 3317 3468 3387 αὐτῇ
3506 3315 3706 3386 συνέϐη
3732 3313 3852 3366 τοῦ·

2270 3435 2363 3484 το;
2415 3416 2474 3470 Ὀ
2527 3415 2587 3470 δὲ
2641 3412 2964 3484 ἀποκριθεὶς
2997 3405 3180 3465 εἶπεν·
3224 3409 3414 3462 Ἐννέα
3456 3407 3643 3478 χρόνοι
3691 3409 3850 3471 εἰσὶν,

2270 3509 2529 3574 δέσποτα,
2587 3507 2679 3575 ἀφ’
2714 3501 2778 3560 οῦ
2829 3503 2992 3557 τοῦτο
3037 3502 3262 3572 γέγονεν
3305 3501 3466 3570 αὐτῇ.
3519 3500 3574 3552 ’0
3607 3498 3662 3550 δὲ
3699 3496 3855 3564 ἅγιος

2273 3599 2388 3663 θεὶς
2411 3597 2481 3651 τὰ
2511 3597 2712 3666 γόνατα
2746 3592 3085 3666 προσεύξατο
3123 3590 3326 3658 λέγων·
3378 3588 3553 3660 Κύριέ
3603 3605 3704 3656 μου
3747 3588 3852 3654 Ἰη-

2276 3692 2370 3746 σοῦ
2400 3689 2630 3762 Χριστὲ,
2663 3689 2691 3742 ὁ
2725 3687 2960 3758 ποιήσας
2984 3687 3078 3740 τὸν
3115 3683 3344 3755 οὐρανὸν
3365 3686 3461 3737 καὶ
3484 3683 3585 3752 τὴν
3606 3681 3730 3749 γῆν,
3757 3679 3854 3746 τὴν

2274 3787 2553 3840 θάλασσαν
2607 3784 2702 3836 καὶ
2754 3781 2934 3836 πάντα
2975 3779 3048 3834 τὰ
3095 3781 3155 3832 ὲν
3203 3778 3408 3842 αὐτοῖς,
3443 3774 3593 3828 ἔπιδε
3637 3775 3730 3826 ἐπὶ
3757 3771 3853 3836 τὴν

2275 3871 2584 3946 προσευχὴν
2619 3871 2714 3924 τοῦ
2748 3869 2933 3924 δούλου
2977 3885 3096 3936 σου,
3147 3867 3244 3920 καὶ¹
3277 3864 3583 3920 ὲπάκουσόν
3629 3879 3732 3932 μου
3761 3859 3852 3913 τοῦ

2277 3962 2610 4037 ἁμαρτωλοῦ
2643 3964 2740 4017 καὶ
2787 3960 3068 4028 ταπεινοῦ,
3101 3959 3197 4013 καὶ
3227 3955 3525 4027 ἐπίσκεψαι.
3555 3954 3659 4024 τὴν
3693 3951 3855 4006 παῖδα

2275 4057 2480 4129 ταύτην
2525 4059 2591 4127 τῇ
2645 4055 2876 4123 δυνάμει
2903 4052 2998 4106 τοῦ
3032 4052 3192 4122 ἁγίου
3237 4067 3332 4103 σου
3373 4047 3714 4118 Πνεύματος.
3748 4041 3855 4097 Καὶ

2277 4149 2452 4204 ταῦτα
2492 4146 2686 4210 εἰπὼν,
2716 4145 2954 4210 ἀναστὰς
3011 4142 3480 4216 περιεσφράγισεν
3526 4137 3628 4208 τὴν
3665 4137 3852 4205 κόρην,

2279 4241 2374 4294 καὶ
2401 4234 2576 4292 εἶπεν·
2623 4236 2740 4290 Ἐπὶ
2775 4233 2854 4307 τῷ
2882 4234 3109 4306 ὀνόματι
3148 4231 3242 4286 τοῦ
3263 4231 3468 4302 Κυρίου
3497 4227 3656 4298 ἡμῶν
3685 4223 3852 4296 Ἰησοῦ

2281 4329 2517 4402 Χριστοῦ
2537 4329 2752 4399 έγειραι
2772 4329 2867 4380 καὶ
2883 4325 3044 4397 στῆθι
3068 4325 3162 4378 ἐπὶ
3176 4324 3303 4386 τοὺς
3323 4321 3488 4384 πόδας
3510 4336 3628 4372 σου.
3647 4317 3854 4378 Εὐθέως

2279 4425 2335 4478 δὲ
2385 4425 2476 4477 καὶ
2523 4421 2868 4494 παραχρῆμα
2918 4416 3179 4488 ἐξανέστη
3215 4416 3250 4486 ἡ
3289 4414 3454 4484 κόρη,
3505 4411 3614 4464 καὶ
3669 4409 3857 4462 ἔπεσεν

2281 4516 2435 4587 παρὰ
2457 4513 2582 4578 τοὺς
2615 4513 2778 4576 πόδας
2805 4509 2900 4566 τοῦ
2932 4508 3096 4578 ἁγίου
3127 4507 3222 4562 καὶ¹
3250 4504 3526 4576 μακαρίου
3559 4500 3854 4584 Γρηγορίου

2275 4609 2543 4678 λέγουσιν
2577 4602 2902 4676 Εὐχαριστῶ
2935 4601 3015 4673 τῷ
3057 4599 3176 4670 Θεῷ
3223 4599 3312 4653 διὰ
3341 4595 3463 4664 σοῦ,
3491 4596 3754 4656 δέσποτα,
3777 4593 3856 4646 ὅτι

2277 4699 2367 4752 διὰ
2396 4697 2498 4767 τῆς
2529 4697 2631 4767 σῆς
2679 4694 2931 4765 καθαρᾶς
2975 4689 3258 4762 λατρείας,
3295 4682 3365 4762 ἧς
3409 4687 3678 4756 κέκτησαι
3729 4683 3858 4754 πρὸς

2276 4789 2368 4844 τὸν
2399 4787 2554 4853 Θεὸν,
2587 4785 2792 4839 ἕσωσέν
2822 4801 2890 4854 με
2918 4782 2984 4837 ἐκ
3023 4783 3122 4853 τῆς
3149 4779 3439 4841 ἀσθενείας
3492 4795 3614 4848 μου.
3657 4769 3768 4828 Ἶιν
3802 4773 3854 4826 δὲ

2279 4881 2340 4934 τὺ
2369 4879 2573 4950 πλῆθος
2595 4877 2698 4949 τῆς
2721 4877 2933 4938 πόλεως
2963 4871 3296 4928 ἀκολουθοῦν
3320 4867 3492 4939 αὐτῷ,
3517 4867 3614 4920 καὶ
3645 4864 3852 4932 Gaumi-

2284 4972 2468 5036 ζοντες
2512 4971 2605 5024 ἐπὶ
2654 4968 2726 5022 τὰ
2767 4965 3046 5039 παράδοξα
3087 4965 3156 5018 τὰ
3207 4962 3478 5032 γενόμενα
3525 4958 3618 5011 ὑπ’
3668 4953 3847 5008 αὐτοῦ.

2287 5066 2474 5119 Πᾶσαν
2499 5062 2556 5116 δὲ
2581 5062 2680 5133 τὴν
2713 5061 2868 5116 πόλιν
2901 5056 3146 5124 διελθὼν,
3178 5055 3272 5109 καὶ
3305 5055 3470 5108 πᾶσιν
3501 5049 3570 5104 τὰ
3600 5047 3736 5118 πρὸς
3761 5043 3850 5114 τὴν

2287 5154 2476 5228 χρείαν
2519 5152 2813 5223 διανέμων,
2865 5146 3204 5220 ὑπέστρεψεν
3241 5145 3298 5198 ὲν
3339 5145 3403 5214 τῇ
3457 5136 3725 5210 ἐκκλησίᾳ
3767 5137 3852 5206 τὴν

2288 5248 2518 5316 ivvat-qv
2539 5245 2690 5317 ὥραν
2720 5242 2862 5314 μετὰ
2887 5241 3088 5304 παντὸς
3109 5237 3202 5292 τοῦ
3239 5236 3445 5306 κλήρου
3471 5233 3567 5286 καὶ
3589 5231 3687 5284 τοῦ
3710 5229 3852 5292 λαοῦ,

2295 5339 2388 5394 καὶ
2424 5338 2523 5410 τὴν
2573 5337 2723 5390 θείαν
2755 5334 3072 5398 ἐπιτελέσας
3107 5326 3520 5404 μυσταγωγίαν,
3555 5323 3852 5394 παρέθηκεν

2297 5429 2576 5501 τράπεζαν
2605 5427 2771 5482 παντὶ⁵
2803 5425 2882 5497 τῷ
2913 5426 3050 5498 λαῷ,
3079 5426 3195 5487 τοῖς
3239 5439 3300 5475 τε
3330 5420 3650 5491 ἱερατικοῖς,
3675 5417 3768 5470 καὶ
3789 5418 3855 5484 τῷ

2301 5520 2510 5592 κλήρῳ,
2548 5520 2644 5574 καὶ
2675 5517 2753 5590 τῷ
2776 5516 2942 5588 κοινῷ
2992 5515 3085 5570 τοῦ
3127 5513 3280 5580 λαοῦ,
3315 5511 3504 5566 λοιπὸν
3533 5509 3590 5563 δὲ
3641 5509 3737 5560 καὶ
3765 5507 3859 5559 τῶν

2302 5611 2490 5686 χηρῶν
2517 5612 2610 5666 καὶ
2638 5609 2746 5664 τῶν
2786 5608 3014 5680 πτωχῶν
3062 5607 3226 5672 ἰδίως.
3259 5601 3367 5659 Ἷῐν
3401 5602 3454 5657 δὲ
3484 5601 3646 5666 asa;
3684 5597 3855 5664 διεζω-

697 5753 810 5828 (ἲῦί)
849 5756 981 5811 Cod.
1018 5755 1079 5817 ‘2,
1136 5753 1549 5827 βασταζομὲνην
1597 5752 1686 5805 καὶ
1741 5750 2038 5822 σὲρπμὲνην
2087 5749 2189 5803 ὑπὲν
2229 5749 2509 5820 τεσσᾶτων
2544 5765 2556 5780 ·
2602 5748 2694 5802 καὶ
2743 5745 2965 5816 ἔθηκαν.
