4104 6262
529 337 644 404 1351

1540 347 1600 407 S.
1633 315 2021 410 'GREGORII
2072 347 2586 411 AGRIGENTINI
2635 351 2832 424 VITA.

3705 359 3824 423 052

546 467 684 521 Cum
712 467 802 522 ille
831 468 1115 523 advenerit
1147 486 1211 525 ae
1231 473 1294 526 de
1322 481 1370 525 te
1389 472 1658 543 judicium
1691 477 1886 548 egerit,
1912 480 2036 549 "ipse
2062 479 2104 534 dt

2230 479 2324 534 τοῦ
2369 483 2760 538 ἁποστολικοῦ·
2819 483 3014 539 τούτου
3059 487 3359 558 ἐρχομένου
3411 489 3702 560 ἀνακρῖναι
3741 499 3816 553 τὰ

545 571 598 614 te
627 569 854 624 statuet,
877 562 1022 630 quod
1053 563 1220 617 volet.
1245 563 1494 635 Namque
1521 569 1810 638 epistolam
1837 587 2028 627 revera
2052 574 2121 628 ad

539 668 666 706 cum
713 655 1073 723 scripserant,
1124 673 1234 726 qua
1281 662 1464 727 ipsum
1517 660 1716 718 adesse
1745 664 2143 733 postnlabant.‘

540 743 674 800 Erat
725 747 870 801 enim
928 748 1071 817 apud
1123 749 1586 820 Philosophianos
1641 755 1985 826 navigiorum
2036 757 2122 811 in-

539 839 927 894 struendorum
975 855 1142 896 causa
1167 882 1182 908 ,
1228 858 1352 912 quae
1381 842 1621 900 Romam
1659 847 1914 918 navigare
1953 849 2120 905 debe-

537 931 694 985 bant.
746 929 817 985 Ut
853 933 1212 1003 Agrigentum
1264 935 1474 1006 legatus
1513 939 1700 1004 venit,
1748 940 2014 1010 postridie
2063 945 2116 996 in

537 1024 740 1087 furum,
775 1027 920 1092 quod
953 1025 1008 1079 in
1047 1027 1226 1082 media
1271 1029 1409 1084 urbe
1460 1039 1566 1094 est,
1603 1034 1896 1088 convenire
1927 1048 2118 1091 omnes

533 1117 728 1186 jussit;
761 1132 998 1187 cumque
1035 1121 1401 1184 consedisset,
1437 1124 1736 1188 mandavit,
1775 1133 1836 1179 ut
1863 1126 2052 1196 justus
2087 1143 2119 1183 e

534 1209 784 1266 custodia
827 1209 1194 1266 adduceretur
1223 1229 1237 1265 :
1265 1227 1429 1282 quem
1475 1214 1654 1271 omnis
1690 1215 1985 1271 multitudo
2023 1233 2118 1273 us-

533 1315 640 1370 que
668 1303 735 1357 ad
775 1303 940 1373 legati
971 1303 1211 1358 tribunal
1240 1313 1427 1360 secuta
1461 1317 1568 1362 est.
1597 1306 1898 1363 Admonuit
1929 1318 2114 1364 autem

534 1392 785 1448 tribunos
831 1403 888 1448 et
919 1395 1191 1464 primores
1236 1396 1388 1451 urbis
1412 1437 1426 1461 ,
1469 1405 1528 1452 ut
1559 1397 1835 1464 sederent,
1869 1405 2038 1470 atque
2083 1416 2116 1456 e

531 1483 666 1540 sella
691 1485 905 1554 justum
936 1486 1344 1557 interrogarent
1375 1507 1387 1544 :
1419 1490 1511 1559 qui
1547 1490 1738 1546 sedere
1764 1501 2112 1556 recusarunt,

529 1584 586 1630 et
607 1577 712 1631 hoc
733 1577 814 1632 illi
841 1585 1170 1647 responsum
1193 1579 1430 1635 dedere:
1453 1578 1564 1637 Nos
1580 1589 1678 1635 tua
1703 1583 1925 1652 quidem
1948 1597 2114 1639 causa

530 1682 713 1737 neque
753 1677 969 1724 stamus
993 1685 1172 1740 neque
1211 1671 1493 1734 sedemus,
1524 1687 1714 1727 verum
1741 1674 1870 1744 quia
1906 1673 1999 1729 hic
2029 1675 2113 1728 vi-

487 1786 491 1790 -
529 1759 726 1814 demus
761 1768 1040 1830 pastorem
1070 1770 1320 1816 nostrum
1353 1771 1402 1816 et
1436 1773 1645 1832 patrem
1673 1773 1730 1820 et
1767 1765 2110 1837 magistrum,

2226 575 2368 628 κατὰ
2398 575 2480 642 σὲ,
2524 579 2654 648 ποιῇ
2683 578 2764 640 είς
2793 577 2874 644 σὲ,
2907 578 2984 642 ὡς
3012 578 3282 648 βούλεται.
3311 576 3497 638 Ἦσαν
3525 581 3636 656 γὰρ
3667 589 3816 643 ἀπο-

2226 665 2538 730 στείλαντες
2561 667 2698 738 πρὸς
2734 668 2898 724 αὑτὸν
2931 671 3237 742 γράμματα
3273 673 3368 728 τοῦ
3399 680 3814 746 παραγενέσθαι

2223 757 2408 811 αὐτόν.
2435 753 2544 811 τΗν
2569 757 2680 830 γὰρ
2709 760 2766 813 ἐν
2793 762 2907 824 τοῖς
2951 761 3181 832 μέρεσιν
3209 763 3619 835 Φιλοσοφιανῶν
3659 771 3807 826 ἐτοι-

2224 845 2536 914 μαζόμενος
2561 846 2662 916 τὴν
2685 847 2878 918 χρείαν
2895 847 3004 902 τῶν
3027 849 3233 904 πλοίων
3254 866 3270 883 ο
3297 846 3440 921 ἦσαν
3462 852 3574 924 γὰρ
3594 855 3808 928 ἕτοιμοι

2218 929 2314 982 τοῦ
2354 929 2703 985 ἀποπλεῦσαι
2740 935 2801 987 ἐν
2829 936 2894 1006 τῇ
2934 933 3144 1008 Ῥώμῃ.
3176 933 3317 992 Εῐτα
3346 945 3807 1014 παραγενομένου

2219 1020 2316 1074 τοῦ
2365 1020 2596 1094 ἐξάρχου
2650 1025 2803 1096 ἐνστῇ
2847 1021 3291 1098 Ἀκραγαντίνων
3335 1030 3528 1098 πόλει,
3577 1035 3673 1088 ἐπὶ
3703 1035 3807 1106 τὴν

2220 1113 2414 1184 αὔριον
2443 1115 2733 1170 ἐκέλευσεν
2759 1117 3218 1190 ωναθροισθῆναι
3243 1121 3450 1189 πάντας
3468 1125 3528 1180 ἐν
3545 1125 3626 1196 τῷ
3651 1128 3806 1199 φόρῳ

2221 1205 2388 1274 μέσον
2421 1205 2522 1276 τῆς
2553 1207 2764 1272 πόλεως
2783 1225 2798 1239 ·
2833 1209 2930 1265 καὶ
2972 1210 3238 1280 καθίσας,
3289 1213 3578 1270 ἐκέλευσεν
3601 1219 3696 1272 τὸν
3722 1219 3803 1273 δί-

2217 1313 2374 1352 καιον
2415 1299 2651 1369 ἀχθῆναι
2681 1303 2746 1356 ἐκ
2779 1303 2878 1374 τῆς
2915 1302 3198 1376 φυλακῆς·
3229 1306 3520 1377 ἠκολούθει
3556 1309 3613 1364 δέ
3645 1311 3802 1384 αὐτῷ

2219 1387 2364 1440 ἅπαν
2405 1385 2467 1440 τὸ
2510 1388 2719 1458 πλῆθος
2752 1391 2857 1460 τῆς
2896 1391 3104 1454 πόλεως
3131 1391 3378 1460 ἐλθόντες
3407 1396 3536 1452 ἔνθα
3567 1394 3636 1470 ἦν
3661 1402 3800 1454 καθ-

2217 1476 2418 1546 ήμενος
2439 1479 2468 1530 ὁ
2491 1477 2738 1550 ἔξαρχος.
2777 1472 3120 1552 Ἐπέτρεψεν
3144 1483 3200 1538 δὲ
3226 1487 3340 1552 τοῖς
3369 1488 3674 1560 τριϐούνοις
3697 1491 3798 1546 καὶ

2215 1572 2328 1634 τοῖς
2375 1569 2616 1642 πρώτοις
2665 1573 2766 1644 τῆς
2813 1574 3025 1640 πόλεως
3054 1577 3426 1650 καθεσθῆναι,
3485 1583 3579 1637 καὶ
3617 1582 3796 1650 οὕτως

2217 1660 2584 1732 ἀνακριθῆναι
2625 1663 2720 1718 τὸν
2752 1664 2982 1722 δίκαιον.
3013 1669 3078 1722 Οί
3121 1667 3179 1723 δὲ
3219 1671 3320 1724 οὐκ
3350 1672 3640 1744 ἠνέσχοντο
3665 1676 3794 1730 καθ-

2215 1751 2478 1824 εσθῆναι,
2516 1753 2636 1810 ἀλλ’
2677 1755 3047 1828 ἀπεκρίναντο
3083 1759 3545 1832 αὐτῷ-λέγοντες·
3601 1767 3794 1838 Ἡμεῖς

527 1865 626 1918 per
652 1865 814 1920 quem
867 1851 918 1904 in
953 1849 1170 1907 Domini
1195 1849 1324 1906 Jcsu
1353 1851 1559 1908 Christi
1593 1854 1819 1910 nomine
1860 1857 1961 1910 hac
1989 1855 2104 1926 ipsa

2213 1842 2404 1912 ἔνεκεν
2443 1845 2539 1900 σοῦ
2585 1845 2713 1902 οὔτε
2757 1825 3034 1920 στίικομεν
3075 1825 3215 1906 οὔτε.
3248 1825 3628 1926 καθεζόμεθα.
3671 1825 3794 1914 ίὶλλζ

527 1944 600 1996 in:
617 1943 753 1996 urbe
791 1950 869 1998 tot
897 1943 1138 2014 prodigia
1169 1954 1377 2013 patrata
1427 1955 1574 2001 sunt.
1605 1945 1854 2011 Quorum
1885 1949 2104 2016 quidem

525 2033 698 2090 multa
747 2044 803 2090 tu
851 2035 968 2104 ipse
1012 2035 1184 2090 oculis
1238 2036 1422 2091 vidisti
1473 2037 1606 2092 tuis.
1655 2038 1725 2092 At
1773 2036 1920 2093 dicat
1967 2054 2108 2093 uxor

524 2126 714 2182 Sabini
761 2127 946 2196 hujus,
985 2143 1146 2198 quem
1175 2127 1372 2183 ludam
1411 2113 1644 2184 alterum
1693 2129 1990 2187 lscarioten
2043 2147 2106 2187 ac

525 2217 858 2286 proditorem
906 2219 1034 2288 jure
1079 2218 1306 2273 dixeris.
1357 2217 1436 2274 Tu
1488 2235 1617 2274 vero
1659 2237 1784 2276 cum
1841 2222 2108 2280 diaconus

525 2311 606 2366 sis
628 2310 748 2382 (οτι)
781 2311 1094 2367 communis
1125 2310 1304 2367 Patris
1341 2311 1514 2367 nostri
1547 2313 1824 2381 pontiﬁcis
1857 2315 2103 2380 maximi,

527 2399 718 2474 [Lxxvj
751 2417 860 2455 non
889 2400 1058 2456 debes
1091 2401 1145 2455 in
1171 2415 1338 2456 causa
1365 2402 1465 2456 viri
1496 2402 1813 2470 hujusmodi
1832 2403 2100 2472 judicare,

525 2503 706 2559 neque
737 2505 832 2557 par
871 2497 956 2544 est
1001 2489 1124 2543 sine
1169 2486 1573 2560 synodo-hunc
1603 2499 1730 2544 ante
1775 2503 1828 2544 te
1857 2491 2102 2562 produci,

526 2579 812 2650 multoque
844 2578 1028 2632 minus
1052 2578 1119 2633 de
1143 2593 1210 2632 eo
1241 2579 1568 2632 sententiam
1601 2577 1752 2632 l'erri.

595 2865 732 2920 LIX.
775 2863 901 2921 Haec
929 2879 1052 2920 cum
1096 2863 1164 2918 ab
1203 2862 1558 2919 archontibus
1597 2861 1840 2918 audisset
1870 2861 2100 2932 legatus,

524 2958 720 3010 timere
753 2955 942 3024 coepit,
980 2969 1046 3008 ne
1086 2953 1140 3007 in
1178 2954 1354 3022 ipsum
1401 2952 1772 3022 insurgerent,
1817 2967 1881 3007 ac
1920 2959 2101 3007 morte

524 3047 818 3104 efﬁcerent.
860 3045 1060 3112 Quare
1110 3043 1303 3099 relicto
1352 3043 1494 3108 loco,
1539 3044 1630 3098 ubi
1680 3043 1927 3110 sedebat,
1971 3044 2100 3114 ipse

523 3154 746 3209 quoque
788 3139 964 3201 stetit,
1013 3146 1066 3190 et
1109 3134 1393 3204 sacrilegis
1439 3133 1754 3190 hominibus
1803 3132 2009 3190 Sabino
2049 3143 2105 3190 et

525 3229 884 3284 Crescentiuo
915 3225 1217 3297 -appellatis
1247 3244 1260 3279 :
1295 3224 1610 3290 Producite,
1661 3224 1862 3294 inquit,
1899 3225 1953 3280 in
1999 3241 2106 3281 mc-

523 3321 677 3374 dium
717 3319 976 3388 puellam,
1012 3333 1251 3388 quacum
1298 3316 1617 3386 episcopum
1658 3324 1900 3372 vestrum
1931 3315 2106 3374 fuisse

523 3411 832 3466 atiirmatis.
886 3409 1076 3465 Virum
1125 3410 1274 3464 enim
1309 3410 1458 3465 hunc
1509 3418 1566 3464 et
1608 3407 1757 3478 pium
1807 3417 1862 3464 et
1902 3411 2102 3464 bonum

522 3518 648 3560 esse
673 3519 778 3560 nos
809 3505 1064 3558 novimus
1093 3520 1108 3556 :
1144 3510 1404 3557 caeterum
1438 3501 1571 3572 quid
1591 3501 1660 3556 de
1684 3502 1804 3572 ejus
1835 3517 2006 3557 causa
2036 3503 2102 3558 ad

524 3597 809 3652 dominum
859 3604 1112 3650 nostrum
1169 3594 1482 3664 pontificem
1539 3594 1843 3649 maximum
1901 3593 2104 3650 referre

522 3689 997 3749 debeatnus,.ltinc
1018 3701 1438 3758 cognoscemus.
1463 3685 1736 3742 ProduCta
1765 3701 1896 3742 vero
1923 3687 2101 3758 puella

521 3789 801 3850 estzquae
857 3788 1100 3835 tremens
1159 3779 1212 3832 in
1265 3767 1514 3833 omnium
1574 3787 1867 3848 conspectu
1927 3780 2098 3834 stetit.

521 3873 700 3942 Atque
745 3871 889 3926 hanc
938 3869 1151 3940 legatus
1205 3869 1556 3940 interrogans
1598 3887 1611 3922 :
1672 3867 1968 3933 Veruntne,
2017 3871 2102 3924 in-

521 3969 661 4034 quit,
704 3973 808 4029 est,
857 3963 1003 4033 quod
1041 3977 1073 4017 a
1111 3969 1163 4017 te
1209 3961 1434 4026 dicitur,
1474 3960 1796 4030 episcopum
1835 3960 1981 4016 hunc
2021 3971 2100 4016 te-

521 4072 651 4112 cum
686 4054 1095 4112 concuhuisse?
1125 4052 1227 4110 Cui
1267 4053 1358 4107 illa
1393 4053 1470 4106 ait
1501 4069 1514 4106 :
1546 4049 1661 4116 Nae,
1693 4051 1934 4117 domine,
1957 4055 2097 4108 "me-

520 4163 650 4203 cum
682 4147 806 4214 luit.
839 4145 1018 4218 thue
1046 4146 1164 4205 hac
1194 4142 1495 4214 respondit,
1521 4143 2011 4213 portentumillico
2043 4143 2096 4196 in

523 4255 586 4292 ea
630 4252 888 4308 magnum
934 4235 1144 4290 exstitit
1176 4251 1189 4286 :
1221 4232 1424 4302 quippe
1459 4231 1730 4286 acerrimo
1777 4246 1806 4285 a
1853 4231 2098 4287 daemone

521 4341 794 4400 correpta,
821 4327 1066 4399 provolvi
1091 4338 1279 4380 coram
1303 4323 1561 4378 omnibus
1587 4321 1754 4392 coepit
1781 4336 1845 4376 ac
1872 4337 2096 4392 spumas

522 4427 578 4479 in
613 4438 710 4480 ore
749 4433 912 4492 agere
945 4418 1012 4472 ad
1058 4415 1222 4487 pedes
1258 4415 1400 4468 beati
1432 4412 1558 4468 viri.
1592 4411 1730 4466 Tum
1763 4426 1894 4467 vero
1926 4427 2094 4482 expa—

2215 1935 2450 2006 ὁρῶντες
2482 1937 2573 1993 τὸν
2599 1939 2836 2009 ποιμένα
2871 1939 3048 2012 ἡμῶν,
3077 1945 3292 2014 πατέρα
3323 1947 3416 2000 καὶ
3444 1947 3794 2014 διδάσκαλον.

2216 2025 2312 2080 καὶ
2343 2031 2542 2098 σημεῖα
2570 2029 2740 2084 πολλὰ
2764 2031 3019 2096 δείξαντα
3059 2034 3150 2090 διὰ
3171 2035 3268 2090 τοῦ
3291 2037 3555 2107 ὀνόματος
3579 2041 3794 2114 Κυρίου

2224 2118 2400 2190 Ἰησοῦ
2445 2121 2685 2192 Χριστοῦ
2719 2123 2778 2178 ἐν
2803 2125 2870 2195 τῇ
2914 2123 3068 2180 πόλει
3099 2126 3295 2200 ταύτῃ.
3338 2131 3452 2184 Καὶ
3479 2131 3645 2197 αὐτὸς
3678 2135 3794 2188 τῶν

2213 2211 2426 2266 πολλῶν
2456 2213 2733 2286 αὐτόπτης
2760 2215 3016 2285 γέγονας.
3049 2218 3208 2274 Εἴποι
3235 2223 3268 2291 ή
3300 2221 3438 2293 γυνὴ
3471 2223 3664 2278 τούτου
3695 2224 3794 2279 τοῦ

2212 2303 2438 2356 Σαϐίνου
2491 2304 2584 2358 καὶ
2631 2305 2887 2378 δευτέρου
2937 2307 3108 2363 Ἰούδα
3151 2310 3248 2366 τοῦ
3294 2312 3647 2385 Ἰσκαριώτου
3691 2318 3794 2371 καὶ

2215 2395 2499 2465 προδότου.
2531 2398 2602 2452 Σὺ
2631 2397 2690 2450 δέ
2719 2397 2884 2462 αὐτὸς
2909 2398 3160 2464 διάκονος
3193 2400 3270 2456 ὢν
3297 2402 3393 2456 τοῦ
3421 2405 3604 2459 κοινοῦ
3629 2407 3793 2477 ἡμῶν

2213 2491 2418 2560 πατρὸς
2463 2491 2558 2553 τοῦ
2606 2493 2794 2558 πάπα,
2838 2495 2962 2548 οὐδὲ
3011 2499 3220 2565 πρέπον
3279 2495 3430 2554 ἐστίν
3483 2517 3570 2554 σοι
3617 2501 3794 2572 ἄνδρα

2199 2582 2452 2644 ,τοιοῦτον
2487 2584 2799 2656 ἀνακρῖναι,
2834 2583 2957 2638 οὐδέ
2991 2587 3158 2643 πάλιν
3186 2580 3443 2660 ἁρμόδιόν
3475 2593 3624 2645 ἐστιν
3655 2593 3788 2647 ἀνευ

2214 2676 2431 2730 συνόδου
2461 2675 2651 2730 τοῦτον
2683 2676 2999 2749 ἔμπροσθέν
3035 2697 3131 2734 σου
3162 2681 3552 2752 παρίστασθαι,
3585 2683 3790 2755 μᾶλλον

2209 2767 2270 2820 δέ
2303 2766 2396 2820 καὶ
2423 2765 2835 2839 ἀνακρίνεσθαι.
2879 2803 2884 2808 -

2280 2859 2410 2914 NG'.
2449 2859 2635 2913 Ταῦτα
2663 2859 2908 2924 ἀκούσας
2938 2861 3090 2932 παρὰ
3124 2845 3234 2916 τῶν
3260 2862 3543 2934 ἀρχόντων
3569 2867 3600 2920 ό
3624 2864 3794 2936 ἔξαρ-

2212 2966 2304 3018 χος
2348 2947 2590 3020 ἐφοϐήθη
2611 2990 2626 3016 ,
2676 2950 2752 3022 μή
2809 2969 2927 3015 πως
2958 2951 3452 3008 ἐπαναστῶσιν·ἐπ’
3477 2955 3659 3022 αὐτὸν,
3690 2957 3794 3010 καὶ

2210 3040 2610 3096 ἀποκτείνωσιν
2631 3041 2814 3098 αὐτόν.
2843 3045 2953 3098 Καὶ
2987 3046 3225 3109 ἀναστὰς
3255 3045 3367 3101 ἀπὸ
3390 3045 3484 3100 τοῦ
3511 3048 3707 3113 τόπου,
3723 3043 3793 3105 οὗ

2209 3131 2523 3198 ἐκαθέζετο,
2553 3132 2686 3204 ἔστη
2719 3135 2814 3190 καὶ
2843 3136 3028 3199 αὐτὸς,
3065 3135 3160 3190 καὶ
3198 3136 3720 3210 προσκαλεσάμενος
3757 3143 3791 3194 ὁ

2208 3221 2442 3296 ἔξαρχος
2483 3225 2612 3288 τοὺς
2653 3226 2905 3296 ἀνιέρους
2947 3225 3176 3282 Σαϐῖνον
3216 3227 3311 3281 καὶ
3357 3229 3785 3298 Κρησκεντῖνον,

2207 3313 2356 3382 λέγει
2382 3315 2564 3381 αὐτοῖς
2583 3333 2596 3347 ·
2642 3317 2906 3387 ’Λγάγετε
2931 3320 3014 3382 είς
3037 3319 3202 3388 μέσον
3241 3319 3341 3390 τὴν
3380 3321 3572 3394 κόρην,
3603 3323 3670 3392 ἣν
3702 3321 3792 3376 λέ-

2205 3423 2351 3472 γετε,
2397 3407 2482 3460 ὅτι
2531 3407 2748 3476 ἐγένετο
2789 3410 2818 3462 ὁ
2861 3409 3156 3475 ἐπίσκοπος
3197 3411 3372 3480 ὑμῶν.
3420 3413 3616 3484 Ἡμεῖς
3665 3413 3789 3485 γὰρ

2203 3497 2550 3569 γινώσκομεν
2575 3498 2750 3572 ἄνδρα
2779 3501 2982 3572 εὐλαόῆ
3007 3501 3172 3557 αὑτὸν
3193 3498 3335 3558 εἶναι
3361 3505 3458 3558 καὶ
3487 3505 3786 3576 χρήσιμονο

2206 3589 2294 3642 ἵνα
2325 3589 2382 3643 δὲ
2406 3590 2593 3644 λοιπὸν
2623 3590 2819 3660 γνὼσω
2847 3591 2910 3645 τὺ
2931 3591 3049 3656 πῶς
3078 3593 3342 3662 ἀναγάγω
3365 3593 3448 3664 τῷ
3479 3595 3654 3666 κυρίῳ
3679 3611 3788 3665 μου

2203 3679 2280 3750 τῷ
2321 3681 2480 3751 πάπᾳ
2514 3680 2582 3734 τὰ
2607 3681 2750 3736 κατὰ
2781 3681 3090 3753 ἄνθρωπον.
3123 3682 3376 3752 Ἤγαγον
3412 3683 3470 3737 δέ
3497 3675 3581 3748 είς
3617 3684 3787 3754 μέσον

2202 3773 2302 3842 τὴν
2349 3773 2553 3842 κόρην·
2587 3773 2622 3842 ἠ
2672 3771 2731 3826 δέ
2773 3771 2906 3842 ἔστη
2955 3772 3236 3845 τρέμουσα
3269 3773 3500 3829 ἐνώπιον
3540 3775 3782 3830 πάντων.

2203 3859 2336 3916 Εἶτα
2368 3863 2527 3938 λέγει
2555 3863 2692 3935 αὐτῇ
2731 3865 2760 3917 ό
2807 3863 3064 3935 ἔξαρχοςο
3109 3863 3334 3936 Ἀληθές
3367 3866 3515 3920 ἐστιν
3544 3866 3606 3919 τὸ
3630 3867 3790 3938 παρὰ

2203 3953 2297 4007 σοῦ
2330 3937 2640 4025 λεγόμενον,
2686 3954 2770 4008 ὅτι
2797 3955 3064 4026 ἐκοιμήθη
3101 3956 3241 4026 μετὰ
3273 3955 3368 4010 σοῦ
3411 3957 3440 4010 ὁ
3475 3937 3785 4022 ἐπίσκοπος

2200 4043 2394 4114 οὗτος
2436 4048 2502 4101 Ἦ
2554 4048 2610 4101 δέ
2655 4043 2844 4101 εἶπενο
2876 4047 2986 4102 Ναὶ
3013 4088 3028 4113 ,
3062 4047 3302 4103 δέσποτα
3325 4090 3341 4115 ,
3392 4049 3610 4118 ἐγένετο
3659 4049 3780 4119 μετ’

2199 4139 2354 4210 ἐμοῦ.
2395 4141 2482 4194 Ἐν
2521 4139 2578 4194 δέ
2615 4139 2693 4210 τῷ
2725 4124 3304 4212 ἀποκριθῆναιαὺτὴν
3332 4139 3531 4208 ταῦτα,
3578 4142 3778 4212 αἴφνης

2200 4229 2418 4298 ἐγένετο
2439 4231 2518 4294 ἐίς
2531 4230 2700 4299 αὐτὴν
2725 4230 2912 4301 θαῦμα
2939 4231 3084 4301 μέγα
3103 4247 3118 4261 ο
3145 4229 3438 4302 ἐκυριεύθη
3465 4231 3572 4285 ὑπὸ
3595 4233 3782 4303 δαίμο-

2199 4338 2288 4384 νος
2310 4320 2575 4392 χαλεποῦ,
2605 4321 2702 4374 καὶ
2723 4322 2927 4394 ἣρξατο
2963 4321 3197 4377 ἐνώπιον
3238 4321 3460 4376 πάντων
3493 4321 3780 4376 κυλίεσθαι

2199 4415 2294 4469 καὶΙ
2325 4414 2580 4484 ἀφρίζειν
2613 4413 2718 4466 ὑπὸ
2745 4413 2871 4478 τοὺς
2899 4413 3064 4478 πόδας
3091 4411 3187 4467 τοῦ
3213 4413 3508 4484 μακαρίου.
3547 4413 3784 4466 Ἔλαϐεν

521 4527 744 4571 vescere
779 4524 972 4566 omnes
1011 4517 1175 4577 atque
1222 4505 1482 4570 clamare,
1515 4502 1702 4558 Fidem
1747 4502 1888 4559 habe
1923 4503 2100 4568 nobis,

2210 4506 2264 4560 δὲ
2309 4505 2476 4574 φόϐος
2509 4504 2718 4569 πάντας
2737 4545 2753 4571 ,
2808 4505 2902 4560 καὶ
2927 4504 3160 4576 ἔκραζον
3189 4505 3442 4574 λέγοντες
3461 4522 3474 4534 ·
3512 4505 3782 4577 Πείθομέν

486 4596 764 4670 ἰΙοηιίιιο,
793 4602 992 4658 falsum
1046 4599 1138 4656 isti
1182 4597 1390 4654 crimen
1427 4595 1718 4665 objiciunt.
1768 4593 1969 4650 Contra
2005 4609 2097 4650 sa-

519 4697 707 4769 crilegi
762 4693 1109 4766 impudenter
1161 4686 1436 4746 adversati
1484 4685 1724 4752 aiebant,
1755 4683 1954 4740 Nonne
1999 4700 2096 4741 nos

519 4791 779 4848 diximus,
815 4798 1034 4854 magum
1078 4782 1224 4835 hunc
1253 4791 1376 4832 esse
1406 4790 1472 4830 ac
1499 4772 1833 4840 veneﬁcum?
1859 4771 1938 4826 Ne
1965 4786 2096 4826 vero

519 4881 734 4950 iougior
762 4879 890 4940 sim,
921 4879 1115 4930 beatus
1142 4868 1442 4940 Gregorius
1472 4865 1552 4922 sic
1582 4865 1818 4934 legatum
1853 4863 2052 4919 aﬂ‘atur
2078 4883 2120 4918 :.

519 4970 601 5024 Tu
632 4971 814 5030 homo,
862 4966 908 5022 si
941 4967 1044 5032 vis,
1090 4975 1314 5037 causam
1349 4958 1415 5012 ad
1455 4955 1766 5027 pontiﬁcem
1801 4954 2094 5009 maximum

521 5059 694 5124 defer,
741 5068 798 5113 et
845 5055 1083 5110 vinculis
1131 5051 1413 5109 astrictum
1481 5045 1688 5103 domini
1737 5047 1817 5102 tui
1864 5046 2098 5101 navibus

592 5210 717 5286 (ὓέ)
748 5211 1050 5287 Diaconum
1104 5205 1634 5287 tribuniqappellapt
1684 5204 2089 5287 lcgatum,_qui

525 5282 738 5342 tantum
765 5282 1184 5354 hypodiaconus
1203 5285 1366 5355 _er_a_t,
1387 5282 1645 5345 γενικῶς,
1679 5282 1896 5355 opinor,
1927 5283 2092 5355 atque

520 5367 579 5412 ut
611 5355 751 5410 intra
776 5349 1161 5426 episeOpot-um
1195 5349 1455 5426 Ordinem
1483 5361 1544 5402 se
1573 5360 1698 5426 esse
1725 5349 2087 5426 meminisset.

519 5427 746 5482 Factum
772 5413 1288 5495 deinde-diaconum
1337 5419 1541 5495 scimus
1562 5417 1650 5495 ab
1680 5415 1800 5495 ipso
1829 5413 2092 5495 Gregorio

522 5499 739 5569 Magno,
771 5493 870 5569 qui
907 5493 974 5549 de
1019 5507 1086 5569 eo
1136 5491 1224 5569 sic
1239 5489 1476 5569 scripsit
1509 5487 1577 5569 ad
1610 5485 1945 5569 Cyprianum
1975 5485 2094 5567 dia-

519 5559 863 5634 eetfumili'b.
885 5580 940 5630 v,
972 5563 1134 5636 epist.
1162 5560 1252 5630 54)
1285 5579 1298 5614 :
1329 5559 1624 5636 Benenatus
1653 5562 1894 5636 fraterlet
1919 5559 2096 5636 coepi:

521 5655 708 5706 scapus
739 5625 936 5691 noster"
955 5625 1584 5708 Cicereitent__que_ntdam
1621 5625 1966 5708 monachum,
1990 5625 2096 5708 .qui

521 5695 621 5776 pro
663 5709 772 5777 suis
816 5705 1110 5762 excessibus
1147 5721 1176 5756 α
1225 5695 1570 5777 dilectissimo
1607 5698 1720 5767 ﬁlio
1760 5706 1937 5750 nostra
1967 5695 2093 5777 dte--

526 5770 654 5832 Luna
679 5775 862 5844 Petro,
896 5787 1016 5829 tunc
1050 5785 1222 5828 autem
1257 5770 1581 5826 subdiacono
1611 5777 1661 5823 et
1697 5777 1894 5821 rectore
1918 5770 2094 5837 patri-

2206 4611 2266 4648 σε
2287 4635 2302 4659 ,
2333 4595 2591 4661 δέσποτα,
2641 4595 2726 4648 ὅτι
2753 4593 2926 4666 ψευδῆ
2957 4593 3126 4648 αὐτοῦ
3155 4593 3578 4666 κατηγοροῦσιν.
3619 4595 3682 4648 Oi
3721 4593 3782 4647 δέ

2203 4685 2410 4757 ἀνίεροι
2439 4683 2922 4755 ἀναισχυντοῦντες
2949 4683 3166 4754 ἔλεγον⁹
3198 4686 3312 4738 Οὐκ
3342 4685 3570 4754 εἴπομεν
3592 4686 3780 4754 ἡμεῖς,

2204 4777 2286 4830 ὅτι
2313 4776 2486 4848 μάγος
2509 4777 2659 4830 ἐστὶν
2688 4774 2785 4828 καὶ
2817 4775 3142 4846 φαρμακόςς
3177 4777 3287 4830 Καὶ
3312 4774 3522 4840 ἁπλῶς,
3561 4775 3647 4828 ἵνα
3687 4774 3784 4828 τὸν

2201 4868 2360 4935 λόγον
2393 4865 2658 4937 σύντομον
2711 4867 2872 4932 εἴπω,
2911 4867 3060 4935 λέγει
3101 4868 3133 4920 ό
3173 4869 3448 4938 μακάριος
3475 4866 3782 4938 Γρηγόριος

2207 4959 2344 5028 πρὸς
2365 4957 2458 5013 τὸν
2483 4957 2712 5028 ἔξαρχον
2731 4973 2746 4987 ·
2777 4957 3090 5028 Ἀνθρωπε,
3121 4959 3215 5024 σὺ,
3239 4960 3288 5012 εί
3315 4957 3500 5031 βούλῃ,
3519 4957 3783 5026 ,ἀνάγαγε

2203 5049 2272 5103 τὰ
2301 5051 2420 5102 κατ’
2451 5049 2552 5119 ἐμὲ
2579 5048 2658 5120 τῷ
2687 5047 2876 5120 πάπᾳ,
2918 5049 3016 5104 καλ⁸
3049 5050 3325 5121 δεσμήσας
3357 5048 3678 5102 ἀπόστειλόν
3709 5063 3781 5118 με

2199 5209 2364 5290 monii
2398 5209 2702 5291 noslr§,ete.
2736 5208 2918 5291 _Atque
2941 5207 3032 5291 hic
3061 5214 3340 5291 memest,
3372 5221 3615 5291 quocum
3639 5207 3782 5290 Gre-

2201 5279 2391 5348 gorius
2447 5279 2499 5332 in
2545 5277 2786 5350 Dialogis
2827 5276 3093 5348 loquitur.
3134 5276 3224 5331 ubi
3269 5276 3434 5331 etiam
3477 5276 3568 5331 ille
3619 5291 3681 5331 se
3724 5277 3782 5332 in

2201 5349 2387 5420 Sicilia
2400 5347 2590 5420 fuisse
2632 5358 2888 5420 testatur
2920 5349 3040 5420 (lib.
3081 5363 3156 5420 tv,
3190 5362 3248 5420 _c.
3298 5344 3415 5416 57).
3458 5346 3782 5416 Appellatur

2201 5387 2898 5501 iis"55:31:75:an
2920 5387 3273 5501 :"qiop‘jsa'.
3298 5387 3783 5501 "sagittariis

2201 5503 2508 5572 cognomen
2536 5489 2711 5546 fuisse
2747 5489 3012 5570 dicerem,
3041 5489 3148 5544 nisi
3184 5497 3298 5542 tum
3340 5489 3564 5568 unicam
3589 5489 3782 5568 appel-

2200 5559 2463 5618 lationem
2495 5575 2549 5614 tn
2579 5574 2686 5638 usu
2717 5559 2888 5638 fuisse
2909 5565 3210 5638 constar-et.
3243 5553 3350 5612 Sed
3372 5571 3486 5638 jam
3514 5556 3783 5638 vidimus.

2243 5615 2366 5684 nam
2425 5615 2637 5700 parum
2672 5631 2726 5686 in
2790 5630 2892 5685 hac
2952 5628 3180 5686 historia
3237 5615 3556 5686 nominibus
3609 5615 3785 5684 ﬁdeli:-

2241 5715 2330 5764 ψη
2362 5700 2452 5756 sit.
