4104 6262
541 383 664 448 ’θίὶῦ

1553 392 1614 451 S.
1655 393 2032 456 GREGORII
2069 397 2580 458 AGRIGENTINI
2616 400 2812 460 VITA.

3696 403 3802 467 656

561 495 677 563 ipse
699 493 765 547 ad
808 492 972 562 pcdcs
1011 496 1320 565 procideus,
1352 497 1642 557 obsecrare
1674 503 1757 558 sic
1795 505 1960 574 etrapit
1991 522 2004 559 :
2032 503 2121 571 Ne,

2235 522 2371 576 μενα
2399 507 2751 578 ἀποκινῆσαι.
2780 507 3089 563 Ἠκολούθει
3121 509 3175 564 δὲ
3201 511 3351 581 αὐτῷ
3374 511 3401 563 ό
3433 511 3612 584 πατὴρ
3635 513 3805 568 αὑτοῦ

555 599 760 654 «inlaeso,
789 601 904 638 nica
937 602 1124 653 causa,
1147 581 1360 643 domini
1399 591 1525 658 mei,
1556 593 1635 648 sic
1663 595 1912 664 lugentis.
1931 595 2116 666 Neque

553 677 700 731 enim
727 677 1164 736 llomiuusmcus
1181 679 1343 738 Jcsus
1365 683 1622 740 Christus
1646 685 2016 757 nequidquam
2040 703 2129 744 me

553 765 607 818 in
655 768 1112 826 calumniatorum
1146 787 1394 828 meorum
1433 790 1630 832 manus
1661 776 1889 834 dedidit.
1926 777 2126 835 Verum

553 874 766 926 preces,
815 877 914 916 vos
965 879 1082 930 oro,
1118 879 1218 934 pro
1265 881 1354 920 me
1385 869 1620 924 scelesto
1653 871 1874 929 homine
1913 872 2124 940 iterato,

551 966 660 1020 quo
687 951 828 1010 Deus
855 954 987 1008 mibi
1013 957 1245 1013 crimina
1299 975 1420 1028 qum
1446 963 1638 1017 admisi
1671 965 1840 1019 multa
1865 965 2124 1020 remittat.

554 1042 676 1097 llaec
703 1059 767 1098 co
793 1045 1031 1112 dicente,
1082 1049 1293 1119 legatus
1323 1069 1496 1107 unum
1537 1069 1568 1108 e
1601 1055 1956 1113 naviculariis
1995 1038 2128 1112 Pro-

550 1135 768 1205 copium
803 1139 1134 1208 appellatum
1171 1143 1388 1210 accivit,
1421 1147 1582 1216 eique
1609 1147 1926 1218 episcopum
1961 1149 2128 1205 tradi-

548 1231 666 1296 dit;
699 1231 982 1300 eidemque
1012 1235 1330 1291 relationem
1367 1237 1534 1302 dedit,
1577 1254 1742 1308 quam
1775 1240 1892 1309 ipse
1931 1241 2126 1294 adver-

548 1336 642 1374 sus
671 1329 921 1376 sanctum
966 1323 1142 1379 virum
1179 1325 1246 1381 ad
1284 1327 1597 1396 pontificem
1643 1331 1944 1384 maximum
1989 1331 2126 1386 scri-

549 1421 752 1479 pserat,
789 1414 962 1482 signis
1001 1415 1177 1485 ipsius
1203 1417 1364 1487 legati
1395 1427 1450 1474 et
1488 1419 1866 1488 improborum
1903 1437 2127 1479 accusa-

549 1515 725 1557 torum
751 1506 1118 1576 obsignatam.
1145 1507 1430 1565 Neminem
1461 1527 1590 1566 vero
1621 1508 1939 1568 aliuni'cum
1967 1515 2126 1570 beato

551 1595 669 1648 \iro
701 1597 970 1666 proﬁcisci
1005 1600 1151 1668 passi
1183 1611 1334 1666 sunt,
1371 1617 1537 1672 quam
1572 1604 1918 1660 Platonicum
1957 1623 2124 1661 unum

545 1703 576 1741 c
609 1688 852 1744 diaconis
880 1690 1020 1759 ejus.
1055 1691 1154 1746 llic
1190 1693 1426 1764 legatum
1465 1703 1521 1748 ct
1557 1697 1861 1766 sacrilegos
1893 1696 2124 1771 [enm]

549 1779 674 1834 illos
721 1797 946 1837 monere
993 1794 1219 1840 sanctus
1259 1783 1555 1856 Gregorius
1601 1772 1708 1842 non
1753 1790 2116 1860 praetermisit,

2231 599 2325 651 καὶ
2356 600 2388 670 il}
2423 599 2605 672 μήτηρ
2645 599 2818 654 αὐτοῦ
2867 601 3172 665 κλαίοντες.
3217 602 3274 654 ὐ
3311 602 3367 654 δὲ
3419 602 3603 656 πεσὼν
3651 607 3806 676 παρᾶ

2227 689 2356 752 τοὺς
2391 689 2559 752 πόδας
2603 690 2949 760 ἀμφοτέρων,
2981 692 3287 762 παρεκάλει
3329 693 3514 756 αὐτοῖς
3537 709 3555 724 ·
3587 695 3680 764 Μὴ
3709 696 3803 749 οὔ·

2228 797 2338 844 τως
2385 781 2603 834 κλαίετε
2643 782 2730 835 ἔπ’
2757 783 2925 852 sunt,
2973 781 3152 854 κύριοί
3201 799 3336 853 μου·
3385 785 3413 836 ὁ
3457 782 3566 855 γὰρ
3597 783 3802 856 Κύριός

2233 888 2335 941 μου
2384 871 2595 943 Ἰησοῦς
2649 873 2886 944 Χριστὸς
2931 875 2992 927 οὐ
3060 875 3135 945 μή
3199 891 3266 944 με
3318 874 3664 946 ἐγκαταλίπῃ
3721 877 3804 941 είς

2229 964 2419 1034 χεῖρας
2451 963 2560 1016 τῶν
2594 964 3076 1036 συκοφαντούντων
3113 981 3179 1035 με
3205 965 3434 1036 δωρεάν.
3475 966 3620 1036 Πλὴν
3647 965 3804 1036 εὔχεο

2229 1056 2324 1109 σθε
2359 1056 2501 1126 ὑπὲρ
2534 1057 2694 1127 ἐμοῦ,
2725 1056 3048 1128 παρακαλῶ,
3079 1057 3176 1110 τοῦ
3217 1057 3564 1131 ἀμαρτωλοῦ,
3595 1059 3746 1122 ὅπως
3772 1061 3804 1112 ό

2227 1147 2363 1211 Θεὸς
2399 1150 2730 1221 συγχωρήσῃ
2765 1167 2854 1220 μοι
2884 1149 2952 1204 τὰ
2989 1149 3162 1204 πολλά
3195 1167 3298 1222 μου
3331 1153 3496 1205 κακά.
3530 1147 3719 1205 Ταῦταῖ
3741 1143 3801 1205 δὲ

2227 1238 2480 1305 λέγοντος
2525 1239 2691 1292 αὐτοῦ
2719 1279 2732 1304 ,
2768 1241 3024 1312 φωνήσας
3065 1241 3094 1292 ό
3137 1241 3366 1312 ἔξαρχος
3399 1241 3631 1295 ῑνατῶν
3669 1259 3802 1296 ναυ-

2227 1329 2447 1400 κλήρων
2487 1329 2597 1384 τῶν
2628 1330 2830 1384 πλοίων
2877 1331 3188 1402 Προκόπιον
3216 1333 3533 1403 λεγόμενον,
3569 1335 3803 1402 παραδί·

2225 1422 2386 1475 δωσιν
2421 1421 2572 1492 αὐτῷ
2616 1422 2709 1478 τὸν
2757 1423 3078 1489 ἐπίσκοπον,
3131 1425 3226 1477 καὶ
3269 1423 3489 1478 δίδωσιν
3527 1424 3675 1496 αὐτῷ
3705 1425 3802 1480 καὶ

2225 1513 2328 1583 τὴν
2373 1515 2505 1583 παρ’
2537 1513 2704 1568 αὑτοῦ
2755 1517 3062 1584 γραφεῖσαν
3090 1513 3373 1584 ἀναφορὰν
3405 1514 3540 1585 πρὸς
3571 1515 3662 1568 τὸν
3692 1517 3802 1570 πά-
3839 1507 3852 1520 ’

2227 1618 2334 1654 παν
2363 1604 2504 1656 κατὰ
2529 1602 2623 1655 τοῦ
2653 1603 2808 1671 ἁγίου
2840 1602 3070 1673 ἔχουσαν
3095 1603 3396 1674 σφραγίδας
3427 1604 3588 1658 αὐτοῦ
3621 1622 3682 1658 τε
3701 1606 3800 1659 τοῦ

2227 1688 2458 1760 ἐξάρχου
2480 1691 2576 1744 καὶ
2598 1691 2706 1744 τῶν
2733 1693 3069 1762 παρανόμων
3097 1693 3443 1764 κατηγόρων.
3473 1697 3584 1748 Οὐκ
3611 1697 3804 1748 εἴασαν

2227 1780 2285 1834 δὲ
2316 1781 2590 1838 συνελθεῖν
2619 1783 2698 1854 τῷ
2729 1785 3018 1856 μακαρίῳ,
3061 1787 3110 1838 εί
3139 1784 3214 1854 μὴ
3242 1787 3401 1856 μόνον
3424 1786 3520 1840 ἕνα
3544 1787 3652 1840 τῶν
3679 1787 3802 1840 δια-

551 1872 798 1928 vidcrcnt
831 1874 958 1944 ipsi,
1001 1875 1088 1930 cui
1136 1853 1438 1933 Ecclesium
1490 1877 1582 1934 Dei
1635 1853 2119 1938 administrandam

2232 1875 2406 1929 κόνων
2441 1853 2810 1937 Πλατωνικόν.
2861 1853 3026 1946 Acie.
3055 1877 3114 1930 δὲ
3142 1853 3176 1930 Ῠὸ
3203 1853 3356 1946 afro;
3387 1877 3686 1950 Γρηγόριος
3723 1879 3803 1948 τῷ

549 1967 953 2020 ,ιοηιιῐιίιιοιέηι
1007 1983 1130 2023 :ne
1187 1969 1334 2024 illam
1391 1979 1648 2041 tanquam
1709 1975 1827 2044 apri
1870 1975 2127 2030 devasta-

547 2067 670 2112 rent
701 2074 716 2110 :
748 2072 845 2113 cos
879 2058 950 2112 de
999 2059 1104 2115 hoc
1143 2061 1194 2114 in
1224 2059 1418 2130 judicii
1450 2063 1539 2118 die
1571 2067 1838 2120 rationem
1875 2065 1986 2121 Deo
2015 2067 2132 2122 red-

545 2139 776 2202 dituros.
803 2146 902 2202 Cui
936 2149 1148 2220 legatus
1180 2168 1195 2204 :
1223 2149 1572 2220 Curatorem,
1607 2155 1805 2224 inquit,
1836 2169 1939 2211 nos
1967 2155 2128 2211 rebus

547 2241 804 2296 omnibus
833 2241 1266 2313 designavimus,
1296 2247 1389 2316 qui
1423 2246 1510 2316 pie
1537 2247 1754 2318 singula
1778 2248 2128 2303 administra-

545 2333 626 2388 bit
657 2333 767 2405 ((37)
800 2353 813 2388 :
845 2336 976 2404 quin
1013 2345 1108 2391 tuo
1152 2337 1274 2391 loco
1304 2337 1416 2407 jam
1449 2339 1682 2408 populus
1707 2340 1918 2395 creavit
1947 2341 2123 2396 virum

547 2425 706 2494 plane
736 2426 984 2496 dignum,
1018 2429 1114 2497 qui
1163 2427 1218 2481 in
1249 2443 1314 2482 ea
1355 2430 1486 2484 sede
1512 2431 1900 2487 constituatur.
1950 2433 2127 2502 Atque

548 2519 666 2572 haec
693 2517 824 2570 dum
854 2517 924 2572 ab
953 2518 1038 2573 bis
1067 2518 1403 2584 dicerentur,
1435 2521 1656 2576 advenit
1683 2523 2120 2588 archidiaconus,

546 2621 612 2662 ac
641 2606 806 2662 simul
834 2607 1054 2664 diaconi
1083 2609 1192 2664 duo
1219 2607 1482 2666 Erasmus
1507 2620 1560 2666 et
1593 2613 1998 2683 Philadelphus,
2029 2615 2124 2685 qui

545 2699 787 2770 legatum
820 2709 876 2755 et
909 2699 1208 2770 sacrilegos
1247 2701 1371 2756 illos
1406 2700 1673 2756 Sabinum
1715 2712 1771 2758 et
1815 2704 2125 2760 Crescenti-

545 2805 677 2845 nnm
711 2791 996 2860 rogabant,
1033 2799 1092 2848 ut
1117 2791 1224 2846 sibi
1255 2805 1380 2846 cum
1422 2790 1584 2848 Patre
1615 2807 1682 2848 ac
1715 2795 1977 2866 magistro
2019 2809 2122 2851 suo

544 2879 780 2936 abeundi
808 2889 1059 2950 potestas
1088 2882 1258 2936 lierct.
1285 2881 1494 2947 Quibus
1518 2883 1592 2937 illi
1622 2899 1688 2940 ne
1716 2899 1878 2940 aures
1899 2885 2120 2955 quidem

548 2971 914 3039 praebuerunt.
962 2971 1151 3043 Itaque
1187 2988 1218 3027 a
1269 2975 1458 3029 littore
1506 2983 1718 3030 tantum
1762 2975 2118 3032 clamabant:

545 3061 680 3118 Tuis
715 3079 816 3121 nos
849 3064 1102 3134 precibus
1135 3065 1356 3134 adiuva,
1394 3067 1554 3121 Pater
1603 3076 1824 3134 sancte;
1859 3067 1950 3122 ille
1989 3083 2120 3125 vero

2230 1965 2448 2038 ὲξάρχῳ
2477 1967 2574 2020 καὶ
2602 1969 2716 2031 τοῖς
2740 1968 2980 2039 ἀνιέροις
3009 1967 3242 2033 ἐκείνοις
3262 1985 3276 1999 °
3310 1971 3567 2036 Βλέπετε,
3585 1971 3802 2042 ἄνθρω-

2230 2069 2345 2119 ποι,
2377 2053 2440 2106 τὸ
2471 2053 2588 2117 πῶς
2626 2053 2885 2123 βούλεσθε
2908 2055 3132 2119 διοικεῖν
3159 2057 3261 2130 τὴν
3287 2059 3382 2112 τοῦ
3415 2057 3552 2113 Θεοῦ
3577 2061 3804 2130 Ἐκκλη-

2230 2142 2382 2196 σίαν·
2423 2145 2498 2215 μὴ
2535 2145 3020 2216 καταλυμαίνησθε
3048 2147 3220 2218 αὐτὴν
3249 2147 3328 2212 ὡς
3371 2151 3545 2219 μονιοὶ
3575 2150 3796 2221 ἄγριοι·

2227 2235 2322 2290 καὶ
2355 2236 2578 2306 μέλλετε
2605 2236 2684 2308 τῷ
2709 2236 2828 2308 Θεῷ
2858 2239 2916 2290 ὲν
2938 2239 3124 2310 ἡμέρα
3169 2241 3406 2310 κρίσεως
3441 2243 3571 2312 περὶ
3602 2243 3802 2298 τούτου

2224 2326 2322 2398 τὴν
2351 2327 2508 2398 δίκην
2534 2329 2981 2402 εἰσπράττεσθαι.
3007 2331 3066 2384 '0
3091 2331 3148 2386 δὲ
3183 2331 3408 2404 ἔξαρχος
3440 2333 3588 2404 λέγει
3621 2337 3797 2407 αὐτῷ’

2237 2417 2429 2489 Ἡμεῖς
2463 2419 2660 2490 ἔχομεν
2687 2420 3032 2490 καταστῆσαι
3061 2423 3347 2494 οἰκονόμον
3387 2427 3468 2489 εἰς
3495 2429 3675 2482 πάντα
3704 2429 3800 2483 τὸν

2223 2510 2420 2581 ἔχοντα
2456 2511 2732 2582 διοικῆσαι
2764 2513 2832 2566 τὰ
2859 2513 2982 2568 κατ’
3011 2515 3188 2584 αὐτὴν
3218 2515 3458 2580 εὐσεϐῶς
3477 2533 3492 2548 ο
3539 2521 3634 2572 καὶ
3675 2521 3800 2574 ἀντὶ

2225 2601 2321 2656 σοῦ
2349 2597 2494 2657 οὗτοι
2536 2604 2586 2655 οἱ
2625 2603 2744 2656 λαοὶ
2771 2603 3110 2672 ἐψηφίσαντο
3142 2603 3314 2676 ἄνδρα
3355 2607 3504 2672 ἄξιον
3529 2607 3622 2662 τὸν
3643 2609 3800 2678 ὀφεί-

2223 2695 2387 2750 λοντα
2422 2695 2760 2766 καθεσθῆναι
2788 2696 2884 2750 ἐπὶ
2914 2696 3010 2751 τοῦ
3041 2696 3254 2776 θρόνου,
3276 2699 3388 2752 Καὶ
3418 2699 3592 2762 ταῦτα
3615 2703 3800 2756 αὐτῶν

2223 2786 2513 2852 εἰπόντων,
2547 2785 2854 2858 προσῆλθεν
2887 2789 2916 2842 ὁ
2937 2787 3318 2859 ἀρχιδιάκονος
3348 2790 3442 2844 καὶ
3467 2793 3518 2844 οί
3548 2792 3642 2845 δύο
3678 2792 3800 2848 διὰ-

2221 2895 2367 2932 κονοι
2401 2879 2686 2949 Ἐρασμος
2716 2879 2810 2932 καὶ
2853 2877 3182 2947 Φιλάδελφος
3219 2879 3666 2950 παρακαλοῦντες
3699 2883 3798 2938 τὸν

2221 2967 2450 3040 ἔξαρχον
2482 2969 2576 3022 καὶ
2594 2970 2718 3032 τοὺς
2747 2969 2995 3040 ἀνιέρους
3026 2969 3251 3023 Σαϐῖνον
3276 2971 3367 3023 καὶ
3392 2971 3800 3041 Κρησκεντῖνον

2218 3059 2467 3129 λέγοντες
2487 3077 2501 3090 ·
2542 3059 2768 3115 Ἐάσατε
2803 3062 2950 3132 ἡμᾶς
3004 3061 3260 3116 ἀπελθεῖν
3285 3062 3420 3132 μετὰ
3453 3063 3549 3115 τοῦ
3580 3065 3798 3136 Πατρδς

545 3155 684 3210 bene
729 3157 796 3210 iis
827 3165 1102 3223 precatus,
1137 3165 1190 3210 et
1221 3157 1449 3223 salutari
1480 3171 1574 3212 eos
1605 3159 1763 3226 signo
1796 3171 1826 3212 e
1873 3159 1996 3212 navi
2029 3159 2116 3214 di-

2223 3152 2378 3222 ήμῶν
2404 3152 2498 3206 καὶ
2517 3153 2861 3207 διδασκάλου.
2901 3155 2964 3208 Οἱ
2997 3154 3053 3207 ἑὲ
3077 3155 3198 3208 οὐδὲ
3221 3153 3455 3210 ἀκοῦσαι
3480 3157 3662 3235 αὐτῷν
3683 3159 3798 3212 οὐδ’

547 3248 769 3304 mittens
798 3265 812 3302 :
843 3249 1077 3320 Pergite,
1123 3250 1320 3321 inquit,
1366 3249 1421 3305 in
1451 3264 1584 3320 pace
1611 3267 1625 3304 :
1653 3249 1907 3317 Christus
1948 3251 2116 3320 enim,

549 3338 644 3394 lilii
675 3341 802 3406 mei,
842 3355 946 3396 vos
983 3342 1256 3406 tuebitur,
1281 3343 1588 3414 cbarusque
1617 3343 1856 3397 habebit.
1892 3341 1964 3399 lis
1993 3357 2122 3398 vero

546 3431 721 3488 Amen
743 3432 1202 3502 respondentibus
1228 3447 1393 3487 naves
1413 3433 1526 3502 jam
1548 3430 1936 3500 discesserant,
1962 3444 2122 3491 nocte

540 3523 654 3590 jam
704 3523 980 3577 inchoata.
1025 3521 1288 3593 Sacrilegi
1335 3537 1468 3578 vero
1514 3523 1594 3577 illi
1640 3535 1891 3578 sanctum
1939 3525 2119 3580 virum

545 3628 669 3667 cum
709 3613 888 3682 legato
924 3613 1266 3677 deridebaut,
1301 3613 1394 3682 qui
1427 3613 1723 3682 perniciem
1758 3629 1913 3669 suam
1945 3614 2116 3671 miser

2218 3246 2354 3310 ὅλως
2381 3246 2692 3316 ⁴Ιίνέσχοντο.
2724 3246 2904 3300 Μόνον
2931 3245 3040 3300 ἀπὸ
3065 3246 3164 3318 τῆς
3195 3247 3298 3315 γῆς
3327 3247 3583 3318 ἔκραζον,
3607 3249 3796 3318 λέγον-

2218 3354 2344 3401 τεςο
2382 3333 2549 3406 Εὗξαι
2581 3337 2721 3409 ὑπὲρ
2755 3337 2939 3408 ἡμῶν,
2983 3339 3170 3409 Πάτερ
3202 3338 3348 3407 ἅγιε.
3377 3341 3436 3393 τί)
3465 3341 3526 3395 δὲ
3563 3341 3798 3409 ἐπευξά-

2223 3447 2383 3504 μενος
2429 3431 2612 3494 αὐτοῖς
2654 3431 2749 3485 καὶ
2797 3432 3254 3501 κατασφραγίσας
3302 3433 3502 3498 αὐτοὺς
3547 3435 3660 3489 ἀπὸ
3697 3435 3797 3490 τοῦ

2219 3523 2434 3588 πλοίου,
2482 3522 2776 3585 ἀπέλυσεν,
2810 3523 2987 3592 λέγων
3017 3538 3031 3553 ·
3065 3525 3370 3598 Πορεύεσθε
3401 3529 3460 3580 ὲν
3493 3529 3690 3600 εἰρήνῃ
3714 3545 3728 3561 ο
3764 3532 3795 3582 ό

2218 3615 2454 3686 Χριστὸς
2489 3614 2598 3684 γὰρ
2629 3616 2774 3686 ὑμᾶς
2805 3615 3143 3686 ’διατηρήσει
3165 3658 3184 3682 ,
3209 3616 3379 3672 τέκνα
3413 3635 3537 3688 μου,
3580 3622 3664 3683 εἰς
3691 3620 3796 3690 τὴν

445 5563 452 5569 .
533 5519 650 5576 lunt
679 5519 858 5592 delata
898 5522 1185 5592 curatione
1222 5519 1370 5592 l'ungi
1419 5539 1525 5592 non
1546 5519 1650 5578 'est
1677 5537 1881 5592 passus
1903 5520 2109 5592 Grego-

546 3719 655 3759 non
693 3703 940 3768 deﬁeret,
984 3713 1040 3758 et
1083 3705 1156 3760 de
1201 3703 1271 3758 iis
1303 3703 1596 3770 laboraret,
1643 3719 1772 3776 quae
1830 3720 2114 3775 nunquam

543 3797 774 3866 posthac
803 3797 1022 3852 visurus
1049 3804 1217 3852 esset.

542 3891 604 3942 Ui
635 3889 693 3942 δὲ
727 3887 958 3960 ἀνίεροι-
982 3888 1184 3942 ἐκεῖνοι
1225 3888 1540 3958 κατεγέλων
1601 3888 1766 3943 αὐτοῦ
1828 3889 1947 3960 ἅμα
2009 3889 2090 3960 τῷ
2153 3887 2393 3959 ἐξάρχω,
2436 3887 2730 3956 λέγοντεςι
2768 3888 2828 3942 '0
2875 3887 3062 3953 ἄθλιος
3102 3890 3164 3944 οὐ
3216 3889 3408 3961 θρηνεῖ
3438 3890 3538 3962 τὴν
3595 3892 3796 3947 ἑαυτοῦ

541 3979 838 4046 ἀπώλειαν,
879 3979 1016 4032 ἀλλά
1041 3979 1148 4038 τῶν
1178 3977 1332 4035 ἔνθεν
1363 3980 1642 4052 φροντίζει
1683 3979 1721 4034 ἃ.
1757 3981 1820 4033 οὐ
1863 3979 1939 4050 μή
1971 3995 2104 4033 ποτε
2143 3978 2426 4048 θεάσηται.
3695 4011 3708 4022 ο

611 4069 748 4126 LXI.
787 4067 936 4124 Nihil
973 4070 1184 4126 interea
1225 4071 1436 4125 urbana
1476 4071 1628 4140 plebs
1657 4079 1932 4135 senserat,
1975 4070 2115 4126 nihil

2286 4068 2408 4122 EA'.
2447 4069 2564 4123 Οὐκ
2599 4067 2718 4138 ᾔδει
2741 4067 2802 4120 δὲ
2828 4067 2891 4122 τὸ
2917 4067 3122 4138 πλῆθος
3151 4067 3242 4123 τοῦ
3272 4067 3406 4124 λαοῦ
3432 4069 3534 4142 τῆς
3558 4072 3793 4140 πόλεως,

542 4165 745 4221 tribuni
781 4173 880 4219 aut
913 4163 1204 4219 archontes
1227 4163 1296 4218 de
1323 4162 1466 4218 beati
1495 4162 1602 4217 viri
1635 4163 1880 4218 discessu
1910 4171 1968 4218 et
2013 4177 2118 4216 na-

2223 4157 2339 4213 υΰτε
2369 4159 2418 4212 oi
2448 4157 2726 4228 τριόοῦνοι
2754 4157 2849 4210 καὶ
2873 4157 2924 4211 οἰ
2961 4159 3220 4229 ἄρχοντες
3247 4157 3310 4213 τὸ
3351 4159 3466 4223 πῶς
3509 4161 3732 4230 ἐξῆλθεν
3761 4167 3798 4218 ὸ

541 4256 812 4326 vigationc
861 4263 1150 4310 noverant.
1199 4252 1424 4310 Diaconi
1479 4263 1662 4310 autem
1711 4255 1782 4310 ad
1833 4269 2114 4310 carcerem

2223 4248 2514 4320 μακάριος,
2542 4249 2640 4302 καὶ
2663 4246 2916 4317 εἰσῆλθεν
2948 4249 3008 4302 ὲν
3031 4248 3108 4318 τῷ
3133 4249 3326 4319 πλοίῳ.
3367 4251 3432 4304 Ol
3461 4251 3521 4305 δὲ
3547 4251 3796 4308 διάκονοι

541 4347 771 4411 rediere,
816 4355 978 4416 atque
1029 4346 1143 4400 illic
1188 4354 1404 4400 noctem
1450 4354 1776 4417 exegerunt.
1827 4343 1942 4400 Sub
1987 4345 2116 4414 galli

2223 4334 2462 4406 ἀπῆλθον
2503 4337 2564 4389 ὲν
2609 4338 2674 4407 τῇ
2719 4335 2968 4407 φυλακῇ,
3014 4339 3238 4392 κάκεῖσε
3267 4337 3492 4408 ἔμειναν
3527 4345 3594 4412 τῇ
3635 4346 3794 4397 νυκτὶ⁹

540 4445 761 4493 cantum
802 4436 985 4491 omnis
1011 4437 1078 4491 ad
1109 4450 1385 4492 carcerem
1429 4437 1725 4494 multitudo
1753 4437 2028 4502 convenit,
2060 4449 2114 4492 et

2223 4423 2422 4495 Ιεκείνη.
2471 4425 2608 4494 Περὶ
2647 4423 2702 4478 δὲ
2747 4425 3221 4496 ἀλεκτοροφωνίαν
3267 4429 3512 4499 συνήχθη
3541 4430 3694 4484 ἅπαν
3729 4433 3796 4487 τὸ

541 4541 665 4580 cum
701 4539 766 4580 ea
797 4524 1002 4579 tribuni
1041 4534 1206 4596 atque
1240 4525 1534 4582 archontcs
1567 4540 1582 4580 ι
1611 4527 1703 4596 qui
1737 4541 1862 4583 cum
1894 4525 2115 4582 beatum

2223 4515 2424 4584 πλῆθος
2463 4515 2560 4569 τοῦ
2597 4515 2726 4572 λαοῦ
2757 4517 2818 4571 ὲν
2853 4519 2923 4588 τῇ
2959 4517 3174 4589 φυλακῇ
3205 4517 3322 4588 ἅμα
3351 4519 3463 4572 τῶν
3491 4523 3794 4592 τριϐοὑνων

540 4617 720 4670 virum
763 4629 868 4670 non
914 4615 1273 4682 invenissent,
1324 4617 1652 4674 tumultuari
1686 4629 1993 4690 coeperunt,
2033 4619 2116 4673 la-

2223 4606 2312 4664 καὶ
2341 4607 2452 4660 τῶν
2483 4607 2785 4677 ἀρχόντων,
2814 4609 2912 4662 καὶ
2944 4609 3023 4678 μὴ
3065 4607 3316 4680 εὑρόντες
3363 4609 3454 4664 τὸν
3491 4613 3790 4683 μακάριον,

540 4708 856 4778 mentisque
884 4713 942 4762 et
969 4707 1306 4765 clamoribus
1341 4708 1524 4766 eﬂ'erri
1550 4719 1742 4766 contra
1789 4711 2116 4782 sacrilegam

2223 4700 2452 4774 ἡρξαντο
2476 4699 2850 4774 ταράσσεσθαι
2877 4701 2972 4755 καὶ
2997 4700 3274 4766 ὀλολύζειν
3296 4703 3391 4755 καὶ
3418 4705 3794 4774 κατακράζειν

540 4797 822 4852 hominum
844 4797 1335 4868 conspirationem,
1357 4812 1421 4852 ac
1443 4807 1634 4852 contra
1656 4794 1889 4867 legatum
1911 4797 2110 4866 ipsum,

2223 4792 2358 4848 κατὰ
2395 4792 2493 4846 τοῦ
2521 4793 2740 4862 ἀνιέρου
2775 4791 3056 4862 συνεδρίου
3086 4791 3298 4846 ἐκείνου
3319 4809 3334 4824 ο
3379 4791 3569 4846 λοιπὸν
3601 4794 3660 4846 δὲ
3696 4796 3790 4848 καὶ

538 4887 667 4958 quid
705 4887 774 4946 de
801 4887 1026 4943 domino
1075 4903 1200 4952 suo,
1240 4885 1373 4956 quid
1419 4889 1486 4943 de
1523 4889 1730 4958 optimo
1775 4895 1996 4957 pastore
2035 4886 2114 4941 fa-

2223 4885 2360 4938 κατὰ
2400 4883 2497 4938 τοῦ
2541 4883 2796 4954 ἐξάρχου,
2853 4881 3138 4952 λέγοντεςο
3187 4882 3254 4936 Τί
3307 4883 3648 4952 πεποιήκατε
3700 4883 3791 4936 τὸν

537 4988 686 5034 ctum
741 4990 920 5046 esset,
973 4995 1108 5034 num
1161 4979 1405 5049 ipsorum
1463 4979 1719 5036 manibus
1777 4979 2110 5043 iuteriisset,

2223 4975 2402 5046 κύριον
2451 4972 2634 5045 ἡμῶν,
2655 4973 2748 5026 τὸν
2775 4971 2940 5026 καλὸν
2965 4972 3176 5043 νομέα;
3207 4972 3316 5042 ἄρα
3347 4973 3680 5041 πεφόνευται
3701 4972 3790 5041 ὑφ’

538 5077 864 5136 querentes.
891 5069 1102 5138 Quibus
1121 5069 1210 5124 illo
1233 5071 1618 5140 respondens:
1647 5068 1762 5124 Non
1785 5071 1879 5137 ita,
1915 5069 2108 5140 inquit,

2223 5065 2400 5136 5μῶνς
2443 5065 2502 5116 '0
2527 5063 2592 5116 δὲ
2622 5064 2806 5128 αὐτοῖς
2831 5062 3169 5134 ἀπεκρίνατο
3190 5077 3204 5093 ⁶
3237 5063 3374 5132 υύχὶ
3393 5101 3409 5128 ,
3438 5062 3685 5133 ἀδελφοὶ,
3715 5065 3796 5134 μὴ

540 5159 758 5227 fratres,
791 5175 897 5214 non
933 5161 985 5216 id
1016 5160 1221 5218 factum
1257 5171 1360 5230 est,
1396 5163 1542 5232 (μιοά
1573 5177 1670 5218 vos
1700 5163 1767 5218 de
1812 5177 1878 5217 eo
1908 5163 2112 5231 cogita-

2223 5157 2444 5227 ι-ἐνοιτο,
2495 5154 2572 5220 ὡς
2617 5155 2774 5226 ὑμεῖς
2837 5151 3164 5224 ἐνθυμεῖσθε
3220 5153 3380 5208 τοῦτο
3426 5154 3684 5223 γενέσθαι
3734 5156 3794 5208 ἐν

537 5253 608 5308 tis
643 5270 655 5306 :
689 5248 784 5306 sed
825 5252 960 5322 ipse,
1000 5265 1060 5308 ut
1098 5269 1128 5308 a
1177 5269 1263 5310 me
1294 5255 1620 5322 postularat,
1669 5263 1866 5324 sponte
1904 5270 2000 5310 sua
2045 5255 2118 5308 ad

2223 5247 2364 5318 αὐτῷ
2385 5264 2398 5278 ·
2431 5246 2550 5300 ἀλλ’
2583 5247 2746 5311 αὐτὸς
2796 5248 3028 5318 αἰτήσας
3063 5247 3245 5317 ἡμᾶς,
3277 5247 3588 5318 ἀνέδραμεν
3613 5247 3798 5320 οἰκείᾳ

2219 3706 2444 3776 ἀγάπην
2471 3705 2663 3760 αὐτοῦ.
2685 3707 2806 3760 Τῶν
2837 3707 2896 3760 δὲ
2921 3706 2982 3759 τὸ
3019 3706 3194 3778 Ἀμὴν
3222 3708 3656 3780 ἀποκριθέντων,
3687 3713 3795 3766 ἀπ’·

2221 3797 2482 3866 εκίνησαν
2511 3795 2716 3858 εὐθέως
2751 3797 2821 3851 τὰ
2849 3793 3045 3860 πλοῖα,
3080 3795 3324 3867 ἑσπέρας
3345 3795 3515 3868 οὔσης
3547 3797 3792 3868 βαθείας.

2211 5447 2563 5524 nianiifestum
2593 5459 2706 5524 est,
2730 5454 2874 5522 quod
2904 5454 3019 5524 jam
3051 5450 3463 5524 Papebrochius
3499 5449 3578 5522 (in
3612 5452 3794 5509 Catal.

2211 5517 2373 5593 Pont.
2415 5521 2483 5575 ad
2525 5519 2620 5577 Gr.
2663 5517 2765 5593 lli.)'
2811 5517 3098 5580 adnotavit
3132 5517 3153 5576 Ξ
3186 5521 3278 5593 sed
3335 5517 3531 5593 tamen:
3561 5537 3644 5578 ea:
3688 5523 3795 5578 hoc

2211 5589 2392 5662 ipsum
2443 5589 2751 5652 testantur;
2775 5609 2914 5662 quas
2959 5594 3159 5662 eidenr
3188 5592 3444 5662 episcopo
3495 5591 3796 5662 Gregorius

2213 5661 2403 5726 misit,
2469 5670 2530 5716 ut
2579 5678 2644 5717 ex
2695 5659 3391 5734 AgrigentinteEcclesia!
3435 5659 3795 5734 proventibus

2211 5742 2466 5799 quartam
2532 5733 2740 5801 partem
2792 5733 2851 5787 in
2895 5733 3215 5788 uisitationis
3246 5733 3595 5803 stipendium
3651 5734 3793 5787 assi-

2213 5811 2404 5871 gnat-ct
2453 5803 2570 5874 (lib.
2617 5819 2672 5868 ν,
2721 5805 2884 5872 epist.
2918 5803 3007 5877 l2)
3044 5818 3210 5868 :qua:
3242 5801 3386 5858 infra
3416 5804 3786 5868 proferentur.

607 5449 718 5522 (67)
753 5448 1080 5522 Curatorcm
1121 5453 1288 5515 hunc,
1318 5453 1634 5522 quicunque
1680 5450 1863 5513 fuerit,
1891 5450 1982 5522 diu
2025 5465 2112 5506 so-

535 5593 651 5646 rius
701 5591 946 5662 Magnus.
988 5591 1416 5662 Nant‘episcopo
1467 5591 1732 5648 TrioCabB
1786 5591 2108 5662 uisitationis

535 5659 1053 5732 curamconnnisit.
1117 5659 1581 5732 Deéunt'qnidcui
1629 5663 1860 5728 lilii-ne,
1911 5661 2109 5732 quibus

539 5731 835 5802 Ecclesium
873 5733 1018 5788 illam
1049 5733 1203 5787 obire
1229 5731 1475 5800 jusserit,
1503 5733 1964 5802 quemadmodum
1988 5731 2108 5786 alia:

538 5800 698 5852 etiam
733 5800 1140 5871 desiderantur,
1171 5817 1308 5874 (ptas
1340 5820 1368 5857 ιι
1403 5800 1670 5874 Gregorio
1715 5803 1951 5871 scriptas
1984 5817 2105 5857 esse
