4104 6262
355 367 457 434 661

1351 379 1412 440 S.
1445 381 1821 442 GREGORII
1863 383 2371 448 AGRIGENTINI
2405 387 2607 448 VITA.
2697 451 2702 458 ,

3500 383 3632 444 CS2?

349 465 483 544 τοὺς
511 479 929 554 ἁμαρτάνοντας
958 484 1048 539 διὰ
1076 488 1476 560 παρακλήσεως
1503 494 1597 546 καὶ
1625 495 1932 564 προσευχῆς

2036 495 2320 550 obtinebat
2352 507 2447 550 :nt
2472 495 2854 566 delinquentes
2894 509 3006 549 non
3050 501 3159 547 tam
3191 490 3390 546 solatio
3419 491 3614 558 aliquot

351 569 674 643 θεραπεύων
702 615 717 640 ,
757 576 792 646 ἢ
830 575 1030 646 μᾶλλον
1061 581 1142 642 είς
1189 581 1501 651 ἀπόγνωσιν
1531 586 1924 658 ἀπωσάμενος·

353 662 449 715 καὶ
490 662 670 731 τοῦτο,
716 665 792 736 μὴ
843 667 1202 742 ἐπερωτήσας
1246 674 1344 728 καὶ
1391 664 1555 744 γνοὺς
1603 679 1745 747 μετὰ
1773 681 1930 750 ἀκρι-

352 753 528 818 ϐείας,
559 756 654 810 καὶ
695 761 1035 830 καταμαθὼν
1065 763 1129 818 τὸ
1157 752 1380 836 ἀληθές.
1419 767 1560 820 Ἀλλ’
1603 771 1753 839 ὅμως
1791 771 1927 842 ὀργὴ

352 846 448 900 καὶ
474 849 778 921 φρονίμους
807 853 1106 910 ἀπόλλυσιν
1127 873 1143 889 ο
1167 858 1325 912 τοῦτο
1343 859 1402 913 δὲ
1427 861 1654 930 γέγονεν
1673 863 1735 916 τὺ
1763 880 1930 934 ταρα-

353 937 550 1012 χθῆναι
579 942 742 997 αὐτὸν
771 946 838 999 ὲκ
860 945 956 1000 τοῦ
980 949 1294 1019 ἀρχεκάκου
1325 950 1544 1023 ἐχθροῦ.

423 1117 544 1174 EI".
580 1123 774 1188 Ὄντος
824 1124 884 1179 δὲ
935 1126 1031 1182 τοῦ
1081 1131 1358 1202 μακαρίου
1407 1133 1712 1207 Γρηγορίου
1752 1139 1812 1192 ἐν
1849 1139 1926 1210 τῷ

351 1210 732 1301 δεσμωτηρίῳ,
762 1218 820 1270 ἑν
842 1217 920 1289 τῷ
945 1219 1088 1292 ξύλῳ
1113 1225 1494 1295 πεπεδημένον
1531 1230 1794 1302 σιδήροις,
1835 1235 1928 1288 καὶ.

355 1309 967 1398 προσευχομένου,οπερὶ
983 1313 1046 1366 τὺ
1066 1317 1438 1385 μεσονύκτιον,
1458 1320 1575 1389 φῶς
1619 1325 1762 1392 μέγα
1780 1343 1929 1398 περι-

355 1397 600 1469 έλαμψεν
620 1401 679 1455 τὸ
700 1400 1098 1477 δεσμωτήριον,
1121 1408 1215 1477 καὶ
1239 1409 1349 1464 ίδοὺ
1373 1412 1567 1486 ἄνδρες
1587 1417 1682 1470 δύο
1705 1397 1929 1491 φοϐεροὶ

352 1491 668 1564 ἐπέστησαν
693 1495 772 1567 τῷ
803 1500 1063 1572 μακαρίῳ
1093 1503 1151 1555 ἐν
1179 1505 1421 1575 σχήματι
1451 1491 1814 1580 άποστολικῷ,
1839 1511 1928 1565 λέ-

351 1597 540 1650 γοντες
560 1585 710 1656 αὐτῷ
729 1603 744 1618 ο
765 1587 1013 1661 Χαίροις,
1037 1591 1326 1664 Γρηγόριε,
1340 1596 1494 1650 δοῦλε
1512 1599 1772 1670 Χριστοῦ,
1789 1605 1928 1672 ὴγα-

352 1674 567 1742 πημένε
601 1675 695 1729 καὶ
723 1677 881 1748 ἡμῶν
925 1681 1228 1752 Γρηγόριε·
1258 1688 1300 1739 δ’
1320 1688 1554 1758 Χριστὸς
1603 1673 1926 1750 άπέστειλεν

349 1766 502 1834 ἡμᾶς
526 1767 684 1822 λύσαι
733 1789 792 1824 σε
840 1772 905 1826 ἐκ
941 1775 1050 1828 τῶν
1085 1775 1322 1848 δεσμῶν,
1366 1775 1442 1836 ὧν
1481 1783 1682 1850 ἀδίκως
1713 1786 1924 1846 δέδεσαι

352 1854 462 1950 ῦπὺ
484 1858 578 1912 τοῦ
607 1860 764 1916 πάπα
783 1879 798 1892 ⁸
830 1864 925 1917 καὶ
953 1865 1114 1938 ἡμεῖς
1131 1869 1416 1942 χαίροντες
1445 1877 1512 1946 τῇ
1535 1877 1802 1950 καρτερίᾳ
1820 1879 1920 1950 τῆς

335 1948 637 2044 ,ὑπομονῆς
663 1971 778 2016 σου,
807 1963 1314 2032 συνευφραινόμεθά
1345 1958 1470 2020 σοι·
1503 1968 1586 2022 δεῖ
1607 1971 1717 2044 γάρ
1743 1948 1841 2026 καὶ
1863 1948 1922 2027 έν

291 2076 296 2080 -
349 2042 420 2112 τῇ
459 2041 615 2096 πόλει
645 2045 817 2119 ταύτῃ
845 2049 1013 2105 πολλὰ
1047 2057 1250 2125 σημεῖα
1284 2059 1540 2126 γενέσθαι
1567 2064 1634 2133 τῇ
1667 2041 1762 2117 τοῦ
1790 2081 1924 2117 παν-

352 2133 513 2202 αγίου
543 2136 864 2210 Πνεῦματος
892 2143 1076 2214 χάριτι
1105 2146 1192 2201 διὰ
1223 2147 1338 2202 σοῦ.
1373 2151 1482 2204 Καὶ
1517 2152 1787 2225 ἁψάμενοι
1813 2155 1923 2210 τῶν

349 2226 569 2297 δεσμῶν
595 2230 927 2288 ἀπέσπασαν
973 2237 1038 2290 ἐκ
1066 2237 1176 2293 τῶν
1213 2240 1412 2312 χειρῶν
1457 2243 1624 2298 αὐτοῦ
1669 2247 1764 2302 καὶ
1816 2247 1924 2302 τῶν

351 2319 553 2373 ποδῶν.
569 2322 699 2410 dicit
729 2324 986 2391 ἀναστὰς,
1033 2327 1232 2384 ἔπεσεν
1273 2333 1428 2404 παρὰ
1467 2335 1594 2400 τοὺς
1630 2338 1798 2402 πόδας
1824 2342 1924 2394 αὑ-

349 2411 505 2504 των,
531 2413 626 2504 καὶ
673 2417 1040 2492 κατεφίλησεν
1069 2421 1266 2486 αὐτοὺς
1291 2462 1307 2487 ,
1344 2423 1553 2495 λέγων’
1601 2429 1924 2504 Εὐχαριστῶ

350 2499 594 2592 speset
641 2504 710 2558 δι’
749 2507 931 2578 ὑμᾶς,
985 2509 1132 2579 ἆγιοι
1181 2513 1398 2585 ἀληθῶς
1440 2499 1787 2592 ἠγαπημένοι
1832 2524 1926 2578 καὶ

353 2591 648 2648 ἀπόστολοι
694 2595 790 2650 τοῦ
838 2598 1047 2670 κυρίου
1104 2601 1316 2674 Ἰησοῦ,
1339 2605 1412 2684 ὀί
1456 2606 1555 2679 τὴν
1600 2591 1926 2684 οἰκουμένην

353 2687 540 2741 πᾶσαν
583 2690 951 2760 φωτίσαντες,
993 2693 1104 2748 nos
1153 2697 1248 2751 καὶ
1287 2678 1369 2762 είς
1406 2678 1520 2772 τὴν
1547 2700 1736 2756 δοῦλον
1759 2678 1927 2774 *ὑμιῦν

357 2777 706 2858 σμικρότητα
767 2782 1142 2852 παρεγένεσθε
1197 2786 1295 2842 τοῦ
1353 2789 1636 2861 ίατρεῦσαί
1697 2811 1800 2866 μου
1867 2796 1929 2849 τὸ

354 2865 580 2960 τραῦμα
620 2869 722 2940 τῆς
780 2871 989 2945 ψυχῆς,
1041 2879 1091 2930 οἱ
1137 2877 1216 2949 τῷ
1262 2865 1929 2960 φοϐερῷνρπαριστάμενοι

359 2954 558 3028 θρόνῳ.
589 2961 772 3016 Ταῦτα
808 2963 872 3050 δὲ.
903 2967 1083 3022 αὐτῶν
1116 2966 1398 3038 είπόντων,
1428 2954 1522 3029 καὶ
1547 2954 1928 3049 ἀσπασάμενοι

362 3051 548 3116 αὐτὸν,
580 3053 800 3124 ἀφανεῖς
825 3059 1102 3127 ἐγένοντο*
1130 3062 1470 3136 διερχόμενοι
1495 3066 1552 3122 δὲ
1589 3071 1638 3122 oi
1665 3070 1812 3140 ἅγιοι
1835 3071 1930 3126 λύ-

2035 599 2256 642 curaret
2285 596 2340 642 et
2363 586 2834 656 precibus,-quam
2867 583 3166 654 rejiciendo
3205 582 3274 636 ad
3305 583 3606 652 desperan-

2031 679 2161 732 dum
2199 678 2506 748 impelleret
2531 679 2680 750 (75)!
2709 676 3008 748 prmsertim
3053 691 3178 732 cum
3225 689 3404 742 neque
3434 673 3603 728 inter-

2033 770 2242 838 rOgatit
2269 780 2628 839 quemquam,
2671 785 2848 838 neque
2884 781 3078 824 verum
3111 776 3366 821 accurate
3399 780 3608 834 eogno~

2030 859 2174 912 verit
2220 859 2560 914 ditliceritve.
2615 856 2873 913 Sedenim
2917 857 3000 914 ira
3060 855 3363 925 prudentes
3439 852 3608 906 etiam

2030 950 2249 1018 perimit
2280 969 2294 1005 :
2320 959 2650 1020 tantumque
2683 951 2738 1004 in
2763 954 2847 1004 eo
2885 945 3313 1020 perturbationis
3351 945 3420 1000 ab
3449 944 3610 1000 hoste

2030 1041 2174 1096 malo
2201 1053 2256 1096 et
2285 1041 2558 1096 malorum
2591 1049 2818 1096 auctore
2853 1039 3151 1094 excitatum
3179 1047 3282 1093 est.

2099 1131 2282 1188 LXIII.
2324 1133 2460 1188 Cum
2499 1133 2711 1194 vetojn
2751 1146 2972 1186 carcere
2998 1139 3146 1186 esset
3173 1129 3367 1184 beatus
3400 1127 3608 1196 Grego-

2029 1224 2168 1290 rius,
2203 1240 2268 1280 ac
2293 1224 2468 1280 ferrea
2509 1225 2843 1280 constrictus
2878 1224 3160 1294 compede,
3196 1220 3616 1292 precationibus.

2028 1330 2252 1385 operam
2288 1315 2464 1378 daret,
2514 1315 2694 1370 media
2741 1326 2902 1372 nocte
2941 1314 3032 1368 lux
3087 1328 3280 1383 magna
3328 1327 3605 1367 carcerem

2030 1417 2204 1462 totum
2237 1407 2536 1462 illustravit
2573 1429 2585 1462 :
2613 1421 2680 1462 ac
2711 1407 2816 1464 viri
2847 1408 2956 1461 duo
2986 1405 3206 1461 verendi
3241 1404 3432 1465 habitu
3469 1418 3618 1472 apo-

2029 1503 2224 1558 stolico
2253 1512 2380 1558 ante
2427 1519 2554 1557 eum
2596 1502 2984 1569 constiterunt,
3014 1501 3106 1572 qui
3151 1515 3276 1555 eum
3324 1497 3604 1568 appellan-

2030 1604 2112 1650 tes
2145 1615 2159 1651 :
2185 1595 2368 1662 Salve,
2396 1597 2608 1660 dixere,
2635 1595 2865 1666 Gregori
2899 1611 3055 1650 serve
3077 1593 3304 1656 Christi,
3337 1591 3608 1660 nobisque

2029 1689 2357 1745 charissime
2401 1706 2414 1742 :
2463 1687 2722 1743 Christus
2771 1702 2874 1741 nos
2914 1686 3101 1750 misit,
3157 1693 3218 1738 ut
3275 1693 3328 1737 te
3370 1681 3627 1736 vinculis

2029 1782 2384 1854 solverentus,
2415 1779 2620 1850 quibus
2645 1789 2698 1834 te
2727 1777 2972 1848 pontifex
3002 1777 3281 1832 maximus
3309 1775 3608 1830 immeren—

2027 1883 2135 1930 tem
2173 1873 2380 1928 addixit
2408 1891 2422 1927 :
2450 1872 2700 1929 laetamur
2727 1871 3012 1926 enimvero
3035 1869 3106 1923 ob
3161 1865 3529 1922 constantiam
3553 1873 3610 1918 et

2027 1966 2344 2038 patientiam
2379 1975 2557 2031 tuam,
2595 1963 2814 2034 tibique
2835 1961 3201 2034 gratulamur,
3233 1957 3377 2028 quod
3417 1957 3474 2012 in
3507 1957 3632 2009 hac.

2028 2073 2247 2128 quoque
2288 2057 2423 2112 urbe
2462 2056 2642 2112 sancti
2685 2053 2927 2125 Spiritus
2955 2051 3128 2122 gratia
3155 2048 3406 2121 prodigia
3435 2061 3531 2116 per
3557 2053 3610 2098 te

2029 2149 2202 2204 multa
2235 2149 2387 2203 Iient.
2429 2145 2571 2201 Tum
2595 2144 2818 2201 vincula
2853 2139 3326 2214 apprehendentes
3357 2153 3388 2192 e
3429 2135 3608 2190 mani—

2029 2241 2134 2296 bus
2180 2240 2303 2310 ejus
2348 2253 2415 2294 ac
2460 2237 2692 2308 pedibus
2737 2235 3116 2290 detraxerunt.
3165 2229 3258 2286 Ille
3305 2243 3430 2284 eum
3483 2241 3610 2280 sur-

2029 2333 2286 2396 rexisset,
2327 2330 2395 2385 ad
2439 2344 2630 2384 eorum
2665 2325 2902 2400 procidit
2931 2324 3117 2394 pedes,
3153 2322 3360 2390 hosque
3400 2317 3609 2373 oscula-

2034 2433 2122 2480 tus
2155 2439 2170 2476 :
2198 2421 2440 2486 Gratias,
2491 2421 2691 2492 inquit,
2731 2434 2834 2491 ago
2877 2417 2988 2472 Deo
3042 2429 3139 2484 per
3167 2428 3288 2477 vos,
3337 2425 3370 2465 σ
3409 2409 3610 2472 sancti,

2033 2529 2067 2571 o
2101 2512 2484 2570 Domini'iesu
2510 2526 2640 2568 vere
2665 2509 2849 2567 dilecti
2882 2505 3142 2578 apostoli,
3173 2506 3270 2574 qui
3303 2511 3476 2556 totum
3503 2509 3608 2554 ter-

2033 2621 2221 2662 rarum
2277 2585 2468 2660 orbem
2526 2604 2651 2681 luce
2708 2609 2894 2657 vestra
2947 2596 3271 2668 implevistis
3324 2613 3337 2648 :
3381 2608 3508 2648 erce
3557 2604 3625 2644 et.

2032 2702 2290 2772 exiguum
2322 2699 2472 2754 hunc
2497 2710 2722 2753 servum
2763 2702 3006 2750 vestrum
3039 2689 3320 2774 miserati,
3339 2687 3409 2742 ad
3429 2685 3599 2740 animi

2033 2793 2159 2864 ejus
2195 2791 2399 2847 vulnus
2445 2788 2752 2850 sanandum
2795 2785 3024 2852 adestis,
3073 2798 3194 2848 vos,
3229 2780 3322 2853 qui
3373 2777 3631 2832 verendo.

2037 2882 2350 2954 insignique
2390 2881 2592 2936 throno
2636 2877 2860 2935 sedetis.
2901 2878 3033 2934 Post
3065 2889 3208 2945 qum,
3245 2871 3422 2927 salute
3451 2870 3614 2923 beato

2037 2977 2156 3032 viro
2181 2975 2348 3041 dicta,
2380 2981 2743 3037 evanuerunt,
2769 2982 2935 3042 atque
2965 2970 3030 3026 ad
3058 2966 3400 3034 Platonicum
3431 2962 3614 3030 diver-

2039 3077 2260 3134 tentes,
2301 3067 2482 3148 ipsum
2533 3076 2753 3135 quoque
2799 3063 3141 3124 solverunt,.
3169 3058 3536 3124 eductumque
3579 3067 3612 3104 e

363 3159 561 3247 σαντες
595 3145 801 3247 καὶτὸν
834 3151 1201 3223 Πλατωνικὸν,
1235 3157 1328 3212 καὶ
1363 3159 1688 3225 ἐκϐαλόντες
1711 3163 1771 3216 ὲν
1795 3157 1840 3233 ᾧ
1862 3159 1932 3238 ἦν

2036 3161 2178 3227 loco,
2228 3159 2322 3216 ubi
2367 3145 2614 3216 inclusus
2663 3165 2806 3222 erat,
2847 3170 2958 3210 non
3005 3161 3132 3208 ante
3179 3147 3410 3220 digressi
3459 3153 3614 3210 sunt,
3659 3157 3663 3161 ·

359 3233 515 3307 τόπῳ
545 3238 953 3313 κεκλεισμένος,
985 3246 1356 3318 ὀδηγὴσαντες
1393 3251 1555 3307 αὐτὸν
1587 3253 1692 3320 ἕως
1716 3249 1778 3310 οῦ
1806 3233 1934 3328 ﬁve

363 3330 638 3410 μακάριος
671 3332 978 3408 Γρηγόριος
999 3377 1016 3404 ,
1054 3338 1296 3412 ἀπῆλθον
1339 3343 1654 3410 ἀπ’,αὐτοῦ.
1694 3347 1852 3404 Ἰδὼν
1875 3349 1936 3406 δὲ

360 3420 526 3512 αὑτὸν
547 3424 966 3512 ὀᾲγῌλατωνικὺς,
995 3430 1137 3486 πάνυ
1163 3433 1563 3508 εὐχαρίστησεν
1587 3438 1666 3511 τῷ
1687 3439 1828 3512 Θεῷ.

433 3511 549 3571 san
567 3509 678 3570 Ἦν
695 3516 803 3605 διὸ
829 3512 1174 3592 δεσμοφύλαξ
1202 3524 1340 3597 ἔχων
1359 3528 1472 3583 υεδν
1503 3509 1936 3605 emineant»

364 3601 561 3695 είκοσι,
605 3605 666 3669 ὃς
710 3603 860 3678 εἶχεν
896 3611 1114 3683 πνεῦμα
1159 3613 1400 3684 χαλεπὸν
1443 3603 1682 3690 σφόδρα,
1729 3601 1826 3677 καὶ
1867 3620 1936 3695 ἦν

363 3693 728 3766 ἐλαυνόμενος
762 3699 866 3754 ὑπὸ
899 3701 994 3756 τοῦ
1021 3703 1309 3780 δαίμονος,
1337 3707 1434 3762 καὶ
1473 3709 1744 3780 μηδέποτε
1772 3693 1936 3769 δυνά-

370 3800 533 3853 μενος
580 3787 924 3861 κρατηθῆναι
970 3791 1076 3847 ὑπό
1117 3811 1282 3858 τινος.
1331 3796 1793 3872 Κατασυγκυρίαν
1843 3799 1935 3858 οὖν

368 3877 514 3932 κατὰ
544 3879 748 3946 ταύτας
781 3883 882 3947 τὰς
917 3884 1132 3958 ἡμέρας
1157 3881 1226 3959 ἦν
1264 3887 1427 3944 αὐτὸν
1458 3893 1742 3964 κρατήσας
1771 3897 1802 3949 ὁ
1827 3913 1936 3955 πα-

365 3965 473 4039 τὴρ
499 3969 704 4036 αὑτοῦ,
743 3975 840 4028 καὶ
867 3973 1171 4048 δεσμεύσας
1209 3978 1434 4034 ἁλύσεσι
1469 3983 1570 4046 τὰς
1614 3987 1806 4056 χεῖρας
1843 3987 1938 4042 καὶ

365 4059 498 4124 τοὺς
523 4061 689 4126 πόδας
713 4065 922 4120 καὶτὸν
939 4067 1208 4140 τράχηλον
1230 4071 1288 4124 ὲν
1309 4070 1448 4126 κίονι
1473 4073 1590 4127 ὄντι
1619 4077 1679 4129 ὲν
1703 4076 1782 4148 τῷ
1804 4078 1938 4150 οίκῳ

367 4149 556 4207 αὐτοῦ.
591 4154 700 4209 Καὶ
731 4159 796 4228 τῇ
827 4159 982 4212 νυκτὶ
1011 4159 1198 4232 ἐκείνῃ
1223 4160 1520 4234 διαρρήξας
1559 4167 1590 4219 ὁ
1623 4165 1832 4238 δαίμων
1869 4149 1939 4222 τά

367 4238 546 4312 δεσμὰ
573 4243 668 4298 τοῦ
693 4245 904 4313 παιδὸς,
934 4249 1030 4305 καὶ
1063 4247 1341 4318 βαστάσας
1367 4253 1532 4308 αὑτὸν
1562 4257 1590 4308 ὁ
1612 4255 1821 4325 δαίμων
1855 4257 1940 4322 εἰς

369 4333 464 4388 τὸν
519 4335 656 4405 ἀέρα
705 4341 1080 4413 προσέρρηξεν
1125 4343 1289 4398 αὑτὸν
1326 4347 1407 4410 είς
1449 4345 1575 4411 τοὺς
1622 4347 1791 4412 πόδας
1842 4348 1938 4404 τοῦ

374 4429 648 4498 μακαρίου
700 4431 760 4484 ἐν
801 4434 868 4504 τῇ
927 4432 1174 4505 φυλακῇ,
1224 4435 1352 4490 ἔνθα
1397 4437 1631 4510 ἕστηκεν
1680 4438 1937 4509 ψάλλων,

2037 3269 2205 3326 quam
2237 3253 2306 3311 ad
2329 3252 2514 3309 locum
2543 3249 2926 3313 deduxissent,
2967 3247 3058 3302 ubi
3084 3246 3281 3301 beatus
3309 3237 3610 3308 Gregorius

2038 3345 2380 3404 versabatur.
2426 3345 2602 3412 Quem
2647 3351 2708 3397 ut
2757 3338 3076 3395 Platonicus
3119 3335 3353 3406 aspexit,
3405 3329 3611 3399 gratias

2039 3439 2152 3494 Deo
2183 3453 2327 3508 quas
2360 3433 2538 3506 potuit
2574 3433 2844 3488 maximas
2880 3429 3136 3488 reddidit.

2107 3527 2294 3585 LXIV.
2335 3527 2582 3584 Habebat
2605 3543 2736 3582 vero
2775 3525 3016 3582 carceris
3046 3533 3234 3577 custos
3277 3519 3448 3573 [illum
3487 3515 3645 3570 ttni-.

2037 3635 2230 3690 genam
2268 3633 2540 3674 annorum
2577 3614 3071 3688 viginti,.pessimo
3124 3628 3155 3665 a
3202 3609 3397 3680 spiritu
3447 3622 3619 3660 vexa--

2041 3719 2176 3774 tum,
2206 3721 2367 3778 quem
2392 3707 2607 3760 daemon
2639 3714 2790 3760 tanta
2819 3704 2872 3758 vi
2903 3701 3162 3774 agitabat,
3196 3710 3255 3754 ut
3285 3713 3412 3752 cutn
3449 3710 3612 3748 nemo

2037 3813 2293 3854 coercere
2338 3811 2585 3867 unquam
2628 3805 2835 3866 posset.
2881 3793 3154 3848 Caeterum
3207 3807 3304 3860 per
3356 3803 3454 3844 eos
3493 3787 3612 3842 dies

2037 3899 2192 3960 pater
2221 3889 2341 3958 ejus
2371 3887 2514 3944 forte
2535 3885 2988 3958 apprehenderat,
3021 3895 3076 3939 ct
3115 3882 3370 3938 manibus
3399 3879 3518 3950 ejus
3548 3892 3646 3936 ac.

2003 3981 2271 4052 .pedibtts
2317 3991 2482 4050 atque
2522 3979 2666 4034 collo
2707 3986 2898 4034 catena
2943 3975 3280 4038 constrictis,
3319 3971 3611 4033 columnae,

2039 4089 2160 4149 qua:
2187 4071 2336 4129 domi
2359 4081 2498 4139 erat,
2525 4073 2800 4143 alligaret.
2827 4072 2897 4124 At
2915 4077 3077 4124 nocte
3105 4068 3194 4122 illa
3221 4067 3460 4128 daemon,
3484 4077 3642 4118 cum-

2039 4164 2196 4236 pueri
2227 4165 2446 4220 vincula
2478 4163 2830 4235 dim-egisset,
2875 4157 3240 4216 sublatum~in
3279 4173 3460 4212 aerem
3486 4165 3613 4210 ante

2042 4259 2209 4330 pedes
2233 4258 2378 4316 beati
2406 4259 2512 4314 viri
2537 4257 2835 4330 prostravit
2865 4255 2919 4310 in
2947 4255 3067 4324 ipso
3094 4267 3336 4317 cat-cete,
3371 4249 3625 4304 ubitam.

2040 4348 2288 4419 psalmos
2317 4348 2572 4416 canebat,
2617 4363 2725 4414 quo
2767 4360 2966 4414 netnpc
2994 4343 3150 4398 illum
3197 4349 3473 4404 attereret,
3505 4348 3612 4392 ctu

2039 4437 2297 4510 precibus
2343 4446 2644 4494 revocaret.
2695 4434 2838 4490 Puer
2869 4448 3001 4490 vero
3051 4429 3506 4502 provolvehatur,
3559 4438 3648 4482 et.

372 4518 697 4610 βουλόμενος
721 4521 883 4576 αὐτὸν
912 4525 1275 4610 προστρῖψαι,
1306 4528 1400 4582 καὶ
1430 4529 1803 4601 άποσχολῆσαι
1839 4531 1933 4588 αὺ-

2045 4545 2270 4602 spumas
2304 4529 2577 4584 vomebat.
2622 4526 2762 4582 Tum
2813 4535 3039 4581 sanctus
3083 4523 3168 4578 vir
3197 4521 3334 4593 (74),
3384 4518 3614 4577 sublatis

370 4609 465 4662 τὸν
521 4608 624 4678 τῆς
688 4611 856 4682 εὐχῆς
883 4628 899 4644 ο
963 4615 1058 4668 καὶ
1119 4608 1368 4670 ἐκυλίετο
1425 4617 1693 4689 ἀφρίζων.
1756 4621 1817 4674 '0
1883 4621 1942 4674 δὲ

372 4699 530 4770 ἆγιος
570 4703 664 4756 καὶ
708 4705 982 4776 μακάριος
1017 4707 1100 4770 είς
1133 4707 1229 4762 τὸν
1264 4709 1492 4780 οὐρανὸν
1533 4711 1672 4781 ἄρας
1704 4711 1802 4776 τὰς
1831 4715 1944 4784 χεῖ-

377 4809 476 4862 ρας
515 4793 682 4848 αὐτοῦ
721 4791 875 4850 εἷπεν
899 4815 914 4831 -
961 4796 1161 4871 Κύριε,
1199 4799 1228 4852 δ
1273 4799 1404 4865 Θεδς
1441 4801 1538 4856 τοῦ
1577 4803 1810 4873 οὐρανοῦ
1849 4805 1944 4859 καὶ

371 4883 473 4956 τῆς
507 4885 612 4956 γῆς
641 4887 738 4940 καὶ
781 4889 962 4961 πάσης
1005 4887 1106 4960 τῆς
1139 4891 1368 4956 κτίσεως
1393 4933 1410 4959 ,
1459 4893 1611 4948 ἴασαι
1636 4893 1728 4948 τὸν
1753 4894 1940 4964 δοῦλόν

373 4991 472 5030 σου
495 4975 684 5032 τοῦτον
709 4977 808 5034 διὰ-
819 4977 923 5052 τῆς
947 4981 1058 5036 τῶν
1081 4981 1254 5052 ἁγίων
1293 4999 1389 5039 σου
1441 4983 1762 5041 άποστόλων
1800 5002 1944 5056 παρ-

371 5070 587 5134 ουσίας.
622 5067 754 5125 Εἶτα
776 5070 926 5142 λέγει
955 5072 1032 5144 τῷ
1053 5073 1270 5144 δαίμονι
1289 5091 1304 5108 ’
1335 5075 1459 5128 Ἐπὶ
1487 5074 1568 5147 τῷ
1597 5077 1825 5148 ὀνόματι
1848 5074 1944 5130 τοῦ

373 5162 584 5233 Κυρίου
625 5163 782 5234 ἡμῶν
833 5165 1006 5238 Ἰησοῦ
1048 5165 1288 5238 Χριστοῦ
1322 5165 1528 5232 ἔξελθε,
1563 5167 1782 5240 πνεῦμα
1805 5168 1944 5222 ἀκά-

375 5254 598 5324 θαρτον,
617 5255 725 5309 ἀπὸ
753 5255 848 5310 τοῦ
878 5257 1200 5328 πλάσματος
1235 5256 1332 5311 τοῦ
1373 5257 1532 5314 Θεοῦ.
1561 5259 1672 5312 Καὶ
1698 5259 1838 5330 αὐτῇ
1874 5263 1940 5330 τῇ

373 5343 496 5416 ὥρᾳ
527 5345 753 5416 ἐξῆλθεν
782 5347 892 5402 ἀπὸ
917 5347 1014 5403 τοῦ
1043 5349 1334 5420 παιδαρίου
1359 5350 1390 5402 ὁ
1415 5349 1648 5420 δαίμων,
1672 5352 1767 5404 καὶ
1791 5351 1946 5420 ἐμει-

373 5453 468 5490 νεν
501 5437 578 5498 ὡς
605 5437 820 5508 νεκρός.
856 5438 968 5492 Καὶ
992 5439 1277 5510 κρατήσας
1303 5439 1467 5494 αὑτὸν
1493 5440 1592 5511 τῆς
1622 5439 1803 5506 δεξιᾶς
1833 5459 1947 5511 χει-

379 5529 473 5601 ρδς
497 5569 512 5594 ,
547 5531 771 5600 ἦγειρεν
799 5531 993 5598 αὑτὸν,
1030 5531 1204 5601 λέγων
1225 5548 1237 5560 ·
1279 5531 1511 5586 ’Λνάστα
1530 5569 1546 5596 ,
1586 5530 1778 5586 τέκνον
1799 5571 1814 5597 ,
1855 5535 1946 5586 καὶ

378 5763 384 5770 ,
451 5706 564 5773 (7⁸5)
606 5707 740 5760 Cni.
775 5705 947 5762 V'atic.
979 5707 1068 5760 καὶ
1101 5707 1334 5777 μάλιστα
1367 5705 1491 5768 τοὺς
1529 5705 1948 5777 -ἁμαρτάνονταξ

368 5781 454 5836 διὰ
500 5777 804 5848 προσςυχῆς
843 5794 900 5830 τε
943 5777 1036 5830 καὶ
1081 5773 1474 5849 παρακλήσεως
1523 5773 1865 5847 θεραπεύειν,
1914 5773 1946 5842 ἦ

2044 4621 2113 4678 ad
2143 4622 2342 4678 etrdum
2375 4619 2628 4676 manibus
2660 4636 2675 4674 ι
2712 4617 2965 4683 Domine,
2985 4617 3185 4687 inquit,
3227 4615 3370 4670 Deus
3403 4611 3529 4668 εωΙὶ
3563 4621 3618 4662 et

2043 4725 2204 4770 terra:
2249 4727 2312 4766 ac
2369 4726 2552 4766 rerum
2607 4709 2878 4773 omnium,
2929 4709 3000 4764 ob
3051 4718 3277 4764 sanctos
3323 4714 3468 4770 tuos,
3523 4703 3621 4772 qui

2045 4803 2207 4858 modo
2269 4802 2406 4858 mihi
2465 4800 2804 4868 adfuerunt,
2866 4799 3146 4869 apostolos
3198 4812 3420 4854 servum
3471 4795 3618 4850 hunc

2048 4905 2198 4950 tuum
2231 4904 2448 4949 sanato.
2483 4891 2698 4966 [ικκιιι]
2735 4891 2940 4947 Deinde
2966 4889 3204 4946 dannoni
3230 4889 3310 4944 sic
3343 4888 3577 4956 imperat
3607 4927 3617 4939 .

2047 4983 2104 5038 In
2139 4983 2359 5040 nomine
2383 4982 2597 5038 Domini
2616 4981 2790 5038 nostri
2813 4979 2943 5037 Jesu
2967 4980 3172 5036 Christi
3199 4979 3310 5040 cxi,
3341 4978 3619 5030 intntunJe
3705 4989 3710 4994 '

2047 5077 2295 5147 Spiritus,
2327 5091 2358 5130 e
2389 5076 2646 5147 ﬁgmento
2677 5073 2796 5130 Dei.
2828 5074 2907 5129 Ac
2931 5073 3116 5136 subito
3142 5086 3370 5144 puerum
3407 5069 3639 5124 daemon.

2048 5167 2307 5238 reliquit:
2337 5184 2500 5238 quem
2537 5167 2732 5222 beatus
2759 5165 2862 5232 vir,
2905 5181 3027 5220 cum
3068 5175 3326 5233 tanquam
3373 5170 3620 5214 mortuus

2046 5262 2288 5330 iaceret,
2337 5259 2528 5314 dextra
2582 5259 2700 5328 ejus
2741 5257 3116 5326 apprehensa,
3161 5253 3463 5318 excitavit,
3519 5270 3618 5316 ac,
3685 5246 3690 5252 ’

2049 5351 2244 5422 Surge,
2274 5351 2451 5413 .dixit,
2486 5350 2586 5416 lili,
2635 5359 2689 5428 et
2727 5348 2838 5404 Deo
2890 5348 3152 5403 honorem
3197 5346 3382 5410 redde,
3429 5344 3524 5413 qui
3571 5351 3619 5396 te

2049 5443 2308 5514 respexit.
2347 5440 2559 5498 Interea
2591 5453 2744 5510 pater
2775 5440 3152 5516 adolescentis
3176 5453 3302 5492 cum
3339 5434 3626 5492 sttrrexis‘

2051 5546 2154 5602 set,
2181 5551 2306 5592 ~nec
2357 5535 2528 5589 lilium
2569 5532 2864 5604 quaerequ
2917 5531 3227 5592 invenisset,
3281 5527 3478 5581 faciem
3515 5525 3617 5580 sibi

2053 5708 2128 5770 εἰς
2155 5706 2466 5773 ἀπόγνωσιν
2497 5703 2805 5773 ἐμϐάλλειν.

2125 5777 2236 5848 (7t)
2273 5765 2404 5833 Cod.
2437 5775 2491 5842 ‘2,
2529 5765 2594 5828 ’Ὁ
2635 5773 2687 5826 ὁὶ
2718 5771 2870 5840 ἅγιος
2901 5767 2989 5821 τοῦ
3025 5765 3160 5820 θεοῦ
3198 5779 3288 5820 και
3331 5765 3615 5835 (tamen);
