4104 6262
501 314 604 376 663

1484 335 1542 392 S.
1585 335 1973 420 GREGORII.
1997 341 2505 405 AGRIGENTINI
2544 345 2744 410 VITA.
3629 346 3733 414 664

500 426 730 482 tundere
755 437 808 481 et
833 428 1072 487 clamare
1098 435 1266 505 coepit
1299 456 1310 490 :
1346 435 1458 493 lleu
1495 455 1580 495 me
1606 441 1901 498 miserum!
1932 448 2060 516 quid

2166 449 2253 513 δὸς
2273 450 2430 518 δόξαν
2456 451 2534 521 τῷ
2561 451 2680 522 Θεῷ
2703 450 2781 521 τῷ
2804 451 3232 525 ἐπισκεψαμένῳ
3249 443 3348 512 ,σεξ
3389 454 3650 521 Ἀναστὰς
3671 457 3734 514 δὲ

495 515 566 569 de
604 515 716 570 tilio
746 532 868 573 meo
893 518 1098 576 factum
1129 525 1250 579 est?
1289 524 1528 583 Omnino
1559 545 1685 585 eum
1721 515 2060 594 daemonivcl

495 605 552 659 in
596 621 838 678 praeceps
895 613 982 666 vel
1028 615 1084 668 in
1117 629 1317 686 aquam
1370 630 1553 674 actum
1603 626 1851 679 enecavit
1884 643 1898 680 :
1933 629 2062 698 quid

494 699 798 766 putandum
853 703 948 770 sit,
991 707 1196 761 nescio.
1231 707 1356 764 llaec
1401 711 1532 766 dum
1573 713 1780 770 diceret
1825 721 2062 776 carceris

493 800 706 856 custos,
748 795 926 850 oculis
978 799 1317 857 circumlatis
1366 803 1511 860 fores
1559 809 1794 865 carceris
1843 820 2062 880 apertas

493 881 662 949 videt,
700 901 1065 958 magnamque
1105 892 1158 945 in
1195 908 1260 948 eo
1292 894 1466 950 lucem
1514 899 1801 968 splendere
1831 920 1844 956 :
1876 903 2062 974 itaque

493 973 782 1032 lamentari
811 994 1053 1046 rursum,
1107 999 1172 1039 ac
1202 1001 1262 1040 se
1294 987 1554 1042 miserum
1599 991 1786 1046 dicere
1811 973 2064 1063 paruam-3

489 1083 598 1137 que
634 1079 896 1128 metuere.
947 1073 1083 1128 Nam
1118 1092 1227 1146 quo
1274 1094 1361 1132 me
1397 1089 1578 1149 pacto,
1631 1083 1831 1150 aiebat,
1874 1087 2061 1142 defen-

489 1163 636 1222 dam,
669 1159 790 1230 ejus
825 1163 1063 1219 hominis
1093 1182 1282 1234 causa,
1317 1185 1475 1239 quem
1500 1172 1610 1227 illic
1637 1175 1926 1230 habebam.
1952 1177 2058 1232 Sed

487 1265 612 1306 cum
647 1267 708 1308 se
755 1253 1094 1322 inclinasset,
1143 1270 1392 1315 sanctum
1423 1263 1599 1317 virum
1641 1274 1876 1320 stantem
1926 1267 2060 1323 vidit

487 1353 542 1399 et
572 1345 814 1416 psalmos
853 1359 1166 1415 canentem,
1211 1367 1448 1423 cumque
1487 1370 1552 1409 eo
1593 1357 1766 1411 lilium
1802 1375 1964 1414 suum
2005 1368 2058 1415 et

483 1433 826 1492 Platonicum
871 1457 882 1492 :
920 1438 1048 1494 nam
1099 1449 1151 1494 et
1193 1458 1326 1511 puer
1377 1444 1468 1498 ille
1515 1446 1722 1502 litteras
1768 1449 2056 1514 didicerat,

483 1526 592 1582 nisi
619 1531 766 1598 quod
805 1546 980 1588 annos
1015 1549 1110 1588 sex
1154 1533 1208 1588 in
1240 1535 1511 1592 daemonis
1551 1541 1829 1610 mancipio
1859 1540 2055 1598 fuerat.

482 1617 658 1673 Porro
695 1623 936 1677 carceris
983 1632 1170 1680 custos
1219 1625 1389 1682 lilium
1427 1627 1660 1685 intuitus
1712 1631 1957 1701 agnovit,
1993 1648 2058 1688 ac

480 1709 683 1779 raptim
728 1711 782 1765 iu
817 1727 1090 1770 carcerem
1121 1717 1421 1787 ingressus,
1453 1721 1520 1775 ad
1557 1721 1724 1790 pedes
1753 1723 1896 1777 beati
1927 1721 2059 1778 Gre-

482 1803 624 1871 gorii
654 1805 910 1872 procidit,
958 1808 1038 1862 sic
1073 1823 1200 1862 cum
1234 1811 1424 1866 multis
1455 1827 1580 1867 cum
1605 1813 1865 1885 laerymis
1911 1816 2053 1870 allo-
2090 1799 2131 1852 Β

480 1909 656 1963 quens
693 1914 706 1950 :
735 1895 991 1952 Misereat
1017 1909 1068 1953 te
1099 1901 1229 1966 mei,
1259 1917 1291 1956 ο
1323 1899 1418 1957 Dei
1444 1915 1622 1968 serve,
1663 1913 1720 1960 et
1750 1920 1872 1976 quae
1913 1906 1967 1960 in
1999 1915 2052 1962 te

479 1985 701 2050 admisi,
733 1989 948 2044 remitte
983 1991 1138 2054 mihi;
1167 1993 1370 2063 quippe
1407 1995 1500 2064 qui
1546 1996 1800 2052 manibus
1838 1998 1976 2053 meis
2001 2006 2054 2052 te

479 2081 720 2138 vinculis
751 2083 1053 2155 astringere
1093 2101 1262 2141 ausus
1293 2087 1422 2142 sim.-
1457 2087 1596 2143 Vere
1625 2089 1795 2154 enim,
1831 2089 2073 2144 domine

477 2173 575 2237 mi,
623 2183 680 2227 tu
727 2173 822 2228 Dei
871 2184 1016 2230 totus
1061 2191 1142 2230 es.
1194 2175 1372 2246 Atque
1408 2177 1478 2232 ab
1515 2192 1580 2232 eo
1609 2179 1699 2233 die
1734 2178 1896 2234 beato
1932 2179 2052 2234 viro

477 2255 796 2320 ministrare
822 2266 1004 2335 coapit,
1047 2267 1206 2337 eique
1237 2268 1472 2323 interdiu
1518 2279 1794 2340 noctuque
1816 2269 2049 2325 astabat.

2166 541 2194 593 6
2227 543 2412 612 πατὴρ
2451 542 2544 596 τοῦ
2571 543 2855 596 νεανίσκου
2883 581 2898 606 ,
2943 544 3184 612 ζητήσας
3215 545 3378 599 αὐτὸν
3412 546 3506 599 καὶ
3533 547 3608 617 μὴ
3637 551 3730 600 εὑ-

2169 630 2298 700 ρὼν,
2331 631 2533 704 ἤρξατο
2557 633 2620 685 τὸ
2653 633 2942 704 πρόσωπον
2970 634 3134 688 αὐτοῦ
3161 635 3386 689 τύπτειν
3411 638 3506 690 καὶ
3529 637 3730 706 λέγειν·

2165 723 2325 790 Οἴμοι
2349 722 2426 792 τῷ
2453 722 2620 794 ἀθλίῳ
2637 764 2652 788 ,
2683 725 2737 776 τί
2776 724 2999 792 γέγονεν
3025 725 3085 777 τὸ
3109 724 3296 780 τέκνον
3331 743 3479 797 μου;
3516 728 3734 792 πάντως

2163 815 2192 866 ὁ
2221 814 2428 885 δαίμων
2455 815 2615 868 αὑτὸν
2644 815 2938 881 ἀπέπνιξεν
2973 815 3005 887 ἢ
3033 817 3091 868 ὲν
3129 817 3359 886 κρημνῷ
3395 817 3428 888 ἢ
3463 819 3522 872 ἐν
3553 817 3730 884 ὕδατι,

2162 905 2224 956 τὸ
2253 905 2306 957 τί
2341 905 2663 974 λογίσασθαι
2695 906 2794 958 οὐκ
2833 902 2969 960 οἶδα.
2993 957 2996 960 .
3023 901 3158 959 Εἶτα
3187 907 3262 969 ὼς
3303 907 3478 961 ταῦτα
3519 907 3726 976 ἔλεγεν,

2163 995 2634 1066 περιϐλεψάμενος
2655 998 2683 1050 6
2715 995 3060 1068 δεσμοφύλαξ
3087 995 3284 1067 θεωρεῖ
3311 998 3409 1061 τὰς
3435 999 3605 1070 θύρας
3629 999 3728 1068 τῆς

2163 1087 2412 1157 φυλακῆς
2443 1086 2796 1158 ἀνεῳγμένας
2819 1128 2834 1152 ,
2883 1087 2978 1141 καὶ
3005 1087 3121 1156 φῶς
3151 1087 3294 1158 μέγα
3329 1090 3386 1142 ἐν
3417 1089 3494 1158 τῷ
3517 1090 3728 1160 δεσμω-

2161 1176 2359 1248 τηρίῳ,
2404 1177 2502 1230 καί⁹
2533 1176 2733 1248 ἤρξατο
2782 1177 3042 1249 κράζεινο
3093 1179 3229 1232 Οὐαί
3277 1195 3367 1248 μοι
3410 1179 3490 1248 τῷ
3533 1178 3764 1250 άθλίῳμ

2159 1267 2294 1338 τιμὴ
2347 1268 2444 1320 σὺν
2483 1267 2640 1337 ἐμοί’
2685 1267 2802 1330 πῶς
2838 1267 2870 1338 ἢ
2923 1268 2974 1320 τί
3018 1267 3428 1338 ἀπολογήσομαι
3479 1267 3605 1336 περί
3629 1265 3724 1318 τοῦ

2159 1357 2448 1428 ἀνθρώπου
2473 1357 2664 1410 τούτου
2687 1358 2780 1412 τοῦ
2821 1355 2976 1423 ὖντος
3001 1357 3182 1414 ἐνθάδε
3207 1377 3222 1426 ;
3261 1360 3368 1412 Καὶ
3393 1357 3723 1430 παρακύψας

2161 1447 2268 1502 ῐδεν
2300 1448 2394 1501 τὸν
2422 1446 2579 1516 ἅγιον
2607 1450 2876 1520 στήκοντα
2902 1450 2997 1502 καὶ
3022 1449 3314 1520 ψάλλοντα,
3351 1449 3444 1503 καὶ
3477 1450 3568 1503 τδν
3609 1448 3725 1502 υἱὸν

2160 1537 2327 1593 αὑτοῦ
2359 1539 2454 1592 σὺν
2481 1539 2629 1611 αὐτῷ
2654 1519 2750 1594 καὶ
2777 1541 2869 1594 τὸν
2898 1519 3266 1596 Πλατῶνικόν.
3291 1536 3400 1595 Ἦν
3433 1541 3538 1610 γάρ
3571 1541 3665 1594 καὶ
3695 1541 3725 1593 6

2159 1630 2272 1694 υίὸς
2287 1628 2452 1683 αὑτοῦ
2470 1629 2924 1700 πεπαιδευμένος·
2943 1631 3128 1703 ἓξγὰρ
3150 1631 3376 1702 χρόνους
3393 1627 3536 1700 εἶχεν
3561 1629 3723 1682 ἐλαυ-

2159 1720 2386 1790 νόμενος
2415 1721 2520 1774 ὑπὸ
2549 1719 2640 1774 τοῦ
2683 1721 2955 1792 δαίμονος.
2986 1721 3336 1792 Σκεψάμενος
3379 1721 3435 1774 δὲ
3469 1723 3498 1773 6
3525 1721 3727 1790 δεσμο-

2159 1810 2360 1880 φύλαξ,
2391 1810 2485 1865 καὶ
2513 1811 2790 1882 γνωρίσας
2817 1813 2909 1866 τὸν
2947 1813 3058 1866 υίδν
3085 1813 3273 1878 αὑτοῦ,
3315 1813 3592 1884 δρομαίως
3617 1814 3728 1863 εἰσ-

2159 1900 2330 1955 ελθὼν
2359 1903 2418 1954 ἐν
2446 1905 2513 1974 τῇ
2545 1901 2760 1973 φυλακῇ
2786 1944 2800 1970 ,
2845 1902 3042 1957 ἔπεσεν
3072 1905 3220 1976 παρὰ
3259 1906 3386 1968 τοὺς
3427 1904 3592 1967 πόδας
3628 1900 3724 1958 τοῦ

2159 1992 2430 2063 μακαρίου
2465 1993 2770 2064 Γρηγορίου
2791 2031 2807 2058 ,
2834 1994 3038 2049 κλαίων
3089 1997 3180 2048 καὶ
3215 1995 3424 2064 λέγων·
3469 1992 3725 2066 Ἐλέησόν
3809 2059 3819 2066 _

2157 2099 2248 2153 με,
2282 2083 2436 2137 δοῦλε
2465 2085 2560 2138 τοῦ
2586 2084 2742 2150 Θεοῦ,
2790 2087 2882 2138 καὶ
2923 2086 3278 2157 συγχώρησόν
3311 2103 3400 2157 μοι
3443 2085 3479 2139 ἃ
3510 2081 3728 2155 ἔπραξα

2155 2159 2325 2244 είςσὲ
2343 2194 2358 2209 ⁸
2383 2181 2478 2234 καὶ
2501 2179 2768 2234 ἐπέϐαλον
2798 2181 2888 2234 ἐπὶ
2917 2181 3045 2244 τοὺς
3078 2180 3310 2251 δεσμούς
3353 2198 3446 2234 σου
3485 2180 3582 2242 τὰς
3609 2181 3725 2250 κεῖ-

2157 2271 2258 2342 ράς
2291 2288 2414 2342 μου.
2457 2269 2702 2342 Ἀληθῶς
2728 2270 2861 2340 γὰρ,
2888 2269 3048 2341 κύριέ
3083 2289 3206 2341 μου,
3233 2270 3327 2326 τοῦ
3355 2270 3488 2323 Θεοῦ
3511 2268 3724 2340 ἄνθρω-

474 2374 579 2421 πος
603 2353 674 2412 εἴ.
709 2361 953 2413 Καὶ-άπὸ
993 2361 1094 2430 τῆς
1117 2361 1334 2432 ἡμέρας
1373 2363 1742 2434 ἐκείνης,καὶ
1785 2365 1872 2419 ἐπ’
1921 2365 2104 2420 ἐκεῖνα
2151 2361 2220 2436 ἦν
2276 2365 2634 2438 ἐξυπηρετῶν
2684 2365 2713 2418 6
2761 2365 3106 2436 δεσμοφύλαξ
3155 2365 3234 2436 τῷ
3285 2365 3573 2436 μακαρίῳ,
3628 2362 3726 2420 καὶ

473 2471 552 2506 πα
563 2459 848 2526 ραστήκων
879 2455 1028 2526 αὐτῷ
1052 2457 1270 2529 ἡμέρας
1295 2459 1389 2512 καὶ
1411 2460 1626 2530 νυκτός.

547 2541 706 2598 LXV.
745 2543 914 2600 Multo
963 2556 1084 2615 post
1127 2557 1374 2618 tempore
1421 2549 1586 2604 vidua
1640 2552 1928 2620 quaedam,
1977 2553 2052 2606 ad

474 2651 640 2704 quam
691 2638 1065 2709 prodigiorum
1115 2637 1260 2693 fama
1310 2651 1652 2709 pervenerat,
1706 2641 1774 2696 ad
1830 2643 2050 2697 beatum

472 2729 652 2782 virum
698 2729 752 2782 in
785 2743 1060 2795 carcerem
1089 2731 1260 2795 venit,
1307 2747 1543 2802 eumque
1580 2733 1715 2788 ﬂens
1749 2748 1943 2804 rogare
1971 2735 2051 2790 sic

473 2819 642 2888 cmpit
661 2835 680 2872 ι
706 2817 958 2876 Filiolam
989 2821 1185 2889 habeo,
1220 2838 1254 2876 ο
1283 2823 1378 2880 Dei
1405 2838 1583 2890 serve,
1614 2825 1928 2895 unigenam,
1955 2827 2050 2882 sed

475 2925 600 2980 quae
631 2911 857 2967 incurva
885 2923 989 2980 est,
1018 2924 1120 2971 nec
1143 2916 1339 2971 coelum
1371 2917 1654 2986 suspicere
1689 2919 1914 2971 omnino
1946 2928 2049 2987 po-

475 3013 604 3058 test.
641 3003 743 3060 Cui
775 3015 1000 3063 sanctus
1031 3009 1133 3074 vir,
1183 3007 1317 3072 lloc,
1383 3025 1418 3064 υ
1461 3011 1678 3078 mulier,
1711 3010 1922 3080 inquit,
1954 3010 2050 3066 Dei

2218 2547 2338 2604 EE'.
2364 2547 2520 2602 Μετὰ
2555 2548 2613 2601 δέ
2652 2549 2820 2602 πολὺν
2862 2549 3049 2620 χρόνον
3079 2547 3317 2610 ἀκούσας
3353 2562 3439 2608 τις
3474 2545 3616 2616 χήρα
3651 2539 3726 2594 τὰ

2153 2641 2377 2710 σημεῖα,
2412 2639 2448 2694 ἃ
2480 2639 2653 2692 ἐποίει
2701 2641 2730 2694 6
2775 2639 3066 2712 μακάριος,
3100 2639 3195 2694 καὶ
3236 2636 3518 2710 δραμοῦσα
3561 2639 3617 2718 ἐν
3653 2637 3722 2705 τῇ

2153 2729 2392 2802 φυλακῇ,
2435 2729 2733 2800 παρεκάλει
2767 2731 2857 2782 τὸν
2901 2730 3168 2801 μακάριον
3203 2729 3466 2782 κλαίουσα
3509 2726 3606 2780 καὶ
3634 2725 3724 2778 λέ-

2151 2836 2356 2888 γουσα·
2389 2819 2554 2874 Δοῦλε
2579 2817 2672 2874 τοῦ
2701 2818 2858 2883 Θεοῦ,
2890 2819 3181 2892 θυγάτριόν
3228 2825 3318 2889 μοι
3356 2817 3589 2886 ὑπάρχει
3612 2808 3723 2884 ’μο-
3752 2862 3760 2868 .

2153 2913 2388 2980 νογενές,
2428 2914 2523 2967 καὶ
2561 2912 2708 2966 ἐστιν
2753 2911 3142 2984 συγκύπτουσα
3181 2909 3288 2973 ἀεὶ,
3341 2907 3434 2962 καὶ
3481 2908 3556 2978 μὴ
3587 2907 3725 2960 ἀνα-

2151 3004 2384 3058 νεύουσα
2410 3003 2470 3058 τὸ
2503 3003 2740 3058 σῦνολον.
2786 3003 2846 3057 Ὁ
2873 3003 2930 3056 δέ
2965 3004 3118 3070 ἅγιος
3147 2999 3293 3068 λέγει
3325 3000 3460 3070 αὐτῇ
3483 3015 3496 3028 ·
3531 2995 3723 3058 Τοῦτο,

476 3094 648 3152 solius
672 3111 810 3167 opus
837 3107 942 3163 est,
981 3099 1076 3168 qui
1105 3100 1273 3154 verbo
1304 3100 1534 3155 sahitem
1583 3102 1715 3156 dare
1757 3108 1954 3172 potest,
1993 3109 2053 3156 ut

2159 3095 2334 3164 γύναι,
2381 3093 2476 3148 τοῦ
2521 3093 2657 3148 Θεοῦ
2703 3095 2866 3164 μόνου
2903 3093 3062 3165 ἔργον
3110 3093 3282 3156 ἐστὶν,
3325 3090 3404 3160 τῷ
3437 3089 3725 3159 δυναμένῳ

475 3199 532 3242 et
565 3188 694 3244 olim
726 3189 1004 3244 incurvam
1032 3192 1316 3246 mulierem
1340 3193 1532 3248 erexit.
1556 3191 1653 3248 Illa
1673 3207 1806 3249 vero
1828 3194 2049 3248 domum

475 3278 742 3348 profecta,
779 3279 943 3334 tiliam
986 3281 1052 3336 ad
1091 3283 1256 3352 pedes
1291 3285 1464 3338 sancti
1509 3284 1758 3354 Gregorii
1805 3285 2052 3352 adduxit,

477 3370 550 3424 ab
585 3386 764 3441 eoque
810 3375 1112 3440 contendit,
1157 3383 1215 3428 ut
1244 3390 1435 3445 preces
1477 3391 1579 3446 pro
1624 3376 1740 3446 ipsa
1774 3375 2050 3432 lunderet.

479 3462 744 3526 Quicum
808 3479 986 3534 genua
1037 3465 1299 3532 ﬂexisset,
1338 3467 1512 3524 Deum
1563 3468 1879 3538 supplicans
1935 3469 2051 3522 ait:

480 3553 714 3610 Domine
740 3554 885 3612 Deus
907 3557 1276 3630 omnipotens,
1307 3561 1403 3630 qui
1442 3560 1594 3616 solus
1641 3569 1868 3616 sanctus
1894 3569 2057 3630 atque

481 3649 1049 3719 incomprehensibilis
1091 3667 1170 3716 es,
1215 3667 1358 3706 unus
1406 3651 1786 3724 prodigiorum
1829 3668 2058 3722 magno—

481 3757 606 3796 rum
637 3742 886 3807 eﬂ‘ector,
921 3744 1064 3798 servi
1111 3745 1187 3798 tui
1239 3743 1448 3814 respice
1484 3759 1694 3814 preces,
1727 3751 1782 3800 et
1821 3745 2056 3814 puellam

484 3833 628 3888 hanc
667 3833 926 3890 invisibili
953 3834 1042 3888 illa
1066 3835 1304 3890 dexterae
1333 3845 1438 3890 tuae
1483 3837 1724 3906 potentia
1758 3836 2059 3890 valetudini

483 3928 749 3984 restitue:
795 3935 853 3981 ut
900 3925 1252 3982 manifestum
1295 3929 1366 3983 sit
1429 3937 1482 3984 te
1519 3943 1690 3983 unum
1736 3943 1858 3984 esse
1887 3929 2060 3984 Deum

483 4029 694 4082 verum,
747 4016 1193 4080 misericordem,
1239 4016 1560 4086 placabilem
1603 4016 1674 4070 iis
1723 4015 1818 4084 qui
1889 4023 1942 4069 te
1987 4027 2057 4068 cx

485 4107 966 4171 animoinvocant,
996 4115 1245 4162 sanctum
1270 4105 1508 4174 denique
1537 4105 1590 4164 in
1623 4103 1842 4158 saecula.
1867 4105 2060 4160 Amen.

483 4200 663 4271 Atque
713 4200 800 4257 his
829 4202 1078 4271 prolatis,
1117 4215 1372 4269 surgens,
1405 4199 1582 4269 puella
1635 4199 1862 4255 salutari
1908 4201 2064 4270 signo

483 4294 737 4358 lustrata,
755 4303 810 4348 et
838 4292 1044 4348 Christi
1069 4293 1182 4346 veri
1219 4291 1311 4346 Dei
1341 4291 1510 4346 nostri
1529 4293 1752 4346 nomine
1777 4290 2062 4345 invocato:

2156 3184 2328 3238 σῶσαι
2349 3183 2514 3256 λόγῳ,
2539 3185 2615 3248 ὡς
2642 3185 2736 3256 καί
2765 3201 2894 3238 ποτε
2915 3184 3013 3251 τὴν
3043 3182 3456 3252 συγκὺππουσαν
3483 3180 3725 3249 ἀνόρθω-

2156 3291 2247 3328 σεν
2273 3255 2530 3345 γυναῖκα.
2575 3255 2911 3328 Ἀπελθοῦσα
2940 3275 2996 3327 δέ
3021 3276 3056 3345 ἠ
3079 3275 3238 3342 γυνὴ,
3266 3275 3472 3344 ἢγαγεν
3497 3271 3592 3339 τὴν
3625 3268 3720 3320 θυ-

2155 3368 2362 3438 γατέρα
2387 3367 2556 3438 αὐτῆς
2579 3365 2730 3436 παρὰ
2753 3367 2880 3429 τοὺς
2905 3364 3071 3428 πόδας
3097 3363 3190 3417 τοῦ
3216 3363 3370 3432 ἀγὲου
3393 3358 3718 3430 Γρηγορίου·

2156 3457 2252 3512 καὶ
2284 3457 2583 3528 παρεκάλει
2609 3457 2788 3522 αὐτὸν,
2826 3457 2974 3518 ὅπως
3018 3454 3310 3525 ἐπεῦξηται
3360 3454 3517 3523 αὔτῇ.
3559 3451 3617 3502 Ὁ
3669 3448 3728 3501 δὲ

2157 3549 2344 3612 κλίνας
2381 3549 2452 3600 τὰ
2492 3547 2696 3616 γόνατα
2735 3546 2922 3613 αὐτοῦ,
2953 3547 3196 3598 ἱκέτευεν
3224 3544 3312 3598 τὸν
3335 3543 3489 3606 Θεὸν,
3519 3540 3726 3608 λέγων’

2156 3637 2330 3708 Κύριε
2369 3639 2397 3691 6
2425 3637 2556 3700 Θεὸς
2589 3637 3008 3708 παντοκράτωρ,
3033 3635 3063 3688 6
3097 3634 3255 3706 μόνος
3285 3633 3438 3702 ἅγιος
3469 3632 3563 3685 καὶ
3592 3633 3732 3684 ἀκα-

2157 3727 2452 3800 τάληπτος,
2484 3729 2513 3780 6
2539 3727 2710 3780 ποιῶν
2743 3725 3027 3796 θαυμάσια
3056 3722 3286 3796 μεγάλα.
3317 3720 3608 3791 ἐπίϐλεψον
3637 3719 3732 3771 ἐπὶ

2157 3821 2256 3892 τὴν
2295 3820 2604 3892 προσευχὴν
2641 3817 2732 3871 τοῦ
2761 3815 2948 3872 δούλου
2983 3833 3100 3882 σου,
3127 3817 3220 3869 καὶ
3252 3814 3400 3868 ἴασαι
3431 3813 3532 3882 τὴν
3561 3810 3732 3865 παῖδα

2159 3911 2364 3981 ταύτην
2401 3913 2468 3982 τῇ
2497 3909 2724 3978 δυνάμει
2755 3924 2848 3960 σου
2895 3909 2962 3978 τῇ
2995 3903 3210 3978 ἀοράτῳ
3253 3905 3348 3958 καὶ
3381 3901 3730 3974 πνευματικῇ

2124 4007 2344 4078 ’δεξιᾷ,
2377 4007 2464 4059 ἵνα
2489 4005 2696 4076 δειχθῇ,
2733 4005 2815 4056 ὅτι
2859 4003 2922 4056 σὺ
2959 4001 3118 4073 μόνος
3153 4000 3288 4064 Θεὸς
3323 3997 3598 4068 ἀληθινὸς,
3639 3993 3732 4048 εῦ-

2165 4099 2476 4169 σπλαγχνος
2497 4097 2593 4150 καὶ
2617 4097 2841 4166 εὐήκοος
2863 4095 2974 4157 τοῖς
2997 4091 3440 4161 ἐπικαλουμένοις
3464 4105 3524 4141 σε
3554 4089 3612 4139 ἐν
3635 4086 3732 4156 ὅλῃ

2163 4189 2383 4261 καρδίᾳ,
2425 4189 2507 4248 ὅτι
2536 4186 2691 4256 ἅγιος
2722 4182 2771 4238 εἳ
2799 4186 2878 4248 εἰς
2906 4185 3032 4247 τοὺς
3057 4183 3281 4244 αἰῶνας.
3321 4181 3515 4250 Ἀμήν.
3549 4178 3737 4232 Ταῦτα

2163 4281 2224 4334 δὲ
2257 4279 2424 4334 αὐτοῦ
2453 4277 2719 4340 εἰπόντος,
2761 4275 2996 4338 ἀναστὰς
3027 4277 3123 4328 καὶ
3150 4271 3602 4342 κατασφραγίσας
3637 4269 3738 4321 αὒ-

484 4355 732 4450 lnsiste,
765 4387 965 4453 inquit,
1019 4385 1249 4453 pedibus
1301 4383 1446 4438 tuis:
1497 4401 1560 4440 ea
1619 4383 2060 4454 veroextemplo

2165 4370 2264 4442 τὴν
2314 4370 2406 4423 ἐπὶ
2459 4367 2539 4438 τῷ
2581 4366 2808 4434 ὀνόματι
2854 4361 3093 4434 Χριστοῦ
3149 4362 3242 4416 τοῦ
3289 4359 3544 4431 ἀληθινοῦ
3598 4355 3738 4411 Θεοῦ

486 4479 662 4533 erexit
710 4491 832 4532 sese
868 4492 934 4530 ac
975 4475 1142 4540 stetit,
1188 4476 1421 4530 sanitate
1456 4485 1693 4546 recepta.
1742 4473 1891 4542 Quas
1932 4489 2064 4530 vero

487 4581 665 4624 mater
681 4568 802 4638 ejus
821 4567 932 4622 Deo
945 4567 1137 4622 laudes
1159 4582 1266 4622 non
1293 4568 1570 4623 reddidit?
1587 4567 1721 4634 Qua:
1753 4577 1809 4624 et
1837 4567 2062 4623 domum

487 4679 610 4717 cum
631 4660 744 4716 lilia
775 4676 1016 4724 reversa,
1047 4675 1144 4729 per
1173 4661 1360 4714 urbem
1385 4660 1695 4716 universam
1719 4659 2064 4730 Dciprodigia

489 4751 724 4827 [LXXXII]
757 4767 854 4824 per
895 4753 1114 4810 beatum
1139 4753 1460 4824 Gregorium
1491 4761 1704 4822 patrata
1750 4751 2064 4807 celebravit.

404 4915 406 4917 ν
489 4849 738 4916 Cumque
767 4860 888 4900 eam
921 4845 1086 4900 vicini
1115 4845 1530 4916 interrogarent,
1576 4844 1700 4914 quis
1747 4843 1912 4898 tiliam
1947 4841 2066 4913 ejus

493 4945 764 5001 sanasset,
793 4931 1018 5007 ‘llospes
1047 4935 1292 5006 quidam,
1342 4935 1729 5006 respondebat,
1774 4935 2065 5005 episcopus

492 5027 737 5092 Siculus,
773 5042 935 5098 quem
961 5019 1150 5082 dicunt
1173 5027 1276 5082 sub
1309 5025 1492 5096 judice
1515 5039 1657 5090 esse,
1689 5039 1864 5094 eoque
1885 5023 2064 5078 nomi-

493 5135 565 5176 ne
592 5119 798 5176 carceri
827 5120 1079 5174 addictus
1106 5129 1210 5174 est.

563 5360 750 5418 LXVI.
788 5363 906 5416 Alia
933 5362 1216 5415 enimvero
1248 5360 1298 5412 id
1335 5373 1510 5427 genus
1539 5356 1710 5408 multa
1742 5367 1966 5411 sanctus
1987 5359 2070 5410 vir

493 5457 546 5510 in
607 5471 829 5512 carcere
883 5455 1028 5519 fecit,
1081 5454 1488 5520 multorumque
1559 5451 1784 5504 morbus
1835 5450 2065 5504 curavit.

493 5550 680 5606 Serius
711 5559 892 5606 autem
919 5550 1035 5603 sive
1060 5555 1184 5615 post
1223 5559 1429 5597 annum
1466 5543 1579 5614 (75)
1612 5543 1854 5612 pontifex
1888 5543 2068 5596 maxi-

563 5693 678 5759 (75)
707 5693 818 5746 Non
857 5692 1043 5758 utique
1072 5681 1628 5759 Gregoriusilagutis
1681 5699 1924 5759 causam
1952 5681 2067 5750 epi-

502 5753 670 5833 scopi
690 5763 862 5817 nostri
884 5753 1197 5828 neglexerat
1225 5753 1541 5808 autohlitus
1575 5755 1786 5808 luerat:
1835 5753 1927 5807 sed
1976 5767 2067 5806 aea

2093 4443 2140 4500 D
2169 4460 2346 4531 ὴμῶν,
2390 4457 2644 4518 Ἀνάστα,
2679 4453 2849 4520 λέγει,
2881 4451 2974 4504 ἐπὶ
3000 4451 3128 4512 τοὺς
3153 4448 3318 4510 πόδας
3349 4461 3473 4500 σου·
3502 4447 3536 4515 ἡ
3565 4444 3626 4496 δὲ
3647 4443 3740 4496 εὕ-

2167 4553 2306 4613 θέως
2339 4550 2433 4602 καὶ
2460 4544 2802 4617 παραχρῆμα
2843 4539 3123 4612 ἀνορθώθη
3156 4539 3251 4592 καὶ
3281 4539 3410 4608 ἔστη
3448 4537 3628 4606 ὑγιής.
3674 4532 3740 4586 Ἦ

2166 4644 2223 4696 δὲ
2277 4642 2458 4712 μήτηρ
2516 4639 2684 4708 αὐτῆς
2724 4632 2975 4708 ὲδόξασεν
3007 4635 3101 4687 τὸν
3151 4631 3302 4695 Θεὸν,
3353 4631 3447 4683 καὶ
3493 4626 3742 4696 ἀπῆλθεν

2172 4732 2308 4804 μετὰ
2331 4733 2430 4800 τῆς
2455 4727 2724 4798 θυγατρὸς
2748 4725 2918 4794 αὐτῆς
2940 4725 3020 4786 εἰς
3039 4723 3128 4775 τὸν
3150 4717 3298 4774 οἷκον
3331 4720 3521 4787 αὐτῆς,
3547 4715 3746 4804 διαφηέ

2171 4803 2404 4892 μίζουσα
2446 4821 2506 4872 ἐν
2535 4819 2632 4890 ὅλῃ
2666 4819 2732 4884 τῇ
2780 4812 2966 4884 Ῥώμῃ
2997 4813 3068 4865 τὰ
3100 4809 3364 4882 μεγαλεῖα
3393 4808 3485 4861 τοῦ
3517 4804 3678 4867 Θεοῦ,
3710 4803 3748 4858 ἃ.

2169 4913 2426 4980 ἐποίησεν
2463 4911 2580 4980 μετ’
2612 4909 2782 4976 αὐτῆς
2828 4904 2917 4960 διὰ
2961 4901 3056 4957 τοῦ
3103 4899 3378 4972 μακαρίου
3412 4893 3744 4970 Γρηγορίου.

2174 5005 2400 5071 Ἔλεγον
2425 4997 2520 5054 οὖν
2553 4999 2690 5068 αὐτῇ
2731 4998 2780 5051 οἱ
2815 4996 3054 5049 σύνοικοι
3085 4992 3276 5060 αὐτῆς,
3311 4985 3408 5052 Τίς
3449 4989 3640 5042 ἰάσατο
3686 4984 3750 5036 τὸ

2171 5090 2462 5161 θυγάτριόν
2491 5103 2616 5153 σονς
2659 5087 2724 5140 Ἦ
2755 5086 2812 5139 δὲ
2841 5087 3052 5154 ἔλεγεν*
3105 5083 3266 5144 Ξένος
3313 5097 3396 5144 τις
3445 5078 3750 5136 ἐπίσκοπος

2171 5181 2412 5244 Σικελὸς,
2439 5181 2500 5232 ὃν
2533 5179 2752 5246 λέγουσι
2785 5177 3119 5247 κατάκριτον
3143 5168 3306 5238 εἶναι,
3334 5171 3430 5223 καὶ
3462 5168 3552 5222 διὰ
3587 5165 3750 5221 τοῦτο

2171 5272 2550 5342 ἐγκέκλεισται
2573 5271 2631 5322 ἐν
2657 5271 2722 5340 τῇ
2749 5268 2987 5338 φυλακῇ.

2241 5363 2377 5432 EG".
2405 5361 2591 5416 Ταῦτα
2619 5361 2677 5416 δὲ
2707 5361 2801 5414 καὶ
2827 5359 2962 5414 ἄλλα
3012 5358 3185 5412 ἐποίει
3231 5355 3400 5409 πολλᾶ
3437 5357 3466 5407 ὁ
3499 5352 3655 5420 ἅγιος
3691 5352 3752 5403 ἐν

2173 5459 2238 5528 τῇ
2271 5455 2507 5525 φυλακῇ,
2541 5452 2634 5507 καὶ
2675 5451 2902 5515 πολλοὺς
2927 5450 3320 5520 ἐθεράπευσεν.
3355 5446 3511 5500 Μετὰ
3537 5444 3597 5496 δέ
3621 5441 3755 5512 χρό-

2173 5563 2262 5600 νον
2303 5545 2468 5598 πολὺν
2496 5545 2666 5614 ἦγουν
2695 5541 2942 5596 ἐνιαυτὸν
2967 5539 3063 5592 ἕνα
3097 5537 3340 5608 ἐμνήσθη
3378 5537 3406 5588 6
3433 5535 3624 5594 πάπας
3657 5528 3752 5583 τοῦ

2175 5689 2459 5734 cusatorcs
2485 5675 2690 5744 potius,
2723 5669 2977 5744 cumsibi
3013 5675 3336 5744 metuerent,
3367 5681 3480 5744 rem
3504 5664 3755 5744 quotidie

2175 5733 2578 5804 diﬂerehant'ac
2609 5733 3100 5815 prberastiuabant.
3123 5736 3366 5794 Deciarat
3398 5737 3499 5791 hoc
3521 5733 3755 5803 epistola
