4104 6262
457 361 559 424 667

1443 364 1504 422 S.
1537 363 1913 423 GREGORII
1971 364 2488 426 AGRIGENTINI
2529 362 2727 426 νΙΤΑ.

3609 358 3716 424 668

458 485 582 524 cum
605 464 876 524 mandatis
898 467 968 523 ad
989 467 1268 523 Tiberium
1300 469 1534 540 legatum
1567 479 1622 526 et
1649 470 1714 524 ad
1739 485 2028 528 commune

2134 489 2268 538 πους
2297 469 2714 542 τοὺςπροόντας
2745 469 2804 522 ὲν
2833 468 2899 540 τῇ
2933 465 3136 537 συνόδῳ
3165 466 3280 537 ἁμα
3308 465 3387 538 τῷ
3412 465 3552 537 ἁγίῳ
3581 467 3716 538 Γρη-

458 571 514 615 et
542 561 832 615 archontes
864 573 929 612 ac
960 558 1208 626 tribunos
1239 559 1666 630 Agrigentinos'.
1708 569 1768 616 ut
1797 575 2028 616 accusa-

461 661 607 708 tores
650 648 891 720 episcopi
939 648 1168 706 Romam
1202 653 1388 707 venire
1431 653 1852 723 compellerent,
1893 667 2031 708 una-

458 759 566 814 que
608 743 987 799 mulierculam
1049 744 1103 798 in
1143 759 1254 814 qua
1326 747 1619 816 episcopus
1665 745 2029 802 offendisset:

2125 563 2317 634 γορίῳ,
2349 562 2471 628 δοὺς
2502 563 2688 624 αὐτοῖς
2712 559 2785 615 τὰ
2809 560 2944 632 πρὸς
2972 559 3072 628 τὴν
3101 559 3292 628 χρείαν
3315 557 3527 627 ἐφόδια,
3551 557 3715 612 πάλιν

2125 653 2182 707 δὲ
2221 654 2316 708 δύο
2364 653 2610 725 κόμητὰς
2639 667 2790 716 τινας
2815 651 3124 724 χρησίμους
3178 649 3501 704 ἀπέστειλεν
3535 651 3596 702 ὲν
3623 649 3714 702 Σι-

2131 745 2286 816 κελίᾳ.
2321 744 2462 815 μετὰ
2489 741 2794 807 κελεύσεως
2821 741 2986 796 αύτοῦ
3019 741 3155 811 πρὸς
3185 739 3274 793 τὸν
3305 739 3534 810 ἔξαρχον
3550 738 3712 794 Τίσι.

460 838 768 909 adjecitque
797 839 850 894 in
878 839 1092 904 litteris,
1129 853 1198 894 ne
1225 839 1312 894 vel
1346 853 1489 896 unus
1515 848 1904 896 accusatorum
1933 837 2028 894 de-

2134 852 2248 907 ριον
2291 835 2559 903 Σικελίας,
2595 835 2691 890 καὶ
2720 833 2859 905 πρὸς
2896 831 2956 886 τὸ
2985 831 3162 886 κοινδν
3193 833 3392 897 παντὸς
3422 833 3518 886 τοῦ
3552 833 3708 899 λαοῦ,

460 931 820 992 sideraretur,
854 941 1022 1000 utque
1048 945 1172 984 cum
1202 931 1288 986 bis
1310 931 1598 1002 episcopus
1616 946 1836 1004 quoque
1858 929 2036 987 disce-

459 1017 636 1081 deret,
671 1033 832 1088 quem
859 1019 936 1073 illi
965 1019 1260 1073 creandum
1288 1030 1637 1076 curaverant.

2130 926 2398 998 ἄρχοντάς
2427 943 2495 986 ,τε
2525 927 2620 980 καὶ
2653 923 2992 997 τριϐούνους.
3029 923 3124 976 τοῦ
3153 923 3381 990 ἀγαγεῖν
3411 926 3540 991 τοὺς
3579 943 3713 980 κατ-

2133 1017 2367 1087 ηγόρους
2385 1015 2491 1070 ’τοῦ
2519 1013 2820 1070 ἐπισκόπου
2851 1015 2911 1067 ὲν
2947 1011 3156 1086 Ῥώμῃ,
3187 1013 3283 1067 καὶ
3305 1014 3363 1067 τὸ
3383 1013 3628 1083 γύναιον,
3652 1016 3714 1070 ἐν

459 1104 504 1178 ᾧ
553 1111 864 1180 παρέπεσεν
909 1112 938 1164 ό
1002 1111 1320 1176 ἐπίσκοπος,
1356 1113 1575 1182 γράψας
1626 1113 1706 1184 τῷ
1768 1110 1884 1182 λαῷ
1947 1107 2136 1171 παντὶ,
2190 1107 2281 1163 ἵνα
2336 1107 2412 1179 μὴ
2461 1105 2681 1178 διαλίπῃ
2711 1100 2790 1170 εἷς
2835 1105 2932 1158 καὶ⁵
2988 1107 3148 1174 μόνος
3194 1102 3308 1156 τῶν
3350 1106 3707 1179 κατηγόρωνο

461 1203 681 1271 ἐνέγκαι
717 1203 772 1256 δὲ
825 1203 921 1257 σὺν
952 1205 1137 1268 αὐτοῖς
1177 1206 1272 1258 καὶ
1319 1205 1378 1260 ὃν
1427 1205 1763 1277 ἐψηφίσαντο
1809 1202 2032 1274 ποιῆσαι
2066 1198 2366 1254 δπίσ“ο.οπον
2391 1200 2628 1262 ἑαυτοῖς.

530 1289 736 1345 LXVII.
781 1291 996 1362 Egressi
1046 1301 1230 1350 autem
1279 1305 1408 1348 sunt
1440 1294 1610 1348 Roma
1649 1293 1759 1350 duo
1803 1293 2032 1350 comites

2207 1286 2324 1342 EZ'.
2371 1287 2627 1356 Ἐξῆλθον
2669 1285 2730 1340 δὲ
2781 1286 2830 1339 oi
2873 1285 3116 1356 κόμητες
3158 1287 3266 1341 ἁπδ
3306 1286 3530 1357 Ῥώμης
3571 1287 3711 1358 μετὰ

462 1393 588 1452 post
633 1394 877 1438 sanctam
922 1384 1316 1452 Pentecosten,
1357 1397 1412 1442 et
1457 1387 1700 1442 Siciliam
1745 1387 2028 1456 ipsumque

2137 1379 2236 1450 τὴν
2275 1378 2439 1447 ἁγίαν
2473 1376 2869 1448 Πεντηκοστὴν,
2905 1377 3001 1430 καὶ
3045 1375 3353 1433 κατέλαΰον
3395 1378 3454 1431 ἐν
3487 1378 3710 1450 Σικελίᾳ.

460 1475 808 1544 Agrigentum
839 1484 1134 1532 tenuerunt
1165 1493 1215 1531 vt
1239 1476 1366 1534 ldus
1391 1477 1561 1533 Julias
1584 1477 1718 1548 (79).
1747 1475 1909 1532 Forte
1928 1475 2032 1531 ibi-

343 1571 347 1576 ’
461 1565 584 1620 dem
627 1568 835 1636 legatus
873 1583 1091 1639 quoque
1133 1570 1503 1624 versabatur:
1558 1569 1605 1624 is
1652 1569 1860 1624 litteras
1900 1582 2027 1622 cum

462 1656 762 1725 accepisset
787 1657 1134 1728 legissetquc,
1163 1660 1392 1714 comites
1427 1671 1508 1714 ter
1535 1659 1604 1714 ad
1633 1668 1831 1714 terram
1853 1673 2032 1729 usque

461 1757 780 1812 veneratus,
807 1751 1106 1818 respondit,
1137 1766 1257 1820 qua:
1283 1751 1537 1805 dominus
1557 1749 1678 1820 ejus
1715 1749 2031 1818 praescribe-

2136 1471 2204 1540 τῇ
2233 1468 2436 1541 δεκάτῃ
2465 1467 2560 1521 τοῦ
2601 1466 2820 1521 Ἰουλίου
2862 1467 3034 1540 μηνὸς
3064 1469 3123 1522 ὲν
3162 1471 3229 1540 τῇ
3271 1469 3712 1539 Ἀκραγαντίνων

2138 1560 2312 1616 πόλει.
2347 1560 2507 1616 Κατὰ
2537 1559 2840 1632 συγκυρίαν
2874 1559 2934 1612 δὲ
2961 1557 3160 1630 εὑρέθη
3205 1560 3302 1614 καὶ
3337 1562 3366 1613 6
3389 1559 3617 1630 ἔξαρχος
3649 1560 3712 1612 ὲν

2134 1655 2246 1717 τοῖς
2302 1655 2502 1707 ἐκεῖσε.
2539 1649 2846 1722 Δεξάμενος
2889 1648 2984 1718 οὖν
3011 1651 3114 1716 τὴν
3148 1651 3424 1716 κέλευσιν,
3452 1651 3546 1704 καὶ
3571 1653 3712 1727 ἁνα-

2135 1744 2297 1812 γνοὺς
2336 1745 2367 1796 6
2408 1741 2660 1814 ἔξαρχος,
2699 1743 2792 1794 καὶ
2829 1744 3214 1812 προσκυνήσας
3247 1743 3434 1813 τρίτον
3486 1742 3579 1795 ἐπὶ
3607 1742 3710 1811 τὴν

461 1847 579 1902 ret,
614 1839 797 1892 omnia
847 1839 900 1892 in
927 1849 1182 1910 promptu
1217 1840 1331 1910 jam
1365 1855 1505 1897 esse.
1535 1842 1606 1894 At
1635 1855 1762 1894 vero
1789 1839 2028 1908 episcOpi

2134 1832 2240 1904 γῆν
2266 1833 2391 1894 τοὺς
2413 1831 2506 1886 δύο
2537 1831 2804 1902 κόμητας,
2839 1826 3026 1884 εἷπενο
3048 1831 3298 1898 Γέγονεν,
3325 1831 3402 1895 ὡς
3445 1829 3710 1894 ἐπέταξεν

461 1929 640 1983 serius
663 1928 1192 2000 Constantinopolim
1220 1941 1604 2000 pervenerunt.
1631 1929 1756 2001 Ipso
1773 1931 1919 1988 enim
1940 1930 2028 1986 die

2131 1926 2158 1978 6
2199 1923 2390 1995 κύριός
2417 1940 2542 1994 μου,
2580 1921 2782 1976 πάντα.
2812 1923 2876 1977 οι
2900 1922 2959 1976 δὲ
2987 1922 3276 1976 ἐπίσκοποι
3301 1923 3586 2004 ἐχρόνισαν
3609 1921 3707 1976 τοῦ

459 2023 737 2091 appulere,
763 2037 872 2091 quo
901 2023 1147 2078 exaltata:
1179 2024 1370 2079 Crucis
1387 2024 1656 2080 solemnia
1679 2024 2028 2079 celebraban-

461 2121 570 2166 tur.
592 2111 664 2166 Ut
692 2113 936 2182 epistolae
968 2115 1037 2168 alt
1071 2114 1156 2170 bis
1179 2115 1390 2170 tradita:
1414 2122 1561 2182 sunt,
1591 2115 1758 2170 altera
1783 2113 2024 2187 [Lxxxw]

459 2219 655 2273 nempe
681 2204 931 2273 piissimo
961 2206 1299 2274 imperatori,
1345 2206 1520 2262 altera
1561 2207 1906 2262 sanctissimo
1934 2222 2028 2261 ar-

458 2295 809 2366 chiepiscopo
837 2295 1470 2366 Constantinopolitano,
1503 2307 1674 2368 utque
1697 2313 1851 2354 suam
1881 2306 2028 2352 uter-

457 2401 568 2456 que
613 2387 758 2456 legit,
794 2397 847 2442 et
872 2403 992 2457 quae
1023 2388 1325 2458 perscripta
1353 2399 1510 2444 erant
1545 2390 1835 2458 cognovit,
1864 2389 2029 2445 ambo

457 2477 634 2532 vicem
675 2478 851 2533 sancti
901 2477 1000 2531 viri
1031 2479 1270 2548 graviter
1301 2479 1616 2544 doluerunt,
1657 2481 1803 2550 quod
1841 2479 2027 2534 tandiu

460 2569 704 2624 carceris
757 2569 1038 2640 angustias
1089 2570 1344 2626 toleraret
1376 2588 1390 2625 :
1427 2587 1527 2626 nec
1569 2581 1749 2627 tamen
1781 2571 2026 2626 animum

459 2662 718 2718 inducere
746 2669 1061 2732 potuerunt,
1087 2669 1149 2716 ut
1181 2677 1306 2718 vera
1337 2671 1627 2732 putarent,
1660 2679 1782 2732 qua:
1800 2662 1867 2718 de
1897 2678 2029 2718 san-

458 2766 549 2812 cto
585 2756 855 2826 beatoque
888 2754 1157 2828 Gregorio
1216 2769 1246 2809 a
1278 2755 1537 2824 pontiﬁce
1562 2755 1804 2810 maximo
1829 2753 2030 2810 refere-

459 2850 682 2905 bantur.
726 2847 926 2904 Paucis
969 2858 1096 2919 post
1148 2847 1365 2912 diebus,
1397 2847 1698 2918 imperator
1742 2847 2030 2917 episcopos

460 2955 586 2996 cum
641 2939 911 2996 mandatis
956 2941 1136 2996 redire
1186 2940 1391 3011 jussit,
1451 2939 1651 3011 quibus
1695 2939 2028 2995 Marcianum

461 3033 796 3108 Spatltarium
827 3049 988 3089 suum
1038 3035 1294 3088 comitem
1323 3032 1491 3088 dedit.
1523 3031 1722 3088 Eodem
1754 3033 1915 3087 modo
1937 3049 2029 3087 ar-

459 3125 842 3195 chiepiscopus
869 3141 992 3181 eum
1025 3123 1402 3180 arcessivisset
1423 3124 1738 3192 episcopum
1781 3123 2026 3194 Ancyrae,

2129 2015 2332 2085 φθᾶσαι
2384 2013 2444 2066 ὲν
2490 2011 3058 2066 Κωνσταντινουπόλει
3079 2027 3095 2044 ο
3152 2013 3501 2084 κατήντησαν
3545 2011 3600 2064 δὲ
3635 2013 3703 2081 τῇ

2139 2104 2376 2175 ’Υψὼσει
2391 2101 2485 2158 τοῦ
2506 2103 2690 2174 τιμίου
2713 2101 2970 2173 σταυροῦ,
2983 2102 3077 2155 καὶ
3091 2101 3373 2156 ἐπέδωκαν
3389 2102 3709 2170 ἀμφοτέρας

2126 2197 2227 2261 τὰς
2270 2193 2570 2267 ἀναφορὰς,
2599 2192 2678 2265 τῷ
2703 2210 2762 2247 τε
2803 2192 3179 2263 εύσεὸεστὰτῳ
3210 2192 3438 2263 βασιλεῖ,
3486 2193 3582 2245 καὶ
3626 2190 3710 2262 τῷ

2126 2288 2413 2358 ἁγιωτάτῳ
2437 2284 2856 2358 ἁρχιεπισκόπῳ
2879 2283 3524 2348 Κωνσταντινουπὸλεως.
3555 2283 3710 2336 Ἀνα-

2126 2380 2346 2450 γνόντες
2380 2379 2440 2434 δὲ
2479 2380 2581 2443 τὰς
2621 2377 2918 2449 ἀναφορὰς,
2951 2377 2980 2431 ὅ
3012 2393 3073 2430 τε
3107 2376 3498 2440 εὐσεϐέστατος
3544 2375 3703 2446 βασι-

2127 2472 2276 2536 λεὺς,
2305 2471 2401 2526 καὶ
2426 2473 2456 2525 6
2485 2471 2935 2542 ἀρχιεπίσκοπος,
2969 2469 3066 2522 καὶ
3095 2469 3314 2538 γνόντες
3348 2469 3450 2540 τὴν
3471 2467 3706 2536 δύναμιν

2128 2564 2236 2619 τῶν
2291 2565 2351 2618 ιν
2405 2564 2596 2629 αύταῐς
2640 2563 3062 2635 γεγραμμένων,
3106 2561 3458 2632 ἐλυπήθησαν
3497 2560 3707 2631 σφόδρα

2128 2655 2430 2726 ἀμφότεροι
2463 2654 2593 2724 περὶ
2617 2653 2712 2707 τοῦ
2739 2654 2918 2724 ἁγίου,
2949 2653 3032 2707 ὅτι
3079 2650 3332 2705 τοσοῦτον
3369 2651 3560 2722 χρόνον
3604 2649 3708 2719 ἑγ-

2130 2740 2439 2797 κεκλεῐσθαι
2471 2743 2537 2814 τῇ
2564 2741 2802 2813 φυλακῇ.
2834 2741 2958 2796 Οὐδ’
2980 2740 3120 2804 ὅλως
3154 2740 3213 2794 δὲ
3238 2739 3396 2794 τοῦτο
3433 2739 3707 2812 ἡδυνὰτη-

2132 2848 2233 2886 σαν
2266 2831 2554 2886 πιστεῦσαι
2593 2833 2662 2888 τὰ
2691 2832 2844 2905 παρὰ
2871 2830 2968 2886 τοῦ
3009 2831 3170 2887 πᾶπα
3198 2832 3382 2895 αὐτοῖς
3406 2832 3706 2902 ἁνεχθέντα.

2132 2923 2259 2993 περὶ
2291 2922 2384 2976 τοῦ
2417 2923 2573 2991 ἁγίου
2604 2923 2700 2977 καὶ
2731 2921 2998 2994 μακαρίου
3029 2922 3354 2994 Γρηγορίου.
3395 2921 3531 2976 Μεθ’
3564 2921 3706 2992 ἡμι-

2135 3031 2232 3086 ρας
2271 3013 2332 3068 δέ
2369 3031 2522 3078 τινας
2553 3014 2840 3069 ἐκέλευσεν
2867 3017 2896 3068 6
2926 3015 3180 3086 βασιλεὺς
3214 3015 3530 3069 ἀποστεῖλαι
3577 3015 3706 3078 τοὺς

2133 3105 2467 3172 ἐπισκόπους
2499 3107 2638 3176 μετὰ
2665 3107 2991 3170 κελεύσεως,
3013 3108 3338 3170 ἀποστείλας
3368 3107 3486 3177 μετ’
3508 3105 3707 3168 αὐτοὺς

461 3188 780 3286 episcopum
807 3215 987 3288 Cyzici
1015 3226 1067 3270 et
1092 3216 1411 3285 episcopum
1443 3188 1691 3270 Corinibi
1746 3211 1880 3284 (80),
1899 3188 2028 3268 veos

2132 3196 2222 3249 καὶ
2251 3197 2571 3266 Μαρκιανὸν
2597 3197 2689 3250 τὸν
2717 3197 3024 3270 σπαθάριον
3044 3198 3232 3253 αὐτοῦ.
3271 3198 3500 3268 Ὁμοίως
3523 3197 3580 3250 δὲ
3609 3197 3703 3251 καὶ

461 3308 688 3362 Romam
720 3309 940 3378 legavit.
969 3317 1024 3362 et
1057 3307 1472 3362 Constantinum
1496 3305 1786 3360 diaconum
1809 3306 2030 3360 charte-

462 3400 741 3470 pbylaeem
767 3414 891 3454 cum
923 3400 990 3454 iis
1015 3398 1285 3469 proficisci
1313 3398 1480 3452 voluit
1515 3414 1528 3450 :
1560 3397 1860 3466 quiomnes
1887 3396 2028 3452 idem

462 3489 738 3558 navigium
771 3505 896 3545 cum
936 3489 1217 3545 Marciano
1255 3489 1714 3544 conscenderunt.
1770 3489 1898 3544 [late
1930 3503 2030 3563 ap-

461 3591 570 3636 tem
603 3581 734 3650 ipsis
763 3581 1016 3636 mandata
1035 3581 1319 3650 piissimus
1346 3576 1644 3649 iniperator
1673 3568 1820 3634 dedit
1853 3598 1867 3635 :
1903 3579 2032 3634 Per-

461 3671 592 3742 gite,
625 3671 812 3726 Patres
836 3672 1117 3738 sancti,ac
1146 3672 1414 3744 synodum
1447 3686 1612 3741 quam
1646 3671 2030 3726 sanctissimus

462 3761 622 3818 Pater
662 3761 906 3832 pontifex
940 3762 1216 3818 maximus
1256 3762 1490 3824 vocavit,
1542 3761 1832 3826 celebrate,
1881 3776 2032 3817 corn-

463 3853 642 3909 munis
667 3853 844 3909 Patris
879 3847 1071 3920 nostri,
1107 3854 1203 3924 qui
1241 3853 1428 3909 urbem
1462 3854 1604 3908 banc
1643 3851 1751 3908 Deo
1799 3853 2022 3908 clraram

463 3943 621 4014 regit,
661 3944 878 4000 nomine
921 3945 1322 4000 convenientes.
1362 3945 1422 4000 ln
1447 3959 1512 4000 eo
1547 3959 1806 4000 consessu
1848 3946 2014 4002 Deum

462 4043 766 4090 metuentes
788 4033 975 4090 omnia
1001 4033 1071 4090 ad
1081 4033 1356 4104 judicium
1381 4041 1668 4098 revocate;
1703 4033 1772 4089 de
1799 4033 2030 4091 muliere

461 4229 767 4304 pricbeqtis;
789 4240 851 4304 et
877 4241 934 4304 ut
962 4247 1051 4288 vos
1074 4233 1176 4302 ipsi
1203 4234 1266 4304 iit
1287 4233 1597 4287 ministeriis
1632 4234 1821 4304 uestris,
1847 4249 2032 4304 pacem

460 4309 512 4354 ct
525 4300 791 4369 justitiam
824 4301 1057 4424 (acinus,
1085 4300 1190 4357 etc.
1225 4300 1480 4360 Fortasse
1507 4313 1689 4358 autem
1712 4303 1826 4373 ,ιιιιί
1848 4300 2031 4360 ἐοιιιοι

465 4386 686 4424 munere
715 4373 824 4424 pub
848 4371 932 4424 ico
955 4369 1124 4424 functi
1153 4371 1405 4424 fuissent.
1441 4373 1604 4424 etiam
1637 4383 1759 4424 post
1787 4375 2027 4424 curatio-

465 4386 686 4425 tttutterc
715 4369 932 4444 publico
955 4369 1124 4444 functi
1153 4371 1405 4444 fuissent,
1441 4373 1604 4428 etiam
1637 4369 1766 4444 post'
1787 4375 2027 4430 curatio-

463 4454 586 4513 nem
635 4441 848 4494 comites
897 4441 1496 4513 audiebant,_ltonoris
1539 4441 1920 4513 ergoiatque
1961 4459 2026 4499 ex

2131 3289 2161 3342 6
2210 3289 2640 3361 ἁρχιεπίσκοετος
2703 3290 3216 3363 προσκαλεσάμενος
3265 3289 3359 3343 τὸν
3406 3289 3702 3344 ἐπίσκοπον

2145 3381 2418 3454 Ἀγκύρας
2468 3384 2559 3436 καὶ
2600 3383 2691 3436 τὸν
2720 3383 3023 3438 ἐπίσκοπον
3057 3381 3300 3448 Κυζίκου
3334 3382 3428 3434 καὶ
3463 3381 3554 3434 τὺν
3585 3379 3706 3434 ἐπί-

2135 3489 2334 3526 σκοπον
2365 3474 2653 3545 Κορίνθου,
2680 3473 3002 3528 ἀπέστειλεν
3025 3473 3223 3536 αὐτοὺς
3251 3473 3310 3524 ὲν
3333 3469 3527 3542 Ῥώμῃ
3553 3487 3568 3502 ⁸
3608 3471 3710 3526 σὺν

2132 3560 2341 3624 τούτοις
2385 3561 2440 3615 δὲ
2481 3563 2576 3614 καὶ
2611 3561 2702 3616 τὸν
2751 3561 3144 3633 χαρτοφύλακα
3177 3562 3588 3615 Κωνσταντῐνον
3614 3561 3710 3614 τὸν

2131 3651 2400 3714 διάκονον,
2423 3653 2521 3706 καὶ
2541 3651 3025 3724 συναθροισθέντες
3047 3651 3290 3716 ἅπαντες
3317 3653 3376 3706 ὲν
3399 3649 3477 3722 τῷ
3513 3651 3706 3722 πλοίῳ,

2131 3739 2188 3794 ot
2217 3757 2277 3796 τε
2320 3740 2610 3795 ὲπίσκοποι
2663 3743 2760 3796 καὶ
2807 3742 2840 3796 6
2882 3741 3231 3812 Μαρκιανόςο
3267 3743 3363 3796 καὶ
3405 3741 3710 3807 ἐνετείλατο

2132 3831 2315 3896 αὐτοῖς
2352 3835 2382 3886 6
2419 3833 2808 3896 εὐσεϐέστατος
2837 3833 3096 3905 βασιλεὺς
3131 3832 3706 3903 λέγων·,⁹Απέλθατε,

2135 3922 2346 3992 Πάτρες
2369 3922 2540 3992 ἁγιοι,
2571 3924 2664 3978 καὶ
2688 3926 3001 3996 κροτήοατε
3031 3917 3247 3979 σύνοδον
3270 3924 3432 3992 ἁγίαν
3458 3923 3706 3986 κελεύσει

2131 4012 2226 4068 τοῦ
2255 4015 2558 4084 ἁγιιοτὰτου
2591 4017 2766 4082 πάπα,
2798 4015 2894 4070 καὶ
2940 4015 3132 4070 τούτου
3177 4014 3272 4068 τοῦ
3321 4015 3503 4069 κοινοῦ
3544 4014 3706 4086 ἡμῶν

2133 4247 2276 4292 trum
2312 4237 2497 4293 Sicilia
2534 4237 2866 4308 decessisse,
2912 4253 3075 4308 quam
3121 4235 3418 4303 Gregorius
3466 4243 3707 4308 amarat.

2135 4307 2323 4362 mirari
2360 4323 2468 4361 non
2515 4307 2817 4364 debemus:
2847 4305 2968 4362 erat
2999 4308 3159 4362 enim.
3181 4317 3374 4360 natura
3405 4305 3588 4374 segnis
3641 4320 3708 4360 ac

2133 4377 2352 4432 lentus:
2389 4393 2496 4446 qua
2523 4394 2646 4446 eum
2677 4379 2742 4432 de
2773 4395 2830 4432 re
2855 4376 2962 4432 Gre
2999 4378 3152 4431 orius
3181 4390 3289 4430 non
3319 4373 3486 4430 semel
3513 4373 3706 4428 festive

2135 4445 2474 4501 perstrinxit.
2513 4446 2654 4501 (Lib.
2683 4463 2723 4501 t.
2754 4447 2914 4501 epist.
2949 4393 3052 4501 g2:
3091 4447 3282 4501 libuit.
3313 4443 3474 4501 enist.
3506 4443 3526 4496 Ι
3557 4451 3612 4498 et
3637 4442 3706 4498 40

2133 4442 2474 4518 perstrinxit.
2513 4442 2654 4518 (Lib.
2683 4463 2723 4516 t,
2754 4447 2914 4518 epist.
2949 4442 3052 4515 $2;
3091 4447 3282 4510 lib.m,
3313 4443 3474 4514 epist.
3506 4443 3526 4496 Ι
3557 4451 3612 4498 et
3637 4442 3710 4498 40

463 4510 656 4563 horum
690 4524 919 4564 numero
949 4519 1102 4564 erant
1129 4511 1184 4565 hi
1217 4511 1349 4578 duo,
1380 4513 1474 4584 qui
1508 4513 1564 4568 in
1597 4510 1848 4568 Siciliam
1870 4513 2028 4570 missi
2058 4521 2110 4577 D
2131 4510 2262 4584 etc.)

459 4589 608 4632 sunt.

531 4649 605 4704 De
644 4649 801 4718 legati
835 4649 1053 4704 nomine
1097 4649 1212 4705 dixi
1260 4651 1547 4720 superius:
1577 4667 1765 4707 verum
1795 4651 2030 4709 addubi-

459 4729 576 4793 ture
635 4719 778 4783 licet,
835 4735 963 4773 num
1015 4721 1208 4793 Petrus
1260 4719 1668 4793 ltypodiacouus
1723 4721 1777 4776 in
1839 4721 2029 4779 Sicilia

458 4788 624 4844 etiam
661 4799 773 4844 tum
812 4800 992 4844 esset:
1025 4790 1152 4846 inde
1193 4788 1347 4846 enini
1369 4806 1495 4847 eum
1540 4800 1864 4847 evocaverat
1890 4793 2029 4848 Gre-

459 4861 646 4930 gorius
702 4859 950 4930 Magnus,
999 4874 1066 4916 ac
1128 4875 1188 4930 se
1239 4876 1437 4930 cupere
1489 4860 1910 4929 signiﬁcaverat,
1968 4871 2030 4918 ut

463 4929 690 5000 Ilomam
728 4929 965 5000 secirca
1006 4931 1130 4985 ldus
1163 4929 1511 5000 Septembres
1541 4931 1850 4994 conferret,
1883 4949 2030 4988 anno

461 4999 674 5053 scilicet
704 4999 807 5054 .592
831 5015 845 5052 :
879 4997 1064 5062 Stude,
1095 5001 1142 5054 si
1171 4997 1276 5055 Deo
1298 5001 1580 5069 placuerit,
1611 5010 1670 5056 ut
1689 5003 1745 5054 in
1775 5001 1913 5057 hanc
1937 5019 2031 5057 ur-

461 5069 574 5143 bem
623 5079 745 5122 ante
790 5069 1024 5143 ιιαιαζεηι
1057 5069 1203 5143 _beuti
1252 5069 1506 5143 Cypriani
1558 5083 1834 5143 transeas:
1873 5089 1936 5128 ne
1963 5088 2030 5128 ea:

459 5139 632 5214 signa,
663 5139 800 5214 quod
830 5138 1014 5214 diebus
1047 5141 1166 5214 istis
1203 5138 1339 5196 ηιαἱὶ
1371 5157 1574 5214 semper
1602 5141 1858 5214 imtniuct,
1889 5145 2031 5214 quod

461 5207 628 5280 absit,
653 5207 920 5280 ntiquom
947 5209 1237 5278 periculum
1285 5213 1450 5280 possit
1482 5207 1704 5270 reuenire
1768 5207 1912 5277 (libi
1965 5229 2026 5279 ll,

459 5276 622 5346 epist.
651 5276 765 5363 δὴ,
789 5276 922 5363 Illud
949 5276 1105 5363 certe
1125 5276 1463 5363 exploratum
1485 5283 1714 5363 est,_hoc
1733 5281 1854 5363 ipso
1882 5276 2030 5363 anno

459 5364 572 5422 quo
605 5347 915 5422 comitr-siit
958 5346 1144 5422 Sit-ilia
1173 5346 1450 5422 accepisse
1478 5346 1948 5422 dicitur,‘litterias
1976 5353 2028 5408 ei

461 5416 492 5473 a
531 5416 794 5490 Gregorio
819 5417 1035 5490 Magno
1075 5421 1274 5477 missas
1303 5416 1442 5476 'cutn
1479 5420 1835 5487 inscriptione
1868 5421 2028 5476 Petro

460 5487 778 5561 modici-otto
801 5487 1107 5561 Campania:
1137 5491 1253 5560 (lib.
1293 5507 1372 5552 ιιι,
1410 5491 1722 5561 epis-LM”;
1753 5508 1876 5561 qua:
1902 5508 2028 5547 cum

462 5560 678 5640 scripue
705 5559 908 5640 fuerint
938 5560 1238 5616 indictione
1276 5561 1362 5624 il,
1395 5569 1522 5614 ante
1562 5559 1869 5630 Augustum
1907 5563 2028 5631 ejus

464 5645 593 5682 nunt
658 5629 845 5684 Sicilia
899 5631 1206 5686 decessisse
1258 5630 1534 5700 putandus
1581 5642 1699 5685 est:
1731 5633 1775 5685 si
1807 5633 2026 5700 quidem

469 5709 758 5766 utrumque
788 5701 926 5754 tueri
975 5702 1225 5764 velimus,
1258 5702 1508 5755 eumdem
1557 5700 1750 5756 eodem
1799 5719 1944 5755 anno
1976 5711 2030 5755 et

470 5768 524 5824 in
547 5767 732 5826 Sicilia
762 5779 815 5826 et
845 5771 900 5826 in
931 5770 1229 5842 Campania
1259 5772 1447 5828 fuisse.
1487 5771 1678 5828 Serius
1712 5783 1891 5826 autent
1930 5773 2029 5828 l’c-

2203 4581 2316 4656 (79)
2353 4583 2574 4639 Devium
2619 4584 2722 4656 iter
2751 4599 2852 4639 nec
2895 4581 3211 4656 léstinatum
3251 4581 3448 4638 fecisse
3476 4581 3708 4656 comites

2127 4651 2348 4724 dicendi
2380 4665 2530 4718 sunt,
2561 4654 2656 4724 qui
2685 4664 2792 4708 tam
2819 4653 3026 4724 seruio
3057 4651 3301 4724 Siciliam
3329 4652 3702 4723 pervenerint.

2128 4723 2338 4782 Pascha
2373 4725 2520 4780 enim
2551 4720 2619 4779 eo
2661 4739 2828 4786 anno,
2875 4723 2972 4793 qui
3005 4720 3266 4793 fuit_593,
3313 4720 3496 4793 actum
3529 4731 3612 4776 est
3651 4734 3706 4774 tv

2127 4793 2246 4850 Kal.
2281 4795 2452 4864 April.
2495 4795 2670 4864 Atque
2719 4790 3266 4864 adeoj'prgfectionis
3293 4791 3410 4847 dies
3437 4790 3539 4864 fuit
3583 4798 3704 4858 post

2130 4881 2216 4920 ut
2265 4860 2382 4920 Kal.
2425 4860 2640 4926 lunias,
2675 4878 2783 4930 quo
2830 4860 2922 4916 die
2966 4860 3289 4916 Pentecoste
3335 4869 3476 4915 erat.
3518 4860 3706 4928 Itaque

2129 4934 2589 5007 quinquagesimo
2614 4933 2806 5007 quinto
2844 4931 3058 5007 itineris
3085 4931 3556 5007 dienappulerunt.

2207 4999 2319 5075 (80)
2352 4999 2492 5070 Quid
2537 4999 2784 5075 hic'facit
2831 5003 3123 5070 episcopus
3161 4999 3458 5075 corinthii?
3495 4999 3702 5075 nullum

2127 5089 2192 5131 ea
2214 5067 2546 5144 tempestate
2565 5073 2658 5142 jus
2708 5073 2762 5124 in
2803 5067 2934 5144 eum
2965 5067 3083 5144 erat
3109 5067 3528 5144 archiepiscopo
3555 5067 3702 5122 Cou-

2129 5139 2645 5212 stantiuopolitatio:
2668 5140 2894 5212 parebat
2917 5141 3062 5212 enim
3083 5139 3408 5212 patriarcha:
3431 5139 3700 5212 Romam),

2129 5227 2190 5272 ut
2239 5208 2487 5280 Gregorii
2551 5208 2729 5280 Magni
2788 5208 3701 5280 epistolae'ostenduttt_‘(lib.____t.

2129 5285 2290 5354 epist.
2324 5276 2426 5354 2‘7;
2458 5281 2553 5354 lib.
2587 5276 2839 5354 ttt',epistl
2875 5279 2978 5354 '59_;
3009 5279 3102 5334 lib.
3133 5293 3186 5342 v,
3219 5278 3379 5354 epist.
3402 5276 3481 5354 _5'i
3503 5276 3692 5354 e_t_57);

2127 5345 2254 5425 pro“
2283 5345 2547 5424 Κορὶνθου
2591 5345 2892 5418 scripserat
2943 5349 3177 5404 fortasse
3225 5345 3487 5425 Leontius
3531 5347 3692 5425 Κίουο

2130 5415 2326 5480 scriba:
2365 5415 2561 5476 'voccm
2611 5415 2948 5474 contractam
2997 5433 3119 5473 esse
3157 5417 3444 5485 suspicati,
3490 5415 3707 5469 extule-

2130 5504 2258 5548 runt
2312 5491 2602 5560 Κορίνθου.
2654 5490 2821 5560 quod
2856 5489 3052 5560 deinde
3112 5489 3293 5542 caueri
3359 5492 3701 5560 receperunt2

2131 5553 2459 5636 pot-rom.
2481 5553 2740 5636 oppidum
2770 5557 3034 5636 Bithynia:
3059 5567 3198 5622 erat,
3231 5570 3330 5636 nec
3351 5555 3492 5636 adeo
3512 5553 3704 5633 procul

2131 5649 2162 5687 a
2193 5625 2651 5702 Cyzico,-ut'n_0n
2694 5630 2818 5682 inde
2855 5625 3042 5702 citius,
3082 5643 3246 5702 quam
3285 5625 3552 5702 Corintho
3588 5625 3703 5690 epi-

2133 5694 2334 5772 scopus
2376 5699 2592 5772 evocari
2656 5708 2857 5772 posset.
2909 5694 3246 5770 Tltcogitius,
3279 5694 3700 5766 Ciicpiscopus,

2135 5768 2300 5830 seria:
2325 5769 2534 5841 synodo
2563 5768 2826 5824 interfuit.
