4104 6262
1426 343 1487 403 s.
1530 344 1910 409 GREGORII
1938 349 2461 416 AGRIGENTINI
2501 296 2699 417 vim.
2782 315 2793 323 ’

439 441 655 538 ματρὸς
686 443 805 538 ’τῆς
850 446 1087 503 ἐνταῦθα
1132 448 1534 509 θεοσκεπαστου
1580 457 1737 528 ἡμῶν
1784 459 1984 523 πόλεως

2084 462 2300 534 .deque
2333 467 2747 523 accusatoribus
2771 468 2852 524 sic
2889 471 3221 538 cognoscite,
3266 473 3459 529 ut’non
3503 488 3689 530 rerum

438 535 549 589 Καὶ
602 536 964 607 καθήσαντες,
1022 541 1162 611 μετὰ
1209 544 1378 613 φόὸου
1426 545 1563 600 Θεοῦ
1619 548 2015 618 ἀνακρίναντες

437 628 634 693 πάντα,
665 628 760 681 καὶ
790 630 851 682 τὸ
876 629 1100 698 γύναιον
1132 633 1228 687 καὶ
1258 637 1385 699 τοὺς
1418 624 1780 708 κατηγόρους,
1809 641 1906 694 καὶ
1935 641 2013 712 μὴ

434 717 578 773 κατὰ
602 719 899 790 πρόσωπόν
922 741 973 776 τι
1002 723 1266 797 πράξητε,
1294 726 1413 781 ἀλλ’
1442 729 1518 793 ὡς
1547 729 1686 803 αὐτὴ
1721 733 1755 802 ή
1779 730 2014 802 δύναμις

431 811 535 883 τῆς
553 812 813 884 ἀληθείας
839 815 1104 884 ἔγκειται,
1140 804 1314 884 οὕτως
1339 820 1650 892 διοικήσατε
1668 840 1685 855 ’
1708 822 1804 879 καὶ
1832 824 1882 877 οἳ
1910 824 2013 895 μὲν

435 904 814 971 ωκοφαντῶσι
842 907 936 960 τὸν
964 908 1155 979 ἄνδρα,
1184 910 1300 964 ὅσοι
1325 911 1673 967 ύποπόσωσιν
1702 912 1907 981 λαῖκοὶ,
1928 913 2010 985 τῷ

436 992 751 1063 φιλευσεϐεῖ
793 998 953 1067 ἡμῶν
991 1000 1141 1069 νόμῳ
1188 1003 1497 1072 παράδοτεο
1558 1006 1651 1058 ἐπὶ
1687 1007 1867 1077 τούτῳ
1898 1005 2010 1078 γὰρ

430 1085 833 1157 ἀποστέλλομεν
861 1089 952 1143 τὸν
987 1091 1292 1163 σπαθάριον
1329 1095 1486 1164 ἡμῶν
1507 1110 1524 1129 ο
1554 1095 1668 1149 ὅσοι
1718 1095 1778 1149 δὲ
1815 1097 2011 1168 κληρι-

429 1176 519 1229 κοὶ
541 1176 879 1243 ὑποπέσωσι,
902 1182 985 1252 τῷ
1011 1182 1141 1254 θείῳ
1179 1185 1272 1237 καὶ
1301 1185 1432 1256 ἱερῷ
1452 1186 1637 1241 κανόνι
1665 1187 2010 1243 ἀποδίδοσθε⁸

428 1270 824 1337 παρεγγυάσας
852 1273 1050 1337 αὐτοὺς
1080 1273 1176 1327 τοῦ
1206 1275 1504 1345 ἀναγαγεῖν
1547 1277 1639 1332 τὸν
1666 1278 1835 1350 ἄνδρα
1868 1283 2005 1351 προς,

426 1357 614 1412 αὐτόν.

497 1449 626 1505 ΞΗ’.
660 1452 997 1520 Ἐξελθόντες
1020 1456 1078 1510 δὲ
1113 1457 1409 1531 ἀμφότεροι
1438 1460 1545 1514 ἀπὸ
1571 1461 2009 1516 Κωνσταντινου⁸

426 1541 638 1606 πόλεως
665 1543 804 1597 οἵτε
835 1546 1125 1601 ἐπίσκοποι
1156 1552 1251 1603 καὶ
1279 1551 1309 1603 ό
1347 1549 1648 1619 σπαθάριος
1686 1551 1795 1605 ἀπὸ
1827 1569 2001 1624 προσ-

423 1635 575 1688 ώπου
609 1636 704 1689 τοῦ
739 1637 1027 1707 βασιλέως,
1059 1642 1355 1696 κατέλαόον
1376 1643 1475 1713 τὴν
1519 1642 1759 1715 Ῥώμην,
1784 1644 1860 1707 ὠς
1891 1644 2003 1699 ἀπὸ

424 1726 655 1781 σταδίων
696 1728 975 1784 δεκαοκτώ
997 1748 1010 1763 ·
1044 1732 1242 1805 συνέϐη
1276 1734 1333 1788 δὲ
1367 1734 1447 1804 τῷ
1477 1735 1782 1805 Μαρκιανῷ
1813 1736 1999 1807 ἀρῤω-

424 1819 617 1888 στῆσαι
641 1820 952 1891 ἀρρωστίαν
979 1822 1161 1896 δεινὴν
1207 1825 1303 1879 καὶ
1338 1824 1585 1896 βαρεῖαν.
1628 1825 1908 1893 Ἐγένοντο
1939 1826 1997 1879 δὲ

419 1907 480 1960 ὲν
509 1907 657 1980 λύπῃ
684 1909 852 1980 πολλῇ
896 1911 947 1963 οἱ
980 1912 1271 1966 ἐπίσκοποι
1314 1913 1408 1967 καὶ
1449 1915 1652 1978 πάντες
1690 1914 1741 1967 οἱ
1773 1915 1871 1967 σὺν
1899 1915 1998 1968 αύ-

416 2000 553 2062 τοΐς.
581 1999 738 2053 Μετὰ
775 2000 832 2053 δὲ
864 2002 1111 2073 ἀνάγκης
1155 2004 1353 2070 πολλῆς
1385 2004 1631 2076 εἰσῆλθον
1675 2007 1733 2059 ἐν
1771 2004 1995 2081 Ῥὡμῃδ

415 2083 560 2159 ἦσαν
610 2091 667 2145 δὲ
710 2093 914 2159 πάντες
956 2094 1287 2165 λυπούμενοι
1335 2099 1465 2169 περὶ
1493 2099 1610 2152 ’τοῦ
1650 2101 1991 2171 Μαρκιανοῦ.

415 2180 574 2234 Μετὰ
614 2181 671 2235 δὲ
717 2183 928 2254 ἡμέρας
969 2184 1100 2239 δέκα
1144 2186 1380 2257 ἤμελλεν
1417 2186 1709 2261 τελευτᾷν
1742 2194 1832 2246 καὶ
1864 2185 1993 2266 ⁸ιὲρὶ

414 2268 568 2340 ἡλίου
603 2271 814 2342 δυσμὰς
841 2274 951 2329 ἰδοὺ
985 2276 1144 2347 γυνὴ,
1186 2271 1255 2350 ἦς
1298 2279 1359 2333 τὸ
1404 2280 1696 2350 θυγάτριον
1738 2283 1925 2339 ἰάσατο
1962 2287 1993 2338 6

414 2362 568 2431 ἅγιος
590 2365 909 2438 Γρηγόριος,
934 2367 1257 2442 διερχομένη
1279 2371 1513 2443 ἤκουσεν
1533 2375 1873 2445 ὀδυρομένων
1894 2377 1991 2431 καὶ

413 2453 756 2525 θρηνούντων
792 2458 883 2513 τὸν
922 2461 1258 2529 Μαρκιανόν.
1298 2464 1365 2517 Ἡ
1403 2464 1460 2519 δὲ
1489 2465 1628 2537 γυνὴ
1656 2467 1990 2523 ἐπυνθάνετο

411 2547 545 2617 παρ’
583 2547 763 2602 αὐτῶν
814 2548 959 2613 τίνος
1015 2550 1199 2605 ἕνεκεν
1260 2555 1524 2609 κόπτεται
1576 2555 1644 2610 τὰ
1700 2559 1982 2631 παιδάρια.

422 2636 773 2706 Ἀποκριθεὶς
802 2639 861 2693 δὲ
900 2636 980 2704 εἷς
1019 2641 1082 2708 εξ
1108 2643 1289 2697 αὐτῶν
1319 2644 1467 2714 λέγει
1509 2647 1681 2719 αὐτῇ⁸
1713 2650 1775 2702 Ἀ
1788 2667 1927 2720 μμα,
1956 2654 1987 2706 6

409 2727 599 2798 κύριος
632 2729 790 2800 ήμῶν
831 2732 913 2795 εἰς
944 2732 1042 2803 τὴν
1072 2734 1309 2805 ἐσχάτην
1338 2738 1508 2809 πνοήν
1538 2740 1705 2803 ἐστιν,
1739 2742 1835 2794 καὶ
1860 2742 1987 2796 τοῦ-

406 2834 511 2872 τον
554 2818 880 2890 θρηνοῦμεν.
916 2821 1083 2890 Λέγει
1134 2824 1320 2888 αὐτοῖς
1364 2826 1397 2895 ἠ
1446 2827 1622 2898 γυνή·
1667 2828 1983 2887 Βαστάσατε

408 2909 571 2964 αὐτὸν
604 2912 743 2981 μετὰ
770 2914 870 2984 τῆς
898 2914 1108 2984 κλίνης.
1137 2917 1232 2970 καὶ
1261 2917 1667 2990 ἀκολουθήσατέ
1692 2939 1804 2991 μοι,
1827 2923 1983 2993 κάγὼ

406 3001 537 3072 ὑμῖν
588 3004 851 3070 ὑποδείξω
904 3006 1074 3075 ἄνδρα
1105 3006 1282 3077 ἅγιον,
1317 3009 1376 3073 ὃς
1415 3011 1622 3067 ἰάσεται
1658 3013 1751 3065 τὸν
1770 3014 1982 3086 -κύριον

407 3188 618 3258 ἑσπέρα
651 3189 861 3254 βαθεῖα,
896 3190 1005 3261 ἡδὲ
1033 3193 1170 3263 γυνὴ
1209 3196 1517 3264 ἅνάγκασεν
1547 3198 1744 3262 αὐτοὺς
1779 3200 1980 3269 βαστάκ

407 3297 500 3335 σαι
534 3280 633 3350 τὴν
674 3281 862 3352 κλίνην
904 3283 1003 3335 σὺν
1037 3283 1135 3336 τοῦ
1165 3285 1358 3355 ἀνδρὸς
1389 3286 1482 3341 καὶ
1515 3289 1632 3359 μετ’
1662 3290 1835 3361 αὐτῆς
1868 3293 1978 3347 ἁπ-

404 3372 598 3426 ελθεῖν.
628 3374 692 3426 Οί
723 3373 778 3426 δὲ
809 3374 1121 3439 ἀνελθόντες
1149 3377 1206 3429 ἐν
1243 3376 1321 3446 τῷ
1346 3379 1479 3450 οίκῳ
1510 3380 1839 3452 περιέδησαν
1873 3384 1973 3437 αύ-

374 3465 495 3525 ιτόν
517 3484 530 3497 ·
569 3466 730 3529 αὐτὸς
756 3465 813 3519 δὲ
848 3462 917 3537 ἦν
950 3467 1322 3538 όλοφυρμένος
1366 3471 1444 3540 τῷ
1474 3473 1714 3543 πυρετῷ,
1750 3475 1845 3527 καὶ
1878 3477 1977 3529 οὐκ

401 3559 539 3623 οἶδε,
570 3558 629 3612 τὸ
661 3559 713 3612 τί
744 3559 891 3630 αὐτῷ
918 3562 1135 3616 ἐποίουν
1162 3564 1211 3616 οἱ
1241 3564 1428 3627 παῖδες
1454 3564 1634 3620 αὐτοῦ.
1670 3566 1978 3622 Βαστάσαν-

400 3658 492 3713 τες
523 3651 580 3703 δὲ
610 3651 770 3704 αὑτὸν
797 3652 867 3704 τὰ
896 3652 1179 3723 παιδάρια,
1214 3654 1424 3725 ῆγαγον
1466 3657 1549 3721 εἰς
1579 3659 1677 3729 τὴν
1706 3660 1974 3732 φυλακὴν,

402 3741 530 3795 ἔνθα
554 3737 622 3813 ἦν
644 3744 672 3796 ὁ
703 3744 970 3814 μακάριος
991 3745 1312 3816 Γρηγόριος.
1342 3748 1450 3801 Kal.
1473 3749 1856 3818 εἰσαγαγόντες
1879 3754 1977 3806 αὐ-

390 3832 493 3887 τδν
522 3833 667 3887 ἔνδον
704 3830 807 3905 τῆς
843 3837 1111 3907 φυλακῆς,
1143 3836 1266 3891 ίδὼν
1296 3838 1458 3893 αὐτὸν
1495 3841 1523 3894 6
1546 3844 1827 3914 μακάριος
1848 3845 1977 3917 ἀδη-

404 3923 690 3995 μονοῦντα,
745 3926 1011 3982 ἔκλαυσεν
1066 3929 1153 3982 ἐπ’
1181 3929 1349 4000 αὐτῷ,
1403 3928 1511 3995 ἕως
1565 3932 1663 3986 οὐκ
1714 3928 1783 4003 ἦν
1827 3934 1976 4006 αὐτῷ

405 4017 557 4088 ἰσχύς
573 4036 587 4050 ·
626 4020 719 4073 καὶ
747 4020 1006 4090 φωνήσας
1031 4021 1195 4076 αὑτὸν
1220 4020 1368 4088 ἅπαξ
1397 4023 1493 4076 καὶ
1513 4022 1615 4088 δἰς,
1646 4025 1801 4079 οὐδὲν
1825 4027 1975 4098 αὐτῷ

401 4108 770 4181 ἀποκριθῆναι
807 4101 1047 4180 ἴσχυσεν,
1079 4111 1204 4165 οὐδὲ
1231 4110 1450 4181 ἐπέγνω
1486 4113 1649 4169 αὑτὸν
1680 4115 1745 4169 ὲκ
1771 4115 1974 4189 πολλῆς

401 4201 652 4272 συνοχῆς,
697 4194 768 4273 ἦς
811 4202 1107 4273 συνείχετο.
1151 4205 1209 4258 '0
1248 4203 1307 4258 δὲ
1343 4206 1614 4277 μακάριος
1660 4207 1975 4279 προσελθὼν

398 4288 670 4360 ιπέθηκεν
702 4292 851 4363 αὐτῷ
896 4293 996 4364 τὴν
1041 4296 1218 4365 χεῖρα,
1273 4295 1398 4360 δοὺς
1435 4295 1587 4368 αὐτῷ
1630 4297 1728 4365 τὰς
1758 4298 1975 4364 ἑξέθους

398 4379 582 4449 εὐχάς.
614 4382 724 4436 Καὶ
760 4382 875 4453 μετ’
918 4383 1097 4453 ὀλίγον
1143 4384 1418 4457 ἡσύχασεν
1464 4387 1495 4439 6
1524 4387 1843 4458 Μαρκιανὸς
1876 4396 1973 4444 καὶ

396 4472 755 4541 ἀφύπνωσεν·
795 4470 865 4546 ἦν
898 4475 1009 4545 γὰρ
1035 4475 1174 4547 ἔχων
1210 4478 1425 4551 ἡμέρας
1446 4475 1620 4532 εἴκοσι
1652 4479 1813 4533 πέντε
1848 4481 1972 4555 μηδ’

394 4563 532 4627 ὅλως
564 4564 897 4637 κοιμηθῆναι
940 4567 1205 4637 δυνηθείς.
1238 4568 1639 4640 Προσελθόντες
1670 4570 1726 4623 δὲ
1763 4573 1812 4624 οἱ
1844 4573 1971 4625 παῖ-

395 4655 485 4720 δες
546 4654 740 4720 αὑτοῦ,
804 4656 1095 4722 πίπτοντες
1158 4659 1312 4730 παρὰ
1372 4660 1501 4723 τοὺς
1561 4660 1727 4724 πόδας
1776 4661 1967 4728 αὐτοῦ,

396 4745 675 4811 κλαίοντες
714 4748 812 4801 καὶ
849 4747 1129 4827 λέγοντεςο
1166 4749 1420 4819 Ἐλέησον
1456 4754 1626 4824 ἡμᾶς,
1669 4752 1823 4807 δοῦλε
1875 4753 1969 4807 τοῦ

394 4838 555 4904 Θεοῦ,
578 4829 674 4894 καὶ
704 4840 857 4906 εὖξαι
885 4841 1026 4913 ὑπὲρ
1051 4839 1145 4895 τοῦ
1184 4842 1378 4913 κυρίου
1400 4844 1558 4915 ἡμῶν
1584 4845 1680 4899 καὶ
1712 4842 1807 4898 σοῦ
1832 4848 1971 4917 ἠγα-

395 4931 640 5000 πημένου
666 4918 848 5000 ἓρίλου.
893 4934 951 4987 '0
980 4933 1037 4986 δὲ
1078 4934 1216 5004 πρὸς
1260 4934 1488 5000 αὐτούς’
1522 4936 1701 4990 Τέκνα
1750 4954 1875 5008 μου,
1907 4938 1970 4991 τὸ

395 5020 607 5092 θέλημα
652 5022 748 5075 τοῦ
797 5022 1001 5094 Κυρίου
1034 5023 1274 5091 γενέσθω
1325 5026 1420 5078 καὶ
1457 5027 1538 5089 είς
1566 5015 1728 5080 αὐτὸν
1764 5027 1859 5081 καὶ
1890 5029 1970 5091 είς

393 5112 562 5181 ἡμᾶς.
596 5106 732 5184 Περὶ
767 5112 823 5166 δὲ
853 5113 916 5167 τὸ
948 5113 1300 5184 μεσονύκτιον
1324 5114 1631 5186 προσῆλθον
1674 5118 1745 5169 τὰ
1772 5116 1968 5171 παιδά-

394 5220 509 5274 ρια,
536 5204 631 5258 καὶ
650 5205 1028 5276 κρατήσαντες
1053 5204 1236 5268 αὑτὸν,
1271 5205 1380 5258 ἰδοὺ
1407 5206 1506 5258 οὐκ
1526 5202 1593 5276 ἦν
1620 5208 1679 5260 ὲν
1694 5208 1845 5279 αύτῷ
1872 5227 1969 5263 πυ-

396 5294 571 5363 ρετὸς,
601 5295 695 5350 καὶ
719 5294 971 5360 ἐδόξαζον
998 5293 1090 5349 τὸν
1118 5295 1272 5349 Θεόν.
1317 5295 1375 5349 Ὁ
1400 5296 1456 5348 δὲ
1485 5295 1641 5365 ἅγιος
1667 5298 1967 5371 Γρηγόριος

472 5468 669 5545 (8_l)_ln
708 5470 914 5545 Moschi
949 5470 1113 5545 Prata
1155 5489 1261 5528 non
1296 5475 1458 5529 semel
1502 5477 1746 5531 occurrit
1776 5477 1968 5545 huius-

394 5540 542 5594 modi
591 5540 830 5595 formula
886 5543 939 5595 in
991 5542 1209 5597 feminis
1253 5545 1606 5613 appellandis,
1656 5548 1724 5601 iis
1774 5540 1961 5612 etiam,

392 5624 516 5678 quze
557 5613 753 5688 procul
781 5628 810 5665 ιι
843 5614 1197 5688 monasteriis
1242 5617 1408 5688 vitam
1452 5618 1726 5688 degerent.
1761 5619 1961 5688 Διηγή-

395 5693 528 5756 ςατο
560 5679 783 5756 ’δὲ-ἡμῖν
833 5685 865 5751 ἡ
910 5681 1050 5756 αύτὴ
1083 5679 1596 5756 Ἀμμας--Δαμιαβὴ
1642 5688 1732 5740 καὶ
1784 5679 1958 5741 τοῦτο.

396 5744 654 5804 Narravit
672 5744 865 5805 ’ὰιιιεηί
891 5744 1248 5807 nobis'ead'ein
1287 5744 1469 5811 ⁷Μιιιεί·
1510 5744 1773 5812 υιίηιίαηα
1804 5757 1962 5812 etiam

2115 556 2374 625 speciem,
2399 559 2493 613 sed
2525 560 2812 616 veritatem
2844 562 3018 632 ipsam
3048 565 3221 620 secuti
3254 566 3576 622 videamini.
3610 568 3689 624 Ae

2112 645 2183 700 de
2207 646 2311 702 viri
2361 649 2893 718 calumniatoribus,
2935 654 3030 724 qui
3076 657 3315 712 convicti
3368 656 3594 723 fuerint,
3640 658 3690 714 si

2111 733 2237 789 laici
2275 735 2425 801 sint,
2464 738 2638 795 sacris
2684 741 2898 811 legibus
2944 744 3150 800 nostris
3199 746 3433 802 subesse
3468 747 3688 816 cogite;

2110 840 2239 880 nam
2282 826 2385 883 hac
2408 829 2476 884 de
2496 842 2662 886 causa
2693 832 3031 901 spatliarium
3061 843 3311 891 nostrum
3361 836 3632 892 mittimus
3668 854 3684 892 :

2110 917 2157 972 si
2184 916 2392 983 clerici,
2424 934 2544 975 eam
2596 921 2783 978 subire
2819 939 3038 993 poenam
3064 926 3469 997 jubete,'quam
3496 924 3687 982 Eccle-

2072 1007 2204 1063 sia;
2253 1022 2494 1065 canones
2544 1014 3017 1084 praescripsernnt.
3066 1016 3410 1072 Postremum
3449 1033 3481 1072 e
3526 1032 3687 1071 man-

2111 1098 2255 1154 datis
2299 1099 2421 1170 ejus
2453 1100 2577 1169 l‘uit,
2621 1112 2681 1159 ut
2728 1115 2979 1161 sanctum
3028 1108 3205 1162 virum
3244 1109 3311 1164 ad
3359 1124 3487 1164 eum
3510 1108 3686 1165 dedu-

2109 1200 2317 1249 eerent.

2177 1453 2413 1511 LXVIII.
2441 1454 2561 1512 Jam
2593 1472 2727 1514 vero
2763 1458 2976 1514 dimissi
3007 1460 3077 1514 ab
3108 1460 3436 1528 imperatore
3471 1469 3525 1513 et
3563 1457 3681 1528 epi-

2105 1548 2255 1617 scopi
2284 1556 2338 1602 et
2381 1550 2716 1618 spatliarius,
2758 1549 3232 1620 Constantinopoli
3271 1551 3432 1605 simul
3484 1563 3677 1605 omnes

2102 1640 2404 1695 solverunt.
2433 1641 2504 1696 At
2532 1656 2657 1697 cum
2681 1643 2922 1698 secunda
2956 1643 3038 1697 usi
3071 1643 3447 1713 navigatione.
3480 1645 3550 1696 ab
3580 1656 3674 1695 ur.

2108 1731 2176 1787 be
2224 1731 2399 1787 Roma
2439 1748 2549 1787 non
2578 1734 2703 1803 plus
2754 1734 3010 1791 abessent
3058 1749 3219 1804 quam
3266 1733 3441 1788 stadia
3484 1734 3673 1787 decem

2099 1830 2247 1886 octo,
2279 1821 2591 1879 Marcianus
2624 1825 2679 1878 in
2713 1840 2932 1895 gravem
2969 1824 3263 1880 admodum
3307 1840 3372 1880 ac
3398 1824 3672 1894 periculo—

2097 1928 2217 1969 sum
2256 1914 2454 1972 incidit
2490 1916 2765 1971 morbum.
2794 1916 2963 1988 Cujus
2990 1917 3068 1971 rei
3100 1931 3265 1972 causa
3296 1925 3404 1970 tam
3428 1914 3670 1985 episcopi

2095 2022 2259 2078 quam
2286 2010 2468 2064 caeteri
2497 2023 2711 2073 omnes,
2743 2025 2882 2080 quos
2923 2025 3110 2065 secum
3144 2010 3438 2073 habebant,
3474 2022 3671 2077 magno

2094 2095 2283 2152 dolore
2306 2097 2482 2152 allecti
2511 2108 2662 2154 sunt.
2683 2097 2850 2169 Αἷμα
2869 2099 3090 2154 demum
3121 2100 3175 2154 in
3197 2099 3385 2153 urbem
3414 2098 3667 2168 ingressi,

2091 2188 2351 2245 Marciani
2382 2192 2555 2247 vicem
2593 2207 2784 2247 omnes
2830 2194 3016 2248 dolere
3055 2193 3369 2263 pergebant.
3415 2192 3505 2247 Ille
3538 2206 3669 2247 vero

2090 2291 2220 2352 post
2244 2282 2433 2339 decem
2466 2285 2586 2340 dies
2613 2284 2668 2338 in
2701 2285 2955 2339 ultimum
2992 2286 3116 2341 vitae
3153 2286 3446 2340 discrimen
3495 2284 3664 2339 venit.

2090 2372 2292 2429 Verum
2324 2375 2425 2430 sub
2446 2376 2579 2431 solis
2604 2390 3030 2441 occasum,.ecce
3056 2377 3272 2441 mulier,
3307 2376 3466 2443 cujus
3496 2375 3662 2430 tiliam

2087 2476 2313 2523 sanctus
2342 2466 2640 2538 Gregorius
2669 2479 2978 2533 sanaverat,
3008 2468 3285 2537 planctum
3326 2483 3538 2533 eorum,
3567 2471 3661 2539 qui

2086 2557 2432 2614 Marcianum
2476 2560 2953 2625 lamentabantur,
3002 2559 3371 2627 pertransiens
3400 2560 3607 2614 audivit
3642 2578 3658 2615 :

2086 2648 2267 2715 Quare
2320 2651 2698 2722 interrogavit,
2748 2651 2905 2720 cujus
2948 2664 3117 2706 causa
3173 2650 3326 2719 pueri
3366 2650 3664 2721 lugerent?

2086 2730 2334 2808 Quor’um
2375 2757 2520 2798 unus
2567 2744 2648 2799 sic
2679 2743 2756 2797 illi
2791 2742 3115 2814 respondit:
3143 2741 3318 2797 IIerus
3371 2752 3576 2805 noster,
3623 2756 3662 2798 ο

2084 2832 2227 2887 bona
2261 2841 2437 2889 mater
2464 2832 2601 2904 (81),
2623 2834 2858 2888 animam
2875 2832 2989 2904 agit
3020 2850 3034 2887 :
3063 2832 3206 2888 hunc
3232 2848 3333 2887 nos
3359 2833 3656 2902 ploramus.

2081 2923 2176 2980 Illa
2206 2939 2334 2980 vero
2356 2939 2546 2980 omnes
2569 2924 2791 2997 [uxxv]
2818 2926 3176 2995 compellans,
3200 2922 3341 2990 Quin
3376 2938 3525 2987 eum,
3556 2925 3654 2992 ait,

2081 3029 2205 3069 cum
2237 3014 2434 3069 lectulo
2473 3028 2577 3069 suo
2626 3013 2819 3077 tollite,
2878 3029 2943 3069 ac
2986 3029 3074 3069 me
3124 3015 3417 3084 sequimini
3453 3031 3468 3067 :
3503 3014 3656 3071 vobis

312 3122 317 3127 -
406 3096 583 3165 ὑμῶν.
613 3098 723 3151 Καὶ
758 3099 835 3161 ὡς
867 3099 925 3153 ὲν
953 3098 1031 3169 τῷ
1063 3100 1267 3170 μεταξὺ
1298 3103 1610 3172 ὲσκότασεν,
1646 3110 1739 3160 καὶ
1766 3108 1983 3176 ἐγένετο

2084 3120 2183 3175 ego
2225 3106 2402 3161 virum
2463 3115 2712 3162 sanctum
2751 3104 3158 3173 demonstrabo,
3198 3106 3289 3178 qui
3322 3107 3512 3162 herum
3559 3122 3657 3162 ve-

2085 3203 2260 3249 strum
2323 3197 2557 3251 sanabit.
2593 3194 2805 3252 Interea
2846 3213 2970 3252 cum
3026 3198 3260 3253 tenebrae
3293 3198 3405 3267 jam
3449 3205 3652 3262 essent,

2082 3288 2259 3357 coegit
2277 3302 2372 3343 eos
2401 3290 2598 3344 mulier
2622 3289 2723 3344 viri
2743 3290 2940 3346 lectum
2972 3290 3157 3346 tollere
3181 3304 3245 3345 ae
3260 3304 3445 3344 secum
3465 3290 3651 3344 abire:

2082 3380 2264 3451 itaque
2292 3381 2515 3437 domum
2568 3383 2823 3453 ingressi,
2872 3382 3205 3441 Marcianum
3253 3383 3650 3453 obligaverunt,

2081 3473 2322 3541 quicum
2372 3473 2508 3528 febri
2559 3482 2837 3540 aestuaret,
2870 3475 3094 3528 minime
3132 3475 3323 3540 sensit,
3368 3474 3498 3545 quid
3547 3474 3653 3530 sibi

2081 3563 2235 3631 pueri
2276 3562 2536 3618 facerent.
2570 3563 2708 3618 Tum
2753 3565 3114 3619 succollantes
3157 3566 3347 3619 herum
3384 3582 3558 3635 usque
3582 3565 3651 3619 ad

2082 3665 2359 3705 carcerem
2392 3661 2762 3722 gestaverunt,
2809 3654 2861 3707 in
2897 3669 3006 3724 quo
3027 3656 3219 3710 beatus
3244 3654 3540 3725 Gregorius
3563 3656 3653 3708 de-

2078 3740 2257 3810 gebat.
2296 3739 2368 3796 Ut
2400 3757 2550 3805 vero,
2580 3744 2648 3798 iis
2673 3744 2727 3797 in
2750 3759 3025 3798 carcerem
3052 3744 3334 3814 ingressis,
3371 3744 3504 3797 vidit
3531 3743 3653 3796 bea-

2080 3841 2170 3887 tus
2197 3833 2278 3886 vir
2297 3830 2631 3887 Marcianum
2664 3834 2857 3888 inorbo
2897 3834 3285 3902 doloribusque
3316 3832 3646 3899 confectum,

2078 3931 2264 3977 tenere
2297 3922 2561 3994 lacrymas
2592 3938 2700 3977 non
2733 3923 2947 3992 potuit,
2982 3937 3046 3977 ac
3089 3921 3336 3976 ﬂebiliter
3383 3922 3649 3976 lamenta-

2076 4023 2166 4070 tus
2207 4021 2293 4072 est
2322 4036 2337 4071 :
2372 4015 2569 4071 deinde
2596 4017 2909 4071 inclamavit
2937 4031 3060 4071 eum
3091 4015 3261 4070 semel
3299 4031 3363 4069 ac
3395 4015 3479 4069 bis
3510 4030 3526 4070 :
3556 4014 3649 4085 qui

2078 4114 2258 4162 tamen
2310 4121 2411 4162 nec
2447 4108 2777 4178 respondere
2822 4106 2900 4162 illi
2951 4107 3251 4178 quidquam
3297 4107 3491 4177 potuit,
3546 4119 3651 4160 nec

2075 4195 2275 4267 ipsum,
2306 4196 2361 4252 vi
2390 4197 2565 4252 morbi
2589 4212 2700 4268 quo
2723 4198 3041 4269 angebatur,
3085 4206 3448 4261 essternatus,
3476 4210 3648 4265 agno-

2073 4287 2171 4343 vit.
2204 4288 2346 4359 Ergo
2369 4290 2631 4345 accedens
2664 4290 2837 4360 magis
2862 4290 3054 4345 beatus
3076 4288 3159 4343 vir
3187 4291 3407 4342 manum
3439 4287 3516 4341 illi
3546 4287 3649 4340 im-

2074 4379 2278 4448 posuit,
2309 4388 2367 4436 et
2397 4391 2691 4438 consuetas
2707 4381 2915 4438 addidit
2942 4396 3153 4452 preces.
3187 4378 3306 4457 Non
3338 4379 3506 4433 multo
3526 4387 3648 4447 post

2076 4472 2358 4540 quiescere
2388 4472 2698 4529 Marcianus
2740 4482 2905 4544 atque
2944 4473 3254 4529 obdormire
3297 4474 3479 4540 coepit,
3516 4485 3640 4524 cum

2068 4562 2182 4633 jam
2229 4561 2522 4620 vicesimus
2549 4565 2773 4636 quintus
2805 4564 2922 4619 dies
2966 4574 3131 4628 esset,
3171 4578 3237 4618 ex
3270 4578 3378 4632 quo
3419 4576 3645 4615 somnus

2072 4675 2197 4715 eum
2262 4662 2486 4715 omnino
2519 4659 2844 4729 reliquerat.
2878 4657 3032 4711 Servi
3072 4671 3201 4709 vero
3245 4653 3389 4708 illius
3427 4652 3493 4706 ad
3517 4667 3644 4705 san-

2072 4763 2221 4809 ctum
2253 4754 2433 4808 virum
2468 4753 2741 4819 conversi,
2767 4751 3061 4823 procidunt
3090 4750 3158 4806 ad
3190 4750 3354 4821 pedes
3396 4747 3536 4818 ejus,
3579 4760 3643 4799 ac

2071 4844 2263 4900 ﬁentes
2300 4861 2314 4899 :
2345 4838 2625 4909 Miserere,
2656 4844 2935 4913 inquiunt,
2973 4842 3169 4905 nostri,
3200 4857 3234 4894 o
3262 4840 3354 4895 Dei
3387 4854 3562 4901 serve,
3589 4848 3642 4893 et

2072 4936 2270 4992 adhibe
2317 4950 2509 5007 preces
2542 4950 2640 5006 pro
2686 4936 2817 4990 bero
2862 4943 3073 5000 nostro,
3121 4935 3424 5003 eodemque
3468 4932 3644 4986 amico

2075 5027 2169 5083 tibi
2213 5026 2559 5082 charissimo.
2597 5023 2807 5091 Quibus
2845 5026 2934 5080 ille
2964 5041 2979 5079 :
3012 5024 3155 5091 Filii,
3188 5025 3383 5097 inquit,
3410 5024 3537 5088 mei,
3578 5023 3643 5076 de

2071 5134 2138 5174 eo
2166 5118 2341 5188 deque
2366 5118 2526 5175 nobis
2548 5118 2693 5188 quod
2726 5118 2986 5173 Dominus
3014 5117 3230 5180 statuit,
3264 5116 3317 5170 id
3354 5118 3464 5169 iiut.
3522 5113 3641 5168 Cir-

2071 5226 2135 5267 ca
2184 5211 2418 5265 mediam
2450 5217 2666 5265 noctem
2701 5223 2986 5265 accessere
3029 5209 3230 5263 iterum
3284 5208 3458 5277 pueri,
3488 5221 3638 5260 cum-

2070 5319 2177 5375 que
2198 5304 2388 5359 herum
2415 5303 2739 5375 tetigissent,
2764 5303 2885 5359 sine
2908 5300 3047 5359 febri
3074 5318 3201 5358 eum
3230 5315 3350 5357 esse
3366 5300 3633 5356 sentiunt:

2068 5487 2164 5555 hoc
2201 5485 2365 5555 (apud
2394 5483 2570 5555 Cotel.
2607 5483 2684 5538 Μ.
2722 5484 2866 5539 Eccl.
2897 5484 2989 5541 Gr.
3022 5492 3060 5539 t.
3099 5484 3163 5549 ll,
3193 5499 3245 5551 p.
3267 5478 3439 5555 405):
3472 5474 3633 5555 cujus

2070 5545 2348 5610 Damiana:
2399 5554 2543 5610 filius
2593 5555 2756 5624 paulo
2804 5562 2926 5626 post
2993 5556 3079 5624 (p.
3115 5545 3632 5626 101)_ut§pq|lalyl'

2068 5626 2446 5694 Atlicnogenes
2503 5617 2818 5681 Pet-rarum'
2846 5617 3153 5694 episcopus.
3213 5619 3319 5674 Τοῦ
3361 5617 3479 5668 υιοῡ
3534 5617 3630 5684 τῆς

2073 5697 2293 5767 Ἀμμας
2323 5697 2618 5765 Δαμιανῆς.
