4104 6262
459 325 556 393 671

1361 293 1369 301 ’
1434 333 1474 392 s
1556 333 1933 396 GREGORII
1966 329 2478 393 AGRIGENTtNI
2515 329 2710 390 VITA.

3594 326 3712 388 θ’ῑὲ

457 456 582 508 qua
621 455 710 496 res
753 441 876 496 illos
905 441 972 494 ad
1013 441 1206 496 laudes
1253 437 1367 495 Deo
1415 441 1719 499 reddendas
1747 443 2024 498 excitavit.

2123 443 2266 516 πρὸς
2325 440 2525 504 αὐτούς
2545 453 2560 470 ο
2629 439 2832 508 Ἀφετε
2889 435 3304 492 ἀναπαύσασθαι
3355 433 3448 488 τὸν
3511 432 3702 503 κύριον

425 536 428 540 ’
467 533 568 588 lies
599 543 778 587 autem
811 541 1036 587 sanctus
1070 531 1366 602 Gregorius
1406 534 1708 600 admonuit,
1745 547 1807 590 ut
1833 536 2026 589 herum

459 637 620 679 suum
673 623 956 691 quiescere
1001 623 1244 678 sinerent
1281 643 1298 678 :
1343 625 1457 694 ipse
1497 635 1713 680 noctem
1765 627 2026 696 reliquam

459 715 726 770 insomnis
749 715 1010 784 transegit
1035 713 1146 769 Deo
1173 715 1522 786 supplicans,
1555 726 1612 771 ut
1643 732 1850 788 aegrum
1880 717 2029 774 sani-

462 808 559 862 tati
589 809 920 870 restitueret,
948 817 1111 876 atque
1139 809 1195 861 in
1227 807 1312 862 his
1340 809 1596 877 precibus
1631 824 1810 879 usque
1835 809 1904 864 ad
1930 825 2028 864 au-

459 915 641 954 roram
688 898 1074 970 perseveravit.
1127 897 1370 954 Subinde
1419 901 1688 954 matutina
1730 901 2028 970 psalmodia

461 994 736 1054 inchoata,
785 991 887 1046 sub
931 990 1095 1045 linem
1128 991 1568 1062 quinquagesimi
1614 992 1848 1062 psalmi,
1896 992 2028 1048 dum

460 1091 687 1138 sanctus
724 1083 807 1136 vir
860 1082 986 1136 thus
1019 1080 1136 1152 (82)
1169 1081 1412 1137 adoleret
1445 1081 1583 1152 (85),
1621 1081 1826 1136 exsiliit
1871 1097 1903 1138 ο
1947 1083 2026 1138 ιε.

461 1170 549 1229 ctu
571 1174 898 1238 Marcianus,
923 1189 988 1227 ac
1013 1173 1226 1227 beatum
1247 1173 1423 1226 virum
1445 1174 1847 1242 contemplatus
1865 1188 2029 1243 agno-

460 1265 538 1318 vit
571 1283 584 1316 :
619 1265 801 1332 itaque
857 1278 1154 1319 accurrens
1187 1277 1251 1317 ac
1309 1263 1474 1333 pedes
1515 1265 1635 1332 ejus
1686 1264 2024 1333 complexus,

461 1355 708 1408 osculum
739 1354 822 1409 his
851 1353 1019 1416 dedit,
1053 1353 1340 1424 ipsumque
1364 1353 1600 1408 adorans
1620 1353 1697 1407 ait
1727 1369 1742 1406 :
1775 1354 1892 1423 Ago
1914 1353 2026 1408 Deo

461 1446 664 1514 gratias
693 1459 784 1514 per
813 1453 885 1509 te,
912 1443 1073 1500 Pater
1098 1455 1306 1510 sancte,
1330 1443 1424 1513 qui
1461 1445 1566 1498 tuis
1594 1442 1848 1513 precibus
1895 1457 2028 1499 exo-

461 1546 613 1592 ratus
668 1550 754 1590 me
784 1534 1096 1588 valetudine
1128 1537 1334 1588 donare
1375 1533 1636 1602 dignatus
1677 1543 1786 1590 est.
1830 1533 2030 1588 Mansit

461 1636 592 1675 vero
621 1621 762 1689 apud
788 1635 913 1675 eum
945 1619 1254 1674 Marcianus
1271 1635 1395 1674 cum
1415 1621 1600 1690 pueris
1624 1621 1763 1685 suis,
1791 1637 1856 1676 ac
1879 1621 2028 1692 psal-

464 1728 582 1767 ιι.οε
608 1713 770 1766 simul
801 1713 1070 1776 cecinere,
1106 1720 1162 1766 et
1181 1711 1461 1766 Servatori
1490 1711 1737 1766 omnium
1763 1711 1876 1766 Deo
1903 1711 2022 1771 lau-

462 1806 558 1858 dcs
587 1804 912 1856 tribuerunt.
946 1799 1190 1873 [Luxu]
1222 1801 1320 1858 liis
1361 1802 1596 1872 peractis
1632 1817 1757 1858 cum
1787 1802 2028 1859 assedis-

463 1903 604 1960 scnt,
628 1904 681 1950 et
706 1895 1014 1950 Marcianus
1043 1895 1355 1958 miraretur,
1381 1895 1527 1964 quod
1555 1904 1777 1951 sanctus
1805 1897 1889 1950 vir
1915 1905 2024 1950 tam

461 1985 754 2040 tenebroso
795 1985 850 2039 in
901 1978 1019 2040 10cc
1073 1984 1368 2039 conclusus
1402 1983 1618 2053 fuisset,
1659 2002 1849 2056 rogare
1897 2002 2022 2042 eum

462 2073 757 2144 Gregorius
781 2075 862 2128 sic
886 2074 1051 2143 erepit
1081 2090 1098 2128 :
1147 2071 1436 2139 Quomodo
1475 2086 1529 2130 te
1576 2077 1766 2144 habes,
1799 2076 2024 2132 Domine

459 2165 732 2220 Marciane
761 2165 960 2220 Christi
987 2167 1184 2222 serve?
1230 2169 1326 2237 qui
1371 2179 1556 2225 nostra
1599 2185 1764 2225 causa
1813 2178 2024 2225 tantum

461 2258 670 2312 itineris
707 2257 1023 2327 susceperis
1072 2274 1198 2313 cum
1251 2261 1612 2316 sanctissimis
1645 2261 1914 2332 episcopis
1951 2264 2024 2320 ob

459 2350 688 2403 m-imina
719 2365 837 2403 mea
875 2361 1052 2404 tecum
1087 2349 1484 2408 laborantibus.
1503 2351 1608 2407 Cui
1628 2353 1718 2408 ille
1748 2371 1762 2406 :
1793 2353 1958 2422 Bene,
1989 2369 2024 2409 ο

462 2441 569 2492 Deo
599 2441 779 2502 chare,
816 2455 882 2493 es
915 2439 1019 2493 hac
1041 2439 1176 2494 hora
1208 2455 1304 2509 per
1333 2449 1456 2496 tuas
1480 2456 1686 2510 preces.

531 2527 716 2582 LXIX.
758 2529 828 2581 At
856 2542 989 2582 .vero
1014 2526 1256 2584 Orientis
1283 2529 1546 2598 episcopi,
1589 2531 1682 2599 qui
1722 2546 1846 2587 cum
1879 2531 2023 2588 Mar-

457 2621 618 2674 clauo
656 2628 938 2683 venerant,
979 2620 1147 2674 simul
1176 2629 1342 2689 atque
1386 2621 1699 2690 experrecti
1729 2621 1898 2686 fuere,
1925 2624 2024 2680 do-

459 2727 634 2774 mum,
675 2711 731 2764 in
780 2726 889 2780 qua
930 2710 1253 2780 spatharius
1297 2711 1677 2777 decumbehat,
1722 2713 2017 2770 adierunt:

459 2817 568 2869 quo
598 2817 708 2855 non
737 2801 982 2866 invento,
1014 2801 1210 2858 faciem
1239 2802 1344 2859 sibi
1373 2802 1600 2859 tundere
1628 2813 1942 2874 coeperunt,
1969 2815 2024 2862 et

459 2889 572 2943 lleu
601 2889 859 2954 clamare,
885 2891 1016 2959 quid
1043 2891 1245 2946 factum
1270 2899 1356 2947 est
1376 2891 1468 2960 qui
1485 2891 1768 2947 nobiscum
1801 2893 1908 2947 huc
1935 2907 2024 2948 vc—

457 2981 576 3034 nit?
602 2981 776 3046 Quam
803 2981 1212 3060 excusationem
1234 2981 1458 3038 domino
1492 2991 1680 3038 nostro
1710 2983 2022 3054 imperatori

456 3070 765 3137 aﬂ'eremus,
791 3070 884 3141 qui
906 3072 1084 3126 virum
1111 3071 1259 3128 hunc
1284 3073 1446 3128 unice
1483 3073 1739 3130 amabat?
1765 3075 1903 3130 Ecce
1927 3090 2022 3130 ve-

457 3179 521 3216 ro
547 3176 830 3218 servorum
874 3178 1017 3218 unus
1039 3178 1072 3218 e
1105 3179 1328 3220 carcere
1359 3163 1632 3229 veniebat,
1666 3166 1759 3234 qui
1802 3166 1883 3221 sic
1911 3167 2030 3236 epi-

457 3269 656 3324 scopos
684 3253 878 3310 atratus
900 3265 984 3310 est
1011 3273 1024 3310 :
1051 3253 1129 3310 Ne
1155 3271 1255 3312 vos
1287 3255 1514 3312 maerori
1545 3257 1779 3324 dedatis,
1813 3257 2024 3313 domini

459 3345 602 3412 mei;
637 3345 802 3402 herus
847 3346 1048 3416 quippe
1095 3360 1272 3412 meus,
1311 3346 1497 3402 divino
1529 3362 1758 3403 munere
1775 3362 1880 3416 per
1905 3349 2024 3418 pias

459 3451 652 3504 preces
683 3437 860 3492 sancti
894 3437 1042 3494 illius
1069 3438 1306 3508 episcopi
1349 3437 1583 3508 hospitis
1633 3439 1722 3493 hic
1761 3439 1814 3492 in
1845 3448 2030 3494 custo-

458 3529 604 3583 diam
632 3530 838 3594 traditi,
870 3530 1030 3600 cujus
1059 3544 1283 3586 causam
1322 3545 1421 3585 vos
1455 3529 1563 3584 huc
1597 3529 1903 3599 iudicatum
1934 3546 2028 3586 ve-

458 3619 642 3687 nistis,
664 3621 953 3676 sanitatem
974 3621 1200 3692 recepit,
1217 3629 1273 3676 et
1300 3636 1422 3676 cum
1450 3621 1570 3690 ipso
1601 3621 1657 3676 in
1677 3637 1900 3678 carcere
1917 3633 2024 3687 est,

458 3727 560 3766 nec
595 3711 664 3766 ab
693 3727 758 3766 eo
782 3712 994 3782 seiungi
1033 3715 1167 3768 vult.
1213 3711 1310 3768 liis
1351 3713 1572 3778 auditis,
1615 3724 1670 3767 et
1693 3713 1882 3784 gratiis
1915 3714 2028 3770 Deo

458 3800 599 3856 actis
639 3800 888 3856 celeriter
934 3815 1167 3872 puerum
1257 3811 1560 3872 sequuntur
1601 3803 1839 3872 episcopi
1866 3812 2028 3872 atque

459 3890 524 3942 ad
552 3905 828 3946 carcerem
865 3893 1110 3948 veniunt.
1141 3893 1214 3950 Ut
1237 3895 1431 3964 pedem
1476 3895 1728 3958 intulere,
1765 3907 2017 3951 sanctum

457 3980 783 4054 Gregorium
839 3983 1148 4052 inveniunt,
1181 3995 1234 4042 et
1285 4002 1408 4042 cum
1446 3989 1629 4056 pueris
1666 3987 2024 4053 Marcianum,

456 4072 550 4140 qui
570 4073 734 4127 modo
761 4073 1001 4129 animam
1023 4076 1239 4142 agebat,
1280 4076 1634 4132 incolumem.
1657 4075 2029 4147 Contemplati

455 4177 586 4216 vero
607 4161 951 4233 Gregorium,
979 4174 1342 4235 agnoverunt.
1389 4174 1444 4220 et
1468 4166 1536 4220 ad
1568 4165 1732 4235 pedes
1762 4165 1884 4236 ejus
1915 4175 2028 4224 sta-

456 4251 552 4306 tim
584 4254 877 4322 provoluti,
911 4254 990 4310 sic
1027 4271 1152 4308 eum
1179 4254 1623 4323 compellarunt:
1658 4254 1795 4311 Vere
1835 4268 1889 4310 tu
1923 4257 2028 4312 Do-

457 4343 606 4398 mino
623 4354 882 4414 acceptus
897 4361 978 4407 es.
997 4344 1437 4414 quandoquidem
1465 4345 1679 4400 Domini
1702 4349 1876 4402 nostri
1894 4347 2020 4406 Iesu

2129 533 2304 604 ὑμῶν.
2341 533 2531 586 Πᾶσαν
2565 530 2624 582 δὲ
2651 529 2750 599 τὴν
2778 527 2950 585 νύκτα
2973 527 3174 588 ἄϋπνος
3201 523 3428 579 διετέλει
3457 537 3702 594 προσευ-

2127 624 2357 695 χόμενος
2403 621 2484 693 τῷ
2513 619 2653 691 Θεῷ,
2679 620 2830 682 ὅπως
2881 618 3044 674 αὐτὸν
3077 618 3325 686 ξίάσηται
3351 631 3363 644 °
3416 613 3592 670 ταῦτα
3637 613 3702 671 δὲ
3729 657 3744 662 -

2129 715 2382 784 εποίησεν
2408 712 2514 776 ἕως
2541 711 2761 782 ὄρθρου.
2797 709 3122 781 Ἀρξάμενοι
3147 707 3204 761 δὲ
3229 707 3325 761 τοῦ
3351 705 3577 761 ἑωθινοῦ
3603 705 3698 775 δρ-

2129 804 2284 876 θρου,
2315 804 2411 858 καὶ
2438 805 2520 867 είς
2537 803 2601 857 τὸ
2629 803 2784 864 τέλος
2801 797 2896 855 τοῦ
2917 799 3306 871 πεντηκοστοῦ,
3337 796 3698 866 θυμιάζοντος

2125 897 2222 951 τοῦ
2258 896 2440 965 ἁγίου,
2473 894 2827 966 ἀπεπήδησεν
2869 893 2978 948 ἀπὸ
3017 893 3118 962 τῆς
3155 891 3364 960 κλίνης,
3396 889 3494 960 καὶ
3523 905 3696 943 καταο

2127 989 2324 1060 νοήσας
2367 987 2458 1041 τὸν
2508 985 2778 1057 μακάριον
2821 987 2850 1039 ὁ
2883 983 3198 1054 Μαρκιανὸς
3232 983 3447 1050 ἐπέγνω
3489 979 3652 1034 αὐτόν
3675 995 3692 1011 ο

2128 1081 2224 1135 καὶ
2249 1077 2474 1152 δραμὼν
2499 1078 2804 1148 ἐκράτησεν
2829 1075 2994 1130 αὐτοῦ
3019 1075 3147 1138 τοὺς
3179 1074 3366 1138 πόδας,
3394 1071 3488 1126 καὶ
3519 1086 3696 1141 προσσ-

2127 1172 2390 1242 εκύνησεν
2429 1169 2579 1240 αὐτῷ
2618 1167 2931 1236 καταφιλῶν
2967 1166 3162 1229 αὐτοὺς
3206 1163 3302 1232 καὶ
3340 1164 3516 1230 λέγων
3539 1180 3553 1194 ·
3597 1161 3698 1214 Εὑ-

2129 1261 2368 1334 χαριστῶ
2395 1261 2472 1332 τῷ
2499 1259 2618 1330 Θεῷ
2640 1258 2730 1313 διὰ
2757 1257 2870 1324 σοῦ,
2907 1257 3090 1328 Πάτερ
3123 1257 3267 1326 ἃγιε,
3291 1257 3319 1308 6
3347 1253 3694 1322 καταξιώσας

2101 1359 2200 1424 ’με
2225 1353 2312 1407 διὰ
2340 1353 2451 1406 τῶν
2481 1351 2656 1423 εὐχῶν
2688 1367 2783 1404 σου
2815 1351 2998 1420 τυχεῖν
3027 1349 3270 1419 ῥώσεως.
3299 1349 3468 1417 Ἐστη
3503 1345 3561 1398 δὲ
3594 1345 3698 1397 σὺν

2127 1443 2278 1515 αὑτῷ
2301 1445 2331 1498 6
2359 1442 2678 1515 Μαρκιανὸς
2705 1442 2822 1514 ἅμα
2857 1439 2966 1494 τῶν
3001 1439 3300 1510 παιδαρίων
3326 1437 3514 1498 αὑτοῦ,
3554 1435 3693 1506 ψάλ-

2127 1537 2310 1601 λοντες
2339 1537 2454 1607 ἅμα
2483 1538 2576 1591 καὶ
2597 1531 3058 1606 εὐχαριστοῦντες
3079 1529 3159 1600 τῷ
3182 1530 3398 1600 Σωτῆρι
3425 1528 3535 1580 τῶν
3555 1527 3696 1581 ὅλων

2127 1625 2269 1696 Θεῷ.
2322 1625 2626 1696 Γενομένης
2669 1620 3088 1686 δὲ’ἁπολύσεως
3133 1619 3529 1688 ἐκαθέσθησαν.
3583 1617 3695 1670 Καὶ

2127 1712 2436 1784 ἐθαύμασεν
2479 1713 2510 1765 6
2547 1711 2882 1782 Μαρκιανὸς,
2919 1713 2979 1765 ὲν
3011 1710 3149 1780 ποίῳ
3173 1710 3325 1780 τόπῳ
3354 1707 3584 1778 σκοτινῷ
3623 1703 3694 1778 ἦν

2127 1803 2512 1874 κεκλεισμένας
2563 1803 2593 1856 6
2643 1799 2816 1871 ἅγιος.
2845 1796 2980 1854 Εἶτα
3005 1798 3153 1870 λέγει
3202 1799 3283 1869 τῷ
3309 1797 3614 1868 Μαρκιανῷ
3661 1799 3692 1850 ό

2126 1895 2311 1960 ἅγιος·
2342 1892 2466 1954 Πῶς
2484 1891 2650 1962 ἔχεις,
2677 1889 2804 1960 κύρι
2827 1888 3132 1962 Μαρκιανὲ,
3159 1887 3311 1941 δοῦλε
3339 1887 3575 1959 Χριστοῦ
3602 1904 3616 1952 ;
3661 1889 3692 1939 6

2122 1982 2189 2037 δι’
2229 1983 2376 2054 ἡμᾶς
2429 1983 2682 2036 τοσοῦτον
2727 1981 2903 2052 μῆκος
2957 1979 3080 2034 ὁδοῦ
3105 1979 3391 2043 ιδιανύσας
3433 1980 3550 2050 ἅμα
3583 1978 3698 2031 τῶν

2124 2072 2446 2141 ἁγιωτάτων
2495 2071 2809 2124 ἐπισκόπων
2847 2069 2953 2124 τῶν
3005 2070 3101 2124 σὺν
3151 2071 3234 2122 σοὶ
3277 2069 3368 2122 διὰ
3411 2070 3511 2132 τὰς
3551 2067 3692 2139 ἐμὰς

2125 2162 2402 2232 ἁμαρτίας
2449 2162 2833 2225 κοπιάσαντες.
2887 2161 3050 2228 Λέγει
3103 2159 3252 2229 αὐτῷ
3280 2161 3308 2212 6
3337 2159 3688 2228 Μαρκιανός·

2122 2252 2320 2318 Καλῶς
2363 2251 2470 2306 ἀπὸ
2507 2250 2602 2305 τοῦ
2639 2251 2755 2316 νῦν,
2785 2252 2907 2320 ἅγιε
2948 2251 3040 2304 τοῦ
3071 2250 3230 2316 Θεοῦ,
3263 2250 3356 2304 διὰ
3381 2250 3486 2304 τῶν
3515 2249 3704 2320 εύχῶνι

2124 2359 2240 2397 σου.

2191 2543 2311 2596 ΞΘ¹.
2347 2542 2700 2603 Ἀναστάντες
2723 2535 2816 2594 οὖν
2852 2541 2901 2592 οἱ
2925 2538 3026 2608 τῆς
3055 2537 3343 2609 Ἀνατολῆς
3373 2538 3688 2602 ἐπίσκοποι,

2121 2635 2171 2687 oi
2204 2633 2632 2704 παραγενόμενοι
2675 2632 2815 2703 μετὰ
2856 2631 2949 2685 τοῦ
2977 2629 3319 2700 Μαρκιανοῦ,
3354 2624 3598 2700 ἀπῆλθον
3631 2631 3691 2682 ἐν

2119 2723 2199 2794 τῷ
2219 2726 2372 2794 οίκῳ,
2406 2726 2466 2778 ὲν
2487 2717 2532 2792 ᾧ
2557 2720 2625 2794 ἦν
2658 2725 2686 2776 6
2709 2723 3012 2794 σπαθάριος
3035 2737 3050 2753 '
3080 2723 3176 2776 καὶ
3209 2722 3286 2794 μὴ
3316 2721 3568 2792 εὑρόντες
3595 2721 3694 2774 αὐ-

2120 2813 2232 2877 τὸν,
2261 2813 2498 2884 ἤρξαντο
2525 2809 2750 2863 τύπτειν
2770 2809 2840 2862 τὰ
2868 2809 3137 2878 πρόσωπα
3167 2807 3378 2863 ἑαυτῶν
3409 2806 3689 2876 λέγοντεςο

2122 2902 2190 2955 Τί
2215 2902 2440 2970 γέγονεν
2470 2901 2624 2971 ἡμῖν,
2651 2898 2756 2952 ποῦ
2785 2901 2817 2952 6
2845 2899 2944 2952 σῦν
2971 2900 3105 2968 ἡμῖν
3141 2893 3450 2963 κατελθὼνς
3479 2893 3534 2948 τι
3558 2893 3707 2948 arto.

2121 2992 2468 3065 λογησόμεθα
2487 2991 2567 3062 τῷ
2593 2990 2767 3062 κυρίῳ
2797 2989 2956 3061 ἡμῶν
2975 2988 3054 3059 τῷ
3075 2987 3290 3059 βασιλεῖ
3321 2985 3450 3057 περὶ
3479 2981 3576 3038 τοῦ
3591 2986 3700 3039 ἀν·

2050 3095 2095 3154 c
2125 3086 2250 3156 δρὸς
2275 3085 2372 3138 τοῦ
2410 3083 2562 3152 ὄντος
2607 3080 2776 3136 αὐτοῦ
2807 3079 3125 3149 ἀγαπητῶς
3159 3079 3272 3133 Καὶ
3315 3079 3425 3132 ἰδοὺ
3470 3071 3551 3139 εἷς
3571 3089 3682 3126 των

2129 3175 2432 3246 παιδαρίων
2455 3172 2791 3244 παρεγένετο
2818 3171 2884 3224 ὲκ
2917 3171 3016 3240 τῆς
3045 3169 3312 3240 φυλακῆς,
3342 3168 3436 3222 καὶ
3457 3169 3696 3236 ἀποκρι-

2128 3261 2243 3325 θεὶς
2281 3262 2431 3330 λέγει
2477 3263 2590 3324 τοῖς
2643 3259 2963 3322 ἐπισκόποις
2988 3274 3004 3288 ο
3035 3257 3130 3328 Μὴ
3175 3256 3474 3328 λυπηθῆτε,
3514 3251 3694 3322 κύριοί

2131 3369 2258 3423 μου,
2284 3351 2365 3406 ὅτι
2413 3351 2501 3405 διὰ
2546 3349 2640 3406 τοῦ
2665 3349 2800 3404 Θεοῦ
2847 3350 2876 3402 6
2916 3347 3103 3419 κύριός
3133 3363 3234 3418 μου
3271 3347 3360 3402 διὰ
3388 3346 3496 3400 τῶν
3524 3343 3694 3412 ἁγίων

2127 3443 2302 3512 εὐχῶν
2335 3442 2428 3496 τοῦ
2457 3443 2614 3510 ἁγίου
2639 3439 2940 3500 ἐπισκόπου
2968 3439 3178 3492 ἐκείνου
3213 3437 3310 3491 τοῦ
3343 3437 3495 3498 ὄντος
3530 3437 3588 3488 ἐν
3623 3437 3694 3504 τῇ

2127 3533 2338 3604 φυλακῇ
2377 3533 2471 3586 τοῦ
2515 3533 2690 3599 ξένου,
2734 3531 2802 3585 δι’
2838 3530 2898 3584 ὃν
2932 3528 3300 3602 παρεγένεσθε
3337 3527 3568 3580 ἐνταῦθα
3599 3525 3692 3579 τοῦ

2127 3625 2312 3694 κρίναι
2340 3623 2524 3686 αὐτὸν,
2555 3622 2714 3694 ὑγιὴς
2743 3621 2988 3691 γέγονεν,
3030 3621 3126 3674 καὶ
3151 3619 3249 3672 σὺν
3274 3617 3422 3688 αὺτῷ
3451 3619 3600 3687 μένει
3635 3619 3693 3668 ὲν

2123 3717 2192 3786 τῇ
2225 3715 2462 3786 φυλακῇ,
2491 3714 2586 3768 καὶ
2608 3713 2671 3767 ού
2701 3713 2950 3784 βούλεται
2977 3712 3134 3766 ἐάσαι
3183 3710 3361 3764 αὐτόν.
3411 3707 3596 3762 Ταῦτα
3635 3707 3696 3760 δὲ

2125 3805 2457 3868 ἀκούσαντες
2485 3807 2536 3859 οἱ
2567 3804 2855 3858 ἐπίσκοποι
2879 3803 3276 3874 εὐχαρίστησαν
3307 3799 3386 3872 τῷ
3417 3799 3535 3870 Θεῷ
3557 3815 3572 3830 ο
3600 3798 3698 3852 καὶ

2126 3897 2513 3968 διαδραμόντες
2557 3897 2653 3950 σὺν
2681 3895 2761 3964 τῷ
2795 3895 3087 3966 παιδαρίῳ,
3116 3889 3278 3964 ἦλθον
3309 3891 3413 3956 ἓως
3456 3891 3558 3960 τῆς
3594 3907 3696 3958 (ρυ-

2126 3989 2336 4058 λακῆς·
2401 3988 2496 4040 καὶ
2549 3986 2880 4049 εἰσελθόντες
2921 3987 2980 4038 ὲν
3019 3988 3088 4056 τῇ
3135 3983 3346 4054 φυλακῇ
3392 3974 3550 4052 εὗρον
3602 3981 3693 4032 τὸν

2129 4079 2282 4146 ἆγιον
2315 4077 2615 4150 Γρηγόριον
2646 4077 2741 4130 καὶ
2771 4075 2864 4129 τὸν
2890 4075 3206 4146 Μαρκιανὸν
3232 4073 3328 4126 σὺν
3359 4071 3696 4128 τῶνπαιδα-

2127 4169 2256 4237 ρίων
2305 4167 2490 4232 αὐτοῦ,
2528 4169 2623 4222 καὶ
2655 4167 2746 4220 τὸν
2791 4165 2921 4225 ποτὲ
2967 4162 3411 4234 δαιμονιζόμενον
3453 4160 3692 4214 ίαθέντα.

2123 4261 2236 4314 Καὶ
2263 4261 2458 4322 ἰδόντες
2487 4259 2802 4325 ἐπέγνωσαν
2827 4256 3013 4322 αὐτὸν,
3051 4255 3145 4308 καὶ
3169 4254 3468 4325 δραμόντες
3497 4252 3696 4305 ἔπεσον

2124 4353 2274 4422 παρὰ
2301 4352 2424 4416 τοὺς
2453 4351 2620 4414 πόδας
2657 4347 2844 4413 αὐτοῦ,
2879 4347 3129 4415 λέγοντες
3159 4342 3306 4414 αὺτῷ
3325 4359 3338 4374 ·
3383 4341 3694 4411 Εὐλογημέ-

455 4431 656 4488 Christi
681 4435 852 4505 gratia
869 4443 923 4490 et
936 4436 1110 4501 sancti
1136 4433 1372 4505 Spiritus
1389 4451 1511 4504 ope,
1530 4436 1858 4494 insanabiles
1875 4455 2021 4496 tuor-

2124 4460 2212 4506 νος
2235 4437 2288 4495 εἷ
2323 4443 2388 4495 σὺ
2412 4443 2488 4512 τῷ
2522 4439 2730 4511 Κυρίῳ,
2761 4439 2842 4492 ὅτι
2873 4435 2961 4491 διὰ
2985 4438 3088 4507 τῆς
3114 4435 3333 4507 χάριτος
3363 4432 3456 4486 τοῦ
3485 4433 3694 4502 Κυρίου

455 4521 558 4578 bes
573 4538 766 4579 curare
782 4533 956 4592 potes.
979 4523 1190 4590 Quibus
1221 4525 1340 4579 ille:
1369 4523 1586 4596 Salvete
1611 4534 1664 4582 et
1683 4541 1799 4592 vos,
1819 4526 2016 4597 inquit,

460 4614 692 4668 Domino
723 4619 988 4684 propitlo,
1019 4630 1232 4681 omnes,
1269 4631 1304 4669 ο
1336 4615 1638 4682 catholicae,
1674 4631 1840 4686 quam
1876 4619 2020 4674 Deus

458 4721 620 4760 uuam
643 4715 810 4775 amat,
837 4705 1094 4762 Ecclesiae
1136 4707 1407 4772 columnae
1433 4716 1596 4777 atque
1631 4707 1814 4764 bases.
1840 4707 2021 4774 Quor-

457 4811 578 4850 sum
599 4805 808 4851 tantum
829 4796 1197 4852 molestiarum
1233 4806 1420 4865 nostra
1468 4811 1632 4851 causa
1660 4799 2020 4868 suscepistis?

457 4883 625 4942 Nobis
650 4887 894 4957 quidem,
928 4901 962 4941 0
991 4885 1218 4953 domini,
1252 4888 1388 4942 satis
1417 4897 1538 4942 erat
1577 4887 1844 4956 judicium
1877 4889 2018 4959 ejus,

529 5042 1143 5117 (82)”Pra2tersacriiicii
1163 5053 1397 5117 tempus,
1417 5045 1601 5117 thuris
1619 5045 1868 5101 adolendi
1893 5063 2022 5102 con-

463 5113 798 5186 suetudinem
829 5114 1146 5186 obtinuisse
1193 5113 1356 5186 etiam
1397 5116 1526 5170 dum
1575 5117 1874 5184 psalmodia
1906 5134 2023 5186 pcr-

457 5193 730 5256 ageretpr,
752 5182 1185 5256 indicatqﬁuoque
1199 5184 1434 5256 Cyrillus
1456 5182 1936 5256 Scylhopolitauus
1965 5189 2020 5242 in

464 5249 586 5323 Vita
637 5251 802 5323 Saba}
842 5255 921 5323 (ιι.
949 5249 1038 5316 45,
1084 5249 1446 5323 Apud'Cotel.
1481 5249 1678 5322 t.'ill)5
1713 5256 1819 5308 Καὶ
1861 5257 2021 5323 γνοὺς

464 5320 624 5398 πόθεν
671 5325 699 5376 ὁ
743 5321 842 5398 τῇς
878 5320 1192 5398 ψαλμῳδίας
1217 5320 1676 5398 ἦχοςιὲξυπνίῖει
1702 5323 1793 5398 τὸν
1816 5320 2024 5398 ’κανον-

463 5390 671 5464 εἱρχην,
711 5393 804 5464 και
867 5390 1012 5446 ποιεῖ
1047 5390 1214 5450 αὐτὸν
1240 5390 1490 5464 ’κροῦσαι
1513 5410 1527 5424 ·
1575 5395 1667 5444 καὶ
1704 5395 2022 5464 ίὰπέρχεται

468 5463 607 5532 μετα
647 5460 1074 5530 θυμιάματος....
1130 5465 1196 5519 Et
1252 5460 1545 5532 intelligens
1606 5463 1743 5514 unde
1797 5460 2026 5516 oriretur

467 5529 770 5594 psalmodic
801 5529 976 5598 sonus,
1007 5536 1390 5588 canouarcham
1417 5529 1790 5601 expergefacit,
1821 5549 1882 5584 ac
1904 5533 2025 5600 pul-

469 5612 587 5649 sare
607 5601 793 5664 Jubet;
831 5613 938 5656 tum
969 5607 1078 5657 abit
1124 5621 1242 5658 cum
1277 5603 1588 5669 stt/linteum.
1621 5602 1762 5668 Quin
1794 5613 1846 5654 et
1879 5601 2023 5655 Lati-

472 5677 664 5722 norum
693 5670 828 5728 ritus
857 5675 944 5728 hic
971 5675 1421 5743 fuit,quauquam
1457 5672 1630 5726 rarius
1682 5687 1845 5739 quam
1878 5675 2018 5740 apud

2121 4527 2278 4598 ἡμῶν
2321 4527 2497 4596 Ἰησοῦ
2549 4525 2786 4597 Χριστοῦ
2838 4527 2932 4578 καὶ
2970 4527 3037 4595 τῇ
3089 4523 3374 4592 συνεργείᾳ
3407 4521 3500 4574 τοῦ
3535 4521 3692 4588 ἁγίου

2121 4617 2436 4688 Πνεύματος
2487 4615 2810 4691 θεραπεύειν
2839 4615 3136 4684 δυνάμενος
3180 4613 3328 4680 πάθη
3375 4613 3588 4666 ἀνίατα.
3636 4611 3694 4662 ὐ

2118 4711 2175 4764 δὲ
2220 4709 2354 4781 πρὸς
2393 4710 2590 4778 αὐτοὺς
2631 4708 2970 4777 ἀπεκρίνατο
2993 4723 3006 4736 ·
3039 4707 3277 4776 Χαίρετε
3317 4705 3410 4756 καὶ
3443 4705 3601 4770 ὑμεῖς
3635 4704 3694 4754 ὲν

2121 4805 2314 4874 Κυρίῳ
2341 4803 2540 4865 πάντες
2564 4801 2614 4854 oi
2638 4801 2818 4854 στύλοι
2845 4801 2940 4854 καὶ
2971 4799 3250 4871 ἑδραίωμα
3274 4801 3370 4869 τῆς
3397 4795 3697 4864 καὼλικῆς

2121 4873 2222 4950 και
2240 4896 2408 4966 μόνης
2437 4893 2530 4946 τοῦ
2564 4885 2697 4946 Θεοῦ
2733 4891 3076 4962 Ἐκκλησίας.
3110 4888 3176 4942 Τί
3207 4873 3520 4958 ,ἐσκύλθητε
3557 4885 3691 4957 πρὸς
3731 4941 3734 4944 ,

2123 5050 2346 5104 Graecos
2367 5057 2681 5113 usurpatus.
2708 5044 2868 5099 Liber
2889 5044 3220 5098 Pontiticalis
3255 5043 3306 5096 in
3334 5041 3611 5113 Stephano

2123 5123 2201 5190 (ιι.
2250 5119 2360 5190 ιο),
2411 5109 2524 5171 haec
2568 5117 2768 5190 habet:
2807 5115 2940 5190 cum
2984 5115 3039 5166 in
3083 5113 3305 5190 basilica
3355 5112 3494 5176 benti
3545 5109 3688 5190 Petri

2122 5182 2480 5258 apostolorum
2505 5185 2898 5258 principis,_ulgi
2927 5199 3078 5258 sacro
3109 5185 3216 5258 ipse
3244 5195 3458 5258 corpore
3487 5182 3688 5258 requie-

2122 5249 2248 5317 scit.
2275 5249 2516 5310 cerneret
2553 5249 2824 5308 nortitrnis
2857 5253 3099 5306 laudibus
3130 5249 3222 5304 aia:
3259 5250 3416 5304 scinel
3461 5249 3700 5316 thymiu-‘

2124 5327 2280 5380 matis
2332 5325 2600 5378 incensum
2658 5323 2858 5392 offerri,
2907 5322 3269 5392 instituit,_ul
3301 5337 3411 5392 per"
3451 5319 3696 5392 singulas

2123 5397 2366 5450 lectiones
2397 5405 2445 5447 et
2481 5389 2811 5460 responsoria
2847 5392 3145 5445 adolentur.
3176 5389 3344 5460 Porro
3381 5390 3692 5460 Stephanus

2125 5465 2497 5532 pontiﬁcatum
2531 5457 2826 5532 niaximum
2849 5461 2994 5528 cepit
3017 5473 3163 5512 anno
3190 5459 3314 5524 885,
3344 5469 3400 5512 at
3431 5458 3570 5512 ritus
3605 5457 3695 5510 ille

2123 5531 2330 5603 jamdiu
2360 5535 2704 5603 aliquatenus
2729 5531 2916 5603 iuusu
2948 5541 3085 5603 erat:

2199 5605 2308 5672 (85)
2339 5597 2471 5657 Cod.
2505 5602 2556 5667 1,
2586 5601 2955 5671 θαυμάζοντος
2988 5597 3082 5651 τοῦ
3101 5599 3278 5666 ἁγίου.
