  <div class='ocr_page' id='page_1' title='image "/cluster/home/n/w/nwhite01/storage/ocr_20150623/98/mdp.39015005675650/351.png"; bbox 0 0 4104 6262; ppageno 0'>
   <div class='ocr_carea' id='block_1_1' title="bbox 439 277 547 342">
    <p class='ocr_par' dir='ltr' id='par_1_1' title="bbox 439 277 547 342">
     <span class='ocr_line' id='line_1_1' title="bbox 439 277 547 342; baseline 0.019 -2"><span class='ocrx_word' id='word_1_1' title='bbox 439 277 547 342; x_wconf 80' lang='grc'><strong>675</strong></span> 
     </span>
    </p>
   </div>
   <div class='ocr_carea' id='block_1_2' title="bbox 1418 260 2700 336">
    <p class='ocr_par' dir='ltr' id='par_1_2' title="bbox 1418 260 2700 336">
     <span class='ocr_line' id='line_1_2' title="bbox 1418 260 2700 336; baseline -0.012 -2"><span class='ocrx_word' id='word_1_2' title='bbox 1418 275 1478 336; x_wconf 90' lang='lat' dir='ltr'><strong>S.</strong></span> <span class='ocrx_word' id='word_1_3' title='bbox 1513 268 1890 332; x_wconf 82' lang='lat' dir='ltr'><strong>GREGORII</strong></span> <span class='ocrx_word' id='word_1_4' title='bbox 1933 263 2445 329; x_wconf 78' lang='lat' dir='ltr'><strong>AGRIGENTINI</strong></span> <span class='ocrx_word' id='word_1_5' title='bbox 2503 260 2700 323; x_wconf 77' lang='lat' dir='ltr'><strong>VITA.</strong></span> 
     </span>
    </p>
   </div>
   <div class='ocr_carea' id='block_1_3' title="bbox 3577 244 3697 310">
    <p class='ocr_par' dir='ltr' id='par_1_3' title="bbox 3577 244 3697 310">
     <span class='ocr_line' id='line_1_3' title="bbox 3577 244 3697 310; baseline 0.025 -3"><span class='ocrx_word' id='word_1_6' title='bbox 3577 244 3697 310; x_wconf 73' lang='lat'><strong>676</strong></span> 
     </span>
    </p>
   </div>
   <div class='ocr_carea' id='block_1_4' title="bbox 442 358 2036 454">
    <p class='ocr_par' dir='ltr' id='par_1_4' title="bbox 442 380 2014 454">
     <span class='ocr_line' id='line_1_4' title="bbox 442 380 2014 454; baseline -0.008 -9"><span class='ocrx_word' id='word_1_7' title='bbox 442 403 549 446; x_wconf 88' lang='lat' dir='ltr'><strong>nus</strong></span> <span class='ocrx_word' id='word_1_8' title='bbox 586 387 658 444; x_wconf 91' lang='lat' dir='ltr'><strong>ob</strong></span> <span class='ocrx_word' id='word_1_9' title='bbox 680 383 923 442; x_wconf 80' lang='lat' dir='ltr'><strong>eamdem</strong></span> <span class='ocrx_word' id='word_1_10' title='bbox 948 397 1065 440; x_wconf 90' lang='lat' dir='ltr'><strong>rem</strong></span> <span class='ocrx_word' id='word_1_11' title='bbox 1097 381 1343 454; x_wconf 82' lang='lat' dir='ltr'><strong>pontifex</strong></span> <span class='ocrx_word' id='word_1_12' title='bbox 1372 381 1646 438; x_wconf 80' lang='lat' dir='ltr'><strong>maximus</strong></span> <span class='ocrx_word' id='word_1_13' title='bbox 1691 380 2014 452; x_wconf 70' lang='lat' dir='ltr'><strong>angebatur,</strong></span> 
     </span>
    </p>
   </div>
   <div class='ocr_carea' id='block_1_5' title="bbox 2135 358 3696 454">
    <p class='ocr_par' dir='ltr' id='par_1_5' title="bbox 2135 358 3696 444">
     <span class='ocr_line' id='line_1_5' title="bbox 2135 358 3696 444; baseline -0.01 -14"><span class='ocrx_word' id='word_1_14' title='bbox 2135 394 2206 431; x_wconf 77' lang='lat' dir='ltr'><strong>rw</strong></span> <span class='ocrx_word' id='word_1_15' title='bbox 2231 373 2558 444; x_wconf 79' lang='grc' dir='ltr'>ἑλκυσθῆναι</span> <span class='ocrx_word' id='word_1_16' title='bbox 2587 371 2658 424; x_wconf 76' lang='grc' dir='ltr'>τὰ</span> <span class='ocrx_word' id='word_1_17' title='bbox 2697 367 2831 436; x_wconf 83' lang='grc' dir='ltr'>ξύλα</span> <span class='ocrx_word' id='word_1_18' title='bbox 2866 363 3057 420; x_wconf 80' lang='grc' dir='ltr'>ταῦτα.</span> <span class='ocrx_word' id='word_1_19' title='bbox 3082 358 3190 418; x_wconf 79' lang='grc' dir='ltr'>Ἦν</span> <span class='ocrx_word' id='word_1_20' title='bbox 3217 362 3275 416; x_wconf 81' lang='grc' dir='ltr'><strong>δὲ</strong></span> <span class='ocrx_word' id='word_1_21' title='bbox 3305 361 3398 416; x_wconf 79' lang='grc' dir='ltr'>καὶ</span> <span class='ocrx_word' id='word_1_22' title='bbox 3432 362 3458 414; x_wconf 88' lang='grc' dir='ltr'><strong>ό</strong></span> <span class='ocrx_word' id='word_1_23' title='bbox 3494 361 3696 427; x_wconf 84' lang='grc' dir='ltr'>πάπας</span> 
     </span>
    </p>
   </div>
   <div class='ocr_carea' id='block_1_6' title="bbox 441 471 2010 550">
    <p class='ocr_par' dir='ltr' id='par_1_6' title="bbox 441 471 2010 550">
     <span class='ocr_line' id='line_1_6' title="bbox 441 471 2010 550; baseline -0.006 -13"><span class='ocrx_word' id='word_1_24' title='bbox 441 489 642 537; x_wconf 87' lang='lat' dir='ltr'><strong>etcum</strong></span> <span class='ocrx_word' id='word_1_25' title='bbox 675 477 910 534; x_wconf 77' lang='lat' dir='ltr'><strong>Orientis</strong></span> <span class='ocrx_word' id='word_1_26' title='bbox 946 475 1217 547; x_wconf 78' lang='lat' dir='ltr'><strong>episcopis</strong></span> <span class='ocrx_word' id='word_1_27' title='bbox 1255 476 1323 532; x_wconf 92' lang='lat' dir='ltr'><strong>de</strong></span> <span class='ocrx_word' id='word_1_28' title='bbox 1345 489 1407 530; x_wconf 89' lang='lat' dir='ltr'><strong>ea</strong></span> <span class='ocrx_word' id='word_1_29' title='bbox 1439 488 1750 532; x_wconf 85' lang='lat' dir='ltr'><strong>sermonem</strong></span> <span class='ocrx_word' id='word_1_30' title='bbox 1801 471 2010 550; x_wconf 85' lang='lat' dir='ltr'><strong>habue-</strong></span> 
     </span>
    </p>
   </div>
   <div class='ocr_carea' id='block_1_7' title="bbox 443 565 2011 642">
    <p class='ocr_par' dir='ltr' id='par_1_7' title="bbox 443 565 2011 642">
     <span class='ocr_line' id='line_1_7' title="bbox 443 565 2011 642; baseline -0.007 -14"><span class='ocrx_word' id='word_1_31' title='bbox 443 581 529 628; x_wconf 90' lang='lat' dir='ltr'><strong>rat</strong></span> <span class='ocrx_word' id='word_1_32' title='bbox 559 588 574 626; x_wconf 89' lang='lat'><strong>:</strong></span> <span class='ocrx_word' id='word_1_33' title='bbox 602 571 805 642; x_wconf 87' lang='lat' dir='ltr'><strong>quippe</strong></span> <span class='ocrx_word' id='word_1_34' title='bbox 840 570 934 640; x_wconf 90' lang='lat' dir='ltr'><strong>qui</strong></span> <span class='ocrx_word' id='word_1_35' title='bbox 960 568 1136 624; x_wconf 87' lang='lat' dir='ltr'><strong>sancti</strong></span> <span class='ocrx_word' id='word_1_36' title='bbox 1164 566 1404 638; x_wconf 76' lang='lat' dir='ltr'><strong>Spiritus</strong></span> <span class='ocrx_word' id='word_1_37' title='bbox 1421 567 1597 638; x_wconf 89' lang='lat' dir='ltr'><strong>gratia</strong></span> <span class='ocrx_word' id='word_1_38' title='bbox 1623 565 1802 621; x_wconf 90' lang='lat' dir='ltr'><strong>ornati</strong></span> <span class='ocrx_word' id='word_1_39' title='bbox 1837 571 2011 620; x_wconf 81' lang='lat' dir='ltr'><strong>erant.</strong></span> 
     </span>
    </p>
   </div>
   <div class='ocr_carea' id='block_1_8' title="bbox 445 656 2016 734">
    <p class='ocr_par' dir='ltr' id='par_1_8' title="bbox 445 656 2016 734">
     <span class='ocr_line' id='line_1_8' title="bbox 445 656 2016 734; baseline -0.005 -16"><span class='ocrx_word' id='word_1_40' title='bbox 445 664 559 720; x_wconf 81' lang='lat' dir='ltr'><strong>Nec</strong></span> <span class='ocrx_word' id='word_1_41' title='bbox 590 677 780 734; x_wconf 88' lang='lat' dir='ltr'><strong>parum</strong></span> <span class='ocrx_word' id='word_1_42' title='bbox 823 660 927 732; x_wconf 91' lang='lat' dir='ltr'><strong>ipsi</strong></span> <span class='ocrx_word' id='word_1_43' title='bbox 973 660 1136 714; x_wconf 89' lang='lat' dir='ltr'><strong>etiam</strong></span> <span class='ocrx_word' id='word_1_44' title='bbox 1170 659 1486 715; x_wconf 72' lang='lat' dir='ltr'><strong>narratione</strong></span> <span class='ocrx_word' id='word_1_45' title='bbox 1515 657 1702 713; x_wconf 87' lang='lat' dir='ltr'><strong>audita</strong></span> <span class='ocrx_word' id='word_1_46' title='bbox 1736 656 2016 712; x_wconf 84' lang='lat' dir='ltr'><strong>miraban-</strong></span> 
     </span>
    </p>
   </div>
   <div class='ocr_carea' id='block_1_9' title="bbox 444 750 2016 822">
    <p class='ocr_par' dir='ltr' id='par_1_9' title="bbox 444 750 2016 822">
     <span class='ocr_line' id='line_1_9' title="bbox 444 750 2016 822; baseline -0.005 -10"><span class='ocrx_word' id='word_1_47' title='bbox 444 764 554 812; x_wconf 90' lang='lat' dir='ltr'><strong>tur.</strong></span> <span class='ocrx_word' id='word_1_48' title='bbox 582 755 849 810; x_wconf 70' lang='lat' dir='ltr'><strong>Cazternm</strong></span> <span class='ocrx_word' id='word_1_49' title='bbox 884 767 992 806; x_wconf 92' lang='lat' dir='ltr'><strong>non</strong></span> <span class='ocrx_word' id='word_1_50' title='bbox 1047 752 1217 808; x_wconf 90' lang='lat' dir='ltr'><strong>multo</strong></span> <span class='ocrx_word' id='word_1_51' title='bbox 1265 759 1389 822; x_wconf 84' lang='lat' dir='ltr'><strong>post</strong></span> <span class='ocrx_word' id='word_1_52' title='bbox 1422 750 1672 815; x_wconf 87' lang='lat' dir='ltr'><strong>comites,</strong></span> <span class='ocrx_word' id='word_1_53' title='bbox 1711 765 1848 821; x_wconf 89' lang='lat' dir='ltr'><strong>quos</strong></span> <span class='ocrx_word' id='word_1_54' title='bbox 1879 763 2016 820; x_wconf 89' lang='lat' dir='ltr'><strong>pon-</strong></span> 
     </span>
    </p>
   </div>
   <div class='ocr_carea' id='block_1_10' title="bbox 373 841 2018 911">
    <p class='ocr_par' dir='ltr' id='par_1_10' title="bbox 373 841 2018 911">
     <span class='ocr_line' id='line_1_10' title="bbox 373 841 2018 911; baseline -0.005 -8"><span class='ocrx_word' id='word_1_55' title='bbox 373 897 379 903; x_wconf 91' lang='lat'><strong>.</strong></span> <span class='ocrx_word' id='word_1_56' title='bbox 445 848 580 904; x_wconf 78' lang='lat' dir='ltr'><strong>til‘ex</strong></span> <span class='ocrx_word' id='word_1_57' title='bbox 613 845 962 902; x_wconf 79' lang='lat' dir='ltr'><strong>maximusin</strong></span> <span class='ocrx_word' id='word_1_58' title='bbox 994 844 1238 900; x_wconf 88' lang='lat' dir='ltr'><strong>Siciliam</strong></span> <span class='ocrx_word' id='word_1_59' title='bbox 1285 843 1536 910; x_wconf 85' lang='lat' dir='ltr'><strong>miserat,</strong></span> <span class='ocrx_word' id='word_1_60' title='bbox 1576 843 1875 908; x_wconf 88' lang='lat' dir='ltr'><strong>redierunt,</strong></span> <span class='ocrx_word' id='word_1_61' title='bbox 1903 841 2018 911; x_wconf 87' lang='lat' dir='ltr'><strong>epi-</strong></span> 
     </span>
    </p>
   </div>
   <div class='ocr_carea' id='block_1_11' title="bbox 447 929 2018 1009">
    <p class='ocr_par' dir='ltr' id='par_1_11' title="bbox 447 929 2018 1009">
     <span class='ocr_line' id='line_1_11' title="bbox 447 929 2018 1009; baseline -0.006 -15"><span class='ocrx_word' id='word_1_62' title='bbox 447 941 598 1009; x_wconf 83' lang='lat' dir='ltr'><strong>scopi</strong></span> <span class='ocrx_word' id='word_1_63' title='bbox 656 935 1070 1000; x_wconf 82' lang='lat' dir='ltr'><strong>accusatoribus</strong></span> <span class='ocrx_word' id='word_1_64' title='bbox 1102 933 1392 1004; x_wconf 86' lang='lat' dir='ltr'><strong>puellaque</strong></span> <span class='ocrx_word' id='word_1_65' title='bbox 1449 933 1716 988; x_wconf 90' lang='lat' dir='ltr'><strong>deductis.</strong></span> <span class='ocrx_word' id='word_1_66' title='bbox 1769 930 1905 987; x_wconf 90' lang='lat' dir='ltr'><strong>Cum</strong></span> <span class='ocrx_word' id='word_1_67' title='bbox 1933 929 2018 984; x_wconf 87' lang='lat' dir='ltr'><strong>bis</strong></span> 
     </span>
    </p>
   </div>
   <div class='ocr_carea' id='block_1_12' title="bbox 445 1022 2018 1085">
    <p class='ocr_par' dir='ltr' id='par_1_12' title="bbox 445 1022 2018 1085">
     <span class='ocr_line' id='line_1_12' title="bbox 445 1022 2018 1085; baseline -0.006 0"><span class='ocrx_word' id='word_1_68' title='bbox 445 1045 576 1085; x_wconf 85' lang='lat' dir='ltr'><strong>vero</strong></span> <span class='ocrx_word' id='word_1_69' title='bbox 605 1041 798 1084; x_wconf 85' lang='lat' dir='ltr'><strong>venere</strong></span> <span class='ocrx_word' id='word_1_70' title='bbox 827 1035 881 1082; x_wconf 90' lang='lat' dir='ltr'><strong>et</strong></span> <span class='ocrx_word' id='word_1_71' title='bbox 923 1025 1034 1081; x_wconf 91' lang='lat' dir='ltr'><strong>duo</strong></span> <span class='ocrx_word' id='word_1_72' title='bbox 1072 1025 1223 1080; x_wconf 87' lang='lat' dir='ltr'><strong>urbis</strong></span> <span class='ocrx_word' id='word_1_73' title='bbox 1263 1023 1470 1080; x_wconf 88' lang='lat' dir='ltr'><strong>tribuni</strong></span> <span class='ocrx_word' id='word_1_74' title='bbox 1501 1033 1554 1078; x_wconf 88' lang='lat' dir='ltr'><strong>et</strong></span> <span class='ocrx_word' id='word_1_75' title='bbox 1596 1022 2018 1078; x_wconf 75' lang='lat' dir='ltr'><strong>archidiaconus</strong></span> 
     </span>
    </p>
   </div>
   <div class='ocr_carea' id='block_1_13' title="bbox 445 1113 2018 1187">
    <p class='ocr_par' dir='ltr' id='par_1_13' title="bbox 445 1113 2018 1187">
     <span class='ocr_line' id='line_1_13' title="bbox 445 1113 2018 1187; baseline -0.006 -10"><span class='ocrx_word' id='word_1_76' title='bbox 445 1131 500 1177; x_wconf 90' lang='lat' dir='ltr'><strong>et</strong></span> <span class='ocrx_word' id='word_1_77' title='bbox 519 1121 736 1176; x_wconf 90' lang='lat' dir='ltr'><strong>diaconi</strong></span> <span class='ocrx_word' id='word_1_78' title='bbox 765 1118 1027 1175; x_wconf 82' lang='lat' dir='ltr'><strong>Erasmus</strong></span> <span class='ocrx_word' id='word_1_79' title='bbox 1056 1130 1122 1173; x_wconf 91' lang='lat' dir='ltr'><strong>ac</strong></span> <span class='ocrx_word' id='word_1_80' title='bbox 1151 1116 1537 1187; x_wconf 80' lang='lat' dir='ltr'><strong>Philadelphus</strong></span> <span class='ocrx_word' id='word_1_81' title='bbox 1564 1124 1620 1172; x_wconf 89' lang='lat' dir='ltr'><strong>et</strong></span> <span class='ocrx_word' id='word_1_82' title='bbox 1647 1115 1714 1170; x_wconf 85' lang='lat' dir='ltr'><strong>de</strong></span> <span class='ocrx_word' id='word_1_83' title='bbox 1745 1113 1900 1184; x_wconf 88' lang='lat' dir='ltr'><strong>plebe</strong></span> <span class='ocrx_word' id='word_1_84' title='bbox 1922 1127 2018 1168; x_wconf 85' lang='lat' dir='ltr'><strong>ur-</strong></span> 
     </span>
    </p>
   </div>
   <div class='ocr_carea' id='block_1_14' title="bbox 448 1211 1472 1268">
    <p class='ocr_par' dir='ltr' id='par_1_14' title="bbox 448 1211 1472 1268">
     <span class='ocr_line' id='line_1_14' title="bbox 448 1211 1472 1268; baseline -0.008 0"><span class='ocrx_word' id='word_1_85' title='bbox 448 1213 590 1268; x_wconf 89' lang='lat' dir='ltr'><strong>bana</strong></span> <span class='ocrx_word' id='word_1_86' title='bbox 621 1211 798 1268; x_wconf 91' lang='lat' dir='ltr'><strong>multi.</strong></span> <span class='ocrx_word' id='word_1_87' title='bbox 1465 1222 1472 1227; x_wconf 92' lang='grc'><strong>·</strong></span> 
     </span>
    </p>
   </div>
   <div class='ocr_carea' id='block_1_15' title="bbox 515 1381 2022 1454">
    <p class='ocr_par' dir='ltr' id='par_1_15' title="bbox 515 1381 2022 1454">
     <span class='ocr_line' id='line_1_15' title="bbox 515 1381 2022 1454; baseline -0.006 -8"><span class='ocrx_word' id='word_1_88' title='bbox 515 1389 679 1446; x_wconf 78' lang='lat' dir='ltr'><strong>LXXI</strong></span> <span class='ocrx_word' id='word_1_89' title='bbox 689 1432 701 1444; x_wconf 95' lang='lat'><strong>.</strong></span> <span class='ocrx_word' id='word_1_90' title='bbox 719 1387 927 1443; x_wconf 79' lang='lat' dir='ltr'><strong>Horum</strong></span> <span class='ocrx_word' id='word_1_91' title='bbox 956 1385 1190 1441; x_wconf 87' lang='lat' dir='ltr'><strong>adventu</strong></span> <span class='ocrx_word' id='word_1_92' title='bbox 1221 1382 1460 1454; x_wconf 84' lang='lat' dir='ltr'><strong>cognito,</strong></span> <span class='ocrx_word' id='word_1_93' title='bbox 1487 1381 1728 1451; x_wconf 79' lang='lat' dir='ltr'><strong>pontifex</strong></span> <span class='ocrx_word' id='word_1_94' title='bbox 1749 1381 2022 1442; x_wconf 81' lang='lat' dir='ltr'><strong>maximus</strong></span> 
     </span>
    </p>
   </div>
   <div class='ocr_carea' id='block_1_16' title="bbox 445 1475 2022 1555">
    <p class='ocr_par' dir='ltr' id='par_1_16' title="bbox 445 1475 2022 1555">
     <span class='ocr_line' id='line_1_16' title="bbox 445 1475 2022 1555; baseline -0.006 -15"><span class='ocrx_word' id='word_1_95' title='bbox 445 1485 740 1555; x_wconf 86' lang='lat' dir='ltr'><strong>episcopos</strong></span> <span class='ocrx_word' id='word_1_96' title='bbox 759 1481 1004 1536; x_wconf 83' lang='lat' dir='ltr'><strong>Orientis</strong></span> <span class='ocrx_word' id='word_1_97' title='bbox 1029 1488 1084 1534; x_wconf 90' lang='lat' dir='ltr'><strong>et</strong></span> <span class='ocrx_word' id='word_1_98' title='bbox 1113 1477 1450 1533; x_wconf 84' lang='lat' dir='ltr'><strong>Marcianum</strong></span> <span class='ocrx_word' id='word_1_99' title='bbox 1484 1477 1732 1542; x_wconf 87' lang='lat' dir='ltr'><strong>arcessit,</strong></span> <span class='ocrx_word' id='word_1_100' title='bbox 1755 1475 1849 1546; x_wconf 88' lang='lat' dir='ltr'><strong>qui</strong></span> <span class='ocrx_word' id='word_1_101' title='bbox 1877 1475 2022 1546; x_wconf 85' lang='lat' dir='ltr'><strong>apud</strong></span> 
     </span>
    </p>
   </div>
   <div class='ocr_carea' id='block_1_17' title="bbox 448 1567 2020 1642">
    <p class='ocr_par' dir='ltr' id='par_1_17' title="bbox 448 1567 2020 1642">
     <span class='ocr_line' id='line_1_17' title="bbox 448 1567 2020 1642; baseline -0.006 -11"><span class='ocrx_word' id='word_1_102' title='bbox 448 1577 666 1632; x_wconf 87' lang='lat' dir='ltr'><strong>beatum</strong></span> <span class='ocrx_word' id='word_1_103' title='bbox 695 1572 1022 1642; x_wconf 75' lang='lat' dir='ltr'><strong>Gregorium</strong></span> <span class='ocrx_word' id='word_1_104' title='bbox 1047 1570 1269 1626; x_wconf 86' lang='lat' dir='ltr'><strong>assidue</strong></span> <span class='ocrx_word' id='word_1_105' title='bbox 1303 1569 1356 1622; x_wconf 90' lang='lat' dir='ltr'><strong>in</strong></span> <span class='ocrx_word' id='word_1_106' title='bbox 1387 1582 1614 1623; x_wconf 88' lang='lat' dir='ltr'><strong>carcere</strong></span> <span class='ocrx_word' id='word_1_107' title='bbox 1640 1567 2020 1632; x_wconf 81' lang='lat' dir='ltr'><strong>versabantur,</strong></span> 
     </span>
    </p>
   </div>
   <div class='ocr_carea' id='block_1_18' title="bbox 449 1658 2022 1732">
    <p class='ocr_par' dir='ltr' id='par_1_18' title="bbox 449 1658 2022 1732">
     <span class='ocr_line' id='line_1_18' title="bbox 449 1658 2022 1732; baseline -0.006 -9"><span class='ocrx_word' id='word_1_108' title='bbox 449 1670 542 1723; x_wconf 91' lang='lat' dir='ltr'><strong>ubi</strong></span> <span class='ocrx_word' id='word_1_109' title='bbox 572 1677 627 1723; x_wconf 90' lang='lat' dir='ltr'><strong>et</strong></span> <span class='ocrx_word' id='word_1_110' title='bbox 658 1665 872 1723; x_wconf 86' lang='lat' dir='ltr'><strong>Marcus</strong></span> <span class='ocrx_word' id='word_1_111' title='bbox 905 1665 1074 1718; x_wconf 87' lang='lat' dir='ltr'><strong>abbas</strong></span> <span class='ocrx_word' id='word_1_112' title='bbox 1107 1663 1316 1718; x_wconf 87' lang='lat' dir='ltr'><strong>aderat.</strong></span> <span class='ocrx_word' id='word_1_113' title='bbox 1350 1658 1640 1732; x_wconf 67' lang='lat' dir='ltr'><strong>[suum]</strong></span> <span class='ocrx_word' id='word_1_114' title='bbox 1676 1658 1748 1714; x_wconf 89' lang='lat' dir='ltr'><strong>Ut</strong></span> <span class='ocrx_word' id='word_1_115' title='bbox 1785 1659 1853 1715; x_wconf 86' lang='lat' dir='ltr'><strong>ad</strong></span> <span class='ocrx_word' id='word_1_116' title='bbox 1883 1675 2022 1730; x_wconf 87' lang='lat' dir='ltr'><strong>pon-</strong></span> 
     </span>
    </p>
   </div>
   <div class='ocr_carea' id='block_1_19' title="bbox 2114 448 3698 524">
    <p class='ocr_par' dir='ltr' id='par_1_19' title="bbox 2114 448 3698 524">
     <span class='ocr_line' id='line_1_19' title="bbox 2114 448 3698 524; baseline -0.011 -8"><span class='ocrx_word' id='word_1_117' title='bbox 2114 459 2414 524; x_wconf 78' lang='grc' dir='ltr'>ταλανίζων</span> <span class='ocrx_word' id='word_1_118' title='bbox 2439 457 2629 511; x_wconf 79' lang='grc' dir='ltr'>ἑαυτὸν</span> <span class='ocrx_word' id='word_1_119' title='bbox 2652 454 2780 524; x_wconf 70' lang='grc' dir='ltr'>περὶ</span> <span class='ocrx_word' id='word_1_120' title='bbox 2804 451 3024 506; x_wconf 72' lang='grc' dir='ltr'>τούτουο</span> <span class='ocrx_word' id='word_1_121' title='bbox 3073 451 3166 504; x_wconf 73' lang='grc' dir='ltr'>καὶ</span> <span class='ocrx_word' id='word_1_122' title='bbox 3191 448 3546 518; x_wconf 82' lang='grc' dir='ltr'>διηγούμενος</span> <span class='ocrx_word' id='word_1_123' title='bbox 3572 451 3698 512; x_wconf 77' lang='grc' dir='ltr'>τοῖς</span> 
     </span>
    </p>
   </div>
   <div class='ocr_carea' id='block_1_20' title="bbox 2114 539 3694 618">
    <p class='ocr_par' dir='ltr' id='par_1_20' title="bbox 2114 539 3694 618">
     <span class='ocr_line' id='line_1_20' title="bbox 2114 539 3694 618; baseline -0.009 -12"><span class='ocrx_word' id='word_1_124' title='bbox 2114 551 2436 614; x_wconf 72' lang='grc' dir='ltr'><strong>ἐπισκόποις</strong></span> <span class='ocrx_word' id='word_1_125' title='bbox 2467 549 2566 618; x_wconf 83' lang='grc' dir='ltr'>τῆς</span> <span class='ocrx_word' id='word_1_126' title='bbox 2590 544 2900 615; x_wconf 76' lang='grc' dir='ltr'>’Δνατολῆςο</span> <span class='ocrx_word' id='word_1_127' title='bbox 2933 539 3073 614; x_wconf 81' lang='grc' dir='ltr'>ἦσαν</span> <span class='ocrx_word' id='word_1_128' title='bbox 3099 539 3206 612; x_wconf 75' lang='grc' dir='ltr'>γὰρ</span> <span class='ocrx_word' id='word_1_129' title='bbox 3229 539 3325 593; x_wconf 74' lang='grc' dir='ltr'>καὶ</span> <span class='ocrx_word' id='word_1_130' title='bbox 3349 539 3504 593; x_wconf 77' lang='grc' dir='ltr'>αὐτοὶ</span> <span class='ocrx_word' id='word_1_131' title='bbox 3529 539 3694 609; x_wconf 79' lang='grc' dir='ltr'>χάρι-</span> 
     </span>
    </p>
   </div>
   <div class='ocr_carea' id='block_1_21' title="bbox 2113 630 3696 710">
    <p class='ocr_par' dir='ltr' id='par_1_21' title="bbox 2113 630 3696 710">
     <span class='ocr_line' id='line_1_21' title="bbox 2113 630 3696 710; baseline -0.008 -12"><span class='ocrx_word' id='word_1_132' title='bbox 2113 661 2207 708; x_wconf 90' lang='grc' dir='ltr'><strong>τος</strong></span> <span class='ocrx_word' id='word_1_133' title='bbox 2245 639 2342 697; x_wconf 78' lang='grc' dir='ltr'><strong>τοῦ</strong></span> <span class='ocrx_word' id='word_1_134' title='bbox 2380 641 2536 710; x_wconf 85' lang='grc' dir='ltr'>ἁγίου</span> <span class='ocrx_word' id='word_1_135' title='bbox 2584 637 2906 708; x_wconf 86' lang='grc' dir='ltr'>Πνεύματος</span> <span class='ocrx_word' id='word_1_136' title='bbox 2939 633 3256 706; x_wconf 68' lang='grc' dir='ltr'>ἠξιωμένοι,</span> <span class='ocrx_word' id='word_1_137' title='bbox 3285 630 3595 702; x_wconf 79' lang='grc' dir='ltr'>ἐθαύμαζόν</span> <span class='ocrx_word' id='word_1_138' title='bbox 3628 646 3696 685; x_wconf 76' lang='grc' dir='ltr'>τι</span> 
     </span>
    </p>
   </div>
   <div class='ocr_carea' id='block_1_22' title="bbox 2117 716 3698 802">
    <p class='ocr_par' dir='ltr' id='par_1_22' title="bbox 2117 716 3698 802">
     <span class='ocr_line' id='line_1_22' title="bbox 2117 716 3698 802; baseline -0.01 -12"><span class='ocrx_word' id='word_1_139' title='bbox 2117 737 2210 790; x_wconf 73' lang='grc' dir='ltr'>καὶ</span> <span class='ocrx_word' id='word_1_140' title='bbox 2256 734 2410 790; x_wconf 78' lang='grc' dir='ltr'>αὐτοὶ</span> <span class='ocrx_word' id='word_1_141' title='bbox 2461 733 2555 786; x_wconf 73' lang='grc' dir='ltr'>ἐπὶ</span> <span class='ocrx_word' id='word_1_142' title='bbox 2603 731 2683 802; x_wconf 82' lang='grc' dir='ltr'>τῷ</span> <span class='ocrx_word' id='word_1_143' title='bbox 2725 729 3025 799; x_wconf 83' lang='grc' dir='ltr'>διηγήματι</span> <span class='ocrx_word' id='word_1_144' title='bbox 3070 725 3167 780; x_wconf 80' lang='grc' dir='ltr'><strong>τοῦ</strong></span> <span class='ocrx_word' id='word_1_145' title='bbox 3201 725 3377 780; x_wconf 82' lang='grc' dir='ltr'>πάπα.</span> <span class='ocrx_word' id='word_1_146' title='bbox 3410 721 3566 776; x_wconf 81' lang='grc' dir='ltr'>Μετά</span> <span class='ocrx_word' id='word_1_147' title='bbox 3595 716 3698 776; x_wconf 72' lang='grc' dir='ltr'>οὖν</span> 
     </span>
    </p>
   </div>
   <div class='ocr_carea' id='block_1_23' title="bbox 2116 813 3694 896">
    <p class='ocr_par' dir='ltr' id='par_1_23' title="bbox 2116 813 3694 896">
     <span class='ocr_line' id='line_1_23' title="bbox 2116 813 3694 896; baseline -0.011 -15"><span class='ocrx_word' id='word_1_148' title='bbox 2116 827 2298 896; x_wconf 82' lang='grc' dir='ltr'>ὀλίγον</span> <span class='ocrx_word' id='word_1_149' title='bbox 2345 823 2554 896; x_wconf 86' lang='grc' dir='ltr'>χρόνον,</span> <span class='ocrx_word' id='word_1_150' title='bbox 2594 820 2892 876; x_wconf 77' lang='grc' dir='ltr'>κατέλαϐον</span> <span class='ocrx_word' id='word_1_151' title='bbox 2935 819 3029 872; x_wconf 83' lang='grc' dir='ltr'>καὶ</span> <span class='ocrx_word' id='word_1_152' title='bbox 3075 818 3126 872; x_wconf 77' lang='grc' dir='ltr'>οἱ</span> <span class='ocrx_word' id='word_1_153' title='bbox 3151 815 3429 886; x_wconf 78' lang='grc' dir='ltr'>κόμητες,</span> <span class='ocrx_word' id='word_1_154' title='bbox 3459 813 3560 876; x_wconf 86' lang='grc' dir='ltr'>οὓς</span> <span class='ocrx_word' id='word_1_155' title='bbox 3581 813 3694 866; x_wconf 87' lang='grc' dir='ltr'>ἀπ-</span> 
     </span>
    </p>
   </div>
   <div class='ocr_carea' id='block_1_24' title="bbox 2118 904 3695 981">
    <p class='ocr_par' dir='ltr' id='par_1_24' title="bbox 2118 904 3695 981">
     <span class='ocr_line' id='line_1_24' title="bbox 2118 904 3695 981; baseline -0.009 -9"><span class='ocrx_word' id='word_1_156' title='bbox 2118 919 2356 973; x_wconf 81' lang='grc' dir='ltr'>έστειλεν</span> <span class='ocrx_word' id='word_1_157' title='bbox 2389 920 2418 972; x_wconf 99' lang='lat'><strong>6</strong></span> <span class='ocrx_word' id='word_1_158' title='bbox 2444 917 2632 978; x_wconf 82' lang='grc' dir='ltr'>πάπας</span> <span class='ocrx_word' id='word_1_159' title='bbox 2659 916 2719 968; x_wconf 84' lang='grc' dir='ltr'><strong>ἐν</strong></span> <span class='ocrx_word' id='word_1_160' title='bbox 2748 910 2988 981; x_wconf 76' lang='grc' dir='ltr'>Σικελία,</span> <span class='ocrx_word' id='word_1_161' title='bbox 3019 909 3277 980; x_wconf 83' lang='grc' dir='ltr'>φέροντες</span> <span class='ocrx_word' id='word_1_162' title='bbox 3297 908 3423 970; x_wconf 82' lang='grc' dir='ltr'>τοὺς</span> <span class='ocrx_word' id='word_1_163' title='bbox 3449 904 3695 976; x_wconf 78' lang='grc' dir='ltr'>κατηγό-</span> 
     </span>
    </p>
   </div>
   <div class='ocr_carea' id='block_1_25' title="bbox 2120 993 3696 1078">
    <p class='ocr_par' dir='ltr' id='par_1_25' title="bbox 2120 993 3696 1078">
     <span class='ocr_line' id='line_1_25' title="bbox 2120 993 3696 1078; baseline -0.008 -18"><span class='ocrx_word' id='word_1_164' title='bbox 2120 1023 2246 1078; x_wconf 84' lang='grc' dir='ltr'><strong>ρους</strong></span> <span class='ocrx_word' id='word_1_165' title='bbox 2273 1005 2366 1060; x_wconf 81' lang='grc' dir='ltr'>τοῦ</span> <span class='ocrx_word' id='word_1_166' title='bbox 2399 1004 2722 1066; x_wconf 82' lang='grc' dir='ltr'>ἐπισκόπου,</span> <span class='ocrx_word' id='word_1_167' title='bbox 2761 1001 2859 1056; x_wconf 79' lang='grc' dir='ltr'>καὶ</span> <span class='ocrx_word' id='word_1_168' title='bbox 2897 1000 2996 1072; x_wconf 81' lang='grc' dir='ltr'>τὴν</span> <span class='ocrx_word' id='word_1_169' title='bbox 3019 1001 3211 1070; x_wconf 88' lang='grc' dir='ltr'>κόρην.</span> <span class='ocrx_word' id='word_1_170' title='bbox 3242 993 3448 1051; x_wconf 69' lang='grc' dir='ltr'>*Ηλθον</span> <span class='ocrx_word' id='word_1_171' title='bbox 3477 995 3535 1050; x_wconf 78' lang='grc' dir='ltr'><strong>δὲ</strong></span> <span class='ocrx_word' id='word_1_172' title='bbox 3571 997 3696 1068; x_wconf 80' lang='grc' dir='ltr'>μετ’</span> 
     </span>
    </p>
   </div>
   <div class='ocr_carea' id='block_1_26' title="bbox 2118 1087 3697 1164">
    <p class='ocr_par' dir='ltr' id='par_1_26' title="bbox 2118 1087 3697 1164">
     <span class='ocr_line' id='line_1_26' title="bbox 2118 1087 3697 1164; baseline -0.006 -15"><span class='ocrx_word' id='word_1_173' title='bbox 2118 1094 2300 1149; x_wconf 83' lang='grc' dir='ltr'>αὐτῶν</span> <span class='ocrx_word' id='word_1_174' title='bbox 2324 1095 2419 1148; x_wconf 82' lang='grc' dir='ltr'>καὶ</span> <span class='ocrx_word' id='word_1_175' title='bbox 2445 1093 2539 1147; x_wconf 84' lang='grc' dir='ltr'><strong>δύο</strong></span> <span class='ocrx_word' id='word_1_176' title='bbox 2563 1091 2836 1164; x_wconf 79' lang='grc' dir='ltr'>τριὸοὖνοι</span> <span class='ocrx_word' id='word_1_177' title='bbox 2857 1091 2958 1161; x_wconf 81' lang='grc' dir='ltr'>τῆς</span> <span class='ocrx_word' id='word_1_178' title='bbox 2985 1089 3191 1151; x_wconf 85' lang='grc' dir='ltr'>πόλεως</span> <span class='ocrx_word' id='word_1_179' title='bbox 3216 1089 3308 1142; x_wconf 79' lang='grc' dir='ltr'>καὶ</span> <span class='ocrx_word' id='word_1_180' title='bbox 3327 1087 3356 1140; x_wconf 91' lang='grc' dir='ltr'><strong>ό</strong></span> <span class='ocrx_word' id='word_1_181' title='bbox 3383 1087 3697 1158; x_wconf 82' lang='grc' dir='ltr'>ἀρχιδιάκο-</span> 
     </span>
    </p>
   </div>
   <div class='ocr_carea' id='block_1_27' title="bbox 2120 1179 3698 1256">
    <p class='ocr_par' dir='ltr' id='par_1_27' title="bbox 2120 1179 3698 1256">
     <span class='ocr_line' id='line_1_27' title="bbox 2120 1179 3698 1256; baseline -0.006 -16"><span class='ocrx_word' id='word_1_182' title='bbox 2120 1203 2229 1252; x_wconf 90' lang='grc' dir='ltr'>νος,</span> <span class='ocrx_word' id='word_1_183' title='bbox 2271 1186 2366 1240; x_wconf 82' lang='grc' dir='ltr'>καὶ</span> <span class='ocrx_word' id='word_1_184' title='bbox 2406 1185 2692 1256; x_wconf 88' lang='grc' dir='ltr'>Ἒρασμος</span> <span class='ocrx_word' id='word_1_185' title='bbox 2731 1184 2826 1238; x_wconf 80' lang='grc' dir='ltr'>καὶ</span> <span class='ocrx_word' id='word_1_186' title='bbox 2866 1181 3193 1252; x_wconf 75' lang='grc' dir='ltr'>Φιλάδελφος</span> <span class='ocrx_word' id='word_1_187' title='bbox 3225 1181 3274 1234; x_wconf 77' lang='grc' dir='ltr'>οἱ</span> <span class='ocrx_word' id='word_1_188' title='bbox 3300 1179 3554 1245; x_wconf 86' lang='grc' dir='ltr'>διάκονοι,</span> <span class='ocrx_word' id='word_1_189' title='bbox 3598 1179 3698 1232; x_wconf 79' lang='grc' dir='ltr'>καὶ</span> 
     </span>
    </p>
   </div>
   <div class='ocr_carea' id='block_1_28' title="bbox 2119 1275 2952 1348">
    <p class='ocr_par' dir='ltr' id='par_1_28' title="bbox 2119 1275 2952 1348">
     <span class='ocr_line' id='line_1_28' title="bbox 2119 1275 2952 1348; baseline -0.005 -16"><span class='ocrx_word' id='word_1_190' title='bbox 2119 1279 2242 1332; x_wconf 72' lang='grc' dir='ltr'>λαοὶ</span> <span class='ocrx_word' id='word_1_191' title='bbox 2265 1277 2362 1348; x_wconf 82' lang='grc' dir='ltr'>τῆς</span> <span class='ocrx_word' id='word_1_192' title='bbox 2393 1277 2600 1340; x_wconf 88' lang='grc' dir='ltr'>πόλεως</span> <span class='ocrx_word' id='word_1_193' title='bbox 2626 1277 2725 1329; x_wconf 83' lang='grc' dir='ltr'>σὺν</span> <span class='ocrx_word' id='word_1_194' title='bbox 2749 1275 2952 1336; x_wconf 80' lang='grc' dir='ltr'>αὐτοῖς.</span> 
     </span>
    </p>
   </div>
   <div class='ocr_carea' id='block_1_29' title="bbox 2125 1365 3698 1432">
    <p class='ocr_par' dir='ltr' id='par_1_29' title="bbox 2125 1365 3698 1432">
     <span class='ocr_line' id='line_1_29' title="bbox 2125 1365 3698 1432; baseline -0.004 -9"><span class='ocrx_word' id='word_1_195' title='bbox 2125 1406 2128 1410; x_wconf 88' lang='lat'><strong>-</strong></span> <span class='ocrx_word' id='word_1_196' title='bbox 2191 1371 2313 1423; x_wconf 75' lang='lat' dir='ltr'><strong>OA&#39;.</strong></span> <span class='ocrx_word' id='word_1_197' title='bbox 2347 1369 2512 1432; x_wconf 83' lang='grc' dir='ltr'><strong>Γνοὺς</strong></span> <span class='ocrx_word' id='word_1_198' title='bbox 2537 1367 2594 1422; x_wconf 83' lang='grc' dir='ltr'><strong>δὲ</strong></span> <span class='ocrx_word' id='word_1_199' title='bbox 2615 1369 2645 1420; x_wconf 91' lang='grc' dir='ltr'><strong>ό</strong></span> <span class='ocrx_word' id='word_1_200' title='bbox 2673 1368 2886 1432; x_wconf 86' lang='grc' dir='ltr'>πάπας,</span> <span class='ocrx_word' id='word_1_201' title='bbox 2905 1369 2987 1421; x_wconf 84' lang='grc' dir='ltr'>ὅτι</span> <span class='ocrx_word' id='word_1_202' title='bbox 3012 1366 3335 1431; x_wconf 75' lang='grc' dir='ltr'>κατέλαϐον,</span> <span class='ocrx_word' id='word_1_203' title='bbox 3361 1365 3698 1430; x_wconf 78' lang='grc' dir='ltr'><strong>ἀποστείλας</strong></span> 
     </span>
    </p>
   </div>
   <div class='ocr_carea' id='block_1_30' title="bbox 2127 1456 3700 1532">
    <p class='ocr_par' dir='ltr' id='par_1_30' title="bbox 2127 1456 3700 1532">
     <span class='ocr_line' id='line_1_30' title="bbox 2127 1456 3700 1532; baseline -0.004 -17"><span class='ocrx_word' id='word_1_204' title='bbox 2127 1457 2505 1532; x_wconf 76' lang='grc' dir='ltr'>μετεστείλατο</span> <span class='ocrx_word' id='word_1_205' title='bbox 2535 1461 2661 1524; x_wconf 82' lang='grc' dir='ltr'>τοὺς</span> <span class='ocrx_word' id='word_1_206' title='bbox 2689 1459 2788 1528; x_wconf 83' lang='grc' dir='ltr'>τῆς</span> <span class='ocrx_word' id='word_1_207' title='bbox 2822 1459 3108 1530; x_wconf 83' lang='grc' dir='ltr'>’Δνατολῆς</span> <span class='ocrx_word' id='word_1_208' title='bbox 3129 1457 3459 1522; x_wconf 67' lang='grc' dir='ltr'>ἐπισκόπους</span> <span class='ocrx_word' id='word_1_209' title='bbox 3491 1456 3700 1512; x_wconf 77' lang='grc' dir='ltr'>καὶτὸν</span> 
     </span>
    </p>
   </div>
   <div class='ocr_carea' id='block_1_31' title="bbox 2123 1548 3700 1624">
    <p class='ocr_par' dir='ltr' id='par_1_31' title="bbox 2123 1548 3700 1624">
     <span class='ocr_line' id='line_1_31' title="bbox 2123 1548 3700 1624; baseline -0.005 -16"><span class='ocrx_word' id='word_1_210' title='bbox 2123 1553 2476 1624; x_wconf 76' lang='grc' dir='ltr'>Μαρκιανόνο</span> <span class='ocrx_word' id='word_1_211' title='bbox 2500 1548 2644 1622; x_wconf 72' lang='grc' dir='ltr'>ἦσαν</span> <span class='ocrx_word' id='word_1_212' title='bbox 2669 1552 2775 1622; x_wconf 82' lang='grc' dir='ltr'>γὰρ</span> <span class='ocrx_word' id='word_1_213' title='bbox 2799 1550 3160 1614; x_wconf 79' lang='grc' dir='ltr'>ἀδιαλείπτως</span> <span class='ocrx_word' id='word_1_214' title='bbox 3189 1551 3248 1603; x_wconf 81' lang='grc' dir='ltr'><strong>ἐν</strong></span> <span class='ocrx_word' id='word_1_215' title='bbox 3276 1553 3343 1622; x_wconf 78' lang='grc' dir='ltr'><strong>τῇ</strong></span> <span class='ocrx_word' id='word_1_216' title='bbox 3370 1549 3585 1620; x_wconf 82' lang='grc' dir='ltr'>φυλακῇ</span> <span class='ocrx_word' id='word_1_217' title='bbox 3615 1549 3700 1601; x_wconf 85' lang='grc' dir='ltr'>δι-</span> 
     </span>
    </p>
   </div>
   <div class='ocr_carea' id='block_1_32' title="bbox 2125 1639 3700 1714">
    <p class='ocr_par' dir='ltr' id='par_1_32' title="bbox 2125 1639 3700 1714">
     <span class='ocr_line' id='line_1_32' title="bbox 2125 1639 3700 1714; baseline -0.004 -16"><span class='ocrx_word' id='word_1_218' title='bbox 2125 1643 2352 1712; x_wconf 79' lang='grc' dir='ltr'>άγοντες</span> <span class='ocrx_word' id='word_1_219' title='bbox 2380 1643 2516 1713; x_wconf 86' lang='grc' dir='ltr'><strong>μετά</strong></span> <span class='ocrx_word' id='word_1_220' title='bbox 2539 1639 2636 1696; x_wconf 82' lang='grc' dir='ltr'><strong>τοῦ</strong></span> <span class='ocrx_word' id='word_1_221' title='bbox 2668 1641 2940 1712; x_wconf 84' lang='grc' dir='ltr'>μακαρίου</span> <span class='ocrx_word' id='word_1_222' title='bbox 2972 1640 3273 1714; x_wconf 87' lang='grc' dir='ltr'>Γρηγορίου</span> <span class='ocrx_word' id='word_1_223' title='bbox 3293 1655 3308 1672; x_wconf 88' lang='grc'><strong>·</strong></span> <span class='ocrx_word' id='word_1_224' title='bbox 3338 1641 3432 1694; x_wconf 80' lang='grc' dir='ltr'>καὶ</span> <span class='ocrx_word' id='word_1_225' title='bbox 3463 1642 3492 1694; x_wconf 90' lang='lat'><strong>6</strong></span> <span class='ocrx_word' id='word_1_226' title='bbox 3522 1639 3700 1703; x_wconf 76' lang='grc' dir='ltr'><strong>ἀὸὁᾶς</strong></span> 
     </span>
    </p>
   </div>
   <div class='ocr_carea' id='block_1_33' title="bbox 452 1731 2036 1824">
    <p class='ocr_par' dir='ltr' id='par_1_33' title="bbox 452 1751 2024 1824">
     <span class='ocr_line' id='line_1_33' title="bbox 452 1751 2024 1824; baseline -0.004 -9"><span class='ocrx_word' id='word_1_227' title='bbox 452 1759 650 1815; x_wconf 86' lang='lat' dir='ltr'><strong>tilicem</strong></span> <span class='ocrx_word' id='word_1_228' title='bbox 685 1757 986 1812; x_wconf 82' lang='lat' dir='ltr'><strong>maximum</strong></span> <span class='ocrx_word' id='word_1_229' title='bbox 1029 1771 1248 1818; x_wconf 83' lang='lat' dir='ltr'><strong>venere,</strong></span> <span class='ocrx_word' id='word_1_230' title='bbox 1293 1769 1499 1824; x_wconf 87' lang='lat' dir='ltr'><strong>eosque</strong></span> <span class='ocrx_word' id='word_1_231' title='bbox 1532 1755 1620 1808; x_wconf 87' lang='lat' dir='ltr'><strong>ille</strong></span> <span class='ocrx_word' id='word_1_232' title='bbox 1652 1754 1915 1809; x_wconf 85' lang='lat' dir='ltr'><strong>certiores</strong></span> <span class='ocrx_word' id='word_1_233' title='bbox 1943 1751 2024 1808; x_wconf 78' lang='lat' dir='ltr'><strong>fe-</strong></span> 
     </span>
    </p>
   </div>
   <div class='ocr_carea' id='block_1_34' title="bbox 2135 1731 3700 1824">
    <p class='ocr_par' dir='ltr' id='par_1_34' title="bbox 2135 1731 3700 1805">
     <span class='ocr_line' id='line_1_34' title="bbox 2135 1731 3700 1805; baseline -0.002 -16"><span class='ocrx_word' id='word_1_234' title='bbox 2135 1735 2352 1805; x_wconf 81' lang='grc' dir='ltr'>Μάρκος</span> <span class='ocrx_word' id='word_1_235' title='bbox 2381 1736 2480 1788; x_wconf 78' lang='grc' dir='ltr'>σὺν</span> <span class='ocrx_word' id='word_1_236' title='bbox 2511 1733 2715 1796; x_wconf 78' lang='grc' dir='ltr'>αὐτοῖς.</span> <span class='ocrx_word' id='word_1_237' title='bbox 2753 1732 3196 1804; x_wconf 80' lang='grc' dir='ltr'>Παραγενόμενοι</span> <span class='ocrx_word' id='word_1_238' title='bbox 3223 1733 3279 1785; x_wconf 82' lang='grc' dir='ltr'><strong>δὲ</strong></span> <span class='ocrx_word' id='word_1_239' title='bbox 3305 1731 3440 1803; x_wconf 85' lang='grc' dir='ltr'>πρὸς</span> <span class='ocrx_word' id='word_1_240' title='bbox 3471 1731 3562 1784; x_wconf 86' lang='grc' dir='ltr'>τδν</span> <span class='ocrx_word' id='word_1_241' title='bbox 3591 1731 3700 1786; x_wconf 86' lang='grc' dir='ltr'><strong>πά-</strong></span> 
     </span>
    </p>
   </div>
   <div class='ocr_carea' id='block_1_35' title="bbox 452 1844 2015 1920">
    <p class='ocr_par' dir='ltr' id='par_1_35' title="bbox 452 1844 2015 1920">
     <span class='ocr_line' id='line_1_35' title="bbox 452 1844 2015 1920; baseline -0.005 -16"><span class='ocrx_word' id='word_1_242' title='bbox 452 1851 552 1916; x_wconf 83' lang='lat' dir='ltr'><strong>cit,</strong></span> <span class='ocrx_word' id='word_1_243' title='bbox 581 1847 832 1920; x_wconf 74' lang='lat' dir='ltr'><strong>Gregorii</strong></span> <span class='ocrx_word' id='word_1_244' title='bbox 856 1847 1100 1918; x_wconf 89' lang='lat' dir='ltr'><strong>episcopi</strong></span> <span class='ocrx_word' id='word_1_245' title='bbox 1142 1855 1491 1901; x_wconf 86' lang='lat' dir='ltr'><strong>accusatores</strong></span> <span class='ocrx_word' id='word_1_246' title='bbox 1517 1844 1769 1910; x_wconf 89' lang='lat' dir='ltr'><strong>venisse;</strong></span> <span class='ocrx_word' id='word_1_247' title='bbox 1799 1857 2015 1913; x_wconf 86' lang='lat' dir='ltr'><strong>respon-</strong></span> 
     </span>
    </p>
   </div>
   <div class='ocr_carea' id='block_1_36' title="bbox 451 1931 2039 2010">
    <p class='ocr_par' dir='ltr' id='par_1_36' title="bbox 451 1931 2039 2010">
     <span class='ocr_line' id='line_1_36' title="bbox 451 1931 2039 2010; baseline -0.001 -15"><span class='ocrx_word' id='word_1_248' title='bbox 451 1931 600 2006; x_wconf 78' lang='lat' dir='ltr'><strong>dent,</strong></span> <span class='ocrx_word' id='word_1_249' title='bbox 637 1956 696 1995; x_wconf 91' lang='lat' dir='ltr'><strong>se</strong></span> <span class='ocrx_word' id='word_1_250' title='bbox 737 1954 957 2010; x_wconf 85' lang='lat' dir='ltr'><strong>quoque</strong></span> <span class='ocrx_word' id='word_1_251' title='bbox 986 1939 1052 1993; x_wconf 93' lang='lat' dir='ltr'><strong>de</strong></span> <span class='ocrx_word' id='word_1_252' title='bbox 1087 1939 1305 1993; x_wconf 88' lang='lat' dir='ltr'><strong>illorum</strong></span> <span class='ocrx_word' id='word_1_253' title='bbox 1335 1939 1568 1992; x_wconf 85' lang='lat' dir='ltr'><strong>adventu</strong></span> <span class='ocrx_word' id='word_1_254' title='bbox 1608 1937 1678 1992; x_wconf 88' lang='lat' dir='ltr'><strong>ab</strong></span> <span class='ocrx_word' id='word_1_255' title='bbox 1718 1935 1842 1990; x_wconf 87' lang='lat' dir='ltr'><strong>aliis</strong></span> <span class='ocrx_word' id='word_1_256' title='bbox 1869 1946 2039 1993; x_wconf 62' lang='lat' dir='ltr'><strong>accc-</strong></span> 
     </span>
    </p>
   </div>
   <div class='ocr_carea' id='block_1_37' title="bbox 451 2023 2021 2102">
    <p class='ocr_par' dir='ltr' id='par_1_37' title="bbox 451 2023 2021 2102">
     <span class='ocr_line' id='line_1_37' title="bbox 451 2023 2021 2102; baseline -0.006 -18"><span class='ocrx_word' id='word_1_257' title='bbox 451 2032 618 2102; x_wconf 87' lang='lat' dir='ltr'><strong>pisse.</strong></span> <span class='ocrx_word' id='word_1_258' title='bbox 647 2029 1014 2085; x_wconf 87' lang='lat' dir='ltr'><strong>Perveneram</strong></span> <span class='ocrx_word' id='word_1_259' title='bbox 1038 2038 1222 2082; x_wconf 88' lang='lat' dir='ltr'><strong>autem</strong></span> <span class='ocrx_word' id='word_1_260' title='bbox 1253 2029 1370 2097; x_wconf 85' lang='lat' dir='ltr'><strong>ipso</strong></span> <span class='ocrx_word' id='word_1_261' title='bbox 1397 2026 1721 2082; x_wconf 81' lang='lat' dir='ltr'><strong>Paraseevcs</strong></span> <span class='ocrx_word' id='word_1_262' title='bbox 1741 2027 1848 2081; x_wconf 92' lang='lat' dir='ltr'><strong>die.</strong></span> <span class='ocrx_word' id='word_1_263' title='bbox 1883 2023 2021 2078; x_wconf 87' lang='lat' dir='ltr'><strong>Tum</strong></span> 
     </span>
    </p>
   </div>
   <div class='ocr_carea' id='block_1_38' title="bbox 454 2115 2022 2188">
    <p class='ocr_par' dir='ltr' id='par_1_38' title="bbox 454 2115 2022 2188">
     <span class='ocr_line' id='line_1_38' title="bbox 454 2115 2022 2188; baseline -0.003 -12"><span class='ocrx_word' id='word_1_264' title='bbox 454 2123 568 2176; x_wconf 72' lang='lat' dir='ltr'><strong>haec</strong></span> <span class='ocrx_word' id='word_1_265' title='bbox 611 2120 866 2176; x_wconf 86' lang='lat' dir='ltr'><strong>addidere</strong></span> <span class='ocrx_word' id='word_1_266' title='bbox 899 2135 916 2173; x_wconf 91' lang='lat'><strong>:</strong></span> <span class='ocrx_word' id='word_1_267' title='bbox 951 2119 1250 2188; x_wconf 84' lang='lat' dir='ltr'><strong>Episcopus</strong></span> <span class='ocrx_word' id='word_1_268' title='bbox 1302 2132 1492 2171; x_wconf 89' lang='lat' dir='ltr'><strong>omnes</strong></span> <span class='ocrx_word' id='word_1_269' title='bbox 1523 2115 1841 2186; x_wconf 80' lang='lat' dir='ltr'><strong>congregari</strong></span> <span class='ocrx_word' id='word_1_270' title='bbox 1871 2115 2022 2186; x_wconf 90' lang='lat' dir='ltr'><strong>jube,</strong></span> 
     </span>
    </p>
   </div>
   <div class='ocr_carea' id='block_1_39' title="bbox 451 2207 2026 2282">
    <p class='ocr_par' dir='ltr' id='par_1_39' title="bbox 451 2207 2026 2282">
     <span class='ocr_line' id='line_1_39' title="bbox 451 2207 2026 2282; baseline -0.003 -14"><span class='ocrx_word' id='word_1_271' title='bbox 451 2228 538 2277; x_wconf 90' lang='lat' dir='ltr'><strong>ac,</strong></span> <span class='ocrx_word' id='word_1_272' title='bbox 573 2212 621 2268; x_wconf 87' lang='lat' dir='ltr'><strong>si</strong></span> <span class='ocrx_word' id='word_1_273' title='bbox 655 2211 764 2267; x_wconf 91' lang='lat' dir='ltr'><strong>Deo</strong></span> <span class='ocrx_word' id='word_1_274' title='bbox 793 2211 992 2282; x_wconf 86' lang='lat' dir='ltr'><strong>placet,</strong></span> <span class='ocrx_word' id='word_1_275' title='bbox 1032 2211 1174 2265; x_wconf 88' lang='lat' dir='ltr'><strong>diem</strong></span> <span class='ocrx_word' id='word_1_276' title='bbox 1226 2209 1312 2265; x_wconf 91' lang='lat' dir='ltr'><strong>his</strong></span> <span class='ocrx_word' id='word_1_277' title='bbox 1340 2209 1571 2264; x_wconf 86' lang='lat' dir='ltr'><strong>alterum</strong></span> <span class='ocrx_word' id='word_1_278' title='bbox 1600 2224 1631 2264; x_wconf 91' lang='lat' dir='ltr'><strong>e</strong></span> <span class='ocrx_word' id='word_1_279' title='bbox 1667 2207 2026 2264; x_wconf 86' lang='lat' dir='ltr'><strong>Pascbalibus</strong></span> 
     </span>
    </p>
   </div>
   <div class='ocr_carea' id='block_1_40' title="bbox 453 2299 2026 2376">
    <p class='ocr_par' dir='ltr' id='par_1_40' title="bbox 453 2299 2026 2376">
     <span class='ocr_line' id='line_1_40' title="bbox 453 2299 2026 2376; baseline -0.003 -18"><span class='ocrx_word' id='word_1_280' title='bbox 453 2304 746 2376; x_wconf 68' lang='lat' dir='ltr'><strong>praescribe</strong></span> <span class='ocrx_word' id='word_1_281' title='bbox 774 2303 908 2374; x_wconf 87' lang='lat'><strong>(86),</strong></span> <span class='ocrx_word' id='word_1_282' title='bbox 937 2318 1045 2372; x_wconf 88' lang='lat' dir='ltr'><strong>quo</strong></span> <span class='ocrx_word' id='word_1_283' title='bbox 1075 2316 1270 2370; x_wconf 80' lang='lat' dir='ltr'><strong>nempe</strong></span> <span class='ocrx_word' id='word_1_284' title='bbox 1301 2300 1709 2366; x_wconf 87' lang='lat' dir='ltr'><strong>consideamus,</strong></span> <span class='ocrx_word' id='word_1_285' title='bbox 1742 2311 1792 2355; x_wconf 91' lang='lat' dir='ltr'><strong>et</strong></span> <span class='ocrx_word' id='word_1_286' title='bbox 1824 2300 1890 2355; x_wconf 91' lang='lat' dir='ltr'><strong>de</strong></span> <span class='ocrx_word' id='word_1_287' title='bbox 1926 2299 2026 2354; x_wconf 82' lang='lat' dir='ltr'><strong>bo-</strong></span> 
     </span>
    </p>
   </div>
   <div class='ocr_carea' id='block_1_41' title="bbox 456 2390 2028 2463">
    <p class='ocr_par' dir='ltr' id='par_1_41' title="bbox 456 2390 2028 2463">
     <span class='ocr_line' id='line_1_41' title="bbox 456 2390 2028 2463; baseline -0.003 -13"><span class='ocrx_word' id='word_1_288' title='bbox 456 2397 623 2451; x_wconf 90' lang='lat' dir='ltr'><strong>minis</strong></span> <span class='ocrx_word' id='word_1_289' title='bbox 651 2411 816 2450; x_wconf 84' lang='lat' dir='ltr'><strong>causa</strong></span> <span class='ocrx_word' id='word_1_290' title='bbox 835 2393 1226 2449; x_wconf 88' lang='lat' dir='ltr'><strong>deliberemus.</strong></span> <span class='ocrx_word' id='word_1_291' title='bbox 1254 2391 1508 2463; x_wconf 88' lang='lat' dir='ltr'><strong>Subjecit</strong></span> <span class='ocrx_word' id='word_1_292' title='bbox 1535 2407 1663 2448; x_wconf 89' lang='lat' dir='ltr'><strong>vero</strong></span> <span class='ocrx_word' id='word_1_293' title='bbox 1692 2392 1860 2446; x_wconf 89' lang='lat' dir='ltr'><strong>abbas</strong></span> <span class='ocrx_word' id='word_1_294' title='bbox 1884 2390 2028 2446; x_wconf 81' lang='lat' dir='ltr'><strong>Mar-</strong></span> 
     </span>
    </p>
   </div>
   <div class='ocr_carea' id='block_1_42' title="bbox 455 2470 2027 2548">
    <p class='ocr_par' dir='ltr' id='par_1_42' title="bbox 455 2470 2027 2548">
     <span class='ocr_line' id='line_1_42' title="bbox 455 2470 2027 2548; baseline -0.004 -5"><span class='ocrx_word' id='word_1_295' title='bbox 455 2503 556 2543; x_wconf 90' lang='lat' dir='ltr'><strong>cus</strong></span> <span class='ocrx_word' id='word_1_296' title='bbox 599 2504 613 2540; x_wconf 89' lang='lat'><strong>:</strong></span> <span class='ocrx_word' id='word_1_297' title='bbox 663 2485 758 2540; x_wconf 80' lang='lat' dir='ltr'><strong>Vae</strong></span> <span class='ocrx_word' id='word_1_298' title='bbox 780 2470 1204 2541; x_wconf 74' lang='lat' dir='ltr'><strong>accusatoribus</strong></span> <span class='ocrx_word' id='word_1_299' title='bbox 1235 2483 1346 2539; x_wconf 90' lang='lat' dir='ltr'><strong>illis</strong></span> <span class='ocrx_word' id='word_1_300' title='bbox 1383 2493 1438 2538; x_wconf 93' lang='lat' dir='ltr'><strong>et</strong></span> <span class='ocrx_word' id='word_1_301' title='bbox 1487 2484 1541 2538; x_wconf 91' lang='lat' dir='ltr'><strong>in</strong></span> <span class='ocrx_word' id='word_1_302' title='bbox 1582 2483 1686 2540; x_wconf 90' lang='lat' dir='ltr'><strong>hac</strong></span> <span class='ocrx_word' id='word_1_303' title='bbox 1724 2484 1856 2548; x_wconf 91' lang='lat' dir='ltr'><strong>vita,</strong></span> <span class='ocrx_word' id='word_1_304' title='bbox 1897 2483 2027 2538; x_wconf 91' lang='lat' dir='ltr'><strong>etin</strong></span> 
     </span>
    </p>
   </div>
   <div class='ocr_carea' id='block_1_43' title="bbox 456 2575 2029 2648">
    <p class='ocr_par' dir='ltr' id='par_1_43' title="bbox 456 2575 2029 2648">
     <span class='ocr_line' id='line_1_43' title="bbox 456 2575 2029 2648; baseline -0.004 -12"><span class='ocrx_word' id='word_1_305' title='bbox 456 2580 668 2636; x_wconf 81' lang='lat' dir='ltr'><strong>futura.</strong></span> <span class='ocrx_word' id='word_1_306' title='bbox 705 2577 807 2633; x_wconf 88' lang='lat' dir='ltr'><strong>Cui</strong></span> <span class='ocrx_word' id='word_1_307' title='bbox 847 2575 1090 2648; x_wconf 77' lang='lat' dir='ltr'><strong>pontifex</strong></span> <span class='ocrx_word' id='word_1_308' title='bbox 1119 2577 1397 2632; x_wconf 79' lang='lat' dir='ltr'><strong>maximus</strong></span> <span class='ocrx_word' id='word_1_309' title='bbox 1429 2595 1442 2631; x_wconf 91' lang='lat'><strong>:</strong></span> <span class='ocrx_word' id='word_1_310' title='bbox 1474 2577 1640 2643; x_wconf 85' lang='lat' dir='ltr'><strong>Pace,</strong></span> <span class='ocrx_word' id='word_1_311' title='bbox 1697 2575 1900 2646; x_wconf 86' lang='lat' dir='ltr'><strong>inquit,</strong></span> <span class='ocrx_word' id='word_1_312' title='bbox 1935 2587 2029 2630; x_wconf 88' lang='lat' dir='ltr'><strong>tua</strong></span> 
     </span>
    </p>
   </div>
   <div class='ocr_carea' id='block_1_44' title="bbox 457 2667 2031 2740">
    <p class='ocr_par' dir='ltr' id='par_1_44' title="bbox 457 2667 2031 2740">
     <span class='ocr_line' id='line_1_44' title="bbox 457 2667 2031 2740; baseline -0.004 -11"><span class='ocrx_word' id='word_1_313' title='bbox 457 2673 722 2738; x_wconf 83' lang='lat' dir='ltr'><strong>dixerim,</strong></span> <span class='ocrx_word' id='word_1_314' title='bbox 759 2680 814 2726; x_wconf 92' lang='lat' dir='ltr'><strong>tu</strong></span> <span class='ocrx_word' id='word_1_315' title='bbox 850 2671 954 2726; x_wconf 91' lang='lat' dir='ltr'><strong>hoc</strong></span> <span class='ocrx_word' id='word_1_316' title='bbox 992 2671 1144 2726; x_wconf 89' lang='lat' dir='ltr'><strong>solus</strong></span> <span class='ocrx_word' id='word_1_317' title='bbox 1169 2668 1433 2737; x_wconf 79' lang='lat' dir='ltr'><strong>ailirmas,</strong></span> <span class='ocrx_word' id='word_1_318' title='bbox 1454 2667 1639 2724; x_wconf 83' lang='lat' dir='ltr'><strong>Pater.</strong></span> <span class='ocrx_word' id='word_1_319' title='bbox 1678 2668 1749 2724; x_wconf 81' lang='lat' dir='ltr'><strong>At</strong></span> <span class='ocrx_word' id='word_1_320' title='bbox 1787 2668 2031 2740; x_wconf 85' lang='lat' dir='ltr'><strong>episcopi</strong></span> 
     </span>
    </p>
   </div>
   <div class='ocr_carea' id='block_1_45' title="bbox 461 2760 2032 2832">
    <p class='ocr_par' dir='ltr' id='par_1_45' title="bbox 461 2760 2032 2832">
     <span class='ocr_line' id='line_1_45' title="bbox 461 2760 2032 2832; baseline -0.002 -11"><span class='ocrx_word' id='word_1_321' title='bbox 461 2776 518 2822; x_wconf 88' lang='lat' dir='ltr'><strong>et</strong></span> <span class='ocrx_word' id='word_1_322' title='bbox 547 2765 855 2820; x_wconf 78' lang='lat' dir='ltr'><strong>Marcianus</strong></span> <span class='ocrx_word' id='word_1_323' title='bbox 891 2781 906 2817; x_wconf 90' lang='lat'><strong>:</strong></span> <span class='ocrx_word' id='word_1_324' title='bbox 935 2763 1121 2830; x_wconf 87' lang='lat' dir='ltr'><strong>Quin,</strong></span> <span class='ocrx_word' id='word_1_325' title='bbox 1153 2760 1396 2829; x_wconf 86' lang='lat' dir='ltr'><strong>domine,</strong></span> <span class='ocrx_word' id='word_1_326' title='bbox 1450 2761 1875 2832; x_wconf 86' lang='lat' dir='ltr'><strong>responderunt,</strong></span> <span class='ocrx_word' id='word_1_327' title='bbox 1928 2762 2032 2819; x_wconf 87' lang='lat' dir='ltr'><strong>hoc</strong></span> 
     </span>
    </p>
   </div>
   <div class='ocr_carea' id='block_1_46' title="bbox 461 2854 2032 2934">
    <p class='ocr_par' dir='ltr' id='par_1_46' title="bbox 461 2854 2032 2934">
     <span class='ocr_line' id='line_1_46' title="bbox 461 2854 2032 2934; baseline -0.002 -21"><span class='ocrx_word' id='word_1_328' title='bbox 461 2858 629 2920; x_wconf 81' lang='lat' dir='ltr'><strong>scias.</strong></span> <span class='ocrx_word' id='word_1_329' title='bbox 682 2867 738 2910; x_wconf 91' lang='lat' dir='ltr'><strong>et</strong></span> <span class='ocrx_word' id='word_1_330' title='bbox 782 2869 885 2934; x_wconf 76' lang='lat' dir='ltr'><strong>nos</strong></span> <span class='ocrx_word' id='word_1_331' title='bbox 943 2870 1040 2910; x_wconf 79' lang='lat' dir='ltr'><strong>ses</strong></span> <span class='ocrx_word' id='word_1_332' title='bbox 1086 2863 1141 2910; x_wconf 90' lang='lat' dir='ltr'><strong>et</strong></span> <span class='ocrx_word' id='word_1_333' title='bbox 1171 2854 1360 2910; x_wconf 87' lang='lat' dir='ltr'><strong>urbem</strong></span> <span class='ocrx_word' id='word_1_334' title='bbox 1403 2855 1545 2910; x_wconf 88' lang='lat' dir='ltr'><strong>hanc</strong></span> <span class='ocrx_word' id='word_1_335' title='bbox 1599 2863 1768 2909; x_wconf 87' lang='lat' dir='ltr'><strong>totam</strong></span> <span class='ocrx_word' id='word_1_336' title='bbox 1808 2855 1876 2911; x_wconf 89' lang='lat' dir='ltr'><strong>de</strong></span> <span class='ocrx_word' id='word_1_337' title='bbox 1915 2855 2032 2910; x_wconf 87' lang='lat' dir='ltr'><strong>viro</strong></span> 
     </span>
    </p>
   </div>
   <div class='ocr_carea' id='block_1_47' title="bbox 459 2946 2030 3022">
    <p class='ocr_par' dir='ltr' id='par_1_47' title="bbox 459 2946 2030 3022">
     <span class='ocr_line' id='line_1_47' title="bbox 459 2946 2030 3022; baseline -0.003 -17"><span class='ocrx_word' id='word_1_338' title='bbox 459 2949 727 3022; x_wconf 69' lang='lat' dir='ltr'><strong>praeclare</strong></span> <span class='ocrx_word' id='word_1_339' title='bbox 755 2947 960 3004; x_wconf 89' lang='lat' dir='ltr'><strong>sentire</strong></span> <span class='ocrx_word' id='word_1_340' title='bbox 993 2965 1007 3002; x_wconf 90' lang='lat'><strong>:</strong></span> <span class='ocrx_word' id='word_1_341' title='bbox 1040 2957 1098 3002; x_wconf 91' lang='lat' dir='ltr'><strong>ut</strong></span> <span class='ocrx_word' id='word_1_342' title='bbox 1137 2946 1297 3002; x_wconf 91' lang='lat' dir='ltr'><strong>nobis</strong></span> <span class='ocrx_word' id='word_1_343' title='bbox 1345 2947 1699 3002; x_wconf 87' lang='lat' dir='ltr'><strong>admirationi</strong></span> <span class='ocrx_word' id='word_1_344' title='bbox 1728 2947 1822 3012; x_wconf 87' lang='lat' dir='ltr'><strong>sit,</strong></span> <span class='ocrx_word' id='word_1_345' title='bbox 1861 2963 2030 3002; x_wconf 91' lang='lat' dir='ltr'><strong>unum</strong></span> 
     </span>
    </p>
   </div>
   <div class='ocr_carea' id='block_1_48' title="bbox 461 3040 2035 3112">
    <p class='ocr_par' dir='ltr' id='par_1_48' title="bbox 461 3040 2035 3112">
     <span class='ocr_line' id='line_1_48' title="bbox 461 3040 2035 3112; baseline 0.001 -16"><span class='ocrx_word' id='word_1_346' title='bbox 461 3055 513 3098; x_wconf 93' lang='lat' dir='ltr'><strong>te</strong></span> <span class='ocrx_word' id='word_1_347' title='bbox 563 3043 654 3098; x_wconf 91' lang='lat' dir='ltr'><strong>bic</strong></span> <span class='ocrx_word' id='word_1_348' title='bbox 697 3057 844 3109; x_wconf 86' lang='lat' dir='ltr'><strong>esse,</strong></span> <span class='ocrx_word' id='word_1_349' title='bbox 879 3041 974 3112; x_wconf 88' lang='lat' dir='ltr'><strong>qui</strong></span> <span class='ocrx_word' id='word_1_350' title='bbox 1014 3041 1094 3095; x_wconf 90' lang='lat' dir='ltr'><strong>illi</strong></span> <span class='ocrx_word' id='word_1_351' title='bbox 1134 3041 1478 3096; x_wconf 83' lang='lat' dir='ltr'><strong>adversetur.</strong></span> <span class='ocrx_word' id='word_1_352' title='bbox 1532 3040 1723 3110; x_wconf 85' lang='lat' dir='ltr'><strong>Itaque</strong></span> <span class='ocrx_word' id='word_1_353' title='bbox 1775 3040 1960 3096; x_wconf 78' lang='lat' dir='ltr'><strong>exiere</strong></span> <span class='ocrx_word' id='word_1_354' title='bbox 2004 3056 2035 3097; x_wconf 89' lang='lat' dir='ltr'><strong>e</strong></span> 
     </span>
    </p>
   </div>
   <div class='ocr_carea' id='block_1_49' title="bbox 462 3132 2036 3205">
    <p class='ocr_par' dir='ltr' id='par_1_49' title="bbox 462 3132 2036 3205">
     <span class='ocr_line' id='line_1_49' title="bbox 462 3132 2036 3205; baseline -0.003 -14"><span class='ocrx_word' id='word_1_355' title='bbox 462 3144 764 3205; x_wconf 88' lang='lat' dir='ltr'><strong>conspectu</strong></span> <span class='ocrx_word' id='word_1_356' title='bbox 791 3133 1068 3205; x_wconf 81' lang='lat' dir='ltr'><strong>pontiﬁcis</strong></span> <span class='ocrx_word' id='word_1_357' title='bbox 1097 3133 1320 3188; x_wconf 77' lang='lat' dir='ltr'><strong>maximi</strong></span> <span class='ocrx_word' id='word_1_358' title='bbox 1349 3132 1676 3189; x_wconf 88' lang='lat' dir='ltr'><strong>conturban</strong></span> <span class='ocrx_word' id='word_1_359' title='bbox 1705 3133 1913 3196; x_wconf 87' lang='lat' dir='ltr'><strong>animo,</strong></span> <span class='ocrx_word' id='word_1_360' title='bbox 1949 3133 2036 3187; x_wconf 91' lang='lat' dir='ltr'><strong>in-</strong></span> 
     </span>
    </p>
   </div>
   <div class='ocr_carea' id='block_1_50' title="bbox 461 3223 2038 3298">
    <p class='ocr_par' dir='ltr' id='par_1_50' title="bbox 461 3223 2038 3298">
     <span class='ocr_line' id='line_1_50' title="bbox 461 3223 2038 3298; baseline -0.001 -14"><span class='ocrx_word' id='word_1_361' title='bbox 461 3239 544 3284; x_wconf 89' lang='lat' dir='ltr'><strong>ter</strong></span> <span class='ocrx_word' id='word_1_362' title='bbox 571 3245 630 3282; x_wconf 89' lang='lat' dir='ltr'><strong>se</strong></span> <span class='ocrx_word' id='word_1_363' title='bbox 660 3227 876 3298; x_wconf 89' lang='lat' dir='ltr'><strong>questi,</strong></span> <span class='ocrx_word' id='word_1_364' title='bbox 916 3224 1231 3297; x_wconf 83' lang='lat' dir='ltr'><strong>pontiﬁcem</strong></span> <span class='ocrx_word' id='word_1_365' title='bbox 1267 3225 1569 3280; x_wconf 81' lang='lat' dir='ltr'><strong>maximum</strong></span> <span class='ocrx_word' id='word_1_366' title='bbox 1617 3223 1920 3280; x_wconf 82' lang='lat' dir='ltr'><strong>invidentia</strong></span> <span class='ocrx_word' id='word_1_367' title='bbox 1949 3240 2038 3282; x_wconf 75' lang='lat' dir='ltr'><strong>ra-</strong></span> 
     </span>
    </p>
   </div>
   <div class='ocr_carea' id='block_1_51' title="bbox 463 3319 2038 3392">
    <p class='ocr_par' dir='ltr' id='par_1_51' title="bbox 463 3319 2038 3392">
     <span class='ocr_line' id='line_1_51' title="bbox 463 3319 2038 3392; baseline -0.001 -17"><span class='ocrx_word' id='word_1_368' title='bbox 463 3331 638 3392; x_wconf 91' lang='lat' dir='ltr'><strong>ptum,</strong></span> <span class='ocrx_word' id='word_1_369' title='bbox 660 3337 810 3388; x_wconf 88' lang='lat' dir='ltr'><strong>vera,</strong></span> <span class='ocrx_word' id='word_1_370' title='bbox 835 3336 954 3390; x_wconf 68' lang='lat' dir='ltr'><strong>quae</strong></span> <span class='ocrx_word' id='word_1_371' title='bbox 983 3319 1332 3386; x_wconf 74' lang='lat' dir='ltr'><strong>aderreutur,</strong></span> <span class='ocrx_word' id='word_1_372' title='bbox 1357 3319 1426 3374; x_wconf 89' lang='lat' dir='ltr'><strong>de</strong></span> <span class='ocrx_word' id='word_1_373' title='bbox 1448 3320 1566 3374; x_wconf 85' lang='lat' dir='ltr'><strong>viro</strong></span> <span class='ocrx_word' id='word_1_374' title='bbox 1595 3319 1910 3374; x_wconf 86' lang='lat' dir='ltr'><strong>testimonia</strong></span> <span class='ocrx_word' id='word_1_375' title='bbox 1928 3334 2038 3374; x_wconf 88' lang='lat' dir='ltr'><strong>non</strong></span> 
     </span>
    </p>
   </div>
   <div class='ocr_carea' id='block_1_52' title="bbox 465 3412 2039 3484">
    <p class='ocr_par' dir='ltr' id='par_1_52' title="bbox 465 3412 2039 3484">
     <span class='ocr_line' id='line_1_52' title="bbox 465 3412 2039 3484; baseline -0.001 -17"><span class='ocrx_word' id='word_1_376' title='bbox 465 3415 728 3484; x_wconf 89' lang='lat' dir='ltr'><strong>recipere.</strong></span> <span class='ocrx_word' id='word_1_377' title='bbox 756 3413 851 3469; x_wconf 91' lang='lat' dir='ltr'><strong>Ille</strong></span> <span class='ocrx_word' id='word_1_378' title='bbox 899 3428 1024 3469; x_wconf 72' lang='lat' dir='ltr'><strong>vero</strong></span> <span class='ocrx_word' id='word_1_379' title='bbox 1055 3413 1344 3484; x_wconf 89' lang='lat' dir='ltr'><strong>episcopos</strong></span> <span class='ocrx_word' id='word_1_380' title='bbox 1395 3427 1588 3469; x_wconf 90' lang='lat' dir='ltr'><strong>omnes</strong></span> <span class='ocrx_word' id='word_1_381' title='bbox 1618 3412 1880 3468; x_wconf 77' lang='lat' dir='ltr'><strong>ﬁnitimos</strong></span> <span class='ocrx_word' id='word_1_382' title='bbox 1925 3413 2039 3484; x_wconf 87' lang='grc'><strong>(87)</strong></span> 
     </span>
    </p>
   </div>
   <div class='ocr_carea' id='block_1_53' title="bbox 467 3505 2041 3576">
    <p class='ocr_par' dir='ltr' id='par_1_53' title="bbox 467 3505 2041 3576">
     <span class='ocr_line' id='line_1_53' title="bbox 467 3505 2041 3576; baseline 0.001 -15"><span class='ocrx_word' id='word_1_383' title='bbox 467 3506 788 3562; x_wconf 88' lang='lat' dir='ltr'><strong>convocavit</strong></span> <span class='ocrx_word' id='word_1_384' title='bbox 813 3525 826 3561; x_wconf 90' lang='lat'><strong>:</strong></span> <span class='ocrx_word' id='word_1_385' title='bbox 849 3514 904 3560; x_wconf 89' lang='lat' dir='ltr'><strong>et</strong></span> <span class='ocrx_word' id='word_1_386' title='bbox 931 3516 1276 3564; x_wconf 81' lang='lat' dir='ltr'><strong>accusatores</strong></span> <span class='ocrx_word' id='word_1_387' title='bbox 1297 3521 1515 3563; x_wconf 88' lang='lat' dir='ltr'><strong>summa</strong></span> <span class='ocrx_word' id='word_1_388' title='bbox 1537 3505 1824 3576; x_wconf 82' lang='lat' dir='ltr'><strong>diligentia</strong></span> <span class='ocrx_word' id='word_1_389' title='bbox 1850 3515 2041 3562; x_wconf 88' lang='lat' dir='ltr'><strong>custo-</strong></span> 
     </span>
    </p>
   </div>
   <div class='ocr_carea' id='block_1_54' title="bbox 469 3590 947 3670">
    <p class='ocr_par' dir='ltr' id='par_1_54' title="bbox 469 3590 947 3670">
     <span class='ocr_line' id='line_1_54' title="bbox 469 3590 947 3670; baseline 0.002 -17"><span class='ocrx_word' id='word_1_390' title='bbox 469 3598 575 3653; x_wconf 91' lang='lat' dir='ltr'><strong>diri</strong></span> <span class='ocrx_word' id='word_1_391' title='bbox 610 3590 782 3670; x_wconf 58' lang='lat' dir='ltr'><strong>jussi&#39;t</strong></span> <span class='ocrx_word' id='word_1_392' title='bbox 810 3596 947 3670; x_wconf 82' lang='grc'><strong>(88).</strong></span> 
     </span>
    </p>
   </div>
   <div class='ocr_carea' id='block_1_55' title="bbox 538 3819 2038 3891">
    <p class='ocr_par' dir='ltr' id='par_1_55' title="bbox 538 3819 2038 3891">
     <span class='ocr_line' id='line_1_55' title="bbox 538 3819 2038 3891; baseline 0.002 -17"><span class='ocrx_word' id='word_1_393' title='bbox 538 3819 748 3875; x_wconf 74' lang='lat' dir='ltr'><strong>LXXII.</strong></span> <span class='ocrx_word' id='word_1_394' title='bbox 784 3819 1092 3877; x_wconf 71' lang='lat' dir='ltr'><strong>At&#39;tribuni</strong></span> <span class='ocrx_word' id='word_1_395' title='bbox 1122 3835 1187 3876; x_wconf 89' lang='lat' dir='ltr'><strong>ac</strong></span> <span class='ocrx_word' id='word_1_396' title='bbox 1215 3819 1433 3878; x_wconf 81' lang='lat' dir='ltr'><strong>diaconi</strong></span> <span class='ocrx_word' id='word_1_397' title='bbox 1459 3821 1750 3891; x_wconf 62' lang='lat' dir='ltr'><strong>ceterique</strong></span> <span class='ocrx_word' id='word_1_398' title='bbox 1785 3837 1818 3879; x_wconf 88' lang='lat' dir='ltr'><strong>e</strong></span> <span class='ocrx_word' id='word_1_399' title='bbox 1853 3823 2038 3880; x_wconf 87' lang='lat' dir='ltr'><strong>Sicilia</strong></span> 
     </span>
    </p>
   </div>
   <div class='ocr_carea' id='block_1_56' title="bbox 541 4022 2045 4096">
    <p class='ocr_par' dir='ltr' id='par_1_56' title="bbox 541 4022 2045 4096">
     <span class='ocr_line' id='line_1_56' title="bbox 541 4022 2045 4096; baseline 0.003 -18"><span class='ocrx_word' id='word_1_400' title='bbox 541 4025 654 4096; x_wconf 74' lang='lat'><strong>(86)</strong></span> <span class='ocrx_word' id='word_1_401' title='bbox 687 4023 892 4096; x_wconf 76' lang='lat' dir='ltr'><strong>Pascha</strong></span> <span class='ocrx_word' id='word_1_402' title='bbox 932 4025 1037 4079; x_wconf 90' lang='lat' dir='ltr'><strong>hoc</strong></span> <span class='ocrx_word' id='word_1_403' title='bbox 1085 4038 1263 4088; x_wconf 88' lang='lat' dir='ltr'><strong>anno,</strong></span> <span class='ocrx_word' id='word_1_404' title='bbox 1293 4025 1386 4092; x_wconf 89' lang='lat' dir='ltr'><strong>qul</strong></span> <span class='ocrx_word' id='word_1_405' title='bbox 1437 4022 1543 4096; x_wconf 73' lang='lat' dir='ltr'><strong>fuit</strong></span> <span class='ocrx_word' id='word_1_406' title='bbox 1581 4025 1930 4096; x_wconf 68' lang='lat' dir='ltr'><strong>594,_actum</strong></span> <span class='ocrx_word' id='word_1_407' title='bbox 1958 4035 2045 4082; x_wconf 86' lang='lat' dir='ltr'><strong>est</strong></span> 
     </span>
    </p>
   </div>
   <div class='ocr_carea' id='block_1_57' title="bbox 475 4093 2038 4168">
    <p class='ocr_par' dir='ltr' id='par_1_57' title="bbox 475 4093 2038 4168">
     <span class='ocr_line' id='line_1_57' title="bbox 475 4093 2038 4168; baseline -0.002 -16"><span class='ocrx_word' id='word_1_408' title='bbox 475 4115 534 4152; x_wconf 88' lang='grc' dir='ltr'><strong>ιιι</strong></span> <span class='ocrx_word' id='word_1_409' title='bbox 556 4093 562 4095; x_wconf 59' lang='grc'>⁷</span> <span class='ocrx_word' id='word_1_410' title='bbox 583 4093 709 4150; x_wconf 83' lang='lat' dir='ltr'><strong>ldus</strong></span> <span class='ocrx_word' id='word_1_411' title='bbox 738 4095 970 4168; x_wconf 80' lang='lat' dir='ltr'><strong>Apriles.</strong></span> <span class='ocrx_word' id='word_1_412' title='bbox 1004 4096 1147 4168; x_wconf 73' lang='lat' dir='ltr'><strong>Cum</strong></span> <span class='ocrx_word' id='word_1_413' title='bbox 1169 4104 1354 4168; x_wconf 82' lang='lat' dir='ltr'><strong>autem</strong></span> <span class='ocrx_word' id='word_1_414' title='bbox 1389 4095 1630 4168; x_wconf 74' lang='lat' dir='ltr'><strong>episcopi</strong></span> <span class='ocrx_word' id='word_1_415' title='bbox 1658 4093 1939 4168; x_wconf 75' lang='lat' dir='ltr'><strong>synodum</strong></span> <span class='ocrx_word' id='word_1_416' title='bbox 1973 4099 2038 4168; x_wconf 78' lang='grc' dir='ltr'>τῇ</span> 
     </span>
    </p>
   </div>
   <div class='ocr_carea' id='block_1_58' title="bbox 471 4163 2044 4238">
    <p class='ocr_par' dir='ltr' id='par_1_58' title="bbox 471 4163 2044 4238">
     <span class='ocr_line' id='line_1_58' title="bbox 471 4163 2044 4238; baseline 0.001 -17"><span class='ocrx_word' id='word_1_417' title='bbox 471 4167 701 4238; x_wconf 72' lang='grc' dir='ltr'>δευτέρᾳ</span> <span class='ocrx_word' id='word_1_418' title='bbox 735 4163 1058 4238; x_wconf 77' lang='lat' dir='ltr'><strong>cngi_posse</strong></span> <span class='ocrx_word' id='word_1_419' title='bbox 1097 4165 1306 4238; x_wconf 84' lang='lat' dir='ltr'><strong>dicunt,</strong></span> <span class='ocrx_word' id='word_1_420' title='bbox 1343 4163 1574 4220; x_wconf 82' lang='lat' dir='ltr'><strong>indicari</strong></span> <span class='ocrx_word' id='word_1_421' title='bbox 1621 4163 1769 4220; x_wconf 78' lang='lat' dir='ltr'><strong>visus</strong></span> <span class='ocrx_word' id='word_1_422' title='bbox 1807 4175 1892 4221; x_wconf 89' lang='lat' dir='ltr'><strong>est</strong></span> <span class='ocrx_word' id='word_1_423' title='bbox 1925 4163 2044 4238; x_wconf 69' lang='lat' dir='ltr'><strong>dies</strong></span> 
     </span>
    </p>
   </div>
   <div class='ocr_carea' id='block_1_59' title="bbox 473 4234 2044 4308">
    <p class='ocr_par' dir='ltr' id='par_1_59' title="bbox 473 4234 2044 4308">
     <span class='ocr_line' id='line_1_59' title="bbox 473 4234 2044 4308; baseline 0 -18"><span class='ocrx_word' id='word_1_424' title='bbox 473 4234 688 4308; x_wconf 72' lang='lat' dir='ltr'><strong>primus</strong></span> <span class='ocrx_word' id='word_1_425' title='bbox 719 4245 843 4306; x_wconf 90' lang='lat' dir='ltr'><strong>post</strong></span> <span class='ocrx_word' id='word_1_426' title='bbox 869 4236 1101 4308; x_wconf 76' lang='lat' dir='ltr'><strong>Pascha,</strong></span> <span class='ocrx_word' id='word_1_427' title='bbox 1135 4234 1271 4299; x_wconf 81' lang='lat' dir='ltr'><strong>sive,</strong></span> <span class='ocrx_word' id='word_1_428' title='bbox 1302 4245 1362 4286; x_wconf 89' lang='lat' dir='ltr'><strong>ut</strong></span> <span class='ocrx_word' id='word_1_429' title='bbox 1397 4249 1497 4308; x_wconf 80' lang='lat' dir='ltr'><strong>nos</strong></span> <span class='ocrx_word' id='word_1_430' title='bbox 1533 4237 2044 4308; x_wconf 3' lang='lat' dir='ltr'><strong>quoquepappella-</strong></span> 
     </span>
    </p>
   </div>
   <div class='ocr_carea' id='block_1_60' title="bbox 474 4305 2048 4372">
    <p class='ocr_par' dir='ltr' id='par_1_60' title="bbox 474 4305 2048 4372">
     <span class='ocr_line' id='line_1_60' title="bbox 474 4305 2048 4372; baseline -0.001 -10"><span class='ocrx_word' id='word_1_431' title='bbox 474 4305 618 4372; x_wconf 84' lang='lat' dir='ltr'><strong>inus.</strong></span> <span class='ocrx_word' id='word_1_432' title='bbox 647 4306 778 4362; x_wconf 80' lang='lat' dir='ltr'><strong>feria</strong></span> <span class='ocrx_word' id='word_1_433' title='bbox 820 4305 1079 4365; x_wconf 84' lang='lat' dir='ltr'><strong>secunda,</strong></span> <span class='ocrx_word' id='word_1_434' title='bbox 1109 4318 1228 4369; x_wconf 66' lang='lat' dir='ltr'><strong>quae</strong></span> <span class='ocrx_word' id='word_1_435' title='bbox 1259 4305 1503 4372; x_wconf 80' lang='lat' dir='ltr'><strong>proxima</strong></span> <span class='ocrx_word' id='word_1_436' title='bbox 1550 4313 1718 4360; x_wconf 86' lang='lat' dir='ltr'><strong>esset.</strong></span> <span class='ocrx_word' id='word_1_437' title='bbox 1769 4305 1849 4360; x_wconf 34' lang='lat' dir='ltr'><strong>ld’</strong></span> <span class='ocrx_word' id='word_1_438' title='bbox 1875 4308 2048 4362; x_wconf 82' lang='lat' dir='ltr'><strong>Laco-</strong></span> 
     </span>
    </p>
   </div>
   <div class='ocr_carea' id='block_1_61' title="bbox 475 4374 2048 4448">
    <p class='ocr_par' dir='ltr' id='par_1_61' title="bbox 475 4374 2048 4448">
     <span class='ocr_line' id='line_1_61' title="bbox 475 4374 2048 4448; baseline 0 -16"><span class='ocrx_word' id='word_1_439' title='bbox 475 4380 596 4432; x_wconf 83' lang='lat' dir='ltr'><strong>nico</strong></span> <span class='ocrx_word' id='word_1_440' title='bbox 625 4376 850 4448; x_wconf 77' lang='lat' dir='ltr'><strong>quidem</strong></span> <span class='ocrx_word' id='word_1_441' title='bbox 891 4389 1041 4448; x_wconf 82' lang='lat' dir='ltr'><strong>more</strong></span> <span class='ocrx_word' id='word_1_442' title='bbox 1081 4374 1308 4448; x_wconf 76' lang='lat' dir='ltr'><strong>dictum,</strong></span> <span class='ocrx_word' id='word_1_443' title='bbox 1338 4375 1430 4428; x_wconf 87' lang='lat' dir='ltr'><strong>sed</strong></span> <span class='ocrx_word' id='word_1_444' title='bbox 1477 4391 1583 4428; x_wconf 90' lang='lat' dir='ltr'><strong>non</strong></span> <span class='ocrx_word' id='word_1_445' title='bbox 1614 4376 1870 4442; x_wconf 87' lang='lat' dir='ltr'><strong>obscure,</strong></span> <span class='ocrx_word' id='word_1_446' title='bbox 1901 4377 2048 4447; x_wconf 87' lang='lat' dir='ltr'><strong>quod</strong></span> 
     </span>
    </p>
   </div>
   <div class='ocr_carea' id='block_1_62' title="bbox 477 4443 1632 4518">
    <p class='ocr_par' dir='ltr' id='par_1_62' title="bbox 477 4443 1632 4518">
     <span class='ocr_line' id='line_1_62' title="bbox 477 4443 1632 4518; baseline -0.005 -14"><span class='ocrx_word' id='word_1_447' title='bbox 477 4443 794 4518; x_wconf 78' lang='lat' dir='ltr'><strong>bujnsinodi</strong></span> <span class='ocrx_word' id='word_1_448' title='bbox 830 4445 1081 4518; x_wconf 76' lang='lat' dir='ltr'><strong>iornntla:</strong></span> <span class='ocrx_word' id='word_1_449' title='bbox 1105 4443 1403 4518; x_wconf 66' lang='lat' dir='ltr'><strong>familiares</strong></span> <span class='ocrx_word' id='word_1_450' title='bbox 1424 4455 1632 4518; x_wconf 66' lang='lat' dir='ltr'><strong>essent.</strong></span> 
     </span>
    </p>
   </div>
   <div class='ocr_carea' id='block_1_63' title="bbox 546 4513 2052 4586">
    <p class='ocr_par' dir='ltr' id='par_1_63' title="bbox 546 4513 2052 4586">
     <span class='ocr_line' id='line_1_63' title="bbox 546 4513 2052 4586; baseline 0.001 -14"><span class='ocrx_word' id='word_1_451' title='bbox 546 4513 658 4586; x_wconf 78' lang='lat'><strong>(87)</strong></span> <span class='ocrx_word' id='word_1_452' title='bbox 692 4516 994 4571; x_wconf 78' lang='lat' dir='ltr'><strong>Concilium</strong></span> <span class='ocrx_word' id='word_1_453' title='bbox 1040 4529 1074 4586; x_wconf 10' lang='lat' dir='ltr'><strong>ia</strong></span> <span class='ocrx_word' id='word_1_454' title='bbox 1117 4513 1384 4584; x_wconf 87' lang='lat' dir='ltr'><strong>Gregorio</strong></span> <span class='ocrx_word' id='word_1_455' title='bbox 1422 4513 1616 4583; x_wconf 80' lang='lat' dir='ltr'><strong>Magno</strong></span> <span class='ocrx_word' id='word_1_456' title='bbox 1663 4517 1949 4586; x_wconf 88' lang='lat' dir='ltr'><strong>indictum,</strong></span> <span class='ocrx_word' id='word_1_457' title='bbox 1992 4525 2052 4573; x_wconf 89' lang='lat' dir='ltr'><strong>ut</strong></span> 
     </span>
    </p>
   </div>
   <div class='ocr_carea' id='block_1_64' title="bbox 475 4585 2050 4656">
    <p class='ocr_par' dir='ltr' id='par_1_64' title="bbox 475 4585 2050 4656">
     <span class='ocr_line' id='line_1_64' title="bbox 475 4585 2050 4656; baseline -0.001 -12"><span class='ocrx_word' id='word_1_458' title='bbox 475 4585 834 4656; x_wconf 28' lang='lat' dir='ltr'><strong>de&#39;Grcgorii</strong></span> <span class='ocrx_word' id='word_1_459' title='bbox 879 4585 1052 4640; x_wconf 88' lang='lat' dir='ltr'><strong>nostri</strong></span> <span class='ocrx_word' id='word_1_460' title='bbox 1095 4595 1679 4656; x_wconf 10' lang='lat' dir='ltr'><strong>causagcognosceret,</strong></span> <span class='ocrx_word' id='word_1_461' title='bbox 1712 4588 1899 4642; x_wconf 88' lang='lat' dir='ltr'><strong>mirari</strong></span> <span class='ocrx_word' id='word_1_462' title='bbox 1936 4585 2050 4642; x_wconf 86' lang='lat' dir='ltr'><strong>non</strong></span> 
     </span>
    </p>
   </div>
   <div class='ocr_carea' id='block_1_65' title="bbox 2126 1819 3702 1895">
    <p class='ocr_par' dir='ltr' id='par_1_65' title="bbox 2126 1819 3702 1895">
     <span class='ocr_line' id='line_1_65' title="bbox 2126 1819 3702 1895; baseline -0.003 -17"><span class='ocrx_word' id='word_1_463' title='bbox 2126 1843 2253 1888; x_wconf 86' lang='grc' dir='ltr'>παν,</span> <span class='ocrx_word' id='word_1_464' title='bbox 2283 1825 2430 1894; x_wconf 82' lang='grc' dir='ltr'><strong>λέγει</strong></span> <span class='ocrx_word' id='word_1_465' title='bbox 2467 1825 2652 1888; x_wconf 81' lang='grc' dir='ltr'>αὐτοῖς</span> <span class='ocrx_word' id='word_1_466' title='bbox 2675 1841 2689 1854; x_wconf 86' lang='grc'><strong>·</strong></span> <span class='ocrx_word' id='word_1_467' title='bbox 2729 1819 2968 1878; x_wconf 80' lang='grc' dir='ltr'>Ἥκασιν</span> <span class='ocrx_word' id='word_1_468' title='bbox 3015 1824 3065 1876; x_wconf 76' lang='grc' dir='ltr'>οἱ</span> <span class='ocrx_word' id='word_1_469' title='bbox 3109 1824 3404 1895; x_wconf 83' lang='grc' dir='ltr'>κατήγοροι</span> <span class='ocrx_word' id='word_1_470' title='bbox 3442 1823 3536 1876; x_wconf 83' lang='grc' dir='ltr'>τοῦ</span> <span class='ocrx_word' id='word_1_471' title='bbox 3575 1824 3702 1874; x_wconf 80' lang='grc' dir='ltr'>ἐπι-</span> 
     </span>
    </p>
   </div>
   <div class='ocr_carea' id='block_1_66' title="bbox 2126 1915 3701 1988">
    <p class='ocr_par' dir='ltr' id='par_1_66' title="bbox 2126 1915 3701 1988">
     <span class='ocr_line' id='line_1_66' title="bbox 2126 1915 3701 1988; baseline -0.001 -20"><span class='ocrx_word' id='word_1_472' title='bbox 2126 1919 2328 1970; x_wconf 78' lang='grc' dir='ltr'>σκόπου</span> <span class='ocrx_word' id='word_1_473' title='bbox 2380 1916 2703 1988; x_wconf 79' lang='grc' dir='ltr'>Γρηγορὶου.</span> <span class='ocrx_word' id='word_1_474' title='bbox 2749 1915 3015 1984; x_wconf 82' lang='grc' dir='ltr'>Λέγουσιν</span> <span class='ocrx_word' id='word_1_475' title='bbox 3055 1915 3247 1986; x_wconf 71' lang='grc' dir='ltr'>αὐτῷ’</span> <span class='ocrx_word' id='word_1_476' title='bbox 3283 1915 3412 1980; x_wconf 70' lang='grc' dir='ltr'>Ναὶ,</span> <span class='ocrx_word' id='word_1_477' title='bbox 3441 1915 3701 1976; x_wconf 77' lang='grc' dir='ltr'><strong>δέσποτα,</strong></span> 
     </span>
    </p>
   </div>
   <div class='ocr_carea' id='block_1_67' title="bbox 2124 2002 3699 2078">
    <p class='ocr_par' dir='ltr' id='par_1_67' title="bbox 2124 2002 3699 2078">
     <span class='ocr_line' id='line_1_67' title="bbox 2124 2002 3699 2078; baseline -0.003 -17"><span class='ocrx_word' id='word_1_478' title='bbox 2124 2008 2466 2078; x_wconf 79' lang='grc' dir='ltr'>ἀκηκόαμεν,</span> <span class='ocrx_word' id='word_1_479' title='bbox 2495 2009 2576 2061; x_wconf 86' lang='grc' dir='ltr'>ὅτι</span> <span class='ocrx_word' id='word_1_480' title='bbox 2613 2007 2958 2076; x_wconf 81' lang='grc' dir='ltr'>κατήντησαν</span> <span class='ocrx_word' id='word_1_481' title='bbox 3006 2005 3215 2072; x_wconf 75' lang='grc' dir='ltr'>ἐνθάδε.</span> <span class='ocrx_word' id='word_1_482' title='bbox 3249 2002 3358 2061; x_wconf 86' lang='grc' dir='ltr'>Ἦν</span> <span class='ocrx_word' id='word_1_483' title='bbox 3406 2006 3464 2059; x_wconf 75' lang='grc' dir='ltr'><strong>δὲ</strong></span> <span class='ocrx_word' id='word_1_484' title='bbox 3509 2007 3699 2076; x_wconf 82' lang='grc' dir='ltr'>Παρα-</span> 
     </span>
    </p>
   </div>
   <div class='ocr_carea' id='block_1_68' title="bbox 2127 2091 3698 2170">
    <p class='ocr_par' dir='ltr' id='par_1_68' title="bbox 2127 2091 3698 2170">
     <span class='ocr_line' id='line_1_68' title="bbox 2127 2091 3698 2170; baseline -0.003 -18"><span class='ocrx_word' id='word_1_485' title='bbox 2127 2098 2296 2170; x_wconf 83' lang='grc' dir='ltr'>σκευὴ</span> <span class='ocrx_word' id='word_1_486' title='bbox 2315 2099 2403 2153; x_wconf 83' lang='grc' dir='ltr'>ὅτε</span> <span class='ocrx_word' id='word_1_487' title='bbox 2429 2098 2693 2168; x_wconf 71' lang='grc' dir='ltr'>ἔφθασαν.</span> <span class='ocrx_word' id='word_1_488' title='bbox 2720 2098 2830 2150; x_wconf 76' lang='grc' dir='ltr'><strong>Καὶ</strong></span> <span class='ocrx_word' id='word_1_489' title='bbox 2849 2091 3000 2150; x_wconf 75' lang='grc' dir='ltr'>εἷπον</span> <span class='ocrx_word' id='word_1_490' title='bbox 3021 2099 3070 2151; x_wconf 81' lang='grc' dir='ltr'>οἱ</span> <span class='ocrx_word' id='word_1_491' title='bbox 3092 2097 3378 2150; x_wconf 72' lang='grc' dir='ltr'>ἐπίσκοποι</span> <span class='ocrx_word' id='word_1_492' title='bbox 3402 2095 3480 2168; x_wconf 85' lang='grc' dir='ltr'>τῷ</span> <span class='ocrx_word' id='word_1_493' title='bbox 3509 2099 3668 2167; x_wconf 77' lang='grc' dir='ltr'><strong>πάπᾳ</strong></span> <span class='ocrx_word' id='word_1_494' title='bbox 3683 2111 3698 2125; x_wconf 92' lang='grc'><strong>·</strong></span> 
     </span>
    </p>
   </div>
   <div class='ocr_carea' id='block_1_69' title="bbox 2128 2188 3700 2260">
    <p class='ocr_par' dir='ltr' id='par_1_69' title="bbox 2128 2188 3700 2260">
     <span class='ocr_line' id='line_1_69' title="bbox 2128 2188 3700 2260; baseline -0.002 -18"><span class='ocrx_word' id='word_1_495' title='bbox 2128 2191 2397 2244; x_wconf 83' lang='grc' dir='ltr'>Κέλευσον</span> <span class='ocrx_word' id='word_1_496' title='bbox 2429 2189 2882 2260; x_wconf 82' lang='grc' dir='ltr'>συναθροισθῆναι</span> <span class='ocrx_word' id='word_1_497' title='bbox 2919 2189 3044 2252; x_wconf 79' lang='grc' dir='ltr'>τοὺς</span> <span class='ocrx_word' id='word_1_498' title='bbox 3088 2189 3422 2252; x_wconf 75' lang='grc' dir='ltr'>ἐπισκόπους</span> <span class='ocrx_word' id='word_1_499' title='bbox 3470 2188 3700 2250; x_wconf 70' lang='grc' dir='ltr'>πάντας,</span> 
     </span>
    </p>
   </div>
   <div class='ocr_carea' id='block_1_70' title="bbox 2127 2279 3703 2352">
    <p class='ocr_par' dir='ltr' id='par_1_70' title="bbox 2127 2279 3703 2352">
     <span class='ocr_line' id='line_1_70' title="bbox 2127 2279 3703 2352; baseline -0.003 -17"><span class='ocrx_word' id='word_1_500' title='bbox 2127 2283 2220 2335; x_wconf 70' lang='grc' dir='ltr'><strong>καὶ</strong></span> <span class='ocrx_word' id='word_1_501' title='bbox 2262 2282 2358 2336; x_wconf 77' lang='grc' dir='ltr'>ἐὰν</span> <span class='ocrx_word' id='word_1_502' title='bbox 2389 2281 2517 2352; x_wconf 68' lang='grc' dir='ltr'>θέλη</span> <span class='ocrx_word' id='word_1_503' title='bbox 2525 2300 2602 2352; x_wconf 88' lang='grc' dir='ltr'><strong>μα</strong></span> <span class='ocrx_word' id='word_1_504' title='bbox 2635 2281 2770 2335; x_wconf 78' lang='grc' dir='ltr'>Θεοῦ</span> <span class='ocrx_word' id='word_1_505' title='bbox 2797 2284 2966 2346; x_wconf 86' lang='grc' dir='ltr'>ἐστιν,</span> <span class='ocrx_word' id='word_1_506' title='bbox 2993 2283 3059 2352; x_wconf 82' lang='grc' dir='ltr'>τῇ</span> <span class='ocrx_word' id='word_1_507' title='bbox 3089 2280 3320 2352; x_wconf 83' lang='grc' dir='ltr'>δευτέρᾳ</span> <span class='ocrx_word' id='word_1_508' title='bbox 3365 2281 3570 2351; x_wconf 83' lang='grc' dir='ltr'>ὅρισον,</span> <span class='ocrx_word' id='word_1_509' title='bbox 3605 2279 3703 2332; x_wconf 77' lang='grc' dir='ltr'>καὶ</span> 
     </span>
    </p>
   </div>
   <div class='ocr_carea' id='block_1_71' title="bbox 2129 2373 3701 2446">
    <p class='ocr_par' dir='ltr' id='par_1_71' title="bbox 2129 2373 3701 2446">
     <span class='ocr_line' id='line_1_71' title="bbox 2129 2373 3701 2446; baseline 0 -19"><span class='ocrx_word' id='word_1_510' title='bbox 2129 2373 2483 2444; x_wconf 80' lang='grc' dir='ltr'>καθεσθῶμεν</span> <span class='ocrx_word' id='word_1_511' title='bbox 2511 2375 2606 2427; x_wconf 79' lang='grc' dir='ltr'>καὶ</span> <span class='ocrx_word' id='word_1_512' title='bbox 2635 2373 2962 2446; x_wconf 77' lang='grc' dir='ltr'>ζητήσωμεν</span> <span class='ocrx_word' id='word_1_513' title='bbox 2995 2374 3064 2428; x_wconf 79' lang='grc' dir='ltr'><strong>τὰ</strong></span> <span class='ocrx_word' id='word_1_514' title='bbox 3095 2373 3238 2427; x_wconf 79' lang='grc' dir='ltr'>κατὰ</span> <span class='ocrx_word' id='word_1_515' title='bbox 3269 2373 3360 2426; x_wconf 86' lang='grc' dir='ltr'>τὸν</span> <span class='ocrx_word' id='word_1_516' title='bbox 3388 2373 3701 2442; x_wconf 80' lang='grc' dir='ltr'>ἄνθρωπον.</span> 
     </span>
    </p>
   </div>
   <div class='ocr_carea' id='block_1_72' title="bbox 2141 2461 3703 2536">
    <p class='ocr_par' dir='ltr' id='par_1_72' title="bbox 2141 2461 3703 2536">
     <span class='ocr_line' id='line_1_72' title="bbox 2141 2461 3703 2536; baseline -0.001 -20"><span class='ocrx_word' id='word_1_517' title='bbox 2141 2464 2487 2535; x_wconf 77' lang='grc' dir='ltr'>Ἀποκριθεὶς</span> <span class='ocrx_word' id='word_1_518' title='bbox 2533 2465 2589 2518; x_wconf 81' lang='grc' dir='ltr'><strong>δὲ</strong></span> <span class='ocrx_word' id='word_1_519' title='bbox 2629 2464 2659 2516; x_wconf 90' lang='grc' dir='ltr'><strong>ό</strong></span> <span class='ocrx_word' id='word_1_520' title='bbox 2703 2466 2877 2529; x_wconf 64' lang='lat' dir='ltr'><strong>esse;</strong></span> <span class='ocrx_word' id='word_1_521' title='bbox 2919 2466 3164 2536; x_wconf 73' lang='grc' dir='ltr'>Μάρκος,</span> <span class='ocrx_word' id='word_1_522' title='bbox 3193 2461 3544 2518; x_wconf 76' lang='grc' dir='ltr'>εἷπεν-οὐαὶ</span> <span class='ocrx_word' id='word_1_523' title='bbox 3587 2467 3703 2527; x_wconf 79' lang='grc' dir='ltr'>τοῖς</span> 
     </span>
    </p>
   </div>
   <div class='ocr_carea' id='block_1_73' title="bbox 2129 2555 3705 2627">
    <p class='ocr_par' dir='ltr' id='par_1_73' title="bbox 2129 2555 3705 2627">
     <span class='ocr_line' id='line_1_73' title="bbox 2129 2555 3705 2627; baseline 0 -19"><span class='ocrx_word' id='word_1_524' title='bbox 2129 2555 2457 2627; x_wconf 71' lang='grc' dir='ltr'>κατηγόροις</span> <span class='ocrx_word' id='word_1_525' title='bbox 2487 2557 2719 2620; x_wconf 87' lang='grc' dir='ltr'>ἐκείνοις</span> <span class='ocrx_word' id='word_1_526' title='bbox 2751 2557 2846 2610; x_wconf 78' lang='grc' dir='ltr'>καὶ</span> <span class='ocrx_word' id='word_1_527' title='bbox 2879 2558 2937 2610; x_wconf 82' lang='grc' dir='ltr'><strong>ἐν</strong></span> <span class='ocrx_word' id='word_1_528' title='bbox 2966 2555 3043 2627; x_wconf 88' lang='grc' dir='ltr'>τῷ</span> <span class='ocrx_word' id='word_1_529' title='bbox 3069 2557 3256 2627; x_wconf 86' lang='grc' dir='ltr'>κόσμῳ</span> <span class='ocrx_word' id='word_1_530' title='bbox 3291 2555 3484 2626; x_wconf 81' lang='grc' dir='ltr'>τούτῳ,</span> <span class='ocrx_word' id='word_1_531' title='bbox 3517 2555 3612 2610; x_wconf 77' lang='grc' dir='ltr'>καὶ</span> <span class='ocrx_word' id='word_1_532' title='bbox 3644 2557 3705 2608; x_wconf 82' lang='grc' dir='ltr'><strong>ἐν</strong></span> 
     </span>
    </p>
   </div>
   <div class='ocr_carea' id='block_1_74' title="bbox 2131 2644 3701 2718">
    <p class='ocr_par' dir='ltr' id='par_1_74' title="bbox 2131 2644 3701 2718">
     <span class='ocr_line' id='line_1_74' title="bbox 2131 2644 3701 2718; baseline 0.002 -21"><span class='ocrx_word' id='word_1_533' title='bbox 2131 2645 2208 2715; x_wconf 77' lang='grc' dir='ltr'><strong>τῷ</strong></span> <span class='ocrx_word' id='word_1_534' title='bbox 2244 2644 2512 2716; x_wconf 83' lang='grc' dir='ltr'>μέλλοντι.</span> <span class='ocrx_word' id='word_1_535' title='bbox 2559 2647 2907 2718; x_wconf 77' lang='grc' dir='ltr'>Ἀποκριθεὶς</span> <span class='ocrx_word' id='word_1_536' title='bbox 2949 2647 3006 2700; x_wconf 82' lang='grc' dir='ltr'><strong>δὲ</strong></span> <span class='ocrx_word' id='word_1_537' title='bbox 3038 2649 3067 2701; x_wconf 92' lang='grc' dir='ltr'><strong>ό</strong></span> <span class='ocrx_word' id='word_1_538' title='bbox 3098 2648 3285 2711; x_wconf 79' lang='grc' dir='ltr'>πάπας</span> <span class='ocrx_word' id='word_1_539' title='bbox 3323 2647 3469 2712; x_wconf 84' lang='grc' dir='ltr'>λέγει</span> <span class='ocrx_word' id='word_1_540' title='bbox 3511 2647 3662 2716; x_wconf 85' lang='grc' dir='ltr'>αὐτῷ</span> <span class='ocrx_word' id='word_1_541' title='bbox 3685 2660 3701 2674; x_wconf 84' lang='grc'>⁶</span> 
     </span>
    </p>
   </div>
   <div class='ocr_carea' id='block_1_75' title="bbox 2131 2735 3705 2810">
    <p class='ocr_par' dir='ltr' id='par_1_75' title="bbox 2131 2735 3705 2810">
     <span class='ocr_line' id='line_1_75' title="bbox 2131 2735 3705 2810; baseline 0.002 -22"><span class='ocrx_word' id='word_1_542' title='bbox 2131 2736 2204 2788; x_wconf 79' lang='grc' dir='ltr'><strong>Σὺ</strong></span> <span class='ocrx_word' id='word_1_543' title='bbox 2244 2737 2402 2806; x_wconf 69' lang='grc' dir='ltr'>μόνος</span> <span class='ocrx_word' id='word_1_544' title='bbox 2449 2735 2608 2810; x_wconf 82' lang='grc' dir='ltr'>τοῦτο</span> <span class='ocrx_word' id='word_1_545' title='bbox 2653 2736 2854 2804; x_wconf 83' lang='grc' dir='ltr'>λέγεις,</span> <span class='ocrx_word' id='word_1_546' title='bbox 2881 2737 3084 2806; x_wconf 85' lang='grc' dir='ltr'>Πάτερ,</span> <span class='ocrx_word' id='word_1_547' title='bbox 3119 2736 3492 2808; x_wconf 83' lang='grc' dir='ltr'>συγχώρησον.</span> <span class='ocrx_word' id='word_1_548' title='bbox 3541 2739 3606 2791; x_wconf 79' lang='lat' dir='ltr'><strong>Oi</strong></span> <span class='ocrx_word' id='word_1_549' title='bbox 3645 2738 3705 2791; x_wconf 69' lang='grc' dir='ltr'><strong>δέ</strong></span> 
     </span>
    </p>
   </div>
   <div class='ocr_carea' id='block_1_76' title="bbox 2133 2826 3703 2901">
    <p class='ocr_par' dir='ltr' id='par_1_76' title="bbox 2133 2826 3703 2901">
     <span class='ocr_line' id='line_1_76' title="bbox 2133 2826 3703 2901; baseline 0.002 -20"><span class='ocrx_word' id='word_1_550' title='bbox 2133 2828 2420 2886; x_wconf 77' lang='grc' dir='ltr'>ἐπίσκοποι</span> <span class='ocrx_word' id='word_1_551' title='bbox 2477 2829 2572 2881; x_wconf 73' lang='grc' dir='ltr'>καὶ</span> <span class='ocrx_word' id='word_1_552' title='bbox 2618 2831 2647 2882; x_wconf 94' lang='lat'><strong>6</strong></span> <span class='ocrx_word' id='word_1_553' title='bbox 2697 2827 3018 2900; x_wconf 74' lang='grc' dir='ltr'>Μαρκιανὸς</span> <span class='ocrx_word' id='word_1_554' title='bbox 3067 2829 3480 2901; x_wconf 82' lang='grc' dir='ltr'>ἀποκριθέντες,</span> <span class='ocrx_word' id='word_1_555' title='bbox 3510 2826 3703 2884; x_wconf 78' lang='grc' dir='ltr'>εἶπον·</span> 
     </span>
    </p>
   </div>
   <div class='ocr_carea' id='block_1_77' title="bbox 2139 2916 3706 2991">
    <p class='ocr_par' dir='ltr' id='par_1_77' title="bbox 2139 2916 3706 2991">
     <span class='ocr_line' id='line_1_77' title="bbox 2139 2916 3706 2991; baseline 0.002 -21"><span class='ocrx_word' id='word_1_556' title='bbox 2139 2917 2424 2982; x_wconf 73' lang='grc' dir='ltr'>Ἄκουσον,</span> <span class='ocrx_word' id='word_1_557' title='bbox 2452 2916 2708 2980; x_wconf 83' lang='grc' dir='ltr'>δέσποτα,</span> <span class='ocrx_word' id='word_1_558' title='bbox 2740 2917 2836 2971; x_wconf 79' lang='grc' dir='ltr'>καὶ</span> <span class='ocrx_word' id='word_1_559' title='bbox 2865 2918 3023 2971; x_wconf 80' lang='grc' dir='ltr'>αὐτοὶ</span> <span class='ocrx_word' id='word_1_560' title='bbox 3052 2917 3113 2982; x_wconf 72' lang='grc' dir='ltr'>ἐξ</span> <span class='ocrx_word' id='word_1_561' title='bbox 3141 2919 3302 2990; x_wconf 78' lang='grc' dir='ltr'>ἡμεῖς</span> <span class='ocrx_word' id='word_1_562' title='bbox 3349 2920 3442 2972; x_wconf 79' lang='grc' dir='ltr'>καὶ</span> <span class='ocrx_word' id='word_1_563' title='bbox 3492 2921 3641 2973; x_wconf 78' lang='grc' dir='ltr'>πᾶσα</span> <span class='ocrx_word' id='word_1_564' title='bbox 3670 2921 3706 2991; x_wconf 74' lang='grc' dir='ltr'><strong>η</strong></span> 
     </span>
    </p>
   </div>
   <div class='ocr_carea' id='block_1_78' title="bbox 2138 3007 3709 3082">
    <p class='ocr_par' dir='ltr' id='par_1_78' title="bbox 2138 3007 3709 3082">
     <span class='ocr_line' id='line_1_78' title="bbox 2138 3007 3709 3082; baseline 0.001 -20"><span class='ocrx_word' id='word_1_565' title='bbox 2138 3009 2292 3070; x_wconf 88' lang='grc' dir='ltr'>πόλις</span> <span class='ocrx_word' id='word_1_566' title='bbox 2316 3007 2457 3078; x_wconf 80' lang='grc' dir='ltr'>αὕτη</span> <span class='ocrx_word' id='word_1_567' title='bbox 2487 3009 2578 3062; x_wconf 73' lang='grc' dir='ltr'><strong>τὸν</strong></span> <span class='ocrx_word' id='word_1_568' title='bbox 2614 3009 2785 3082; x_wconf 77' lang='grc' dir='ltr'>ἄνδρα</span> <span class='ocrx_word' id='word_1_569' title='bbox 2829 3009 3229 3081; x_wconf 81' lang='grc' dir='ltr'>μακαρίζομεν,</span> <span class='ocrx_word' id='word_1_570' title='bbox 3261 3011 3355 3064; x_wconf 80' lang='grc' dir='ltr'>καὶ</span> <span class='ocrx_word' id='word_1_571' title='bbox 3384 3012 3546 3082; x_wconf 79' lang='grc' dir='ltr'>ἡμεῖς</span> <span class='ocrx_word' id='word_1_572' title='bbox 3573 3011 3709 3064; x_wconf 82' lang='grc' dir='ltr'>θαυ-</span> 
     </span>
    </p>
   </div>
   <div class='ocr_carea' id='block_1_79' title="bbox 2059 3093 3712 3172">
    <p class='ocr_par' dir='ltr' id='par_1_79' title="bbox 2059 3093 3712 3172">
     <span class='ocr_line' id='line_1_79' title="bbox 2059 3093 3712 3172; baseline 0.002 -21"><span class='ocrx_word' id='word_1_573' title='bbox 2059 3093 2105 3151; x_wconf 80' lang='lat' dir='ltr'><strong><em>C</em></strong></span> <span class='ocrx_word' id='word_1_574' title='bbox 2141 3099 2408 3171; x_wconf 81' lang='grc' dir='ltr'>μάζομεν,</span> <span class='ocrx_word' id='word_1_575' title='bbox 2445 3099 2529 3153; x_wconf 86' lang='grc' dir='ltr'>ὃτι</span> <span class='ocrx_word' id='word_1_576' title='bbox 2565 3098 2726 3170; x_wconf 87' lang='grc' dir='ltr'>μόνος</span> <span class='ocrx_word' id='word_1_577' title='bbox 2751 3100 2818 3154; x_wconf 81' lang='grc' dir='ltr'>σὺ</span> <span class='ocrx_word' id='word_1_578' title='bbox 2839 3100 3026 3154; x_wconf 77' lang='grc' dir='ltr'>ἐνθάδε</span> <span class='ocrx_word' id='word_1_579' title='bbox 3055 3100 3288 3172; x_wconf 79' lang='grc' dir='ltr'>ὴνὲχθης</span> <span class='ocrx_word' id='word_1_580' title='bbox 3314 3101 3484 3172; x_wconf 81' lang='grc' dir='ltr'>αὐτῷ.</span> <span class='ocrx_word' id='word_1_581' title='bbox 3523 3101 3712 3172; x_wconf 79' lang='grc' dir='ltr'><strong>Ἐξῆλ-</strong></span> 
     </span>
    </p>
   </div>
   <div class='ocr_carea' id='block_1_80' title="bbox 2139 3190 3712 3264">
    <p class='ocr_par' dir='ltr' id='par_1_80' title="bbox 2139 3190 3712 3264">
     <span class='ocr_line' id='line_1_80' title="bbox 2139 3190 3712 3264; baseline 0.001 -20"><span class='ocrx_word' id='word_1_582' title='bbox 2139 3191 2230 3244; x_wconf 90' lang='grc' dir='ltr'><strong>θον</strong></span> <span class='ocrx_word' id='word_1_583' title='bbox 2259 3191 2316 3244; x_wconf 78' lang='grc' dir='ltr'><strong>δὲ</strong></span> <span class='ocrx_word' id='word_1_584' title='bbox 2365 3190 2476 3246; x_wconf 82' lang='grc' dir='ltr'>ἀπὸ</span> <span class='ocrx_word' id='word_1_585' title='bbox 2524 3191 2820 3260; x_wconf 84' lang='grc' dir='ltr'>προσώπου</span> <span class='ocrx_word' id='word_1_586' title='bbox 2864 3191 2961 3246; x_wconf 83' lang='grc' dir='ltr'><strong>τοῦ</strong></span> <span class='ocrx_word' id='word_1_587' title='bbox 2989 3193 3146 3246; x_wconf 85' lang='grc' dir='ltr'><strong>πάπα</strong></span> <span class='ocrx_word' id='word_1_588' title='bbox 3182 3193 3582 3264; x_wconf 78' lang='grc' dir='ltr'>τεταραγμένοι</span> <span class='ocrx_word' id='word_1_589' title='bbox 3616 3195 3712 3248; x_wconf 74' lang='grc' dir='ltr'>καὶ</span> 
     </span>
    </p>
   </div>
   <div class='ocr_carea' id='block_1_81' title="bbox 2138 3279 3709 3354">
    <p class='ocr_par' dir='ltr' id='par_1_81' title="bbox 2138 3279 3709 3354">
     <span class='ocr_line' id='line_1_81' title="bbox 2138 3279 3709 3354; baseline 0.004 -22"><span class='ocrx_word' id='word_1_590' title='bbox 2138 3279 2388 3349; x_wconf 81' lang='grc' dir='ltr'>λέγοντες</span> <span class='ocrx_word' id='word_1_591' title='bbox 2429 3280 2566 3352; x_wconf 74' lang='grc' dir='ltr'>πρὸς</span> <span class='ocrx_word' id='word_1_592' title='bbox 2596 3282 2822 3344; x_wconf 80' lang='grc' dir='ltr'>ἑαυτούς</span> <span class='ocrx_word' id='word_1_593' title='bbox 2847 3297 2860 3310; x_wconf 89' lang='grc'><strong>·</strong></span> <span class='ocrx_word' id='word_1_594' title='bbox 2888 3281 3072 3354; x_wconf 74' lang='grc' dir='ltr'>Φθόνῳ</span> <span class='ocrx_word' id='word_1_595' title='bbox 3100 3284 3400 3353; x_wconf 78' lang='grc' dir='ltr'>φερόμενος</span> <span class='ocrx_word' id='word_1_596' title='bbox 3435 3286 3464 3338; x_wconf 88' lang='grc' dir='ltr'><strong>ό</strong></span> <span class='ocrx_word' id='word_1_597' title='bbox 3503 3285 3709 3351; x_wconf 84' lang='grc' dir='ltr'>πάπας,</span> 
     </span>
    </p>
   </div>
   <div class='ocr_carea' id='block_1_82' title="bbox 2139 3365 3715 3444">
    <p class='ocr_par' dir='ltr' id='par_1_82' title="bbox 2139 3365 3715 3444">
     <span class='ocr_line' id='line_1_82' title="bbox 2139 3365 3715 3444; baseline 0.001 -20"><span class='ocrx_word' id='word_1_598' title='bbox 2139 3371 2239 3424; x_wconf 81' lang='grc' dir='ltr'>οὐκ</span> <span class='ocrx_word' id='word_1_599' title='bbox 2276 3365 2576 3442; x_wconf 75' lang='grc' dir='ltr'>εἰσδέχεται</span> <span class='ocrx_word' id='word_1_600' title='bbox 2616 3370 2716 3435; x_wconf 82' lang='grc' dir='ltr'><strong>τὰς</strong></span> <span class='ocrx_word' id='word_1_601' title='bbox 2755 3371 2850 3424; x_wconf 81' lang='grc' dir='ltr'>τοῦ</span> <span class='ocrx_word' id='word_1_602' title='bbox 2890 3371 3083 3442; x_wconf 79' lang='grc' dir='ltr'>ἀνδρὸς</span> <span class='ocrx_word' id='word_1_603' title='bbox 3117 3371 3338 3444; x_wconf 77' lang='grc' dir='ltr'>ἀληθεῖς</span> <span class='ocrx_word' id='word_1_604' title='bbox 3369 3375 3715 3444; x_wconf 82' lang='grc' dir='ltr'>προσαγομέ-</span> 
     </span>
    </p>
   </div>
   <div class='ocr_carea' id='block_1_83' title="bbox 2141 3457 3716 3534">
    <p class='ocr_par' dir='ltr' id='par_1_83' title="bbox 2141 3457 3716 3534">
     <span class='ocr_line' id='line_1_83' title="bbox 2141 3457 3716 3534; baseline 0.001 -18"><span class='ocrx_word' id='word_1_605' title='bbox 2141 3479 2236 3526; x_wconf 89' lang='grc' dir='ltr'><strong>νας</strong></span> <span class='ocrx_word' id='word_1_606' title='bbox 2278 3461 2604 3534; x_wconf 83' lang='grc' dir='ltr'>μαρτυρίας.</span> <span class='ocrx_word' id='word_1_607' title='bbox 2635 3457 2745 3516; x_wconf 84' lang='grc' dir='ltr'>Ἦν</span> <span class='ocrx_word' id='word_1_608' title='bbox 2769 3463 2880 3533; x_wconf 85' lang='grc' dir='ltr'>γὰρ</span> <span class='ocrx_word' id='word_1_609' title='bbox 2913 3465 2942 3516; x_wconf 90' lang='grc' dir='ltr'><strong>ό</strong></span> <span class='ocrx_word' id='word_1_610' title='bbox 2975 3462 3166 3526; x_wconf 84' lang='grc' dir='ltr'>πάπας</span> <span class='ocrx_word' id='word_1_611' title='bbox 3212 3464 3338 3526; x_wconf 82' lang='grc' dir='ltr'>τοὺς</span> <span class='ocrx_word' id='word_1_612' title='bbox 3385 3465 3716 3528; x_wconf 73' lang='grc' dir='ltr'>ἐπισκόπους</span> 
     </span>
    </p>
   </div>
   <div class='ocr_carea' id='block_1_84' title="bbox 2141 3550 3716 3624">
    <p class='ocr_par' dir='ltr' id='par_1_84' title="bbox 2141 3550 3716 3624">
     <span class='ocr_line' id='line_1_84' title="bbox 2141 3550 3716 3624; baseline 0.001 -20"><span class='ocrx_word' id='word_1_613' title='bbox 2141 3552 2352 3616; x_wconf 79' lang='grc' dir='ltr'>πάντας</span> <span class='ocrx_word' id='word_1_614' title='bbox 2393 3550 2504 3605; x_wconf 87' lang='grc' dir='ltr'><strong>τῶν</strong></span> <span class='ocrx_word' id='word_1_615' title='bbox 2557 3552 2740 3624; x_wconf 83' lang='grc' dir='ltr'>μερῶν</span> <span class='ocrx_word' id='word_1_616' title='bbox 2781 3553 3007 3607; x_wconf 76' lang='grc' dir='ltr'>ἐκείνων</span> <span class='ocrx_word' id='word_1_617' title='bbox 3059 3551 3454 3624; x_wconf 72' lang='grc' dir='ltr'>συναθροίσαςσ</span> <span class='ocrx_word' id='word_1_618' title='bbox 3495 3554 3620 3617; x_wconf 82' lang='grc' dir='ltr'>τοὺς</span> <span class='ocrx_word' id='word_1_619' title='bbox 3657 3553 3716 3606; x_wconf 79' lang='grc' dir='ltr'><strong>δὲ</strong></span> 
     </span>
    </p>
   </div>
   <div class='ocr_carea' id='block_1_85' title="bbox 2143 3641 3718 3715">
    <p class='ocr_par' dir='ltr' id='par_1_85' title="bbox 2143 3641 3718 3715">
     <span class='ocr_line' id='line_1_85' title="bbox 2143 3641 3718 3715; baseline 0 -19"><span class='ocrx_word' id='word_1_620' title='bbox 2143 3641 2486 3712; x_wconf 86' lang='grc' dir='ltr'>κατηγόρους</span> <span class='ocrx_word' id='word_1_621' title='bbox 2521 3641 2810 3696; x_wconf 81' lang='grc' dir='ltr'>ἐκέλευσεν</span> <span class='ocrx_word' id='word_1_622' title='bbox 2849 3644 2880 3696; x_wconf 92' lang='lat'><strong>6</strong></span> <span class='ocrx_word' id='word_1_623' title='bbox 2907 3641 3095 3705; x_wconf 83' lang='grc' dir='ltr'>πάπας</span> <span class='ocrx_word' id='word_1_624' title='bbox 3125 3642 3525 3714; x_wconf 79' lang='grc' dir='ltr'>ἀσφαλισθῆναι</span> <span class='ocrx_word' id='word_1_625' title='bbox 3577 3643 3718 3715; x_wconf 85' lang='grc' dir='ltr'><strong>μετά</strong></span> 
     </span>
    </p>
   </div>
   <div class='ocr_carea' id='block_1_86' title="bbox 2145 3731 2680 3806">
    <p class='ocr_par' dir='ltr' id='par_1_86' title="bbox 2145 3731 2680 3806">
     <span class='ocr_line' id='line_1_86' title="bbox 2145 3731 2680 3806; baseline 0.004 -20"><span class='ocrx_word' id='word_1_626' title='bbox 2145 3731 2348 3803; x_wconf 80' lang='grc' dir='ltr'>πολλῆς</span> <span class='ocrx_word' id='word_1_627' title='bbox 2374 3733 2680 3806; x_wconf 76' lang='grc' dir='ltr'>ἀκριϐείας.</span> 
     </span>
    </p>
   </div>
   <div class='ocr_carea' id='block_1_87' title="bbox 2221 3825 3719 3900">
    <p class='ocr_par' dir='ltr' id='par_1_87' title="bbox 2221 3825 3719 3900">
     <span class='ocr_line' id='line_1_87' title="bbox 2221 3825 3719 3900; baseline 0.003 -21"><span class='ocrx_word' id='word_1_628' title='bbox 2221 3826 2341 3880; x_wconf 86' lang='lat' dir='ltr'><strong>OB&#39;.</strong></span> <span class='ocrx_word' id='word_1_629' title='bbox 2378 3828 2441 3880; x_wconf 77' lang='grc' dir='ltr'><strong>Οἱ</strong></span> <span class='ocrx_word' id='word_1_630' title='bbox 2464 3827 2521 3880; x_wconf 70' lang='grc' dir='ltr'><strong>δὲ</strong></span> <span class='ocrx_word' id='word_1_631' title='bbox 2559 3825 2835 3900; x_wconf 79' lang='grc' dir='ltr'>τριὸοὖνοι</span> <span class='ocrx_word' id='word_1_632' title='bbox 2871 3827 2963 3884; x_wconf 76' lang='grc' dir='ltr'>καὶ</span> <span class='ocrx_word' id='word_1_633' title='bbox 2999 3829 3052 3882; x_wconf 82' lang='lat' dir='ltr'><strong>oi</strong></span> <span class='ocrx_word' id='word_1_634' title='bbox 3077 3829 3317 3888; x_wconf 85' lang='grc' dir='ltr'>διάκονοι</span> <span class='ocrx_word' id='word_1_635' title='bbox 3345 3830 3438 3886; x_wconf 76' lang='grc' dir='ltr'>καὶ</span> <span class='ocrx_word' id='word_1_636' title='bbox 3461 3830 3512 3884; x_wconf 85' lang='lat' dir='ltr'><strong>oi</strong></span> <span class='ocrx_word' id='word_1_637' title='bbox 3539 3829 3719 3884; x_wconf 79' lang='grc' dir='ltr'>λοιποὶ</span> 
     </span>
    </p>
   </div>
   <div class='ocr_carea' id='block_1_88' title="bbox 2137 4025 3718 4099">
    <p class='ocr_par' dir='ltr' id='par_1_88' title="bbox 2137 4025 3718 4099">
     <span class='ocr_line' id='line_1_88' title="bbox 2137 4025 3718 4099; baseline 0.001 -16"><span class='ocrx_word' id='word_1_638' title='bbox 2137 4025 3156 4099; x_wconf 42' lang='lat' dir='ltr'><strong>Constantinopolitano(ibidiepist.</strong></span> <span class='ocrx_word' id='word_1_639' title='bbox 3202 4027 3315 4092; x_wconf 79' lang='grc'><strong>15),</strong></span> <span class='ocrx_word' id='word_1_640' title='bbox 3365 4038 3420 4082; x_wconf 89' lang='lat' dir='ltr'><strong>et</strong></span> <span class='ocrx_word' id='word_1_641' title='bbox 3461 4029 3718 4086; x_wconf 77' lang='lat' dir='ltr'><strong>Mauritio</strong></span> 
     </span>
    </p>
   </div>
   <div class='ocr_carea' id='block_1_89' title="bbox 2139 4095 3716 4168">
    <p class='ocr_par' dir='ltr' id='par_1_89' title="bbox 2139 4095 3716 4168">
     <span class='ocr_line' id='line_1_89' title="bbox 2139 4095 3716 4168; baseline 0.001 -18"><span class='ocrx_word' id='word_1_642' title='bbox 2139 4095 2668 4168; x_wconf 7' lang='lat' dir='ltr'><strong>Aug._(ibid.gepist.</strong></span> <span class='ocrx_word' id='word_1_643' title='bbox 2703 4095 2814 4168; x_wconf 71' lang='lat'><strong>16),</strong></span> <span class='ocrx_word' id='word_1_644' title='bbox 2841 4107 2897 4152; x_wconf 87' lang='lat' dir='ltr'><strong>et</strong></span> <span class='ocrx_word' id='word_1_645' title='bbox 2919 4095 3242 4168; x_wconf 80' lang='lat' dir='ltr'><strong>Theoctisto</strong></span> <span class='ocrx_word' id='word_1_646' title='bbox 3274 4110 3505 4168; x_wconf 82' lang='lat' dir='ltr'><strong>cognato</strong></span> <span class='ocrx_word' id='word_1_647' title='bbox 3545 4101 3716 4167; x_wconf 87' lang='lat' dir='ltr'><strong>impe-</strong></span> 
     </span>
    </p>
   </div>
   <div class='ocr_carea' id='block_1_90' title="bbox 2141 4166 3708 4240">
    <p class='ocr_par' dir='ltr' id='par_1_90' title="bbox 2141 4166 3708 4240">
     <span class='ocr_line' id='line_1_90' title="bbox 2141 4166 3708 4240; baseline 0.003 -20"><span class='ocrx_word' id='word_1_648' title='bbox 2141 4166 2342 4240; x_wconf 68' lang='lat' dir='ltr'><strong>ratoris</strong></span> <span class='ocrx_word' id='word_1_649' title='bbox 2393 4166 2559 4240; x_wconf 71' lang='lat' dir='ltr'><strong>,(ibid.</strong></span> <span class='ocrx_word' id='word_1_650' title='bbox 2625 4166 2817 4240; x_wconf 31' lang='lat' dir='ltr'><strong>epista</strong></span> <span class='ocrx_word' id='word_1_651' title='bbox 2847 4167 2975 4240; x_wconf 50' lang='lat' dir='ltr'><strong>l7),</strong></span> <span class='ocrx_word' id='word_1_652' title='bbox 3039 4166 3380 4240; x_wconf 76' lang='lat' dir='ltr'><strong>signiﬁcasse</strong></span> <span class='ocrx_word' id='word_1_653' title='bbox 3447 4166 3708 4239; x_wconf 86' lang='lat' dir='ltr'><strong>reperies.</strong></span> 
     </span>
    </p>
   </div>
   <div class='ocr_carea' id='block_1_91' title="bbox 2144 4235 2960 4308">
    <p class='ocr_par' dir='ltr' id='par_1_91' title="bbox 2144 4235 2960 4308">
     <span class='ocr_line' id='line_1_91' title="bbox 2144 4235 2960 4308; baseline 0.006 -21"><span class='ocrx_word' id='word_1_654' title='bbox 2144 4235 2232 4308; x_wconf 80' lang='grc' dir='ltr'>(ν.</span> <span class='ocrx_word' id='word_1_655' title='bbox 2263 4235 2425 4291; x_wconf 65' lang='lat' dir='ltr'><strong>etiam</strong></span> <span class='ocrx_word' id='word_1_656' title='bbox 2455 4239 2617 4307; x_wconf 83' lang='lat' dir='ltr'><strong>epist.</strong></span> <span class='ocrx_word' id='word_1_657' title='bbox 2645 4235 2735 4304; x_wconf 71' lang='lat'><strong>{6,</strong></span> <span class='ocrx_word' id='word_1_658' title='bbox 2766 4239 2861 4293; x_wconf 88' lang='lat' dir='ltr'><strong>lib.</strong></span> <span class='ocrx_word' id='word_1_659' title='bbox 2899 4235 2960 4308; x_wconf 65' lang='grc' dir='ltr'><strong>ιζ)</strong></span> 
     </span>
    </p>
   </div>
   <div class='ocr_carea' id='block_1_92' title="bbox 2216 4308 3719 4378">
    <p class='ocr_par' dir='ltr' id='par_1_92' title="bbox 2216 4308 3719 4378">
     <span class='ocr_line' id='line_1_92' title="bbox 2216 4308 3719 4378; baseline 0.003 -18"><span class='ocrx_word' id='word_1_660' title='bbox 2216 4309 2507 4378; x_wconf 17' lang='lat' dir='ltr'><strong>(laterum,</strong></span> <span class='ocrx_word' id='word_1_661' title='bbox 2531 4309 2584 4362; x_wconf 94' lang='lat' dir='ltr'><strong>in</strong></span> <span class='ocrx_word' id='word_1_662' title='bbox 2626 4309 2682 4363; x_wconf 90' lang='lat' dir='ltr'><strong>id</strong></span> <span class='ocrx_word' id='word_1_663' title='bbox 2723 4309 3023 4364; x_wconf 88' lang='lat' dir='ltr'><strong>concilium</strong></span> <span class='ocrx_word' id='word_1_664' title='bbox 3069 4309 3390 4364; x_wconf 82' lang='lat' dir='ltr'><strong>convenisse</strong></span> <span class='ocrx_word' id='word_1_665' title='bbox 3432 4308 3719 4378; x_wconf 78' lang='lat' dir='ltr'><strong>episcopos</strong></span> 
     </span>
    </p>
   </div>
   <div class='ocr_carea' id='block_1_93' title="bbox 2147 4377 3722 4449">
    <p class='ocr_par' dir='ltr' id='par_1_93' title="bbox 2147 4377 3722 4449">
     <span class='ocr_line' id='line_1_93' title="bbox 2147 4377 3722 4449; baseline 0.001 -18"><span class='ocrx_word' id='word_1_666' title='bbox 2147 4387 2362 4449; x_wconf 84' lang='lat' dir='ltr'><strong>centum</strong></span> <span class='ocrx_word' id='word_1_667' title='bbox 2419 4377 2852 4449; x_wconf 68' lang='lat' dir='ltr'><strong>quinquaginta,</strong></span> <span class='ocrx_word' id='word_1_668' title='bbox 2913 4379 3004 4432; x_wconf 78' lang='lat' dir='ltr'><strong>vix</strong></span> <span class='ocrx_word' id='word_1_669' title='bbox 3057 4378 3318 4449; x_wconf 80' lang='lat' dir='ltr'><strong>credibile</strong></span> <span class='ocrx_word' id='word_1_670' title='bbox 3383 4377 3484 4433; x_wconf 70' lang='lat' dir='ltr'><strong>est.</strong></span> <span class='ocrx_word' id='word_1_671' title='bbox 3536 4377 3722 4446; x_wconf 79' lang='lat' dir='ltr'><strong>Neque</strong></span> 
     </span>
    </p>
   </div>
   <div class='ocr_carea' id='block_1_94' title="bbox 2145 4447 3721 4504">
    <p class='ocr_par' dir='ltr' id='par_1_94' title="bbox 2145 4447 3721 4504">
     <span class='ocr_line' id='line_1_94' title="bbox 2145 4447 3721 4504; baseline 0 -3"><span class='ocrx_word' id='word_1_672' title='bbox 2145 4448 2292 4501; x_wconf 88' lang='lat' dir='ltr'><strong>enim</strong></span> <span class='ocrx_word' id='word_1_673' title='bbox 2325 4454 2404 4502; x_wconf 83' lang='lat' dir='ltr'><strong>tot</strong></span> <span class='ocrx_word' id='word_1_674' title='bbox 2434 4447 2689 4504; x_wconf 79' lang='lat' dir='ltr'><strong>invenire</strong></span> <span class='ocrx_word' id='word_1_675' title='bbox 2708 4449 2762 4502; x_wconf 92' lang='lat' dir='ltr'><strong>in</strong></span> <span class='ocrx_word' id='word_1_676' title='bbox 2795 4447 3058 4502; x_wconf 82' lang='lat' dir='ltr'><strong>Romanis</strong></span> <span class='ocrx_word' id='word_1_677' title='bbox 3081 4447 3282 4504; x_wconf 85' lang='lat' dir='ltr'><strong>ﬁnibus</strong></span> <span class='ocrx_word' id='word_1_678' title='bbox 3309 4449 3450 4502; x_wconf 90' lang='lat' dir='ltr'><strong>intra</strong></span> <span class='ocrx_word' id='word_1_679' title='bbox 3483 4449 3721 4504; x_wconf 86' lang='lat' dir='ltr'><strong>triduum</strong></span> 
     </span>
    </p>
   </div>
   <div class='ocr_carea' id='block_1_95' title="bbox 2149 4518 3720 4583">
    <p class='ocr_par' dir='ltr' id='par_1_95' title="bbox 2149 4518 3720 4583">
     <span class='ocr_line' id='line_1_95' title="bbox 2149 4518 3720 4583; baseline 0 -13"><span class='ocrx_word' id='word_1_680' title='bbox 2149 4518 2234 4572; x_wconf 78' lang='lat' dir='ltr'><strong>ius</strong></span> <span class='ocrx_word' id='word_1_681' title='bbox 2299 4527 2453 4583; x_wconf 84' lang='lat' dir='ltr'><strong>erat;</strong></span> <span class='ocrx_word' id='word_1_682' title='bbox 2514 4519 2623 4574; x_wconf 88' lang='lat' dir='ltr'><strong>nisi</strong></span> <span class='ocrx_word' id='word_1_683' title='bbox 2687 4519 3008 4574; x_wconf 78' lang='lat' dir='ltr'><strong>existimare</strong></span> <span class='ocrx_word' id='word_1_684' title='bbox 3071 4518 3340 4583; x_wconf 77' lang='lat' dir='ltr'><strong>Velimus,</strong></span> <span class='ocrx_word' id='word_1_685' title='bbox 3406 4534 3537 4573; x_wconf 87' lang='lat' dir='ltr'><strong>casu</strong></span> <span class='ocrx_word' id='word_1_686' title='bbox 3609 4528 3720 4572; x_wconf 90' lang='lat' dir='ltr'><strong>tum</strong></span> 
     </span>
    </p>
   </div>
   <div class='ocr_carea' id='block_1_96' title="bbox 2149 4587 3724 4658">
    <p class='ocr_par' dir='ltr' id='par_1_96' title="bbox 2149 4587 3724 4658">
     <span class='ocr_line' id='line_1_96' title="bbox 2149 4587 3724 4658; baseline 0 -16"><span class='ocrx_word' id='word_1_687' title='bbox 2149 4588 2379 4658; x_wconf 83' lang='lat' dir='ltr'><strong>factum,</strong></span> <span class='ocrx_word' id='word_1_688' title='bbox 2425 4589 2676 4658; x_wconf 87' lang='lat' dir='ltr'><strong>utmulti</strong></span> <span class='ocrx_word' id='word_1_689' title='bbox 2717 4589 2828 4658; x_wconf 86' lang='lat' dir='ltr'><strong>jam</strong></span> <span class='ocrx_word' id='word_1_690' title='bbox 2865 4605 2930 4642; x_wconf 78' lang='lat' dir='ltr'><strong>ex</strong></span> <span class='ocrx_word' id='word_1_691' title='bbox 2965 4587 3116 4644; x_wconf 88' lang='lat' dir='ltr'><strong>Italia</strong></span> <span class='ocrx_word' id='word_1_692' title='bbox 3165 4596 3221 4642; x_wconf 91' lang='lat' dir='ltr'><strong>et</strong></span> <span class='ocrx_word' id='word_1_693' title='bbox 3264 4589 3560 4658; x_wconf 87' lang='lat' dir='ltr'><strong>provinciis</strong></span> <span class='ocrx_word' id='word_1_694' title='bbox 3590 4588 3724 4642; x_wconf 85' lang='lat' dir='ltr'><strong>alias</strong></span> 
     </span>
    </p>
   </div>
   <div class='ocr_carea' id='block_1_97' title="bbox 475 4653 3725 4738">
    <p class='ocr_par' dir='ltr' id='par_1_97' title="bbox 475 4653 3725 4738">
     <span class='ocr_line' id='line_1_97' title="bbox 475 4653 3725 4738; baseline -0.001 -24"><span class='ocrx_word' id='word_1_695' title='bbox 475 4653 776 4738; x_wconf 62' lang='lat' dir='ltr'><strong>debeniu&#39;s-</strong></span> <span class='ocrx_word' id='word_1_696' title='bbox 829 4658 935 4738; x_wconf 77' lang='lat' dir='ltr'><strong>boc</strong></span> <span class='ocrx_word' id='word_1_697' title='bbox 969 4656 1130 4738; x_wconf 73' lang='lat' dir='ltr'><strong>_id_em</strong></span> <span class='ocrx_word' id='word_1_698' title='bbox 1187 4653 1426 4730; x_wconf 83' lang='lat' dir='ltr'><strong>majores</strong></span> <span class='ocrx_word' id='word_1_699' title='bbox 1478 4653 1738 4737; x_wconf 68' lang='lat' dir='ltr'><strong>iecerant,</strong></span> <span class='ocrx_word' id='word_1_700' title='bbox 1775 4658 1888 4738; x_wconf 73' lang='lat' dir='ltr'><strong>bne</strong></span> <span class='ocrx_word' id='word_1_701' title='bbox 1929 4659 2046 4738; x_wconf 82' lang='lat' dir='ltr'><strong>ipse</strong></span> <span class='ocrx_word' id='word_1_702' title='bbox 2076 4683 2122 4738; x_wconf 64' lang='grc' dir='ltr'><strong>Β</strong></span> <span class='ocrx_word' id='word_1_703' title='bbox 2149 4657 2220 4712; x_wconf 89' lang='lat' dir='ltr'><strong>ob</strong></span> <span class='ocrx_word' id='word_1_704' title='bbox 2251 4673 2454 4738; x_wconf 74' lang='lat' dir='ltr'><strong>causas</strong></span> <span class='ocrx_word' id='word_1_705' title='bbox 2495 4657 2550 4738; x_wconf 82' lang='lat' dir='ltr'><strong>in</strong></span> <span class='ocrx_word' id='word_1_706' title='bbox 2587 4653 2974 4738; x_wconf 60' lang='lat' dir='ltr'><strong>turbe&#39;_essett_t.</strong></span> <span class='ocrx_word' id='word_1_707' title='bbox 3017 4659 3075 4738; x_wconf 81' lang='lat' dir='ltr'><strong>In</strong></span> <span class='ocrx_word' id='word_1_708' title='bbox 3121 4653 3353 4738; x_wconf 50' lang='lat' dir='ltr'><strong>synodo,</strong></span> <span class='ocrx_word' id='word_1_709' title='bbox 3388 4673 3552 4738; x_wconf 73' lang='lat' dir='ltr'><strong>quam</strong></span> 
     </span>
    </p>
   </div>
   <div class='ocr_carea' id='block_1_98' title="bbox 479 4725 3474 4798">
    <p class='ocr_par' dir='ltr' id='par_1_98' title="bbox 479 4725 3474 4798">
     <span class='ocr_line' id='line_1_98' title="bbox 479 4725 3474 4798; baseline -0.001 -14"><span class='ocrx_word' id='word_1_710' title='bbox 479 4729 788 4785; x_wconf 78' lang='lat' dir='ltr'><strong>iaciendum</strong></span> <span class='ocrx_word' id='word_1_711' title='bbox 825 4726 1080 4792; x_wconf 85' lang='lat' dir='ltr'><strong>ducebat,</strong></span> <span class='ocrx_word' id='word_1_712' title='bbox 1118 4741 1241 4798; x_wconf 83' lang='lat' dir='ltr'><strong>cum</strong></span> <span class='ocrx_word' id='word_1_713' title='bbox 1274 4725 1522 4798; x_wconf 63' lang='lat' dir='ltr'><strong>episcopi</strong></span> <span class='ocrx_word' id='word_1_714' title='bbox 1563 4741 1769 4798; x_wconf 81' lang='lat' dir='ltr'><strong>nomen</strong></span> <span class='ocrx_word' id='word_1_715' title='bbox 1806 4725 2045 4782; x_wconf 79' lang='lat' dir='ltr'><strong>delatum</strong></span> <span class='ocrx_word' id='word_1_716' title='bbox 2076 4725 2120 4738; x_wconf 82' lang='grc'><em>”</em></span> <span class='ocrx_word' id='word_1_717' title='bbox 2152 4728 2339 4798; x_wconf 79' lang='lat' dir='ltr'><strong>gorius</strong></span> <span class='ocrx_word' id='word_1_718' title='bbox 2369 4729 2628 4784; x_wconf 89' lang='lat' dir='ltr'><strong>habuisse</strong></span> <span class='ocrx_word' id='word_1_719' title='bbox 2655 4729 2860 4783; x_wconf 90' lang='lat' dir='ltr'><strong>dicitur</strong></span> <span class='ocrx_word' id='word_1_720' title='bbox 2891 4727 3079 4796; x_wconf 67' lang='lat' dir='ltr'><strong>{li-ard.</strong></span> <span class='ocrx_word' id='word_1_721' title='bbox 3117 4725 3279 4782; x_wconf 76' lang='lat' dir='ltr'><strong>Cone.</strong></span> <span class='ocrx_word' id='word_1_722' title='bbox 3318 4741 3356 4782; x_wconf 86' lang='lat' dir='ltr'><strong>t.</strong></span> <span class='ocrx_word' id='word_1_723' title='bbox 3387 4725 3474 4792; x_wconf 81' lang='grc' dir='ltr'><strong>ΙΙΙ,</strong></span> 
     </span>
    </p>
   </div>
   <div class='ocr_carea' id='block_1_99' title="bbox 477 4794 2044 4869">
    <p class='ocr_par' dir='ltr' id='par_1_99' title="bbox 477 4794 2044 4869">
     <span class='ocr_line' id='line_1_99' title="bbox 477 4794 2044 4869; baseline -0.003 -14"><span class='ocrx_word' id='word_1_724' title='bbox 477 4809 618 4855; x_wconf 83' lang='lat' dir='ltr'><strong>erat.</strong></span> <span class='ocrx_word' id='word_1_725' title='bbox 665 4801 804 4854; x_wconf 90' lang='lat' dir='ltr'><strong>Cum</strong></span> <span class='ocrx_word' id='word_1_726' title='bbox 871 4799 1147 4850; x_wconf 79' lang='lat' dir='ltr'><strong>cxarebus</strong></span> <span class='ocrx_word' id='word_1_727' title='bbox 1181 4794 1358 4869; x_wconf 70' lang='lat' dir='ltr'><strong>italia:</strong></span> <span class='ocrx_word' id='word_1_728' title='bbox 1411 4794 1686 4869; x_wconf 75' lang='lat' dir='ltr'><strong>Blandum</strong></span> <span class='ocrx_word' id='word_1_729' title='bbox 1727 4797 2044 4869; x_wconf 84' lang='lat' dir='ltr'><strong>episcopum</strong></span> 
     </span>
    </p>
   </div>
   <div class='ocr_carea' id='block_1_100' title="bbox 480 4866 2049 4930">
    <p class='ocr_par' dir='ltr' id='par_1_100' title="bbox 480 4866 2049 4930">
     <span class='ocr_line' id='line_1_100' title="bbox 480 4866 2049 4930; baseline -0.003 -6"><span class='ocrx_word' id='word_1_730' title='bbox 480 4871 802 4924; x_wconf 87' lang='lat' dir='ltr'><strong>llortenscm</strong></span> <span class='ocrx_word' id='word_1_731' title='bbox 847 4869 1118 4922; x_wconf 71' lang='lat' dir='ltr'><strong>Ravennae</strong></span> <span class='ocrx_word' id='word_1_732' title='bbox 1163 4866 1449 4930; x_wconf 86' lang='lat' dir='ltr'><strong>detineret,</strong></span> <span class='ocrx_word' id='word_1_733' title='bbox 1499 4868 1578 4920; x_wconf 85' lang='lat' dir='ltr'><strong>sic</strong></span> <span class='ocrx_word' id='word_1_734' title='bbox 1625 4868 1691 4922; x_wconf 88' lang='lat' dir='ltr'><strong>ad</strong></span> <span class='ocrx_word' id='word_1_735' title='bbox 1737 4866 1863 4922; x_wconf 82' lang='lat' dir='ltr'><strong>eum</strong></span> <span class='ocrx_word' id='word_1_736' title='bbox 1911 4866 2049 4922; x_wconf 64' lang='lat' dir='ltr'><strong>Scri-</strong></span> 
     </span>
    </p>
   </div>
   <div class='ocr_carea' id='block_1_101' title="bbox 477 4937 2046 5021">
    <p class='ocr_par' dir='ltr' id='par_1_101' title="bbox 477 4937 2046 5021">
     <span class='ocr_line' id='line_1_101' title="bbox 477 4937 2046 5021; baseline 0.001 -29"><span class='ocrx_word' id='word_1_737' title='bbox 477 4949 664 5021; x_wconf 67' lang='lat' dir='ltr'><strong>pserat</strong></span> <span class='ocrx_word' id='word_1_738' title='bbox 704 4956 850 4993; x_wconf 78' lang='lat' dir='ltr'><strong>anno</strong></span> <span class='ocrx_word' id='word_1_739' title='bbox 892 4954 914 5021; x_wconf 44' lang='grc' dir='ltr'>,ι</span> <span class='ocrx_word' id='word_1_740' title='bbox 963 4938 1315 5021; x_wconf 68' lang='lat' dir='ltr'><strong>pontiﬁcatus</strong></span> <span class='ocrx_word' id='word_1_741' title='bbox 1355 4937 1440 4989; x_wconf 90' lang='lat' dir='ltr'><strong>sui</strong></span> <span class='ocrx_word' id='word_1_742' title='bbox 1485 4937 1604 5021; x_wconf 70' lang='lat' dir='ltr'><strong>(lib.</strong></span> <span class='ocrx_word' id='word_1_743' title='bbox 1640 4954 1688 4999; x_wconf 87' lang='lat' dir='ltr'><strong>I,</strong></span> <span class='ocrx_word' id='word_1_744' title='bbox 1725 4938 2046 5021; x_wconf 43' lang='lat' dir='ltr'><strong>epist.‘35)_:</strong></span> 
     </span>
    </p>
   </div>
   <div class='ocr_carea' id='block_1_102' title="bbox 481 5007 2052 5080">
    <p class='ocr_par' dir='ltr' id='par_1_102' title="bbox 481 5007 2052 5080">
     <span class='ocr_line' id='line_1_102' title="bbox 481 5007 2052 5080; baseline 0.001 -19"><span class='ocrx_word' id='word_1_745' title='bbox 481 5007 549 5080; x_wconf 67' lang='lat' dir='ltr'><strong>Et</strong></span> <span class='ocrx_word' id='word_1_746' title='bbox 579 5025 789 5074; x_wconf 80' lang='lat' dir='ltr'><strong>rursus,</strong></span> <span class='ocrx_word' id='word_1_747' title='bbox 814 5010 940 5080; x_wconf 86' lang='lat' dir='ltr'><strong>quia</strong></span> <span class='ocrx_word' id='word_1_748' title='bbox 969 5024 1074 5080; x_wconf 80' lang='lat' dir='ltr'><strong>non</strong></span> <span class='ocrx_word' id='word_1_749' title='bbox 1103 5007 1387 5080; x_wconf 75' lang='lat' dir='ltr'><strong>credimus,</strong></span> <span class='ocrx_word' id='word_1_750' title='bbox 1402 5007 1553 5080; x_wconf 67' lang='lat' dir='ltr'><strong>quod</strong></span> <span class='ocrx_word' id='word_1_751' title='bbox 1574 5024 1690 5062; x_wconf 89' lang='lat' dir='ltr'><strong>eum</strong></span> <span class='ocrx_word' id='word_1_752' title='bbox 1724 5007 2052 5064; x_wconf 72' lang='lat' dir='ltr'><strong>Excellentia</strong></span> 
     </span>
    </p>
   </div>
   <div class='ocr_carea' id='block_1_103' title="bbox 496 5076 2050 5148">
    <p class='ocr_par' dir='ltr' id='par_1_103' title="bbox 496 5076 2050 5148">
     <span class='ocr_line' id='line_1_103' title="bbox 496 5076 2050 5148; baseline -0.001 -15"><span class='ocrx_word' id='word_1_753' title='bbox 496 5079 697 5142; x_wconf 78' lang='lat' dir='ltr'><strong>Vestra.</strong></span> <span class='ocrx_word' id='word_1_754' title='bbox 731 5076 835 5132; x_wconf 87' lang='lat' dir='ltr'><strong>nisi</strong></span> <span class='ocrx_word' id='word_1_755' title='bbox 862 5095 958 5146; x_wconf 86' lang='lat' dir='ltr'><strong>pro</strong></span> <span class='ocrx_word' id='word_1_756' title='bbox 985 5078 1166 5148; x_wconf 85' lang='lat' dir='ltr'><strong>aliqua</strong></span> <span class='ocrx_word' id='word_1_757' title='bbox 1191 5076 1482 5148; x_wconf 81' lang='lat' dir='ltr'><strong>probabilis</strong></span> <span class='ocrx_word' id='word_1_758' title='bbox 1507 5093 1748 5133; x_wconf 74' lang='lat' dir='ltr'><strong>excessus</strong></span> <span class='ocrx_word' id='word_1_759' title='bbox 1776 5095 1939 5134; x_wconf 89' lang='lat' dir='ltr'><strong>causa</strong></span> <span class='ocrx_word' id='word_1_760' title='bbox 1971 5089 2050 5132; x_wconf 84' lang='lat' dir='ltr'><strong>te-</strong></span> 
     </span>
    </p>
   </div>
   <div class='ocr_carea' id='block_1_104' title="bbox 481 5146 2054 5220">
    <p class='ocr_par' dir='ltr' id='par_1_104' title="bbox 481 5146 2054 5220">
     <span class='ocr_line' id='line_1_104' title="bbox 481 5146 2054 5220; baseline -0.002 -16"><span class='ocrx_word' id='word_1_761' title='bbox 481 5151 676 5217; x_wconf 79' lang='lat' dir='ltr'><strong>nuerit,</strong></span> <span class='ocrx_word' id='word_1_762' title='bbox 705 5158 928 5218; x_wconf 79' lang='lat' dir='ltr'><strong>oportet,</strong></span> <span class='ocrx_word' id='word_1_763' title='bbox 955 5159 1008 5220; x_wconf 88' lang='lat' dir='ltr'><strong>ut</strong></span> <span class='ocrx_word' id='word_1_764' title='bbox 1037 5146 1219 5220; x_wconf 62' lang='lat' dir='ltr'><strong>habita</strong></span> <span class='ocrx_word' id='word_1_765' title='bbox 1243 5146 1443 5220; x_wconf 73' lang='lat' dir='ltr'><strong>synodo</strong></span> <span class='ocrx_word' id='word_1_766' title='bbox 1469 5148 1652 5216; x_wconf 80' lang='lat' dir='ltr'><strong>palam</strong></span> <span class='ocrx_word' id='word_1_767' title='bbox 1691 5150 1811 5219; x_wconf 77' lang='lat' dir='ltr'><strong>ﬁat,</strong></span> <span class='ocrx_word' id='word_1_768' title='bbox 1837 5152 1886 5204; x_wconf 83' lang='lat' dir='ltr'><strong>si</strong></span> <span class='ocrx_word' id='word_1_769' title='bbox 1914 5148 2054 5220; x_wconf 81' lang='lat' dir='ltr'><strong>quod</strong></span> 
     </span>
    </p>
   </div>
   <div class='ocr_carea' id='block_1_105' title="bbox 483 5217 2056 5288">
    <p class='ocr_par' dir='ltr' id='par_1_105' title="bbox 483 5217 2056 5288">
     <span class='ocr_line' id='line_1_105' title="bbox 483 5217 2056 5288; baseline -0.002 -14"><span class='ocrx_word' id='word_1_770' title='bbox 483 5222 538 5274; x_wconf 83' lang='lat' dir='ltr'><strong>in</strong></span> <span class='ocrx_word' id='word_1_771' title='bbox 567 5235 684 5272; x_wconf 86' lang='lat' dir='ltr'><strong>eum</strong></span> <span class='ocrx_word' id='word_1_772' title='bbox 714 5217 912 5273; x_wconf 77' lang='lat' dir='ltr'><strong>crimen</strong></span> <span class='ocrx_word' id='word_1_773' title='bbox 946 5218 1265 5288; x_wconf 71' lang='lat' dir='ltr'><strong>intenditur.</strong></span> <span class='ocrx_word' id='word_1_774' title='bbox 1292 5217 1436 5284; x_wconf 85' lang='lat' dir='ltr'><strong>Quin</strong></span> <span class='ocrx_word' id='word_1_775' title='bbox 1482 5222 1669 5286; x_wconf 85' lang='lat' dir='ltr'><strong>etiam,</strong></span> <span class='ocrx_word' id='word_1_776' title='bbox 1693 5217 2056 5288; x_wconf 70' lang='lat' dir='ltr'><strong>quadriennio</strong></span> 
     </span>
    </p>
   </div>
   <div class='ocr_carea' id='block_1_106' title="bbox 483 5285 2058 5362">
    <p class='ocr_par' dir='ltr' id='par_1_106' title="bbox 483 5285 2058 5362">
     <span class='ocr_line' id='line_1_106' title="bbox 483 5285 2058 5362; baseline -0.002 -17"><span class='ocrx_word' id='word_1_777' title='bbox 483 5300 637 5362; x_wconf 87' lang='lat' dir='ltr'><strong>post,</strong></span> <span class='ocrx_word' id='word_1_778' title='bbox 698 5285 1168 5362; x_wconf 80' lang='lat' dir='ltr'><strong>ipsam&#39;Joannis</strong></span> <span class='ocrx_word' id='word_1_779' title='bbox 1223 5290 1526 5362; x_wconf 78' lang='lat' dir='ltr'><strong>presbyteri</strong></span> <span class='ocrx_word' id='word_1_780' title='bbox 1595 5285 2058 5362; x_wconf 34' lang='lat' dir='ltr'><strong>Citati—cedonensis</strong></span> 
     </span>
    </p>
   </div>
   <div class='ocr_carea' id='block_1_107' title="bbox 484 5359 2060 5430">
    <p class='ocr_par' dir='ltr' id='par_1_107' title="bbox 484 5359 2060 5430">
     <span class='ocr_line' id='line_1_107' title="bbox 484 5359 2060 5430; baseline -0.002 -15"><span class='ocrx_word' id='word_1_781' title='bbox 484 5359 799 5416; x_wconf 39' lang='lat' dir='ltr'><strong>causam—in</strong></span> <span class='ocrx_word' id='word_1_782' title='bbox 827 5362 1038 5430; x_wconf 83' lang='lat' dir='ltr'><strong>synodo</strong></span> <span class='ocrx_word' id='word_1_783' title='bbox 1079 5361 1164 5430; x_wconf 79' lang='lat' dir='ltr'><strong>agi</strong></span> <span class='ocrx_word' id='word_1_784' title='bbox 1187 5359 1405 5430; x_wconf 53' lang='lat' dir='ltr'><strong>voluit}</strong></span> <span class='ocrx_word' id='word_1_785' title='bbox 1429 5361 1504 5430; x_wconf 18' lang='lat' dir='ltr'><strong>de,</strong></span> <span class='ocrx_word' id='word_1_786' title='bbox 1531 5375 1643 5430; x_wconf 89' lang='lat' dir='ltr'><strong>quo</strong></span> <span class='ocrx_word' id='word_1_787' title='bbox 1680 5359 1839 5415; x_wconf 82' lang='lat' dir='ltr'><strong>Narsi</strong></span> <span class='ocrx_word' id='word_1_788' title='bbox 1870 5359 2060 5430; x_wconf 86' lang='lat' dir='ltr'><strong>comiti</strong></span> 
     </span>
    </p>
   </div>
   <div class='ocr_carea' id='block_1_108' title="bbox 421 5429 2062 5504">
    <p class='ocr_par' dir='ltr' id='par_1_108' title="bbox 421 5429 2062 5504">
     <span class='ocr_line' id='line_1_108' title="bbox 421 5429 2062 5504; baseline -0.002 -18"><span class='ocrx_word' id='word_1_789' title='bbox 421 5437 431 5454; x_wconf 82' lang='lat'><strong>‘</strong></span> <span class='ocrx_word' id='word_1_790' title='bbox 485 5433 708 5504; x_wconf 82' lang='lat' dir='ltr'><strong>scripsit</strong></span> <span class='ocrx_word' id='word_1_791' title='bbox 745 5429 870 5504; x_wconf 61' lang='lat' dir='ltr'><strong>(lib.</strong></span> <span class='ocrx_word' id='word_1_792' title='bbox 901 5446 976 5495; x_wconf 76' lang='lat' dir='ltr'><strong>vr,</strong></span> <span class='ocrx_word' id='word_1_793' title='bbox 1006 5429 1328 5504; x_wconf 25' lang='lat' dir='ltr'><strong>enisis“):</strong></span> <span class='ocrx_word' id='word_1_794' title='bbox 1357 5429 1435 5484; x_wconf 83' lang='lat' dir='ltr'><strong>De</strong></span> <span class='ocrx_word' id='word_1_795' title='bbox 1474 5429 1682 5484; x_wconf 80' lang='lat' dir='ltr'><strong>Joanne</strong></span> <span class='ocrx_word' id='word_1_796' title='bbox 1701 5448 1818 5504; x_wconf 78' lang='lat' dir='ltr'><strong>vero</strong></span> <span class='ocrx_word' id='word_1_797' title='bbox 1846 5429 2062 5504; x_wconf 68' lang='lat' dir='ltr'><strong>presby-</strong></span> 
     </span>
    </p>
   </div>
   <div class='ocr_carea' id='block_1_109' title="bbox 488 5501 2062 5574">
    <p class='ocr_par' dir='ltr' id='par_1_109' title="bbox 488 5501 2062 5574">
     <span class='ocr_line' id='line_1_109' title="bbox 488 5501 2062 5574; baseline -0.001 -18"><span class='ocrx_word' id='word_1_798' title='bbox 488 5501 944 5574; x_wconf 57' lang='lat' dir='ltr'><strong>tero&#39;cognoscite,</strong></span> <span class='ocrx_word' id='word_1_799' title='bbox 974 5503 1102 5572; x_wconf 85' lang='lat' dir='ltr'><strong>quia</strong></span> <span class='ocrx_word' id='word_1_800' title='bbox 1127 5501 1272 5557; x_wconf 83' lang='lat' dir='ltr'><strong>illius</strong></span> <span class='ocrx_word' id='word_1_801' title='bbox 1297 5518 1458 5574; x_wconf 84' lang='lat' dir='ltr'><strong>causa</strong></span> <span class='ocrx_word' id='word_1_802' title='bbox 1479 5517 1572 5574; x_wconf 81' lang='lat' dir='ltr'><strong>per</strong></span> <span class='ocrx_word' id='word_1_803' title='bbox 1598 5503 1856 5571; x_wconf 76' lang='lat' dir='ltr'><strong>synodum</strong></span> <span class='ocrx_word' id='word_1_804' title='bbox 1883 5502 2062 5574; x_wconf 83' lang='lat' dir='ltr'><strong>decisa</strong></span> 
     </span>
    </p>
   </div>
   <div class='ocr_carea' id='block_1_110' title="bbox 485 5571 2063 5646">
    <p class='ocr_par' dir='ltr' id='par_1_110' title="bbox 485 5571 2063 5646">
     <span class='ocr_line' id='line_1_110' title="bbox 485 5571 2063 5646; baseline -0.003 -19"><span class='ocrx_word' id='word_1_805' title='bbox 485 5581 589 5646; x_wconf 64' lang='lat' dir='ltr'><strong>est,</strong></span> <span class='ocrx_word' id='word_1_806' title='bbox 620 5575 677 5629; x_wconf 88' lang='lat' dir='ltr'><strong>in</strong></span> <span class='ocrx_word' id='word_1_807' title='bbox 691 5571 809 5646; x_wconf 47' lang='lat' dir='ltr'><strong>&#39;qua</strong></span> <span class='ocrx_word' id='word_1_808' title='bbox 843 5571 1020 5644; x_wconf 86' lang='lat' dir='ltr'><strong>aperte</strong></span> <span class='ocrx_word' id='word_1_809' title='bbox 1045 5574 1283 5646; x_wconf 77' lang='lat' dir='ltr'><strong>cognori,</strong></span> <span class='ocrx_word' id='word_1_810' title='bbox 1318 5573 1442 5642; x_wconf 84' lang='lat' dir='ltr'><strong>quia</strong></span> <span class='ocrx_word' id='word_1_811' title='bbox 1470 5571 1585 5646; x_wconf 81' lang='lat' dir='ltr'><strong>ejus</strong></span> <span class='ocrx_word' id='word_1_812' title='bbox 1627 5573 1924 5646; x_wconf 77' lang='lat' dir='ltr'><strong>adversarii</strong></span> <span class='ocrx_word' id='word_1_813' title='bbox 1941 5587 2063 5646; x_wconf 62' lang='lat' dir='ltr'><strong>eunt</strong></span> 
     </span>
    </p>
   </div>
   <div class='ocr_carea' id='block_1_111' title="bbox 491 5639 2062 5711">
    <p class='ocr_par' dir='ltr' id='par_1_111' title="bbox 491 5639 2062 5711">
     <span class='ocr_line' id='line_1_111' title="bbox 491 5639 2062 5711; baseline -0.001 -16"><span class='ocrx_word' id='word_1_814' title='bbox 491 5641 664 5711; x_wconf 67' lang='lat' dir='ltr'><strong>facere</strong></span> <span class='ocrx_word' id='word_1_815' title='bbox 692 5639 998 5700; x_wconf 69' lang='lat' dir='ltr'><strong>ﬂcretirum</strong></span> <span class='ocrx_word' id='word_1_816' title='bbox 1026 5639 1339 5710; x_wconf 72' lang='lat' dir='ltr'><strong>uoluerunt,</strong></span> <span class='ocrx_word' id='word_1_817' title='bbox 1367 5653 1415 5698; x_wconf 90' lang='lat' dir='ltr'><strong>et</strong></span> <span class='ocrx_word' id='word_1_818' title='bbox 1447 5639 1541 5696; x_wconf 84' lang='lat' dir='ltr'><strong>diu</strong></span> <span class='ocrx_word' id='word_1_819' title='bbox 1576 5643 1752 5697; x_wconf 83' lang='lat' dir='ltr'><strong>conati</strong></span> <span class='ocrx_word' id='word_1_820' title='bbox 1783 5652 1932 5706; x_wconf 87' lang='lat' dir='ltr'><strong>sunt,</strong></span> <span class='ocrx_word' id='word_1_821' title='bbox 1971 5639 2062 5694; x_wconf 85' lang='lat' dir='ltr'><strong>sed</strong></span> 
     </span>
    </p>
   </div>
   <div class='ocr_carea' id='block_1_112' title="bbox 491 5712 2062 5786">
    <p class='ocr_par' dir='ltr' id='par_1_112' title="bbox 491 5712 2062 5786">
     <span class='ocr_line' id='line_1_112' title="bbox 491 5712 2062 5786; baseline 0.001 -21"><span class='ocrx_word' id='word_1_822' title='bbox 491 5713 702 5768; x_wconf 64' lang='lat' dir='ltr'><strong>minime</strong></span> <span class='ocrx_word' id='word_1_823' title='bbox 743 5725 1045 5786; x_wconf 82' lang='lat' dir='ltr'><strong>potuerunt.</strong></span> <span class='ocrx_word' id='word_1_824' title='bbox 1107 5717 1320 5772; x_wconf 77' lang='lat' dir='ltr'><strong>Similia</strong></span> <span class='ocrx_word' id='word_1_825' title='bbox 1375 5715 1502 5770; x_wconf 89' lang='lat' dir='ltr'><strong>item</strong></span> <span class='ocrx_word' id='word_1_826' title='bbox 1553 5712 1749 5770; x_wconf 82' lang='lat' dir='ltr'><strong>Joanni</strong></span> <span class='ocrx_word' id='word_1_827' title='bbox 1808 5713 2062 5784; x_wconf 81' lang='lat' dir='ltr'><strong>episcopo</strong></span> 
     </span>
    </p>
   </div>
   <div class='ocr_carea' id='block_1_113' title="bbox 2154 4727 3725 4868">
    <p class='ocr_par' dir='ltr' id='par_1_113' title="bbox 2154 4727 3725 4868">
     <span class='ocr_line' id='line_1_113' title="bbox 2154 4727 3725 4868; baseline 0.003 -16"><span class='ocrx_word' id='word_1_828' title='bbox 2154 4729 2511 4868; x_wconf 57' lang='grc' dir='ltr'><strong>ἓᾶἳὲἕηῗέῗέ</strong></span> <span class='ocrx_word' id='word_1_829' title='bbox 2520 4727 3092 4868; x_wconf 63' lang='lat' dir='ltr'><strong>&#39;;:f.2‘::;‘.:&#39;.5£‘.:2;3.</strong></span> <span class='ocrx_word' id='word_1_830' title='bbox 3117 4727 3474 4853; x_wconf 62' lang='grc' dir='ltr'><strong>ἳὲῗῗίοίᾰέἔξί</strong></span> <span class='ocrx_word' id='word_1_831' title='bbox 3495 4727 3725 4856; x_wconf 61' lang='grc' dir='ltr'><strong>ὣιῗὲῗὶζ</strong></span> 
     </span>
    </p>
   </div>
   <div class='ocr_carea' id='block_1_114' title="bbox 2156 4867 3730 4938">
    <p class='ocr_par' dir='ltr' id='par_1_114' title="bbox 2156 4867 3730 4938">
     <span class='ocr_line' id='line_1_114' title="bbox 2156 4867 3730 4938; baseline 0 -18"><span class='ocrx_word' id='word_1_832' title='bbox 2156 4867 2473 4936; x_wconf 82' lang='lat' dir='ltr'><strong>temporibus</strong></span> <span class='ocrx_word' id='word_1_833' title='bbox 2511 4867 2738 4938; x_wconf 61' lang='lat' dir='ltr'><strong>piisisimi</strong></span> <span class='ocrx_word' id='word_1_834' title='bbox 2775 4885 2837 4922; x_wconf 82' lang='lat' dir='ltr'><strong>ac</strong></span> <span class='ocrx_word' id='word_1_835' title='bbox 2888 4870 3208 4923; x_wconf 82' lang='lat' dir='ltr'><strong>serenissimi</strong></span> <span class='ocrx_word' id='word_1_836' title='bbox 3241 4871 3442 4924; x_wconf 88' lang='lat' dir='ltr'><strong>domini</strong></span> <span class='ocrx_word' id='word_1_837' title='bbox 3481 4867 3730 4922; x_wconf 74' lang='lat' dir='ltr'><strong>Mauricii</strong></span> 
     </span>
    </p>
   </div>
   <div class='ocr_carea' id='block_1_115' title="bbox 2154 4938 3732 5010">
    <p class='ocr_par' dir='ltr' id='par_1_115' title="bbox 2154 4938 3732 5010">
     <span class='ocr_line' id='line_1_115' title="bbox 2154 4938 3732 5010; baseline 0 -18"><span class='ocrx_word' id='word_1_838' title='bbox 2154 4948 2205 4992; x_wconf 82' lang='lat' dir='ltr'><strong>et</strong></span> <span class='ocrx_word' id='word_1_839' title='bbox 2244 4939 2444 5010; x_wconf 64' lang='lat' dir='ltr'><strong>Tiberii</strong></span> <span class='ocrx_word' id='word_1_840' title='bbox 2466 4950 2528 5010; x_wconf 78' lang='lat' dir='ltr'><strong>et</strong></span> <span class='ocrx_word' id='word_1_841' title='bbox 2560 4938 2847 5010; x_wconf 68' lang='lat' dir='ltr'><strong>Theodosii</strong></span> <span class='ocrx_word' id='word_1_842' title='bbox 2877 4943 3274 5010; x_wconf 81' lang='lat' dir='ltr'><strong>Augustorum;</strong></span> <span class='ocrx_word' id='word_1_843' title='bbox 3301 4939 3536 5010; x_wconf 77' lang='lat' dir='ltr'><strong>ejusdem</strong></span> <span class='ocrx_word' id='word_1_844' title='bbox 3565 4939 3732 5010; x_wconf 82' lang='lat' dir='ltr'><strong>domi-</strong></span> 
     </span>
    </p>
   </div>
   <div class='ocr_carea' id='block_1_116' title="bbox 2157 5008 3734 5078">
    <p class='ocr_par' dir='ltr' id='par_1_116' title="bbox 2157 5008 3734 5078">
     <span class='ocr_line' id='line_1_116' title="bbox 2157 5008 3734 5078; baseline -0.001 -17"><span class='ocrx_word' id='word_1_845' title='bbox 2157 5011 2211 5062; x_wconf 89' lang='lat' dir='ltr'><strong>ni</strong></span> <span class='ocrx_word' id='word_1_846' title='bbox 2243 5008 2498 5063; x_wconf 73' lang='lat' dir='ltr'><strong>Mauricii</strong></span> <span class='ocrx_word' id='word_1_847' title='bbox 2549 5009 2754 5078; x_wconf 85' lang='lat' dir='ltr'><strong>imperii</strong></span> <span class='ocrx_word' id='word_1_848' title='bbox 2791 5025 2931 5064; x_wconf 84' lang='lat' dir='ltr'><strong>anno</strong></span> <span class='ocrx_word' id='word_1_849' title='bbox 2968 5008 3136 5064; x_wconf 74' lang='lat' dir='ltr'><strong>tertio</strong></span> <span class='ocrx_word' id='word_1_850' title='bbox 3169 5008 3392 5074; x_wconf 75' lang='lat' dir='ltr'><strong>decimo,</strong></span> <span class='ocrx_word' id='word_1_851' title='bbox 3447 5009 3734 5064; x_wconf 79' lang='lat' dir='ltr'><strong>indictione</strong></span> 
     </span>
    </p>
   </div>
   <div class='ocr_carea' id='block_1_117' title="bbox 2163 5079 3734 5150">
    <p class='ocr_par' dir='ltr' id='par_1_117' title="bbox 2163 5079 3734 5150">
     <span class='ocr_line' id='line_1_117' title="bbox 2163 5079 3734 5150; baseline -0.001 -18"><span class='ocrx_word' id='word_1_852' title='bbox 2163 5080 2320 5150; x_wconf 75' lang='lat' dir='ltr'><strong>tertia</strong></span> <span class='ocrx_word' id='word_1_853' title='bbox 2344 5079 2566 5150; x_wconf 76' lang='lat' dir='ltr'><strong>decima,</strong></span> <span class='ocrx_word' id='word_1_854' title='bbox 2601 5081 2785 5150; x_wconf 83' lang='lat' dir='ltr'><strong>quinto</strong></span> <span class='ocrx_word' id='word_1_855' title='bbox 2809 5081 2895 5134; x_wconf 88' lang='lat' dir='ltr'><strong>die</strong></span> <span class='ocrx_word' id='word_1_856' title='bbox 2943 5083 3138 5135; x_wconf 85' lang='lat' dir='ltr'><strong>mensis</strong></span> <span class='ocrx_word' id='word_1_857' title='bbox 3177 5079 3334 5148; x_wconf 81' lang='lat' dir='ltr'><strong>Julii,</strong></span> <span class='ocrx_word' id='word_1_858' title='bbox 3371 5083 3424 5135; x_wconf 88' lang='lat' dir='ltr'><strong>id</strong></span> <span class='ocrx_word' id='word_1_859' title='bbox 3465 5088 3550 5135; x_wconf 87' lang='lat' dir='ltr'><strong>est</strong></span> <span class='ocrx_word' id='word_1_860' title='bbox 3595 5093 3734 5133; x_wconf 89' lang='lat' dir='ltr'><strong>anno</strong></span> 
     </span>
    </p>
   </div>
   <div class='ocr_carea' id='block_1_118' title="bbox 2164 5148 3735 5221">
    <p class='ocr_par' dir='ltr' id='par_1_118' title="bbox 2164 5148 3735 5221">
     <span class='ocr_line' id='line_1_118' title="bbox 2164 5148 3735 5221; baseline -0.001 -17"><span class='ocrx_word' id='word_1_861' title='bbox 2164 5148 2290 5213; x_wconf 75' lang='lat'><strong>595,</strong></span> <span class='ocrx_word' id='word_1_862' title='bbox 2319 5150 2415 5218; x_wconf 86' lang='lat' dir='ltr'><strong>qui</strong></span> <span class='ocrx_word' id='word_1_863' title='bbox 2447 5148 2698 5220; x_wconf 81' lang='lat' dir='ltr'><strong>GregOrii</strong></span> <span class='ocrx_word' id='word_1_864' title='bbox 2731 5151 2907 5221; x_wconf 89' lang='lat' dir='ltr'><strong>nostri</strong></span> <span class='ocrx_word' id='word_1_865' title='bbox 2938 5151 3336 5206; x_wconf 81' lang='lat' dir='ltr'><strong>absolutionem</strong></span> <span class='ocrx_word' id='word_1_866' title='bbox 3378 5151 3626 5221; x_wconf 78' lang='lat' dir='ltr'><strong>proxime</strong></span> <span class='ocrx_word' id='word_1_867' title='bbox 3655 5156 3735 5221; x_wconf 81' lang='lat' dir='ltr'><strong>est</strong></span> 
     </span>
    </p>
   </div>
   <div class='ocr_carea' id='block_1_119' title="bbox 2163 5218 3736 5290">
    <p class='ocr_par' dir='ltr' id='par_1_119' title="bbox 2163 5218 3736 5290">
     <span class='ocr_line' id='line_1_119' title="bbox 2163 5218 3736 5290; baseline -0.002 -16"><span class='ocrx_word' id='word_1_868' title='bbox 2163 5229 2530 5287; x_wconf 85' lang='lat' dir='ltr'><strong>consecutus;</strong></span> <span class='ocrx_word' id='word_1_869' title='bbox 2557 5218 3003 5290; x_wconf 77' lang='lat' dir='ltr'><strong>subscripserunt</strong></span> <span class='ocrx_word' id='word_1_870' title='bbox 3041 5221 3262 5276; x_wconf 88' lang='lat' dir='ltr'><strong>concilii</strong></span> <span class='ocrx_word' id='word_1_871' title='bbox 3310 5218 3460 5276; x_wconf 78' lang='lat' dir='ltr'><strong>Actis</strong></span> <span class='ocrx_word' id='word_1_872' title='bbox 3497 5218 3736 5290; x_wconf 88' lang='lat' dir='ltr'><strong>episcopi</strong></span> 
     </span>
    </p>
   </div>
   <div class='ocr_carea' id='block_1_120' title="bbox 2165 5289 3737 5362">
    <p class='ocr_par' dir='ltr' id='par_1_120' title="bbox 2165 5289 3737 5362">
     <span class='ocr_line' id='line_1_120' title="bbox 2165 5289 3737 5362; baseline -0.001 -18"><span class='ocrx_word' id='word_1_873' title='bbox 2165 5290 2355 5362; x_wconf 78' lang='lat' dir='ltr'><strong>viginti</strong></span> <span class='ocrx_word' id='word_1_874' title='bbox 2393 5300 2535 5362; x_wconf 69' lang='lat' dir='ltr'><strong>tres,</strong></span> <span class='ocrx_word' id='word_1_875' title='bbox 2577 5305 2655 5362; x_wconf 20' lang='lat' dir='ltr'><strong>ac,</strong></span> <span class='ocrx_word' id='word_1_876' title='bbox 2679 5289 2981 5362; x_wconf 77' lang='lat' dir='ltr'><strong>preSbyteri</strong></span> <span class='ocrx_word' id='word_1_877' title='bbox 3014 5300 3110 5345; x_wconf 89' lang='lat' dir='ltr'><strong>aut</strong></span> <span class='ocrx_word' id='word_1_878' title='bbox 3133 5291 3348 5362; x_wconf 88' lang='lat' dir='ltr'><strong>diaconi</strong></span> <span class='ocrx_word' id='word_1_879' title='bbox 3385 5289 3621 5348; x_wconf 66' lang='lat' dir='ltr'><strong>numero‘</strong></span> <span class='ocrx_word' id='word_1_880' title='bbox 3640 5289 3737 5362; x_wconf 84' lang='lat' dir='ltr'><strong>tri-</strong></span> 
     </span>
    </p>
   </div>
   <div class='ocr_carea' id='block_1_121' title="bbox 2169 5351 3738 5432">
    <p class='ocr_par' dir='ltr' id='par_1_121' title="bbox 2169 5351 3738 5432">
     <span class='ocr_line' id='line_1_121' title="bbox 2169 5351 3738 5432; baseline -0.002 -19"><span class='ocrx_word' id='word_1_881' title='bbox 2169 5351 2318 5430; x_wconf 64' lang='lat' dir='ltr'><strong>gin‘ta</strong></span> <span class='ocrx_word' id='word_1_882' title='bbox 2357 5370 2489 5416; x_wconf 84' lang='lat' dir='ltr'><strong>tres.</strong></span> <span class='ocrx_word' id='word_1_883' title='bbox 2517 5351 2580 5415; x_wconf 75' lang='lat' dir='ltr'><strong>In</strong></span> <span class='ocrx_word' id='word_1_884' title='bbox 2611 5351 2782 5417; x_wconf 67' lang='lat' dir='ltr'><strong>altera</strong></span> <span class='ocrx_word' id='word_1_885' title='bbox 2811 5351 2995 5415; x_wconf 74' lang='lat' dir='ltr'><strong>autem</strong></span> <span class='ocrx_word' id='word_1_886' title='bbox 3043 5361 3275 5432; x_wconf 67' lang='lat' dir='ltr'><strong>synodo.</strong></span> <span class='ocrx_word' id='word_1_887' title='bbox 3309 5377 3433 5432; x_wconf 55' lang='lat' dir='ltr'><strong>qua</strong></span> <span class='ocrx_word' id='word_1_888' title='bbox 3457 5363 3527 5416; x_wconf 88' lang='lat' dir='ltr'><strong>ab</strong></span> <span class='ocrx_word' id='word_1_889' title='bbox 3551 5359 3738 5432; x_wconf 79' lang='lat' dir='ltr'><strong>eodem</strong></span> 
     </span>
    </p>
   </div>
   <div class='ocr_carea' id='block_1_122' title="bbox 2170 5427 3738 5503">
    <p class='ocr_par' dir='ltr' id='par_1_122' title="bbox 2170 5427 3738 5503">
     <span class='ocr_line' id='line_1_122' title="bbox 2170 5427 3738 5503; baseline 0.005 -19"><span class='ocrx_word' id='word_1_890' title='bbox 2170 5427 2293 5503; x_wconf 79' lang='lat' dir='ltr'><strong>acta</strong></span> <span class='ocrx_word' id='word_1_891' title='bbox 2318 5440 2403 5503; x_wconf 84' lang='lat' dir='ltr'><strong>est</strong></span> <span class='ocrx_word' id='word_1_892' title='bbox 2441 5433 2707 5503; x_wconf 86' lang='lat' dir='ltr'><strong>sexennio</strong></span> <span class='ocrx_word' id='word_1_893' title='bbox 2751 5439 2876 5503; x_wconf 85' lang='lat' dir='ltr'><strong>post</strong></span> <span class='ocrx_word' id='word_1_894' title='bbox 2903 5427 3091 5503; x_wconf 74' lang='lat' dir='ltr'><strong>(apud&#39;</strong></span> <span class='ocrx_word' id='word_1_895' title='bbox 3115 5427 3285 5503; x_wconf 78' lang='lat' dir='ltr'><strong>llard.</strong></span> <span class='ocrx_word' id='word_1_896' title='bbox 3327 5427 3474 5503; x_wconf 64' lang='lat' dir='ltr'><strong>ibid.</strong></span> <span class='ocrx_word' id='word_1_897' title='bbox 3503 5445 3558 5503; x_wconf 71' lang='grc' dir='ltr'>ι).</span> <span class='ocrx_word' id='word_1_898' title='bbox 3593 5429 3738 5498; x_wconf 68' lang='grc'><strong>540).</strong></span> 
     </span>
    </p>
   </div>
   <div class='ocr_carea' id='block_1_123' title="bbox 2170 5501 3740 5572">
    <p class='ocr_par' dir='ltr' id='par_1_123' title="bbox 2170 5501 3740 5572">
     <span class='ocr_line' id='line_1_123' title="bbox 2170 5501 3740 5572; baseline -0.001 -16"><span class='ocrx_word' id='word_1_899' title='bbox 2170 5501 2570 5572; x_wconf 78' lang='lat' dir='ltr'><strong>subscripsisse</strong></span> <span class='ocrx_word' id='word_1_900' title='bbox 2613 5501 2830 5572; x_wconf 77' lang='lat' dir='ltr'><strong>reperio</strong></span> <span class='ocrx_word' id='word_1_901' title='bbox 2861 5502 3150 5572; x_wconf 86' lang='lat' dir='ltr'><strong>episcopos</strong></span> <span class='ocrx_word' id='word_1_902' title='bbox 3191 5502 3324 5557; x_wconf 87' lang='lat' dir='ltr'><strong>item</strong></span> <span class='ocrx_word' id='word_1_903' title='bbox 3371 5501 3564 5572; x_wconf 82' lang='lat' dir='ltr'><strong>viginti</strong></span> <span class='ocrx_word' id='word_1_904' title='bbox 3613 5509 3740 5564; x_wconf 57' lang='lat' dir='ltr'><strong>tres,</strong></span> 
     </span>
    </p>
   </div>
   <div class='ocr_carea' id='block_1_124' title="bbox 2171 5573 2800 5643">
    <p class='ocr_par' dir='ltr' id='par_1_124' title="bbox 2171 5573 2800 5643">
     <span class='ocr_line' id='line_1_124' title="bbox 2171 5573 2800 5643; baseline 0.006 -19"><span class='ocrx_word' id='word_1_905' title='bbox 2171 5575 2520 5643; x_wconf 79' lang='lat' dir='ltr'><strong>presbyteros</strong></span> <span class='ocrx_word' id='word_1_906' title='bbox 2543 5573 2800 5629; x_wconf 88' lang='lat' dir='ltr'><strong>sedecim.</strong></span> 
     </span>
    </p>
   </div>
   <div class='ocr_carea' id='block_1_125' title="bbox 2243 5642 3356 5717">
    <p class='ocr_par' dir='ltr' id='par_1_125' title="bbox 2243 5642 3356 5717">
     <span class='ocr_line' id='line_1_125' title="bbox 2243 5642 3356 5717; baseline 0.001 -20"><span class='ocrx_word' id='word_1_907' title='bbox 2243 5642 2358 5717; x_wconf 85' lang='lat'><strong>(88)</strong></span> <span class='ocrx_word' id='word_1_908' title='bbox 2389 5642 2525 5704; x_wconf 74' lang='lat' dir='ltr'><strong>Cod.</strong></span> <span class='ocrx_word' id='word_1_909' title='bbox 2553 5644 2608 5715; x_wconf 79' lang='grc'>1,</span> <span class='ocrx_word' id='word_1_910' title='bbox 2639 5643 2777 5716; x_wconf 74' lang='grc' dir='ltr'>μετὰ</span> <span class='ocrx_word' id='word_1_911' title='bbox 2805 5643 3010 5716; x_wconf 82' lang='grc' dir='ltr'>πολλῆς</span> <span class='ocrx_word' id='word_1_912' title='bbox 3033 5643 3356 5715; x_wconf 79' lang='grc' dir='ltr'>ἀσφαλείας.</span> 
     </span>
    </p>
   </div>
   <div class='ocr_carea' id='block_1_126' title="bbox 3703 5803 3776 5818">
    <p class='ocr_par' dir='ltr' id='par_1_126' title="bbox 3703 5803 3776 5818">
     <span class='ocr_line' id='line_1_126' title="bbox 3703 5803 3776 5818; baseline 0 0"><span class='ocrx_word' id='word_1_913' title='bbox 3703 5803 3776 5818; x_wconf 54' lang='grc' dir='ltr'><strong>ἰς</strong></span> 
     </span>
    </p>
   </div>
  </div>
