4104 6262
391 334 498 400 677

1377 335 1436 398 S.
1473 331 1852 396 GREGORII
1903 326 2422 390 AGRIGENTINI
2475 329 2672 390 VITA.

3541 331 3648 396 678

392 447 618 516 γνόντες
655 444 716 498 τὸ
751 443 854 500 ποῦ
882 440 950 518 ἦν
975 446 1004 498 ό
1025 444 1186 514 ἅγιος
1214 445 1540 517 Γρηγόριος,
1574 444 1814 514 ἀπῆλθον
1837 443 1973 512 πρὸς

2078 439 2300 494 advenae
2333 454 2456 494 eum
2491 440 2793 504 novissent,
2853 454 2962 510 quo
3007 439 3129 495 loco
3180 447 3408 495 sanctus
3445 437 3651 511 Grego-

391 537 559 592 ιιύτδν
589 538 648 591 ὲν
680 539 748 608 τῇ
776 536 992 606 φυλακῇ
1019 551 1034 566 ⁸
1081 533 1225 608 ἦσαν
1262 538 1318 591 δὲ
1361 539 1480 591 ἐκεῖ
1509 539 1603 592 καὶ
1629 539 1680 591 οἱ
1707 539 1977 606 τῆςἋνα-

391 628 552 700 τολῆς
581 627 874 682 ἐπίσκοποι
901 629 998 682 καὶ
1025 629 1056 682 ό
1089 627 1414 700 σπαθὰριος.
1451 630 1560 683 Καὶ
1591 627 1977 698 προσελθόντες

389 721 705 794 ἐκράτησαν
733 719 902 774 αὐτοῦ
928 719 1029 784 τὰς
1061 723 1250 790 χεῖρας
1289 721 1384 773 καὶ
1411 721 1538 783 τοὺς
1559 721 1728 781 πόδας
1759 717 1976 772 κλαίον-

389 829 485 876 τες
520 812 618 866 καὶ
655 811 936 880 λέγοντες·
967 809 1274 882 Εὐλογητὸς
1305 811 1336 864 ό
1360 809 1494 873 Θεὸς
1517 812 1546 863 ό
1575 809 1653 880 μὴ
1686 810 1974 880 συγχωρήο

393 919 495 966 σας
520 901 993 971 ἀπορφανισθῆναι
1018 901 1114 955 τοῦ
1139 901 1507 971 ¹Ιιγαπημένου
1533 902 1567 970 ἠ
1577 901 1694 970 μῶν
1724 900 1938 970 Πατρός
1957 915 1972 929 ο

392 991 476 1046 διὸ
509 994 669 1064 ἡμεῖς
699 991 900 1056 πάντες
934 993 1144 1063 ἕτοιμοι
1171 993 1310 1060 μετὰ
1333 993 1426 1048 σοῦ
1455 995 1566 1047 καὶ·
1589 995 1669 1056 εις
1711 991 1854 1062 ζωὴν
1882 993 1976 1046 καὶ

321 1089 325 1092 ’
389 1085 474 1148 εις
507 1074 768 1138 θάνατον·
813 1083 958 1154 ὑπὲρ
1003 1083 1098 1137 σοῦ
1126 1083 1188 1137 τὸ
1214 1079 1354 1154 αἷμα
1391 1085 1563 1155 ήμῶν
1585 1084 1852 1154 ὲκχέομεν
1879 1085 1974 1137 τοῦ

391 1173 845 1246 ὑπερμαχοῦντος
873 1175 1014 1244 ὑπὲρ
1025 1173 1409 1244 metuam;
1427 1175 1607 1245 μόνου.
1633 1174 1808 1238 Πολὺς
1841 1173 1975 1246 θρῆ-

388 1267 481 1331 νός
521 1268 670 1319 ἐστιν
698 1267 756 1318 ὲν
788 1267 862 1336 τῇ,
897 1265 1050 1319 πόλει
1091 1281 1205 1328 σου,
1244 1264 1446 1335 Πάτερ,
1478 1263 1609 1333 περὶ
1642 1262 1757 1316 σοῦ.
1789 1261 1976 1317 Ταῦτα

390 1357 486 1412 καὶ
507 1357 576 1410 τὰ
598 1355 824 1410 τοιαῦτα
855 1355 993 1425 μετὰ
1018 1353 1268 1424 δακρύων
1321 1355 1670 1424 ἀπεφήναντο
1690 1370 1704 1384 ·
1751 1353 1976 1408 ἀκούον-

387 1467 482 1514 τες
523 1449 582 1503 δὲ
628 1451 676 1502 oi
713 1448 1005 1502 ἐπίσκοποι
1057 1447 1152 1500 καὶ
1201 1449 1231 1500 ό
1277 1447 1596 1517 Μαρκιανὸς
1644 1446 1974 1520 δακρύοντες

387 1541 720 1613 ἐθαύμαζον.
751 1541 831 1611 Τῇ
860 1539 1094 1610 δευτέρα
1131 1537 1188 1592 δὲ
1229 1537 1519 1592 ἐκέλευσεν
1550 1538 1579 1591 ό
1619 1539 1810 1604 πόσιας
1838 1538 1976 1591 καθ-

388 1635 618 1706 εσθῆναι
639 1633 738 1704 τὴν
767 1630 987 1685 σύνοδον
1015 1632 1076 1684 ὲν
1103 1627 1182 1700 τῷ
1211 1629 1394 1700 μικρῷ
1417 1630 1780 1702 τριϐουναλίῳ
1813 1633 1872 1684 ὲν
1897 1627 1978 1702 τῷ

390 1727 508 1798 ναῷ
525 1726 622 1791 τοῦ
647 1725 804 1792 ἁγίου
832 1721 1156 1776 Ἱππολύτου
1191 1721 1423 1792 πλησίον
1453 1721 1550 1776 τοῦ
1569 1722 1967 1794 δεσμωτηρίου,

391 1819 523 1874 ἔνθα
555 1814 625 1890 ἦν
667 1817 697 1870 ὁ
728 1815 882 1884 ἅγιος
918 1813 1244 1886 Γρηγόριος.
1269 1813 1562 1882 ’Κατῆλθον
1597 1813 1655 1867 δὲ
1684 1813 1886 1878 πάντες
1921 1815 1972 1866 οἱ

391 1909 682 1963 ἐπίσκοποι
713 1905 831 1976 ἅμα
861 1903 939 1975 τῷ
973 1905 1136 1975 πὰπᾳ
1179 1903 1318 1973 μετὰ
1349 1904 1525 1975 λιτῆς,
1555 1900 1698 1975 ἦσαν
1735 1905 1844 1976 γὰρ
1880 1905 1970 1958 τὸν

392 1997 626 2070 ἀριθμὸν
648 1995 840 2050 ἑκατὸν
861 1995 1221 2064 πεντήκοντα,
1241 1995 1334 2049 καὶ
1355 1997 1404 2048 οἱ
1433 1996 1533 2066 τῆς
1565 1995 1852 2070 Ἀνατολῆς
1878 1995 1972 2049 καὶ

391 2089 422 2142 ὁ
477 2083 851 2158 χαρτοφύλαξ·
902 2082 1091 2138 λοιπὸν
1145 2084 1202 2138 δὲ
1246 2085 1341 2138 καὶ
1387 2085 1457 2138 τὰ
1491 2087 1832 2156 μοναστήρια
1873 2088 1974 2157 τῆς

402 2179 696 2249 Ῥωμαίων
757 2175 966 2238 πόλεως
1022 2175 1220 2242 πάντα,
1281 2176 1376 2230 καὶ
1425 2177 1488 2230 τὸ
1535 2179 1834 2249 ἱερατικὸν,
1877 2181 1972 2233 καὶ

391 2271 520 2333 λαὸς
569 2268 737 2334 πολὺς
789 2268 1018 2340 σφόδρα,
1053 2267 1195 2322 ὥστε
1243 2268 1319 2340 μὴ
1374 2271 1692 2343 χωρηθῆναι
1747 2273 1806 2328 ὲν
1857 2275 1973 2337 τοῖς

393 2363 601 2417 ἐκεῖσε.

466 2455 588 2508 ΟΓΞ.
617 2451 982 2516 ,Εἰσελθόντος
1031 2452 1090 2506 δὲ
1134 2453 1232 2506 καὶ
1280 2453 1830 2525 κατασφραγίσαντος
1876 2453 1972 2507 τοῦ

396 2547 577 2609 πάπα.
617 2543 1024 2620 ἐκαθέσθησανο
1079 2544 1176 2597 καὶ
1219 2544 1508 2600 ἐκέλευσεν
1562 2547 1970 2616 παραγενέσθαι

395 2639 523 2700 τοὺς
561 2633 906 2704 κατηγόρους
939 2632 1034 2686 τοῦ
1067 2633 1243 2702 ἁγίου,
1275 2635 1604 2706 Γρηγορεου.
1658 2637 1970 2706 Παραγενο-

400 2728 579 2798 μένων
609 2723 882 2779 δὲιαύτῶν
913 2723 1004 2777 τὸν
1035 2723 1270 2796 ἀριθμὸν
1298 2724 1493 2778 ἑκατὸν
1534 2726 1686 2793 δέκα,
1735 2727 1971 2800 ἔστησαν

398 2823 458 2873 ὲν
489 2818 717 2889 μεσόθεν
755 2819 856 2888 τῆς
898 2817 1060 2886 ἁγίας
1103 2816 1350 2870 συνόδου.
1382 2811 1491 2870 Ἦν
1521 2817 1579 2870 δὲ
1611 2821 1640 2870 ὁ
1671 2818 1917 2882 διάκονος
1944 2821 1972 2873 ό

401 2910 794 2981 πατριαρχικὺς
825 2910 858 2963 ὁ
887 2909 982 2964 καὶ
1021 2907 1698 2980 χαρτοφύλαξάποσώζων
1736 2911 1828 2965 τὸν
1873 2913 1974 2983 τῆς

403 3001 1026 3064 Κωνσταντινουπόλειυς
1088 2994 1532 3071 ἁρχιεπισκόπούς
1567 3000 1778 3072 θρόνον.
1826 3003 1978 3056 Ἐκέ-

399 3096 598 3149 λευσαν
618 3093 675 3149 δὲ
703 3093 1024 3168 ἀποστεῖλαι
1057 3092 1393 3154 ἐπισκόπους
1418 3095 1575 3162 ,τρεῖς
1612 3095 1708 3147 καὶ
1736 3093 1974 3166 πρεσϐυ-

397 3185 592 3256 τέρους
618 3185 780 3238 πέντε
813 3184 906 3236 καὶ
932 3182 1026 3246 τὸν
1049 3181 1226 3236 ἅϐὅᾶν
1263 3182 1491 3252 Μάρκον
1518 3181 1612 3236 τοῦ
1649 3183 1857 3253 ἀγάγαι
1884 3185 1976 3239 τὸν

399 3277 611 3331 δίκαιον
634 3275 770 3347 πρὸς
800 3274 995 3337 αὐτοὺς
1019 3275 1084 3326 ἐκ
1111 3273 1211 3344 τῆς
1236 3272 1506 3344 φυλακῆς.
1541 3276 1604 3328 οἱ
1626 3274 1682 3327 δὲ
1713 3275 1977 3332 ἀπελθόν-

399 3385 494 3432 τες
529 3363 688 3438 εὖρον
723 3364 885 3418 αὐτὸν
917 3361 1396 3432 ἀναγινώσκονταέ
1431 3359 1500 3433 ἦν
1533 3363 1644 3435 γὰρ
1686 3363 1804 3436 ὥρα
1853 3365 1976 3420 δευ-

401 3458 536 3530 τέρα
567 3457 671 3528 τῆς
695 3457 906 3528 ἡμέρας
928 3471 942 3487 ⁸
981 3459 1078 3510 καὶ
1105 3453 1521 3526 προσεκύνησαν
1551 3455 1742 3522 αὐτὸν,
1769 3457 1864 3512 καὶ
1889 3460 1978 3511 αὺ-

401 3551 492 3614 τὸς
525 3549 722 3614 αὐτούς
747 3566 762 3583 ⁸
789 3553 882 3604 καὶ
909 3547 1061 3603 εἷπον
1091 3549 1242 3620 αὐτῷ
1265 3566 1278 3580 '
1309 3551 1601 3616 Κέλευσον,
1633 3551 1836 3622 Πάτερ,
1867 3554 1980 3606 εἱσ-

403 3641 579 3696 ελθεῖν
629 3643 710 3705 εις
754 3641 853 3713 τὴν
894 3641 1054 3709 ἁγίαν
1085 3640 1323 3696 σύνοδον.
1352 3643 1514 3710 Λέγει
1554 3641 1704 3713 αὐτῷ
1749 3645 1780 3696 ό
1823 3641 1978 3712 ἅγιος

401 3734 668 3806 Μάρκος·
703 3732 928 3805 Χαὶροις
971 3735 1030 3786 ὲν
1071 3731 1280 3803 Κυρίῳ,
1319 3732 1548 3804 deamat,
1585 3753 1606 3784 ι
1645 3735 1852 3789 τύπτου
1883 3739 1979 3790 καὶ

403 3825 552 3888 νίκα,
583 3844 602 3876 ι
639 3825 715 3888 ὡς
744 3824 838 3878 καί
869 3839 971 3876 που
1002 3823 1137 3894 ἄλλῃ
1171 3824 1504 3894 γέγραπται.
1553 3823 1892 3890 Ἐξελθόντες
1919 3827 1978 3880 δὲ

403 3915 648 3988 ἀπῆλθον
677 3915 806 3968 ἔνθα
851 3911 918 3986 ἦν
951 3916 982 3986 ἡ
1020 3914 1235 3978 σύνοδος
1256 3930 1273 3947 ο
1309 3915 1404 3968 καὶ
1429 3915 1690 3970 εἰσελθὼν
1727 3919 1757 3970 ό
1797 3917 1978 3988 μακά-

410 4026 525 4079 ριος
557 4007 964 4080 προσεκύνησεν
995 4007 1192 4070 αὐτοὺς
1231 4007 1415 4078 τριτον
1459 4009 1552 4061 ἐπὶ
1594 4007 1852 4079 τὴν-γῆν,
1884 4011 1980 4064 καὶ

405 4099 648 4164 ἀναστὰς
678 4101 806 4169 ἔστη
849 4098 1160 4170 ἔμπροσθεν
1187 4099 1296 4153 τῶν
1324 4099 1662 4166 ἐπισκόπων,
1683 4093 1747 4154 ἒν
1777 4101 1980 4173 ἡσυχίᾳ

408 4191 504 4246 καὶ
533 4195 592 4246 ὲν
622 4191 774 4262 φόϐῳ
805 4191 986 4262 πολλῷ
1020 4193 1426 4265 παρισταμένου
1461 4193 1666 4258 αὐτοῖς.
1701 4195 1763 4247 Ol
1791 4195 1846 4247 δὲ
1879 4195 1980 4264 τῆς

421 4283 710 4353 Ἀνατολῆς
739 4282 1029 4336 ἐπίσκοποι
1057 4281 1154 4336 καὶ
1185 4282 1216 4334 ὀ
1239 4283 1617 4354 ἀρχιδιάκονος
1645 4285 1858 4356 ἐξέχεαν
1884 4286 1978 4340 δά-

410 4392 554 4445 κρυα
575 4370 744 4428 πολλὰ
766 4375 1002 4444 ὁρῶντες
1029 4376 1455 4444 παραστήκοντα
1479 4376 1572 4429 τὸν
1604 4377 1780 4444 ἂγιον.
1814 4377 1980 4448 Προσ-

2001 3138 2048 3196 G

2078 529 2198 586 rius
2225 539 2566 594 versaretur,
2591 544 2718 586 eum
2747 530 2802 586 in
2823 545 3096 587 carcerem
3125 539 3522 598 convenerunt,
3553 533 3652 588 ubi

2077 629 2129 674 et
2181 619 2424 678 Orientis
2452 622 2698 694 episcopi
2749 631 2803 677 et
2852 623 3170 692 spatbarius
3219 631 3357 678 erat.
3407 621 3652 694 lngressi

2064 725 2276 767 manus
2303 711 2426 782 ejus
2460 715 2735 782 pedesque
2755 713 3054 784 amplexari
3077 729 3141 769 ac
3163 713 3294 770 ﬂere
3336 723 3648 784 cmperunt,

2075 808 2196 857 tum
2250 802 2330 858 sic
2353 817 2478 856 eum
2510 801 2662 858 affari
2703 821 2718 859 :
2747 803 2891 860 Bene
2915 805 3022 860 Deo
3065 804 3338 871 dicamus,
3379 805 3469 876 qui
3502 804 3652 860 orbi-

2075 901 2240 950 tatem
2275 903 2520 950 nostram
2554 883 3280 962 miseratus,cbarissimum
3297 895 3516 950 Patrem
3545 909 3649 950 no-

2075 993 2248 1040 strum
2286 987 2546 1040 servavit.
2579 983 2697 1041 Tua
2743 1002 2842 1043 nos
2879 1001 3046 1042 causa
3085 987 3142 1041 in
3186 987 3352 1041 vitam
3384 993 3650 1041 mortem-

2075 1093 2184 1148 que
2207 1078 2385 1148 parati
2407 1091 2586 1134 tecum
2612 1093 2824 1144 smnus,
2856 1094 2956 1150 pro
2988 1085 3041 1134 te
3067 1079 3390 1150 sanguinem
3415 1077 3650 1132 effundi-

2075 1181 2198 1222 mus
2231 1175 2506 1232 nostrum,
2561 1169 2655 1238 qui
2689 1169 2841 1224 solus
2875 1183 2973 1239 pro
3017 1170 3244 1223 veritate
3279 1169 3527 1223 dimicas.
3555 1165 3652 1222 Est

2078 1271 2208 1314 vero
2246 1259 2492 1332 [uurx]
2524 1259 2578 1314 in
2631 1259 2771 1314 urbe
2795 1275 3018 1330 quoque
3061 1269 3181 1326 tua,
3208 1261 3388 1328 Pater,
3419 1276 3650 1329 magnus

2073 1351 2146 1404 ob
2185 1358 2236 1404 te
2265 1351 2466 1404 luctus.
2493 1348 2619 1405 Haec
2648 1350 2725 1404 illi
2749 1359 2802 1404 et
2833 1351 3032 1404 similia
3067 1365 3190 1405 cum
3215 1351 3472 1420 laerymis
3497 1363 3650 1406 retu-

2075 1440 2259 1496 lerunt
2305 1459 2319 1494 :
2371 1457 2494 1510 quae
2532 1441 2778 1511 episeOpi
2828 1451 2882 1496 et
2921 1439 3233 1497 Marcianus
3277 1442 3562 1496 audientes
3595 1453 3650 1496 et

2073 1531 2276 1588 ﬂebant
2299 1525 2353 1588 et
2380 1533 2744 1590 mirabantur.
2772 1533 2842 1590 Ut
2870 1548 3002 1588 vero
3035 1534 3274 1589 indictus
3308 1533 3650 1600 illuxitdies,

2075 1623 2316 1693 pontifex
2369 1626 2646 1680 maximus
2691 1627 2962 1697 synodum
3015 1627 3082 1680 ad
3128 1627 3370 1681 tribunal
3420 1641 3648 1696 parvum

2077 1713 2191 1785 (89)
2241 1714 2295 1768 in
2355 1717 2530 1769 sancti
2575 1713 2848 1786 Hippolyti
2904 1719 3167 1786 templum
3214 1717 3452 1780 vocarit,
3503 1717 3652 1787 quod

2006 1785 2049 1842 Β
2084 1806 2298 1862 carceri
2333 1808 2640 1878 proximum
2685 1817 2824 1875 erat,
2863 1808 2915 1864 in
2949 1825 3058 1879 quo
3096 1817 3323 1866 sanctus
3355 1808 3652 1881 Gregorius
3689 1845 3693 1848 -

2079 1896 2328 1968 degebat.
2375 1897 2784 1968 Supplicatione
2833 1909 3016 1955 autem
3069 1899 3316 1956 instituta
3346 1915 3654 1956 convenere

2078 2004 2204 2044 cum
2235 1989 2494 2059 pontiﬁce
2519 1990 2758 2044 maximo
2787 2004 2978 2044 omnes
3003 1989 3244 2060 episcopi
3266 2005 3492 2045 numero
3522 2005 3652 2045 cen-

2078 2087 2196 2134 tum
2229 2081 2649 2151 quinquaginta,
2689 2096 2926 2152 cumque
2949 2081 3043 2136 bis
3062 2081 3299 2152 episcopi
3330 2081 3572 2138 Orientis
3599 2093 3654 2140 ct

2083 2173 2500 2244 chartopbylax,
2534 2183 2696 2245 atque
2733 2173 2880 2230 urbis
2909 2175 3072 2228 etiam
3110 2175 3441 2231 monasteria
3471 2177 3654 2230 omnia

2078 2274 2131 2317 et
2161 2265 2296 2318 ordo
2339 2265 2714 2331 sacerdotum,
2761 2280 2825 2320 ac
2865 2265 3031 2322 multi
3059 2267 3222 2323 etiam
3269 2282 3300 2320 e
3326 2267 3549 2338 papulo,
3594 2275 3654 2321 ut

2077 2369 2174 2410 eos
2199 2355 2352 2411 locus
2379 2356 2471 2411 ille
2499 2371 2610 2412 non
2643 2366 2880 2428 caperet.
2909 2361 2916 2366 '

2150 2445 2384 2503 LXXIII.
2419 2447 2714 2518 Postquam
2765 2447 3010 2518 pontifex
3053 2438 3328 2506 maiimus
3355 2451 3654 2520 ingressus

2078 2537 2305 2594 salutari
2351 2553 2447 2597 eos
2498 2539 2658 2610 signo
2703 2538 2978 2610 lustravit,
3023 2540 3340 2595 consedere.
3389 2539 3481 2595 llle
3524 2556 3656 2597 vero

2079 2629 2256 2684 sancti
2297 2628 2548 2701 Gregorii
2609 2640 2960 2687 accusatores
3006 2631 3496 2704 introduci‘jussit
3545 2649 3653 2688 nu-

2079 2737 2232 2776 mero
2271 2733 2490 2777 centum
2513 2731 2570 2777 et
2596 2723 2782 2779 dece‘m
2817 2741 2831 2778 :
2870 2723 3044 2794 quiin
3069 2725 3246 2780 medio
3281 2737 3483 2782 sancta:
3512 2745 3646 2800 syn-

2078 2814 2166 2869 odi
2226 2815 2612 2870 constiterunt.
2690 2805 2928 2872 Diacono
3000 2827 3209 2872 autem.
3245 2817 3656 2892 citartOplnylaci

2079 2906 2236 2962 sedes
2285 2907 2680 2977 archiepiscopi
2727 2907 3328 2978 Constantinopolitani
3390 2913 3655 2971 attributa

2079 2993 2279 3059 fuerat,
2315 2996 2474 3066 cujus
2504 2997 2686 3052 locum
2716 2999 2956 3054 tenebat.
2985 2998 3194 3056 Exinde
3228 3003 3512 3074 episcopos
3542 3015 3656 3062 tres

2079 3105 2146 3146 ac
2179 3091 2528 3162 presbyteros
2558 3094 2804 3164 quinque
2833 3109 2959 3148 cum
2991 3093 3175 3152 Marco
3200 3097 3397 3153 abbate
3433 3101 3654 3156 mitten-

2077 3184 2178 3239 dos
2207 3171 2562 3246 censuerunt,
2593 3185 2688 3254 qui
2737 3195 2988 3241 sanctum
3032 3189 3210 3244 virum
3243 3206 3274 3244 e
3305 3206 3528 3248 carcere
3555 3193 3656 3248 ad-

2077 3275 2358 3330 ducerent.
2411 3274 2674 3341 Quicum
2729 3290 2796 3338 eo
2847 3276 3075 3346 profecti
3125 3291 3329 3349 essent,
3387 3283 3653 3353 legentem

2075 3366 2424 3422 invenerunt.
2487 3365 2618 3422 Erat
2663 3367 2808 3422 enim
2871 3370 3005 3424 bora
3055 3370 3163 3426 diei
3211 3375 3475 3430 secunda.
3523 3375 3655 3433 Post

2077 3471 2270 3515 mutua
2305 3458 2505 3524 otIlcia,
2537 3461 2618 3516 sie
2666 3475 2790 3516 eum
2841 3461 3200 3532 alloquuntur
3233 3483 3248 3520 :
3297 3467 3378 3522 Ad
3407 3477 3654 3524 sanctam

2076 3550 2346 3621 synodum
2387 3551 2666 3618 accedere,
2701 3549 2887 3635 Pater,
2925 3569 2994 3610 ne
3040 3557 3297 3625 graveris.
3333 3558 3654 3631 Adjecitque

2078 3651 2303 3698 sanctus
2333 3641 2552 3699 Marcus
2587 3662 2602 3698 :
2633 3641 2794 3701 Salve
2823 3645 2932 3702 Deo
2955 3647 3208 3716 propitio,
3242 3649 3465 3714 athleta,
3501 3670 3524 3704 ι
3554 3667 3656 3708 va-

2078 3733 2207 3804 pula
2232 3741 2288 3789 et
2317 3734 2476 3789 vince
2510 3733 2644 3805 (90),
2673 3753 2692 3788 ι
2721 3721 2908 3806 utjam
2933 3737 3069 3792 alias
3099 3739 3362 3807 scriptum
3393 3751 3492 3797 est.
3525 3741 3653 3802 Inde

2078 3832 2207 3877 vero
2237 3823 2535 3894 egressi'ad
2563 3825 2831 3894 synodum
2863 3827 3087 3882 veniunt
3125 3845 3139 3882 :
3169 3844 3278 3900 quo
3312 3830 3656 3890 introductus

2078 3913 2270 3970 beatus
2317 3913 2401 3968 vir
2433 3923 2518 3969 ter
2569 3930 2760 3970 omnes
2815 3916 2880 3971 ad
2913 3925 3114 3972 terram
3167 3935 3341 3990 usque
3382 3923 3650 3989 adoravit,

2079 4013 2196 4059 tum
2258 4019 2490 4076 surgens
2538 4018 2722 4060 coram
2774 4009 3048 4078 episcopis
3097 4012 3362 4077 constitit,
3405 4025 3652 4084 pacatum

2080 4096 2350 4150 animum'
2375 4112 2438 4152 ac
2483 4089 2820 4154 reverentem
2853 4115 2962 4170 prae
2983 4117 3042 4157 se
3073 4101 3275 4160 ferens.
3307 4105 3375 4160 At
3419 4103 3657 4166 Orientis

2078 4183 2327 4259 episcopi
2374 4199 2428 4244 et
2466 4189 2892 4264 archidiaconus
2945 4193 3176 4248 ubertim
3217 4193 3452 4264 ﬂebant,
3505 4201 3652 4270 quod

2080 4289 2334 4336 sanctum
2383 4281 2564 4336 virum
2619 4290 2854 4338 stantem
2897 4285 3161 4340 viderent.
3194 4285 3493 4358 Appellatis
3521 4307 3653 4350 vero

2081 4373 2364 4444 sacrilegis
2413 4375 2546 4429 viris
2597 4373 2803 4430 Sabino
2848 4385 2902 4430 et
2949 4375 3324 4444 Crescentino,
3372 4381 3452 4436 sic
3481 4397 3577 4439 eos
3621 4399 3655 4439 e

409 4452 783 4537 καλεσάμενος
812 4467 868 4520 δὲ
893 4465 1295 4536 τοὺςοὰνιέρους
1326 4465 1550 4520 Σαϐῖνον
1581 4463 1674 4520 καὶ
1705 4469 1978 4540 Κρησκεν-

2089 4465 2290 4520 throno
2319 4481 2419 4522 suo
2451 4465 2694 4536 pontifex
2731 4467 3027 4524 maximus
3055 4477 3212 4540 rogat
3239 4489 3254 4527 :
3289 4471 3546 4537 Quaenam
3577 4484 3663 4531 est

483 4691 606 4763 (89),
633 4693 764 4747 Erat
792 4691 1010 4760 quidem
1067 4692 1252 4746 Romae
1301 4691 1452 4763 locus
1487 4691 1746 4763 Tribuuial
1779 4693 1981 4760 dictus,

411 4761 582 4834 quem
598 4762 994 4832 Philostorgins
1027 4761 1464 4844 memorans~(ﬂ.
1495 4762 1648 4822 each,
1681 4762 1716 4816 Ι.
1745 4777 1821 4828 τι,
1852 4779 1899 4818 c.
1927 4763 1983 4836 3)

413 4833 604 4887 codem
650 4833 812 4885 modo
848 4832 1126 4901 appellat:
1191 4832 1278 4901 Ἐν
1300 4848 1378 4901 τῳ
1422 4831 1704 4900 λεγομένῳ
1755 4832 1986 4901 Τριϐου-

413 4849 604 4887 coaem
650 4849 812 4885 πηοαο
848 4849 1126 4901 appellat:
1195 4849 1278 4883 ιν
1300 4849 1378 4901 τῳ
1422 4849 1704 4900 Αεγομενῳ
1756 4849 1784 4886 't
1801 4849 1982 4914 ριυου-

413 4903 641 4972 ναλίῳξλ
679 4903 747 4972 de
801 4917 941 4972 quo,
972 4901 1148 4972 multa
1207 4899 1458 4958 Valesius
1511 4901 1580 4956 ad
1635 4901 1982 4956 Amtntanum

413 4973 492 5042 (p.
526 4968 676 5042 διε).
703 4968 905 5025 .Verum
931 4971 1020 5025 hic
1052 4985 1361 5042 sermonem
1391 4987 1512 5026 esse
1545 4979 1678 5039 puto
1711 4972 1778 5025 de
1801 4972 1986 5040 templi

411 5040 594 5112 parte,
625 5040 789 5112 quam
841 5049 896 5112 et
937 5040 1176 5112 absidem
1207 5040 1495 5112 vocabant,
1547 5043 1598 5094 in
1649 5055 1756 5112 qua
1794 5056 1989 5112 nempe

419 5109 658 5165 tribunal
706 5110 980 5179 pontiﬁcis
1029 5109 1250 5164 marimi
1284 5117 1546 5176 exstaret,
1583 5117 1644 5164 ut
1675 5110 1863 5166 Romae
1890 5109 1989 5166 ad-

415 5181 529 5237 huc
546 5179 786 5250 antiquis
815 5180 1142 5250 quibusdam
1171 5181 1224 5250 in
1277 5179 1490 5246 templis
1518 5179 1704 5234 videre
1731 5179 1858 5250 licet
1877 5197 1903 5250 γε
1935 5189 1992 5235 et

415 5251 546 5320 quia
573 5248 696 5306 aliis
719 5248 772 5302 in
797 5248 1012 5320 templis
1041 5249 1421 5320 amplioremt
1444 5263 1763 5320 consessus,
1783 5249 1989 5320 idcirco

415 5317 660 5374 tribunal
683 5320 787 5374 hoc
813 5335 843 5374 a
875 5317 1102 5374 Leontio
1131 5317 1326 5388 μικρόν
1352 5332 1473 5373 esse
1497 5318 1726 5375 dictant.
1754 5319 1824 5374 At
1855 5319 1986 5378 illud

415 5389 732 5454 obscurius,
772 5387 1000 5443 ubinam
1029 5389 1086 5442 S.
1133 5387 1405 5458 Hippolyti
1428 5389 1702 5458 templum
1736 5399 1898 5454 esset,
1933 5389 1987 5444 in

416 5458 563 5530 quod
601 5460 854 5530 synodus
888 5455 1218 5530 convenisse
1240 5455 1596 5530 perhibetur.
1641 5455 1775 5514 Nam
1816 5458 1884 5514 de
1923 5473 1977 5514 et

417 5525 566 5598 loqui
597 5525 907 5593 Leontium,
936 5529 1080 5598 quod
1123 5529 1176 5582 in‘
1218 5525 1413 5596 campo
1455 5525 1670 5598 Vera-io
1706 5537 1844 5591 erat,
1873 5541 1927 5583 et
1956 5544 1987 5582 a

414 5597 1005 5668 frudentioiversibus
1056 5598 1391 5653 celebratum
1426 5605 1508 5668 est
1556 5597 1882 5668 (I’eristeph.
1932 5598 1986 5652 in

415 5666 574 5740 Pass.
611 5666 669 5723 S.
704 5667 968 5740 Hippol.),
999 5669 1224 5724 omnino
1251 5667 1461 5722 admitti
1497 5666 1812 5740 nonidebct'.
1841 5667 1987 5740 Cum

417 5739 576 5796 cnim‘
600 5747 753 5796 extra
776 5738 984 5796 ‘urlmm
1019 5747 1186 5803 esset,
1218 5752 1281 5794 ac
1315 5753 1480 5810 prope
1525 5738 1788 5810 insignem
1839 5738 1986 5792 illam

2087 4693 2145 4752 S.
2173 4693 2451 4750 Laurentii
2497 4694 2691 4757 aedem,
2732 4694 2936 4748 ibidem
2981 4705 3036 4750 et
3066 4709 3338 4750 carcerem
3375 4697 3544 4752 fuisse
3575 4699 3658 4752 l'a-

2087 4764 2308 4833 tendum
2335 4773 2501 4827 esset,
2538 4779 2696 4833 quem
2729 4771 2881 4818 extra
2918 4766 3104 4818 urbem
3139 4763 3312 4833 fuisse
3353 4781 3514 4822 nemo
3546 4785 3662 4823 crc-

2084 4833 2191 4900 dct.
2229 4831 2348 4888 Fuit
2400 4831 2580 4886 tamen
2635 4833 2929 4900 aliquando
2976 4835 3115 4888 intra
3147 4831 3334 4890 urbem
3381 4839 3522 4892 aedes
3553 4839 3658 4895 alia

2087 4899 2148 4974 _S_.
2177 4902 2468 4974 Hippolyto
2483 4917 2641 4974 sacra
2665 4899 2769 4958 sub
2807 4903 3074 4970 Quirinali
3107 4920 3275 4974 prope
3295 4905 3656 4962 Alumnornm

2086 4970 2783 5043 Maronitarumudomum,
2809 4989 2986 5043 quam
3044 4970 3381 5029 anno'1587
3422 4977 3658 5032 dirutam

2086 5054 2210 5096 esse
2254 5041 2445 5097 scribit
2485 5039 2873 5111 Marangonius
2925 5043 3082 5108 (delle
3135 5043 3268 5099 Coae
3311 5044 3504 5100 Gentii.
3550 5059 3662 5100 tra-

2089 5120 2254 5195 sgort.
2305 5111 2374 5195 at!
2419 5125 2730 5195 tremuere,
3007 5115 3245 5195 p.443):
3291 5117 3554 5171 Caeterum
3597 5119 3662 5172 de

2089 5180 2242 5253 illius
2267 5180 2758 5253 aedisantiquitate
2779 5183 2912 5237 nihil
2949 5180 3082 5238 mihi
3119 5180 3456 5253 exploratum
3486 5195 3589 5241 est.

2162 5249 2275 5320 (90)
2299 5246 2463 5320 ynde
2493 5246 2600 5320 hoc
2642 5250 2848 5308 (licium
2885 5253 3129 5308 hauserit
3161 5246 3396 5320 llarcus,
3430 5272 3539 5310 non
3575 5273 3662 5311 re-

2089 5317 2264 5400 perio.
2297 5317 2554 5401 Fortasse
2585 5318 2764 5375 locum
2812 5321 2964 5376 illum
2995 5323 3117 5378 libri
3151 5317 3442 5406 Sapientiae
3463 5331 3542 5406 (κ,
3573 5326 3662 5391 12)

2089 5389 2334 5444 Indicare
2355 5389 2527 5444 voluit
2557 5407 2570 5444 :
2603 5390 2881 5446 Certamen
2909 5394 3045 5460 forte
3071 5394 3212 5447 dedit
3265 5395 3368 5458 illi,
3409 5405 3466 5446 ut
3490 5409 3663 5448 vnn-c-

2089 5466 2193 5532 ret,
2217 5460 2472 5532 etsciret,
2503 5461 2754 5532 qaoniam
2785 5463 3019 5515 omnium
3044 5463 3311 5532 potentior
3348 5475 3424 5517 est
3453 5463 3664 5530 sapien-

2091 5529 2189 5614 tia.
2227 5528 2764 5614 lllappim'fot‘mula
2803 5532 2879 5594 ὡς
2907 5531 3002 5614 καί
3029 5528 3292 5614 sonam.“
3322 5528 3654 5614 γέγραπται.

2093 5598 2345 5678 usurpari
2384 5597 2496 5681 fere
2533 5599 2704 5681 solet,
2737 5615 2860 5656 cum
2912 5603 3066 5656 locus
3100 5597 3298 5684 aliquis
3333 5597 3654 5682 'di‘vinarum
3718 5629 3723 5636 ·

2092 5665 2420 5724 Litterarum
2451 5668 2809 5730 signiﬁcatur.
2837 5672 2980 5730 quod
3013 5669 3235 5726 Leontio
3265 5671 3366 5730 iDSl
3393 5671 3658 5729 familiare

2093 5685 2420 5724 Litterarum
2451 5685 2809 5740 signmcatur,
2837 5685 2980 5742 quod
3013 5685 3235 5726 Leontio
3265 5687 3318 5741 np

2093 5751 2234 5806 esse,
2266 5739 2517 5810 superius
2543 5739 2798 5798 vidimus.
