4104 6262
463 345 569 406 G79

1445 339 1508 398 s.
1541 337 1917 399 GREGORII
1949 337 2462 401 AGRIGENTINI
2527 323 2726 402 'vm.

3613 343 3726 408 θεῖ)

465 450 798 518 criminatio,
822 463 985 520 quam
1023 455 1214 504 contra
1255 445 1574 516 episcopum
1609 455 1849 501 vestrum
1889 443 2047 500 alier-

2160 449 2295 500 εῖνον
2321 446 2414 500 καὶ
2446 445 2572 509 τοὺς
2601 444 2732 516 περὶ
2759 443 2978 509 αὐτοὺς,
3011 443 3159 513 λέγει
3185 441 3216 496 ὁ
3242 444 3333 499 τὸν
3363 444 3725 504 ἀποστολικὸν

466 544 586 600 tis?
629 543 729 597 Cui
786 539 1032 609 sacrilegi
1086 539 1164 592 illi
1208 538 1665 608 responderunt:
1717 535 1896 602 Ilu'nc,
1944 536 2046 590 do-

465 637 634 701 mine,
686 649 811 688 cuni
863 633 1042 702 puella
1092 631 1544 684 conenmbenlem
1575 629 1912 684 invenimus.
1953 626 2048 682 lllc

465 742 687 784 rursum
729 745 744 779 :
781 723 958 779 Vosne
1009 725 1186 792 ipsum
1242 722 1474 785 vidistis,
1527 736 1594 774 an
1655 721 1833 790 puella
1891 719 2048 775 vobis

466 817 775 874 nuntiavit?
827 815 893 868 lli
923 829 1054 868 vero
1087 812 1306 882 majore.
1345 811 1683 880 impudentia
1717 813 2049 881 responden-

470 919 554 962 tes
586 929 598 962 :
633 905 750 978 [xc]
777 903 1039 978 Ingressi,
1065 901 1340 972 inquiunt,
1368 901 1610 964 domine,
1642 910 1702 954 ut
1723 908 2046 974 consuetum

469 998 546 1052 illi
587 977 849 1052 honorem
905 995 1252 1058 haberemus,
1287 993 1465 1067 ipsum
1499 1001 1554 1047 et
1589 993 1825 1062 puellam
1867 993 1924 1046 in
1957 1007 2050 1047 eo-

472 1091 593 1146 dem
626 1089 882 1144 cubicqu
915 1087 1254 1140 dormientes
1287 1085 1400 1155 (9i)
1439 1085 1784 1152 invenimus;
1817 1097 2050 1154 cumquo

469 1183 706 1252 puellam
743 1177 1320 1249 apprehendissennis,
1355 1177 1468 1230 hinc
1491 1191 1680 1230 verum
1718 1175 1878 1232 nobis
1905 1173 2048 1230 fassa

470 1282 572 1334 est,
625 1287 690 1325 ae
739 1271 885 1324 vetiti
938 1269 1267 1324 concubitus
1321 1268 1526 1322 crimen
1572 1267 1920 1322 confessione
1951 1281 2050 1322 sua

473 1378 656 1416 coram
691 1342 868 1430 legan
901 1369 992 1413 tuo
1023 1368 1072 1413 et
1109 1355 1378 1426 frequenti
1417 1355 1618 1426 populo
1661 1353 2048 1410 conﬁrmavit:

473 1454 770 1520 eademque
813 1450 884 1502 oh
919 1436 1224 1502 admissum
1261 1446 1442 1502 scelus
1473 1447 1542 1499 ab
1589 1439 1656 1499 eo
1684 1445 1774 1498 die
1816 1445 1883 1500 ad
1916 1445 2054 1498 hanc

472 1545 614 1598 diem
641 1543 694 1596 in
717 1541 980 1596 damonis
1007 1539 1284 1609 mancipio
1305 1547 1410 1593 est.
1437 1537 1574 1594 Tum
1601 1536 1843 1606 episcopi
1864 1537 2054 1602 Orienr

475 1640 545 1692 tis
573 1637 722 1706 ipsos
751 1636 1118 1704 interpellant,
1157 1642 1212 1688 et
1244 1633 1444 1686 Protus
1478 1635 1799 1704 Ancyranns
1832 1630 1942 1700 (92)
1975 1630 2054 1686 sic

473 1730 772 1798 interrogat
802 1747 814 1780 :
857 1729 901 1780 υ
931 1725 1145 1780 scelesti
1194 1723 1413 1793 Deoque
1440 1722 1599 1776 exosi.
1623 1719 1776 1775 Iuda:
1816 1720 2055 1774 imitato-

2147 537 2364 607 ἐπέχων
2397 535 2616 607 θρόνον·
2665 535 2764 599 Τίς
2795 537 2828 606 ἡ
2862 537 3186 606 κατηγορία,
3235 538 3302 607 ἢν
3329 542 3536 592 ποιεῖτε
3578 544 3724 596 κατὰ

2145 629 2241 682 τοῦ
2295 629 2595 688 ἐπισκόπου
2635 629 2827 699 ύμῶν;
2867 629 2929 681 Οί
2973 628 3032 682 δὲ
3069 628 3278 698 ἀνίεροι
3317 632 3721 704 ἀπεκρίθησαν,

2147 721 2401 790 λέγοντες
2422 739 2435 753 ·
2471 723 2738 786 Δέσποτα,
2769 721 3004 791 εὕρομεν
3034 722 3198 775 αὐτὸν
3245 726 3382 795 μετὰ
3413 726 3514 796 τῆς
3555 728 3724 798 κόρης

2151 813 2562 882 συγγινόμενόν.
2583 813 2747 878 Λέγει
2771 813 2956 876 αὐτοῖς
2977 829 2992 844 ο
3039 813 3228 881 Ὑμεῖς
3261 817 3423 869 αὐτὸν
3441 806 3444 810 ’
3461 817 3650 882 εἴδετε,
3685 819 3720 889 ἢ

2148 905 2182 974 ἡ
2226 903 2362 973 κόρη
2387 904 2518 972 ὑμῖν
2544 903 2838 974 ὲλάλησεν;
2871 905 2934 956 0i
2965 903 3021 957 δὲ
3051 905 3213 958 πάλιν
3239 907 3727 978 ἀναισχυντοῦντες

2150 989 2302 1047 εἷπον
2329 1010 2342 1022 ·
2391 993 2769 1064 Εἰσήλθομεν,
2829 995 3083 1061 δέσποτα,
3149 999 3292 1052 κατὰ
3352 999 3453 1070 τὴν
3517 997 3724 1071 συνήθη

2149 1084 2522 1155 προσκύνησιν
2557 1085 2694 1157 πρὸς
2725 1085 2906 1151 αὐτὸν,
2936 1088 3030 1140 καὶ
3071 1088 3306 1158 εὕρομεν
3335 1091 3494 1142 αὐτὸν
3530 1091 3628 1144 σὺν
3649 1093 3722 1164 τῇ

2153 1176 2290 1248 κόρῃ
2315 1179 2702 1246 κοιμωμένους
2728 1179 2786 1230 ὲν
2810 1177 2888 1249 τῷ
2913 1179 3133 1232 κοιτῶνι
3163 1179 3336 1232 αὑτοῦ
3354 1196 3368 1211 ·
3393 1181 3496 1233 καῖ
3515 1184 3726 1254 κρατή-

2153 1284 2348 1330 σαντες
2375 1269 2545 1337 αὐτὴν
2573 1269 2910 1339 όμολόγησεν
2943 1271 3074 1340 ἡμῖν
3105 1271 3166 1324 τὸ
3191 1271 3410 1342 ἀληθὲς,
3449 1275 3727 1343 ποιήσασα

2154 1359 2553 1428 συγκατάθεσιν
2577 1361 2676 1430 τῆς
2707 1363 3026 1432 παρανόμου
3055 1362 3236 1415 αὐτῶν
3265 1363 3483 1432 μίξεως,
3510 1363 3602 1416 ἐπὶ
3630 1365 3726 1418 τοῦ

2151 1450 2384 1523 ἐξάρχου
2417 1453 2510 1506 καὶ
2541 1451 2687 1505 λαῶν
2721 1452 2930 1506 πολλῶν
2958 1471 2972 1485 ·
3014 1455 3110 1506 καὶ
3143 1453 3233 1506 διὰ
3273 1455 3372 1526 τὴν
3411 1455 3730 1526 παράνομον

2153 1543 2321 1612 αὐτῆς
2353 1543 2552 1614 πρᾶξιν
2573 1545 2639 1596 ὲκ
2666 1543 2788 1596 τότε
2813 1544 2907 1598 καὶ
2928 1541 3022 1596 νῦν
3051 1543 3158 1598 ὑπὸ
3185 1544 3439 1614 δαίμονος
3473 1541 3730 1616 έκυριεύ-

2156 1634 2246 1704 θη.
2292 1635 2560 1704 Λέγουσιν
2613 1634 2797 1698 αὐτοῖς
2847 1635 2896 1687 οί
2937 1635 3036 1702 τῆς
3079 1635 3370 1705 Ἀνατολῆς
3415 1637 3727 1699 ἐπίσκοποι,

2159 1727 2382 1796 Πρῶτος
2403 1729 2436 1802 ⁴ὁ
2462 1727 2563 1796 τῆς
2593 1725 2864 1797 ’Δγκύρας
2885 1744 2899 1759 ·
2931 1725 3245 1797 Παρᾶνομοι
3275 1726 3367 1780 καὶ
3397 1726 3734 1796 θεοκατὰρα-

473 1837 586 1883 res,
622 1820 747 1874 idne
809 1818 1015 1873 crimen
1068 1815 1274 1868 malitia
1308 1823 1490 1868 vestra
1534 1811 1819 1876 conﬁnxit,
1852 1826 1924 1866 an
1953 1810 2053 1864 viri

2160 1835 2258 1884 τοι,
2289 1820 2338 1871 oi
2383 1818 2672 1872 Ἰουδαϊκόν
2705 1817 2920 1887 ἔχοντες
2950 1817 3204 1888 φρόνημα
3228 1833 3242 1848 '
3291 1819 3326 1888 ἡ
3368 1817 3522 1888 ὑμῶν
3551 1835 3732 1888 παρα·

475 1912 644 1978 huius
692 1909 826 1979 justi
884 1909 1060 1976 pietas
1099 1905 1358 1960 admisit?
1401 1905 1610 1962 .Contra
1643 1903 1892 1972 sacrilegi
1933 1900 2049 1957 illi:

477 2001 734 2066 Omnino,
767 1999 1036 2068 inquiunt,
1071 1997 1328 2066 puellam,
1357 2010 1388 2048 ο
1425 1993 1652 2060 domini,
1703 1993 1758 2047 in
1814 1991 2055 2047 medium

477 2093 776 2164 producite,
809 2099 1082 2158 utcunque
1129 2103 1190 2140 ea
1241 2088 1385 2142 labet
1419 2102 1483 2140 ac
1534 2100 1757 2154 spumas
1801 2092 1944 2154 agat,
1995 2093 2054 2140 ut

480 2184 636 2240 vobis
671 2181 984 2236 videntibus
1034 2179 1199 2233 istum
1235 2186 1518 2248 coarguat.
1551 2176 1732 2233 Missis
1769 2176 1935 2246 igitur
1962 2177 2056 2245 qui

477 2276 710 2344 puellam
743 2273 1100 2338 adducerent,
1129 2286 1313 2326 coram
1349 2280 1538 2325 sancta
1563 2269 1770 2340 synodo
1793 2269 2056 2339 producta

477 2380 580 2433 est,
611 2367 824 2422 duobus
857 2367 923 2419 de
957 2379 1120 2434 grege
1148 2364 1610 2418 calumniatorum
1647 2377 1767 2430 eam
1797 2375 2058 2417 coercen-

478 2460 624 2514 tibus
655 2477 666 2512 :
701 2473 820 2527 quae
841 2457 990 2512 stetit
1020 2464 1232 2510 mutato
1260 2456 1433 2522 vultu,
1459 2470 1561 2509 nec
1590 2454 1684 2508 ubi
1713 2461 1860 2508 esset
1886 2468 2056 2522 agno-

478 2551 575 2604 vit.
614 2548 719 2603 Sed
755 2545 993 2616 pontifex
1030 2547 1303 2600 maximus
1338 2537 1758 2600 accusatoribus
1793 2545 1870 2598 ait
1901 2563 1914 2599 :
1948 2543 2060 2599 γε.

479 2655 603 2696 rum
637 2655 736 2694 vos
783 2638 963 2702 edite;
999 2651 1123 2689 nam
1177 2636 1303 2690 huic
1357 2651 1465 2690 non
1515 2636 1816 2703 credimus,
1860 2650 1961 2690 nec
1993 2634 2060 2690 de

479 2733 814 2788 daemonian
850 2745 913 2784 ac
955 2724 1164 2810 furioso
1192 2727 1456 2794 judicium
1507 2728 1584 2782 fit.
1641 2727 1862 2782 Addunt
1887 2725 2060 2780 sacri-

479 2826 583 2894 legi
618 2824 692 2878 illi
737 2840 752 2880 :
785 2821 965 2892 Ipsum
1005 2819 1170 2874 etiam
1206 2819 1454 2874 criminis
1503 2829 1778 2872 auctorem
1821 2817 2058 2892 interro-

481 2925 624 2987 gate,
665 2911 940 2984 quomodo
984 2926 1042 2965 se
1079 2909 1349 2964 defendat.
1399 2908 1696 2978 Gregorius
1729 2921 1858 2961 vero
1887 2905 2062 2959 oculis

481 3008 838 3070 circumlatis,
881 3003 953 3056 ita
1005 3017 1101 3058 eos
1133 2999 1330 3056 allatus
1354 3011 1476 3056 est:
1513 3020 1532 3053 ι
1568 3001 1866 3069 Sui-gentes
1894 3007 2062 3054 testes

481 3097 679 3168 iniqui,
706 3112 827 3165 qua:
854 3093 1170 3162 ignorabam
1225 3091 1634 3160 interrogabant
1659 3107 1766 3154 me,
1798 3091 2063 3148 retribue-

483 3191 615 3246 bant
643 3186 937 3243 mihi‘mala
969 3202 1069 3256 pro
1113 3183 1272 3240 bouis
1303 3184 1438 3254 (95).
1471 3203 1490 3235 ι
1528 3183 1722 3236 Verum
1759 3181 1922 3244 Deus,
1950 3182 2062 3237 fra-

483 3294 618 3344 tres,
653 3283 758 3335 hoc
795 3279 951 3332 \obis
999 3277 1212 3331 latinus
1255 3276 1516 3330 remittat.
1556 3273 1681 3328 Ilaec
1725 3288 1792 3327 eo
1831 3273 2066 3347 dicente,

486 3372 684 3425 mulier
716 3383 978 3438 spumans
1026 3359 1272 3422 ac'llens
1318 3373 1444 3420 ante
1483 3364 1625 3418 beati
1672 3362 1773 3416 viri
1806 3364 1968 3432 pedes
2009 3365 2068 3419 in

485 3464 655 3516 altum
683 3477 713 3515 a
743 3461 988 3514 daemone
1021 3457 1233 3512 sublata
1259 3465 1362 3510 est.
1399 3455 1489 3508 Ille
1511 3469 1638 3510 vero
1663 3457 1840 3512 oculis
1868 3458 1932 3510 ad
1957 3472 2068 3512 caa-

488 3559 600 3608 luui
631 3552 846 3616 erectis,
887 3549 1082 3604 tacitus
1107 3549 1172 3602 ad
1207 3548 1396 3602 horam
1431 3529 1775 3616 supplicavit,
1812 3549 2070 3604 omnibus

489 3641 660 3694 aciem
694 3639 746 3692 in
781 3653 904 3692 eum
963 3636 1368 3691 intendentibus
1414 3653 1429 3690 :
1481 3636 1838 3706 absolutaque
1875 3655 2066 3708 preca-

489 3734 636 3788 tione
659 3732 935 3786 silentium
965 3729 1224 3799 abrupit':
1259 3728 1315 3782 Et
1359 3729 1413 3782 in
1447 3730 1690 3795 nomine,
1723 3732 1924 3802 inquit,
1961 3734 2067 3788 Do-

488 3824 622 3878 mini
674 3821 765 3875 Dei
802 3820 1112 3875 Servatoris
1144 3818 1316 3874 nostri
1365 3817 1493 3874 Jesu
1525 3817 1749 3885 Christi,
1791 3833 1846 3876 et
1881 3837 2066 3876 coram

489 3915 695 3970 sanctis
725 3913 1086 3980 maximisque
1115 3911 1375 3980 apostolis
1413 3919 1576 3988 atque
1609 3911 1680 3966 ob
1717 3927 1904 3982 preces
1934 3927 2068 3968 san-

487 4019 722 4072 ctoruin,
775 4005 866 4076 qui
921 4005 1010 4058 hie
1055 4003 1276 4072 adsunt,
1328 4002 1574 4068 Patrum,
1625 4003 1736 4068 exi,
1789 4002 2070 4058 immunde

491 4101 734 4170 spiritus,
767 4113 797 4152 e
827 4097 1085 4166 ﬁgmento
1118 4093 1234 4160 Dei,
1265 4105 1323 4148 ut
1351 4093 1467 4146 haec
1496 4092 1693 4148 mentis
1720 4108 1854 4148 sana
1879 4109 2067 4149 verum

490 4191 560 4245 de
593 4203 680 4244 me
702 4187 1014 4257 eloquatur.

2156 1911 2318 1980 νομία
2351 1909 2510 1962 τοῦτο
2530 1909 2809 1980 ἐποίησεν,
2843 1909 2876 1978 ἦ
2899 1912 2934 1980 ἡ
2967 1909 3058 1962 τοῦ
3087 1910 3296 1962 δικαίου
3319 1911 3513 1981 ἀνδρὸς
3539 1911 3731 1964 τούτου

2157 2001 2438 2068 εὐσέϐειας
2471 1999 2737 2069 Λέγουσιν
2760 2000 2946 2064 αὐτοῖς
2977 2001 3264 2072 οί·ἁνίεροι
3288 2018 3302 2033 ·
3323 2001 3501 2066 ’Ὀλως
3534 2005 3733 2073 φέρετε

2151 2091 2324 2161 αὐτὴν
2349 2092 2430 2156 είς
2463 2073 2653 2162 μέσον,
2689 2091 2978 2155 δεσπόται,
3003 2091 3120 2156 πῶς
3153 2095 3342 2146 πίπτει
3368 2094 3461 2147 καὶ
3487 2095 3732 2165 ἀφρίζει,

2158 2183 2248 2238 ἵνα
2294 2183 2440 2254 ἴδητε
2487 2184 2636 2247 ὅπως
2679 2183 2844 2238 αὑτὸν
2891 2184 3109 2254 ἐλέγξῃ.
3172 2185 3617 2252 Ἀποστείλαντες
3671 2187 3735 2242 δὲ

2157 2273 2364 2343 ἤγαγον
2393 2271 2493 2343 τὴν
2523 2275 2694 2344 κόρην
2719 2272 2954 2328 ἐνώπιον
2985 2273 3087 2343 τῆς
3125 2275 3289 2343 ἁγίας
3319 2279 3562 2342 συνόδου,
3590 2295 3734 2348 κρα-

2157 2363 2426 2432 τουμένην
2477 2363 2581 2416 ὑπὸ
2605 2363 2699 2416 δύο
2743 2365 2808 2417 ὲκ
2851 2365 2944 2417 τοῦ
2988 2365 3230 2437 πονηροῦ
3280 2367 3560 2437 συνεδρίου
3584 2383 3599 2397 ⁶
3635 2370 3733 2422 καὶ

2157 2457 2358 2528 ἐστάθη
2385 2457 2734 2529 ἀλλοιωμένῳ
2755 2458 2835 2528 τῷ
2859 2460 3160 2532 προσώπῳ,
3194 2461 3268 2533 μὴ
3299 2461 3517 2530 γνοῦσα·
3536 2464 3594 2516 τὺ
3625 2464 3731 2517 ποῦ

2159 2550 2408 2620 εἱστήκῃ.
2449 2550 2613 2618 Λέγει
2635 2551 2818 2614 αὐτοῖς
2847 2552 2878 2604 ό
2904 2553 3092 2615 πάπας
3113 2569 3126 2584 ’
3159 2553 3366 2608 Εἴπατε
3401 2554 3462 2607 τὸ
3490 2555 3690 2624 ἀληθές
3711 2569 3730 2584 ⁸

2157 2639 2363 2711 ταύτης
2410 2640 2518 2712 γὰρ
2563 2643 2725 2711 ἡμεῖς
2768 2643 2830 2696 οὐ
2881 2643 3210 2714 πιστεύομεν
3236 2661 3248 2675 ·
3288 2646 3733 2717 δαιμονιζόμενος

2159 2733 2266 2804 γὰρ
2313 2733 2410 2788 καὶ
2455 2736 2778 2804 μαινόμενος
2837 2735 2938 2786 οὐκ
2987 2735 3358 2807 ἀνακρίνεται.
3396 2737 3660 2805 Λέγουσιν
3680 2738 3736 2792 οἱ

2159 2825 2395 2895 ἀνίεροιο
2433 2826 2778 2897 Ἐρωτήσατε
2817 2826 2912 2880 καὶ
2942 2827 3034 2879 τὸν
3058 2828 3120 2880 τὸ
3149 2829 3384 2900 πονηρὸν
3407 2831 3732 2900 ποιήσαντα,

2159 2917 2306 2981 ὅπως
2351 2918 2482 2990 εἴπῃ
2529 2917 2600 2971 τὰ
2647 2916 2770 2971 κατ’
2793 2917 2997 2985 αὐτόν;
3049 2918 3108 2972 '0
3151 2920 3210 2972 δὲ
3266 2921 3735 2992 περιϐλεψάμενος

2159 3007 2513 3076 λέγειαύτοῖς
2537 3025 2551 3038 ·
2591 3027 2610 3060 ι
2651 3009 3011 3074 Ἀναστάντες
3045 3028 3136 3080 μοι
3168 3011 3445 3082 μάρτυρες
3475 3014 3668 3078 ἄδικοι,
3696 3015 3737 3070 ἃ

2162 3099 2263 3152 οὐκ
2286 3099 2604 3168 ἐγίνωσκον,
2647 3101 2875 3172 ἠρώτων
2917 3119 3006 3172 με,
3047 3103 3468 3158 ἀνταπεδίδοσάω
3505 3122 3595 3176 μοι
3638 3122 3738 3161 πο-

2165 3191 2306 3262 νηρὰ
2357 3192 2477 3244 ἀντὶ
2528 3191 2768 3260 ἀγαθῶν.
2804 3211 2822 3245 ι
2861 3194 3028 3265 Πλὴν,
3071 3194 3310 3264 ἀδελφοὶ,
3360 3197 3388 3250 ό
3428 3195 3562 3262 Θεὸς
3607 3197 3738 3269 ὑμῖν

2169 3285 2494 3355 συγχωρήσῃ
2522 3284 2584 3336 τὸ
2611 3285 2796 3356 δρᾶμα
2830 3286 3014 3355 τοῦτο.
3047 3286 3233 3341 Ταῦτα
3276 3287 3332 3340 δὲ
3363 3289 3526 3342 αὐτοῦ
3556 3289 3739 3344 εἰπόν-

2166 3391 2270 3437 τος.
2312 3375 2547 3446 ὲπεδάρη
2595 3377 2701 3429 ὑπὸ
2745 3377 2840 3430 τοῦ
2876 3377 3129 3448 δαίμονος
3176 3381 3209 3450 ἡ
3247 3380 3382 3452 γυνὴ
3433 3379 3740 3451 ἀφρίζουσα

2167 3467 2262 3520 καὶ⁵
2292 3467 2555 3520 κλαίουσα
2587 3468 2736 3537 παρὰ
2765 3469 2910 3532 τοὺς.
2930 3469 3100 3532 πόδας
3134 3470 3238 3522 ’τοῦ
3274 3472 3567 3542 μακαρίου.
3605 3471 3740 3525 Τότε

2166 3559 2196 3610 ὁ
2242 3558 2512 3630 μακάριος
2552 3559 2648 3612 καὶ
2687 3561 2843 3626 ἅγιος
2872 3560 2966 3612 τοῦ
2994 3559 3130 3613 Θεοῦ
3157 3563 3282 3624 τοὺς
3301 3561 3612 3632 ὀφθαλμοὺς
3659 3564 3740 3626 είς

2167 3649 2518 3720 τὸν¹οὐρανὺν
2545 3650 2781 3720 ἐπάρας,
2810 3651 2868 3701 ἐν
2895 3649 3073 3720 ἑαυτῷ
3104 3651 3442 3720 προσεύξατο
3472 3653 3564 3704 ἐπὶ
3593 3651 3743 3730 ῷραν

2171 3741 2322 3810 μίαν,
2353 3740 2572 3794 πάντων
2597 3739 2760 3794 αὐτὸν
2793 3740 3148 3806 ἀτενιζόντων
3166 3757 3180 3771 ·
3215 3743 3308 3794 καὶ
3348 3743 3644 3814 πληρώσας
3682 3745 3748 3796 έν

2167 3829 2366 3902 ἑαυτῷ,
2394 3831 2547 3900 λέγει
2567 3845 2583 3860 ⁶
2623 3831 2748 3884 Ἐπὶ
2777 3831 2865 3902 τῷ
2877 3832 3102 3900 ὀνόματι
3131 3831 3223 3886 τοῦ
3249 3833 3456 3904 Κυρίου
3485 3835 3581 3888 καὶ
3605 3835 3740 3888 Θεοῦ

2168 3924 2264 3978 καὶ
2307 3923 2560 3992 Σωτῆρος
2606 3925 2766 3994 ἡμῶν
2805 3924 2982 3995 Ἰησοῦ
3032 3924 3297 3996 Χριστοῦ,
3341 3928 3435 3979 καὶ
3482 3929 3546 3997 τῇ
3605 3944 3745 3998 παρ-

2167 4015 2324 4084 ουσίᾳ.
2370 4015 2478 4068 τῶν
2530 4014 2703 4082 ἁγίων
2758 4015 2854 4069 καὶ
2913 4017 3226 4086 κορυφαίων
3273 4018 3608 4084 ἀποστόλων,
3649 4020 3744 4073 καὶ

2167 4107 2258 4162 διὰ
2297 4108 2408 4160 τῶν
2457 4106 2638 4176 εὐχῶν
2691 4107 2801 4160 τῶν
2846 4107 3022 4175 ἁγίων
3061 4108 3170 4162 τῶν
3217 4111 3445 4180 Πάτρων
3499 4111 3740 4173 πάντων,

2167 4199 2373 4270 δαίμων
2427 4199 2730 4268 ἀκάθαρτε,
2779 4199 2966 4264 ἔξελθε
3011 4201 3120 4254 ἀπὺ
3165 4201 3258 4254 τοῦ
3289 4201 3605 4271 πλάσματος
3645 4203 3741 4258 τοῦ

2166 4296 2328 4358 Θεοῦ,
2380 4295 2470 4348 ἴνα
2521 4295 2878 4365 σωφρονοῦσα
2927 4296 3226 4366 φθέγξηται
3274 4297 3336 4350 τὸ
3375 4299 3570 4368 ἀληθὲς
3616 4299 3744 4369 περὶ

2167 4387 2327 4456 ἐμοῦ.

561 4455 792 4513 LXXIV.
828 4455 980 4508 Illico
1029 4461 1208 4506 autem
1255 4447 1478 4519 spiritus
1517 4463 1637 4502 eam
1683 4448 1824 4502 male
1860 4463 2059 4502 vexatis

2201 4447 2359 4533 'OA'.
2389 4478 2610 4544 Εὐθέως
2645 4479 2702 4532 δὲ
2745 4481 2839 4532 καὶ
2874 4479 3218 4550 παραχρῆμα
3253 4480 3536 4551 σπαράξαν
3573 4481 3744 4552 αὐτὴν
3829 4535 3832 4538 ,

490 4551 736 4620 reliquit,
787 4546 1066 4616 jaeuitqne
1117 4542 1292 4610 puella
1352 4552 1610 4609 tanquam
1669 4549 1903 4593 mortua.
1963 4537 2066 4592 Sed

491 4660 610 4699 eam
648 4641 943 4709 Gregorius
983 4653 1142 4689 manu
1179 4635 1520 4703 apprehensa
1552 4631 1841 4696 excitavit;
1884 4631 2068 4700 itaque

492 4749 678 4787 coram
727 4729 982 4785 omnibus
1025 4727 1290 4782 constitit.
1341 4725 1515 4793 Ipsam
1562 4723 1727 4793 igitur
1766 4722 2068 4792 interroga-

491 4834 640 4890 ruut,
674 4839 784 4894 quo
826 4820 1046 4875 nomine
1094 4817 1489 4888 appellaretur;
1537 4829 1660 4884 qua:
1702 4813 1824 4866 ait:
1865 4811 2068 4865 Evodia

493 4933 676 4970 vocor.
707 4912 842 4966 Tum
871 4909 1260 4980 chartophylax
1293 4926 1304 4960 :
1339 4905 1504 4971 Nunt,
1543 4904 1746 4974 inquit,
1775 4920 1808 4958 0
1846 4903 2062 4968 mulier,

563 5051 672 5121 (9i)
701 5049 832 5121 Cod.
944 5049 1040 5100 καὶ
1077 5045 1312 5116 εὕρομεν
1334 5037 1503 5112 αὐτὴν
1535 5039 1884 5110 κοιμωμένην
1908 5040 1966 5092 ἐν
1988 5038 2066 5110 τῷ

491 5117 713 5176 κοιτῶνι
739 5117 900 5170 αὑτοῦ
911 5157 923 5168 .
1551 5161 1554 5165 .
1833 5147 1838 5153 -

567 5189 676 5255 ἔθὶ)
717 5187 871 5241 Hunc
900 5186 1126 5239 Protum
1162 5184 1363 5255 frustra
1407 5181 1536 5236 alibi
1578 5195 1812 5255 qureras.
1856 5177 2066 5236 Iudices

491 5251 754 5314 Iiarduiui
805 5257 1011 5308 nullum
1071 5257 1272 5309 habent
1331 5251 1550 5306 Prouim
1603 5251 1940 5318 episcopum,
1970 5265 2066 5304 ne—

489 5333 620 5383 dum
653 5331 1022 5396 Ancyranum.
1053 5325 1225 5396 Locus
1255 5320 1592 5396 tamenmhuie
1615 5317 1699 5374 est
1731 5318 1874 5396 apud
1901 5317 2067 5384 Quie4

491 5414 622 5454 num
661 5388 892 5468 (Orient.
933 5395 1152 5468 ϐίη-ιι.
1205 5394 1245 5468 1,
1294 5391 1504 5468 p_.__1_i(58_)
1539 5391 1680 5468 inter
1746 5388 2068 5468 Paulumhet

487 5456 768 5523 Platonem
810 5485 822 5520 :
859 5481 983 5520 nam
1041 5466 1128 5519 ille
1163 5465 1264 5519 sub
1296 5456 1530 5515 'Tiberio
1569 5457 1934 5512 Constantino
1967 5456 2064 5510 [lo--

488 5542 617 5599 ruit,
650 5541 736 5594 hic
757 5538 860 5592 sub
890 5536 1252 5592 Constantino
1283 5532 1556 5596 Pogouato
1582 5545 1594 5580 :
1623 5539 1680 5599 ut
1701 5529 1840 5580 inter
1858 5538 2067 5580 utrum-

487 5597 739 5676 que-bini
784 5611 974 5662 saltem
1017 5605 1257 5678 episcopi
1294 5602 1594 5678 Aucyranze
1641 5597 1895 5678 Ecclesia:
1927 5613 2065 5665 prte-

489 5669 659 5733 l’uisse
691 5679 916 5748 putandi
947 5669 1074 5732 sint.
1109 5669 1352 5748 Mortuus
1373 5669 1516 5724 enim
1546 5677 1628 5723 est
1649 5669 2064 5748 'I‘iberius‘anno

491 5748 617 5814 585,
666 5737 954 5818 imperium
999 5748 1141 5816 cepit
1187 5747 1498 5814 Pogonatus
1533 5754 1674 5792 anno
1708 5737 1840 5802 068;
1887 5737 2066 5790 I’latu-

2169 4569 2231 4623 τὸ
2263 4569 2480 4640 πνεῦμα
2522 4569 2746 4640 ἐξῆλθεν
2779 4569 2876 4622 ἀπ’
2905 4571 3115 4640 αύτῆςο
3165 4571 3378 4641 ἔμεινεν
3423 4573 3480 4624 δὲ
3521 4573 3552 4643 ἡ
3605 4573 3744 4644 κόρη

2170 4659 2354 4730 εκείνη
2387 4661 2462 4724 ὡς
2498 4661 2690 4732 νεκρά.
2729 4661 2838 4713 Καὶ
2887 4663 3168 4734 κρατήσας
3199 4663 3370 4732 αὐτὴν
3410 4663 3506 4732 τῆς
3541 4664 3743 4734 χειρὸς,

2170 4751 2392 4822 ἤγειρεν
2452 4740 2645 4823 αὐτὴν,
2703 4753 2798 4806 καὶ
2850 4753 3106 4806 σταθεῖσα
3155 4757 3187 4824 ἡ
3247 4756 3384 4826 κόρη
3434 4757 3746 4828 ἔμπροσθεν

2171 4844 2410 4904 πάντων,
2457 4844 2749 4914 ἠρώτησαν
2800 4845 2989 4915 αὐτὴν,
3023 4846 3074 4899 τί
3117 4847 3177 4898 τὸ
3206 4847 3376 4918 ὄνομα
3422 4865 3549 4914 σου;
3595 4849 3659 4902 Ἦ
3687 4850 3745 4904 δὲ

2169 4933 2295 5004 ἔφη,
2321 4933 2541 4987 -Εύωδία
2573 4934 2866 5011 καλοῦμαι.
2911 4927 3075 5005 Λέγει
3122 4938 3259 5010 αὐτῇ
3299 4940 3327 4991 ὁ
3374 4941 3741 5010 χαρτοςρύλαξ,

2169 5085 2292 5148 nem
2317 5078 2522 5148 _tamen
2559 5071 2757 5148 fuisse,
2806 5075 2896 5148 qui
2955 5076 3083 5132 huic
3126 5080 3333 5148 synodo
3367 5079 3626 5137 Romana:
3658 5083 3743 5136 iu-

2169 5141 2390 5218 terfuit,_
2415 5144 2660 5196 nonnihil
2715 5141 3007 5218 harsjtans,
3042 5141 3300 5216 Opinatus
3342 5162 3423 5204 est
3475 5152 3740 5218 Quienu-s.

2171 5209 2490 5278 Gregorimn
2525 5221 2766 5266 n‘ostrum
2812 5209 3297 5272 llIouothel'etarum
3353 5209 3518 5276 aetate
3544 5209 3746 5278 vixisse

2171 5289 2344 5341 ratus,
2381 5294 2543 5350 quem
2579 5285 2720 5350 apud
2757 5282 2976 5338 Suriuin
3017 5286 3246 5341 indicari
3279 5291 3528 5348 videi-at..

2237 5350 2350 5418 (93)
2387 5349 2587 5427 Psalni.
2617 5349 2808 5427 ’xxa'lv,
2861 5353 3070 5427 ΝΛΞ.
3101 5357 3202 5411 Sed
3255 5359 3394 5427 apud
3429 5361 3564 5416 LXX
3606 5364 3743 5417 seri“-

2169 5427 2319 5486 ptum
2348 5426 2453 5500 est2
2497 5420 2855 5500 Ἀναστὰντες
2894 5420 3393 5500 μᾲρτυρεςέρἱόικοι,
3425 5431 3464 5484 ἂ.
3494 5434 3592 5486 οὐκ
3631 5435 3744 5500 ἐγί-

2167 5505 2392 5572 νωσκον,
2414 5489 2735 5572 ἐπηριῖλτων
2781 5511 2846 5560 με
2873 5489 2906 5522 ’⁷
2927 5489 3346 5572 ᾁνταπεδίδοσαν
3381 5489 3472 5569 μοι
3533 5489 3746 5572 πονηρά

2169 5559 2291 5610 ἀντὶ
2341 5559 2560 5612 καλῶν(
2596 5559 2862 5617 (Ξιυιετὺηι
2926 5567 2979 5618 in
3048 5567 3166 5620 Aldi
3205 5559 3394 5624 codice
3447 5587 3555 5626 non
3595 5559 3748 5628 deest

2171 5643 2283 5712 μοιἶ
2309 5637 2362 5712 et
2389 5629 2453 5712 ili
2471 5631 3394 5712 filexaii'drindexemplari_Iegilur
3423 5641 3657 5712 ἠρώτων
3693 5655 3748 5699 et

2169 5698 2292 5751 ἀντὶ
2315 5698 2556 5766 ἀγαθῶν,
2589 5713 2646 5756 ιιι
2676 5699 2935 5760 Leontius
2962 5698 3146 5764 noster
3178 5698 3360 5764 habet.
