4104 6262
339 320 443 389 681

1337 316 1401 376 S.
1436 310 1815 376 GREGORII
1854 306 2367 369 AGRIGENTINI
2390 302 2591 367 VITA.

3499 292 3609 361 682

339 433 492 507 ’Δρά
514 430 802 504 γε,“γύναι,
820 429 1115 485 ἐπίστασαι
1142 425 1232 481 τὸν
1262 424 1566 479 ἐπίσκοπον
1589 424 1687 494 τῆς
1716 419 1924 483 πόλεώς

2055 416 2184 472 urbis
2234 424 2341 470 tum
2395 414 2718 484 episcOpum
2752 408 2937 466 nosti?
2984 407 3081 463 Cui
3129 405 3218 462 illa
3269 424 3283 462 :
3331 404 3606 471 Proiecto,

342 547 483 595 σου;
520 529 683 596 Λέγει
716 523 867 595 αὐτῷ
905 524 939 594 ἠ
975 522 1117 593 κόρη
1141 536 1155 551 ο
1195 518 1328 584 Ναὶ,
1358 516 1616 582 δέσποτα,
1643 515 1737 569 καὶ
1780 514 1921 568 πάνυ

341 620 509 678 αὐτὸν
538 618 839 688 ἐπίσταμαι
864 608 1176 677 ’πολλάκις
1201 611 1310 681 γὰρ
1338 607 1612 680 ἐθεώρουν
1645 607 1809 662 αὐτὸν
1843 606 1924 660 δι-

342 712 643 785 ερχόμενον
670 709 767 762 καὶ
793 707 1260 777 ἐπισκεπτόμενον
1281 702 1491 764 πάντας
1516 699 1644 763 τοὺς
1675 696 1927 769 πτωχοὺς

342 806 446 876 τῆς
471 802 701 866 πόλεως,
734 799 830 854 καὶ
864 800 987 862 ταῖς
1013 798 1214 868 χήραις
1246 794 1343 849 καὶ
1369 792 1627 864 ὀρφανοῖς
1668 787 1928 861 παρέχων

344 895 416 950 τὰ
450 894 589 965 πρὸς
630 892 731 965 τὴν
775 890 988 963 χρείαν.
1022 888 1196 958 Κάγὼ
1224 887 1364 957 αὐτὴ
1412 887 1447 957 ἡ
1485 883 1648 938 ἀθλία
1695 882 1929 937 πάντοτε

346 985 480 1057 παρ’
513 982 681 1039 αὐτοῦ
727 983 994 1054 ἐδεχόμην
1020 978 1392 1052 ἐλεημοσύνην
1435 975 1586 1049 παρὰ
1629 972 1726 1028 τοῦ
1767 988 1929 1025 τετα-

346 1077 555 1149 γμένου
589 1074 671 1139 εἱς
697 1075 759 1129 τὸ
785 1075 1075 1129 διακονεῖν.
1099 1072 1367 1141 Λέγουσιν
1392 1068 1531 1139 αὐτῇ
1557 1065 1724 1120 πάλιν
1768 1062 1895 1117 τάδε
1917 1077 1931 1095 ο

354 1170 455 1233 Σὺ,
488 1167 673 1238 γύναι,
719 1166 893 1236 ἔγνως
932 1164 1024 1218 τὸν
1058 1163 1227 1233 ἄνδρα
1263 1157 1563 1229 ἐπιμίξεως
1609 1155 1933 1227 σωματικῆς

349 1261 646 1329 γενόμενον
679 1256 822 1329 μετὰ
854 1256 947 1309 σοῦ
968 1272 983 1321 ;
1027 1256 1093 1308 Ἢ
1117 1253 1174 1307 δέ
1201 1250 1505 1316 στενάξασα
1529 1249 1595 1303 ἐκ
1616 1247 1815 1318 βάθους
1839 1245 1934 1300 καὶ

350 1354 694 1437 δακρύσασα,
722 1352 906 1424 ἄρασα
948 1349 1048 1420 τὴν
1093 1346 1280 1437 φωνὴν
1328 1344 1597 1437 εἰςῦψος,
1640 1336 1827 1395 εἶπεν·
1856 1342 1932 1437 ξῇ

351 1431 561 1518 Κύριός
606 1445 717 1499 τῶν
756 1443 1063 1513 δυνάμεων,
1091 1441 1191 1494 οὐκ
1237 1436 1356 1492 οἶδα
1382 1436 1476 1491 τὸν
1505 1435 1789 1506 ἄνθρωπον
1814 1431 1939 1487 τοῦ-

353 1556 470 1605 τον,
503 1539 590 1602 τίς
619 1537 791 1600 ἐστιν,
819 1533 1003 1597 καθὼς
1023 1531 1176 1586 αὐτοὶ
1210 1531 1473 1601 εἰρήκατε
1498 1526 1789 1596 γενόμενον
1818 1525 1937 1596 μετ’

357 1630 493 1704 ἐμοῦ
520 1649 536 1664 ’
567 1630 704 1685 ἀλλὰ
733 1627 960 1690 Σαϐῖνος
995 1625 1089 1679 καὶ
1115 1623 1517 1696 Κρησκεντῖνος
1554 1611 1699 1673 οὗτοι
1723 1620 1771 1671 οἰ
1798 1633 1939 1688 παρ-

356 1724 653 1795 εστηκότες
711 1719 1025 1792 ἔμπροσθεν
1079 1716 1258 1787 ὑμῶν,
1305 1713 1459 1769 αὐτοί
1489 1730 1573 1811 ’με
1619 1711 1940 1811 ἠνάγκασαν
1972 1754 2015 1811 Β

358 1814 742 1885 κατηγορῆσαι
772 1811 864 1864 τὸν
903 1809 1110 1863 δίκαιον
1148 1807 1373 1860 τοῦτον·
1403 1806 1660 1877 χρήματα
1703 1804 1813 1875 γάρ
1846 1820 1939 1874 μοι

357 1903 727 1960 κατεϐάλοντο
754 1898 937 1963 ίκανὰ,
964 1898 1075 1963 ἵνα,
1100 1897 1175 1960 ὼς
1208 1891 1382 1962 εἶπον,
1411 1892 1722 1963 κατελέγξιο
1753 1893 1938 1957 αὐτὸν,

359 1990 565 2053 ἀδίκως
602 1987 1064 2057 παρανομήσασα,
1090 1984 1436 2054 ἀπατηθεῖσα
1478 1982 1583 2037 ὑπὸ
1615 1982 1725 2035 τῶν
1763 1998 1944 2054 παρα-

361 2078 548 2147 νόμων
586 2074 799 2144 ἀνδρῶν
827 2074 1054 2129 τούτων.
1103 2073 1498 2126 Ἀνταποδώσει
1523 2074 1709 2134 αὐτοῖς
1738 2071 1944 2143 Κύριος

362 2171 393 2222 6
423 2168 555 2232 Θεὸς
584 2167 685 2239 τὴν
708 2165 983 2238 ἁμαρτίαν
1008 2167 1109 2236 τῆς
1133 2165 1275 2236 ἐμῆς
1300 2164 1508 2236 ψυχῆςο
1543 2166 1623 2227 εἰς
1652 2163 1761 2233 γὰρ
1792 2163 1943 2234 διετῆ

366 2260 559 2331 χρόνον
579 2248 683 2313 καὶ
717 2258 892 2330 μῆνας
922 2255 980 2323 ἐξ
1012 2255 1379 2327 ἐϐασανίσθην
1405 2254 1512 2310 ὑπὸ
1539 2255 1633 2309 τοῦ
1667 2255 1943 2325 δαίμονος.

367 2351 555 2406 Ταῦτα
580 2350 637 2403 δὲ
666 2346 896 2403 εἰποῦσα
921 2347 1178 2402 σταθεῖσα
1208 2348 1305 2401 καὶ
1336 2345 1785 2417 περιϐλεψαμένη
1807 2346 1945 2400 πάν-

367 2458 466 2503 τας
510 2441 638 2503 τοὺς
666 2438 1023 2503 ἐπισκόπους,
1058 2437 1152 2491 καὶ
1195 2439 1309 2508 μετ’
1339 2436 1523 2506 ὀλίγον
1564 2436 1950 2505 κατανοήσασα

365 2533 459 2588 τὸν
494 2531 647 2600 ἆγιον
678 2531 718 2583 Γ
723 2529 1003 2601 ρηγόριον,
1042 2529 1258 2598 ἐπέγνω
1291 2528 1456 2582 αὐτόν
1476 2544 1489 2558 ·
1530 2529 1624 2581 καὶ
1665 2527 1950 2598 δραμοῦσα

369 2621 524 2693 παρὰ
552 2622 678 2683 τοὺς
706 2620 874 2683 πόδας
909 2617 1101 2682 αὐτοῦ,
1138 2618 1402 2673 κλαίουσα
1433 2616 1616 2685 ἔλεγεν
1647 2617 1703 2671 ἐν
1737 2615 1912 2686 ἰσχύει
1934 2631 1948 2646 ’

383 2712 636 2780 Ἐλέησόν
686 2727 775 2782 με,
807 2709 963 2764 δοῦλε
997 2708 1090 2763 τοῦ
1121 2708 1278 2775 Θεοῦ,
1325 2709 1423 2763 καὶ
1457 2707 1814 2779 συγχώρησόν
1860 2724 1963 2778 μοι.

371 2803 439 2873 τῇ
464 2803 695 2872 ταπεινῇ
727 2800 788 2854 τὸ
823 2801 1142 2870 παράνομον
1172 2800 1266 2852 καὶ
1309 2798 1569 2870 ᾁθέμιτον
1601 2800 1950 2869 συμϐούλιον,

370 2894 401 2946 6
423 2895 659 2963 ἐποίησα
686 2894 767 2956 εἰς
800 2893 879 2967 σέ,
911 2894 988 2964 Ζῇ
1019 2892 1223 2961 Κύριος
1251 2892 1280 2943 6
1304 2891 1437 2955 Θεός
1468 2909 1593 2962 μου,
1622 2893 1685 2946 ού
1712 2893 1788 2963 μὴ
1821 2894 1957 2946 ἁνα-

374 2983 488 3039 στῶ
519 2986 586 3038 ἐκ
616 2983 726 3038 τῶν
754 2982 931 3037 ποδῶν
961 2999 1076 3048 σου,
1106 2983 1211 3045 ἐως
1238 2976 1300 3038 οὗ
1340 2981 1439 3054 τὴν
1470 2983 1822 3054 συγχώρησιν
1863 3001 1954 3056 μοι

2026 508 2268 571 domine,
2307 505 2479 576 probe
2508 504 2663 559 illum
2698 500 2833 576 [xei]
2867 501 2993 555 novi
3027 517 3041 553 :
3074 513 3216 569 saepe
3245 498 3393 553 enim
3426 498 3608 567 ipsum

2026 599 2297 663 videbam,
2333 610 2460 653 cum
2506 595 2696 650 urbem
2736 593 2933 658 obiret,
2986 600 3042 648 ct
3074 605 3266 647 omnes
3293 590 3448 644 urbis
3483 604 3611 659 ege-

2028 706 2133 748 nos
2171 689 2451 754 inviseret,
2484 702 2548 742 ac
2575 688 2752 742 viduis
2782 685 3113 756 pupillisque
3161 682 3428 753 quidquid
3472 696 3612 751 opus

2029 792 2177 839 esset
2207 780 2618 852 suppeditaret;
2668 777 2802 848 quin
2855 785 2910 832 et
2943 791 3043 847 ego
3093 775 3294 829 misera
3326 787 3421 844 per
3448 788 3613 827 cura-

2035 885 2207 930 torem
2231 873 2353 943 ejus
2382 872 2576 941 stipem
2609 870 2678 926 ab
2707 884 2774 926 eo
2804 868 3048 941 quotidie
3076 867 3283 937 accepi.
3321 865 3453 919 Eam
3485 878 3614 918 vero

2033 981 2254 1021 rursum
2309 965 2646 1035 interrogant
2698 981 2713 1019 :
2760 962 3003 1017 Atenim
3045 966 3126 1026 tu,
3163 958 3383 1021 mulier,
3436 956 3615 1010 virum

2036 1056 2185 1112 hunc
2220 1069 2517 1125 congressu
2569 1053 2817 1124 corporis
2850 1067 2958 1107 una
3002 1059 3185 1106 tecum
3220 1047 3392 1104 luisse
3434 1046 3618 1103 nosti!

2036 1148 2137 1204 Hic
2160 1147 2253 1202 illa
2281 1147 2349 1202 ab
2374 1147 2487 1201 imo
2510 1153 2734 1216 pectore
2770 1142 3055 1212 suspirans
3095 1156 3160 1197 ac
3192 1141 3502 1211 lacrymans
3529 1138 3621 1193 iu-

2038 1239 2185 1311 genti
2211 1254 2344 1295 voce
2373 1236 2628 1294 clamavit
2660 1254 2675 1291 :
2714 1235 2862 1292 Vivit
2892 1234 3160 1290 Dominus
3193 1233 3480 1296 virtutum,
3517 1231 3619 1286 bo-

2038 1332 2241 1387 minem
2270 1344 2370 1401 ego
2404 1330 2571 1394 hunc,
2598 1330 2725 1400 quis
2760 1328 2851 1394 sit,
2885 1335 3156 1398 quatenus
3194 1338 3421 1380 mecum.
3451 1323 3624 1379 fuisse

2039 1432 2138 1471 vos
2163 1415 2403 1481 dixistis,
2439 1431 2551 1472 non
2576 1417 2719 1481 vidi;
2748 1430 2940 1471 verum
2995 1414 3230 1469 Sabinus
3258 1422 3312 1469 et
3355 1412 3623 1469 Crescen-

2042 1508 2227 1576 tinus,
2271 1508 2365 1579 qui
2396 1517 2523 1564 ante
2553 1524 2652 1565 vos
2686 1518 2898 1576 astant,
2934 1508 3010 1563 illi
3047 1508 3151 1578 ipsi
3182 1523 3273 1565 me
3318 1515 3380 1563 ut
3411 1507 3622 1579 justum

2046 1602 2192 1656 hunc
2224 1616 2542 1657 accusarem
2586 1602 2886 1673 adegerunt
2919 1617 2934 1657 :
2976 1602 3264 1671 pecuniam
3303 1601 3448 1657 enim
3489 1600 3626 1656 mihi

2045 1692 2180 1749 satis
2207 1694 2465 1763 grandem
2504 1693 2723 1759 dedere,
2756 1707 2889 1764 quo,
2930 1702 2988 1748 ut
3013 1693 3147 1757 dixi,
3181 1708 3305 1748 eum
3333 1692 3628 1762 redargue-

2044 1798 2161 1837 rem
2196 1782 2332 1853 (94),
2381 1782 2645 1852 injustam
2688 1796 2821 1838 ausa
2858 1780 3091 1845 facinus,
3131 1790 3191 1837 ut
3223 1796 3311 1836 me
3343 1781 3630 1836 hominum

2046 1873 2275 1929 istorum
2304 1872 2568 1943 iniquitas
2593 1873 2646 1927 in
2682 1871 2928 1928 fraudem
2958 1873 3151 1928 illexit.
3180 1872 3251 1927 At
3285 1873 3492 1929 crimen
3526 1874 3631 1928 hoc

2049 1980 2228 2019 meum
2283 1964 2549 2021 Dominus
2605 1964 2750 2021 Deus
2806 1964 2922 2036 pari
2974 1964 3080 2020 illis
3131 1979 3292 2035 paena
3348 1965 3629 2035 rependet.

2046 2055 2181 2112 Nam
2213 2072 2316 2129 ego
2350 2058 2570 2127 quidem
2622 2058 2904 2113 biennium
2950 2067 3004 2111 ct
3046 2072 3264 2113 menses
3308 2071 3402 2113 sex
3444 2072 3474 2110 a
3523 2057 3631 2111 dae-

2048 2164 2212 2205 mone
2239 2150 2550 2205 excruciata
2588 2165 2729 2204 sum.
2780 2147 2876 2204 llis
2900 2148 3063 2204 dictis
3095 2163 3219 2204 cum
3246 2156 3398 2204 stans
3439 2148 3631 2204 oculos

2049 2240 2474 2294 circumtulisset
2503 2239 2573 2294 ad
2603 2253 2796 2294 omnes
2821 2239 3131 2309 episcopos,
3165 2239 3332 2309 paulo
3363 2247 3485 2309 post
3507 2253 3633 2293 san-

2050 2340 2198 2385 ctum
2231 2329 2549 2402 Gregorium
2577 2332 2939 2401 contemplata
2977 2331 3215 2403 agnovit,
3248 2338 3412 2401 atque
3441 2345 3637 2388 accur-

2050 2436 2180 2478 rens
2212 2421 2278 2476 ad
2309 2423 2471 2491 pedes
2499 2423 2640 2492 ejus,
2672 2423 2860 2478 multis
2891 2439 3015 2478 cum
3058 2423 3314 2494 lacrymis
3344 2431 3400 2478 et
3437 2438 3635 2492 magno

2052 2513 2221 2567 animi
2243 2513 2431 2568 dolore
2461 2515 2543 2568 sic
2565 2529 2690 2568 eum
2722 2523 2809 2569 est
2837 2515 3072 2569 allocuta
3104 2530 3118 2569 :
3144 2514 3396 2569 Misereat
3422 2523 3473 2569 te
3504 2517 3631 2583 mei,

2054 2621 2087 2661 0
2130 2604 2226 2659 Dei
2260 2619 2437 2670 serve,
2491 2620 2556 2660 ac
2604 2604 2871 2674 injustum
2921 2604 3280 2676 iniquumque
3318 2607 3631 2673 consilium,

2053 2697 2201 2765 quod
2234 2699 2288 2753 in
2319 2707 2371 2754 te
2398 2696 2780 2766 suscepi,mihi
2802 2696 3006 2752 infelici
3038 2704 3093 2751 et
3114 2695 3343 2767 abiecta:
3366 2698 3633 2753 remittas.

2061 2789 2202 2847 Vivit
2234 2792 2496 2847 Dominus
2520 2792 2667 2846 Deus
2701 2805 2877 2857 meus,
2911 2805 2941 2845 a
2986 2790 3217 2859 pedibus
3243 2805 3346 2860 ego
3386 2790 3494 2846 tuis
3526 2805 3637 2845 non

2057 2893 2184 2939 ante
2213 2883 2527 2946 abscedam,
2560 2898 2725 2954 quam
2758 2883 2892 2937 mihi
2929 2882 3118 2953 ﬂagitii
3151 2882 3254 2937 mei
3287 2884 3500 2936 veniam
3525 2897 3555 2937 a
3588 2890 3642 2938 te

2057 2974 2241 3027 datam
2311 2972 2615 3029 renuntics.
2665 2972 3036 3039 Quamobrem
3107 2987 3175 3027 ne
3240 2973 3642 3031 animadvertas

374 3075 715 3147 ἀπαγγείλῃς
739 3076 843 3145 τῆς
863 3075 1188 3146 παρανόμης
1222 3092 1323 3146 μου
1355 3073 1626 3146 πράξεως.
1651 3074 1744 3127 Διὸ
1772 3075 1847 3144 μὴ
1873 3076 1953 3126 ἐν-

2062 3075 2198 3115 neve
2218 3059 2553 3125 memineris,
2577 3060 2738 3115 Pater
2759 3069 2969 3126 sancte,
2990 3074 3112 3130 qua:
3135 3076 3164 3114 a
3184 3075 3271 3117 me
3294 3062 3433 3118 mala
3449 3071 3645 3119 contra

375 3165 749 3237 νοήσῃς,μηδὲ
773 3166 1020 3236 μνησθῇς
1046 3164 1156 3220 τῶν
1184 3165 1315 3237 παρ’
1341 3164 1476 3237 ἐμοῦ
1504 3165 1854 3237 πραχθέντων
1879 3166 1958 3230 εἰς

380 3259 441 3311 σὲ
473 3257 682 3319 κακῶν,
716 3257 899 3331 Πάτερ
934 3255 1079 3328 ἅγιε.

450 3349 572 3402 ΟΕ¹.
613 3346 800 3404 Ταῦτα
829 3348 885 3405 δὲ
905 3350 1000 3402 ἐπὶ
1028 3350 1289 3415 πλείστας
1312 3350 1463 3423 ὥρας
1493 3350 1854 3422 διαλεγομένη
1883 3349 1961 3421 τῷ

378 3443 524 3513 ἁγίῳ
552 3444 584 3513 η
608 3441 766 3513 κόρη,
795 3442 1118 3512 ἀποκριθεὶς
1149 3445 1177 3497 6
1196 3442 1353 3511 ἅγιος
1374 3442 1522 3512 λέγει
1555 3444 1694 3515 αὐτῇ
1719 3460 1735 3475 υ
1767 3439 1836 3494 Ὦ
1863 3442 1958 3511 γύ-

380 3553 491 3598 ναι,
526 3536 628 3588 οὒκ
656 3532 804 3587 ἐστιν
827 3534 1065 3604 ἡμῖνιτὸ
1097 3535 1550 3604 ἐπαγγείλασθαι,
1580 3535 1657 3598 ὡς
1696 3534 1762 3588 σὺ
1805 3533 1961 3605 νομί-

381 3626 520 3691 ζεις,
550 3627 599 3678 εἰ
634 3624 709 3696 μὴ
739 3624 899 3696 μόνον
928 3623 1023 3679 τοῦ
1051 3625 1495 3698 φιλοικτίρμονος
1524 3626 1619 3682 καὶ
1647 3626 1959 3698 φιλανθρώ·

382 3737 487 3775 που
517 3719 653 3773 Θεοῦ
678 3717 837 3788 ἡμῶν
862 3733 876 3748 ’
913 3716 1077 3782 αὐτὸς
1104 3717 1215 3790 γὰρ
1245 3720 1392 3774 ἰᾶται
1420 3719 1490 3772 τὰ
1527 3717 1824 3790 τραύματα
1853 3718 1962 3773 τῶν

380 3811 568 3885 ψυχῶν
592 3810 773 3881 ήμῶν,
796 3810 825 3862 6
855 3809 923 3862 τὰ
963 3808 1111 3881 πάθη
1155 3810 1222 3863 δι’
1248 3809 1408 3881 ἡμῶν
1433 3809 1702 3874 ἑκουσίως
1732 3809 1961 3878 ὑπομεί-

381 3922 501 3970 νας,
520 3902 612 3958 καὶ
628 3900 917 3970 γινώσκων
944 3900 1042 3971 τῆς
1070 3903 1273 3975 σαρκὸς
1301 3903 1370 3958 τὰ
1401 3901 1571 3972 πάθη,
1595 3899 1671 3964 ὡς
1691 3899 1958 3971 πλάστης.

382 4002 475 4055 καὶ
499 3999 858 4071 ἐνδυσάμενος
889 3999 1081 4070 αὐτήν.
1110 3994 1278 4066 Πλὴν,
1305 3994 1491 4063 γύναι,
1511 3990 1623 4062 δῴη
1647 3993 1778 4062 ἡμῖν
1801 3990 1964 4054 αὐτὸς

384 4091 733 4163 συγχώρησιν
761 4091 906 4146 κατὰ.
934 4090 1002 4144 τὰ
1030 4089 1307 4159 αἰτήματα
1330 4085 1508 4159 ήμῶν,
1539 4085 1631 4142 καὶ
1663 4082 1963 4155 καθαρίσαι

379 4186 534 4254 ἡμᾶς
564 4185 675 4239 άπὸ
705 4184 887 4254 πάσης
922 4180 1218 4253 ἁμαρτίας,
1253 4179 1334 4233 ὃτι
1366 4177 1531 4240 αὐτός
1557 4177 1708 4230 ἐστιν
1737 4177 1767 4229 6
1792 4176 1964 4248 αἴρων

380 4272 486 4342 τὴν
519 4271 798 4343 ἁμαρτίαν
841 4268 938 4323 τοῦ
974 4269 1207 4337 κόσμου.
1249 4267 1362 4321 Καὶ
1410 4266 1692 4338 κρατήσας
1743 4265 1964 4336 ήγειρεν

383 4364 577 4434 αὐτήν.
627 4362 877 4432 Ἐγένετο
907 4361 965 4415 δὲ
995 4359 1159 4429 φόϐος
1188 4359 1283 4412 ἐπὶ
1306 4357 1517 4421 πάντας
1542 4357 1669 4420 τοὺς
1708 4355 1869 4421 ὄντας
1905 4357 1964 4411 ἐν

2066 3162 2115 3204 te
2150 3150 2387 3205 admissa
2417 3151 2546 3205 sint.

2135 3353 2348 3409 LXXV.
2386 3356 2513 3411 Haec
2557 3356 2634 3409 illi
2678 3356 2842 3410 etiam
2906 3365 3070 3426 atque
3102 3356 3268 3413 etiam
3322 3356 3645 3413 edisserenti

2063 3443 2142 3499 sic
2169 3444 2406 3514 denique
2430 3453 2655 3501 sanctus
2685 3445 2766 3499 vir
2794 3445 3073 3515 respondit
3104 3461 3117 3499 :
3161 3443 3446 3511 Nostrum,
3471 3461 3503 3500 ο
3527 3461 3648 3501 mu-

2063 3536 2182 3601 lier,
2217 3551 2327 3591 non
2361 3546 2465 3603 est,
2498 3538 2643 3593 sicut
2673 3546 2729 3592 tu
2786 3549 2966 3606 putas,
3013 3538 3328 3594 renuntiare
3372 3538 3518 3609 quod
3551 3555 3649 3594 cu-

2063 3628 2171 3696 pis,
2202 3626 2297 3682 sed
2327 3627 2425 3682 Dei
2460 3628 2630 3684 unius
2658 3628 2829 3684 nostri
2863 3629 3195 3700 indulgentis
3224 3644 3288 3687 ac
3310 3629 3645 3684 miserentis.

2063 3716 2184 3788 ipse
2215 3718 2362 3772 enim
2396 3718 2706 3773 animorum
2738 3728 3055 3775 nostrorum
3084 3720 3309 3776 vulnera
3339 3729 3518 3785 sanat,
3549 3721 3645 3791 qui

2064 3808 2404 3867 voluntarios
2432 3823 2532 3879 pro
2578 3810 2736 3865 nobis
2775 3810 2946 3865 subiit
2977 3811 3276 3877 cruciatus,
3322 3822 3375 3866 et
3418 3811 3645 3866 humani

2066 3900 2302 3971 generis,
2338 3899 2484 3970 quod
2528 3900 2769 3956 condidit
2806 3902 2947 3957 idem
2989 3913 3153 3973 atque
3187 3904 3383 3970 induit,
3417 3903 3646 3961 aﬂ‘ectus

2065 3993 2236 4047 novit.
2274 3992 2546 4048 Caeterum
2576 3994 2668 4049 det
2712 3994 2827 4064 ipse
2857 3995 3039 4062 nobis,
3072 4009 3106 4050 o
3145 3995 3362 4060 mulier,
3404 3997 3644 4061 veniam,

2066 4098 2229 4154 qnam
2258 4084 2460 4155 singuli
2512 4085 2766 4153 petimus,
2802 4100 3012 4156 nosque
3041 4085 3110 4141 ab
3141 4087 3291 4142 omni
3331 4087 3454 4143 labe
3485 4103 3649 4143 mun-

2066 4175 2187 4243 det;
2205 4175 2405 4246 quippe
2430 4176 2547 4247 ipse
2569 4187 2673 4243 est,
2699 4177 2794 4247 qui
2826 4178 2966 4233 tollit
2991 4171 3214 4248 peccata
3241 4179 3454 4234 mundi.
3485 4179 3652 4234 Eam-

2066 4283 2174 4338 que
2201 4277 2391 4324 tenens
2415 4270 2692 4325 excitavit.
2726 4268 2929 4327 Omnes
2948 4285 3099 4338 vero,
3130 4270 3225 4341 qui
3254 4270 3308 4325 in
3339 4279 3531 4326 sancta
3558 4270 3649 4326 illa

2069 4359 2280 4430 synodo
2329 4368 2504 4423 erant,
2549 4361 2716 4416 timor
2749 4361 2909 4431 cepit,
2967 4361 3178 4432 fuitque
3233 4361 3477 4417 omnium
3517 4375 3647 4427 vox,

381 4457 449 4524 τῇ
477 4421 610 4526 ἁγίᾳ
645 4421 851 4523 σύνόδφ
879 4421 1084 4523 ἐκείνῃ,
1116 4421 1259 4505 ῶστε
1298 4448 1478 4519 λέγειν
1520 4447 1732 4511 πάντας
1754 4464 1768 4479 ·
1799 4448 1953 4502 E610-

2071 4421 2182 4507 Deo
2230 4452 2418 4509 laudes
2454 4421 2932 4525 tribuendam-qui
2984 4421 3141 4509 talem
3198 4454 3305 4511 sibi
3337 4421 3649 4525 operarium

382 4547 553 4616 γητὸς
584 4548 611 4599 6
634 4545 767 4608 Θεὸς
795 4544 905 4598 τῶν
940 4542 1166 4613 πατρῶν
1199 4542 1379 4613 ἡμῶν,
1411 4542 1494 4595 ὅτι
1535 4539 1775 4594 τοιοῦτον
1801 4539 1963 4611 ἐργά-

382 4655 486 4707 την
515 4636 698 4706 ἑαυτῷ
736 4636 764 4689 6
796 4634 930 4698 Θεὸς
966 4632 1336 4705 ἐφανέρωσεν,
1369 4633 1466 4686 καὶ
1498 4631 1768 4698 ἀνέδειξεν
1805 4635 1863 4686 ἐν
1889 4630 1968 4701 τῷ

385 4730 580 4799 κόσμῳ
611 4729 668 4781 ἐν
698 4730 822 4790 ταῖς
861 4725 1120 4796 ἐσχάταις
1147 4721 1659 4795 ἡμέραις-ταύταις.
1696 4723 1883 4777 Ταῦτα
1910 4722 1968 4777 δέ

385 4822 568 4877 αὐτῶν
601 4819 888 4884 εἰπόντων,
921 4818 1260 4888 ἀπεκίνησαν
1289 4818 1384 4872 καὶ
1407 4816 1651 4890 ἀπῆλθον
1685 4818 1743 4869 ἐν
1776 4820 1840 4889 τῇ
1874 4806 1968 4871 ἐκέ

385 4912 613 4983 κλησίᾳ,
642 4911 738 4965 καὶ
777 4909 875 4981 τὴν
909 4909 1057 4965 θείαν
1085 4907 1503 4973 ἐπιτελέσαντες
1556 4909 1966 4978 μυσταγωγίαν,

386 5006 484 5059 καὶ
510 5003 906 5074 μεταλαϐόντες
930 5001 1028 5056 τοῦ
1058 5001 1329 5073 άχράντου
1359 5000 1611 5072 σώματος
1641 5000 1735 5054 τοῦ
1762 5001 1969 5073 Κυρίου

388 5094 548 5166 ἡμῶν
588 5093 763 5165 Ἰησοῦ
788 5092 1050 5165 Χριστοῦ,
1079 5093 1284 5163 ἔφαγον
1316 5092 1481 5164 ἄρτον
1512 5093 1569 5146 ἐν
1596 5089 1847 5167 τραπέζῃ
1875 5093 1970 5147 τοῦ

312 5182 317 5185 γ
388 5187 548 5240 πάπα
581 5185 639 5237 ἐν
673 5186 740 5255 τῇ
765 5183 952 5254 ἡμέρᾳ
974 5183 1161 5254 ἐκείνη
1189 5182 1323 5237 οἵτε
1351 5181 1642 5235 ἐπίσκοποι
1672 5183 1775 5252 τῆς
1815 5182 1973 5236 Ἀνα-

387 5275 573 5346 τολῆς,
604 5276 697 5329 καὶ
730 5277 759 5328 ό
798 5274 1124 5345 σπαθάριος,
1152 5262 1247 5328 καὶ
1276 5275 1305 5327 6
1338 5272 1494 5341 ἅγιος
1524 5272 1846 5344 Γρηγόριος,
1880 5276 1974 5328 καὶ

385 5369 420 5421 6
435 5384 505 5437 χα
516 5363 808 5438 ρτυφύλαξ.
837 5360 947 5419 Ἦν
968 5364 1023 5418 δέ
1043 5366 1072 5418 6
1091 5364 1246 5433 ἅγιος
1268 5362 1572 5434 Γρηγόριος
1592 5363 1742 5435 ἄρτῳ
1767 5365 1974 5436 βραχυ-

388 5461 539 5523 τάτῳ
572 5457 936 5529 ἀρκούμενος,
970 5455 1064 5511 καὶ
1092 5454 1347 5527 λαχάνοις
1385 5455 1516 5510 ἄνευ
1552 5455 1757 5510 ἐλαίου.
1803 5457 1976 5512 Ἐκεῖ·

388 5551 486 5607 θεν
527 5550 587 5606 δέ
634 5548 943 5617 ἐξελθόντες
996 5548 1217 5619 ἔμειναν
1273 5548 1571 5620 ἀμφότεροι
1616 5548 1675 5603 ἐν
1713 5549 1793 5619 τῷ
1835 5548 1973 5623 ἅμα,

457 5729 574 5803 (94)
603 5730 737 5788 Cod.
773 5732 823 5798 1,
853 5731 961 5798 ἵνα,
994 5730 1069 5794 ὡς
1100 5726 1272 5794 εἷπον,
1298 5725 1627 5795 καταπλέξω
1648 5726 1832 5784 αὐτόν.

760 5842 1036 5905 Parnm“
1082 5841 1199 5902 Gtt.
1245 5837 1530 5904 XCVIII.

2067 4543 2420 4614 prodidisset,
2466 4560 2704 4617 eumque
2730 4547 2990 4602 extremis
3018 4547 3136 4626 illis.
3156 4546 3348 4603 diebus
3377 4547 3498 4603 orbi
3530 4562 3649 4605 ma—

2069 4633 2401 4691 niiestasset.
2435 4635 2684 4707 Dumque
2715 4637 2831 4693 haec
2865 4637 3129 4701 dicerent,
3157 4637 3437 4694 discedere
3467 4653 3650 4709 coepe-

2070 4732 2219 4788 runt,
2281 4734 2445 4797 atque
2486 4726 2540 4780 in
2585 4729 2851 4798 templum
2895 4728 3127 4801 ingressi
3183 4723 3355 4786 sacra
3389 4729 3650 4801 mysteria

2070 4830 2326 4886 peregere
2353 4827 2408 4872 et
2431 4818 2784 4875 immaculato
2807 4835 3039 4892 corpore
3077 4820 3288 4878 Domini
3319 4822 3493 4878 nostri
3519 4820 3653 4877 Iesu

2071 4908 2276 4964 Christi
2327 4909 2517 4963 refecti
2569 4921 2716 4966 sunt.
2754 4912 2955 4967 Eodem
2988 4914 3077 4969 die
3106 4916 3345 4984 pontifex
3377 4917 3653 4971 maximus

2072 4998 2360 5068 episcopos
2410 4996 2679 5064 Orientis,
2717 4992 3093 5070 spatharium,
3129 5012 3380 5058 sanetum
3449 5001 3658 5073 Grego—

2076 5090 2216 5144 rium
2264 5099 2319 5145 et
2370 5090 2847 5162 chartopbylacem
2893 5095 3150 5149 convivio
3182 5094 3440 5165 accepit:
3485 5109 3662 5166 quan-

2076 5197 2236 5254 quam
2285 5190 2529 5239 sanctus-
2557 5181 2856 5254 Gregorius
2899 5186 3100 5257 exiguo
3140 5201 3280 5257 pane
3325 5195 3380 5241 et
3416 5186 3662 5242 oleribus

2076 5273 2194 5328 sine
2227 5272 2347 5328 oleo
2378 5280 2670 5328 contentus
2710 5271 2833 5328 fuit.
2878 5273 3007 5330 Inde
3035 5277 3264 5346 egressi,
3297 5291 3550 5333 mansere
3581 5276 3662 5331 si-

2078 5366 2190 5420 mul
2251 5365 2392 5434 apud
2444 5364 2728 5435 episcopos
2786 5362 3084 5436 Gregorius
3135 5376 3188 5422 et
3239 5367 3553 5436 spatharius
3608 5375 3666 5423 et

2076 5458 2475 5530 chartophylax
2517 5476 2532 5514 :
2578 5473 2643 5513 ac
2675 5457 2860 5532 [seu]
2903 5448 3117 5514 noctem
3166 5467 3337 5512 totam
3385 5457 3664 5513 insomnes

2078 5548 2372 5606 traduxere
2414 5547 2638 5620 singuli,
2674 5563 2812 5620 quos
2858 5547 2989 5616 dixi,
3030 5547 3366 5603 admirantes
3395 5554 3505 5601 tam
3545 5544 3666 5617 epis

3182 5828 3264 5891 22
