4104 6262
512 299 612 367 691

1503 307 1566 369 S.
1597 306 1974 370 GBEGORII
2012 310 2523 376 AGRIGENTINI
2566 313 2766 377 VITA.

3659 314 3770 379 692

514 411 629 470 Dt-o
655 420 932 480 acceptam
968 417 1364 487 arcessivisset,
1400 435 1572 492 eaque
1607 423 1660 478 in
1706 427 1973 497 synodum
2010 428 2087 482 iu-

2194 428 2460 498 ςριλόθεον.
2521 431 2631 488 Καὶ
2671 428 3096 502 προσκυνήσασα
3137 427 3236 484 καὶ
3285 429 3524 488 λαϐοῦσα
3571 434 3766 508 εὐχὴν,

515 504 767 558 traducta
797 504 1080 559 adorasset
1118 520 1310 562 omnes
1339 523 1403 562 ac
1431 509 1534 564 sibi
1573 509 1708 566 bene
1739 515 2088 582 precantibus

511 593 829 658 annuisset,
881 594 968 650 his
1013 595 1312 653 ille'verbis
1367 613 1488 654 eam
1535 607 1619 658 est
1649 601 1894 660 aﬂ'atus:
1938 603 2088 660 Hanc

512 683 610 738 tibi
641 685 898 753 puellam,
922 676 1142 741 domina
1192 699 1386 753 mater,
1411 693 1760 756 commendo,
1804 705 1864 750 ut
1893 695 2088 752 animae

512 775 690 844 ipsius
741 791 928 830 curam
979 763 1158 846 geras,
1216 793 1446 848 eamque
1501 781 1552 835 in
1607 782 1694 838 die
1723 782 1962 849 Domini,
1993 786 2086 854 qui

511 867 819 920 mercedem
843 867 1068 922 daturus
1098 876 1198 933 est,
1237 869 1641 925 immaculatam
1674 875 1953 928 restituas.
1985 875 2088 932 Cui

511 957 646 1012 illa:
681 956 793 1024 Sic,
837 959 1036 1028 inquit,
1064 959 1302 1023 domine,
1339 961 1448 1026 ﬁat,
1488 963 1561 1015 uti
1604 963 1784 1032 jubes.
1821 964 1900 1020 Ac
1951 966 2089 1022 bene

406 1115 418 1128 ο
512 1047 589 1102 illi
618 1051 969 1118 precantibus
996 1052 1231 1117 cunctis,
1263 1053 1494 1121 puellam
1521 1055 1827 1110 diaconissa
1859 1058 2086 1137 accepit,

511 1131 676 1208 atque
711 1139 790 1217 in_
815 1142 1206 1196 monasterium
1247 1143 1473 1198 deduxit
1511 1159 1524 1197 :
1569 1144 1656 1197 ubi
1692 1160 1867 1200 annos
1897 1131 2085 1217 viginti

511 1212 856 1301 duosexe'git
893 1231 1134 1286 moribus
1168 1233 1524 1288 emendandis
1549 1243 1603 1288 et
1631 1237 1830 1290 erratis
1861 1238 2090 1308 expian-

511 1320 599 1376 dis
630 1323 836 1376 intenta
873 1341 886 1378 :
922 1338 986 1378 ac
1029 1324 1324 1378 multatum
1357 1325 1658 1392 palmarum
1700 1327 1890 1381 victrix
1923 1343 2088 1384 occu-

509 1410 651 1466 buit.
767 1469 772 1472 _
1226 1479 1233 1485 .

582 1503 795 1559 LXXX.
863 1506 997 1560 Cum
1056 1507 1168 1576 jam
1226 1509 1360 1564 hora
1415 1491 1560 1565 esset
1607 1527 1786 1575 nona,
1845 1513 2088 1582 pontifex

512 1601 786 1655 maximus
841 1611 1090 1656 sanctum
1127 1600 1449 1674 Gregorium
1488 1604 1740 1659 hortatus
1773 1613 1878 1672 est,
1906 1611 1965 1660 ut
2005 1605 2078 1659 di.

510 1691 639 1745 vina
677 1693 937 1762 mysteria
971 1702 1254 1764 perageret
1303 1693 1400 1766 (4).
1455 1694 1575 1760 Quo
1617 1703 1860 1766 tempore
1897 1695 2087 1771 [ιονιξ]

2191 516 2320 589 έστη
2345 517 2654 591 ἔμπροσθεν
2680 520 2781 592 τῆς
2811 520 3030 576 συνόδου
3051 537 3065 550 ⁶
3097 521 3194 575 καὶ
3218 519 3369 592 λέγει
3415 523 3555 596 αὐτῇ
3595 527 3626 580 ὁ
3655 527 3768 584 πά-

2193 624 2299 674 πας
2315 624 2330 636 θ
2355 607 2572 680 Ταύτην
2605 626 2689 662 σοι
2713 605 2812 678 τὴν
2835 609 3003 666 παῖδα
3022 609 3392 684 παρατίθημι,
3417 613 3562 684 κυρά
3579 613 3765 687 ἅμμα,

2193 695 2280 760 ἱζνα
2331 695 2671 769 ὲπιμελήσῃς
2717 697 2819 768 τῆς
2875 697 3056 770 ψυχῆς
3111 698 3304 771 αὐτῆς,
3359 700 3457 754 καὶ
3503 703 3768 774 παραδῷς

2191 783 2420 838 ἄσπιλον
2445 786 2504 838 ἐν
2529 788 2594 856 τῇ
2617 786 2802 858 ἡμέρᾳ
2828 787 2922 842 τοῦ
2946 788 3176 860 Κυρίου,
3205 788 3302 842 καὶ
3323 791 3458 860 παρ’
3479 790 3647 848 αὐτοῦ
3672 793 3770 848 τὸν

2194 871 2384 940 μισθὸν
2412 872 2662 944 κομίσῃς.
2693 875 2764 926 Ἥ
2791 875 2849 928 δὲ
2881 871 3054 929 εἶπενο
3087 875 3320 942 Γένοιτο,
3351 877 3528 947 κύριε,
3558 879 3636 945 ὡς
3667 897 3765 935 κε-

2192 963 2386 1028 λεύεις.
2427 965 2538 1018 Καὶ
2581 965 2800 1020 πάντων
2835 967 2970 1041 αὐτῇ
3010 967 3417 1039 ὲπευξαμένων,
3451 971 3768 1042 παρέλαϐεν

2190 1055 2358 1126 αὐτὴν
2405 1057 2438 1126 ή
2467 1055 2732 1120 διάκονος,
2768 1057 2863 1111 καὶ
2899 1058 3028 1112 ἄπιε
3058 1061 3114 1112 ὲν
3147 1059 3226 1130 τῷ
3261 1065 3610 1137 μοναστηρίῳ
3646 1065 3766 1136 μετ’

2191 1148 2388 1218 αὐτῆςο
2424 1149 2646 1203 κάκεῖσε
2677 1149 2948 1220 διέτριψεν
2977 1148 3070 1226 έτη
3103 1150 3276 1209 εἴκοσι
3303 1153 3398 1208 δύο
3422 1156 3480 1213 ἐν
3509 1155 3768 1230 μετανοίᾳ

2189 1239 2282 1290 καὶ
2309 1237 2708 1310 ἐξομολογήσει,
2747 1240 2840 1294 καὶ
2879 1239 3096 1309 ἀγῶνοις
3141 1243 3371 1310 πολλοὺς
3410 1247 3763 1320 ὲνδειξαμένη

2189 1329 2561 1403 ἐτελεύτησεν.

2258 1509 2339 1562 II'.
2377 1509 2488 1580 Τῆς
2518 1511 2748 1582 ἐννάτης
2775 1511 2832 1566 δὲ
2860 1511 3167 1584 φθασάσης.
3205 1515 3579 1587 προετρέψατο
3605 1518 3635 1570 ὁ
3657 1517 3766 1571 πά-

2158 1611 2298 1662 ·πας
2349 1599 2440 1655 τὸν
2501 1599 2770 1670 μακάριον
2823 1601 3124 1674 Γρηγόριον
3168 1603 3262 1658 τοῦ
3309 1606 3622 1661 ἐπιτελέσαι
3664 1609 3766 1680 τὴν

2191 1686 2340 1740 Θείαν
2379 1689 2788 1758 μυσταγωγίαν.
2821 1692 2886 1744 Οἱ
2919 1690 2974 1744 δὲ
3015 1686 3112 1763 τῆς
3142 1693 3435 1766 Ἀνατολῆς
3473 1692 3764 1750 ἐπίσκοποι

513 1779 754 1836 Orientis
792 1779 1032 1851 episc0pi
1059 1783 1257 1850 aliique
1299 1798 1330 1836 e
1359 1764 1574 1853 synodo
1606 1764 1868 1852 Spir—itum
1898 1764 2087 1854 gratiae

2191 1777 2286 1829 καὶ
2312 1777 2463 1830 ἄλλοι
2493 1779 2556 1832 ὲκ
2585 1781 2682 1850 τῆς
2713 1781 2930 1838 συνόδου
2965 1781 3262 1840 ἐθεάσαντο
3291 1764 3509 1857 πνεῦμα
3536 1787 3636 1857 τῆς
3659 1789 3759 1858 χά-

513 1871 768 1926 viderunt
811 1882 1001 1928 sancto
1046 1874 1165 1930 viro
1196 1875 1737 1946 superimminentem
1763 1893 1778 1938 ;
1809 1871 1957 1946 quod
1983 1875 2090 1932 illis

515 1962 825 2018 sanctitatis
853 1964 974 2033 ejus
995 1979 1272 2020 summum
1301 1975 1682 2036 argumentum
1713 1965 1814 2020 fuit
1840 1984 1853 2020 :
1887 1981 2010 2020 nam
2037 1975 2092 2021 et

514 2055 622 2126 ipsi
657 2055 766 2111 Deo
809 2056 1101 2112 admodum
1137 2058 1343 2127 accepti
1381 2067 1556 2124 erant,
1622 2057 1908 2127 sanctique
1949 2047 2090 2127 ‘Spi-

515 2146 654 2201 ritus
713 2146 1024 2217 participes.
1075 2145 1149 2202 Ut
1179 2163 1310 2202 vero
1356 2155 1606 2204 sanctum
1661 2146 1876 2203 Domini
1916 2149 2089 2204 nostri

511 2233 640 2290 Jesu
669 2235 871 2292 Christi
895 2253 1094 2306 corpus
1123 2253 1187 2293 ac
1214 2239 1512 2310 pretiosum
1546 2240 1865 2310 sanguinem
1889 2255 1920 2296 e
1947 2241 2090 2296 beati

513 2325 760 2396 Gregorii
817 2329 1070 2386 manibus
1118 2337 1474 2400 acceperunt,
1529 2329 1712 2386 cibum
1769 2331 1966 2388 deinde
2021 2333 2089 2387 ad

512 2417 788 2487 ponliticis
833 2419 1055 2472 maximi
1096 2434 1342 2474 mensam
1399 2435 1706 2490 sumpsere,
1739 2430 1852 2476 tum
1893 2422 2090 2492 quietis

513 2519 682 2561 causa
741 2507 984 2576 episcOpi
1036 2508 1288 2563 eumdem
1342 2523 1534 2564 omnes
1566 2509 1620 2563 in
1671 2511 1848 2564 locum
1887 2511 2088 2565 reversi

515 2594 926 2652 sunt..Noctem
965 2605 1144 2652 tamen
1179 2606 1348 2652 totam
1383 2599 1652 2670 usque’ad
1683 2600 1856 2655 lucem
1901 2601 2088 2671 vigila-

515 2700 663 2758 runt,
697 2693 762 2746 de
797 2692 1077 2747 communi
1109 2692 1284 2747 salute
1328 2709 1392 2748 ac
1421 2693 1488 2747 de
1516 2695 1632 2750 utili
1665 2696 1880 2765 pietatis
1911 2697 2091 2752 studio

515 2780 870 2836 disserentes.
895 2781 1083 2834 Primo
1116 2790 1298 2835 autem
1325 2781 1568 2839 diluculo
1601 2782 1922 2854 Gregorium
1955 2799 2090 2854 pon-

516 2867 650 2922 tifex
676 2868 950 2922 maximus
973 2869 1278 2936 arcessivit,
1303 2877 1356 2925 et
1381 2871 1524 2926 hunc
1545 2887 1668 2926 cum
1691 2889 1756 2927 eo
1782 2889 2086 2928 sermonem

515 2959 707 3016 habuit
735 2976 748 3013 :
773 2959 936 3026 Audi,
969 2959 1066 3026 lili,
1097 2975 1366 3030 exponam
1403 2963 1547 3016 enim
1583 2964 1678 3018 tibi
1711 2965 1862 3020 urbis
1891 2975 2091 3020 nostrae

2196 1887 2342 1942 ριτος
2391 1873 2824 1944 κατασκηνῶσαν
2854 1875 2944 1930 τὸν
2975 1876 3152 1948 ἅγιον,
3185 1879 3280 1932 καὶ
3311 1880 3767 1954 ὲπληροφορὴθηο

2196 1977 2294 2015 σαν
2323 1963 2404 2025 εἰς
2438 1962 2604 2016 αὐτόν
2631 1980 2646 1995 ο
2673 1959 2816 2034 ἦσαν
2861 1966 2970 2036 γὰρ
3009 1968 3162 2023 αὐτοὶ
3188 1969 3485 2040 ἠξιωμένοι
3516 1972 3764 2042 χάριτος,

2192 2053 2286 2106 καὶ
2311 2053 2628 2124 Πνεύματος
2661 2055 2819 2124 ἁγίου
2860 2057 3204 2130 μετέχοντες.
3236 2061 3684 2132 Κοινωνήσαντες
3707 2062 3768 2118 δὲ

2191 2143 2284 2197 τοῦ
2309 2144 2468 2212 ἁγίου
2497 2144 2752 2218 σώματος
2787 2147 2883 2202 καὶ
2905 2149 3000 2202 τοῦ
3045 2150 3228 2219 τιμίου
3267 2152 3500 2224 αἵματος
3530 2151 3625 2206 τοῦ
3651 2155 3766 2210 Κυ-

2193 2234 2310 2306 ρίου
2345 2234 2506 2306 ἡμῶν
2544 2235 2716 2307 Ἰησοῦ
2748 2238 2987 2310 Χριστοῦ
3017 2239 3106 2294 διὰ
3130 2240 3331 2314 χειρῶν
3364 2241 3458 2296 τοῦ
3490 2245 3766 2316 μακαρίου

2193 2326 2516 2397 Γρηγορίου,
2551 2327 2754 2397 ἔφαγον
2781 2328 2946 2402 ἄρτον
2974 2331 3034 2384 ὲν
3073 2334 3140 2403 τῇ
3175 2333 3429 2408 τραπέζῃ
3453 2333 3552 2389 τοῦ
3581 2337 3764 2402 πάπα,

2192 2417 2286 2470 καὶ
2317 2417 2688 2487 ἐκοιμήθησαν
2733 2418 2788 2474 ὲν
2832 2417 2910 2490 τῷ
2961 2420 3078 2491 ἃμα
3117 2423 3165 2474 οί
3206 2423 3518 2481 ἐπίσκοποι.
3574 2425 3768 2480 Πᾶσαν

2189 2505 2247 2558 δὲ
2275 2505 2374 2578 τὴν
2399 2506 2568 2562 νύκτα
2598 2508 2794 2564 ἄϋπνοι
2821 2509 3127 2565 διετέλεσαν
3153 2513 3258 2577 ἕως
3287 2513 3491 2584 ὄρθρου
3517 2514 3767 2586 διαλεγὸ-

2195 2614 2348 2666 μενοι
2377 2599 2506 2669 περί⁹
2545 2601 2819 2672 σωτηρίας
2850 2603 2920 2654 τὰ
2973 2605 3316 2660 συντείνοντα
3355 2607 3435 2669 είς
3471 2605 3764 2678 ὠφέλειαν.

2193 2689 2413 2760 Πρωΐας
2458 2690 2518 2742 δὲ
2583 2692 2884 2765 γενομένης
2944 2695 3466 2766 προσκαλεσάμενος
3499 2700 3528 2751 ὁ
3575 2699 3768 2763 πάπας

2192 2783 2282 2835 τὸν
2339 2783 2674 2854 Γρηγόριον,
2707 2783 2854 2852 λέγει
2883 2784 3064 2855 αύτῷ·
3103 2770 3391 2854 ἶἌκουσον,
3419 2789 3638 2852 τέκνον.
3672 2790 3769 2844 καὶ

2191 2873 2528 2945 διηγήσομαί
2559 2891 2644 2928 σοι
2681 2874 2742 2929 τὸ
2785 2877 3000 2948 συμϐὰν
3027 2879 3159 2949 ἡμῖν
3187 2881 3247 2933 ὲν
3286 2883 3352 2954 τῇ
3385 2881 3539 2936 πόλει
3568 2881 3766 2954 ταύτῃ.

2195 2963 2478 3018 καὶτοῦτο
2520 2964 2662 3034 λέγω
2699 2965 2786 3020 διὰ
2829 2966 2929 3032 τὰς
2963 2969 3238 3042 ἡμετέρας
3280 2972 3582 3045 ἁμαρτίας.
3620 2970 3769 3028 Ξύλα

517 3053 906 3120 calamitatem,
960 3070 1127 3124 quam
1165 3055 1352 3126 utique
1383 3067 1606 3128 propter
1652 3057 1854 3126 ﬂagitia
1905 3069 2087 3116 nostra

2194 3056 2547 3126 ἀνεφάνησαν
2591 3057 2952 3126 είσερχόμενα
2997 3057 3088 3111 διὰ
3119 3059 3213 3112 τοῦ
3249 3061 3494 3132 ποταμοῦ
3531 3065 3610 3127 εἰς
3639 3063 3766 3127 τοὺς

517 3147 809 3217 contigisse
843 3146 1040 3204 lateor.
1101 3147 1306 3205 Trabes
1343 3150 1592 3220 quaedam
1641 3166 1737 3221 per
1759 3149 1958 3206 ﬂumen
1994 3155 2092 3207 ad~

516 3239 856 3294 vehebantur
900 3239 968 3294 ad
1026 3239 1256 3296 Sanctos
1303 3241 1615 3312 Apostolos.
1648 3241 1742 3298 Hae
1783 3243 1848 3327 _in
1900 3244 2088 3299 urbem

514 3339 897 3402 pervenerant,
931 3341 1054 3386 eum
1091 3332 1270 3387 medio
1305 3333 1357 3386 in
1392 3331 1617 3390 ﬂumine
1651 3341 1908 3404 tanquam
1940 3350 2091 3390 com-

517 3427 690 3491 pactae
725 3431 819 3476 aut
867 3422 1014 3478 ferro
1049 3422 1170 3478 ﬁxae
1202 3425 1586 3480 constiterunt.
1619 3423 1807 3495 itaque
1842 3426 2089 3482 clausum

518 3513 573 3566 in
606 3511 794 3567 urbem
821 3511 1028 3567 aditum
1059 3513 1345 3580 habemus,
1379 3523 1440 3568 ut
1469 3529 1644 3584 neque
1675 3515 1880 3588 ingredi
1916 3533 2092 3589 neque

517 3603 698 3674 egredi
735 3602 948 3673 navigia
989 3603 1236 3672 possint;
1273 3617 1334 3659 ea
1372 3619 1460 3659 res
1489 3605 1634 3660 cives
1665 3605 1961 3676 plurimum
1991 3624 2092 3662 an-

517 3696 594 3764 git
630 3711 646 3748 :
677 3710 803 3748 nam
855 3709 996 3766 saepe
1037 3709 1234 3752 manus
1283 3696 1644 3762 admovimus,
1695 3713 1795 3753 nec
1843 3714 1938 3755 eas
1966 3714 2090 3770 per-

517 3785 735 3840 trahere
765 3801 1006 3854 unquam
1048 3787 1348 3855 potuimus.
1387 3786 1676 3844 Enimvero
1705 3791 1964 3860 quoniam
2001 3791 2090 3846 hic

515 3890 616 3931 vos
647 3876 802 3944 estis,
839 3875 1072 3932 obsecro
1117 3890 1234 3945 vos,
1271 3887 1332 3933 ut
1379 3892 1446 3933 eo
1495 3894 1670 3948 usque
1713 3881 1971 3937 accedere
2023 3897 2092 3937 ne

518 3967 852 4040 gravemini;
906 3983 1066 4038 spero
1117 3968 1264 4023 enim
1315 3967 1451 4034 fore,
1505 3980 1565 4024 ut
1605 3969 1872 4026 Dominus
1901 3986 2091 4040 preces

517 4067 730 4115 vestras
759 4060 1033 4114 exaudiat.
1075 4057 1175 4120 Cui
1207 4059 1501 4131 Gregorius
1531 4063 1864 4130 respondens
1899 4080 1913 4117 :
1961 4061 2090 4117 0m-

517 4149 672 4213 nino,
696 4147 894 4218 inquit,
923 4155 984 4203 ut
1005 4149 1190 4220 jubes,
1239 4164 1439 4219 parens
1491 4159 1680 4204 noster
1725 4152 2086 4208 sanctissime.

519 4236 750 4310 Signum
775 4240 941 4311 igitur
973 4241 1155 4296 tabula
1187 4241 1305 4296 dari
1334 4238 1579 4310 pontifex
1609 4242 1880 4298 maximus
1900 4241 2087 4312 jussit,

2205 3144 2422 3212 ’Δγίους
2469 3144 2826 3209 Ἀποστόλους
2847 3161 2861 3176 ο
2891 3147 2985 3202 καὶ
3006 3146 3358 3202 εἰσελθόντων
3379 3150 3578 3217 αὐτῶν,
3607 3151 3768 3220 ἑστη-

2194 3254 2295 3292 σαν
2327 3238 2490 3308 μέσον
2517 3236 2608 3290 τοῦ
2641 3237 2888 3311 ποταμοῦ
2936 3238 3012 3302 ὡς
3046 3240 3354 3310 πεπηγότα,
3383 3241 3417 3313 ἢ
3445 3242 3518 3304 ὡς
3552 3241 3658 3296 ὑπὸ
3685 3259 3769 3296 σι-

2191 3328 2358 3400 δήρου
2388 3329 2791 3398 ἅσςραλισθέντα
2817 3345 2830 3358 ⁸
2859 3330 2954 3384 καὶ
2999 3331 3368 3402 κεκράτηνται
3395 3331 3488 3385 ὑπ’
3523 3333 3708 3389 αὐτῶν
3734 3337 3768 3404 ἡ

2190 3419 2397 3484 εἴσοδος
2415 3421 2514 3493 τῆς
2539 3421 2746 3485 πόλεως
2770 3420 2866 3474 καὶ
2905 3423 2938 3492 η
2977 3420 3084 3474 τῶν
3107 3421 3325 3486 πλοίων,
3359 3423 3452 3477 καὶ
3489 3421 3612 3476 οὔτε
3647 3427 3760 3476 εἱσι

2193 3511 2449 3582 έρχονται
2471 3511 2538 3564 τὰ
2565 3511 2744 3577 πλοῖα,
2771 3511 2897 3564 οὔτε
2923 3511 3266 3584 ἐξέρχονται·
3299 3512 3394 3568 καὶ
3421 3512 3570 3576 ἔστιν
3596 3514 3765 3584 πολλὴ

2192 3599 2370 3669 θλίψις
2396 3603 2455 3655 ὲν
2483 3604 2550 3672 τῇ
2574 3602 2726 3654 πόλει
2777 3601 2962 3655 ἕνεκεν
2997 3601 3212 3657 τούτου.
3242 3603 3510 3668 Πολλάκις
3539 3604 3649 3674 γὰρ
3677 3603 3766 3656 δο-

2191 3693 2529 3762 κιμάσαντες
2553 3693 2652 3746 οὐκ
2689 3691 2990 3765 ἰσχύσαμεν
3025 3693 3253 3748 ἑλκύσαι
3301 3693 3462 3746 αὐτά.
3501 3693 3642 3746 Ἀλλ’
3671 3688 3766 3746 οῦν

2189 3784 2359 3838 ὀντων
2413 3783 2568 3854 ὑμῶν
2622 3783 2856 3837 ἐνταῦθα
2877 3821 2892 3847 ,
2923 3785 3226 3854 παρακαλῶ
3277 3783 3572 3854 σκυλθῆναι
3616 3785 3767 3853 ὑμᾶς

2190 3877 2295 3939 ἕως
2352 3875 2534 3929 ἐκεῖσε
2561 3917 2576 3943 ,
2611 3875 2706 3928 καὶ
2753 3875 2841 3927 διὰ
2875 3876 2982 3928 τῶν
3013 3876 3191 3949 εὐχῶν
3218 3875 3372 3946 ὑμῶν
3397 3876 3764 3929 ἐπακούσεται

2191 3967 2345 4037 ὑμῶν
2367 3969 2395 4020 ὁ
2423 3965 2646 4036 Κύριος.
2693 3967 2750 4020 Ὁ
2775 3965 2832 4020 δὲ
2860 3966 3179 4038 ἀποκριθεὶς
3216 3962 3368 4020 εἶπεν
3392 3980 3407 3996 ο
3439 3967 3526 4030 Ὠς
3552 3964 3766 4020 κελεύει

2191 4059 2224 4128 ἡ
2259 4057 2353 4110 τοῦ
2382 4056 2560 4110 κοινοῦ
2587 4058 2619 4127 ἡ
2629 4055 2744 4128 μῶν
2777 4055 2991 4129 Πατρὸς
3021 4056 3322 4130 ἁγιωσύνη.
3369 4056 3687 4110 Ἐκέλευσεν
3705 4055 3764 4110 δὲ

2193 4150 2222 4201 ὁ
2261 4149 2450 4212 πάπας
2493 4146 2824 4218 κρουσθῆναι
2856 4147 2916 4200 τὸ
2951 4145 3127 4212 ξύλον,
3167 4150 3262 4200 καὶ
3302 4145 3764 4219 συναθροισθῆναι

2191 4242 2374 4296 πᾶσαν
2394 4239 2494 4312 τὴν
2527 4239 2684 4293 πόλιν
2711 4240 2804 4292 καὶ
2841 4238 2912 4293 τὰ
2939 4240 3298 4311 μοναστήρια,
3329 4239 3426 4294 καὶ
3457 4239 3638 4292 πάντα
3671 4238 3764 4290 τὸν

515 4383 650 4429 tam.
699 4375 788 4454 ξῃῆ
812 4375 1021 4454 synodo
1069 4373 1216 4454 enim
1277 4373 1525 4454 [tertiana
1580 4375 1684 4454 sub
1735 4375 2085 4454 Symmacho,
2120 4392 2164 4448 ι)
2195 4377 2345 4454 litate
2369 4385 2422 4430 et
2447 4375 3112 4454 stipendiamonacliorum
3137 4375 3520 4454 diunoctuque
3537 4371 3764 4454 Domino

518 4460 663 4518 anno
687 4445 791 4518 499
822 4444 1056 4518 decretis
1085 4445 1421 4518 subscripsit
1452 4444 1790 4518 _M_arc_ianus
1820 4447 2089 4518 presbyter
2123 4444 2146 4448 ”
2193 4447 2302 4500 Deo
2331 4455 2510 4502 nostro
2557 4446 2826 4518 devotione
2854 4445 3033 4518 debita
3067 4445 3448 4515 persolvendis.
3483 4444 3764 4498 Pcrtinent

519 4514 661 4586 tituli
701 4513 912 4586 Sanctae
957 4511 1207 4586 Cingilia,
1269 4511 1330 4586 ut
1379 4515 1578 4586 deinde
1615 4515 1685 4586 in,
1723 4511 1932 4586 synodo
1974 4511 2086 4573 sub

517 4584 780 4652 Gregorio
825 4583 1022 4653 Magno
1057 4583 1239 4638 Victor
1267 4582 1482 4638 Sanctae
1509 4582 1769 4641 Caeciliae;
1792 4585 1866 4640 De
1898 4602 2090 4642 mona-

499 4653 711 4724 ‘sterioA
739 4668 842 4723 ego
898 4663 1110 4724 tantum
1147 4653 1416 4724 affirmare
1449 4669 1696 4724 possum,
1754 4671 1942 4710 revera
1978 4658 2089 4714 illic

521 4733 648 4778 ante
683 4721 966 4778 Paschalis
997 4723 1018 4778 ι
1047 4732 1260 4780 aetatem
1297 4721 1468 4779 fuisse
1496 4727 1580 4778 vel
1615 4725 1855 4780 virorum
1885 4727 1970 4780 vel
2012 4727 2090 4782 fe-

518 4794 793 4864 minarum
827 4811 840 4848 :
869 4793 1072 4848 indicat
1118 4793 1262 4847 enim
1287 4793 1495 4864 ipsein
1536 4795 1766 4864 epistola
1801 4794 1880 4850 De
1909 4798 2088 4851 inven-

521 4865 658 4933 tione
681 4863 1025 4933 reliquiarum
1053 4871 1250 4918 sant-tte
1273 4861 1504 4918 Caeciliae
1531 4861 1698 4933 (apud
1726 4863 1891 4921 Hard.
1923 4865 2085 4922 Cone.

522 4880 658 4916 uane
681 4880 776 4917 reti
816 4880 1025 4918 uiarum
1053 4880 1250 4918 sant-tte
1273 4880 1504 4918 uwcuue
1531 4880 1698 4933 tapuu
1726 4880 1891 4921 uaru.
1923 4880 2085 4922 conc.

522 4942 560 4985 t.
585 4931 677 4997 ιν,
699 4949 751 5004 p.
777 4880 960 5004 1225).
993 4933 1098 4988 Sed
1121 4941 1301 5004 tamen
1331 4933 1477 4987 haud
1501 4933 1660 4988 facile
1683 4943 1929 5004 apparet,
1955 4938 2088 4992 viri-

523 5017 592 5075 ue
619 5017 689 5057 an
711 5002 926 5075 feminae
955 5011 1114 5075 antea
1147 5002 1470 5075 incolerent,
1493 5019 1556 5075 ac
1579 5002 1854 5074 num’i’pse
1876 5010 2087 5075 primus

523 5071 672 5126 viros
728 5071 1024 5140 induxerit,
1056 5089 1125 5127 an
1163 5081 1376 5128 veteres
1409 5073 1617 5130 incolas
1653 5071 1956 5130 retinuerit.
1997 5077 2088 5133 Sic

521 5142 689 5206 enim,
723 5151 1007 5210 postquam
1035 5145 1102 5199 de
1133 5143 1333 5209 templo
1361 5158 1394 5197 a
1424 5158 1484 5198 se
1513 5144 1764 5199 restituto
1791 5144 1950 5209 divit,
1982 5162 2086 5202 ete-

524 5221 636 5284 tera
660 5211 994 5284 quaaibidem
1027 5211 1252 5280 perfecit
1279 5223 1500 5268 enarrat
1533 5231 1547 5268 :
1581 5213 1765 5284 Ibique
1781 5217 1851 5268 ad
1876 5214 2086 5272 laudem

520 5281 789 5335 Creatoris
828 5281 1127 5336 instaurata
1179 5283 1498 5338 monasterio
1547 5281 1816 5339 beatorum
1862 5286 2086 5341 Andreae

521 5351 749 5420 apostoli
793 5361 844 5406 et
874 5349 1112 5422 Gregorii
1139 5354 1456 5422 confessoris
1477 5393 1492 5417 ,
1529 5369 1725 5409 necnon
1753 5355 1807 5408 in
1837 5355 2082 5410 honorem

522 5431 828 5493 sanctarum
852 5423 1112 5493 uirginum
1135 5433 1187 5484 et
1214 5432 1506 5492 martyrum
1527 5424 1746 5493 Agathta
1763 5435 1812 5478 et
1831 5425 2081 5492 (Σακαίαν,

519 5492 666 5564 infra
693 5491 984 5548 Ecclesium
1012 5494 1066 5546 in
1095 5492 1229 5564 loco,
1263 5491 1371 5564 qui"
1385 5491 1590 5548 dicitur
1615 5495 1782 5550 Collis
1814 5495 2081 5564 jacentis:

519 5563 574 5616 in
603 5579 704 5634 quo
735 5563 1111 5636 monachorum
1164 5563 1276 5618 Deo
1304 5563 1640 5636 servientium
1692 5563 2084 5636 congregationi

519 5636 762 5688 unanimi
810 5635 1168 5690 consumimus
1216 5650 1312 5704 pro
1341 5635 1662 5704 qttotidianis
1715 5635 1984 5701 laudibus,
2031 5648 2080 5689 et

517 5715 611 5766 pro
660 5704 892 5760 subsidio
934 5713 984 5761 et
1037 5705 1379 5760 luminarium
1407 5705 1816 5774 continuatione,
1852 5721 1940 5759 seu
1977 5707 2082 5759 uti-

2191 4525 2371 4572 autem
2399 4518 2511 4570 haec
2542 4516 2609 4569 ad
2633 4529 2837 4571 annum
2861 4515 2986 4570 821.

2263 4587 2340 4656 (Α)
2374 4585 2586 4656 Similia
2613 4602 2672 4641 se
2694 4585 3015 4656 praestitisse
3036 4583 3333 4656 Gregorius
3367 4581 3741 4656 Magnusgcun

2190 4652 2374 4712 Leone
2423 4652 3040 4726 episcopo'Catanensi,
3091 4655 3342 4726 scripsit_
3361 4655 3427 4706 ad
3465 4652 3748 4726 sustinuit

2189 4720 2476 4797 praetorem
2507 4720 2730 4790 Siciliae,
2763 4732 3050 4794 postquam
3080 4720 3274 4797 nempe
3296 4720 3537 4797 _Rom_am
3569 4723 3744 4775 eoden

2189 4793 2301 4865 quo
2339 4803 2526 4850 noster
2557 4793 2799 4862 tempore
2833 4803 3082 4865 vocatus,
3122 4808 3180 4847 se
3210 4794 3262 4865 i_n
3289 4793 3500 4860 judicio
3537 4805 3738 4860 purgas

2190 4862 2272 4920 set
2296 4865 2602 4936 :Quoniam
2628 4867 2823 4936 igitur,
2849 4862 3048 4936 inquit,
3086 4863 3330 4936 quadam
3369 4873 3555 4915 contra
3583 4873 3751 4936 sacer-

2188 4935 2366 4990 dotale
2418 4931 2746 5004 propositum
2787 4933 2852 4986 de
2893 4931 3066 4987 Leone
3126 4933 3293 5002 fratre
3353 4940 3403 4985 et
3461 4931 3754 4999 coepiscopt‘

2189 5015 2370 5060 nostra
2403 5005 2617 5058 sinister
2650 5019 2833 5058 rumor
2858 5013 3172 5070 asperserat,
3200 5011 3381 5055 utrum
3409 5017 3529 5056 vera
3561 5007 3756 5060 essent,

2188 5076 2438 5149 districta
2479 5072 2950 5149 diutiusfecimus
2992 5073 3334 5149 inquisitione
3377 5071 3648 5149 perquiri;
3681 5079 3762 5149 ,ει

2189 5145 2391 5199 nullam
2419 5145 2475 5199 in
2509 5160 2570 5198 co
2603 5144 2667 5198 de
2697 5141 2789 5206 iis,
2833 5158 2950 5212 qua:
2987 5141 3131 5196 dicta
3164 5143 3397 5211 fuerant,
3433 5141 3642 5211 culpam
3675 5141 3760 5190 in-

2187 5216 2442 5290 venimus.
2479 5213 2595 5290 Sed
2613 5230 2678 5269 ne
2709 5213 3130 5290 quid_uideretur
3154 5213 3427 5290 omissum,
3447 5222 3552 5290 aut
3577 5217 3759 5290 nostra

2185 5285 2438 5360 potuisset
2466 5285 2686 5339 dubium
2709 5280 2856 5360 cordi
2895 5299 3182 5360 remanere,
3211 5282 3281 5336 ad
3321 5281 3458 5360 beati
3491 5280 3648 5360 [fatri
3669 5293 3761 5360 stt-

2187 5347 2546 5410 cratissimum
2577 5371 2763 5424 corpus
2802 5355 3193 5424 districtageum
3241 5367 3308 5406 ex
3356 5351 3648 5424 abundanti
3679 5347 3762 5416 fe-

2187 5428 2353 5480 cimus
2381 5421 2714 5500 sacrantenta
2743 5423 2990 5500 praebere.
3027 5421 3230 5500 Quibus
3257 5421 3534 5500 praestitis,
3568 5432 3759 5498 magna

2185 5511 2370 5552 sumus
2409 5491 2760 5574 exsultatione
2813 5495 2998 5574 gavisi,
3023 5493 3180 5574 quod
3210 5491 3760 5574 hujusmads'ngfttpeij-

2187 5574 2359 5620 mento
2420 5568 2723 5622 innocentia
2789 5559 2904 5634 eius
2954 5559 3214 5620 euidenter
3272 5559 3462 5617 enituit
3515 5559 3632 5628 (lib.
3689 5569 3756 5622 tt,

2186 5637 2345 5706 epist.
2375 5636 2486 5706 53).
