4104 6262
508 343 614 410 695

1495 350 1556 411 S.
1598 349 1975 413 GREGORII
2008 351 2522 417 AGRIGENTINI
2578 351 2776 416 VITA.

3659 354 3769 417 δαὶ

506 455 612 510 bus
671 452 812 513 ait:
877 451 1160 524 Accedite:
1199 467 1266 510 ac
1351 453 1534 513 trabes
1600 457 1920 527 pertrahite.
1997 455 2070 511 Illi

2187 459 2416 527 μαντίου
2460 457 2652 523 αὐτοῦ,
2685 458 2782 513 καὶ
2825 456 2976 525 λέγει
3003 455 3121 521 τοῖς
3149 456 3499 530 παρεστῶσιν
3521 474 3537 492 ο
3575 459 3766 530 Ἐγγε-

505 564 635 605 vero
702 547 870 603 simul
925 555 1092 618 atque
1149 554 1499 604 accurrentes
1581 548 1832 604 trabibus
1884 563 2080 604 manus

507 637 751 708 iniecere
783 677 798 702 ,
877 635 1028 692 illico
1115 635 1302 691 trabes
1380 649 1447 690 ex
1526 651 1671 708 aqua
1737 637 2081 702 extrahunt,

503 737 670 798 atque
721 727 780 781 in
823 735 1023 782 terram
1059 727 1356 782 adducunt.
1435 725 1574 782 Tum
1637 743 1730 784 eas
1787 737 2081 786 tractantes

501 819 914 890 inscriptionem
962 818 1098 888 ipsis
1129 819 1368 874 additam
1402 819 1731 888 inveniunt,
1781 836 1902 892 qua:
1942 822 2082 877 indi-

505 919 678 974 caret,
715 909 958 980 quinque
988 924 1058 964 ex
1110 909 1218 964 illis
1249 911 1316 966 ad
1349 920 1602 966 sanetum
1637 911 1938 982 principem
1977 913 2078 968 Pe-

446 1047 450 1051 ,
503 1011 674 1065 trum,
708 983 954 1070 quinque
994 1001 1062 1056 ad
1097 1017 1195 1057 vas
1217 1003 1506 1058 electionis
1532 1001 1760 1059 Paulum
1785 1004 2075 1074 pertinuere.

500 1092 710 1148 Interea
742 1090 988 1162 pontifex
1020 1094 1293 1148 maximus
1319 1105 1370 1150 et
1422 1095 1667 1166 episcopi
1697 1111 1892 1153 omnes
1914 1107 2079 1169 atque

503 1185 793 1242 universus
838 1186 1096 1255 populus,
1139 1187 1232 1256 qui
1291 1187 1527 1258 prodigii
1574 1196 1907 1258 spectatores
1958 1189 2076 1246 fue-

500 1287 644 1346 rant,
677 1290 898 1349 stupore
921 1278 1158 1348 perculsi
1183 1279 1441 1335 aiebant:
1467 1279 1559 1335 Nae
1593 1281 1684 1338 hic
1715 1283 1850 1336 alter
1873 1281 2078 1352 Grego-

497 1371 618 1425 rius
649 1369 1099 1444 Thaumaturgus
1130 1379 1238 1437 est,
1275 1371 1436 1428 terris
1461 1371 1624 1428 hodie
1651 1387 1683 1428 e
1725 1373 1866 1430 coelo
1899 1375 2078 1432 reddi-

501 1471 608 1517 tus.

569 1553 841 1610 LXXXII.
875 1555 970 1611 His
999 1555 1188 1612 Romae
1221 1557 1454 1628 peractis
1483 1599 1498 1623 ,
1547 1573 1673 1614 cum
1731 1575 1926 1632 magna
1953 1575 2074 1616 om-

499 1644 653 1700 nium
681 1646 870 1702 laetitia
902 1647 1122 1715 fuisset,
1155 1651 1220 1703 ad
1250 1664 1383 1704 suas
1437 1649 1658 1706 demum
1691 1651 1848 1707 sedes
1900 1649 2075 1724 [seu]

499 1735 701 1806 singuli
755 1737 1058 1794 redierunt.
1101 1737 1418 1796 Marcianus
1443 1755 1576 1796 vero
1635 1742 1906 1813 negotiis,
1955 1758 2078 1814 quae

2187 565 2317 602 σατε
2351 551 2448 604 καὶ
2473 550 2740 606 ἐλκύσατε
2767 549 2836 605 τὰ
2861 549 3013 616 ξύλα.
3039 550 3104 604 0i
3139 548 3197 603 δὲ
3225 549 3618 622 προσελθόντες
3633 552 3766 606 ἐσαρ

2185 641 2276 694 λον
2313 639 2414 706 τὰς
2439 643 2632 713 χεῖρας
2669 641 2764 696 ἐπὶ
2813 643 2882 697 τὰ
2920 641 3054 708 ξύλα
3076 684 3092 710 ,
3121 643 3218 697 καὶ
3253 643 3485 716 αύτῇτῇ
3509 643 3629 715 ὥρᾳ
3663 647 3762 699 ὲκ-

2182 731 2516 801 ’σπάσθησαν
2547 731 2616 786 τὰ
2637 729 2776 798 ξύλα
2797 731 2863 784 ὲκ
2891 729 2988 784 τοῦ
3019 728 3230 797 ὓδατος,
3263 730 3352 783 κα)
3382 729 3587 801 ἔσυραν
3619 730 3764 785 αὐτὰ

2184 824 2267 885 είς
2296 823 2396 892 τὴν
2418 821 2524 891 γῆν
2543 839 2559 854 ·
2591 811 3143 894 καὶ¹ψηλαφήσαντες
3176 821 3320 877 αὐτὰ
3351 815 3514 892 εὖρον
3547 823 3762 875 ἐπικει-

2186 912 2354 986 μένην
2386 912 2578 976 αὐτοῖς
2608 911 2946 983 ἐπιγραφὴν,
2971 911 3040 965 τὰ
3083 911 3184 982 μὲν
3239 911 3406 964 πέντε
3445 909 3542 964 τοῦ
3597 911 3761 979 ἁγίου

2185 1005 2281 1056 καὶ
2309 1002 2614 1076 κορυφαίου
2637 1003 2867 1074 Πέτρου,
2887 1001 2954 1056 τὰ
2974 1002 3032 1056 δὲ
3056 1002 3194 1058 ἄλλα
3218 1002 3388 1056 πέντε
3402 1001 3499 1055 τοῦ
3527 1003 3762 1066 σκεύους

2182 1096 2282 1165 τῆς
2317 1091 2554 1163 ἐκλογῆς
2575 1091 2816 1146 Παύλου.
2859 1089 3007 1146 Ἰδὼν
3051 1091 3110 1145 δὲ
3147 1093 3176 1144 6
3217 1091 3404 1153 πάπας
3433 1089 3525 1143 καὶ
3551 1091 3600 1142 οῖ
3632 1089 3762 1141 ἐπί-

2184 1200 2381 1238 σκοποι
2407 1185 2610 1247 πάντες
2635 1181 2732 1236 καὶ
2763 1183 2872 1246 πᾶς
2901 1182 2929 1234 6
2956 1181 3085 1245 λαὸς
3112 1183 3214 1251 τῆς
3254 1179 3469 1244 πόλεως
3503 1179 3564 1232 τὸ
3603 1179 3762 1246 γενό-

2191 1293 2352 1348 μενον
2389 1277 2617 1346 σημεῖον
2641 1275 2736 1328 ἐπὶ
2760 1274 2831 1329 τὰ
2863 1273 3018 1341 ξύλα,
3053 1273 3441 1344 ἐξεπλάγησαν
3463 1272 3720 1342 λέγοντες
3740 1287 3757 1302 ’

2201 1367 2444 1438 Ἀληθῶς
2474 1362 2640 1430 οὗτος
2671 1367 2929 1438 δεύτερος
2944 1367 3246 1439 Γρηγόριος
3273 1367 3303 1420 6
3329 1366 3761 1437 Θαυματουργὸς

2184 1459 2430 1531 ἀνεφάνη
2467 1460 2561 1514 ἐπὶ
2590 1459 2693 1530 τῆς
2723 1459 2830 1529 γῆς
2869 1459 3133 1531 σήμερον.

2257 1552 2388 1606 ΠΒ¹.
2428 1551 2650 1606 Τούτων
2677 1551 2734 1604 δὲ
2757 1552 2984 1607 πάντων
3007 1538 3318 1624 γενομένων
3341 1552 3400 1605 ὲν
3428 1549 3634 1622 Ῥώμῃ,
3663 1551 3760 1604 καὶ

2186 1645 2364 1722 χαρᾶας
2423 1643 2808 1716 πληρωθέντες
2835 1683 2852 1709 ,
2883 1643 3126 1714 ἀπῆλθον
3169 1643 3401 1706 ἕκαστος
3444 1644 3505 1696 ὲν
3545 1636 3591 1712 ᾧ
3614 1637 3756 1714 ἦσαν

2184 1737 2475 1804 διάγοντες
2505 1736 2683 1807 τόπῳ.
2717 1736 2907 1790 Πάντα
2939 1735 2997 1790 δὲ
3027 1735 3262 1816 ποιήσας
3286 1737 3314 1790 6
3346 1735 3667 1807 Μαρκιανὸς
3687 1736 3754 1790 τὰ

499 1825 604 1894 ipsi
658 1827 942 1896 piissimus
997 1829 1294 1899 imperator
1348 1841 1538 1887 noster
1587 1809 1941 1889 mandaverat
2020 1835 2070 1888 in

2187 1827 2614 1900 προσταχθέντα
2654 1827 2805 1899 αύτῷ
2835 1827 2986 1896 παρὰ
3031 1827 3129 1880 τοῦ
3171 1809 3567 1881 εὐσεϐεστάτου
3596 1826 3757 1898 ήμῶν

499 1915 638 1970 urbe
683 1915 988 1982 confectis,
1031 1928 1401 1974 commeatum
1445 1935 1475 1974 a
1525 1921 1784 1991 pontifice
1829 1923 2074 1980 maximo

495 2007 673 2075 petiit,
729 2015 788 2062 ut
835 2008 939 2065 sibi
1003 2008 1547 2081 Constantinopolim
1613 2012 1799 2070 redire
1843 2016 2069 2072 liceret:

495 2114 733 2170 eumque
773 2114 840 2154 eo
894 2100 1141 2172 episcopi
1183 2116 1406 2172 quoque
1445 2111 1499 2159 et
1545 2104 1815 2162 diaconus
1861 2106 2076 2164 charto-

495 2190 696 2262 phylax
725 2191 949 2260 petiere.
979 2189 1196 2258 Quibus
1219 2191 1466 2248 Pontifex
1502 2195 1782 2253 maximus
1809 2215 1824 2253 :
1857 2195 2072 2254 Paulis-

491 2296 590 2352 per
618 2284 782 2338 etiam
815 2292 930 2338 tum
960 2299 1057 2341 vos
1093 2300 1298 2352 moror,
1332 2285 1524 2344 Patres
1578 2303 1795 2354 omnes,
1843 2291 1972 2345 dum
2003 2291 2072 2348 de

494 2374 673 2428 sancti
707 2372 959 2444 Gregorii
995 2377 1164 2432 rebus
1205 2379 1582 2449 transigamus
1607 2397 1622 2434 :
1646 2381 1932 2452 iussitque
1982 2397 2074 2454 sy-

494 2467 696 2521 nodum
729 2466 852 2537 cogi
878 2467 934 2522 in
961 2469 1225 2538 templum
1266 2471 1441 2526 sancti
1491 2471 1747 2542 beatique
1790 2473 2065 2544 apostoli:

493 2567 656 2628 atque
690 2557 801 2614 illic
829 2575 956 2617 cum
987 2559 1185 2616 iterum
1210 2563 1606 2628 consedissent,
1633 2563 1850 2620 Siculos
1879 2580 2070 2622 omnes

495 2663 560 2706 ac
603 2650 854 2708 tribunos
905 2659 960 2708 et
1003 2653 1294 2710 archontes
1332 2653 1724 2722 adduxerunt,
1777 2671 1982 2728 eosque
2017 2668 2072 2714 et

490 2738 737 2808 pontifex
769 2741 1042 2796 maximus
1080 2749 1134 2796 et
1180 2741 1418 2814 episcopi
1475 2743 1556 2799 sic
1601 2744 1823 2801 allocuti
1905 2756 2066 2802 sunt:

494 2829 637 2886 Ecce
669 2829 830 2886 Pater
853 2839 1036 2888 vester
1062 2847 1127 2888 ac
1153 2835 1449 2906 magister:
1490 2835 1621 2891 huic
1660 2835 1865 2891 addicti
1915 2851 2067 2892 reve-

490 2922 722 2978 rentiam
777 2931 940 2994 atque
987 2939 1229 2980 amorem
1281 2925 1556 2982 exhibete.
1619 2925 1846 2994 Nostis,
1901 2943 2068 2999 quam

486 3017 674 3086 justus
703 3015 776 3070 sit
803 3015 968 3082 Deus,
1003 3025 1172 3084 utque
1201 3017 1445 3088 singulos
1489 3032 1589 3088 pro
1633 3019 1849 3076 meritis
1881 3034 2066 3076 remu-

432 3117 436 3120 ‘
490 3114 732 3162 neretur.
759 3104 973 3172 Quibus
1005 3105 1081 3160 illi
1107 3107 1497 3176 respondentes
1523 3123 1538 3164 :
1589 3107 1752 3174 Bene,
1781 3109 2056 3179 inquiunt,

490 3197 602 3252 Deo
623 3196 876 3262 dicimus,
899 3197 993 3266 qui
1015 3197 1192 3251 virum
1220 3197 1376 3252 nobis
1398 3197 1788 3268 deditjustum,
1812 3209 1864 3254 et
1887 3200 2058 3268 pium,

491 3294 548 3341 ct
572 3285 910 3357 religiosum,
928 3287 1048 3356 ejus
1078 3287 1448 3344 voluntatibus
1464 3288 1874 3359 obsequentem,
1904 3298 2066 3362 atque

490 3374 809 3432 hominibus
853 3377 1347 3444 demonstrantem,
1377 3394 1542 3447 quam
1595 3389 1782 3436 sancte
1827 3397 1890 3436 ac
1922 3383 2067 3452 puri-

495 3481 578 3524 ter
611 3483 812 3524 numen
843 3468 964 3540 ejus
994 3471 1245 3526 venerari
1294 3480 1565 3540 Oporteat.
1610 3473 1740 3528 Post
1788 3489 1910 3544 quae
1942 3489 2066 3529 sur-

492 3576 627 3631 gens
650 3569 881 3619 sanctus
905 3561 1202 3633 Gregorius
1229 3563 1468 3633 pontifici
1491 3566 1728 3620 maximo
1757 3575 2068 3636 saucueque

494 3655 702 3728 synodo
731 3656 1068 3726 postulatum
1101 3670 1262 3712 suum
1287 3657 1567 3728 proposuit
1595 3657 1680 3712 his
1708 3658 1892 3714 verbis
1917 3677 1930 3712 :
1955 3657 2068 3716 Vos

491 3762 614 3819 ego,
646 3747 838 3805 Patres
865 3750 1062 3816 sancti,
1122 3765 1276 3822 rogo,
1335 3761 1396 3805 ut
1458 3767 1582 3820 quae
1632 3753 1910 3822 Agrigenti
1950 3763 2070 3809 erat

491 3837 689 3895 donius
713 3841 1062 3910 pontiﬁcalis,
1095 3855 1216 3896 eam
1245 3842 1435 3907 everti,
1467 3850 1522 3898 et
1561 3842 1670 3899 alio
1705 3845 1757 3898 in
1786 3845 1907 3900 loco
1945 3846 2068 3900 aedi-

493 3929 645 3985 licari
679 3928 954 4000 iubeatis:
1009 3947 1074 3986 ac
1129 3933 1298 3988 simul
1344 3933 1677 3988 catholicum
1716 3935 1978 4004 templum
2035 3950 2066 3990 a

494 4022 613 4076 solo
631 4023 791 4077 condi
818 4023 1014 4078 velitis.
1038 4023 1172 4078 Nam
1205 4023 1443 4080 Leucius
1466 4024 1556 4079 hic
1586 4025 1878 4080 haereticus
1898 4027 2070 4082 altare

493 4111 796 4180 subvertit,
837 4124 891 4169 et
915 4130 1038 4184 quae
1065 4115 1122 4169 in
1159 4128 1226 4170 eo
1255 4114 1551 4171 recondita:
1595 4123 1777 4178 erant,
1811 4117 2067 4185 reliquias

491 4214 712 4262 sanctas
744 4207 798 4261 in
829 4205 1166 4277 profundum
1201 4205 1457 4276 proiecit.
1491 4205 1572 4260 Ad
1619 4205 1734 4261 haec
1779 4207 2022 4278 synodus
2052 4226 2064 4262 :

492 4296 606 4353 lloc
632 4312 874 4368 quoque,
910 4299 1109 4367 inquit,
1143 4296 1457 4363 sancimus,
1504 4305 1564 4352 ut
1601 4300 2068 4368 quemadmodum

491 4390 650 4458 petis,
679 4391 758 4446 sic
781 4388 965 4446 facere
996 4390 1177 4445 liceat.
1211 4389 1384 4446 Deum
1413 4389 1560 4446 enim
1593 4399 1776 4446 tecum
1815 4407 1938 4448 esse
1971 4408 2070 4449 no-

2187 1917 2460 1988 βασιλέως
2491 1919 2550 1972 ὲν
2586 1921 2654 1988 τῇ
2690 1916 3090 1988 πόλει,ῇτησεν
3109 1915 3202 1970 τὸν
3225 1916 3378 1986 ἅγιον
3397 1915 3601 1971 ⁵πάιιεαν
3624 1917 3756 1970 ἀπο-

2174 2011 2402 2081 κινῆσαι
2437 2011 2540 2065 καὶ
2582 2010 2926 2082 ἀναδραμεῖν
2964 2010 3167 2074 αὐτοὺς
3201 2011 3262 2062 ἐν
3307 2011 3754 2065 Κωνσταντινου-

2177 2103 2354 2157 πόλει.
2371 2103 2611 2173 Ὀμοίως
2626 2103 2720 2156 καὶ
2742 2103 2793 2156 οἱ
2809 2102 3120 2166 ἐπίσκοποι,
3145 2101 3238 2156 καὶ
3259 2103 3288 2155 6
3307 2100 3578 2167 διάκονος,
3604 2101 3699 2155 καὶ
3722 2103 3754 2156 6

2176 2191 2547 2264 χαρτοφύλαξ.
2583 2191 2642 2246 Ὁ
2665 2185 2720 2246 δὲ
2740 2193 2926 2256 πάπας
2951 2192 3140 2261 ἔλεγεν
3158 2193 3340 2256 αὐτοῖς
3356 2208 3371 2224 ο
3402 2193 3748 2260 Ἐκδέξασθε,

2187 2283 2402 2354 Πάτρες
2456 2285 2694 2350 πάντες,
2727 2283 2818 2337 καὶ
2859 2282 3136 2356 ὁρίσωμεν
3178 2285 3247 2338 τὰ
3284 2284 3426 2338 κατὰ
3458 2285 3551 2338 τὸν
3593 2286 3753 2354 ἅγιον

2181 2375 2518 2446 Γρηγόριον.
2559 2373 2876 2428 Ἐκέλευσεν
2908 2373 2964 2427 δὲ
2989 2376 3019 2428 6
3063 2375 3250 2439 πάπας
3282 2375 3616 2446 καθεσθῆναι
3651 2375 3752 2447 τὴν
3789 2435 3792 2437 Α

2185 2465 2401 2520 σύνοδον
2451 2467 2510 2520 ἐν
2539 2464 2618 2536 τῷ
2653 2463 2768 2536 ναῷ
2813 2463 2908 2518 τοῦ
2939 2464 3096 2529 ἁγίου
3134 2466 3228 2518 καὶ
3265 2464 3538 2535 μακαρίου
3584 2465 3751 2516 Ἀπο-

2183 2557 2395 2612 στόλου.
2436 2558 2678 2610 Κάκεῖσε
2717 2557 2880 2612 πάλιν
2926 2556 3254 2620 καθίσαντες
3301 2556 3510 2626 ἧγαγον
3540 2555 3754 2617 πάντας

2189 2651 2316 2715 τοὺς
2346 2649 2622 2718 Σικελοὺς,
2657 2650 2784 2715 τοὺς
2806 2649 3124 2721 τριϐούνους
3175 2650 3272 2702 καὶ
3305 2648 3432 2712 τοὺς
3462 2647 3752 2719 ἄρχοντας,

2185 2741 2279 2796 καὶ
2301 2741 2559 2811 λέγουσιν
2584 2741 2774 2804 αὐτοῖς
2801 2743 2830 2794 6
2859 2741 3058 2804 πάπας¹
3080 2739 3164 2795 (αἱ
3183 2741 3233 2794 oi
3257 2739 3579 2794 ἐπίσκοποι·
3617 2737 3750 2792 Ἰδοὺ

2172 2835 2202 2888 6
2251 2835 2440 2906 Πατὴρ
2485 2833 2642 2901 ὑμῶν
2686 2835 2781 2887 καὶ
2836 2833 3159 2896 διδάσκαλος
3185 2875 3200 2898 ,
3231 2830 3554 2887 δουλεύσατε
3601 2829 3752 2900 αὐτῷ

2173 2927 2330 2998 φόϐῳ
2355 2927 2450 2980 καὶ
2483 2926 2635 2997 πόθῳ
2659 2941 2678 2956 ι
2703 2925 2882 2979 οἴδατε
2915 2924 2978 2978 τὸ
3010 2923 3130 2988 πῶς
3153 2925 3180 2978 6
3207 2924 3340 2988 Θεός
3360 2925 3512 2976 ἐστιν
3541 2921 3752 2985 δίκαιος

2177 3022 2272 3074 καὶ
2295 3009 2670 3074 ἀνταποδίδων
2716 3017 2932 3088 ἑκάστῳ
2979 3015 3122 3070 κατὰ
3169 3015 3238 3068 τὰ
3275 3015 3414 3087 ἔργα
3461 3012 3661 3068 αὑτοῦ.
3684 3012 3752 3067 οι

2171 3115 2228 3168 δὲ
2278 3112 2651 3184 ἀπεκρίναντο
2693 3111 2912 3174 αὐτοῖς’
2941 3105 3288 3178 Εύλογοῦμεν
3336 3105 3430 3159 τὸν
3477 3105 3616 3157 Θεὸν
3659 3103 3752 3157 τὸν

2178 3205 2340 3260 δόντα
2367 3206 2500 3275 ἡμῖν
2523 3201 2691 3274 ἄνδρα
2713 3201 2946 3264 δίκαιον,
2981 3199 3076 3252 καὶ
3104 3195 3328 3264 εὐσεϐῆ,
3353 3194 3446 3247 καὶ
3475 3193 3749 3274 φιλόθεον..

2179 3293 2438 3348 ποιοῦντα
2469 3292 2534 3346 τὰ
2561 3291 2849 3363 θελήματα
2886 3289 3073 3354 αὐτοῦ,
3119 3289 3217 3342 καὶ
3247 3287 3502 3353 δείξαντα
3529 3285 3628 3354 τὴν
3652 3283 3750 3337 τοῦ

2181 3387 2374 3458 ἀνδρὸς
2396 3384 2736 3456 ἀκηλίδωτον
2755 3382 2849 3435 καὶ
2868 3379 3116 3452 καθαρὰν
3138 3379 3273 3450 πρὸς
3294 3377 3456 3432 αὐτὸν
3468 3373 3746 3444 λατρείαν.

2179 3479 2368 3534 Ταῦτα
2397 3480 2454 3532 δὲ
2485 3478 2667 3532 αὐτῶν
2706 3474 2998 3540 εἰπόντων,
3025 3471 3264 3535 ἀναστὰς
3291 3472 3320 3524 6
3350 3471 3504 3538 ἆγιος
3537 3466 3751 3538 Γρηγό-

2181 3588 2296 3644 ριος
2317 3572 2558 3642 ᾐτήσατο
2589 3568 2682 3623 τὸν
2705 3567 2894 3622 πὰπαν
2935 3565 3032 3620 καὶ
3063 3563 3162 3635 τὴν
3194 3563 3360 3632 ἁγίαν
3385 3559 3636 3622 σύνοδον,
3665 3557 3752 3610 λέ-

2179 3680 2294 3733 γων
2323 3682 2336 3696 ’
2370 3663 2588 3732 Πάτρες
2622 3660 2796 3729 ἆγιοι,
2825 3657 2964 3713 αίτῶ
3003 3657 3150 3727 ὑμᾶς
3196 3651 3451 3708 κελεῦσαί
3491 3666 3580 3721 μοι
3620 3645 3750 3720 ἆραι

2177 3755 2238 3809 τὸ
2271 3750 2766 3820 ὲπισκοπεῖον,καὶ
2798 3752 2856 3804 ὲν
2882 3747 3055 3818 ἑτέρῳ
3081 3747 3232 3816 τόπῳ
3255 3747 3314 3800 ὲν
3344 3746 3410 3815 τῇ
3438 3743 3592 3796 πόλει
3619 3741 3753 3794 αὐτὸ

2178 3845 2604 3916 ἀνοικοδομῆσαι
2629 3859 2643 3874 ·
2685 3841 2889 3913 ὁμοίως
2919 3839 3013 3892 καὶ
3035 3835 3334 3906 καθολικὴν
3365 3833 3663 3904 ἐκκλησίαν
3688 3833 3752 3883 ὲκ

2178 3921 2306 3998 νέας
2362 3931 2713 4002 καθιδρῦσαι,
2759 3927 2952 3997 ἐπειδὴ
2986 3929 3014 3982 6
3047 3925 3278 3988 Λεύκιος
3322 3916 3495 3986 οὗτος,
3543 3922 3750 3990 αἱρετι-

2176 4026 2274 4090 κδς
2303 4024 2400 4088 ὢν,
2427 4021 2770 4092 κατέστρεψε
2791 4019 2855 4074 τὸ
2876 4017 3293 4086 θυσιαστήριον,
3314 4015 3408 4068 καὶ
3429 4013 3496 4067 τὰ
3520 4011 3750 4066 ἀποκεί-

2181 4134 2318 4188 μενα
2337 4119 2395 4170 ὲν
2428 4091 2582 4186 αύτῷ
2614 4091 2746 4184 ἅγια
2771 4109 3008 4180 λείψανα
3038 4107 3314 4161 ὲϐύθισεν.
3345 4105 3412 4159 Ἦ
3441 4104 3496 4157 δὲ
3531 4101 3752 4166 σύνοδος

2178 4207 2314 4280 πρὸς
2365 4207 2530 4262 αὑτὸν
2593 4203 2939 4275 ἀπεκρίνατο
2966 4219 2981 4235 ·
3013 4200 3128 4256 Καὶ
3151 4198 3310 4252 τοῦτο
3329 4195 3610 4270 ὁρίζομεν,
3637 4194 3748 4258 ἵνα,

2175 4301 2253 4365 ὼς
2293 4301 2502 4373 ᾐτήσω,
2540 4296 2634 4352 καὶ
2666 4295 2828 4350 τοῦτο
2865 4293 3098 4366 ποιήσῃς
3124 4309 3140 4325 ·
3172 4289 3395 4360 οἴδαμεν
3445 4287 3575 4356 γὰρ,
3609 4286 3692 4338 ὅτι
3721 4285 3751 4337 6

2175 4393 2310 4456 Θεός
2339 4394 2488 4445 ἐστιν
2516 4387 2664 4462 μετὰ
2680 4386 2798 4454 σοῦ,
2827 4386 2922 4440 καὶ
2946 4385 3107 4448 αὑτός
3135 4401 3219 4437 σοι
3257 4381 3513 4452 συνεργεῖ
3541 4381 3622 4440 είς
3642 4378 3752 4430 πᾶν

490 4483 695 4548 ximus,
722 4492 777 4538 et
805 4497 962 4551 opem
991 4483 1085 4537 tibi
1130 4485 1198 4536 ad
1227 4482 1414 4537 omnia
1462 4493 1784 4552 praesentem
1847 4484 2060 4541 afferre.

2179 4483 2362 4557 ἔργον.
2405 4483 2515 4537 Καὶ
2551 4481 2680 4553 περὶ
2725 4479 2886 4533 τοῦτο
2936 4477 3176 4546 ἔγραψεν
3222 4473 3392 4568 αύτῷ-
3423 4471 3622 4568 τίτλον,
3663 4471 3752 4522 ἵνα

493 4572 633 4650 Tum
662 4573 984 4644 rescriptum
1020 4573 1068 4629 ei
1125 4572 1316 4629 datum
1365 4581 1470 4640 est,
1503 4581 1563 4628 ut
1598 4575 1667 4630 de
1721 4591 1786 4630 ea
1833 4591 1890 4631 re
1921 4579 2066 4647 quod

2179 4577 2253 4636 ὡς
2281 4574 2360 4628 ἔνι
2389 4573 2620 4646 ἀρεστὸν
2643 4569 2795 4640 αύτῷ
2825 4569 2882 4621 ὲν
2915 4565 3237 4637 ὀφθαλμοῖς,
3269 4562 3497 4650 ποιήσῃ.
3524 4559 3750 4650 Ὠρισεν

490 4666 586 4721 uni
613 4665 717 4722 sibi
753 4665 1016 4736 placeret,
1065 4673 1306 4721 statuere
1336 4674 1544 4736 posset.
1595 4667 1900 4722 Constituit
1944 4683 2072 4724 vero

493 4768 720 4816 sanctus
767 4756 1064 4828 Gregorius
1105 4799 1118 4822 ,
1172 4767 1235 4812 ut
1293 4758 1502 4828 Euplus
1557 4759 1982 4817 archidiaconus
2018 4771 2074 4817 et

495 4851 758 4908 Erasmus
813 4848 1117 4908 Ecclesiam
1149 4836 1248 4920 'pie
1295 4849 1789 4914 administrarent,
1851 4861 1910 4908 ut
1957 4853 2070 4924 jam

497 4959 682 5001 secum
720 4952 1084 5000 assueverant
1135 4941 1234 5014 (6).
1281 4943 1384 5010 Qui
1432 4943 1654 4998 demum
1697 4960 1824 5000 cum
1872 4949 2072 5018 populo

497 5035 671 5101 omni,
725 5034 904 5091 fausta
957 5035 1380 5106 apprecantibus
1432 5035 1750 5106 episcopis,
1811 5037 2067 5105 dimissi,

496 5129 684 5184 animo
713 5127 823 5183 lazti
851 5143 915 5184 ac
945 5127 1056 5184 Deo
1085 5129 1299 5184 laudem
1336 5127 1622 5184 reddentes
1653 5129 1925 5186 abierunt.

565 5283 830 5356 (6)_§irca
863 5283 978 5356 haec
1000 5295 1281 5356 tempora,
1325 5299 1448 5356 cum
1498 5284 1836 5356 meminisset
1865 5285 2071 5356 Grego-

495 5353 890 5421 rius'Magnus,
929 5353 1162 5410 delatam
1205 5369 1235 5408 a
1277 5369 1336 5409 se
1364 5355 1626 5424 episcopo
1662 5353 1928 5412 ’l‘riocalae
1969 5353 2067 5412 eu-

495 5441 612 5482 ram
636 5423 893 5496 Ecclesia;
921 5425 1284 5496 Agrigentinum
1316 5423 1418 5496 pro
1449 5423 1720 5493 potestate
1751 5428 2066 5494 invisendre,

495 5498 812 5566 videretque
844 5495 1333 5566 ,Gregoriihnosti-i
1362 5495 1616 5566 reditum
1667 5496 1738 5550 ob
1777 5497 1882 5551 iter
1925 5497 2071 5552 Con-

497 5564 1047 5637 stantinopelitanum
1097 5564 1304 5637 diﬂ'erri
1357 5564 1674 5637 in‘annum
1718 5567 2062 5635 proximum;

500 5634 900 5693 consulendum
929 5636 1004 5690 illi
1035 5635 1194 5690 duxit
1217 5675 1230 5698 ,
1277 5651 1345 5690 ne
1380 5634 1596 5690 labores
1637 5634 1782 5692 illius
1815 5638 1932 5692 sine
1961 5639 2066 5692 ulla

499 5708 745 5762 mercede
791 5715 991 5762 essent.
1039 5706 1225 5774 Itaque
1279 5707 1377 5761 Iias
1414 5707 1588 5760 eidem
1632 5706 1837 5762 litteras
1879 5709 2063 5761 misit:

501 5775 764 5844 Quoniam
791 5773 1398 5848 Agrigentina'ﬁcclesia
1439 5793 1472 5830 α
1511 5777 1658 5831 nobis
1709 5776 2064 5846 fraternitatis

2172 4667 2229 4722 δὲ
2262 4667 2290 4720 6
2324 4666 2478 4734 ἅγιος
2510 4663 2811 4735 Γρηγόριος
2844 4659 2937 4712 τὸν
2988 4657 3371 4728 ἀρχιδιάκονον
3414 4648 3626 4707 Εὗπλον
3651 4649 3750 4705 καὶ

2177 4756 2460 4826 Ἔρασμον
2491 4753 2714 4806 διοικεῖν
2771 4750 2870 4820 τὴν
2923 4747 3228 4819 ἐκκλησίαν
3273 4742 3536 4805 εὐσεϐῶς,
3564 4738 3750 4802 καθὼς

2173 4846 2326 4904 αὐτοὶ
2352 4845 2500 4915 αύτῷ
2533 4839 3054 4914 παρηκολούθησαν.
3101 4834 3498 4904 Ἐπευξάμενοι
3519 4831 3578 4885 δὲ
3609 4831 3752 4884 πάνυ

2171 4958 2262 5004 τες
2284 4941 2332 4994 οἱ
2363 4937 2657 4991 ἐπίσκοποι
2685 4934 2800 4995 τοῖς
2833 4929 3104 4992 διακόνοις
3134 4925 3322 4996 καὶτῷ
3349 4923 3462 4994 λαῷ
3481 4923 3750 4978 ἀπέστει-

2169 5032 2267 5086 λαν
2295 5029 2492 5096 αὐτοὺς
2517 5027 2576 5080 ἐν
2609 5024 2799 5096 εἰρήνῃ
2827 5021 3116 5093 χαίροντες
3176 5021 3273 5072 καὶ
3303 5015 3626 5082 δοξάζοντες
3653 5013 3747 5066 τὸν

2169 5123 2320 5177 Θεόν.

2172 5289 2274 5334 tum
2314 5275 2631 5332 uisitationis
2658 5291 2802 5330 cura:
2839 5273 3122 5328 commissa
3163 5279 3240 5323 est
3263 5311 3278 5334 ,
3316 5264 3587 5330 laboribus
3634 5264 3740 5315 tuis

2171 5349 2376 5419 aliquid
2385 5361 2468 5419 ea:
2495 5334 3498 5419 ea,utileprospeximus'_cousulendum
3527 5351 3546 5388 :
3578 5348 3740 5419 prop-

2173 5411 2311 5474 terea
2344 5417 2672 5472 Maximiano
2702 5411 2867 5486 fratri
2892 5424 2940 5488 e‘t
2974 5411 3275 5488 coepiscopo
3312 5415 3490 5488 nostra
3515 5411 3743 5488 scripsi:

2172 5507 2308 5555 mus,
2336 5499 2392 5542 ut
2426 5497 2639 5558 quarto,
2678 5477 2838 5554 q'uam
2876 5477 3110 5558 ejusdem
3148 5477 3401 5558 Ecclesiae
3445 5477 3744 5558 episcopum

2171 5545 2452 5630 oportebat
2494 5545 2820 5630 (reciperauit
2837 5545 3282 5630 _di'e__visitationis
3309 5555 3478 5630 dum“
3499 5545 3740 5630 3:81.931}:

2171 5613 2332 5701 eam:
2373 5613 2635 5701 ἱίίεσ-εαήι
2677 5613 3084 5701 δοίίὶρὶιιιίίὶίιςηι
3125 5619 3382 5690 gesseris,
3415 5614 3511 5668 tibi
3558 5613 3745 5666 debeat

2169 5691 2451 5772 applicari.
2474 5696 2614 5770 (Lib.
2647 5711 2700 5762 ν,
2730 5694 2886 5764 epist.
2923 5691 3033 5762 ω.)
