4104 6262
389 399 496 461 ίῖ99

1383 403 1442 462 S.
1490 401 1864 462 GREGORII
1914 398 2425 460 AGRIGENTINI
2467 398 2644 462 VITA

3535 388 3644 457 700

393 527 558 582 quam
591 520 770 567 autem
837 521 946 567 tam
1005 511 1318 569 Marcianus
1377 531 1540 585 quam
1597 517 1843 586 episcOpi
1877 530 1964 572 res

2080 513 2296 578 πόλεως,
2329 514 2424 567 καὶ
2465 508 2943 584 ὲπεσφραγίσαντο
2975 510 3025 562 οἱ
3074 507 3368 562 ἐπίσκοποι
3393 507 3492 576 τῆς
3517 525 3646 561 συν-

391 621 522 660 snas
545 616 994 674 composuerunt,
1031 607 1218 677 eisque
1245 607 1492 677 pontifex
1532 609 1804 666 maximus
1844 622 1966 680 quae

389 697 458 751 ad
492 699 594 750 iter
623 699 933 752 necessaria
972 709 1175 760 essent,
1219 699 1392 764 dedit,
1423 714 1486 754 ac
1517 699 1618 772 [et]
1649 700 1786 754 dona
1827 715 1968 770 pra:-

392 798 540 842 terea
569 790 736 844 multa
765 803 817 844 et
851 790 1122 858 episcopis
1157 800 1210 843 et
1240 789 1517 846 Marciam
1543 833 1558 857 ,
1602 800 1656 846 et
1704 793 1808 862 ipsi
1841 807 1969 849 san-

393 889 482 934 cto
530 879 796 950 Gregorio
853 882 1091 950 adjecit;
1127 898 1283 936 sacra
1333 884 1551 938 demum
1579 884 1726 938 urbis
1768 885 1966 952 templa

390 973 674 1036 venerati,
735 983 788 1026 et
869 975 1128 1029 erunibus
1194 973 1390 1028 oﬂiciis
1453 977 1594 1043 apud
1660 976 1966 1042 pontiﬁcem

393 1065 693 1118 maximum
750 1065 1066 1134 perfuncti,
1131 1067 1250 1136 ipso
1305 1067 1442 1120 bene
1472 1077 1747 1136 precante,
1795 1067 1967 1123 Roma

393 1157 642 1210 exierunt
699 1159 862 1210 simul
915 1175 1148 1223 omnes,
1207 1161 1445 1229 episcopi
1505 1159 1755 1226 seilieet,
1821 1159 1968 1214 Mar-

395 1247 606 1315 cianus,
640 1251 1033 1321 chartophylax
1055 1293 1069 1312 ,
1116 1262 1169 1306 et
1200 1251 1524 1324 Gregorius,
1560 1253 1716 1320 cujus
1743 1253 1970 1327 potissiv

396 1356 542 1394 mum
601 1357 882 1398 sermones
915 1345 968 1396 in
1013 1345 1207 1400 itinere
1259 1349 1520 1401 omnibus
1565 1348 1970 1404 oblectamento

395 1433 635 1486 fuerunt.
667 1432 910 1490 Habebat
941 1452 1070 1490 vero
1096 1437 1184 1491 hic.
1215 1455 1402 1494 secum
1432 1451 1484 1494 et
1515 1441 1672 1494 binos
1703 1442 1969 1496 diaconos

396 1519 812 1592 Philadelphum
843 1534 1007 1594 atque
1039 1510 1408 1592 Platonicum,
1457 1545 1694 1602 eumque
1721 1531 1807 1588 his
1840 1547 1968 1598 pue-

395 1627 488 1666 ros
533 1614 672 1667 duos
726 1613 1040 1670 Secundum
1103 1629 1157 1672 ct
1201 1616 1572 1674 Stratonicutn
1619 1621 1970 1677 tribunorum

398 1705 560 1768 ltlios,
596 1722 829 1776 quorum
885 1710 1096 1778 primus
1127 1711 1364 1766 clericus
1397 1722 1549 1778 erat,
1599 1714 1736 1768 alter
1769 1713 1969 1788 laicus,

398 1797 598 1868 hicque
630 1801 827 1854 notarii
867 1815 1090 1855 munere
1125 1803 1268 1870 apud
1311 1819 1406 1859 eos
1438 1802 1789 1872 fungebatur.

469 2057 730 2112 LXXXV.
766 2060 1390 2130 UtConstantiuopolim
1443 2071 1832 2130 pervenerunt,
1871 2062 1973 2116 hu-

397 2153 754 2206 manissimus
798 2151 1097 2220 imperator
1127 2192 1142 2216 ,
1190 2153 1426 2207 adventu
1475 2167 1665 2207 eorum
1717 2154 1971 2221 cognito,

399 2243 754 2312 pneseripsit,
795 2253 859 2298 ut
885 2253 1111 2298 sanctus
1142 2243 1441 2313 Gregorius
1493 2244 1545 2296 in
1581 2244 1972 2298 mooasterium

399 2328 587 2385 Sancti
622 2329 796 2399 Sergii
841 2332 1198 2396 c0neederet,
1261 2333 1312 2385 in
1346 2348 1452 2400 quo
1505 2346 1616 2385 non
1651 2331 1823 2386 multo
1849 2342 1974 2386 ante

401 2421 581 2476 fuerat
609 2439 620 2473 :
647 2421 968 2490 accepitque
1010 2421 1190 2490 ipsum
1224 2419 1514 2494 prael'ccnts
1550 2437 1746 2492 magna
1777 2422 1976 2476 laetitia:

397 2510 818 2578 signiﬁcatione.
857 2511 1027 2564 Biduo
1057 2519 1178 2580 post
1203 2511 1501 2580 imperator
1545 2511 1792 2566 admisso
1832 2510 1976 2564 Mar-

399 2603 577 2666 ciano,
613 2603 813 2657 rescire
836 2603 903 2656 ab
933 2619 998 2656 eo
1027 2603 1198 2656 voluit
1239 2643 1253 2667 ,
1311 2603 1441 2674 quid
1471 2603 1713 2674 synodus
1761 2602 1828 2658 de
1860 2603 1976 2656 viro

398 2693 548 2762 justo
573 2694 876 2748 statuisset.
927 2693 1112 2763 Itaque
1155 2709 1380 2747 narrare
1433 2695 1752 2760 imperatori
1809 2697 1978 2769 coepit

399 2781 714 2839 Marcianus
743 2785 986 2854 prodigia
1027 2785 1236 2848 omnia,
1277 2801 1398 2854 qua:
1427 2795 1652 2839 sanctus
1683 2787 1765 2838 vir
1798 2797 1978 2856 patra-

400 2885 576 2936 Vetat,
607 2875 660 2928 in
697 2877 889 2942 primis
935 2873 1212 2945 singulare
1249 2875 1381 2928 illud
1430 2885 1485 2930 et
1539 2879 1868 2944 stupendum
1911 2877 1978 2932 de

401 2965 579 3034 puella
612 2980 642 3019 a
669 2965 916 3020 daemone
945 2975 1198 3036 correpta
1227 3008 1244 3034 ,
1301 2975 1356 3020 et
1411 2968 1732 3021 miraculum
1786 2978 1976 3026 contra

401 3066 755 3109 accusatores
799 3057 956 3125 ejus:
999 3066 1117 3111 tum
1154 3066 1208 3112 et
1245 3056 1313 3111 de.
1347 3061 1538 3126 prunis
1574 3057 1807 3123 addidit,
1840 3074 1976 3126 quas

2066 605 2188 659 ὁδου
2247 606 2344 659 καὶ
2367 605 2518 657 πᾶσα
2547 605 2582 674 ἡ
2622 601 2944 673 Ἐκκλησία,
2974 601 3068 656 καὶ
3105 598 3393 654 ἀπέδωκαν
3427 597 3506 668 τῷ
3531 615 3642 669 μαι

2065 696 2267 767 καρίῳ.
2295 695 2481 749 Πάντα
2504 694 2562 748 δὲ
2599 691 2916 752 τελέσαντες
2943 693 2972 745 6
3000 707 3059 744 τε
3107 687 3426 758 Μαρκιανὸς
3473 691 3568 742 καὶ
3592 688 3646 742 οι

2067 791 2379 853 ἐπίσκοποι,
2405 787 2528 852 δοὺς
2563 785 2746 848 αὐτοῖς
2779 786 2809 838 6
2837 783 3026 846 πάπας
3059 782 3127 834 τὰ
3159 782 3294 851 πρὸς
3319 781 3418 850 τὴν
3451 780 3646 851 χρείαν

2067 879 2253 947 ἐφόδια
2280 877 2381 948 τῆς
2415 874 2536 930 ὁδοῦ
2557 917 2571 943 ,
2603 873 2778 927 πολλὰ
2803 890 2864 926 τε
2895 873 3048 943 δῶρα
3087 871 3396 942 παρασχὼν
3423 874 3534 933 τοῖς
3580 885 3646 922 τι

2067 969 2390 1032 ἐπισκόποις
2438 967 2531 1020 καὶ
2587 964 2665 1035 τῷ
2727 965 3064 1035 Μαρκιανῷ,
3097 963 3292 1016 λοιπὸν
3339 961 3396 1017 δὲ
3443 962 3538 1014 καὶ
3564 960 3645 1030 τῷ

2067 1061 2210 1130 ἁγίῳ
2257 1060 2573 1130 Γρηγορίῳ’
2612 1056 2708 1110 καὶ
2755 1059 3236 1126 προσκυνήσαντες
3291 1053 3419 1114 τοὺς
3459 1053 3647 1121 ἁγίους

2066 1153 2288 1216 τόπους,
2329 1152 2424 1206 καὶ
2477 1149 2875 1220 συνταξάμενοι
2921 1148 3001 1218 τῷ
3029 1148 3208 1218 nam,
3257 1145 3354 1199 καὶ
3384 1145 3649 1208 λαϐόντες

2067 1245 2166 1316 τὴν
2215 1245 2382 1314 εὐχὴν
2424 1243 2552 1312 παρ’
2585 1241 2751 1297 αὑτοῦ
2774 1279 2788 1303 ,
2815 1238 3040 1310 ἐξῆλθον
3093 1239 3204 1293 ἀπὸ
3243 1237 3463 1306 Ῥώμης
3503 1238 3556 1290 οἴ
3584 1253 3648 1288 τε

2069 1334 2380 1396 ἐπίσκοποι,
2408 1333 2501 1386 καὶ
2531 1334 2560 1388 6
2585 1331 2924 1402 Μαρκιανὸς,
2959 1329 3057 1383 καὶ
3079 1330 3108 1382 6
3135 1325 3504 1399 χαρτοιρύλαξ,
3531 1325 3648 1395 ἅμα

2069 1424 2125 1477 δὲ
2155 1423 2334 1476 αὐτῶν
2362 1423 2456 1474 καὶ
2484 1424 2513 1476 6
2563 1421 2887 1493 Γρηγόριος.
2932 1417 3092 1473 Κατὰ
3131 1418 3187 1471 δὲ
3233 1417 3332 1488 τὴν
3357 1417 3473 1470 666v
3505 1417 3648 1468 πάνυ

2071 1513 2387 1585 κατετρύφη
2399 1531 2492 1566 σαν
2513 1511 2622 1564 τῶν
2655 1512 2782 1582 παρ’
2803 1509 2972 1565 αὐτοῦ
2994 1508 3382 1578 φθεγγομένων
3403 1509 3647 1576 ἀγαυῶν.

2071 1606 2175 1658 Σὺν
2208 1605 2356 1676 αὐτῷ
2385 1605 2439 1658 δὲ
2467 1605 2562 1660 καὶ
2593 1605 2641 1657 οἱ
2665 1603 2759 1658 δύο
2780 1603 3018 1657 διάκονοι
3037 1599 3360 1668 Φιλάδελφος
3392 1600 3488 1652 καὶ
3511 1600 3652 1652 Πλα-

2071 1697 2300 1760 τωνικὸς
2330 1697 2423 1751 καὶ
2452 1697 2547 1753 δύο
2592 1696 2856 1767 παιδάρια
2891 1693 3192 1756 Σεκοῦνδος
3233 1693 3328 1745 καὶ
3357 1691 3653 1761 Στρατόνι-

2074 1803 2203 1848 κος⁹
2233 1782 2375 1839 οὗτοι
2410 1787 2516 1840 υἱοὶ
2546 1788 2795 1856 ὑπῆρχον
2839 1785 2953 1838 τῶν
2993 1783 3293 1854 τριϐούνιυν
3316 1800 3329 1813 ·
3365 1783 3460 1835 καὶ
3492 1784 3520 1836 6
3551 1782 3650 1851 μὲν

2004 1863 2047 1916 Β
2077 1875 2367 1942 Σεκοῦνδος
2394 1877 2653 1947 κληρικὸς
2684 1878 2946 1948 ὑπῆρχεν,
2980 1877 3009 1928 6
3042 1877 3100 1928 δὲ
3141 1875 3500 1946 Στρατόνικος
3528 1875 3650 1926 λαῖ-

2073 1969 2167 2031 κδς
2196 1964 2264 2039 ἦν
2289 1969 2541 2034 νοτὰριος
2571 1969 2773 2024 αὐτῶν.

2147 2061 2271 2113 IlE'.
2306 2061 2752 2116 ’Καταλαϐόντων
2791 2061 2846 2114 δὲ
2885 2059 3065 2114 αὐτῶν
3115 2061 3172 2111 ἐν
3204 2060 3652 2119 Κςωνσταντινου-

2074 2153 2249 2217 πόλει,
2268 2155 2432 2221 γνοὺς
2451 2157 2478 2210 6
2494 2154 2792 2224 φιλάγαθος
2823 2153 3098 2224 βασιλεὺς,
3135 2151 3218 2204 ὅτι
3263 2149 3650 2218 παρεγένοντο,

2073 2243 2275 2314 ὥρισεν
2300 2245 2389 2298 τὸν
2419 2244 2574 2315 ἅγιον
2599 2247 2918 2318 Γρηγὸριον,
2957 2246 3043 2300 ἵνα
3148 2246 3206 2297 ὲν
3247 2243 3326 2313 τῷ
3375 2260 3652 2314 μοναστη-

2077 2337 2180 2406 ρξῳ
2208 2336 2306 2389 τοῦ
2349 2337 2533 2404 Ἀγίου
2561 2339 2813 2408 Σεργίου,
2845 2341 2902 2390 ὲν
2923 2329 2970 2406 ᾧ
2997 2339 3091 2390 καὶ
3120 2338 3226 2408 πρὸ
3254 2337 3436 2404 ὀλίγου
3473 2337 3652 2408 ὑπῆρ-

2075 2443 2186 2495 χεν.
2229 2425 2556 2490 ’Υπεδέξατο
2605 2427 2658 2481 δὲ
2701 2427 2864 2480 αὐτὸν
2896 2429 2924 2478 6
2982 2427 3286 2498 ἡγούμενος
3340 2427 3480 2497 μετὰ
3525 2427 3656 2480 πολ-

2075 2515 2173 2584 λῆς
2203 2517 2398 2586 χαρᾶς.
2434 2517 2543 2570 Καὶ
2577 2517 2714 2585 μετὰ
2743 2516 2838 2569 δύο
2869 2515 3084 2587 ἡμέρας
3123 2514 3344 2580 ἐδέξατο
3370 2515 3461 2568 τὸν
3493 2516 3648 2583 Μαρ-

2078 2605 2264 2656 κιανδν
2291 2607 2319 2656 6
2349 2604 2622 2674 βασιλεὺς,
2674 2606 2769 2661 καὶ
2825 2606 3109 2676 ἠρώτησεν
3149 2605 3312 2658 αὐτὸν
3345 2606 3374 2657 6
3401 2603 3658 2674 βασιλεὺς

2075 2696 2136 2749 τὸ
2173 2695 2289 2760 πῶς
2345 2695 2649 2764 ὲδιοίκησεν
2677 2698 2714 2765 ἡ
2747 2695 2969 2760 σύνοδος
3014 2696 3084 2748 τὰ
3129 2695 3272 2747 κατὰ
3301 2693 3392 2748 τὸν
3423 2694 3653 2750 δίκαιον.

2078 2787 2190 2840 Καὶ
2208 2787 2412 2857 ἤρξατο
2430 2789 2456 2840 6
2482 2786 2802 2858 Μαρκιανὸς
2817 2785 3130 2858 ἐξηγεῖσθαι
3145 2785 3221 2856 τῷ
3241 2785 3456 2854 βασιλεῖ
3481 2786 3657 2838 πάντα

2077 2879 2146 2932 τὰ
2177 2880 2329 2950 παρὰ
2364 2879 2458 2933 τοῦ
2505 2880 2662 2947 ἁγίου
2701 2878 3016 2950 πραχθέντα
3051 2881 3278 2947 σημεῖα,
3317 2879 3411 2932 καὶ
3449 2877 3514 2930 τὸ
3545 2893 3656 2930 πα·

2081 2967 2302 3039 ρὰδοξον
2333 2971 2427 3023 καὶ
2481 2967 2824 3038 ὑπερϐάλλον
2852 2969 2913 3022 τδ
2972 2968 3117 3023 κατὰ
3158 2969 3256 3040 τὴν
3293 2965 3658 3039 δαιμονιῶσαν

2079 3059 2272 3131 κόρην,
2303 3063 2399 3114 καὶ
2442 3060 2502 3112 τὸ
2537 3059 2720 3128 θαῦμα
2753 3059 2814 3112 τὸ
2839 3060 3131 3130 γενόμενον
3154 3061 3235 3122 είς
3263 3061 3390 3122 τοὺς
3415 3074 3657 3127 κατηγο-

398 3140 458 3196 in
488 3143 650 3212 pallio
679 3161 780 3200 suo
799 3146 1126 3215 recepisset,
1155 3161 1220 3202 ac
1250 3146 1317 3200 de
1355 3147 1626 3210 trahibns,
1661 3162 1781 3218 quae
1803 3147 1976 3216 preci-

2087 3153 2358 3220 ρήσαντας
2390 3151 2578 3216 αὑτὸν,
2606 3149 2791 3204 λοιπὸν
2821 3149 2876 3204 δὲ
2921 3149 3100 3204 καὶτὸ
3141 3149 3240 3218 τῆς
3265 3148 3564 3217 ἀνθρακιᾶς
3588 3145 3649 3198 τὸ

401 3233 506 3290 bus
537 3235 656 3304 ejus
690 3252 720 3290 e
752 3237 914 3290 ﬂuvio
949 3238 1158 3291 educta:
1187 3237 1440 3303 fuissent,
1472 3248 1666 3293 etcum
1699 3239 1802 3291 alia
1837 3239 1978 3292 mul-

403 3334 458 3380 ta
491 3326 588 3379 viri
625 3326 768 3382 facta
796 3329 1141 3394 admiranda,
1165 3338 1278 3384 tum
1311 3341 1364 3383 et
1395 3329 1902 3392 mansuetudinem,
1925 3341 1980 3385 et

404 3419 746 3482 comitatem,
779 3430 834 3474 et
867 3422 1234 3476 constantiam
1267 3425 1735 3478 commemoravit.
1760 3422 1892 3488 Quae
1923 3435 1980 3478 ιιι

405 3509 582 3566 audiit
603 3510 982 3582 picntissimns
1013 3513 1311 3582 imperator
1339 3554 1354 3579 ,
1413 3529 1599 3568 secum
1658 3513 1773 3583 ipse
1808 3514 1980 3584 pluri-

406 3617 554 3654 mmn
582 3602 884 3658 admiratus
915 3620 1142 3676 magnas
1175 3603 1285 3660 Deo
1313 3605 1516 3676 gratias
1547 3607 1678 3675 egit.
1713 3605 1980 3662 Similiter

405 3706 536 3746 vero
569 3694 813 3764 episcopi
843 3698 1004 3749 etiam
1034 3705 1088 3750 et
1110 3697 1509 3768 chartophylax
1561 3698 1752 3752 eadem
1801 3699 1982 3753 archi-

399 3781 664 3850 episcopo
699 3793 1090 3852 exposuerunt,
1132 3787 1220 3839 cui
1280 3794 1360 3840 tot
1411 3787 1500 3841 illa
1562 3787 1809 3858 prodigia
1870 3803 1980 3843 non

401 3871 602 3925 minori
638 3875 989 3929 admirationi
1018 3874 1262 3932 fuerunt.
1291 3877 1358 3932 At
1388 3879 1654 3948 postridie
1685 3880 1982 3949 imperator

407 3964 815 4020 sanctissimum
855 3968 1324 4038 archiepiscopum
1371 3978 1424 4024 et
1463 3970 1556 4040 qui
1611 3972 1780 4024 Roma
1819 3986 1984 4026 vene-

405 4067 468 4107 ra
493 4063 547 4120 tt,
577 4055 864 4125 episcopos
903 4059 1205 4130 ipsumque
1255 4069 1508 4114 sanctum
1557 4060 1878 4130 Gregorium
1911 4063 1981 4116 ad

402 4162 467 4202 διε
505 4146 555 4203 in
618 4149 876 4216 palzttittttt
915 4152 1103 4207 venire
1136 4152 1328 4221 jussit.
1364 4150 1616 4221 Cumque
1675 4154 1886 4222 primus
1914 4151 1983 4208 ad

406 4256 531 4294 eum
567 4242 1014 4312 archiepisctpus
1051 4245 1339 4314 ingressus
1369 4253 1536 4308 esset,
1573 4254 1736 4314 atque
1765 4246 1977 4301 honore

409 4331 596 4386 habito
632 4350 662 4388 c
685 4335 1002 4399 insedisset,
1052 4336 1133 4389 sic
1159 4350 1282 4388 eum
1318 4335 1616 4404 imperator
1647 4346 1734 4390 est
1771 4337 1980 4391 allocu-

409 4435 530 4481 tus:
567 4425 705 4480 Nnm
739 4429 805 4482 de
835 4428 1133 4498 prodigiis,
1161 4430 1405 4493 domine,
1435 4429 1638 4484 certior
1681 4427 1864 4486 factus
1897 4445 1980 4496 es,

2080 3243 2198 3305 πῶς
2228 3243 2446 3310 ἐδέξατο
2475 3245 2553 3305 εἰς
2595 3241 2655 3294 τὸ
2692 3242 2846 3309 ἅγιον
2895 3239 3164 3309 φελὸνιον,
3197 3241 3290 3292 καὶ
3337 3238 3398 3290 τὸ
3426 3237 3542 3300 πῶς
3570 3235 3662 3289 διὰ

2081 3335 2390 3405 προσευχῆς
2442 3333 2606 3388 αὑτοῦ
2649 3331 3076 3400 ἀνεσπάσθησαν
3129 3332 3200 3384 τὰ
3249 3331 3381 3395 ξύλα
3427 3329 3536 3382 ἀπὸ
3563 3327 3658 3382 τοῦ

2083 3427 2296 3491 ὓδατος,
2329 3427 2424 3479 καὶ
2467 3427 2603 3480 ἄλλα
2634 3425 2806 3480 πολλὰ
2843 3425 3102 3494 θαύματα.
3145 3425 3173 3476 ὁ
3205 3423 3511 3493 σπαθὰριος
3533 3421 3662 3492 περὶ

2079 3516 2174 3570 τοῦ
2195 3517 2404 3588 ἀνδρὸς,
2425 3517 2485 3569 τό
2508 3533 2564 3570 τε
2595 3518 2768 3582 πρᾶον
2788 3514 2975 3578 αὑτοῦ,
3013 3514 3108 3566 καὶ
3136 3513 3366 3583 ἥσυχον,
3388 3513 3481 3565 καὶ
3504 3513 3661 3564 ἄσει-

2084 3625 2211 3662 στον
2237 3609 2398 3662 αὑτὸν
2431 3608 2730 3678 διαμένειν.
2767 3606 2952 3660 Ταῦτα
2980 3606 3038 3659 δὲ
3075 3604 3318 3666 ἀκούσας
3367 3606 3396 3657 6
3441 3602 3660 3658 εὐσεΰέ-

2084 3719 2278 3764 στατος
2303 3701 2558 3772 βασιλεὺς
2596 3699 2996 3762 ’1ουστινιανὸς,
3027 3697 3243 3768 ἔμεινεν
3274 3697 3570 3764 θαυμάζων
3593 3699 3657 3750 ὲν

2084 3793 2286 3864 ἐαυτῷ,
2318 3793 2435 3862 ἅμα
2457 3794 2514 3846 δὲ
2558 3793 2652 3848 καὶ
2677 3790 3016 3863 εὐχαριστῶν
3049 3789 3126 3859 τῷ
3152 3788 3272 3858 Θεῴ
3313 3790 3442 3859 περὶ
3471 3790 3659 3844 αὑτοῦ.

2099 3885 2332 3956 Ὁμοίως
2377 3885 2433 3938 δὲ
2477 3885 2570 3938 καὶ
2615 3885 2665 3939 οἱ
2701 3883 2993 3937 ἐπίσκοποι
3019 3881 3114 3934 καὶ
3137 3881 3166 3932 6
3200 3880 3556 3952 χαρτοφύλαξ
3583 3881 3662 3934 δι-

2085 3978 2362 4047 ηγήσαντο
2412 3975 2479 4027 τὰ
2519 3975 2642 4028 κατ’
2671 3973 2836 4028 αὑτοῦ
2879 3973 3061 4046 πάντα
3109 3973 3188 4045 τῷ
3223 3971 3660 4045 ἀρχιεπισκόπῳ.

2098 4065 2432 4134 Ἐξὲπλαγεν
2481 4065 2540 4120 δὲ
2581 4068 2676 4119 καὶ
2731 4066 2890 4130 αὐτὸς
2945 4068 3040 4120 ἐπὶ
3089 4069 3202 4130 τοῖς
3257 4066 3506 4138 σημείοις
3547 4067 3662 4127 τοῖς

2085 4157 2240 4226 παρὰ
2273 4155 2368 4212 τοῦ
2402 4156 2582 4223 ἁγίου.
2620 4156 2700 4226 Τῇ
2729 4155 2787 4209 δὲ
2819 4157 3086 4226 ἐπαύριον
3137 4158 3422 4210 ἐκέλευσεν
3449 4158 3480 4208 6
3509 4157 3662 4226 βαστο

2085 4247 2212 4312 λεὺς
2245 4246 2562 4318 προσελθεῖν
2587 4248 2645 4298 ὲν
2694 4247 2770 4318 τῷ
2803 4247 3049 4318 παλατίῳ
3081 4248 3172 4302 τὸν
3212 4249 3516 4316 ἁγιώτατον
3561 4247 3663 4317 ἀρ-

2087 4340 2444 4410 χιεπίσκοπον
2483 4337 2578 4390 καὶ
2617 4339 2743 4400 τοὺς
2784 4338 2948 4401 δντας
3001 4340 3058 4392 ἐν
3092 4337 3278 4409 Ῥώμῃ
3313 4337 3663 4400 ἐπισκόπους,

2089 4433 2186 4484 σὺν
2221 4431 2406 4494 αὐτοῖς
2435 4429 2530 4482 καὶ
2569 4428 2660 4482 τὸν
2701 4429 2862 4496 ἅγιον
2907 4429 3233 4528 Γρηγὸριον.
3268 4424 3404 4483 Εἶτα
3439 4427 3666 4496 προσελο

409 4533 536 4586 qua:
566 4517 754 4574 itania:
777 4521 846 4573 ah
894 4520 1119 4574 homine
1157 4520 1262 4574 hoc
1299 4521 1454 4590 justo
1496 4520 1642 4574 edita
1679 4522 1852 4576 sunt?
1879 4521 1979 4576 Cui

2091 4521 2202 4574 θὼν
2233 4523 2262 4573 6
2287 4519 2726 4591 ἀρχιεπίσκοπος
2757 4519 2977 4590 πρῶτος
3012 4517 3095 4584 El;
3137 4519 3231 4572 τὸν
3280 4519 3506 4589 βασιλέα
3525 4559 3540 4584 ,
3569 4519 3666 4572 καὶ

408 4611 899 4679 archiepiscopus:
931 4609 1149 4681 Utique,
1187 4612 1387 4682 inquit,
1419 4609 1640 4666 domine
1689 4614 1984 4682 imperator

411 4704 1022 4774 piissime,amiivimus,
1051 4714 1106 4760 et
1135 4705 1297 4775 plane
1322 4705 1490 4760 laetati
1521 4707 1726 4776 gratias
1758 4707 1870 4762 Deo
1893 4717 1985 4762 tua

406 4811 579 4852 causa
633 4797 844 4867 egimus
877 4839 893 4864 ,
943 4797 1088 4867 quod
1151 4797 1255 4852 sub
1323 4797 1745 4870 religiosissime
1795 4801 1989 4868 piissi-

412 4904 618 4958 ntuque
703 4889 1010 4960 principatu
1065 4897 1160 4944 tuo
1230 4889 1394 4944 talem
1462 4890 1638 4944 virum
1699 4905 1764 4946 ac
1837 4902 1981 4946 tanta

413 4980 862 5046 mmsuetudine,
895 4980 1178 5040 comitate.
1212 4979 1584 5049 prodigiorum
1629 4983 1867 5052 potentia
1899 4998 1989 5037 or-

413 5081 607 5126 natum
641 5073 961 5128 ostenderit.
1001 5071 1106 5138 Qui
1129 5071 1349 5141 quidem
1379 5071 1464 5126 vir
1498 5072 1795 5142 puritatem
1828 5083 1992 5144 atque

415 5163 677 5232 pietatem
701 5171 862 5214 'tuam
897 5163 1300 5232 contemplatus
1334 5173 1385 5218 te
1415 5163 1618 5218 imitari
1655 5165 1869 5220 studuit
1891 5183 1904 5220 :
1926 5168 1991 5221 de

412 5254 528 5321 quo
562 5251 835 5314 audierat,
863 5267 1024 5319 quam
1055 5267 1186 5321 erga
1215 5255 1680 5326 egenosliberalis
1711 5257 1988 5328 sis,quam

419 5346 633 5417 patiens
668 5353 722 5400 et
749 5346 921 5401 comis
963 5361 1092 5418 erga
1125 5362 1317 5403 omnes
1341 5387 1358 5412 ,
1393 5363 1560 5418 quam
1603 5348 1901 5405 immobilis
1937 5348 1990 5404 in

421 5439 730 5494 orthodoxa
761 5437 1106 5510 professione
1140 5439 1288 5494 ﬁdei.
1340 5442 1519 5508 Atque
1577 5439 1681 5493 hae
1731 5440 1799 5494 de
1829 5455 1993 5494 causa

429 5531 541 5586 huc
569 5533 635 5585 ad
663 5547 764 5587 nos
795 5529 1187 5604 Hierosolymis
1223 5531 1468 5600 divertit.
1498 5529 1631 5586 Post
1660 5533 1777 5587 haec
1826 5532 1998 5602 impe-

428 5636 576 5677 I'atot‘
599 5623 920 5697 Gregorium
945 5642 1070 5684 cum
1099 5625 1372 5696 episcopis
1420 5625 1632 5696 ingredi
1669 5624 1866 5694 jussit:
1903 5623 1996 5692 qui

433 5716 527 5769 ubi
556 5716 781 5774 admissi
819 5729 971 5783 sunt,
1011 5731 1090 5775 ter
1115 5720 1265 5774 illum
1293 5718 1360 5772 ad
1392 5725 1594 5772 terram
1629 5732 1805 5785 usque
1840 5731 1997 5768 vene-

437 5809 556 5874 rati,
594 5808 716 5882 [cu]
764 5827 948 5867 coram
983 5814 1367 5868 constiterunt.
1416 5810 1506 5867 Ille
1544 5826 1671 5866 vero
1701 5827 1712 5862 :
1745 5807 1996 5873 Pulchre,

2089 4617 2475 4684 προσκυνήσας
2500 4610 2648 4682 αὑτῷ
2671 4610 2960 4680 ὲκαθὲσθη.
3005 4613 3114 4664 Καὶ
3161 4611 3310 4679 λέγει
3341 4611 3488 4682 αὐτῷ
3507 4613 3534 4668 6
3567 4610 3666 4680 pa-

2090 4708 2270 4770 σιλεύς
2293 4723 2306 4736 °
2340 4705 2588 4769 Πάντως,
2610 4703 2870 4768 δέσποτα,
2913 4703 3158 4774 ἀκήκοας
3183 4704 3254 4756 τὰ
3279 4703 3548 4771 γενόμενα
3569 4718 3667 4770 ση-

2093 4798 2222 4865 μεῖα
2251 4793 2342 4846 διὰ
2379 4792 2474 4846 τοῦ
2527 4790 2824 4861 ανθρώπου
2867 4791 3082 4844 δικαίου
3136 4793 3195 4843 ἐν
3237 4785 3468 4862 Ῥώμῇὶ
3515 4791 3573 4845 ’0
3609 4789 3668 4842 δὲ

2089 4886 2521 4959 ἀρχιεπίσκοπος
2538 4883 2870 4952 ἀπεκρίνατο
2893 4883 3081 4948 "Nat,
3122 4882 3358 4936 δέσποτα
3397 4882 3665 4950 αὐτοκρά-

2089 4998 2187 5052 τορ
2207 4978 2588 5040 εὐσεϐέστατε,
2611 4975 2929 5046 ἀκηκόαμεν
2953 4975 3046 5029 καὶ
3079 4973 3220 5028 πάνυ
3245 4976 3419 5043 ἐχάρη
3430 4990 3550 5041 μεν,
3573 4973 3668 5025 καὶ

2091 5069 2167 5140 τῷ
2193 5068 2312 5138 Θεῷ
2364 5066 2842 5136 εὐχαριστήσαμεν
2872 5066 2962 5118 διὰ
3011 5065 3130 5128 σοῦ,
3175 5065 3557 5126 εὐσεϐέστατε,
3586 5063 3668 5116 ὅτι

2093 5161 2186 5215 ἐπὶ
2211 5161 2308 5214 τοῦ
2333 5161 2573 5230 κράτους
2609 5158 2708 5229 τῆς
2731 5158 2832 5227 σῆς
2859 5157 3204 5229 θεοκυρώτου
3228 5156 3486 5216 εὐσεϐοῦς
3513 5155 3669 5225 βασι-

2093 5254 2241 5315 λείας
2269 5249 2539 5318 ἀνέδειξεν
2569 5253 2598 5304 ὁ
2629 5250 2760 5314 Θεὸς
2792 5249 3033 5304 τοιοῦτον
3069 5250 3265 5320 πρᾶον.
3304 5247 3399 5302 καὶ
3438 5248 3668 5317 ἥσυχον,

2096 5350 2190 5406 καὶ
2223 5347 2590 5418 σημειοφόρον
2624 5345 2814 5414 ἄνδρα.
2845 5344 2956 5399 Καὶ
2986 5342 3144 5397 τοῦτο
3164 5343 3194 5394 6
3225 5341 3364 5413 ἀνὴρ
3390 5339 3533 5410 ὁρῶν
3575 5357 3669 5392 σου

2096 5443 2154 5493 τὺ
2185 5437 2428 5508 καθαρὸν
2455 5439 2550 5491 καὶ
2573 5437 2846 5506 φιλόθεον,
2877 5434 3154 5506 ἐζήλωσέν
3187 5451 3283 5486 σου
3321 5433 3412 5485 τὸν
3427 5431 3628 5502 τρόπον
3654 5445 3670 5460 ο

2098 5531 2354 5598 ἀκηκοὼς
2380 5531 2488 5600 γάρ
2521 5545 2615 5582 σου
2643 5528 2704 5582 τὸ
2737 5527 2994 5581 ἐπίπονον
3022 5527 3119 5596 τῆς
3153 5524 3544 5596 ὲλεημοσύνης,
3577 5521 3672 5575 καὶ

2101 5624 2159 5676 τὸ
2187 5623 2482 5685 διαπαντὸς
2519 5621 2874 5693 μακρόθυμον
2903 5619 3000 5674 καὶ
3029 5617 3412 5689 φιλάνθρωπον
3433 5617 3514 5678 είς
3539 5614 3676 5668 πάν-

2104 5733 2202 5780 τας
2227 5715 2324 5769 καὶ
2351 5715 2412 5767 τὸ
2449 5713 2784 5783 ἀμετάθετον
2828 5713 2926 5782 τῆς
2975 5713 3056 5774 εἰς
3101 5707 3336 5779 Χριστὸν
3383 5703 3672 5776 ὀρθοδὸξου

2110 5823 2203 5858 σου
2237 5805 2500 5868 πίστεως,
2527 5806 2717 5857 τούτου
2748 5802 2907 5873 χάριν
2947 5798 3280 5871 παρεγένετο
3302 5793 3536 5850 ἐνταῦθα
3563 5792 3672 5848 ἀπὸ
