4104 6262
351 300 460 366 ’103

1348 301 1409 362 S.
1447 299 1838 365 GREGORII.
1875 304 2388 366 AGRIGENTINI
2440 303 2636 366 VITA.

3517 297 3624 364 701

347 418 461 467 tem
494 411 914 482 quadragenarii
950 411 1142 485 jejunii
1181 424 1454 485 tempore,
1503 424 1561 469 et
1586 425 1794 472 sancta:
1830 414 1934 471 Re-
1964 468 1968 479 ,

2074 417 2435 490 Ιληρωθείσης
2465 417 2524 472 δὲ
2563 416 2668 486 τῆς
2711 413 2876 484 άγίας
2915 413 3396 486 Τεσσαρακοστῆς,
3432 414 3628 485 ἐορτά-

359 505 718 560 surreetionis
747 503 959 560 Domini
985 507 1158 561 nostri
1183 505 1316 563 Jesu
1351 506 1557 562 Christi
1587 507 1935 564 solemnibus

360 594 674 659 celebratis,
713 595 924 666 rogavit
947 596 1143 654 beatus
1177 597 1262 652 vir
1304 598 1694 668 imperatorem
1750 597 1936 669 Augu-

359 697 527 755 stum,
557 696 620 743 ut
647 689 828 743 locum
861 689 964 746 sibi
1002 690 1282 760 Agrigenti
1325 690 1391 744 ad
1425 705 1625 746 novum
1676 689 1938 759 templum

360 785 416 832 et
445 777 672 832 domum
729 779 1096 848 pontilicalem
1154 779 1533 835 aediﬁcandam
1583 779 1936 836 concederet:

363 878 530 939 atque
559 871 701 926 hanc
727 871 1047 940 petitionem
1086 873 1142 927 in
1187 873 1368 928 libello
1399 873 1632 944 supplici
1663 873 1938 942 exposuit,

363 979 526 1033 quem
557 963 926 1020 amicissimus
969 965 1074 1036 ipsi
1098 964 1410 1021 Marcianus
1439 965 1756 1036 spatharius
1785 965 1943 1021 obtu-

365 1056 447 1111 lit.
483 1055 622 1110 Eum
649 1056 946 1126 imperator
971 1066 1085 1112 uta
1119 1056 1402 1112 Marciano
1437 1057 1700 1111 traditum
1733 1057 1944 1126 accepit

369 1160 432 1199 ae
475 1146 638 1215 legit,
695 1145 855 1202 valde
893 1147 1110 1202 laetatus
1154 1157 1259 1209 est,
1304 1147 1412 1202 Deo
1451 1147 1666 1202 laudem
1717 1148 1942 1213 tribuit,

369 1233 514 1301 quod
544 1233 705 1288 talem
741 1235 820 1288 illi
864 1234 1108 1290 animum
1156 1236 1480 1290 addidisset.
1531 1235 1671 1292 Tum
1712 1237 1947 1291 sanctis-

371 1327 516 1379 simo
543 1325 957 1395 archiepiscopo
1005 1327 1222 1388 accito.
1281 1327 1526 1381 libellum
1579 1327 1627 1380 ei
1685 1329 1945 1394 ostendit,
1986 1316 1994 1323 ’

369 1431 533 1485 quem
577 1432 672 1486 per
700 1417 1040 1474 Marcianum
1073 1431 1391 1489 acceperat:
1419 1420 1508 1474 ille
1543 1435 1672 1473 vero
1705 1431 1764 1474 ut
1800 1421 1948 1490 legit,

370 1523 480 1562 non
512 1508 696 1564 minus
733 1509 1038 1564 admiratus
1093 1518 1176 1564 est
1216 1525 1338 1578 quae
1389 1510 1442 1562 in
1492 1525 1555 1563 ea
1600 1511 1863 1579 petitione
1921 1525 1951 1564 a

370 1596 637 1669 Gregorio
659 1599 1096 1670 exponebantur.
1121 1603 1190 1655 At
1220 1601 1518 1671 imperator
1549 1603 1777 1656 mandat
1809 1602 1952 1655 Mar-

371 1691 558 1758 ciano,
591 1698 921 1748 utsanctum
950 1693 1272 1764 Gregorium
1311 1709 1342 1748 e
1381 1691 1566 1748 Sancti
1605 1694 1779 1764 Sergii
1833 1711 1954 1749 mo-

2040 523 2234 571 σαντες
2257 505 2355 578 τὴν
2377 505 2540 574 ἁγίαν
2557 507 2652 560 καὶ
2665 503 2930 576 λαμπρὰν
2957 504 3059 569 τῆς
3099 503 3627 575 ’Λναστάσεωςήμέ-

2040 613 2142 668 ραν
2180 594 2273 650 τοῦ
2321 595 2530 668 Κυρίου
2567 593 2726 666 ἡμῶν
2779 593 2953 665 Ἰησοῦ
2998 593 3260 665 Χριστοῦ,
3297 593 3421 665 ᾔτει
3451 596 3479 649 ό
3517 612 3627 665 μα-

2041 686 2232 759 κάριος
2277 686 2418 758 μετά
2472 685 2647 741 ταῦτα
2670 686 2760 739 τὸν
2819 685 3098 738 θειότατον
3161 685 3388 755 βασιλέα
3442 685 3630 740 δοῦναι

2042 777 2194 848 αύτῷ
2223 795 2276 831 τι
2315 777 2482 850 μέρος
2509 780 2568 832 ἐν
2594 780 2664 849 τῇ
2703 777 2860 831 πόλει
2906 777 3002 830 τοῦ
3030 775 3464 848 ,ἀνοικοδομῆσαι
3500 777 3630 830 ναὸν

2041 869 2232 939 ἕτερον
2264 869 2361 924 καὶ
2386 871 2762 926 ἐπισκοπετον.
2793 869 2968 922 Τοῦτο
3000 868 3057 922 δέ
3081 869 3361 940 ἀνήγαγεν
3387 868 3477 922 διὰ
3505 869 3632 922 ίδιο-

2043 961 2230 1032 χείρου
2257 960 2422 1014 αὐτοῦ
2441 959 2692 1033 δεητικδν
2721 962 2750 1014 ό
2780 961 2936 1029 ἅγιος
2963 960 3265 1031 Γρηγόριος
3283 959 3371 1014 διὰ
3399 959 3494 1012 τοῦ
3516 960 3633 1030 φιλ-

2045 1052 2210 1107 τάτου
2245 1052 2415 1108 αὑτοῦ
2461 1051 2787 1124 Μαρκιανοῦ
2817 1052 2914 1106 τοῦ
2958 1051 3292 1122 σπαθαρίου.
3326 1051 3632 1122 Δεξάμενος

2045 1144 2105 1198 δέ
2126 1147 2155 1198 ὁ
2182 1145 2438 1216 βασιλεὺς
2469 1145 2568 1216 τὴν
2603 1143 2952 1214 πεμφθεῖσαν
2978 1143 3137 1215 αὐτῷ
3173 1144 3364 1215 δέησιν
3400 1145 3491 1198 διά
3519 1161 3635 1214 χει-

2053 1233 2144 1304 ρὸς
2206 1233 2302 1286 τοῦ
2351 1232 2710 1303 Μαρκιανοῦ,
2753 1233 2848 1286 καὶ
2897 1232 3108 1303 ταύτην
3178 1233 3481 1302 ἀναγνοὺς,
3513 1232 3636 1288 λίαν

2049 1322 2220 1395 ἐχάρη
2249 1321 2336 1375 ἐπ’
2363 1323 2503 1394 αὐτῇ
2521 1322 2766 1389 δοξάζων
2792 1323 2887 1378 τὸν
2920 1323 3055 1376 Θεὸν
3080 1321 3174 1376 τὸν
3199 1323 3360 1376 δόντα
3377 1321 3636 1390 τοιαύτην

2051 1417 2212 1487 χάριν
2237 1415 2316 1486 τῷ
2347 1415 2532 1486 ἀνδρίο
2573 1416 2668 1469 καὶ
2716 1415 3238 1488 προσκαλεσάμενος
3267 1415 3360 1468 τὸν
3394 1413 3630 1481 ἁγιώτα-

2053 1527 2144 1563 τον
2187 1510 2619 1580 ἂρχιεπίσκοπον
2648 1513 2676 1564 ό
2710 1509 2987 1580 βασιλεὺς,
3039 1508 3323 1572 ὑπέδειξεν
3363 1508 3514 1579 αὑτῷ
3538 1509 3638 1578 τὴν

2055 1603 2454 1656 ἀποσταλεῖσαν
2484 1602 2670 1672 δέησιν
2699 1602 2788 1668 διὰ
2826 1601 2922 1655 τοῦ
2953 1600 3298 1675 Μαρκιανοῦ.
3346 1601 3641 1669 Ἀναγνοὺς

2052 1676 2112 1748 δὲ
2137 1693 2344 1764 ταύτην
2369 1694 2399 1747 ὁ
2428 1694 2868 1766 ἀρχιεπίσκοπος
2894 1694 3036 1748 πάνυ
3077 1692 3393 1764 ἐθαύμασεν
3420 1693 3514 1745 καὶ
3543 1693 3640 1745 αύ-

375 1783 640 1846 nasterio,
671 1783 766 1838 ubi
802 1761 1143 1847 versabatur,
1172 1795 1436 1839 arcessat.
1470 1783 1571 1850 Qui
1613 1795 1671 1838 ut
1711 1761 1762 1838 in
1803 1785 1954 1855 pala-

2074 1785 2148 1848 τὸς
2177 1761 2318 1854 μετά
2344 1784 2439 1838 τοῦ
2466 1761 2732 1854 βασιλέως
2756 1785 2837 1847 είς
2865 1783 2968 1852 τὴν
2993 1783 3209 1836 ἔκθεσιν
3222 1761 3332 1852 ’τῆς
3375 1785 3508 1853 παρ’
3542 1781 3642 1835 αὑ·

376 1875 512 1929 tium
546 1874 712 1937 venit,
748 1883 804 1930 et
841 1873 1230 1944 imperatorem
1287 1883 1368 1928 ter
1404 1891 1578 1944 usque
1625 1884 1821 1930 terram
1861 1893 1956 1931 ve-

374 1974 599 2020 neratus
619 1973 724 2027 est,
756 1966 996 2022 surrexit
1027 1981 1056 2020 c
1083 1965 1279 2020 throno
1327 1969 1648 2034 imperator,
1683 1983 1848 2031 seque
1879 1967 1954 2020 illi

375 2055 663 2110 inclinarit
687 2070 752 2110 ac
783 2071 979 2110 manus
1031 2055 1154 2124 ejus
1191 2056 1474 2111 osculatus
1519 2065 1625 2119 est,
1665 2057 1826 2110 etiam
1877 2065 1960 2111 at-

375 2160 485 2214 que
513 2145 676 2200 etiam
709 2161 932 2214 rogans,
965 2153 1026 2200 ut
1058 2145 1160 2201 sibi
1200 2145 1407 2199 homini
1433 2161 1665 2216 nequam
1704 2147 1958 2216 precibus

379 2251 537 2306 opem
572 2237 760 2291 ferret.
793 2236 894 2292 Cui
938 2236 1239 2308 Gregorius
1267 2236 1333 2290 ad
1359 2237 1522 2305 pedes
1562 2239 1874 2306 prouidens,
1905 2247 1960 2294 et

377 2339 504 2381 cum
543 2325 806 2396 lacrymis
835 2324 1116 2380 clamans:
1149 2323 1313 2390 Quid,
1348 2325 1547 2395 inquit,
1592 2341 1753 2381 servo
1781 2327 1959 2382 l'eeisti

379 2427 496 2477 tuo.
527 2416 733 2486 optime
758 2415 1028 2484 Auguste,
1054 2423 1134 2478 tu,
1165 2415 1412 2482 inquam,
1445 2415 1538 2484 qui
1571 2416 1756 2468 orbem
1793 2426 1962 2470 terra-

381 2523 504 2562 rum
553 2507 638 2576 pie
679 2521 824 2560 nunc
873 2504 1266 2560 administras?
1307 2506 1376 2560 de
1420 2521 1530 2576 quo
1562 2508 1725 2570 etiam
1776 2509 1858 2562 vel
1913 2518 1963 2563 te

383 2613 566 2653 coram
598 2597 899 2667 praedicare
927 2596 1142 2650 audebo
1170 2612 1291 2664 qua:
1327 2596 1470 2652 Deus
1520 2613 1715 2667 magna
1743 2609 1795 2652 et
1821 2615 1962 2670 prae.

383 2689 532 2744 clara
562 2690 658 2744 tibi
688 2683 944 2754 contulit,
974 2703 1040 2742 ex
1075 2689 1188 2758 quo
1231 2698 1490 2757 tanquam
1537 2688 1590 2742 in
1639 2691 1806 2744 tutela
1845 2691 1964 2761 ejus

385 2793 604 2844 regnas,
633 2793 759 2832 cum
794 2777 1008 2832 videam
1051 2776 1339 2831 Dominum
1391 2787 1638 2832 nostrum
1683 2779 1962 2835 Christum

385 2870 452 2923 ad
489 2871 636 2940 regni
679 2871 843 2924 vestri
877 2869 1278 2942 religiosissimi
1325 2869 1491 2924 robur
1527 2872 1786 2926 tuendum
1825 2891 1966 2944 quo-

386 2960 520 3016 utne
551 2961 871 3033 advigilare.
1347 2945 1361 2959 '

2058 1875 2154 1930 τοῦ
2212 1875 2537 1946 ἐκτεθείσης
2564 1875 2714 1946 αὐτῷ
2729 1876 2988 1946 δεήσεως.
3020 1875 3133 1929 Καὶ
3192 1873 3522 1936 ἀποστείλας
3552 1872 3644 1926 τδν

2061 1968 2384 2040 Μαρκιανὸν
2415 1969 2444 2021 ό
2481 1967 2759 2037 βασιλεὺς,
2788 1969 2997 2038 ήγαγεν
3027 1965 3118 2020 τὸν
3144 1965 3301 2032 ἀγιον
3344 1964 3646 2035 Γρηγόριον

2061 2059 2128 2110 ἐκ
2159 2057 2253 2111 τοῦ
2304 2059 2672 2130 μοναστηρίου
2727 2057 2820 2112 τοῦ
2863 2058 3048 2126 ’Δγίου
3107 2057 3372 2128 Σεργίου,
3401 2059 3460 2110 ἐν
3491 2053 3536 2124 ᾧ
3577 2051 3648 2128 ἦν

2061 2150 2372 2222 ἡσυχάζων.
2413 2149 2758 2213 Ἀνελθόντος
2787 2149 2845 2202 δὲ
2873 2150 2967 2202 τοῦ
2986 2149 3142 2218 ἁγίου
3173 2150 3230 2201 ἐν
3274 2148 3352 2218 τῷ
3376 2147 3646 2217 παλατίῳ,

2065 2242 2482 2314 προσεκύνησεν
2531 2242 2610 2313 τῷ
2650 2241 2865 2313 βασιλεί
2905 2241 3088 2312 τρίτον
3130 2240 3224 2294 ἐπὶ
3252 2239 3353 2311 τὴν
3378 2239 3517 2308 γῆν·
3553 2242 3649 2294 καὶ

2066 2333 2304 2397 ἀναστὰς
2347 2335 2376 2386 ὁ
2427 2333 2678 2404 βασιλεὺς
2721 2333 2830 2388 ἀπὸ
2874 2331 2969 2387 τοῦ
3013 2333 3205 2403 θρόνου
3240 2331 3649 2402 προσεκύνησεν

2066 2423 2235 2495 αὐτῷ,
2265 2425 2361 2477 καὶ
2414 2425 2780 2496 κατεφίλησεν
2805 2425 2972 2478 αὐτοῦ
3014 2423 3112 2488 τὰς
3149 2426 3360 2494 χεῖρας,
3391 2435 3649 2491 παρακα-

2067 2513 2174 2567 λῶν
2203 2514 2363 2568 αὑτὸν
2397 2517 2491 2569 καὶ
2511 2517 2690 2585 λέγων
2711 2531 2724 2546 ⁸
2759 2516 2935 2583 Εῦξαι.
2977 2515 3120 2586 ὑπὲρ
3165 2513 3302 2585 ἐμοῦ
3335 2511 3429 2566 τοῦ
3470 2513 3678 2580 ἀμαρςη

2068 2604 2264 2659 τωλοῦ.
2309 2605 2367 2660 '0
2390 2607 2450 2660 δέ
2481 2607 2666 2660 πεσὼν
2697 2609 2850 2680 παρὰ
2877 2607 3004 2670 τοὺς
3032 2607 3200 2669 πόδας
3240 2603 3334 2658 τοῦ
3360 2603 3650 2674 βασιλέως,

2075 2695 2214 2768 μετά
2243 2695 2496 2768 δακρύων
2525 2697 2724 2769 ἐϐόησε
2753 2714 2767 2730 ο
2790 2699 2855 2750 Ὢ
2888 2696 3162 2768 φιλάγαθε
3187 2695 3448 2759 δέσποτα,
3478 2694 3532 2746 τί
3556 2708 3655 2744 πε-

2073 2789 2306 2860 ποίηκας
2337 2790 2416 2862 τῷ
2469 2791 2548 2862 σῷ
2575 2792 2792 2864 οίκέτῃ,
2823 2794 2852 2846 ό
2897 2793 2996 2863 τήν
3027 2791 3355 2862 οἰκουμένην
3409 2785 3655 2850 εὐσεϐῶς

2073 2883 2289 2937 διοικῶν
2331 2885 2575 2957 σήμερον
2608 2902 2622 2950 ;
2654 2885 2770 2938 ἀλλ’
2798 2885 2949 2956 ὅμως
2995 2885 3255 2957 τολμήσω
3314 2877 3657 2951 φθέγξασθαι

2081 2971 2145 3026 τὰ
2179 2974 2442 3044 μεγαλεῖα
2471 2976 2566 3030 τοῦ
2597 2977 2734 3030 Θεοῦ
2771 2977 3006 3032 ἐνώπιόν
3045 2994 3139 3030 σου
3176 2974 3532 3047 διηγούμενος
3554 2972 3657 3026 ὅσα

389 3043 658 3129 ἐποίησέν
678 3074 780 3122 σοι,
827 3057 922 3110 καλ⁹
971 3057 1070 3129 τὴν
1109 3056 1314 3128 πολλὴν
1349 3053 1786 3124 συγκατάϐασιν,
1812 3061 1848 3113 ἃ
1880 3073 1974 3112 και
2012 3064 2125 3138 ὁρῶ
2163 3043 2222 3120 έν
2249 3069 2328 3139 τῷ
2361 3069 2652 3142 σεβασμίῳ
2715 3088 2810 3124 σου
2875 3069 3100 3142 κράτει⁹
3133 3043 3390 3141 δεὸμξένοξ
3439 3065 3534 3122 τοῦ
3561 3069 3660 3121 Αε.

393 3153 594 3206 σπότου
623 3153 782 3222 ήμῶν
812 3151 1056 3224 Χριστοῦ
1087 3152 1182 3206 τοῦ
1228 3154 1317 3207 ἀεὶ
1342 3155 1650 3226 ἐφορῶντος
1685 3155 1748 3208 τὸ
1771 3156 1974 3226 κράτος
2015 3161 2116 3232 τῆς
2144 3162 2404 3228 εὐσεϐοῦς
2433 3165 2586 3238 ὑμῶν
2623 3165 2921 3237 βασιλείας.

463 3242 774 3299 LXXXVII.
807 3243 929 3300 liter.
956 3260 1022 3299 eo
1045 3256 1511 3301 commemorante
1531 3288 1546 3312 ,
1591 3249 1833 3317 susvepit
1862 3249 1967 3302 im-

2147 3255 2272 3309 ΠΖ.
2303 3255 2344 3310 Τ
2349 3256 2490 3311 αῦτα
2525 3259 2778 3320 δὲαύτοῦ
2831 3257 3104 3320 εἰπόντος,
3139 3257 3292 3326 λέγει
3330 3254 3481 3326 αὐτῷ
3504 3254 3534 3307 ό
3563 3251 3659 3323 βα-

393 3341 618 3404 pcrator
651 3349 664 3386 :
699 3333 969 3398 Quoniam
1017 3335 1204 3389 libello
1253 3344 1348 3392 tuo
1390 3351 1419 3388 a
1465 3336 1624 3390 nobis
1659 3338 1970 3406 postulasti,

394 3431 460 3480 ut
489 3424 713 3480 domum
749 3426 1116 3492 pontiﬁcalem
1149 3427 1246 3480 tibi
1269 3436 1482 3481 mutare
1515 3429 1696 3492 liceat,
1729 3429 1839 3491 die,
1874 3429 1976 3484 Pa-

399 3524 504 3580 ter,
530 3532 653 3586 quae
693 3527 747 3572 te
781 3519 919 3571 ratio
971 3533 1158 3586 qumve
1191 3533 1360 3573 causa
1412 3517 1668 3586 impulit,
1721 3528 1782 3572 ut
1814 3521 1917 3575 hoc
1945 3536 1974 3575 a

398 3608 559 3664 nobis
595 3608 942 3679 postulares?
969 3608 1063 3664 Ille
1091 3625 1226 3664 vero
1262 3610 1365 3664 hoc
1396 3611 1708 3678 imperatori
1759 3626 1981 3681 respon-

401 3715 522 3757 sum
553 3701 742 3756 dedit:
779 3699 1016 3756 Lcucius
1063 3701 1285 3771 quidam
1344 3703 1632 3756 lnereticus
1673 3703 1976 3772 presbyter,

400 3797 495 3866 qui
529 3794 811 3851 Laodiceae
840 3796 1169 3866 prmneritus
1199 3795 1400 3862 luerat,
1435 3804 1495 3849 ut
1527 3811 1555 3851 a
1588 3804 1775 3850 sancta
1800 3811 1982 3866 ,syno-

402 3887 476 3942 do
509 3889 854 3942 anathemate
887 3889 1238 3956 plecteretur,
1267 3904 1332 3942 ex
1383 3902 1446 3942 ea
1485 3888 1728 3956 regione,
1759 3887 1982 3942 domine

406 3979 720 4049 imperator,
757 3980 1016 4051 profugit,
1051 3989 1216 4050 atque
1266 3979 1336 4034 ad
1367 3994 1518 4034 oras-
1534 3978 1738 4033 Siciliae
1788 3978 1983 4048 appul-

405 4083 524 4134 ευρ,
556 4071 609 4124 iu
651 4071 840 4125 urbem
875 4084 1122 4126 nostram
1155 4071 1396 4134 devenit,
1429 4070 1618 4140 ibique
1647 4070 1864 4138 hospite
1899 4070 1984 4122 in-

410 4170 574 4215 vento
603 4163 839 4218 delituit.
867 4163 986 4230 Quo
1017 4175 1196 4218 autem
1250 4171 1501 4231 tempore
1549 4170 1675 4216 tuus
1716 4159 1851 4233 [Civ]
1883 4175 1985 4231 ego

408 4265 602 4308 servus
632 4254 700 4307 ali
726 4254 1146 4308 accusatoribus
1179 4253 1317 4308 meis
1349 4251 1576 4307 llomam
1599 4254 1664 4307 ad
1696 4253 1986 4310 sanctissi-

409 4359 560 4398 mum
604 4345 915 4415 pontiﬁcem
956 4345 1254 4398 maximum
1292 4345 1495 4400 missus
1523 4361 1646 4400 sum
1671 4386 1687 4412 ,
1729 4364 1853 4402 eum
1885 4349 1984 4403 ad-

408 4435 643 4489 versarii
678 4435 758 4488 illi
799 4435 908 4489 mei
945 4435 998 4488 in
1027 4435 1326 4504 pontiﬁcali
1354 4437 1483 4490 sede
1511 4451 1608 4504 pro
1631 4453 1718 4491 me
1745 4438 1986 4494 colloca-

413 4535 566 4589 runt,
597 4535 659 4580 ut
689 4525 735 4580 is
775 4525 885 4580 illic
916 4525 1208 4594 episcopus
1253 4535 1421 4580 esset.
1454 4525 1628 4581 Porro
1677 4529 1852 4584 altare
1898 4531 1990 4586 hic

2083 3347 2266 3410 σιλεύς
2287 3365 2300 3378 ⁸
2350 3349 2571 3421 Ἐπειδὴ
2606 3351 2952 3421 περιῄτησας
2987 3351 3136 3418 ἡμᾶς
3158 3349 3250 3402 διὰ
3282 3337 3386 3418 τῆς
3414 3348 3513 3416 σῆς
3533 3345 3664 3416 δεή-

2085 3456 2222 3504 σεως
2251 3441 2314 3494 τὸ
2340 3441 2648 3507 ὑπαλλάξαι
2669 3444 2730 3496 τὸ
2765 3445 3148 3506 ὲπισκοπεῖον,
3173 3443 3254 3505 τίς
3282 3442 3310 3494 ό
3339 3440 3540 3510 τρόπος
3563 3435 3661 3492 καὶ

2083 3531 2226 3596 τίνος
2251 3531 2438 3588 ἕνεκεν
2462 3533 2528 3586 δι’
2568 3527 2642 3586 ὧν
2670 3535 2832 3588 τοῦτο
2884 3535 3030 3589 αίτεῖ
3057 3533 3204 3604 ἡμᾶς
3233 3533 3267 3602 ή
3292 3530 3358 3604 σὴ
3393 3527 3664 3601 μακαριό-

2085 3639 2224 3692 της;
2269 3625 2326 3676 '0
2353 3624 2412 3676 δέ
2459 3626 2792 3698 ἀπεκρίνατο
2829 3625 2908 3697 τῷ
2959 3625 3205 3696 βασιλεῖ·
3236 3625 3481 3676 Δέσποτα
3504 3622 3664 3675 αύτο-

2085 3714 2316 3785 κράτορ,
2351 3715 2581 3778 Λεύκιός
2603 3733 2689 3780 τις
2715 3716 2997 3788 αίρετικὸς
3029 3713 3398 3788 πρεσϐύτερος
3415 3711 3664 3782 ἀνάθεμα

2089 3803 2266 3874 ἐαυτῷ
2303 3804 2728 3876 κληρωσάμενος
2776 3809 2840 3860 ἐκ
2889 3807 2988 3878 τῆς
3032 3808 3089 3859 ἐν
3147 3805 3441 3876 Λαοδικείᾳ
3492 3803 3662 3868 ἁγίας

2092 3896 2342 3959 συνόδου,
2377 3897 2642 3966 ἐξέφυγεν
2676 3899 2742 3951 ἐκ
2785 3898 2895 3950 τῶν
2934 3899 3137 3962 ἐκεῖσε,
3174 3898 3270 3951 καὶ
3316 3895 3582 3966 κατῆλθεν
3607 3895 3666 3947 ἐν

2088 3989 2201 4048 τοῖς
2237 3987 2430 4056 μέρεσι
2455 3988 2554 4056 τῆς
2603 3987 2888 4050 Σικελίας,
2923 3990 3015 4041 καὶ
3059 3989 3399 4058 κατήντησεν
3432 3987 3499 4056 τῇ
3541 3985 3662 4038 καθ’

2091 4079 2238 4148 ἡμᾶς
2271 4078 2462 4132 πόλειε
2497 4079 2590 4132 καὶ
2637 4079 2956 4149 κατεκρύϐη
3004 4079 3060 4132 ἕν
3093 4096 3200 4132 τινι
3235 4075 3529 4148 ἀνθρώπῳ.
3574 4075 3666 4127 Ἐν

2089 4171 2201 4240 ὅσῳ
2224 4169 2282 4223 δὲ
2313 4170 2591 4238 ἀπεστάλη
2625 4172 2654 4224 ὁ
2688 4171 2778 4234 σὸς
2807 4169 2995 4232 δοῦλος
3023 4171 3086 4223 ἐκ
3117 4169 3227 4222 τῶν
3249 4163 3666 4237 κατηγορησάν·

2091 4279 2199 4316 των
2227 4263 2374 4333 ἡμᾶς
2399 4264 2458 4315 ἐν
2500 4265 2564 4333 τῇ
2604 4261 2794 4334 Ῥώμῃ
2819 4263 2956 4333 πρὸς
2980 4261 3072 4315 τὸν
3109 4260 3416 4330 ἁγιώτατον
3452 4260 3666 4322 ττάπαν⁹

2093 4351 2326 4424 ἔστησαν
2349 4351 2512 4406 αὑτὸν
2535 4352 2585 4404 οἱ
2617 4350 2896 4422 άνθρωποι
2914 4352 3114 4404 ἐκεῖνοι
3143 4353 3201 4403 ἐν
3227 4349 3305 4420 τῷ
3327 4347 3668 4416 ἐπισκοπείῳ

2093 4443 2213 4496 ἀντὶ
2237 4441 2393 4513 ἐμοῦ,
2423 4441 2738 4513 βουλόμενοι
2761 4443 2923 4496 αὐτὸν
2946 4443 3133 4497 αὐτόθι
3167 4439 3308 4496 εἶναι
3343 4441 3666 4496 ἐπίσκοπον.

2099 4537 2408 4591 Κατέλυσεν
2433 4537 2492 4591 δέ
2523 4537 2586 4590 τδ
2607 4537 2998 4607 θυσιαστήριον
3039 4539 3105 4589 ἐκ
3147 4535 3345 4598 ποδῶν,
3379 4536 3474 4590 καὶ
3517 4536 3584 4588 τά
3613 4536 3672 4587 ἐν

411 4619 612 4674 evertit
639 4633 665 4670 a
694 4617 836 4683 solo,
864 4627 919 4672 et
945 4632 1070 4687 quae
1115 4616 1169 4670 in
1202 4632 1269 4670 eo
1299 4618 1658 4686 quiescebant
1699 4636 1871 4675 sacrae
1903 4637 1968 4676 re!

2097 4628 2245 4698 αύτῷ
2272 4628 2406 4696 άγια
2433 4628 2664 4700 λείψανα
2688 4628 3032 4698 ἀποκείμενα
3076 4629 3212 4698 πυρὶ
3262 4627 3364 4696 μὲν
3403 4625 3671 4696 ἐϐουλήθη

413 4711 621 4780 Ιίηιιὶαξ,
647 4725 772 4765 cum
805 4709 929 4780 igne
952 4709 1276 4765 comburere
1300 4710 1581 4776 voluisset,
1604 4727 1704 4768 nec
1721 4730 1816 4770 eas
1851 4715 1992 4785 ignis

411 4801 751 4868 absumeret,
787 4812 953 4858 noctu
1003 4801 1174 4866 misit,
1224 4801 1316 4868 qui
1359 4802 1414 4856 in
1456 4804 1622 4857 maris
1659 4805 1988 4873 profundum

413 4897 749 4965 projiceret;
781 4895 968 4964 itaque
996 4894 1099 4948 illa,
1127 4894 1390 4950 hactenus
1413 4895 1617 4950 latent:
1649 4905 1759 4951 tum
1792 4914 1990 4953 novum

415 4989 589 5041 altare
621 4985 932 5040 aediﬁcavit.
971 4984 1181 5041 Interea
1209 4985 1450 5055 episcopi
1500 4987 1610 5040 duo
1636 4987 1776 5042 alter
1805 4987 1996 5045 Seleu-

416 5079 516 5134 ciae
543 5078 688 5147 (l0),
736 5077 876 5132 alter
912 5078 1093 5149 magni
1127 5078 1325 5144 Ponti,
1365 5095 1489 5134 cum
1539 5089 1744 5135 sanctae
1796 5081 1990 5153 synodi

417 5173 554 5244 (ll),
586 5185 710 5240 qua:
734 5169 893 5239 jussu
927 5177 1024 5225 tuo
1049 5179 1238 5226 coacta
1295 5181 1416 5238 est,
1477 5173 1750 5228 sententia
1802 5176 1859 5229 in
1891 5190 1993 5230 ex-

495 5351 604 5419 (iOl
634 5350 695 5424 lu
728 5353 1108 5424 utroqueicod.
1140 5353 1306 5408 Basil.
1336 5355 1437 5424 τῆς
1462 5353 1723 5418 Λευκίας.

493 5432 539 5490 (ι
561 5425 606 5487 t)
634 5420 770 5495 Tam
806 5421 922 5477 baac
965 5423 1145 5495 ignota
1174 5463 1216 5495 ,ί
1249 5420 1413 5492 quam
1464 5441 1587 5493 qua:
1635 5425 1894 5495 superius
1928 5426 1997 5480 de

424 5491 628 5548 Leucio
649 5508 714 5548 ac
738 5491 806 5548 de
822 5491 1032 5565 synodo
1053 5491 1360 5565 Laodicena
1385 5491 1682 5565 narrantur
1707 5491 1722 5548 Ξ
1752 5511 1991 5565 cumque

425 5579 534 5618 non
568 5579 674 5618 una
702 5565 833 5633 urbs
863 5563 1106 5620 Seleucia
1134 5606 1148 5630 ,
1195 5563 1290 5618 sed
1325 5563 1638 5633 quindecim
1677 5565 1868 5620 saltem
1900 5563 1994 5620 eo-

425 5632 958 5758 ﬁliumines.fuerint,
1011 5651 1076 5689 ne
1107 5634 1238 5689 illud
1270 5632 1711 5715 quidemliquet.
1738 5652 1900 5702 quam
1928 5652 1992 5692 ex

471 5717 517 5758 is
545 5699 802 5758 Leontius
843 5705 1082 5758 indicare
1113 5705 1378 5758 voluerit:
1414 5721 1518 5758 lllSl
1569 5706 1713 5758 uuod
1745 5707 1812 5758 ab
1853 5707 1983 5758 Lao-

471 5703 517 5759 is
545 5699 802 5760 Leontius
841 5704 1082 5762 indicare
1113 5699 1378 5770 voluerit;
1414 5704 1518 5761 nisi
1569 5699 1713 5774 quod
1745 5699 1812 5760 ab
1853 5707 1983 5762 Lao-

2097 4719 2443 4774 κατακαῦσαι
2472 4720 2612 4775 αὐτά
2630 4735 2644 4750 ⁶
2667 4719 2763 4773 τοῦ
2787 4719 2847 4773 δὲ
2872 4718 3044 4791 πυρὸς
3064 4717 3244 4772 αὐτῶν
3272 4717 3347 4788 μὴ
3366 4717 3670 4786 ἁψαμένου,

2097 4813 2422 4876 ἀποστείλας
2449 4815 2507 4866 ἐν
2537 4814 2696 4866 νυκτὶ
2737 4813 2961 4885 ἔρριψεν
3001 4813 3143 4867 αύτά
3187 4816 3244 4866 ἐν
3284 4811 3364 4882 τῷ
3399 4811 3547 4882 βυθῷ
3574 4811 3676 4879 τῆς

2099 4905 2394 4975 θαλάσσης,
2429 4907 2524 4959 καὶ
2549 4905 2792 4975 ἀπῆλθον
2825 4904 2930 4968 ἓως
2956 4905 3058 4975 τῆς
3083 4906 3326 4976 σήμερον
3351 4921 3365 4936 ο
3401 4905 3489 4956 καὶ
3524 4904 3675 4956 ἀνοι-

2101 4997 2404 5068 κοδόμησεν
2429 4996 2550 5051 νέον
2584 4996 2998 5068 θυσιαστήριον.
3040 4996 3462 5068 Ἐξορισθέντων
3487 4995 3544 5048 δὲ
3567 4994 3676 5046 τῶν

2101 5085 2194 5139 δύο
2222 5085 2538 5140 ἐπισκόπων
2563 5088 2663 5157 τῆς
2708 5085 3035 5152 Σελευκείας
3085 5087 3180 5140 καὶ
3214 5088 3310 5140 τοῦ
3353 5084 3558 5140 Πόντου
3581 5083 3676 5138 τοῦ

2105 5177 2346 5249 μεγάλου
2380 5177 2484 5232 ὑπὸ
2513 5179 2610 5251 τῆς
2632 5179 2794 5249 ἁγίας
2820 5179 3040 5234 συνόδου
3063 5177 3164 5250 τῆς
3209 5177 3678 5251 συγκροτηθείσης

2101 5353 2268 5426 (licet?
2295 5351 2521 5426 ﬁnibus,
2551 5354 2724 5409 multo
2753 5355 2940 5411 minus
2971 5371 3136 5426 quam
3179 5365 3407 5426 aeterm,
3429 5355 3680 5426 'distabat

2099 5423 2347 5496 Seleucia
2382 5422 2617 5496 Pisidiae,
2658 5426 2794 5496 quis
2822 5441 2952 5480 vero
2989 5422 3076 5496 ille
3119 5426 3301 5496 magni
3365 5424 3528 5496 Ponti
3563 5425 3679 5492 cpi.

2110 5495 2352 5562 scopus?
2378 5493 2515 5546 Num
2557 5493 3000 5564 archiepiscopus
3024 5493 3386 5551 Neocaesareae
3431 5495 3679 5564 designa-

2102 5573 2212 5626 tur,
2243 5565 2338 5632 qui
2373 5565 2712 5634 metropolita
2744 5563 2863 5619 erat
2894 5563 3186 5634 provincia;
3227 5565 3385 5620 Ponti
3428 5563 3681 5618 Polem0~

2100 5634 2296 5758 lr’izaei;
2332 5649 2398 5687 an
2460 5631 2724 5689 Leontius
2784 5631 2907 5706 ipse
2960 5636 3286 5706 ignorabat,
3351 5634 3482 5706 quid
3539 5635 3678 5688 scri-

2135 5717 2251 5758 cret

2135 5717 2251 5759 cret
