4104 6262
454 340 566 406 705

1457 337 1519 397 S.
1560 335 1938 398 GBEGORII
1980 333 2494 410 AGRIGENTINI
2533 331 2731 396 VITA.

3614 332 3722 401 706

457 449 563 502 ὑπὸ
589 444 686 502 τοῦ
732 443 829 500 σοῦ
883 446 1145 518 κράτους,
1189 447 1545 518 κατήντησαν
1577 449 1672 501 καὶ
1694 449 1846 501 αὐτοὶ
1884 449 1942 500 ὲν
1962 451 2030 518 τῇ

2150 446 2320 502 silium
2347 444 2488 515 pulsi
2521 451 2728 512 essent,
2767 441 2867 515 ipsi
2905 416 3128 514 quoque
3153 442 3207 498 in
3250 443 3439 499 urbem
3475 421 3722 502 nostrain

458 537 615 592 πόλει
656 535 816 606 ἡμῶν
839 553 855 568 ·
893 537 990 590 καὶ
1041 535 1470 606 ἀνακάμψαντες
1507 537 1567 590 ὲν
1596 539 1661 608 τῇ
1693 537 1848 591 πόλει
1876 538 2035 606 ἀφιέ-

460 644 643 698 ρωσαν
691 626 791 697 τὴν
820 625 1156 696 ἐκκλησίαν,
1186 626 1282 680 καὶ
1315 626 1539 697 ἴδρυσαν
1579 628 1638 680 ὲν
1681 627 1822 698 αὐτῇ
1848 625 2037 680 θυσια-

460 721 685 790 στήριον
737 718 930 788 ἕτερον
965 717 1110 771 κατὰ
1153 717 1255 784 τὴν
1309 721 1642 787 κακότεχνον
1691 718 1870 772 αὐτῶν
1917 719 2039 772 επί-

457 828 608 866 νοιαν
630 811 727 866 καὶ
770 808 986 880 ζοφώδη
1014 810 1108 863 καὶ
1139 811 1533 881 ἐσκοτισμένην
1572 809 1753 866 αὐτῶν
1782 810 2038 866 διδασκα-

457 904 600 960 λίαν.

535 996 664 1054 llﬂ'.
708 997 1071 1062 ’Λκούσαντες
1091 998 1148 1052 δὲ
1177 997 1352 1053 ταῦτα
1373 998 1402 1052 ὃ
1428 1014 1490 1051 τε
1519 997 1913 1062 εὐσεϐέστατος
1943 995 2038 1068 βαο

463 1085 650 1150 σιλεὺς
673 1087 766 1139 καὶ
796 1087 826 1138 6
855 1086 1313 1166 ἀρχιεπίσκοπος,
1349 1085 1672 1157 ἐθαύμασαν
1707 1088 1758 1140 εἰ
1787 1089 1895 1158 ἄρα
1944 1086 2042 1140 οὗ·

463 1195 570 1242 τως
595 1179 822 1247 γέγονεν
845 1193 861 1209 ο
884 1173 953 1250 ἦν
975 1176 1086 1249 γὰρ
1114 1180 1144 1232 6
1172 1177 1428 1249 βασιλεὺς
1455 1179 1714 1250 ἀκηκοὼς
1746 1179 1806 1233 τὸ
1821 1179 2040 1250 ἀνίερον

461 1271 556 1324 τοῦ
585 1269 840 1326 Λευκίου.
875 1266 1010 1324 Εῐτα
1078 1269 1224 1340 λέγει
1271 1269 1350 1342 τῷ
1392 1271 1532 1342 ἁγίῳ
1568 1271 1858 1342 Γρηγορίῳ
1883 1288 1898 1304 ·
1930 1273 2042 1326 Καὶ

459 1363 672 1431 ταύτην
699 1379 782 1416 σοι
805 1344 906 1432 τῆν
931 1362 1148 1432 αίτησιν
1185 1363 1526 1434 ποιήσωμεν.
1565 1363 1697 1418 Ἰδοὺ
1747 1365 1842 1418 καὶ
1881 1366 2043 1434 ἡμεῖς

461 1452 677 1523 δίδομεν
707 1452 786 1523 τῷ
815 1452 936 1524 Θεῷ
957 1453 1044 1508 διὰ
1067 1451 1161 1506 σοῦ
1186 1453 1244 1507 τὸ
1274 1455 1446 1526 ἥμισυ
1484 1454 1652 1525 μέρος
1685 1458 1786 1526 τῆς
1813 1455 2040 1522 πόλεως,

461 1544 490 1596 ὃ
517 1545 742 1614 κατέχει
771 1543 806 1614 ὴ
851 1543 1083 1614 εὐσεϐὴς
1128 1543 1288 1615 ἡμῶν
1331 1545 1578 1616 βασιλεία
1601 1562 1616 1578 ·
1644 1547 1740 1601 καὶ
1776 1547 2047 1602 ἀνοικοδό-

466 1653 643 1708 μησον
673 1637 796 1691 νέον
822 1633 973 1690 οἷκον
997 1637 1188 1691 πιστὸν
1215 1637 1294 1710 τῷ
1323 1637 1442 1710 Θεῷ
1471 1638 1566 1692 καὶ
1593 1637 1654 1691 τὸ
1672 1639 2040 1706 ὲπισκοπεϊον,

461 1729 491 1781 ὃ
521 1728 708 1802 βούλῃ.
740 1728 854 1783 Καὶ
876 1727 1168 1782 ἐκέλευσεν
1194 1733 1222 1784 6
1253 1729 1509 1801 βασιλεὺς
1531 1731 1814 1802 γραφῆναι
1851 1733 2041 1802 τόμον,

463 1818 560 1872 καὶ⁸
615 1818 838 1889 δοθῆναι
888 1818 968 1889 τῷ
1017 1820 1275 1891 μακαρίῳ
1301 1820 1610 1891 Γρηγορίῳ,
1639 1823 1736 1874 καὶ
1787 1822 2044 1894 κτήματα

465 1909 658 1965 πολλά.
689 1911 848 1964 Μετὰ
873 1910 933 1964 δὲ
963 1910 1139 1965 ταῦτα
1175 1913 1408 1982 ποιήσας
1436 1913 1496 1964 ὲν
1518 1914 1586 1984 τῇ
1623 1913 1776 1967 πόλει
1817 1913 1922 1978 ἕως
1945 1915 2042 1984 τῆς

467 2003 630 2072 ἁγίας
680 2003 1101 2074 Πεντηκοστῆς,
1167 2005 1264 2057 καὶ
1315 2004 1436 2076 μεθ’
1470 2005 1687 2076 ἡμέρας
1724 2005 1880 2070 τινὰς
1917 2024 2046 2078 μετ-

467 2095 748 2151 εστείλατο
777 2095 940 2150 αὐτὸν
969 2099 996 2150 6
1031 2095 1287 2166 βασιλεὺς
1329 2098 1387 2152 ὲν
1419 2097 1498 2168 τῷ
1537 2098 1806 2170 παλατίῳ,
1838 2097 1932 2154 καὶ
1953 2099 2045 2153 λέ-

467 2205 554 2258 γει
587 2185 736 2258 αὑτῷ
757 2203 771 2218 ·
805 2187 991 2260 Πάτερ
1013 2188 1187 2258 τίμιε,
1216 2187 1309 2242 ἐπὶ
1352 2188 1515 2243 τοῦτο
1556 2191 1864 2261 παρακαλῶ
1893 2190 2048 2262 εὔχε-

470 2278 597 2333 σθαι
627 2279 769 2347 ὑπὲρ
799 2279 958 2351 ἡμῶν
1001 2282 1060 2335 ὲν
1090 2285 1213 2346 ταῖς
1258 2285 1378 2346 σαῖς
1428 2282 1617 2353 εὐχαῖς
1661 2283 2044 2346 ἀδιαλείπτως.

481 2371 540 2425 '0
569 2371 626 2426 δὲ
655 2372 838 2424 πεσὼν
883 2373 1035 2445 παρὰ
1073 2374 1200 2436 τοὺς
1252 2373 1422 2438 πόδας
1470 2374 1564 2427 τοῦ
1589 2375 1852 2445 βασιλέως
1880 2392 2049 2446 προσ-

471 2459 743 2532 εκύνησεν
772 2463 956 2532 τρίτον
987 2463 1080 2516 ἐπὶ
1127 2463 1226 2536 τὴν
1246 2464 1382 2534 γῆν,
1413 2466 1506 2518 καὶ
1543 2465 1692 2533 λέγει
1731 2465 1880 2535 αὐτῷ
1899 2485 1912 2497 ·
1943 2468 2050 2520 Εὖ-

473 2550 766 2604 σεϐέστατε
801 2551 1062 2612 δέσποτα,
1081 2551 1135 2605 τί
1163 2553 1624 2624 ἀνταποδώσομέν
1654 2570 1736 2606 σοι
1754 2555 1884 2626 περὶ
1909 2553 2049 2607 πάν-

470 2657 580 2694 των
606 2636 680 2695 ὧν
705 2642 1098 2706 ἀνταπέδωκας
1125 2644 1256 2714 ἡμῖν
1281 2642 1536 2710 ἀγαθῶν;
1571 2646 1666 2699 καὶ
1691 2646 1775 2709 τίς
1796 2645 1913 2715 ειμι
1940 2644 2051 2713 ἐγὼ

474 2734 504 2786 6
534 2733 702 2794 τάλας
729 2734 823 2786 καὶ
852 2734 1196 2804 ἁμαρτωλὸς,
1229 2735 1314 2788 ὅτι
1340 2736 1597 2800 τοιαύτας
1623 2737 1782 2804 ἀξίας
1823 2737 1919 2790 καὶ
1952 2753 2051 2807 με·

474 2823 648 2894 τάλας
674 2823 882 2894 δωρεὰς
925 2825 1127 2894 εἴληφα
1163 2826 1315 2898 παρὰ
1356 2827 1451 2880 τοῦ
1511 2827 1771 2892 εὐσεϐοῦς
1817 2829 2052 2898 κράτους

477 2915 634 2986 ὑμῶν
662 2933 676 2981 ;
709 2915 882 2979 Αὐτὸς
911 2917 939 2970 6
967 2915 1389 2986 συμϐασιλεύων
1436 2934 1519 2972 σοι
1556 2919 1688 2982 Θεὸς
1710 2918 1820 2991 δῴη
1850 2936 1932 2974 σοι
1955 2918 2051 2972 τοῦ

477 3010 564 3064 ἀεὶ
595 3009 789 3060 πατεῖν
818 3009 944 3070 τοὺς
980 3009 1450 3078 ἐπανισταμένους
1495 3027 1577 3063 σοι
1610 3009 1688 3082 τῷ
1739 3011 1914 3082 κυρίῳ
1949 3029 2052 3082 μου

2139 540 2497 607 devenerunt,
2556 539 2870 610 ibidemque
2898 537 3157 594 diversati
3207 539 3468 608 templum
3521 555 3728 598 conse-

2138 640 2452 695 craverunt,
2499 639 2554 686 et
2600 633 2774 688 altare
2809 632 2863 686 in
2894 619 2960 686 co
3007 632 3240 686 alterum
3285 635 3626 688 constituere
3654 648 3726 690 ex

2139 738 2394 794 perversa
2439 707 2684 792 ipsorum
2735 733 2958 790 mente,
3008 733 3174 794 atque
3227 722 3520 781 obscuram
3565 741 3725 784 suam

2142 815 2604 887 tenebrosamque
2636 816 2942 872 doctrinam
2978 817 3174 874 secuti.

2215 986 2543 1044 DXXXVIII.
2579 988 2674 1044 llis
2699 989 2926 1049 auditis.
2972 997 3080 1044 tam
3110 989 3394 1060 piissimus
3429 989 3731 1059 imperator

2142 1095 2310 1152 quam
2340 1080 2788 1152 archiepiscopus
2815 1081 2997 1136 mirati
3036 1092 3186 1148 sunt,
3211 1096 3453 1152 quonam
3488 1091 3650 1154 pacto
3669 1082 3724 1138 id

2141 1171 2220 1227 ita
2250 1171 2594 1243 contigisset.
2633 1169 2771 1226 Nam
2820 1173 2888 1226 de
2931 1171 3116 1228 Leucii
3164 1174 3472 1246 sacrilegiis
3518 1174 3726 1245 aliquid

2142 1263 2210 1318 ad
2246 1261 2596 1331 imperatoris
2649 1276 2812 1318 aures
2856 1262 3131 1332 perlatum
3179 1263 3377 1320 fuerat.
3424 1263 3538 1320 -llic
3571 1265 3728 1320 deiu-

2142 1371 2272 1425 ceps
2305 1363 2498 1410 sancto
2531 1355 2794 1424 Gregorio
2828 1355 3204 1424 respondens:
3241 1354 3310 1411 Et
3339 1355 3490 1421 huic,
3523 1357 3726 1429 inquit,

2143 1447 2395 1518 petitioni
2435 1457 2542 1502 tuae
2567 1446 2998 1503 satisfaciemus.
3051 1448 3195 1502 Ecce
3223 1449 3369 1503 enim
3405 1457 3462 1504 et
3501 1464 3603 1504 nos
3641 1449 3726 1504 al-

2146 1549 2320 1598 teram
2351 1544 2506 1598 urbis
2543 1551 2754 1613 partem
2785 1584 2800 1609 ,
2839 1558 2960 1613 quas
3012 1543 3244 1614 imperio
3287 1553 3478 1600 nostro
3511 1545 3726 1612 subest,

2144 1631 2257 1688 Deo
2285 1642 2509 1704 propter
2541 1643 2594 1689 te
2625 1634 2976 1690 dedicamus:
3008 1635 3100 1690 hic
3129 1649 3332 1691 novum
3379 1636 3731 1706 religiosum-

2147 1741 2256 1797 que
2318 1726 2430 1782 Deo
2487 1727 2747 1798 templum
2803 1743 2870 1783 ac
2926 1729 3152 1783 domum
3215 1729 3622 1798 pontiﬁcalem,
3669 1739 3731 1786 ut

2079 1803 2122 1858 Β
2148 1819 2252 1884 vis,
2299 1829 2607 1875 construes.
2667 1821 2848 1890 Atque
2897 1821 3040 1876 idem
3077 1821 3325 1876 chartam
3359 1821 3526 1877 scribi
3565 1823 3733 1892 jussit

2144 1920 2199 1966 ct
2233 1914 2392 1966 beato
2440 1911 2707 1983 Gregorio
2737 1913 2876 1968 tradi
2906 1952 2920 1978 ,
2956 1921 3011 1966 et
3049 1913 3426 1982 possessiones
3469 1923 3733 1984 praetcrea

2147 2003 2372 2058 multas.
2445 1997 2648 2057 Mansit
2701 2018 2834 2058 vero
2895 2013 3022 2073 post
3083 2005 3198 2058 haec
3255 2003 3733 2074 ConstantinOpOll

2147 2110 2324 2165 usque
2376 2095 2442 2150 ad
2494 2105 2698 2149 sanctae
2753 2096 3108 2151 Pentecostes
3168 2097 3474 2152 solemnia:
3531 2099 3734 2169 quibus

2147 2188 2462 2252 transactis,
2491 2188 2547 2242 in
2577 2187 2840 2258 palatium
2874 2204 3068 2244 rursus
3092 2189 3160 2242 ab
3191 2188 3525 2257 imperatore
3546 2205 3733 2246 accer-

2149 2279 2290 2333 situs
2322 2287 2443 2338 est,
2488 2287 2652 2346 atque
2703 2277 2790 2332 his
2827 2277 3004 2332 verbis
3055 2277 3367 2334 salutatus:
3405 2277 3562 2344 Quod
3601 2279 3734 2335 ulti-

2150 2384 2299 2422 mum
2329 2376 2434 2433 est,
2466 2367 2629 2424 Pater
2659 2370 2966 2424 venerande
2991 2408 3008 2433 ,
3059 2369 3165 2424 hoc
3203 2385 3234 2425 a
3268 2379 3319 2426 te
3346 2381 3471 2442 peto
3491 2413 3508 2438 ,
3571 2383 3630 2426 ut
3677 2372 3735 2428 in

2150 2462 2650 2528 obsecrationibus,
2679 2477 2803 2531 qua:
2831 2477 2860 2516 a
2901 2469 2952 2516 te
2979 2463 3200 2517 assidue
3224 2464 3384 2526 ﬁunt,
3419 2464 3591 2518 nostri
3622 2478 3738 2520 me-

2151 2552 2405 2606 mineris.
2449 2552 2544 2607 llle
2591 2551 2656 2606 ad
2697 2553 3046 2621 imperatoris
3080 2555 3244 2622 pedes
3287 2555 3612 2624 provolutus
3655 2564 3738 2611 ter

2152 2658 2278 2697 eum
2311 2657 2488 2712 usque
2520 2643 2585 2696 ad
2618 2651 2814 2696 terram
2850 2643 3120 2708 adoravit,
3155 2653 3270 2697 tum
3298 2645 3380 2698 sic
3415 2643 3736 2713 respondit:

2155 2731 2298 2798 Quid
2331 2747 2454 2801 ego,
2492 2732 2742 2802 piissime
2769 2732 3057 2802 Auguste,
3098 2748 3201 2804 pro
3247 2734 3406 2790 bonis
3455 2737 3738 2804 omnibus,

2154 2824 2354 2893 quibus
2385 2839 2473 2878 me
2500 2825 2841 2878 cumulatum
2878 2823 3134 2888 dimittis,
3162 2823 3256 2878 tibi
3287 2825 3625 2880 retribuam?
3657 2825 3740 2880 vel

2153 2915 2277 2986 quis
2300 2930 2448 2969 eram
2475 2931 2576 2984 ego
2619 2915 2789 2969 miser
2821 2930 2885 2970 ac
2907 2932 3166 2984 nequam,
3189 2927 3247 2971 ut
3272 2931 3302 2972 a
3335 2925 3443 2971 tam
3480 2919 3570 2987 pio
3599 2920 3741 2988 prin-

2154 3007 2274 3077 cipe
2297 3015 2446 3061 tanta
2467 3016 2688 3076 tamque
2707 3007 2966 3077 praeclara
2987 3023 3212 3062 munera
3235 3009 3582 3080 acciperem?
3601 3010 3740 3067 Deus

478 3094 554 3164 τῷ
598 3095 828 3166 βασιλεῖ.
879 3099 990 3151 Καὶ
1017 3097 1190 3152 ταῦτα
1235 3099 1430 3164 εἰπὼν,
1471 3101 1858 3172 ἀσπασάμενος
1891 3103 2051 3158 αὐτὸν

2159 3113 2308 3161 vero,
2342 3099 2435 3170 qui
2473 3113 2649 3154 tecum
2690 3099 2981 3169 imperium
3015 3100 3358 3169 moderatur,
3403 3102 3496 3158 det
3522 3103 3642 3166 tibi,
3682 3112 3741 3157 ut

477 3189 505 3240 6
531 3187 804 3257 βασιλεὺς,
837 3189 964 3253 δοὺς
991 3190 1138 3260 αὐτῴ
1175 3189 1438 3245 τάλαντον
1482 3194 1706 3264 χρυσίου
1739 3195 1820 3256 είς
1844 3197 2052 3266 χεῖρας,

477 3275 633 3332 εἶπεν
703 3281 888 3334 Ἔστω
923 3299 1028 3345 σοι,
1059 3282 1263 3352 Πάτερ,
1293 3282 1464 3336 ταῦτα
1493 3284 1669 3354 μικρὰ
1695 3284 1843 3356 δῶρα
1859 3285 1935 3349 ὼς
1960 3303 2057 3356 με·

477 3369 640 3441 γάλα,
673 3371 866 3441 μνείαν
897 3373 1218 3444 ποιούμενος
1251 3374 1336 3428 ἀεὶ
1367 3375 1508 3444 ὑπὲρ
1532 3377 1630 3448 τῆς
1654 3377 1932 3446 ἡμετέρας
1965 3395 2056 3448 με·

477 3464 786 3534 τριὸτητος.
821 3464 936 3518 Καὶ
979 3465 1302 3520 ἀπέστειλεν
1330 3467 1494 3520 αὐτὸν
1523 3467 1856 3534 πορεύεσθαι
1889 3469 1948 3520 ὲν
1976 3470 2058 3521 εί-

483 3555 618 3626 ρήνῃ
679 3557 762 3618 εἰς
823 3555 926 3626 τὴν
979 3557 1178 3611 ἑαυτοῦ
1228 3557 1404 3612 πόλιν.
1435 3558 1684 3612 Δὲδωκεν
1713 3561 1768 3613 δὲ
1793 3558 1942 3630 αὐτῷ
1964 3561 2058 3614 καὶ

482 3645 848 3717 εὐσεϐεστάτη
880 3647 1169 3716 Αὐγούστα
1191 3647 1342 3719 δῶρα
1373 3649 1566 3717 πολλὰ,
1588 3649 1814 3722 χρυσίον
1841 3651 1936 3705 καὶ
1955 3652 2057 3719 ἀρ-

480 3738 670 3810 γύριον
703 3739 910 3806 ἰκανὸν,
951 3741 1046 3794 ἐπὶ
1093 3741 1156 3794 τὸ
1190 3741 1417 3812 ποιῆσαι
1453 3741 1621 3813 σκεύη
1665 3741 1765 3812 τῆς
1802 3741 1924 3794 κατ’
1956 3741 2058 3795 αὐ-

479 3830 570 3884 τὸν
609 3830 808 3904 Ἐκκλη
817 3831 959 3896 σίας.

551 4008 676 4065 ΠΘ’.
715 4007 966 4080 Ἐξῆλθεν
985 4010 1042 4064 δὲ
1074 4008 1183 4064 ἀπὸ
1201 4009 1821 4091 Κωνσταντινουπόλεως
1848 4011 1877 4064 6
1905 4009 2058 4079 ἅγιος

481 4102 804 4173 Γρηγόριος,
839 4104 933 4156 καὶ
967 4101 1270 4157 κατέλαϐεν
1299 4105 1357 4156 ὲν
1397 4101 1588 4176 Ῥώμῃ
1626 4104 1694 4175 τῇ
1729 4101 1902 4156 εἰκάδι
1963 4101 2056 4156 τοῦ

553 4237 666 4310 (I2)
717 4239 852 4292 Cum
909 4239 1172 4294 talentum
1225 4237 1486 4310 Gregorio
1555 4247 1742 4293 nostro
1817 4253 1848 4293 a
1901 4236 2058 4300 Mau-

481 4309 609 4363 r'tio
667 4310 854 4362 datum
903 4311 1098 4364 scribit
1155 4309 1453 4374 Leontius,
1506 4323 1615 4361 non
1663 4323 1893 4362 aureum
1953 4324 2059 4362 nu-

483 4379 675 4432 misina
705 4394 896 4441 unum,
919 4381 1011 4434 sed
1045 4388 1123 4434 tot
1151 4382 1276 4434 data
1311 4378 1623 4448 signitlcare
1655 4378 1929 4446 putandus
1950 4386 2054 4444 est,

480 4465 605 4516 qius
641 4448 832 4500 talenti
872 4464 1142 4518 summam
1180 4457 1482 4518 aequarent.
1526 4448 1656 4502 Erat
1701 4448 1847 4501 enim
1883 4448 2055 4502 talen-

487 4600 544 4641 ut
567 4594 650 4658 est
673 4587 814 4658 apud
851 4588 1096 4648 Suidam,
1147 4589 1208 4641 τὸ
1246 4590 1510 4658 μέγιστον
1558 4587 1780 4657 χρυσίου
1819 4589 1913 4639 καὶ
1955 4590 2054 4657 ἀρ-

481 4657 677 4726 γυρίου
711 4656 910 4726 μέρος,
950 4659 1074 4711 sive
1105 4659 1228 4710 auri
1257 4656 1315 4712 et
1343 4656 1560 4726 argenti
1599 4656 1732 4726 pars
1779 4656 2053 4711 maxima:

484 4742 611 4798 nam
640 4727 830 4780 deerat
869 4741 1092 4790 nomen,
1122 4743 1233 4797 quo
1280 4728 1544 4798 majorem
1578 4732 2052 4798 tinamhsuminam

483 4797 811 4861 indicarent,
841 4805 919 4860 ut,
952 4811 1078 4866 cum
1114 4796 1338 4865 pecunia
1371 4796 1685 4866 superaret,
1718 4796 1964 4850 dicerent
1986 4797 2058 4849 δι-

483 4867 766 4938 τάλαντον,
805 4865 1182 4938 τριτάλαντον,
1208 4867 1390 4938 τρίτον
1431 4865 1795 4938 ἡμιτάλαντον
1814 4905 1863 4938 ,__
1881 4866 1939 4938 id
1967 4875 2060 4938 est

483 4936 588 4988 duo
613 4935 962 4996 talenta,'tria
991 4936 1213 4995 talenta:
1244 4935 1360 4991 'trt'a
1408 4935 1606 4991 tulerua
1639 4951 1758 4989 cum
1808 4935 2052 5000 dimidio,

440 5037 448 5044 -
484 5015 538 5058 et
566 5006 786 5058 similia.
823 5003 1023 5059 Verum
1075 5007 1297 5069 talenti,
1345 5016 1405 5062 ut
1455 5021 1618 5060 nemo
1674 5007 1906 5074 ignorat,
1941 5020 2050 5058 non

488 5091 592 5145 una
627 5076 792 5145 apud
811 5090 1005 5129 omnes
1037 5077 1337 5145 quantitas,
1373 5092 1473 5131 nec
1510 5080 1577 5131 de
1600 5091 1708 5144 quo
1736 5077 1824 5129 hic
1849 5074 2054 5128 talento

488 5142 742 5216 loquatur
772 5142 1070 5206 Leontius;
1088 5147 1222 5203 satis
1257 5147 1446 5216 liquet.
1467 5145 1572 5212 Qui
1603 5142 2052 5216 tannianAtticum

489 5214 748 5286 talentum
772 5216 944 5286 magis
980 5229 1171 5286 notum
1215 5224 1268 5270 et
1303 5213 1511 5286 majore
1543 5218 1597 5286 in
1632 5230 1732 5286 usu
1776 5213 1946 5268 fuisse
1981 5217 2054 5268 vi-

487 5283 670 5347 detur,
708 5283 1118 5354 sigititicari'hic
1150 5283 1419 5340 summam
1444 5283 1870 5354 puto'minarum
1899 5299 2060 5338 sexa-

507 5354 669 5415 ginta,
724 5357 835 5408 sive
889 5364 1079 5409 scutos
1117 5365 1412 5410 sexcentos
1464 5370 1717 5409 nummos
1763 5363 2057 5408 nostrates.

511 5423 756 5478 lictorum
786 5425 965 5480 aetatis
995 5425 1158 5494 hujus
1184 5426 1484 5494 scriptores
1507 5425 1693 5480 talenti
1736 5425 2056 5492 appellatio-

485 5507 555 5548 ne
582 5494 968 5564 μεταφορικῶς
999 5503 1210 5550 tantum
1247 5497 1323 5548 uti
1356 5495 1550 5559 solent,
1585 5505 1750 5564 atque
1779 5504 1838 5547 ut
1869 5494 2062 5564 mysti-

483 5579 548 5619 ca
573 5565 852 5635 Evangelii
885 5566 1084 5619 talenta
1106 5567 1222 5621 sive
1245 5567 1372 5621 data
1399 5565 1596 5636 cuique
1625 5564 1889 5619 divinitus
1918 5573 2060 5619 bona

484 5643 932 5689 conuuemoreut.

559 5705 671 5777 (l5)
711 5703 1146 5777 Constantinam
1175 5705 1319 5777 Aug.
1368 5705 1632 5776 intellige,
1675 5705 1743 5760 de
1785 5719 1893 5774 qua
1944 5703 2058 5758 dixi

485 5773 766 5846 snperius.
803 5778 872 5828 At
915 5776 1011 5846 qui
1054 5773 1304 5848 Cajetaiii
1353 5773 1680 5833 sententiam
1731 5773 2058 5844 scqituntur,

2157 3205 2350 3245 omnes
2395 3201 2614 3260 semper
2651 3191 3090 3247 adversariorum
3121 3204 3303 3248 motus
3355 3193 3533 3248 victor
3585 3209 3742 3250 coer-

2156 3296 2304 3337 ceas.
2341 3279 2469 3336 Haec
2493 3282 2762 3337 dicentem
2785 3282 3082 3352 imperator
3105 3284 3446 3355 complexus,
3478 3285 3740 3341 talentum

2157 3372 2232 3426 illi
2265 3387 2493 3426 aureum
2531 3374 2582 3425 in
2627 3389 2826 3429 manus
2872 3374 3022 3429 dedit
3068 3375 3222 3447 (l2):
3269 3374 3440 3439 Habe,
3495 3376 3608 3449 [Cv]
3657 3377 3742 3432 in-

2156 3465 2376 3534 quiens,
2412 3464 2589 3530 Pater,
2625 3480 2786 3534 parva
2835 3467 2950 3522 haec
2987 3468 3128 3520 dona
3163 3476 3224 3522 ut
3265 3484 3465 3537 magna
3497 3507 3513 3534 ,
3557 3481 3607 3524 et
3639 3485 3742 3524 no-

2157 3555 2256 3607 stri
2297 3564 2562 3624 perpetuo
2593 3570 2804 3612 memor
2836 3567 2978 3612 esto.
3000 3557 3349 3630 Dimisitque,
3373 3569 3432 3615 ut
3462 3560 3518 3613 in
3551 3560 3742 3615 urbem

2157 3657 2312 3698 suam
2361 3643 2476 3698 Deo
2516 3647 2755 3715 propitio
2789 3647 3026 3712 rediret;
3077 3650 3248 3703 multa
3305 3651 3470 3705 etiam
3523 3651 3665 3704 dona
3706 3665 3739 3706 α

2155 3731 2403 3806 ρίἱεείηιθ
2428 3735 2675 3802 Augusta
2705 3737 2936 3805 accepit.
2967 3737 3087 3790 auri
3115 3739 3170 3791 in
3208 3739 3402 3808 primis
3437 3749 3491 3793 ct
3521 3739 3739 3808 argenti

2156 3833 2422 3896 quantum
2448 3827 2514 3880 ad
2545 3841 2700 3882 sacra
2748 3827 2933 3898 templi
2967 3829 3052 3883 sui
3098 3845 3227 3885 vasa
3271 3829 3616 3885 conﬁcienda
3647 3847 3736 3888 sa-

2155 3916 2226 3971 tis
2262 3925 2410 3970 esset
2439 3917 2574 3987 με).

2162 4009 2196 4074 ”,
2233 4007 2520 4064 LXXXIX.
2571 4007 2840 4078 Egressus
2855 4007 3577 4082 Constantinopolisanctus
3595 4012 3732 4069 Gre-

2157 4101 2344 4175 gorius
2369 4102 2480 4174 (l4)
2513 4101 2744 4179 Romam
2774 4103 3026 4172 pervenit
3048 4119 3148 4158 xm
3177 4103 3296 4160 Kal.
3327 4093 3623 4177 Augustas.
3656 4105 3734 4164 lbi

2155 4237 2460 4312 Augustam
2497 4239 2737 4312 prodere
2771 4255 2878 4312 non
2927 4251 3184 4310 possunt.
3231 4257 3260 4296 a
3295 4259 3402 4312 qua
3437 4243 3736 4309 Gregorius

2157 4308 2300 4364 dona
2347 4311 2642 4384 acceperit.
2695 4308 3038 4384 Theodoram
3085 4313 3232 4366 enim
3263 4308 3512 4379 uiorem,
3550 4308 3731 4384 quam

2159 4395 2326 4433 unam
2361 4377 2572 4443 habuit,
2603 4377 2953 4434 Justiuianus
3001 4392 3129 4436 ante
3175 4384 3470 4437 concilium
3498 4377 3536 4436 ν
3582 4377 3735 4440 iecu-

2085 4475 2130 4531 D
2160 4450 2461 4531 metricum,
2489 4450 2578 4502 cui
2614 4449 2913 4531 Gregorius
2953 4452 3215 4531 nondum
3240 4453 3535 4531 episcopus
3564 4454 3736 4510 inter-

485 4526 621 4579 tum,
663 4531 787 4570 cum
819 4517 884 4570 ad
942 4517 1592 4584 pecuniam’referebant
1625 4555 1641 4580 ,
1694 4532 1804 4570 non
1866 4517 2106 4587 utique’.

2159 4518 2329 4572 fuisse
2355 4519 2581 4592 dicitur,
2635 4518 2947 4592 extulerat,
2981 4519 3092 4575 Nec
3129 4518 3340 4576 felicior
3371 4518 3572 4578 Lancia
3616 4533 3733 4592 est;

2157 4603 2472 4662 quanquam
2510 4588 2558 4641 is
2591 4603 2709 4662 rem
2737 4591 3314 4662 propekiincredibilcm
3350 4601 3526 4662 putat,
3557 4588 3734 4649 Justié

2158 4658 2380 4729 nianum
2435 4673 2617 4729 suum,
2649 4658 2711 4729 id
2758 4658 2854 4714 est
2891 4659 3309 4729 Rhinotmetum,
3345 4658 3454 4718 tam
3505 4679 3630 4719 srro
3669 4667 3738 4720 de

2159 4727 2515 4800 matrimonio
2541 4727 2835 4800 cogitasse.
2869 4730 3032 4784 Duxit
3061 4731 3153 4786 ille
3181 4727 3407 4787 uxorein
3439 4748 3584 4787 anno
3609 4733 3734 4800 705,

2151 4795 2209 4872 id
2245 4805 2330 4850 est
2393 4797 2582 4866 viginti
2616 4795 2880 4872 'amplius
2937 4812 3496 4872 annostpostquam
3547 4795 3736 4858 conci;

2157 4867 2291 4919 lium
2319 4883 2369 4920 vt
2395 4867 2794 4922 mcumcnicum
2819 4869 3133 4924 absolutum
3162 4867 3362 4927 fuerat.
3380 4872 3492 4928 Nec
3515 4888 3644 4927 vero
3665 4873 3734 4928 ad

2159 4951 2378 5008 sorores
2418 4936 2695 5008 Augustas
2722 4939 3024 5008 confugere
3059 4939 3187 4994 licet
3221 4943 3442 4998 :ueutri
3473 4943 3618 4997 enim
3667 4958 3736 4998 ex

2159 5005 2269 5060 illis
2311 5004 2528 5060 duobus
2553 5004 3071 5063 Justinianis'somr
3109 5010 3231 5064 fuit.

2232 5075 2344 5154 (lt)
2384 5078 2732 5154 Anntrslguo
2777 5075 3084 5154 Gregorius_
3110 5081 3588 5154 ConstantinOpoli
3614 5082 3738 5154 dis-

2159 5145 2348 5210 ceSsit,
2379 5153 2498 5200 crat
2533 5145 2649 5200 595’
2667 5185 2683 5208 ,

2199 5147 2348 5210 assit,
2379 5153 2498 5200 crat
2533 5147 2639 5200 595
2667 5185 2683 5208 ,
2724 5161 2835 5217 quo
2871 5163 3018 5203 anno
3055 5147 3321 5206 Joannem
3365 5147 3736 5223 patriam-ham

2199 5216 2386 5270 biisse.
2427 5215 2676 5270 Ouicnus
2707 5231 2776 5270 ex
2805 5215 3100 5270 Nicenhori
3142 5219 3418 5270 Chronico
3461 5223 3736 5270 usti-mm:

2159 5230 2386 5274 ουιιεεθ.

2427 5215 2676 5289 Quienus
2707 5215 2776 5270 ei
2805 5215 3100 5289 Nicgphori
3142 5215 3418 5277 Chronico
3461 5223 3736 5289 usti-tulit;

2161 5285 2305 5354 quod
2342 5283 2542 5362 Pagius
2573 5301 2792 5362 quoque
2816 5283 3176 5362 _e_t__Cingern¢,
3209 5293 3499 5362 repudiata
3517 5283 3740 5346 Baronil

2160 5356 2454 5433 sententia.
2491 5358 2584 5433 qui
2623 5357 2784 5410 morti
2815 5356 2965 5433 illius
2987 5356 3200 5414 annum
3237 5356 3613 5433 insequentem
3649 5372 3741 5417 as-

2161 5427 2491 5498 signavcrat,
2521 5426 2680 5498 plane
2701 5428 3053 5498 Statuendum
3077 5426 3498 5498 priesenserant.
3527 5431 3583 5485 ld
3611 5447 3742 5488 vero

2163 5493 2296 5548 nihil
2335 5493 2538 5550 turbat;
2587 5493 2726 5551 Nam
2759 5495 3030 5552 Joannem
3073 5493 3378 5557 decessisse
3427 5512 3644 5556 constat
3686 5516 3740 5558 Iv

2159 5563 2343 5620 Nonas
2358 5567 2751 5638 ASeptetubI'es,
2789 5566 2846 5622 id
2877 5575 2964 5624 est
3004 5569 3225 5624 duobus
3266 5581 3388 5638 post
3431 5571 3736 5632 mensibus.

2162 5652 2324 5705 qualn
2341 5634 2646 5707 Gregorius
2677 5636 3154 5707 Constantinopoli
3184 5634 3444 5694 solverat.
3474 5640 3553 5695 Eo
3589 5643 3739 5696 enim

2163 5704 2308 5780 :_lllll0
2341 5704 2664 5780 Pentecoste
2693 5717 2815 5780 a_cta
2842 5722 2896 5761 ιι
2925 5704 3210 5780 Kal.‘_Jnn.
3235 5708 3420 5780 Itaque
3447 5720 3595 5766 stant
3617 5727 3742 5780 quae

2164 5775 2425 5832 Leontius
2459 5779 2622 5832 tradit
2652 5793 2682 5832 a
2710 5776 2918 5832 Joanne
2953 5775 3374 5850 archiepiscopo
3403 5781 3547 5837 facta
3591 5775 3741 5840 εὰω.
