4104 6262
362 331 480 394 τοι

1377 319 1440 378 5.
1473 307 1853 380 GREGORII
1903 306 2420 369 AGRIGENTINI
2461 303 2660 368 VITA.

3539 292 3646 353 ’103

373 456 534 500 Sacra
563 437 761 508 templa
804 435 1081 501 lustravit,
1115 441 1170 489 et
1211 447 1276 488 ea
1314 431 1668 488 sanctissimo
1700 427 1954 500 pontiﬁce

2069 423 2290 478 Ἰουλίου
2363 423 2554 492 μηνός.
2608 421 2848 474 Κάκεῖσε
2905 416 3221 489 διαδραμὼν
3274 417 3400 481 τοὺς
3453 417 3643 488 ἁγίους

373 533 616 589 maximo
636 529 833 584 faustis
857 527 1138 582 ominibus
1163 541 1470 596 magnaque
1491 520 1675 580 laetitia
1696 532 1956 593 acceptus

373 636 477 680 est.
513 621 764 688 Quocum
789 621 985 691 viginti
1015 619 1134 674 dies
1163 619 1354 674 Romae
1385 627 1658 685 versatus,
1683 627 1807 695 post
1832 633 1955 673 mu-

373 727 468 772 tua
499 731 628 784 erga
661 714 813 768 illum
843 722 899 768 et
933 719 1187 766 sanctum
1224 709 1469 766 Marcum
1500 710 1807 780 fratresque
1846 697 1959 762 oni-

374 823 472 862 ncs
521 805 720 870 ollicia,
769 822 798 860 a
835 803 1092 878 pontiﬁce
1132 803 1376 857 maximo
1423 803 1658 874 benigne
1696 802 1958 856 dimissus

373 911 478 967 est,
512 911 571 956 ut
601 901 666 954 ad
693 900 875 956 sedem
909 915 1066 954 suam
1104 897 1564 968 proﬁcisceretur,
1598 896 1802 952 additis
1835 911 1956 950 mu-

373 991 602 1047 neribus
657 989 1002 1059 insignibus,
1061 997 1116 1044 et
1166 988 1308 1044 facta
1358 995 1624 1058 potestate
1677 987 1956 1042 cvertendi

375 1086 570 1150 altare,
616 1085 764 1153 quod
804 1081 1042 1138 Leucius
1088 1083 1382 1137 haereticus
1423 1080 1720 1136 aediﬁcarat
1749 1097 1763 1132 :
1797 1079 1958 1149 cujus

374 1191 593 1248 quoque
637 1175 829 1230 tuendi
875 1190 1028 1245 ergo,
1075 1175 1363 1244 ipsiusque
1421 1174 1608 1241 templi
1652 1172 1956 1228 aediﬁcandi

375 1282 542 1322 causa
587 1267 856 1338 Angelum
900 1273 955 1320 et
1010 1267 1334 1322 Palumbum
1382 1265 1645 1320 diaconos
1688 1265 1954 1332 quosdam

376 1359 498 1430 pios
539 1374 666 1414 cum
715 1375 781 1414 eo
814 1358 984 1414 misit.
1012 1357 1157 1413 Urbe
1187 1358 1356 1428 igitur
1399 1359 1588 1412 relicta
1628 1357 1681 1424 in
1713 1356 1957 1412 Siciliam

379 1451 638 1526 appulsi,
695 1451 1050 1521 Agrigentum
1103 1450 1283 1520 ipsum
1329 1459 1699 1520 pervenerunt
1733 1465 1786 1504 tv
1831 1448 1959 1503 ldus

379 1541 730 1610 Septembres
764 1541 896 1611 (15).
943 1539 1128 1595 Voluit
1172 1551 1357 1596 autem
1403 1539 1570 1604 Deus,
1601 1541 1696 1610 qui
1745 1555 1960 1609 semper

377 1632 521 1688 beati
556 1633 657 1686 viri
692 1632 858 1686 rebus
893 1633 1284 1701 prospiciebat,
1325 1633 1379 1687 in
1408 1631 1631 1686 ﬂuvium
1667 1646 1766 1687 eos
1797 1645 1960 1701 atque

378 1726 434 1790 in
461 1723 813 1789 subnrhium,
855 1723 1004 1792 quod
1037 1722 1356 1792 Emporium
1391 1723 1581 1777 dicunt
1612 1721 1747 1792 (ιϐ),
1777 1722 1957 1778 invehi

380 1817 516 1870 hora
551 1813 660 1869 diei
691 1815 850 1869 tertia
879 1833 892 1868 :
927 1816 1017 1884 qui
1041 1813 1162 1869 dies
1195 1813 1493 1868 Sabbatum
1536 1822 1674 1869 erat.
1707 1812 1870 1868 Forte
1897 1828 1964 1868 eo

377 1921 607 1967 venerat
640 1910 1066 1964 archidiaconus
1109 1909 1316 1979 negotii
1357 1908 1542 1964 nescio
1584 1895 1744 1977 ctijus
1773 1921 1961 1968 causa,

378 2013 436 2060 et
461 2003 515 2059 in
551 2004 894 2058 monasterio
919 2003 1170 2074 degebat.
1195 2001 1297 2058 llic
1325 2018 1448 2057 cum
1492 2002 1766 2073 navigium
1796 1999 1967 2055 offen-

380 2096 552 2150 disset
620 2094 674 2148 in
745 2093 968 2148 ﬂuvium
1031 2093 1381 2163 ingrediens,
1443 2092 1661 2146 obviam
1711 2093 1966 2146 celeriter

379 2200 708 2258 progressus
763 2193 876 2252 est,
930 2194 990 2240 ut
1036 2193 1234 2238 nautas
1281 2183 1658 2252 interrogaret.
1716 2177 1822 2236 Sed
1871 2182 1963 2236 ubi

382 2276 608 2348 prOpior
651 2271 794 2340 fuit,
839 2274 990 2329 videt
1037 2275 1330 2329 diaconum
1375 2271 1712 2328 Platonicum
1761 2287 1962 2342 aquam

382 2365 526 2420 beati
583 2365 685 2418 viri
742 2363 997 2418 manibus
1042 2363 1424 2419 inlundentem
1476 2371 1534 2416 ut
1579 2362 1786 2417 lavaret
1821 2381 1835 2416 :
1869 2363 1964 2428 qui

383 2458 638 2525 deinceps
689 2470 722 2512 ο
771 2457 896 2511 navi
945 2456 1002 2510 in
1049 2457 1228 2526 ripam
1279 2471 1406 2511 cum
1453 2454 1668 2512 caeteris
1711 2453 1966 2510 omnibus

383 2549 684 2604 descendit.

456 2809 573 2868 XC.
630 2811 886 2867 Accurrit
935 2827 1062 2866 vero
1115 2809 1576 2874 archidiaconus,
1621 2819 1676 2864 et
1714 2809 1851 2866 ﬂens
1898 2810 1965 2864 ad

388 2905 511 2976 ejus
551 2905 714 2976 pedes
759 2903 1094 2974 procubuit,
1149 2903 1376 2974 pulchre
1429 2905 1714 2960 advenisse
1759 2905 1966 2960 bonum

392 2997 530 3068 [ενι]
554 3007 856 3066 pastorem,
891 2997 1165 3067 inquiens,
1195 2997 1288 3067 qui
1324 3011 1424 3066 pro
1451 3011 1612 3068 grege
1654 3011 1757 3051 suo
1797 2997 1965 3051 multa

2058 515 2281 579 τόπους,
2317 515 2412 567 καὶ
2441 513 2886 583 προσευξάμενος
2912 510 3062 582 αὑτῷ
3109 515 3138 566 6
3185 511 3491 580 ἁγιώτατος
3533 517 3643 570 πά-

2061 625 2168 670 πας
2202 605 2345 678 μετὰ
2371 605 2545 676 χαρᾶς
2579 601 2846 674 μεγάλης,
2883 603 2972 656 καὶ
3025 605 3258 672 ποιήσας
3309 593 3430 672 μετ’
3479 605 3642 658 αὑτοῦ

2059 699 2118 752 tv
2158 697 2345 768 Ῥώμῃ
2376 697 2590 767 ἡμέρας
2640 695 2837 758 εἴκοσι,
2886 694 3276 765 ἀσπασάμενος
3328 695 3492 748 αὑτὸν
3547 695 3646 748 καὶ

2061 791 2270 853 πάντας
2298 791 2427 853 τοὺς
2465 789 2727 855 ἀδελφοὺς
2751 787 2963 840 καὶτὸν
3004 785 3162 853 ἆγιον
3217 785 3463 856 Μάρκον,
3521 786 3645 850 δοὺς

2059 881 2208 952 αὐτῷ
2250 883 2279 936 6
2312 881 2504 944 πάπας
2539 879 2690 949 δῶρα
2729 877 2876 944 ἄξια,
2925 879 3022 932 καὶ
3066 876 3436 946 ἐπευξάμενος
3471 876 3642 946 αὐτῷ.

2059 971 2336 1028 ἀπέλυσεν
2362 971 2524 1026 αὑτὸν
2553 972 2613 1024 tv
2635 971 2831 1042 εἰρήνῃ
2862 968 3194 1040 πορευθῆναι
3235 971 3316 1032 εἰς
3345 968 3436 1022 τὸν
3480 969 3646 1020 τόπον

2062 1067 2249 1134 αὑτοῦ,
2280 1066 2404 1130 δοὺς
2433 1062 2584 1134 αὐτῷ
2634 1063 2886 1127 ἐξουσίαν
2937 1060 3314 1132 καταστρέψαι
3364 1060 3426 1114 τὸ
3465 1060 3649 1113 θυσια⁶

2063 1159 2310 1228 στήριον,
2347 1157 2375 1210 ὃ
2401 1154 2758 1227 ᾠκοδόμησεν
2782 1153 3008 1218 Λεύκιος
3065 1153 3095 1206 6
3144 1151 3419 1221 αἱρετικός
3444 1167 3460 1182 ο
3521 1151 3648 1214 δοὺς

2063 1249 2212 1319 αὐτῷ
2234 1251 2262 1302 6
2289 1249 2480 1312 πάπας
2532 1246 2625 1306 ἐπὶ
2666 1246 2726 1300 τὸ
2753 1245 3020 1300 διασῶσαι
3054 1244 3520 1312 αὐτὸν¹⁸⁹Δγγελον
3552 1245 3650 1298 καὶ

2061 1339 2386 1410 Παλοῦμὸον
2415 1338 2698 1398 διακόνους
2725 1335 2880 1400 τινὰς
2902 1336 3150 1400 εὐλαϐεῖς
3171 1336 3278 1400 ἕως
3299 1331 3360 1390 οὗ
3381 1337 3472 1388 τὸν
3497 1336 3646 1402 ναὸν,

2061 1433 2120 1486 δν
2173 1432 2398 1504 ᾔτησεν,
2451 1419 2876 1500 άνοικοδομήσῃ.
2953 1427 3310 1494 Ἑξελθόντων
3360 1427 3418 1480 δὲ
3467 1427 3648 1482 αὐτῶν

2062 1525 2172 1580 ἀπὸ
2221 1526 2463 1596 Ῥώμης.
2497 1523 2800 1578 κατέλαϐον
2834 1523 2892 1575 tv
2925 1521 3148 1592 Σικελίᾳ
3201 1521 3259 1573 tv
3312 1523 3380 1592 τῇ
3446 1521 3646 1588 Ἄκρα-

2062 1617 2331 1686 γαντίνων
2371 1615 2619 1686 πόλειτῇ
2655 1614 2856 1686 δεκάτῃ
2898 1611 2992 1668 τοῦ
3039 1611 3414 1683 Σεπτεμϐρίου
3457 1611 3646 1682 μηνός.

2065 1709 2342 1784 Θελήματι
2385 1707 2443 1761 δὲ
2505 1705 2602 1760 τοῦ
2649 1707 2738 1761 ἀεὶ
2789 1705 3055 1770 σώζοντος
3109 1705 3205 1758 καὶ
3257 1703 3648 1773 συνεργοῦντος

2065 1798 2213 1870 αὐτῷ
2241 1799 2378 1853 Θεοῦ
2413 1799 2665 1870 εἰσῆλθον
2719 1799 2803 1862 είς
2836 1799 2930 1852 τὸν
2985 1797 3230 1867 ποταμὸν
3275 1797 3357 1859 είς
3408 1795 3469 1849 τὸ
3515 1796 3650 1866 περὶ

2066 1894 2221 1948 πόλιν
2274 1894 2336 1946 τὸ
2381 1892 2676 1961 λεγόμενον
2749 1886 3046 1962 Ἐμπόριον
3105 1889 3256 1959 ὥραν
3302 1889 3494 1961 τρίτην
3545 1889 3648 1957 τῆς

2065 1983 2302 2056 ἡμέρας.
2337 1978 2446 2036 Ἦν
2501 1978 2558 2035 δὲ
2615 1979 2899 2036 Σάόσατον
2949 1981 3037 2044 ὅτε
3086 1980 3268 2032 ἐκεῖσε
3321 1974 3644 2032 κατέλαϐον.

2066 2077 2221 2130 Κατὰ
2243 2074 2547 2146 συγκυρίαν
2575 2068 2643 2144 ἦν
2671 2075 2852 2128 ἐκεῖσε
2871 2075 2902 2127 6
2928 2071 3306 2142 ἀρχιδιάκονος
3339 2069 3428 2122 διὰ
3457 2067 3650 2139 χρείαν

2065 2167 2190 2222 τινὰ
2223 2168 2282 2220 tv
2305 2166 2385 2236 τῷ
2415 2165 2788 2236 μοναστηρίῳ.
2818 2165 2932 2218 Καὶ
2960 2163 3140 2233 εὑρὼν
3165 2162 3228 2215 τὸ
3262 2160 3447 2214 πλοῖον
3473 2159 3648 2212 εἰσελ-

2066 2260 2159 2313 θὸν
2179 2261 2259 2322 είς
2286 2257 2376 2312 τὸν
2401 2257 2671 2326 ποταμὸν,
2699 2255 2944 2327 δρομέως
2961 2255 3090 2309 άπιε
3117 2255 3297 2308 ἐκεῖσε
3324 2251 3648 2324 βουλόμενος

2065 2351 2262 2413 αὐτοὺς
2283 2348 2655 2420 ἐπερωτῆσαι.
2674 2347 2910 2418 Πλησίον
2924 2347 2982 2398 δὲ
3001 2345 3292 2415 γενόμενος
3313 2343 3408 2397 τοῦ
3435 2343 3646 2408 πλοίου,

2065 2440 2174 2514 ὁρξι⁹
2195 2441 2288 2493 τὸν
2317 2439 2568 2493 διάκονον
2618 2434 2964 2492 Πλατωνικὸν
3009 2435 3318 2490 ἐπιδιδόντα
3379 2433 3524 2504 ὕδωρ
3568 2433 3648 2496 είς

2067 2534 2166 2596 τὰς
2189 2531 2380 2604 χεῖρας
2405 2528 2502 2582 τοῦ
2537 2529 2814 2599 μακαρίου
2845 2528 2926 2590 εἰς
2954 2526 3016 2580 τὸ
3045 2525 3323 2597 νίψασθαι.
3362 2519 3495 2578 Εἶτα
3527 2523 3647 2592 μετ’

2067 2625 2208 2678 αὐτὰ
2243 2619 2512 2694 κατῆλθεν
2542 2622 2606 2674 ὲκ
2629 2620 2724 2674 τοῦ
2773 2619 2982 2684 πλοίου,
3019 2619 3114 2674 καὶ
3170 2619 3371 2680 πάντες
3425 2617 3476 2669 οί
3528 2616 3648 2686 μετ’

2065 2715 2254 2771 αὑτοῦ.

2138 2813 2210 2876 ια.
2263 2807 2498 2878 Δραμὼν
2520 2805 2603 2858 ’δὲ
2632 2807 2660 2858 6
2687 2803 3070 2876 ἀρχιδιάκονος
3114 2803 3309 2855 ἔπεσεν
3341 2799 3496 2872 παρά
3519 2799 3651 2864 τοὺς

2069 2900 2239 2964 πόδας
2291 2899 2386 2952 τοῦ
2437 2897 2710 2968 μακαρίου
2769 2895 2968 2950 κλαίων
3029 2895 3124 2948 καὶ
3175 2894 3349 2962 λέγων
3381 2910 3398 2925 ο
3457 2892 3652 2955 Καλῶς

2071 2991 2408 3062 παρεγένετο
2433 2991 2462 3042 6
2489 2989 2693 3061 ποιμὴν
2719 2990 2747 3042 6
2777 2987 2966 3053 καλὸς,
2992 2989 3020 3040 6
3050 2985 3221 3040 πολλὰ
3250 2985 3487 3056 ἀθλήσας
3509 2983 3652 3054 ὑπὲρ

391 3100 588 3157 passus
625 3096 796 3142 esset.
832 3085 1000 3152 Qnetn
1037 3088 1126 3142 ille
1156 3083 1572 3158 apprehendens
1604 3088 1888 3151 excitavit,
1915 3096 1962 3142 el

2070 3080 2162 3136 τοῦ
2197 3081 2331 3135 ἰδίου
2360 3081 2640 3152 ποιμνίου.
2679 3079 2740 3132 '0
2773 3077 2830 3130 δὲ
2865 3078 3145 3148 κρατήσας
3189 3075 3411 3146 ἤγειρεν
3469 3073 3650 3140 αὐτὸν,

389 3175 458 3230 de
488 3174 642 3230 urbis
680 3176 1074 3245 tranquillitate
1099 3177 1475 3247 interrogavit,
1517 3178 1584 3234 de
1607 3177 1867 3240 tribu-nis,
1898 3175 1966 3231 de

391 3270 617 3338 populo,
662 3267 901 3337 denique
946 3267 1014 3322 de
1047 3269 1363 3337 parentibus
1408 3284 1630 3338 quoque
1679 3268 1816 3324 suis.
1859 3271 1965 3323 Ar-

391 3361 708 3414 t'hidiaconi
753 3371 932 3414 autem
975 3377 1299 3430 responsum
1337 3360 1462 3428 luit,
1505 3361 1675 3416 Deum
1711 3363 1966 3432 precibus

389 3451 514 3518 eius
547 3451 821 3520 placatum
865 3465 1053 3520 pacem
1097 3451 1356 3506 omnibus
1404 3452 1654 3507 stabilem
1707 3452 1965 3522 largitum

387 3552 535 3592 esse.
567 3535 705 3590 Tum
740 3535 1038 3608 Gregorius
1069 3557 1081 3591 :
1118 3534 1286 3604 Vade,
1339 3539 1537 3608 inquit,
1581 3539 1680 3601 ﬁli,
1712 3551 1764 3594 et
1795 3555 1967 3609 popu-

391 3626 504 3682 lum
546 3627 705 3682 nobis
740 3629 1128 3683 charissintum
1163 3629 1230 3683 de
1257 3629 1494 3684 adventu
1535 3639 1728 3684 nostro
1766 3631 1968 3686 certio-

392 3733 510 3772 rem
543 3717 730 3772 facito.
767 3715 1209 3773 Archidiaconus
1250 3721 1504 3776 Celeriter
1540 3721 1594 3775 in
1646 3723 1839 3776 urbem
1882 3739 1968 3776 re-

395 3825 594 3865 versus
631 3809 906 3864 nuntiavit
949 3808 1251 3879 edixitquc,
1281 3811 1564 3867 dominum
1597 3820 1656 3867 et
1689 3821 1964 3883 parentem

392 3903 580 3968 public
604 3917 671 3953 'lll
713 3901 1026 3968 advenisse,
1059 3911 1226 3972 atque
1266 3904 1321 3958 in
1358 3905 1622 3960 suburbio
1662 3920 1805 3980 esse.
1845 3905 1965 3959 Jam

392 4007 522 4046 vero
548 3995 742 4046 ntintio
765 4003 1010 4062 accepto,
1041 3995 1246 4050 tribuni
1275 4001 1442 4066 atque
1469 3997 1763 4050 archontcs
1790 3997 1964 4059 urbis,

393 4085 492 4137 viri
529 4095 584 4138 et
630 4083 893 4143 mulieres
931 4105 1056 4144 cum
1088 4089 1334 4160 parvulis
1379 4089 1512 4158 ipsis
1541 4091 1653 4144 Deo
1689 4090 1876 4146 laudes
1913 4101 1968 4146 et

387 4175 594 4244 gratias
620 4178 870 4240 reddere.
898 4181 1040 4250 quod
1069 4181 1220 4251 digni
1246 4179 1317 4248 ab
1338 4194 1406 4234 eo
1435 4179 1604 4234 habiti
1641 4189 1848 4247 essent,
1871 4185 1966 4252 qui

390 4268 459 4320 de
488 4268 648 4322 beato
685 4279 906 4338 pastore
937 4286 1042 4326 suo
1075 4271 1272 4326 nuntia
1311 4280 1420 4325 tam
1453 4272 1595 4327 bona
1627 4273 1961 4343 acciperent.

385 4356 584 4414 Clerus
614 4361 848 4415 subinde
878 4362 1057 4417 omnis
1089 4377 1216 4416 cum
1249 4364 1410 4418 thure
1451 4373 1508 4420 et
1545 4366 1742 4438 cereis,
1766 4375 1824 4421 et
1868 4382 1966 4436 po-

2077 3175 2170 3228 καὶ
2215 3171 2511 3244 ἠρώτησεν,
2547 3169 2710 3226 αὐτὸν
2747 3170 2816 3222 τὰ
2863 3167 3001 3240 πρὸς
3029 3168 3255 3239 εἰρήνην
3282 3169 3382 3234 τῆς
3419 3165 3650 3230 πόλεως,

2077 3265 2170 3318 καὶ
2203 3265 2330 3335 περὶ
2361 3264 2473 3316 τῶν
2501 3262 2821 3334 τριϐούνων,
2859 3262 2955 3315 καὶ
2988 3259 3114 3330 περὶ
3141 3260 3234 3312 τοῦ
3261 3258 3392 3312 λαοῦ
3426 3274 3440 3289 ο
3469 3258 3652 3310 λοιπὸν

2073 3355 2130 3409 δὲ
2164 3356 2416 3426 καὶπερὶ
2445 3353 2556 3406 τῶν
2609 3353 2814 3422 γονέων
2871 3349 3054 3408 αὐτοῦ,
3123 3349 3469 3422 Ἀποκριθεὶς
3517 3347 3576 3400 δὲ
3623 3350 3652 3401 6

2073 3445 2453 3518 ἁρχιδιάκονος
2478 3443 2628 3512 λέγει
2655 3442 2809 3514 αὐτῷ
2837 3462 2848 3475 ·
2874 3444 2952 3496 Δι’
2976 3443 3149 3514 εὐχῶν
3177 3458 3294 3504 σου,
3326 3441 3450 3509 ἆγιε
3472 3441 3652 3510 Πάτερ

2072 3541 2210 3602 ὄσιε,
2246 3539 2414 3592 πᾶσιν
2465 3538 2494 3590 6
2543 3536 2676 3598 Θεδς
2727 3535 2953 3606 εἰρήνην
3009 3533 3276 3606 σταθερὰν
3319 3534 3652 3605 ἐδωρήσατο.

2074 3625 2242 3683 Εἶπεν
2267 3628 2326 3682 δὲ
2358 3623 2510 3698 αὑτῷ
2543 3629 2571 3680 6
2599 3626 2901 3698 Γρηγόριος
2929 3641 2941 3652 ·
2981 3623 3237 3689 Ἀπελθε,
3287 3624 3500 3686 τέκνον,
3546 3625 3652 3675 ἀπ-

2075 3716 2328 3786 άγγειλον
2351 3717 2430 3788 τῷ
2464 3717 2705 3787 φιλτάτῳ
2739 3715 2894 3786 ἡμῶν
2915 3715 3028 3786 λαῷ
3051 3714 3149 3786 τὴν
3201 3715 3301 3784 τῆς
3351 3715 3506 3784 ήμῶν
3553 3730 3652 3782 με-

2073 3811 2354 3880 τριότητος
2376 3808 2704 3878 παρουσίαν.
2745 3806 3003 3878 Δρομέως
3030 3805 3086 3859 δὲ
3131 3798 3370 3859 ἀνελθὼν
3421 3806 3450 3858 ὁ
3495 3805 3653 3874 ἀρχι-

2071 3899 2319 3960 διάκονος
2345 3897 2683 3968 ἀπήγγειλεν
2720 3898 2803 3960 εἰς
2839 3897 2939 3968 τὴν
2971 3896 3126 3949 πόλιν
3157 3895 3534 3966 διηγούμενος,
3568 3897 3650 3949 ἐτι

2063 3989 2239 4066 ("Exit
2273 3991 2301 4042 6
2335 3989 2524 4059 κύριος
2558 3988 2716 4059 ἡμῶν
2743 3989 2838 4040 καὶ
2878 3987 3054 4051 κοινὸς
3079 3987 3269 4058 Πατὴρ
3294 3988 3454 4058 ἡμῶν
3485 3989 3542 4041 tv
3572 3987 3650 4057 τῷ

2074 4081 2406 4152 περιπολέῳ.
2460 4080 2820 4144 Ἀκούσαντες
2845 4079 2903 4133 δὲ
2932 4081 2982 4134 οἱ
3015 4080 3118 4148 τῆς
3148 4078 3356 4143 πόλεως
3375 4078 3649 4150 τρισοῦτοί

2070 4190 2132 4228 τε
2163 4175 2258 4228 καὶ
2283 4174 2564 4245 ἄρχοντες,
2595 4171 2786 4244 ἄνδρες
2821 4189 2882 4226 τε
2940 4175 3036 4226 καὶ
3097 4174 3355 4242 γυναῖκες
3396 4173 3493 4226 καὶ
3544 4171 3650 4236 ἕως

2077 4265 2278 4338 μικροῦ
2333 4263 2703 4337 θηλάζοντος,
2732 4261 2984 4329 ἐδόξαζον
3037 4263 3133 4317 καὶ
3178 4264 3533 4336 εὐχαρίστουν
3573 4259 3650 4334 τῷ

2075 4359 2194 4428 Θεῷ
2220 4358 2300 4430 τῷ
2322 4357 2616 4424 ἀξιώσαντι
2644 4357 2840 4420 αὐτοὺς
2859 4355 3119 4426 τοιαύτην
3145 4355 3408 4425 ἀγγελίαν
3437 4355 3650 4424 ἀγαθήν

391 4452 556 4520 pulus
589 4453 902 4514 universus,
935 4463 1179 4522 quantus
1206 4468 1400 4525 nempe
1429 4457 1483 4510 in
1517 4466 1630 4512 tota
1669 4435 1803 4514 urbe
1823 4435 1962 4526 erat,

2073 4451 2326 4517 δέξασθαι
2361 4450 2614 4524 περὶτοῦ
2661 4451 2934 4522 μακαρίου
2976 4447 3157 4502 αὐτῶν
3205 4448 3484 4520 ποιμένος.
3545 4449 3651 4502 Καὶ

389 4542 609 4596 obviam
643 4553 835 4596 sancto
857 4541 1124 4614 Gregorio
1161 4545 1438 4612 exierunt,
1469 4563 1641 4618 usque
1672 4549 1737 4603 ad
1775 4566 1966 4606 mona-

391 4634 646 4694 sterium,
682 4645 790 4699 quo
831 4631 920 4687 ille
957 4633 1152 4688 relicto
1191 4637 1409 4708 navigio
1448 4649 1816 4696 concesserat.
1865 4642 1963 4706 lbi,

389 4738 516 4778 cum
553 4725 786 4779 invicem
827 4725 1226 4793 occurrissent,
1255 4730 1636 4788 obsecratione
1665 4732 1808 4788 facta
1839 4747 1966 4790 con.

387 4816 671 4882 sederunt.

469 5078 602 5134 XCI.
645 5085 762 5134 Jam
814 5096 946 5135 vero
989 5084 1101 5148 ille,
1133 5085 1310 5139 salute
1356 5087 1559 5156 populo
1597 5087 1740 5142 dicta
1782 5089 1965 5156 parvis

391 5171 741 5242 magnisque,
795 5167 1191 5228 monasterium
1241 5177 1496 5247 reliquit,
1551 5186 1604 5232 et
1651 5179 1718 5234 ad
1772 5179 1964 5234 urbem

461 5349 792 5428 (15)____l_‘lihil
852 5353 1036 5428 verius
1098 5371 1126 5428 a
1197 5354 1426 5428 Leontio
1483 5358 1747 5428 scriptum
1812 5369 1897 5414 est
1948 5377 1961 5414 :

390 5439 536 5497 anno
565 5423 692 5486 595,
726 5438 858 5497 quo
885 5423 1182 5497 Gregorius
1235 5423 1810 5497 Agrlgmtunt'rediit,
1847 5431 1964 5484 dies

389 5496 635 5548 decimus
687 5494 894 5550 mensis
949 5493 1295 5564 septembris
1341 5493 1643 5553 sabbatum
1686 5493 1807 5554 fuit.
1863 5500 1966 5554 Pa-

391 5564 524 5642 scita
555 5565 705 5642 enim
755 5575 942 5619 actum
979 5579 1036 5642 Ψ
1085 5568 1230 5622 Νοη.
1285 5569 1521 5642 Apriles,
1555 5567 1877 5642 Pentecoste
1909 5587 1960 5626 ιι

389 5631 511 5687 Kal.
544 5629 737 5686 lunias
771 5652 784 5687 :
815 5645 870 5689 et
913 5651 944 5690 a
988 5637 1313 5694 Pentecoste
1339 5629 1677 5697 llaminicus
1705 5641 1822 5695 dies
1867 5657 1960 5694 τινι

392 5702 692 5756 babbatum
733 5714 1060 5764 consecutus
1101 5718 1207 5776 cst,
1239 5709 1307 5764 de
1343 5726 1454 5780 quo
1500 5712 1744 5781 loquitur
1791 5709 1961 5765 Leon-

2071 4542 2294 4614 ἐξῆλθεν
2328 4544 2434 4606 πᾶς
2464 4545 2492 4596 6
2531 4537 2734 4614 κλῆρος
2769 4542 2908 4612 μετὰ
2932 4541 3291 4614 θυμιαμάτων
3319 4543 3414 4595 καὶ
3439 4543 3647 4614 κηρῶν,

2069 4636 2166 4688 καὶ
2206 4637 2314 4698 πῶς
2353 4636 2381 4687 6
2410 4634 2557 4700 λαὸς,
2599 4633 2802 4704 πλῆθος
2832 4633 2989 4700 πολὺ,
3016 4635 3134 4687 ὅσοι
3163 4630 3300 4706 ἦσαν
3321 4635 3378 4688 tv
3400 4635 3468 4706 τῇ
3497 4635 3648 4688 πόλει

2068 4729 2146 4790 εἰς
2201 4729 2530 4797 συνάντησιν
2577 4725 2761 4780 αὐτοῦ.
2809 4727 2983 4791 Αὐτὸς
3023 4727 3079 4781 δὲ
3116 4727 3393 4781 κατελθὼν
3418 4728 3524 4781 ἀπὸ
3552 4725 3644 4780 τοῦ

2068 4818 2278 4881 πλοίου,
2301 4817 2430 4871 ἆπιε
2457 4818 2516 4869 tv
2655 4809 3002 4889 μοναστηρίῳ
3025 4833 3039 4846 ·
3075 4817 3168 4870 acati.
3213 4818 3649 4888 συναντήσαντες

2067 4911 2340 4982 ἀλλήλοις,
2400 4911 2496 4963 καὶ
2547 4907 2856 4979 εὐξάμενοι,
2891 4911 3030 4980 μετὰ
3081 4911 3184 4980 τὴν
3242 4910 3409 4980 εὐχὴν
3453 4911 3649 4964 ἐκαθέ-

2069 5004 2295 5074 σθησαν.

2144 5093 2264 5159 ι,Α’,
2313 5092 2422 5145 Καὶ
2453 5090 2841 5162 ἀσπασάμενος
2865 5093 2990 5156 τοὺς
3017 5091 3264 5156 ἅπαντας
3289 5093 3384 5147 καὶ
3405 5091 3498 5146 τὸν
3520 5087 3646 5146 λαὸν

2073 5185 2309 5256 μικρούς
2359 5201 2420 5237 τε
2461 5183 2554 5238 καὶ
2586 5183 2857 5254 μεγάλους
2887 5183 3110 5254 ἐξῆλθεν
3139 5185 3202 5238 ὲκ
3241 5184 3336 5236 τοῦ
3371 5201 3645 5254 μοναστηο

2071 5367 2202 5430 lius,
2239 5363 2541 5434 lnciditque
2568 5365 2622 5420 in
2661 5365 2800 5421 diem
2831 5381 2890 5420 Ill
2937 5374 3063 5418 ante
3079 5363 3246 5434 Aldus.
3271 5367 3386 5420 sive
3415 5367 3644 5420 undeci-

2067 5451 2216 5560 lmum
2253 5431 2465 5491 mensis
2495 5433 2851 5508 Septembris,
2893 5443 2950 5490 ut
2980 5447 3046 5489 ex
3075 5431 3450 5492 Maurinorum
3485 5440 3642 5492 tabuo

2089 5523 2134 5562 IS
2169 5515 2406 5562 constat.

2462 5577 2516 5644 l,
2547 5579 2622 5640 εἰς
2653 5576 2710 5630 τὸ
2738 5574 3054 5647 περιπόλων
3093 5581 3154 5634 τὸ
3185 5579 3478 5650 λεγόμενον
3512 5579 3642 5652 Ἐμ-

2091 5663 2220 5701 ηηιο
2257 5686 2272 5701 .

2091 5663 2272 5718 τοριον.
