4104 6262
393 293 498 363 711

1405 285 1465 343 S.
1503 281 1883 344 GREGORII
1918 281 2428 344 AGRIGENTINI
2467 281 2667 344 VITA.

3554 283 3666 349 712

472 396 628 456 XCII.
688 394 894 464 Templi
934 390 1458 452 exaediﬁcationem,
1504 389 1597 442 cui
1641 403 1820 444 annus
1874 387 1978 440 im-

2152 389 2266 457 bB'.
2306 385 2441 445 Εἶτα
2492 389 2634 461 μετὰ
2685 387 2931 442 ἐνιαυτὸν
2985 387 3283 462 πληρώσας
3343 390 3435 445 τὸν
3495 393 3660 464 ναὸν,

397 507 602 562 pensus
651 500 758 553 est,
809 485 1154 542 consecratio
1203 481 1438 550 excepit,
1473 489 1758 550 postquam
1793 479 1974 534 divina

399 582 516 636 illic
573 577 832 650 mysteria
891 589 1150 646 peragere
1208 572 1469 628 instituit.
1519 571 1732 640 Adjecit
1791 581 1974 624 autem

401 673 606 742 templo
633 679 689 726 et
727 670 902 724 bonas
936 669 1129 722 diaetas
1150 665 1286 736 (2|),
1319 664 1374 716 in
1405 665 1604 733 quibus
1649 663 1765 732 ipse
1797 677 1861 716 ac
1899 660 1980 716 fac

404 765 648 818 miliares
675 761 798 829 ejus
831 759 1166 812 habitarent.
1204 754 1430 809 Solebat
1461 763 1644 808 autem
1678 753 1976 806 identidem

399 865 455 910 et
487 855 666 908 viduis
705 860 757 906 et
793 850 980 919 egenis
1019 845 1202 902 omnis
1245 844 1461 914 generis
1516 857 1785 912 apparare
1829 859 1984 896 meu-

403 962 544 1007 sain,
584 944 762 1009 iisque
791 941 932 994 idem
984 937 1338 992 ministrare:
1369 934 1515 1004 quod
1559 943 1614 988 et
1654 943 1830 988 mater
1860 933 1981 1002 ejus

406 1053 514 1091 non
551 1035 734 1088 minas
769 1031 1082 1100 priestabat.
1129 1027 1248 1098 Ipse
1272 1042 1403 1080 vero
1433 1026 1697 1096 populum
1723 1034 1983 1093 praeterea

403 1129 521 1182 dies
554 1134 856 1192 noctesque
885 1121 1090 1175 hortari
1125 1135 1231 1173 non
1259 1118 1565 1180 desinebat,
1598 1127 1656 1170 ut
1687 1115 1846 1170 saluti
1871 1130 1986 1171 snze

405 1207 720 1271 consuleret
779 1212 1036 1280 serioque
1094 1209 1414 1277 respiceret,
1475 1220 1539 1259 ac
1613 1220 1672 1259 se
1722 1204 1792 1258 ab
1836 1202 1985 1257 oiuni

407 1311 614 1361 sci-lere
647 1289 949 1359 revocaret.
1003 1301 1096 1356 Sic
1125 1300 1319 1354 beatus
1346 1297 1667 1366 Gregorius,
1700 1309 1826 1348 cum
1853 1307 1990 1362 quo-

408 1399 562 1463 tidie,
597 1397 713 1452 sive
753 1395 960 1448 diceret
984 1391 1139 1462 quid,
1195 1393 1309 1446 sive
1339 1388 1564 1452 faceret,
1603 1387 1658 1440 in
1700 1384 1986 1438 hominum

409 1491 634 1552 animis,
680 1485 1146 1557 tanquam-.3ulco
1192 1483 1359 1550 facto,
1413 1482 1681 1552 spiritalia
1717 1480 1859 1533 dona
1903 1491 1992 1532 se-

413 1582 675 1642 minaret;
724 1577 983 1648 populum
1033 1577 1312 1646 ingentem
1374 1575 1482 1630 Deo
1541 1570 1819 1627 Servatori
1871 1569 1993 1622 uni-

2085 483 2396 551 άφιέρωσεν
2464 481 2668 534 αὐτόν’
2745 481 2975 534 κάκεῖσε
3039 481 3140 552 τήν
3208 481 3371 550 άγίαν
3423 485 3666 538 ἐπιτελεῖ

2090 573 2520 642 μυσταγωγίανο
2576 573 2810 643 ποιήσας
2865 573 2924 625 ἐν
2980 572 3128 643 αὐτῷ
3186 572 3372 628 κελλία
3399 575 3664 647 χρήσιμα,

2086 668 2146 718 ἐν
2191 660 2273 727 οἷς
2303 659 2372 735 ἦν
2403 663 2566 726 αὐτὸς
2597 663 2888 734 ἡσυχάζων
2913 663 3007 716 καὶ
3030 664 3078 716 oi
3111 665 3232 734 μετ’
3261 665 3450 722 αὑτοῦ.
3499 666 3664 738 Ἡμέ-

2091 770 2190 824 ραν
2221 753 2280 808 δὲ
2326 753 2450 807 καθ’
2501 753 2720 825 ἡμέραν
2768 748 2836 824 ἦν
2877 752 3184 823 ἐτοιμάζων
3221 745 3502 824 τράπεζαν
3546 759 3668 821 ταῖς

2088 847 2284 916 χήραις
2305 846 2400 898 καὶ
2437 846 2603 898 πᾶσιν
2639 847 2752 907 τοῖς
2791 843 3088 915 δεομένοις,
3122 845 3218 899 καὶ
3257 845 3418 910 αὐτὸς
3445 845 3512 900 δι’
3538 848 3667 901 ἐαυ-

2088 937 2184 990 τοῦ
2235 933 2592 1008 ἐξυπηρετῶν
2633 935 2838 997 αὐτοῖς.
2903 933 3178 998 Ὡσαύτως
3211 930 3282 1007 ἦν
3312 935 3542 991 ποιοῦσα
3573 937 3669 990 καὶ

2095 1031 2278 1100 μήτηρ
2310 1027 2501 1082 αὐτοῦ.
2549 1027 2659 1080 Καὶ
2709 1022 2778 1098 ἦν
2827 1025 2950 1080 καθ’
3007 1026 3248 1098 ἑκάστην
3306 1028 3519 1098 ἡμέραν
3573 1029 3669 1084 καὶ

2091 1121 2264 1175 νύκτα
2320 1120 2760 1190 ἀναμιμνήσκων
2822 1119 2914 1172 τὸν
2957 1119 3084 1172 λαὸν
3121 1118 3191 1174 τὰ
3228 1125 3359 1190 περὶ
3395 1123 3671 1192 σωτηρίας

2093 1214 2188 1268 καὶ
2228 1207 2540 1284 μετανοίας,
2565 1214 2659 1266 καὶ
2685 1211 2946 1266 ἐνδιδόναι
2979 1213 3178 1276 αὐτοὺς
3206 1212 3314 1266 άπὸ
3346 1213 3528 1284 πάσης
3552 1213 3671 1266 est-

2093 1305 2239 1368 κίας.
2267 1303 2454 1366 Οὕτως
2485 1305 2514 1356 ό
2551 1302 2818 1373 μακάριος
2853 1303 3177 1374 Γρηγόριος,
3207 1304 3283 1366 ὼς
3301 1303 3528 1374 ἡμέραι,
3559 1305 3674 1366 τοῖς

2096 1399 2491 1466 πνευματικοῖς
2514 1396 2850 1467 χαρίσμασιν
2878 1394 2935 1446 ἐν
2973 1411 3031 1447 τε
3062 1394 3208 1465 λόγῳ
3242 1395 3339 1450 καὶ
3379 1395 3526 1466 ἔργῳ
3551 1395 3673 1456 ταῖς

2095 1484 2206 1536 τῶν
2233 1482 2544 1554 ἀνθρώπων
2571 1481 2820 1554 καρδίαις
2847 1478 2926 1552 τῷ
2947 1480 3049 1551 τῆς
3071 1481 3311 1546 πίστεως
3337 1482 3556 1554 ἀρότρῳ
3577 1482 3672 1550 ἐγ-

2097 1574 2508 1646 κατασπείρων,
2529 1573 2663 1628 λαὸν
2695 1573 3010 1654 περιούσιον
3046 1571 3124 1643 τῷ
3153 1573 3370 1645 Σωτῆρι
3404 1573 3512 1628 τῶν
3538 1573 3674 1626 ὅλων

409 1671 556 1725 versi
599 1667 970 1728 consecravit,
1009 1664 1303 1734 pestiferas
1347 1665 1585 1719 haereses
1621 1678 1649 1714 ο
1688 1676 1851 1731 grege
1887 1659 1992 1714 sibi

2109 1665 2220 1737 Θεῷ
2273 1667 2634 1738 καθιέρωσεν,
2686 1669 2866 1720 πᾶσαν
2923 1665 3102 1738 λύμην
3153 1667 3419 1736 αἱρέσεως
3464 1669 3522 1720 ἐν
3555 1669 3676 1732 ταῖς

415 1761 628 1816 credito
659 1759 904 1814 divinum
931 1756 1096 1810 veluti
1127 1756 1368 1826 gladium
1417 1754 1694 1823 stringens
1724 1751 1990 1821 praecidit,

2109 1759 2202 1814 τῶν
2237 1759 2677 1829 ποιμαινομένων
2705 1759 2795 1811 ὐπ’
2838 1757 3006 1812 αὐτοῦ
3035 1759 3292 1822 διανοίαις
3321 1757 3398 1828 τῷ
3425 1758 3678 1830 τμητικῷ

416 1853 660 1909 εωιοειία
691 1851 926 1920 denique
955 1849 1286 1904 documenta
1317 1847 1492 1901 instar
1525 1845 1706 1900 iterati
1751 1843 1883 1899 salis
1927 1843 1995 1897 ad

414 1943 784 2014 condiendum
834 1941 968 1996 nulli
1006 1954 1247 2009 unquam
1283 1938 1476 1993 deesse
1513 1951 1706 2006 passus
1750 1943 1853 1990 est.
1890 1932 1996 1988 Ne-

421 2051 530 2106 qe'e
577 2034 667 2088 hic
703 2031 957 2086 utilitatis
987 2031 1200 2084 fructus
1241 2027 1310 2082 ad
1349 2042 1446 2083 eos
1487 2027 1664 2081 solum
1713 2025 1995 2094 pertinuit,

415 2125 511 2194 qui
547 2124 734 2178 urbem
786 2121 1141 2186 habitabant,
1193 2117 1372 2191 [cvm]
1427 2117 1522 2173 sed
1575 2118 1630 2170 in
1671 2117 1999 2187 longinquos

420 2215 587 2267 etiam
635 2211 958 2266 redundavit
997 2210 1182 2264 :fatna
1229 2223 1423 2278 nempe
1475 2207 1625 2262 illius
1673 2208 1728 2260 in
1779 2219 1998 2260 omnem

421 2313 622 2357 terram
668 2303 896 2371 perlata,
930 2300 1209 2354 etstndiis
1259 2297 1542 2352 hominum
1590 2295 1868 2359 excitatis,
1904 2295 2000 2366 qui

405 2397 492 2459 .ad
527 2411 651 2448 eum
681 2395 867 2448 venire
897 2393 1226 2462 gestiebant,
1267 2400 1323 2445 et
1352 2390 1417 2444 ad
1451 2389 1616 2459 pedes
1651 2389 1770 2458 ejus
1808 2403 2000 2443 omnes

421 2485 788 2540 daemoniacos
819 2481 1260 2550 comportabant.
1297 2477 1433 2531 Nam
1469 2493 1595 2532 cum
1629 2477 1665 2531 ii
1697 2477 2002 2532 curationis

425 2591 592 2632 (ausa
621 2576 686 2629 ad
721 2576 938 2627 beatum
969 2573 1146 2625 virum
1179 2571 1454 2632 venirent,
1490 2562 1681 2622 omnes
1707 2582 1831 2622 cum
1861 2568 2004 2623 redi-

429 2674 578 2734 l.an',
612 2668 870 2738 precibus
895 2665 1014 2733 ejus
1053 2671 1110 2716 et
1140 2675 1436 2730 corporum
1469 2670 1524 2715 et
1555 2661 1864 2714 animorum
1914 2675 2004 2714 sa-

428 2761 656 2813 nitatem
698 2757 922 2810 domnm
961 2753 1290 2808 referebant.
1324 2751 1438 2807 lloc
1465 2761 1621 2822 pacto
1649 2759 1880 2805 sanctus
1898 2751 2001 2815 vir,

425 2868 551 2908 cum
608 2849 824 2904 Domini
873 2847 1130 2901 mandata
1188 2844 1302 2900 dies
1362 2851 1668 2914 noctesque
1725 2845 2006 2914 propheta;

429 2944 650 3000 Davidis
694 2941 946 3010 exctnplo
995 2938 1378 3000 meditaretur,
1416 2935 1597 2993 factus
1641 2944 1728 2991 est
1764 2937 1907 2992 sicut
1936 2936 2004 2989 li-

427 3051 596 3108 gnum
638 3042 862 3105 pr0pter
921 3045 1192 3101 aquarum
1232 3031 1499 3085 decursus
1546 3028 1806 3090 adsitum,
1851 3026 1997 3096 quod

431 3131 669 3184 l'ruclum
710 3141 871 3182 suum
916 3133 1160 3194 tempore
1203 3121 1457 3193 praebuit,
1489 3121 1804 3192 praebetque
1836 3134 2002 3188 egen-

431 3223 600 3277 tibus.

505 3399 685 3456 XClll.
739 3398 1226 3460 lnterea,tamen,
1281 3403 1341 3450 ut
1386 3392 1802 3448 multitudinem
1859 3389 2006 3444 illam.

431 3493 618 3564 populi
666 3490 1015 3546 curationum
1049 3502 1219 3542 causa
1255 3485 1613 3556 Agrigentum
1659 3481 2007 3544 conﬂuentis,

435 3597 603 3656 utque
629 3583 910 3652 opinionis
937 3582 1144 3634 larvam
1177 3594 1242 3634 ac
1265 3591 1459 3632 vanam
1495 3575 1774 3630 hominum
1810 3571 2012 3644 glorio-

436 3681 541 3733 lam
577 3679 799 3737 vitaret,
847 3672 1036 3728 ascitis
1075 3671 1182 3727 sibi
1215 3669 1430 3740 aliquot
1470 3683 1501 3722 e
1547 3667 1878 3722 clericorum
1907 3679 2011 3717 nu-

437 3786 588 3824 inero
625 3768 791 3824 sociis
834 3765 1034 3836 pietate
1063 3763 1490 3833 praeStantibus',
1526 3757 1782 3829 privatim
1831 3754 1888 3810 in
1918 3751 2039 3808 de-'

437 3860 604 3914 scrtis
651 3874 716 3912 ac
751 3856 1036 3912 montibus
1082 3855 1251 3908 vitam
1288 3851 1400 3907 Deo
1451 3850 1546 3905 uni
1588 3848 1862 3902 addictam
1913 3845 2014 3899 ali-

436 3951 678 4021 quandiu
711 3949 956 4020 agitavit.
983 3944 1254 4000 Cmtcrum
1287 3958 1394 3998 non
1422 3941 1551 3996 ideo
1576 3936 2018 4008 sapientissimus

440 4043 523 4096 vir
568 4041 747 4112 gregis
778 4039 863 4094 sui
909 4051 1098 4092 curam
1152 4049 1350 4105 magna
1393 4047 1457 4086 ex
1494 4039 1646 4100 parte
1699 4025 2014 4096 abjiciebat.

440 4133 577 4189 Nam
608 4131 818 4201 Enplus
859 4128 1285 4183 archidiaconus
1329 4137 1455 4178 cum
1489 4120 1720 4174 Erasmo
1765 4117 2018 4172 mandata

445 4212 712 4284 habebat,
775 4228 836 4274 ut
883 4217 1162 4292 Ecclesiae
1195 4212 1430 4283 negotiis
1481 4208 1838 4280 praesiderent
1883 4204 2017 4275 (Ἡ).

445 4316 622 4383 Nque
653 4310 861 4380 Euplus
889 4309 1114 4378 quidem
1147 4306 1334 4375 jussus
1363 4302 1543 4358 fuerat
1575 4299 1754 4354 viduis
1774 4296 2022 4368 pupillis-

2034 3073 2076 3130 (Ξ

2095 1849 2190 1903 τοῦ
2224 1848 2360 1903 Θεοῦ
2387 1848 2702 1919 Πνεύματος
2723 1847 2866 1918 ξίφει
2903 1849 3164 1918 ἐκκόψας,
3194 1848 3272 1920 τῷ
3305 1849 3546 1920 νοστίμῳ
3577 1849 3677 1918 τῆς

2099 1943 2288 2012 θεῖκῆς
2329 1940 2586 2010 γνώσεως
2626 1940 2784 1995 ἅλατι
2816 1941 3059 2005 ἀεννάως
3108 1941 3416 2012 ἐπαρτύων,
3478 1941 3539 1994 ού
3599 1940 3678 1994 δι-

2099 2033 2446 2104 ελιμπάνετο.
2491 2033 2600 2086 Καὶ
2629 2031 2801 2086 ’τοῦτο
2856 2032 3028 2086 ἐποίει
3084 2033 3145 2086 οὐ
3201 2020 3390 2104 μόνον’
3418 2033 3546 2095 τοὺς
3577 2031 3680 2101 τῆς

2101 2121 2311 2186 οἰκείας
2364 2123 2577 2187 πόλεως
2629 2123 2946 2194 οἰκήτορας,
3000 2122 3136 2177 ἀλλά
3185 2125 3278 2177 καὶ
3315 2124 3424 2176 τῶν
3459 2125 3679 2196 πόρρω-

2102 2213 2194 2268 θεν
2228 2215 2328 2286 τὴν
2371 2214 2587 2285 οἴκησιν
2626 2215 2862 2284 ἐχόντων
2895 2231 2908 2247 ·
2952 2214 3094 2268 ὥστε
3122 2213 3212 2268 διὰ
3245 2215 3427 2283 πάσης
3448 2215 3552 2286 γῆς
3582 2213 3681 2286 τὴν

2104 2309 2296 2378 φήμην
2328 2307 2494 2360 αὐτοῦ
2524 2307 2863 2378 διαδραμεῖν,
2893 2307 2990 2360 καὶ
3020 2307 3240 2362 πάντων
3287 2308 3382 2360 ἐπὶ
3411 2307 3490 2378 τῷ
3533 2303 3683 2378 αύτῷ

2106 2398 2444 2452 σπευδόντων
2501 2396 2922 2468 προσέρχεσθαι,
2984 2399 3080 2451 καὶ
3136 2399 3264 2460 τοὺς
3323 2397 3682 2468 ὀχλουμένους

2105 2488 2210 2544 ὑπὸ
2241 2488 2569 2558 πνευμάτων
2601 2487 2928 2559 ἀκαθάρτων
2965 2489 3102 2559 πρὸς
3125 2492 3242 2553 τοῖς
3269 2489 3428 2542 ποσὶν
3449 2487 3545 2542 τοῦ
3577 2505 3684 2558 μα-

2105 2576 2303 2647 καρίου
2355 2576 2716 2646 προσέφερον.
2769 2575 2831 2627 Οί
2857 2573 2912 2626 δέ
2939 2574 3207 2642 ὡφελείας
3230 2574 3392 2644 χάριν
3421 2573 3560 2645 πρὸς
3589 2574 3682 2628 τὸν

2109 2665 2380 2737 μακάριον
2413 2665 2798 2736 παρεγένοντο,
2833 2665 2926 2718 καὶ
2957 2665 3160 2730 πάντες
3212 2667 3308 2736 τὴν
3353 2665 3520 2738 ρῶσιν
3573 2665 3684 2719 τῶν

2104 2759 2353 2830 ψυχικῶν
2377 2759 2472 2812 καὶ
2499 2757 2828 2826 σωματικῶν
2855 2759 2972 2818 ταῖς
2995 2756 3090 2810 τοῦ
3111 2758 3262 2810 ὁσίου
3293 2758 3479 2828 εὐχαῖς
3499 2757 3683 2812 οἴκαδε

2106 2850 2476 2920 λαμϐάνοντες
2525 2848 2872 2920 ἐπορεύοντο.
2925 2848 3115 2912 Οὕτως
3171 2838 3283 2902 τού
3314 2850 3585 2920 μακαρίου
3625 2851 3684 2903 ἐν

2107 2945 2230 3004 ταῖς
2275 2940 2516 3002 ἐντολαῖς
2559 2937 2652 2992 τοῦ
2693 2938 2899 3009 Κυρίου
2939 2937 3134 3001 νυκτὸς
3169 2939 3264 2992 καὶ
3293 2939 3509 3010 ἡμέρας
3542 2937 3686 2993 κατὰ

2111 3034 2200 3086 τδν
2231 3032 2518 3086 θεσπέσιον
2544 3029 2708 3084 Δασὶδ
2731 3029 3168 3102 ἐμμελετῶντος,
3219 3033 3443 3099 γέγονεν
3494 3029 3571 3094 ὡς
3624 3030 3687 3084 τὸ

2111 3125 2265 3186 ξύλον
2286 3125 2346 3176 τὸ
2372 3123 2779 3193 πεφυτευμένον
2809 3121 2962 3193 παρὰ
2984 3123 3083 3186 τὰς
3121 3121 3386 3187 διεξόδους
3412 3121 3524 3176 τῶν
3561 3123 3688 3177 ὑδά-

2107 3233 2238 3281 των,
2285 3215 2313 3268 ὃ
2343 3214 2434 3267 τὸν
2465 3214 2680 3284 καρπὸν
2703 3211 2868 3267 αὑτοῦ
2899 3214 3160 3282 παρεῖχεν
3187 3212 3310 3266 καθ’
3328 3212 3562 3283 ἡμέραν,
3592 3213 3688 3268 καὶ

2111 3307 2340 3378 παρέχει
2378 3309 2490 3370 τοῖς
2526 3305 2843 3378 χρῄζουσιν.

2179 3399 2293 3466 bl".
2361 3398 2526 3452 Ἀλλὰ
2566 3399 2662 3452 καὶ
2706 3397 2849 3451 οὕτω
2883 3397 2946 3452 τδ
2999 3389 3346 3466 πλῆθος·τοῦ
3383 3394 3513 3448 λαοῦ
3553 3394 3688 3466 πρὸς

2108 3493 2178 3560 τῇ
2209 3488 2364 3543 πόλει
2397 3489 2505 3543 τῶν
2568 3487 3030 3558 Ἀκραγαντίνων,
3071 3485 3235 3557 χάριν
3290 3486 3507 3550 ἰάσεως,
3558 3489 3690 3558 συρ-

2114 3577 2351 3647 ῥέοντος,
2385 3575 2447 3628 τδ
2470 3575 2570 3644 τῆς
2612 3575 2841 3645 οἰήσεως
2899 3574 3244 3645 προσωπεῖον
3289 3576 3388 3626 καὶ
3429 3572 3492 3625 τὺ
3534 3575 3691 3628 κενὸν

2113 3667 2221 3720 τῶν
2256 3663 2562 3736 ἀνθρώπων
2595 3663 2844 3735 δοξάριον
2877 3663 3188 3734 ἐκφεύγων,
3212 3662 3366 3726 τινάς
3391 3661 3504 3715 τῶν
3531 3662 3691 3716 εύλα-

2115 3758 2388 3824 ϐεστέρων
2416 3757 2582 3812 αὐτοῦ
2641 3756 2920 3828 κληρικῶν
2977 3755 3310 3828 παραλαϐὼν
3360 3756 3419 3809 ἐν
3463 3756 3694 3826 ἐρήμοις

2116 3851 2210 3906 καὶ
2243 3851 2429 3922 ὄρεσιν
2472 3849 2552 3919 τῷ
2595 3846 2716 3922 Θεῷ
2749 3849 3068 3920 καταμόνας
3095 3851 3420 3922 προσομίλει
3452 3854 3510 3906 ἐν
3532 3851 3696 3906 πνεύ-

2121 3963 2252 4016 ματι
2283 3961 2295 3973 ·
2331 3943 2446 3998 ἀλλ’
2485 3945 2586 3998 ούκ
2626 3943 2868 4014 ἐγύμνου
2909 3942 3104 3996 ἑαυτὸν
3129 3943 3364 3998 ἐπιπολὺ
3437 3945 3538 4014 τῆς
3576 3943 3696 3996 ποί-

2123 4054 2260 4107 μνης
2279 4041 2308 4092 ὀ
2333 4037 2629 4106 πάνσοφος.
2665 4031 2876 4089 Εὗπλον
2913 4033 3024 4105 γάρ
3056 4035 3147 4088 τὸν
3188 4033 3568 4106 άρχιδιάκονον
3599 4033 3697 4088 σὺν

2133 4127 2391 4197 Ἐράσμῳ
2428 4127 2740 4180 ἐπιστατεῖν
2770 4123 2870 4188 τάς
2909 4123 3377 4196 ἐκκλησιαστικάς
3397 4125 3697 4194 διοικήσεις

2121 4217 2426 4272 ἐκέλευσεν.
2474 4217 2583 4271 Καὶ
2625 4218 2656 4270 ό
2698 4215 2797 4286 μὶν
2842 4211 3054 4278 Εὖπλος
3088 4216 3288 4286 χήραις
3319 4215 3414 4270 καὶ
3441 4215 3698 4287 ὀρφανοῖς

2123 4309 2193 4360 τὰ
2228 4306 2365 4378 πρὸς
2395 4305 2492 4377 τήν
2527 4305 2718 4377 χρείαν
2748 4307 3008 4376 χορηγεῖν
3035 4304 3140 4358 ὑπὸ
3167 4304 3264 4359 τοῦ
3295 4304 3567 4376 μακαρίου
3595 4303 3702 4372 ἀφ-

443 4423 550 4475 que
581 4406 728 4474 large
757 4411 1008 4470 sumptus
1045 4399 1323 4468 praebere;
1373 4394 1602 4450 Erasmo
1636 4401 1818 4448 autem
1847 4393 2005 4446 delat:

2129 4401 2298 4463 θόνως
2343 4397 2738 4470 προσετάχθηο
2777 4397 2806 4449 ὁ
2847 4395 2904 4448 δὲ
2951 4396 3230 4466 Ἔρασμος
3276 4395 3368 4449 τδν
3409 4394 3566 4462 λόγον
3599 4393 3701 4464 τῆς

447 4511 578 4552 cura
614 4495 798 4566 populi
825 4489 1112 4546 erudiendi
1153 4498 1204 4544 et
1237 4489 1300 4543 ad
1349 4497 1550 4542 rectam
1590 4485 1898 4541 doctrinam
1935 4483 2020 4537 in-

449 4585 729 4646 stituendi.
769 4583 902 4638 Nam
944 4583 1060 4650 ipse
1093 4590 1312 4650 quoque
1343 4579 1561 4650 ingenio
1611 4576 1922 4646 praestabat,
1969 4584 2024 4630 et

450 4700 479 4736 a
537 4689 731 4735 sancto
788 4675 1052 4744 Gregorio
1103 4673 1356 4729 excultus
1418 4669 1616 4724 fuerat.
1673 4667 1853 4734 Quare
1900 4681 2022 4722 cum

453 4772 596 4828 beati
629 4771 684 4829 bi
715 4767 817 4823 viri
853 4769 943 4822 ubi
980 4781 1121 4836 opus
1164 4773 1302 4829 erat,
1354 4776 1578 4833 operam
1616 4774 1770 4816 suam
1814 4760 2027 4828 egregie

455 4871 735 4923 navarent,
766 4859 922 4927 copia
953 4859 1116 4912 etiam
1147 4863 1340 4912 sancto
1371 4851 1640 4922 Gregorio
1663 4847 1766 4904 fuit
1793 4847 2026 4918 plurima

453 4973 485 5012 ο
516 4955 718 5012 divinis
748 4954 988 5009 oraculis
1018 4949 1272 5022 privatim
1306 4943 1612 5016 explicandi
1641 4941 1776 5013 (23),
1809 4956 1930 5010 qua:
1958 4938 2027 4993 ad

455 5127 676 5189 quenter
711 5112 950 5189 accedat,
987 5124 1239 5182 geratque
1263 5107 1710 5189 sollicitudinem,
1737 5113 1789 5156 et
1818 5101 2029 5189 animos

456 5173 639 5242 eorum
670 5173 1032 5236 admonitione
1059 5173 1173 5236 ³υώ
1205 5177 1598 5234 adhortationis
1633 5173 1890 5227 accendat
1917 5189 1934 5226 :
1971 5183 2031 5225 ut

457 5265 656 5326 quanto
691 5268 808 5324 quae
851 5259 1212 5320 exspectatur.
1239 5245 1846 5326 _elortgatur’festivitas‘,
1878 5251 2028 5326 tanta

459 5315 516 5382 se
559 5312 894 5394 prwp'arare,
945 5312 992 5375 et
1055 5337 1170 5374 eam
1216 5312 1482 5373 destdério
1528 5312 1748 5378 ferventi
1806 5312 2032 5366 debeant

459 5397 739 5452 sustinere.

534 5466 646 5536 (ἐς)
685 5463 740 5518 ld
776 5462 914 5536 _olim
961 5461 1016 5536 in
1072 5458 1308 5536 concilio
1330 5452 1770 5536 _Garthagincnsi
1796 5469 1848 5506 IV
1889 5467 2034 5536 prae-

463 5521 726 5604 Seriptum
769 5534 946 5587 fuerat
985 5531 1128 5604 (can.
1159 5530 1294 5604 ω)
1327 5524 1396 5582 Ut
1423 5521 1694 5594 episcopus
1742 5538 1844 5576 non
1882 5521 2034 5592 longe

463 5607 532 5661 ab
561 5599 778 5658 ecclesia
811 5599 1152 5672 hospitiolum
1183 5599 1393 5672 habent.

537 5675 648 5728 (ﬁt
692 5673 856 5729 Vetus
894 5661 1008 5728 lucc
1050 5684 1271 5732 quoque
1311 5668 1395 5721 lex
1441 5671 1576 5730 erat,
1626 5678 1792 5734 quam
1845 5661 2036 5719 Patres

2125 4493 2362 4555 πίστεως
2388 4488 2724 4558 διαγγέλλειν
2751 4489 2864 4551 τοῖς
2895 4487 3041 4550 λαοῖς
3097 4486 3382 4541 ἐντέταλτο
3405 4503 3420 4518 ·
3472 4481 3542 4556 ἦν
3589 4485 3700 4556 γάρ

2123 4587 2218 4640 καὶ
2255 4585 2416 4648 αὐτὸς
2448 4581 2651 4653 εύφυὴς
2687 4579 2782 4634 καὶ
2816 4577 3248 4648 πεπαιδευμένος
3289 4578 3355 4653 ἐκ
3391 4575 3486 4630 τοῦ
3541 4575 3700 4645 άγίου

2125 4677 2452 4750 Γρηγορίου.
2495 4672 2684 4733 Οὕτως
2716 4666 2811 4725 οὖν
2847 4669 2956 4724 τῶν
2997 4669 3285 4741 μακαρίων
3313 4667 3702 4738 ἐπαρκούντων

2126 4771 2194 4824 τὰ
2223 4767 2362 4839 πρὸς
2397 4765 2498 4836 τήν
2520 4763 2732 4834 χρείαν,
2767 4764 2797 4814 ὁ
2829 4760 2987 4830 ἅγιος
3022 4758 3324 4830 Γρηγόριος
3365 4757 3438 4812 τὰ
3475 4757 3702 4810 πλεῖστα

2126 4861 2195 4915 δι’
2224 4857 2423 4914 ἐαυτοῦ
2477 4851 2993 4928 παρρησιαζόμενος
3013 4851 3084 4905 τὰ
3111 4850 3246 4921 πρὸς
3271 4849 3548 4920 σωτηρίαν
3580 4863 3706 4902 συν-

2127 4949 2375 5004 τείνοντα
2403 4945 2694 5000 ὑπετίθετο
2719 4942 2900 5012 λόγια.
2924 4941 3104 4995 Πολλὰ
3130 4939 3188 4995 δὲ
3235 4942 3439 5012 σημεῖα
3469 4939 3564 4994 ἐπὶ
3593 4938 3706 4993 τῶν

2130 5105 2350 5165 concilii
2378 5100 2853 5174 Carthaginiensis
2885 5114 2938 5174 tv
2966 5107 3269 5174 sanxerant
3295 5096 3563 5174 (can._l7)
3591 5114 3606 5151 :
3635 5094 3706 5151 Ut

2131 5179 2406 5246 episcopus
2427 5167 2860 5244 gubernationem
2872 5171 3186 5246 _viduarum_
3203 5177 3254 5222 et
3290 5167 3633 5246 pupittorunr
3645 5181 3710 5222 ae

2131 5237 2530 5319 peregrinorum
2555 5258 2658 5296 non
2689 5241 3059 5319 ρετ-θείνεται,
3095 5238 3190 5319 sed:
3217 5253 3310 5308 per
3343 5237 3710 5306 archipresby-

2135 5311 2307 5374 teran
2345 5323 2438 5369 aut
2468 5330 2563 5384 per
2595 5311 3032 5384 oreliidiaeonum
3065 5314 3215 5378 agat.

2206 5387 2320 5456 (95)
2361 5386 2436 5440 Ex
2463 5376 2567 5438 hoc
2599 5381 2888 5456 loco_satis
2918 5376 3176 5456 constare
3207 5376 3444 5456 videtur,
3473 5389 3584 5456 quo
3597 5387 3712 5454 _po-

2136 5444 2414 5512 tissimum
2439 5463 2682 5523 tempore
2705 5448 3004 5523 Gregorius
3027 5455 3211 5523 noster
3235 5444 3708 5523 Gommentarium

2138 5527 2192 5582 in
2222 5513 2586 5580 Ecclesiasten
2617 5513 3032 5590 conscripserit.
3064 5515 3181 5584 Qua
3219 5513 3287 5571 de
3322 5531 3382 5571 re
3408 5513 3569 5570 nobis
3598 5513 3712 5570 alio

2137 5598 2259 5654 loco
2287 5593 2578 5652 dicendum
2608 5599 2712 5650 est.
