  <div class='ocr_page' id='page_1' title='image "/cluster/home/n/w/nwhite01/storage/ocr_20150623/98/mdp.39015005675650/393.png"; bbox 0 0 4076 6284; ppageno 0'>
   <div class='ocr_carea' id='block_1_1' title="bbox 362 307 465 370">
    <p class='ocr_par' dir='ltr' id='par_1_1' title="bbox 362 307 465 370">
     <span class='ocr_line' id='line_1_1' title="bbox 362 307 465 370; baseline -0.019 0"><span class='ocrx_word' id='word_1_1' title='bbox 362 307 465 370; x_wconf 64' lang='lat'><strong>7.39</strong></span> 
     </span>
    </p>
   </div>
   <div class='ocr_carea' id='block_1_2' title="bbox 1487 300 2510 367">
    <p class='ocr_par' dir='ltr' id='par_1_2' title="bbox 1487 300 2510 367">
     <span class='ocr_line' id='line_1_2' title="bbox 1487 300 2510 367; baseline -0.006 -2"><span class='ocrx_word' id='word_1_2' title='bbox 1487 308 1567 367; x_wconf 89' lang='lat' dir='ltr'><strong>S.‘</strong></span> <span class='ocrx_word' id='word_1_3' title='bbox 1586 305 1922 366; x_wconf 74' lang='lat' dir='ltr'><strong>GREGORI</strong></span> <span class='ocrx_word' id='word_1_4' title='bbox 1937 305 1961 363; x_wconf 87' lang='grc' dir='ltr'>Ι</span> <span class='ocrx_word' id='word_1_5' title='bbox 1998 300 2510 362; x_wconf 61' lang='grc' dir='ltr'><strong>ΑΟΗἏΟΕΝΤΙΝΙ</strong></span> 
     </span>
    </p>
   </div>
   <div class='ocr_carea' id='block_1_3' title="bbox 3507 286 3616 351">
    <p class='ocr_par' dir='ltr' id='par_1_3' title="bbox 3507 286 3616 351">
     <span class='ocr_line' id='line_1_3' title="bbox 3507 286 3616 351; baseline -0.009 0"><span class='ocrx_word' id='word_1_6' title='bbox 3507 286 3616 351; x_wconf 74' lang='lat'><strong>760</strong></span> 
     </span>
    </p>
   </div>
   <div class='ocr_carea' id='block_1_4' title="bbox 363 401 1954 485">
    <p class='ocr_par' dir='ltr' id='par_1_4' title="bbox 363 415 1925 485">
     <span class='ocr_line' id='line_1_4' title="bbox 363 415 1925 485; baseline -0.001 -15"><span class='ocrx_word' id='word_1_7' title='bbox 363 417 477 470; x_wconf 81' lang='lat' dir='ltr'><strong>lilia</strong></span> <span class='ocrx_word' id='word_1_8' title='bbox 507 425 560 470; x_wconf 91' lang='lat' dir='ltr'><strong>et</strong></span> <span class='ocrx_word' id='word_1_9' title='bbox 593 415 940 485; x_wconf 91' lang='lat' dir='ltr'><strong>improbitate</strong></span> <span class='ocrx_word' id='word_1_10' title='bbox 981 423 1273 480; x_wconf 78' lang='lat' dir='ltr'><strong>versantur</strong></span> <span class='ocrx_word' id='word_1_11' title='bbox 1337 431 1400 469; x_wconf 76' lang='lat' dir='ltr'><strong>ar.</strong></span> <span class='ocrx_word' id='word_1_12' title='bbox 1433 418 1623 472; x_wconf 87' lang='lat' dir='ltr'><strong>vivunt</strong></span> <span class='ocrx_word' id='word_1_13' title='bbox 1657 437 1670 472; x_wconf 87' lang='lat'><strong>:</strong></span> <span class='ocrx_word' id='word_1_14' title='bbox 1707 419 1857 472; x_wconf 81' lang='lat' dir='ltr'><strong>velut</strong></span> <span class='ocrx_word' id='word_1_15' title='bbox 1880 415 1925 472; x_wconf 88' lang='lat' dir='ltr'><strong>si</strong></span> 
     </span>
    </p>
   </div>
   <div class='ocr_carea' id='block_1_5' title="bbox 2052 401 3610 485">
    <p class='ocr_par' dir='ltr' id='par_1_5' title="bbox 2052 401 3610 484">
     <span class='ocr_line' id='line_1_5' title="bbox 2052 401 3610 484; baseline -0.009 -18"><span class='ocrx_word' id='word_1_16' title='bbox 2052 417 2063 466; x_wconf 77' lang='lat' dir='ltr'><strong>i</strong></span> <span class='ocrx_word' id='word_1_17' title='bbox 2071 413 2237 484; x_wconf 81' lang='grc' dir='ltr'>ρώπῳ</span> <span class='ocrx_word' id='word_1_18' title='bbox 2259 415 2316 465; x_wconf 73' lang='grc' dir='ltr'>ἐν</span> <span class='ocrx_word' id='word_1_19' title='bbox 2339 413 2499 479; x_wconf 75' lang='grc' dir='ltr'>παντὶ</span> <span class='ocrx_word' id='word_1_20' title='bbox 2516 411 2668 480; x_wconf 82' lang='grc' dir='ltr'><strong>κόπῳ</strong></span> <span class='ocrx_word' id='word_1_21' title='bbox 2685 408 2873 472; x_wconf 75' lang='grc' dir='ltr'>αὐτοῦ,</span> <span class='ocrx_word' id='word_1_22' title='bbox 2889 401 2933 476; x_wconf 78' lang='grc' dir='ltr'><strong>ᾧ</strong></span> <span class='ocrx_word' id='word_1_23' title='bbox 2954 405 3145 476; x_wconf 87' lang='grc' dir='ltr'>μοχθεῖ</span> <span class='ocrx_word' id='word_1_24' title='bbox 3166 403 3271 456; x_wconf 48' lang='lat' dir='ltr'><strong>{me</strong></span> <span class='ocrx_word' id='word_1_25' title='bbox 3289 401 3378 454; x_wconf 69' lang='grc' dir='ltr'><strong>τὸν</strong></span> <span class='ocrx_word' id='word_1_26' title='bbox 3394 401 3544 471; x_wconf 69' lang='grc' dir='ltr'>ἥλιον</span> <span class='ocrx_word' id='word_1_27' title='bbox 3562 417 3610 465; x_wconf 76' lang='grc'><strong>;›</strong></span> 
     </span>
    </p>
   </div>
   <div class='ocr_carea' id='block_1_6' title="bbox 363 505 1940 576">
    <p class='ocr_par' dir='ltr' id='par_1_6' title="bbox 363 505 1940 576">
     <span class='ocr_line' id='line_1_6' title="bbox 363 505 1940 576; baseline 0.001 -17"><span class='ocrx_word' id='word_1_28' title='bbox 363 505 591 571; x_wconf 59' lang='lat' dir='ltr'><strong>diceret,</strong></span> <span class='ocrx_word' id='word_1_29' title='bbox 623 507 936 576; x_wconf 84' lang='lat' dir='ltr'><strong>quicunque</strong></span> <span class='ocrx_word' id='word_1_30' title='bbox 967 505 1069 560; x_wconf 90' lang='lat' dir='ltr'><strong>sub</strong></span> <span class='ocrx_word' id='word_1_31' title='bbox 1091 505 1204 559; x_wconf 87' lang='lat' dir='ltr'><strong>sole</strong></span> <span class='ocrx_word' id='word_1_32' title='bbox 1235 507 1336 560; x_wconf 91' lang='lat' dir='ltr'><strong>hoc</strong></span> <span class='ocrx_word' id='word_1_33' title='bbox 1365 516 1448 562; x_wconf 92' lang='lat' dir='ltr'><strong>est</strong></span> <span class='ocrx_word' id='word_1_34' title='bbox 1477 509 1749 574; x_wconf 74' lang='lat' dir='ltr'><strong>mortalis,</strong></span> <span class='ocrx_word' id='word_1_35' title='bbox 1780 522 1940 562; x_wconf 89' lang='lat' dir='ltr'><strong>enar-</strong></span> 
     </span>
    </p>
   </div>
   <div class='ocr_carea' id='block_1_7' title="bbox 365 594 1940 666">
    <p class='ocr_par' dir='ltr' id='par_1_7' title="bbox 365 594 1940 666">
     <span class='ocr_line' id='line_1_7' title="bbox 365 594 1940 666; baseline 0 -18"><span class='ocrx_word' id='word_1_36' title='bbox 365 605 471 655; x_wconf 98' lang='lat' dir='ltr'><strong>ret,</strong></span> <span class='ocrx_word' id='word_1_37' title='bbox 512 609 650 648; x_wconf 83' lang='lat' dir='ltr'><strong>vana</strong></span> <span class='ocrx_word' id='word_1_38' title='bbox 675 594 790 664; x_wconf 82' lang='lat' dir='ltr'><strong>ipse</strong></span> <span class='ocrx_word' id='word_1_39' title='bbox 813 595 1074 658; x_wconf 86' lang='lat' dir='ltr'><strong>sectando</strong></span> <span class='ocrx_word' id='word_1_40' title='bbox 1105 595 1424 666; x_wconf 84' lang='lat' dir='ltr'><strong>agendoque</strong></span> <span class='ocrx_word' id='word_1_41' title='bbox 1470 604 1738 666; x_wconf 86' lang='lat' dir='ltr'><strong>quantum</strong></span> <span class='ocrx_word' id='word_1_42' title='bbox 1791 595 1940 649; x_wconf 87' lang='lat' dir='ltr'><strong>utili-</strong></span> 
     </span>
    </p>
   </div>
   <div class='ocr_carea' id='block_1_8' title="bbox 364 681 1939 762">
    <p class='ocr_par' dir='ltr' id='par_1_8' title="bbox 364 681 1939 762">
     <span class='ocr_line' id='line_1_8' title="bbox 364 681 1939 762; baseline 0.001 -19"><span class='ocrx_word' id='word_1_43' title='bbox 364 689 491 744; x_wconf 83' lang='lat' dir='ltr'><strong>tatis</strong></span> <span class='ocrx_word' id='word_1_44' title='bbox 518 697 571 744; x_wconf 89' lang='lat' dir='ltr'><strong>et</strong></span> <span class='ocrx_word' id='word_1_45' title='bbox 595 690 888 762; x_wconf 82' lang='lat' dir='ltr'><strong>commodi</strong></span> <span class='ocrx_word' id='word_1_46' title='bbox 923 681 1138 744; x_wconf 85' lang='lat' dir='ltr'><strong>laturus</strong></span> <span class='ocrx_word' id='word_1_47' title='bbox 1172 689 1276 744; x_wconf 91' lang='lat' dir='ltr'><strong>sit:</strong></span> <span class='ocrx_word' id='word_1_48' title='bbox 1309 705 1432 745; x_wconf 91' lang='lat' dir='ltr'><strong>cum</strong></span> <span class='ocrx_word' id='word_1_49' title='bbox 1457 706 1578 760; x_wconf 74' lang='lat' dir='ltr'><strong>qua:</strong></span> <span class='ocrx_word' id='word_1_50' title='bbox 1607 691 1766 744; x_wconf 87' lang='lat' dir='ltr'><strong>hodie</strong></span> <span class='ocrx_word' id='word_1_51' title='bbox 1788 698 1939 756; x_wconf 81' lang='lat' dir='ltr'><strong>sunt,</strong></span> 
     </span>
    </p>
   </div>
   <div class='ocr_carea' id='block_1_9' title="bbox 365 782 1938 854">
    <p class='ocr_par' dir='ltr' id='par_1_9' title="bbox 365 782 1938 854">
     <span class='ocr_line' id='line_1_9' title="bbox 365 782 1938 854; baseline 0 -18"><span class='ocrx_word' id='word_1_52' title='bbox 365 797 491 838; x_wconf 88' lang='lat' dir='ltr'><strong>eras</strong></span> <span class='ocrx_word' id='word_1_53' title='bbox 530 783 714 850; x_wconf 80' lang='lat' dir='ltr'><strong>futura</strong></span> <span class='ocrx_word' id='word_1_54' title='bbox 751 799 860 837; x_wconf 93' lang='lat' dir='ltr'><strong>non</strong></span> <span class='ocrx_word' id='word_1_55' title='bbox 897 783 1048 838; x_wconf 87' lang='lat' dir='ltr'><strong>sint:</strong></span> <span class='ocrx_word' id='word_1_56' title='bbox 1079 798 1202 848; x_wconf 90' lang='lat' dir='ltr'><strong>nec,</strong></span> <span class='ocrx_word' id='word_1_57' title='bbox 1253 782 1302 838; x_wconf 89' lang='lat' dir='ltr'><strong>si</strong></span> <span class='ocrx_word' id='word_1_58' title='bbox 1356 783 1482 854; x_wconf 89' lang='lat' dir='ltr'><strong>quis</strong></span> <span class='ocrx_word' id='word_1_59' title='bbox 1539 797 1687 838; x_wconf 89' lang='lat' dir='ltr'><strong>nunc</strong></span> <span class='ocrx_word' id='word_1_60' title='bbox 1729 782 1938 852; x_wconf 68' lang='lat' dir='ltr'><strong>gloriae,</strong></span> 
     </span>
    </p>
   </div>
   <div class='ocr_carea' id='block_1_10' title="bbox 367 872 1944 944">
    <p class='ocr_par' dir='ltr' id='par_1_10' title="bbox 367 872 1944 944">
     <span class='ocr_line' id='line_1_10' title="bbox 367 872 1944 944; baseline -0.001 -16"><span class='ocrx_word' id='word_1_61' title='bbox 367 874 1125 944; x_wconf 84' lang='lat' dir='ltr'><strong>amplitudinis,divitiarum,</strong></span> <span class='ocrx_word' id='word_1_62' title='bbox 1166 873 1558 930; x_wconf 81' lang='lat' dir='ltr'><strong>dominationis</strong></span> <span class='ocrx_word' id='word_1_63' title='bbox 1597 882 1763 930; x_wconf 87' lang='lat' dir='ltr'><strong>causa</strong></span> <span class='ocrx_word' id='word_1_64' title='bbox 1819 872 1944 928; x_wconf 86' lang='lat' dir='ltr'><strong>ani-</strong></span> 
     </span>
    </p>
   </div>
   <div class='ocr_carea' id='block_1_11' title="bbox 365 965 1940 1037">
    <p class='ocr_par' dir='ltr' id='par_1_11' title="bbox 365 965 1940 1037">
     <span class='ocr_line' id='line_1_11' title="bbox 365 965 1940 1037; baseline -0.001 -17"><span class='ocrx_word' id='word_1_65' title='bbox 365 981 488 1022; x_wconf 87' lang='lat' dir='ltr'><strong>mos</strong></span> <span class='ocrx_word' id='word_1_66' title='bbox 511 967 726 1029; x_wconf 85' lang='lat' dir='ltr'><strong>extulit,</strong></span> <span class='ocrx_word' id='word_1_67' title='bbox 787 977 840 1022; x_wconf 92' lang='lat' dir='ltr'><strong>et</strong></span> <span class='ocrx_word' id='word_1_68' title='bbox 867 966 1013 1022; x_wconf 83' lang='lat' dir='ltr'><strong>fastu</strong></span> <span class='ocrx_word' id='word_1_69' title='bbox 1049 975 1260 1022; x_wconf 87' lang='lat' dir='ltr'><strong>tumens</strong></span> <span class='ocrx_word' id='word_1_70' title='bbox 1296 981 1486 1022; x_wconf 81' lang='lat' dir='ltr'><strong>omnes</strong></span> <span class='ocrx_word' id='word_1_71' title='bbox 1541 965 1776 1037; x_wconf 82' lang='lat' dir='ltr'><strong>superbe</strong></span> <span class='ocrx_word' id='word_1_72' title='bbox 1805 979 1940 1020; x_wconf 87' lang='lat' dir='ltr'><strong>con-</strong></span> 
     </span>
    </p>
   </div>
   <div class='ocr_carea' id='block_1_12' title="bbox 367 1057 1942 1134">
    <p class='ocr_par' dir='ltr' id='par_1_12' title="bbox 367 1057 1942 1134">
     <span class='ocr_line' id='line_1_12' title="bbox 367 1057 1942 1134; baseline -0.001 -22"><span class='ocrx_word' id='word_1_73' title='bbox 367 1057 580 1124; x_wconf 86' lang='lat' dir='ltr'><strong>temnit,</strong></span> <span class='ocrx_word' id='word_1_74' title='bbox 603 1074 722 1134; x_wconf 72' lang='lat' dir='ltr'><strong>non</strong></span> <span class='ocrx_word' id='word_1_75' title='bbox 753 1059 800 1115; x_wconf 90' lang='lat' dir='ltr'><strong>is</strong></span> <span class='ocrx_word' id='word_1_76' title='bbox 827 1059 977 1115; x_wconf 81' lang='lat' dir='ltr'><strong>brevi</strong></span> <span class='ocrx_word' id='word_1_77' title='bbox 1011 1059 1078 1114; x_wconf 88' lang='lat' dir='ltr'><strong>ad</strong></span> <span class='ocrx_word' id='word_1_78' title='bbox 1111 1059 1468 1130; x_wconf 79' lang='lat' dir='ltr'><strong>ignominiam</strong></span> <span class='ocrx_word' id='word_1_79' title='bbox 1493 1068 1546 1113; x_wconf 90' lang='lat' dir='ltr'><strong>et</strong></span> <span class='ocrx_word' id='word_1_80' title='bbox 1577 1057 1942 1113; x_wconf 85' lang='lat' dir='ltr'><strong>humilitatem</strong></span> 
     </span>
    </p>
   </div>
   <div class='ocr_carea' id='block_1_13' title="bbox 369 1134 1304 1222">
    <p class='ocr_par' dir='ltr' id='par_1_13' title="bbox 369 1134 1304 1222">
     <span class='ocr_line' id='line_1_13' title="bbox 369 1134 1304 1222; baseline -0.001 -17"><span class='ocrx_word' id='word_1_81' title='bbox 369 1163 783 1222; x_wconf 81' lang='lat' dir='ltr'><strong>extremamque</strong></span> <span class='ocrx_word' id='word_1_82' title='bbox 806 1134 1045 1222; x_wconf 80' lang='lat' dir='ltr'><strong>inopiam</strong></span> <span class='ocrx_word' id='word_1_83' title='bbox 1073 1154 1304 1210; x_wconf 84' lang='lat' dir='ltr'><strong>recidat.</strong></span> 
     </span>
    </p>
   </div>
   <div class='ocr_carea' id='block_1_14' title="bbox 440 1330 1942 1408">
    <p class='ocr_par' dir='ltr' id='par_1_14' title="bbox 440 1330 1942 1408">
     <span class='ocr_line' id='line_1_14' title="bbox 440 1330 1942 1408; baseline 0.003 -23"><span class='ocrx_word' id='word_1_84' title='bbox 440 1331 629 1404; x_wconf 63' lang='lat' dir='ltr'><strong>Neque</strong></span> <span class='ocrx_word' id='word_1_85' title='bbox 657 1349 788 1390; x_wconf 88' lang='lat' dir='ltr'><strong>vero</strong></span> <span class='ocrx_word' id='word_1_86' title='bbox 819 1335 1076 1401; x_wconf 80' lang='lat' dir='ltr'><strong>absurde,</strong></span> <span class='ocrx_word' id='word_1_87' title='bbox 1099 1330 1322 1406; x_wconf 82' lang='lat' dir='ltr'><strong>opinor,</strong></span> <span class='ocrx_word' id='word_1_88' title='bbox 1349 1337 1622 1392; x_wconf 81' lang='lat' dir='ltr'><strong>existimet</strong></span> <span class='ocrx_word' id='word_1_89' title='bbox 1645 1338 1942 1408; x_wconf 77' lang='lat' dir='ltr'><strong>quiSpiam,</strong></span> 
     </span>
    </p>
   </div>
   <div class='ocr_carea' id='block_1_15' title="bbox 368 1423 1942 1498">
    <p class='ocr_par' dir='ltr' id='par_1_15' title="bbox 368 1423 1942 1498">
     <span class='ocr_line' id='line_1_15' title="bbox 368 1423 1942 1498; baseline 0.003 -21"><span class='ocrx_word' id='word_1_90' title='bbox 368 1423 523 1491; x_wconf 81' lang='lat' dir='ltr'><strong>illud,</strong></span> <span class='ocrx_word' id='word_1_91' title='bbox 561 1445 580 1478; x_wconf 82' lang='grc' dir='ltr'><strong>ι</strong></span> <span class='ocrx_word' id='word_1_92' title='bbox 619 1426 722 1482; x_wconf 86' lang='lat' dir='ltr'><strong>sub</strong></span> <span class='ocrx_word' id='word_1_93' title='bbox 751 1428 889 1493; x_wconf 85' lang='lat' dir='ltr'><strong>sole,</strong></span> <span class='ocrx_word' id='word_1_94' title='bbox 916 1447 934 1479; x_wconf 76' lang='grc' dir='ltr'><strong>ι</strong></span> <span class='ocrx_word' id='word_1_95' title='bbox 976 1435 1304 1498; x_wconf 86' lang='lat' dir='ltr'><strong>usurpatum</strong></span> <span class='ocrx_word' id='word_1_96' title='bbox 1324 1444 1446 1484; x_wconf 88' lang='lat' dir='ltr'><strong>esse</strong></span> <span class='ocrx_word' id='word_1_97' title='bbox 1475 1429 1540 1483; x_wconf 80' lang='lat' dir='ltr'><strong>ad</strong></span> <span class='ocrx_word' id='word_1_98' title='bbox 1561 1429 1942 1484; x_wconf 77' lang='lat' dir='ltr'><strong>defunctorum</strong></span> 
     </span>
    </p>
   </div>
   <div class='ocr_carea' id='block_1_16' title="bbox 369 1507 1944 1591">
    <p class='ocr_par' dir='ltr' id='par_1_16' title="bbox 369 1507 1944 1591">
     <span class='ocr_line' id='line_1_16' title="bbox 369 1507 1944 1591; baseline 0.002 -19"><span class='ocrx_word' id='word_1_99' title='bbox 369 1518 770 1586; x_wconf 79' lang='lat' dir='ltr'><strong>exceptionem.</strong></span> <span class='ocrx_word' id='word_1_100' title='bbox 797 1520 908 1590; x_wconf 84' lang='lat' dir='ltr'><strong>qui,</strong></span> <span class='ocrx_word' id='word_1_101' title='bbox 955 1534 986 1574; x_wconf 84' lang='lat' dir='ltr'><strong>a</strong></span> <span class='ocrx_word' id='word_1_102' title='bbox 1017 1520 1130 1576; x_wconf 90' lang='lat' dir='ltr'><strong>sole</strong></span> <span class='ocrx_word' id='word_1_103' title='bbox 1170 1521 1276 1576; x_wconf 91' lang='lat' dir='ltr'><strong>hoc</strong></span> <span class='ocrx_word' id='word_1_104' title='bbox 1307 1521 1520 1591; x_wconf 87' lang='lat' dir='ltr'><strong>procul,</strong></span> <span class='ocrx_word' id='word_1_105' title='bbox 1574 1521 1712 1576; x_wconf 83' lang='lat' dir='ltr'><strong>infra</strong></span> <span class='ocrx_word' id='word_1_106' title='bbox 1745 1507 1944 1576; x_wconf 85' lang='lat' dir='ltr'><strong>terram</strong></span> 
     </span>
    </p>
   </div>
   <div class='ocr_carea' id='block_1_17' title="bbox 369 1603 1947 1681">
    <p class='ocr_par' dir='ltr' id='par_1_17' title="bbox 369 1603 1947 1681">
     <span class='ocr_line' id='line_1_17' title="bbox 369 1603 1947 1681; baseline 0.003 -17"><span class='ocrx_word' id='word_1_107' title='bbox 369 1619 518 1675; x_wconf 70' lang='lat' dir='ltr'><strong>stunt,</strong></span> <span class='ocrx_word' id='word_1_108' title='bbox 558 1612 716 1681; x_wconf 88' lang='lat' dir='ltr'><strong>quasi</strong></span> <span class='ocrx_word' id='word_1_109' title='bbox 747 1613 864 1667; x_wconf 64' lang='lat' dir='ltr'><strong>lure</strong></span> <span class='ocrx_word' id='word_1_110' title='bbox 894 1603 1026 1667; x_wconf 79' lang='lat' dir='ltr'><strong>insit</strong></span> <span class='ocrx_word' id='word_1_111' title='bbox 1073 1613 1126 1666; x_wconf 88' lang='lat' dir='ltr'><strong>in</strong></span> <span class='ocrx_word' id='word_1_112' title='bbox 1163 1613 1270 1669; x_wconf 88' lang='lat' dir='ltr'><strong>illis</strong></span> <span class='ocrx_word' id='word_1_113' title='bbox 1298 1615 1480 1668; x_wconf 81' lang='lat' dir='ltr'><strong>verbis</strong></span> <span class='ocrx_word' id='word_1_114' title='bbox 1509 1614 1822 1680; x_wconf 80' lang='lat' dir='ltr'><strong>sententia,-</strong></span> <span class='ocrx_word' id='word_1_115' title='bbox 1844 1612 1947 1668; x_wconf 88' lang='lat' dir='ltr'><strong>Ec-</strong></span> 
     </span>
    </p>
   </div>
   <div class='ocr_carea' id='block_1_18' title="bbox 369 1701 1946 1775">
    <p class='ocr_par' dir='ltr' id='par_1_18' title="bbox 369 1701 1946 1775">
     <span class='ocr_line' id='line_1_18' title="bbox 369 1701 1946 1775; baseline 0.001 -19"><span class='ocrx_word' id='word_1_116' title='bbox 369 1701 658 1756; x_wconf 86' lang='lat' dir='ltr'><strong>clesiasten</strong></span> <span class='ocrx_word' id='word_1_117' title='bbox 699 1703 910 1758; x_wconf 84' lang='lat' dir='ltr'><strong>scilicet</strong></span> <span class='ocrx_word' id='word_1_118' title='bbox 954 1718 1049 1760; x_wconf 85' lang='lat' dir='ltr'><strong>eos</strong></span> <span class='ocrx_word' id='word_1_119' title='bbox 1101 1704 1325 1775; x_wconf 82' lang='lat' dir='ltr'><strong>alloqui,</strong></span> <span class='ocrx_word' id='word_1_120' title='bbox 1361 1707 1451 1774; x_wconf 87' lang='lat' dir='ltr'><strong>qui</strong></span> <span class='ocrx_word' id='word_1_121' title='bbox 1499 1705 1800 1759; x_wconf 89' lang='lat' dir='ltr'><strong>etiamnum</strong></span> <span class='ocrx_word' id='word_1_122' title='bbox 1853 1721 1946 1760; x_wconf 89' lang='lat' dir='ltr'><strong>su-</strong></span> 
     </span>
    </p>
   </div>
   <div class='ocr_carea' id='block_1_19' title="bbox 367 1793 1944 1866">
    <p class='ocr_par' dir='ltr' id='par_1_19' title="bbox 367 1793 1944 1866">
     <span class='ocr_line' id='line_1_19' title="bbox 367 1793 1944 1866; baseline 0.003 -20"><span class='ocrx_word' id='word_1_123' title='bbox 367 1795 624 1861; x_wconf 87' lang='lat' dir='ltr'><strong>perstites</strong></span> <span class='ocrx_word' id='word_1_124' title='bbox 653 1793 796 1848; x_wconf 86' lang='lat' dir='ltr'><strong>hanc</strong></span> <span class='ocrx_word' id='word_1_125' title='bbox 833 1793 1027 1848; x_wconf 87' lang='lat' dir='ltr'><strong>vivunt</strong></span> <span class='ocrx_word' id='word_1_126' title='bbox 1080 1796 1246 1849; x_wconf 85' lang='lat' dir='ltr'><strong>vitam</strong></span> <span class='ocrx_word' id='word_1_127' title='bbox 1281 1813 1293 1850; x_wconf 90' lang='lat'>:</span> <span class='ocrx_word' id='word_1_128' title='bbox 1325 1795 1470 1865; x_wconf 91' lang='lat' dir='ltr'><strong>quod</strong></span> <span class='ocrx_word' id='word_1_129' title='bbox 1503 1795 1604 1866; x_wconf 82' lang='lat'><strong>13</strong></span> <span class='ocrx_word' id='word_1_130' title='bbox 1642 1795 1676 1848; x_wconf 90' lang='lat' dir='ltr'><strong>ii</strong></span> <span class='ocrx_word' id='word_1_131' title='bbox 1730 1805 1944 1851; x_wconf 84' lang='lat' dir='ltr'><strong>mutare</strong></span> 
     </span>
    </p>
   </div>
   <div class='ocr_carea' id='block_1_20' title="bbox 367 1886 1946 1956">
    <p class='ocr_par' dir='ltr' id='par_1_20' title="bbox 367 1886 1946 1956">
     <span class='ocr_line' id='line_1_20' title="bbox 367 1886 1946 1956; baseline 0.003 -18"><span class='ocrx_word' id='word_1_132' title='bbox 367 1900 571 1944; x_wconf 86' lang='lat' dir='ltr'><strong>mores.</strong></span> <span class='ocrx_word' id='word_1_133' title='bbox 600 1893 763 1954; x_wconf 87' lang='lat' dir='ltr'><strong>atque</strong></span> <span class='ocrx_word' id='word_1_134' title='bbox 790 1900 819 1940; x_wconf 90' lang='lat' dir='ltr'><strong>a</strong></span> <span class='ocrx_word' id='word_1_135' title='bbox 852 1886 1090 1956; x_wconf 87' lang='lat' dir='ltr'><strong>pessima</strong></span> <span class='ocrx_word' id='word_1_136' title='bbox 1115 1887 1241 1942; x_wconf 78' lang='lat' dir='ltr'><strong>vitae</strong></span> <span class='ocrx_word' id='word_1_137' title='bbox 1272 1889 1484 1942; x_wconf 85' lang='lat' dir='ltr'><strong>ratione</strong></span> <span class='ocrx_word' id='word_1_138' title='bbox 1507 1887 1572 1942; x_wconf 93' lang='lat' dir='ltr'><strong>ad</strong></span> <span class='ocrx_word' id='word_1_139' title='bbox 1598 1889 1798 1942; x_wconf 89' lang='lat' dir='ltr'><strong>bonam</strong></span> <span class='ocrx_word' id='word_1_140' title='bbox 1830 1886 1946 1942; x_wconf 83' lang='lat' dir='ltr'><strong>fru-</strong></span> 
     </span>
    </p>
   </div>
   <div class='ocr_carea' id='block_1_21' title="bbox 369 1975 1946 2055">
    <p class='ocr_par' dir='ltr' id='par_1_21' title="bbox 369 1975 1946 2055">
     <span class='ocr_line' id='line_1_21' title="bbox 369 1975 1946 2055; baseline 0 -23"><span class='ocrx_word' id='word_1_141' title='bbox 369 1992 491 2046; x_wconf 76' lang='lat' dir='ltr'><strong>gem</strong></span> <span class='ocrx_word' id='word_1_142' title='bbox 538 1975 829 2033; x_wconf 83' lang='lat' dir='ltr'><strong>redeuntes</strong></span> <span class='ocrx_word' id='word_1_143' title='bbox 877 1978 1205 2048; x_wconf 88' lang='lat' dir='ltr'><strong>resipiscere</strong></span> <span class='ocrx_word' id='word_1_144' title='bbox 1233 1977 1408 2055; x_wconf 75' lang='lat' dir='ltr'><strong>facile</strong></span> <span class='ocrx_word' id='word_1_145' title='bbox 1429 1979 1685 2048; x_wconf 85' lang='lat' dir='ltr'><strong>possint;</strong></span> <span class='ocrx_word' id='word_1_146' title='bbox 1737 1979 1946 2034; x_wconf 84' lang='lat' dir='ltr'><strong>illudsi</strong></span> 
     </span>
    </p>
   </div>
   <div class='ocr_carea' id='block_1_22' title="bbox 350 2067 1948 2140">
    <p class='ocr_par' dir='ltr' id='par_1_22' title="bbox 350 2067 1948 2140">
     <span class='ocr_line' id='line_1_22' title="bbox 350 2067 1948 2140; baseline 0.003 -19"><span class='ocrx_word' id='word_1_147' title='bbox 350 2067 511 2133; x_wconf 62' lang='lat' dir='ltr'><strong>forte</strong></span> <span class='ocrx_word' id='word_1_148' title='bbox 537 2069 722 2124; x_wconf 88' lang='lat' dir='ltr'><strong>animo</strong></span> <span class='ocrx_word' id='word_1_149' title='bbox 741 2069 1002 2140; x_wconf 76' lang='lat' dir='ltr'><strong>cogitent,</strong></span> <span class='ocrx_word' id='word_1_150' title='bbox 1023 2069 1126 2124; x_wconf 87' lang='lat' dir='ltr'><strong>sibi</strong></span> <span class='ocrx_word' id='word_1_151' title='bbox 1150 2084 1370 2140; x_wconf 88' lang='lat' dir='ltr'><strong>quoque</strong></span> <span class='ocrx_word' id='word_1_152' title='bbox 1396 2085 1712 2140; x_wconf 88' lang='lat' dir='ltr'><strong>supremum</strong></span> <span class='ocrx_word' id='word_1_153' title='bbox 1737 2073 1948 2126; x_wconf 86' lang='lat' dir='ltr'><strong>instare</strong></span> 
     </span>
    </p>
   </div>
   <div class='ocr_carea' id='block_1_23' title="bbox 368 2160 1974 2230">
    <p class='ocr_par' dir='ltr' id='par_1_23' title="bbox 368 2160 1974 2230">
     <span class='ocr_line' id='line_1_23' title="bbox 368 2160 1974 2230; baseline 0.001 -15"><span class='ocrx_word' id='word_1_154' title='bbox 368 2161 536 2224; x_wconf 87' lang='lat' dir='ltr'><strong>diem,</strong></span> <span class='ocrx_word' id='word_1_155' title='bbox 566 2174 665 2214; x_wconf 91' lang='lat' dir='ltr'><strong>nec</strong></span> <span class='ocrx_word' id='word_1_156' title='bbox 689 2175 750 2215; x_wconf 91' lang='lat' dir='ltr'><strong>se</strong></span> <span class='ocrx_word' id='word_1_157' title='bbox 783 2160 989 2226; x_wconf 89' lang='lat' dir='ltr'><strong>minus,</strong></span> <span class='ocrx_word' id='word_1_158' title='bbox 1027 2175 1189 2230; x_wconf 90' lang='lat' dir='ltr'><strong>quam</strong></span> <span class='ocrx_word' id='word_1_159' title='bbox 1230 2173 1458 2218; x_wconf 85' lang='lat' dir='ltr'><strong>caeteros</strong></span> <span class='ocrx_word' id='word_1_160' title='bbox 1495 2163 1664 2216; x_wconf 88' lang='lat' dir='ltr'><strong>morti</strong></span> <span class='ocrx_word' id='word_1_161' title='bbox 1697 2177 1820 2218; x_wconf 83' lang='lat' dir='ltr'><strong>esse</strong></span> <span class='ocrx_word' id='word_1_162' title='bbox 1847 2163 1974 2217; x_wconf 12' lang='lat' dir='ltr'><strong>de-e</strong></span> 
     </span>
    </p>
   </div>
   <div class='ocr_carea' id='block_1_24' title="bbox 365 2253 1950 2326">
    <p class='ocr_par' dir='ltr' id='par_1_24' title="bbox 365 2253 1950 2326">
     <span class='ocr_line' id='line_1_24' title="bbox 365 2253 1950 2326; baseline 0.004 -22"><span class='ocrx_word' id='word_1_163' title='bbox 365 2262 526 2310; x_wconf 79' lang='lat' dir='ltr'><strong>votos</strong></span> <span class='ocrx_word' id='word_1_164' title='bbox 558 2270 573 2308; x_wconf 90' lang='lat'><strong>:</strong></span> <span class='ocrx_word' id='word_1_165' title='bbox 593 2253 841 2325; x_wconf 85' lang='lat' dir='ltr'><strong>jamque,</strong></span> <span class='ocrx_word' id='word_1_166' title='bbox 889 2255 942 2308; x_wconf 89' lang='lat' dir='ltr'><strong>in</strong></span> <span class='ocrx_word' id='word_1_167' title='bbox 975 2255 1331 2311; x_wconf 87' lang='lat' dir='ltr'><strong>mortalitatis</strong></span> <span class='ocrx_word' id='word_1_168' title='bbox 1353 2271 1468 2313; x_wconf 72' lang='lat' dir='ltr'><strong>suae</strong></span> <span class='ocrx_word' id='word_1_169' title='bbox 1495 2254 1830 2326; x_wconf 76' lang='lat' dir='ltr'><strong>cogitatione</strong></span> <span class='ocrx_word' id='word_1_170' title='bbox 1855 2254 1950 2310; x_wconf 86' lang='lat' dir='ltr'><strong>de-</strong></span> 
     </span>
    </p>
   </div>
   <div class='ocr_carea' id='block_1_25' title="bbox 365 2344 1946 2420">
    <p class='ocr_par' dir='ltr' id='par_1_25' title="bbox 365 2344 1946 2420">
     <span class='ocr_line' id='line_1_25' title="bbox 365 2344 1946 2420; baseline 0.001 -19"><span class='ocrx_word' id='word_1_171' title='bbox 365 2345 482 2408; x_wconf 81' lang='lat' dir='ltr'><strong>ﬁxi,</strong></span> <span class='ocrx_word' id='word_1_172' title='bbox 517 2344 798 2414; x_wconf 66' lang='lat' dir='ltr'><strong>ﬂagitiosae</strong></span> <span class='ocrx_word' id='word_1_173' title='bbox 817 2346 1055 2417; x_wconf 89' lang='lat' dir='ltr'><strong>denique</strong></span> <span class='ocrx_word' id='word_1_174' title='bbox 1077 2347 1203 2402; x_wconf 83' lang='lat' dir='ltr'><strong>vitae</strong></span> <span class='ocrx_word' id='word_1_175' title='bbox 1239 2347 1534 2420; x_wconf 77' lang='lat' dir='ltr'><strong>pravisque</strong></span> <span class='ocrx_word' id='word_1_176' title='bbox 1558 2347 1806 2403; x_wconf 88' lang='lat' dir='ltr'><strong>moribus</strong></span> <span class='ocrx_word' id='word_1_177' title='bbox 1826 2361 1946 2402; x_wconf 84' lang='lat' dir='ltr'><strong>mo-</strong></span> 
     </span>
    </p>
   </div>
   <div class='ocr_carea' id='block_1_26' title="bbox 369 2435 758 2506">
    <p class='ocr_par' dir='ltr' id='par_1_26' title="bbox 369 2435 758 2506">
     <span class='ocr_line' id='line_1_26' title="bbox 369 2435 758 2506; baseline -0.003 -16"><span class='ocrx_word' id='word_1_178' title='bbox 369 2435 501 2490; x_wconf 88' lang='lat' dir='ltr'><strong>dum</strong></span> <span class='ocrx_word' id='word_1_179' title='bbox 534 2444 758 2506; x_wconf 69' lang='lat' dir='ltr'><strong>ponant.</strong></span> 
     </span>
    </p>
   </div>
   <div class='ocr_carea' id='block_1_27' title="bbox 443 2612 1950 2683">
    <p class='ocr_par' dir='ltr' id='par_1_27' title="bbox 443 2612 1950 2683">
     <span class='ocr_line' id='line_1_27' title="bbox 443 2612 1950 2683; baseline -0.002 -15"><span class='ocrx_word' id='word_1_180' title='bbox 443 2612 713 2668; x_wconf 68' lang='lat' dir='ltr'><strong>Caeterum</strong></span> <span class='ocrx_word' id='word_1_181' title='bbox 741 2628 864 2683; x_wconf 86' lang='lat' dir='ltr'><strong>quae</strong></span> <span class='ocrx_word' id='word_1_182' title='bbox 891 2613 1156 2670; x_wconf 90' lang='lat' dir='ltr'><strong>hactenus</strong></span> <span class='ocrx_word' id='word_1_183' title='bbox 1186 2613 1331 2670; x_wconf 88' lang='lat' dir='ltr'><strong>dicta</strong></span> <span class='ocrx_word' id='word_1_184' title='bbox 1361 2624 1507 2680; x_wconf 85' lang='lat' dir='ltr'><strong>sunt,</strong></span> <span class='ocrx_word' id='word_1_185' title='bbox 1557 2628 1747 2670; x_wconf 84' lang='lat' dir='ltr'><strong>ansam</strong></span> <span class='ocrx_word' id='word_1_186' title='bbox 1786 2614 1950 2669; x_wconf 78' lang='lat' dir='ltr'><strong>alicui</strong></span> 
     </span>
    </p>
   </div>
   <div class='ocr_carea' id='block_1_28' title="bbox 371 2705 1952 2777">
    <p class='ocr_par' dir='ltr' id='par_1_28' title="bbox 371 2705 1952 2777">
     <span class='ocr_line' id='line_1_28' title="bbox 371 2705 1952 2777; baseline 0.001 -20"><span class='ocrx_word' id='word_1_187' title='bbox 371 2705 647 2775; x_wconf 79' lang='lat' dir='ltr'><strong>pra-beant</strong></span> <span class='ocrx_word' id='word_1_188' title='bbox 675 2705 1006 2777; x_wconf 78' lang='lat' dir='ltr'><strong>ambigendi,</strong></span> <span class='ocrx_word' id='word_1_189' title='bbox 1040 2707 1450 2775; x_wconf 64' lang='lat' dir='ltr'><strong>quaerendique,</strong></span> <span class='ocrx_word' id='word_1_190' title='bbox 1503 2721 1741 2776; x_wconf 90' lang='lat' dir='ltr'><strong>quonam</strong></span> <span class='ocrx_word' id='word_1_191' title='bbox 1790 2714 1952 2776; x_wconf 81' lang='lat' dir='ltr'><strong>parto</strong></span> 
     </span>
    </p>
   </div>
   <div class='ocr_carea' id='block_1_29' title="bbox 373 2795 1950 2868">
    <p class='ocr_par' dir='ltr' id='par_1_29' title="bbox 373 2795 1950 2868">
     <span class='ocr_line' id='line_1_29' title="bbox 373 2795 1950 2868; baseline 0.001 -19"><span class='ocrx_word' id='word_1_192' title='bbox 373 2795 754 2857; x_wconf 54' lang='lat' dir='ltr'><strong>Ecl-Iesiastes,</strong></span> <span class='ocrx_word' id='word_1_193' title='bbox 779 2795 872 2865; x_wconf 86' lang='lat' dir='ltr'><strong>qui</strong></span> <span class='ocrx_word' id='word_1_194' title='bbox 923 2795 1208 2850; x_wconf 90' lang='lat' dir='ltr'><strong>hominum</strong></span> <span class='ocrx_word' id='word_1_195' title='bbox 1247 2797 1628 2866; x_wconf 87' lang='lat' dir='ltr'><strong>improborum</strong></span> <span class='ocrx_word' id='word_1_196' title='bbox 1664 2799 1950 2868; x_wconf 71' lang='lat' dir='ltr'><strong>perVersas</strong></span> 
     </span>
    </p>
   </div>
   <div class='ocr_carea' id='block_1_30' title="bbox 375 2887 1951 2961">
    <p class='ocr_par' dir='ltr' id='par_1_30' title="bbox 375 2887 1951 2961">
     <span class='ocr_line' id='line_1_30' title="bbox 375 2887 1951 2961; baseline 0.004 -23"><span class='ocrx_word' id='word_1_197' title='bbox 375 2888 498 2941; x_wconf 79' lang='lat' dir='ltr'><strong>vitae</strong></span> <span class='ocrx_word' id='word_1_198' title='bbox 531 2887 772 2946; x_wconf 85' lang='lat' dir='ltr'><strong>rationes</strong></span> <span class='ocrx_word' id='word_1_199' title='bbox 803 2896 858 2942; x_wconf 90' lang='lat' dir='ltr'><strong>et</strong></span> <span class='ocrx_word' id='word_1_200' title='bbox 885 2903 1050 2960; x_wconf 73' lang='lat' dir='ltr'><strong>prava</strong></span> <span class='ocrx_word' id='word_1_201' title='bbox 1071 2887 1214 2943; x_wconf 82' lang='lat' dir='ltr'><strong>facta</strong></span> <span class='ocrx_word' id='word_1_202' title='bbox 1235 2889 1488 2958; x_wconf 79' lang='lat' dir='ltr'><strong>detegere</strong></span> <span class='ocrx_word' id='word_1_203' title='bbox 1515 2889 1620 2945; x_wconf 88' lang='lat' dir='ltr'><strong>sibi</strong></span> <span class='ocrx_word' id='word_1_204' title='bbox 1651 2903 1951 2961; x_wconf 83' lang='lat' dir='ltr'><strong>proposue-</strong></span> 
     </span>
    </p>
   </div>
   <div class='ocr_carea' id='block_1_31' title="bbox 372 2976 1950 3049">
    <p class='ocr_par' dir='ltr' id='par_1_31' title="bbox 372 2976 1950 3049">
     <span class='ocr_line' id='line_1_31' title="bbox 372 2976 1950 3049; baseline 0.001 -19"><span class='ocrx_word' id='word_1_205' title='bbox 372 2978 465 3041; x_wconf 85' lang='lat' dir='ltr'><strong>rit,</strong></span> <span class='ocrx_word' id='word_1_206' title='bbox 499 2977 638 3031; x_wconf 86' lang='lat' dir='ltr'><strong>nihil</strong></span> <span class='ocrx_word' id='word_1_207' title='bbox 657 2976 804 3032; x_wconf 88' lang='lat' dir='ltr'><strong>aliud</strong></span> <span class='ocrx_word' id='word_1_208' title='bbox 834 2977 1292 3049; x_wconf 81' lang='lat' dir='ltr'><strong>pronuntiaverit,</strong></span> <span class='ocrx_word' id='word_1_209' title='bbox 1333 2993 1496 3047; x_wconf 89' lang='lat' dir='ltr'><strong>quam</strong></span> <span class='ocrx_word' id='word_1_210' title='bbox 1544 2997 1563 3030; x_wconf 84' lang='grc' dir='ltr'><strong>ι</strong></span> <span class='ocrx_word' id='word_1_211' title='bbox 1603 2977 1827 3034; x_wconf 82' lang='lat' dir='ltr'><strong>Vanitas</strong></span> <span class='ocrx_word' id='word_1_212' title='bbox 1855 2994 1950 3032; x_wconf 77' lang='lat' dir='ltr'><strong>va-</strong></span> 
     </span>
    </p>
   </div>
   <div class='ocr_carea' id='block_1_32' title="bbox 373 3069 2024 3160">
    <p class='ocr_par' dir='ltr' id='par_1_32' title="bbox 373 3069 2024 3160">
     <span class='ocr_line' id='line_1_32' title="bbox 373 3069 2024 3160; baseline 0.001 -38"><span class='ocrx_word' id='word_1_213' title='bbox 373 3069 632 3134; x_wconf 87' lang='lat' dir='ltr'><strong>nitatum,</strong></span> <span class='ocrx_word' id='word_1_214' title='bbox 655 3069 838 3124; x_wconf 85' lang='lat' dir='ltr'><strong>omnia</strong></span> <span class='ocrx_word' id='word_1_215' title='bbox 867 3069 1118 3124; x_wconf 84' lang='lat' dir='ltr'><strong>vanitas?</strong></span> <span class='ocrx_word' id='word_1_216' title='bbox 1157 3089 1175 3120; x_wconf 80' lang='grc'>›</span> <span class='ocrx_word' id='word_1_217' title='bbox 1207 3084 1332 3127; x_wconf 86' lang='lat' dir='ltr'><strong>nam</strong></span> <span class='ocrx_word' id='word_1_218' title='bbox 1357 3069 1405 3124; x_wconf 83' lang='lat' dir='ltr'><strong>si</strong></span> <span class='ocrx_word' id='word_1_219' title='bbox 1438 3071 1651 3125; x_wconf 79' lang='lat' dir='ltr'><strong>vanitas</strong></span> <span class='ocrx_word' id='word_1_220' title='bbox 1685 3081 1837 3131; x_wconf 83' lang='lat' dir='ltr'><strong>sum,</strong></span> <span class='ocrx_word' id='word_1_221' title='bbox 1891 3079 1952 3124; x_wconf 91' lang='lat' dir='ltr'><strong>ut</strong></span> <span class='ocrx_word' id='word_1_222' title='bbox 1978 3101 2024 3160; x_wconf 69' lang='grc' dir='ltr'>α</span> 
     </span>
    </p>
   </div>
   <div class='ocr_carea' id='block_1_33' title="bbox 368 3161 1954 3238">
    <p class='ocr_par' dir='ltr' id='par_1_33' title="bbox 368 3161 1954 3238">
     <span class='ocr_line' id='line_1_33' title="bbox 368 3161 1954 3238; baseline 0 -22"><span class='ocrx_word' id='word_1_223' title='bbox 368 3163 483 3232; x_wconf 86' lang='lat' dir='ltr'><strong>jam</strong></span> <span class='ocrx_word' id='word_1_224' title='bbox 515 3161 774 3227; x_wconf 82' lang='lat' dir='ltr'><strong>diximus,</strong></span> <span class='ocrx_word' id='word_1_225' title='bbox 793 3163 907 3238; x_wconf 85' lang='lat' dir='ltr'><strong>sive</strong></span> <span class='ocrx_word' id='word_1_226' title='bbox 923 3161 1087 3228; x_wconf 78' lang='lat' dir='ltr'><strong>facta,</strong></span> <span class='ocrx_word' id='word_1_227' title='bbox 1117 3163 1231 3217; x_wconf 89' lang='lat' dir='ltr'><strong>sive</strong></span> <span class='ocrx_word' id='word_1_228' title='bbox 1247 3161 1414 3226; x_wconf 88' lang='lat' dir='ltr'><strong>dicta,</strong></span> <span class='ocrx_word' id='word_1_229' title='bbox 1450 3162 1564 3216; x_wconf 88' lang='lat' dir='ltr'><strong>sive</strong></span> <span class='ocrx_word' id='word_1_230' title='bbox 1596 3161 1954 3232; x_wconf 72' lang='lat' dir='ltr'><strong>cogitationes</strong></span> 
     </span>
    </p>
   </div>
   <div class='ocr_carea' id='block_1_34' title="bbox 373 3253 1957 3328">
    <p class='ocr_par' dir='ltr' id='par_1_34' title="bbox 373 3253 1957 3328">
     <span class='ocr_line' id='line_1_34' title="bbox 373 3253 1957 3328; baseline -0.001 -20"><span class='ocrx_word' id='word_1_231' title='bbox 373 3269 716 3328; x_wconf 66' lang='lat' dir='ltr'><strong>quiecunque</strong></span> <span class='ocrx_word' id='word_1_232' title='bbox 743 3253 947 3309; x_wconf 89' lang='lat' dir='ltr'><strong>nullam</strong></span> <span class='ocrx_word' id='word_1_233' title='bbox 997 3253 1201 3314; x_wconf 86' lang='lat' dir='ltr'><strong>habent</strong></span> <span class='ocrx_word' id='word_1_234' title='bbox 1250 3253 1538 3308; x_wconf 88' lang='lat' dir='ltr'><strong>utilitatem</strong></span> <span class='ocrx_word' id='word_1_235' title='bbox 1575 3267 1590 3306; x_wconf 91' lang='lat'><strong>:</strong></span> <span class='ocrx_word' id='word_1_236' title='bbox 1621 3269 1746 3309; x_wconf 84' lang='lat' dir='ltr'><strong>cum</strong></span> <span class='ocrx_word' id='word_1_237' title='bbox 1794 3269 1957 3308; x_wconf 89' lang='lat' dir='ltr'><strong>omne</strong></span> 
     </span>
    </p>
   </div>
   <div class='ocr_carea' id='block_1_35' title="bbox 377 3343 1954 3415">
    <p class='ocr_par' dir='ltr' id='par_1_35' title="bbox 377 3343 1954 3415">
     <span class='ocr_line' id='line_1_35' title="bbox 377 3343 1954 3415; baseline -0.001 -18"><span class='ocrx_word' id='word_1_238' title='bbox 377 3344 768 3412; x_wconf 85' lang='lat' dir='ltr'><strong>improbitalis,</strong></span> <span class='ocrx_word' id='word_1_239' title='bbox 808 3343 1175 3415; x_wconf 54' lang='lat' dir='ltr'><strong>nequitia’que</strong></span> <span class='ocrx_word' id='word_1_240' title='bbox 1226 3352 1282 3397; x_wconf 90' lang='lat' dir='ltr'><strong>et</strong></span> <span class='ocrx_word' id='word_1_241' title='bbox 1333 3343 1558 3413; x_wconf 82' lang='lat' dir='ltr'><strong>malitiae</strong></span> <span class='ocrx_word' id='word_1_242' title='bbox 1615 3359 1791 3414; x_wconf 80' lang='lat' dir='ltr'><strong>genus</strong></span> <span class='ocrx_word' id='word_1_243' title='bbox 1845 3359 1954 3398; x_wconf 90' lang='lat' dir='ltr'><strong>non</strong></span> 
     </span>
    </p>
   </div>
   <div class='ocr_carea' id='block_1_36' title="bbox 379 3437 1954 3504">
    <p class='ocr_par' dir='ltr' id='par_1_36' title="bbox 379 3437 1954 3504">
     <span class='ocr_line' id='line_1_36' title="bbox 379 3437 1954 3504; baseline 0 -12"><span class='ocrx_word' id='word_1_244' title='bbox 379 3438 546 3492; x_wconf 84' lang='lat' dir='ltr'><strong>modo</strong></span> <span class='ocrx_word' id='word_1_245' title='bbox 579 3437 786 3493; x_wconf 91' lang='lat' dir='ltr'><strong>nullum</strong></span> <span class='ocrx_word' id='word_1_246' title='bbox 819 3439 1160 3493; x_wconf 85' lang='lat' dir='ltr'><strong>amatoribus</strong></span> <span class='ocrx_word' id='word_1_247' title='bbox 1193 3438 1308 3494; x_wconf 83' lang='lat' dir='ltr'><strong>suis</strong></span> <span class='ocrx_word' id='word_1_248' title='bbox 1334 3437 1526 3493; x_wconf 73' lang='lat' dir='ltr'><strong>afferat</strong></span> <span class='ocrx_word' id='word_1_249' title='bbox 1581 3438 1954 3504; x_wconf 87' lang='lat' dir='ltr'><strong>commodum,</strong></span> 
     </span>
    </p>
   </div>
   <div class='ocr_carea' id='block_1_37' title="bbox 379 3529 1960 3598">
    <p class='ocr_par' dir='ltr' id='par_1_37' title="bbox 379 3529 1960 3598">
     <span class='ocr_line' id='line_1_37' title="bbox 379 3529 1960 3598; baseline 0 -14"><span class='ocrx_word' id='word_1_250' title='bbox 379 3531 471 3584; x_wconf 87' lang='lat' dir='ltr'><strong>sed</strong></span> <span class='ocrx_word' id='word_1_251' title='bbox 500 3529 664 3584; x_wconf 85' lang='lat' dir='ltr'><strong>etiam</strong></span> <span class='ocrx_word' id='word_1_252' title='bbox 689 3529 760 3584; x_wconf 89' lang='lat' dir='ltr'><strong>ad</strong></span> <span class='ocrx_word' id='word_1_253' title='bbox 787 3539 988 3586; x_wconf 67' lang='lat' dir='ltr'><strong>aeterna</strong></span> <span class='ocrx_word' id='word_1_254' title='bbox 1015 3529 1136 3584; x_wconf 85' lang='lat' dir='ltr'><strong>illos</strong></span> <span class='ocrx_word' id='word_1_255' title='bbox 1158 3529 1424 3598; x_wconf 87' lang='lat' dir='ltr'><strong>supplicia</strong></span> <span class='ocrx_word' id='word_1_256' title='bbox 1453 3530 1818 3596; x_wconf 85' lang='lat' dir='ltr'><strong>transmittat;</strong></span> <span class='ocrx_word' id='word_1_257' title='bbox 1860 3545 1960 3584; x_wconf 90' lang='lat' dir='ltr'><strong>cur</strong></span> 
     </span>
    </p>
   </div>
   <div class='ocr_carea' id='block_1_38' title="bbox 379 3620 1954 3691">
    <p class='ocr_par' dir='ltr' id='par_1_38' title="bbox 379 3620 1954 3691">
     <span class='ocr_line' id='line_1_38' title="bbox 379 3620 1954 3691; baseline -0.002 -15"><span class='ocrx_word' id='word_1_258' title='bbox 379 3637 488 3676; x_wconf 84' lang='lat' dir='ltr'><strong>neu</strong></span> <span class='ocrx_word' id='word_1_259' title='bbox 512 3621 662 3676; x_wconf 87' lang='lat' dir='ltr'><strong>aliud</strong></span> <span class='ocrx_word' id='word_1_260' title='bbox 697 3621 782 3676; x_wconf 89' lang='lat' dir='ltr'><strong>his</strong></span> <span class='ocrx_word' id='word_1_261' title='bbox 815 3637 1016 3676; x_wconf 89' lang='lat' dir='ltr'><strong>nomen</strong></span> <span class='ocrx_word' id='word_1_262' title='bbox 1047 3622 1116 3675; x_wconf 91' lang='lat' dir='ltr'><strong>ab</strong></span> <span class='ocrx_word' id='word_1_263' title='bbox 1149 3620 1480 3676; x_wconf 87' lang='lat' dir='ltr'><strong>Ecclesiaste</strong></span> <span class='ocrx_word' id='word_1_264' title='bbox 1509 3621 1822 3691; x_wconf 88' lang='lat' dir='ltr'><strong>impositum</strong></span> <span class='ocrx_word' id='word_1_265' title='bbox 1849 3630 1954 3684; x_wconf 89' lang='lat' dir='ltr'><strong>est,</strong></span> 
     </span>
    </p>
   </div>
   <div class='ocr_carea' id='block_1_39' title="bbox 379 3712 1957 3783">
    <p class='ocr_par' dir='ltr' id='par_1_39' title="bbox 379 3712 1957 3783">
     <span class='ocr_line' id='line_1_39' title="bbox 379 3712 1957 3783; baseline -0.001 -15"><span class='ocrx_word' id='word_1_266' title='bbox 379 3714 487 3769; x_wconf 87' lang='lat' dir='ltr'><strong>nisi</strong></span> <span class='ocrx_word' id='word_1_267' title='bbox 552 3713 800 3768; x_wconf 81' lang='lat' dir='ltr'><strong>vanitas?</strong></span> <span class='ocrx_word' id='word_1_268' title='bbox 849 3713 1088 3783; x_wconf 85' lang='lat' dir='ltr'><strong>optabile</strong></span> <span class='ocrx_word' id='word_1_269' title='bbox 1125 3712 1268 3766; x_wconf 90' lang='lat' dir='ltr'><strong>enim</strong></span> <span class='ocrx_word' id='word_1_270' title='bbox 1307 3724 1424 3767; x_wconf 89' lang='lat' dir='ltr'><strong>erat</strong></span> <span class='ocrx_word' id='word_1_271' title='bbox 1458 3713 1600 3780; x_wconf 90' lang='lat' dir='ltr'><strong>istis,</strong></span> <span class='ocrx_word' id='word_1_272' title='bbox 1633 3714 1726 3782; x_wconf 87' lang='lat' dir='ltr'><strong>qui</strong></span> <span class='ocrx_word' id='word_1_273' title='bbox 1775 3713 1868 3768; x_wconf 92' lang='lat' dir='ltr'><strong>diu</strong></span> <span class='ocrx_word' id='word_1_274' title='bbox 1901 3714 1957 3767; x_wconf 93' lang='lat' dir='ltr'><strong>in</strong></span> 
     </span>
    </p>
   </div>
   <div class='ocr_carea' id='block_1_40' title="bbox 379 3805 1955 3876">
    <p class='ocr_par' dir='ltr' id='par_1_40' title="bbox 379 3805 1955 3876">
     <span class='ocr_line' id='line_1_40' title="bbox 379 3805 1955 3876; baseline 0.001 -17"><span class='ocrx_word' id='word_1_275' title='bbox 379 3805 612 3876; x_wconf 87' lang='lat' dir='ltr'><strong>rapinis,</strong></span> <span class='ocrx_word' id='word_1_276' title='bbox 646 3805 702 3860; x_wconf 88' lang='lat' dir='ltr'><strong>in</strong></span> <span class='ocrx_word' id='word_1_277' title='bbox 731 3806 982 3872; x_wconf 79' lang='lat' dir='ltr'><strong>avaritia,</strong></span> <span class='ocrx_word' id='word_1_278' title='bbox 1015 3806 1069 3859; x_wconf 93' lang='lat' dir='ltr'><strong>in</strong></span> <span class='ocrx_word' id='word_1_279' title='bbox 1101 3805 1668 3872; x_wconf 86' lang='lat' dir='ltr'><strong>criminationibus,in</strong></span> <span class='ocrx_word' id='word_1_280' title='bbox 1694 3806 1955 3876; x_wconf 75' lang='lat' dir='ltr'><strong>ingluvie,</strong></span> 
     </span>
    </p>
   </div>
   <div class='ocr_carea' id='block_1_41' title="bbox 385 3895 1957 3968">
    <p class='ocr_par' dir='ltr' id='par_1_41' title="bbox 385 3895 1957 3968">
     <span class='ocr_line' id='line_1_41' title="bbox 385 3895 1957 3968; baseline 0 -16"><span class='ocrx_word' id='word_1_281' title='bbox 385 3899 439 3952; x_wconf 89' lang='lat' dir='ltr'><strong>in</strong></span> <span class='ocrx_word' id='word_1_282' title='bbox 473 3899 763 3963; x_wconf 85' lang='lat' dir='ltr'><strong>ebrietate,</strong></span> <span class='ocrx_word' id='word_1_283' title='bbox 815 3898 870 3952; x_wconf 90' lang='lat' dir='ltr'><strong>in</strong></span> <span class='ocrx_word' id='word_1_284' title='bbox 905 3897 1150 3967; x_wconf 81' lang='lat' dir='ltr'><strong>crapula,</strong></span> <span class='ocrx_word' id='word_1_285' title='bbox 1204 3898 1259 3951; x_wconf 89' lang='lat' dir='ltr'><strong>in</strong></span> <span class='ocrx_word' id='word_1_286' title='bbox 1295 3896 1422 3952; x_wconf 84' lang='lat' dir='ltr'><strong>aliis</strong></span> <span class='ocrx_word' id='word_1_287' title='bbox 1452 3895 1708 3952; x_wconf 88' lang='lat' dir='ltr'><strong>omnibus</strong></span> <span class='ocrx_word' id='word_1_288' title='bbox 1736 3896 1957 3968; x_wconf 80' lang='lat' dir='ltr'><strong>ﬂagitiis</strong></span> 
     </span>
    </p>
   </div>
   <div class='ocr_carea' id='block_1_42' title="bbox 381 3971 1958 4058">
    <p class='ocr_par' dir='ltr' id='par_1_42' title="bbox 381 3971 1958 4058">
     <span class='ocr_line' id='line_1_42' title="bbox 381 3971 1958 4058; baseline -0.001 -14"><span class='ocrx_word' id='word_1_289' title='bbox 381 3991 582 4048; x_wconf 83' lang='lat' dir='ltr'><strong>versati</strong></span> <span class='ocrx_word' id='word_1_290' title='bbox 613 3999 820 4054; x_wconf 83' lang='lat' dir='ltr'><strong>essent,</strong></span> <span class='ocrx_word' id='word_1_291' title='bbox 848 3991 1143 4044; x_wconf 78' lang='lat' dir='ltr'><strong>vanitatem</strong></span> <span class='ocrx_word' id='word_1_292' title='bbox 1178 4004 1366 4044; x_wconf 90' lang='lat' dir='ltr'><strong>eorum</strong></span> <span class='ocrx_word' id='word_1_293' title='bbox 1421 3971 1555 4044; x_wconf 75' lang='lat' dir='ltr'><strong>solis</strong></span> <span class='ocrx_word' id='word_1_294' title='bbox 1599 4003 1826 4058; x_wconf 87' lang='lat' dir='ltr'><strong>operum</strong></span> <span class='ocrx_word' id='word_1_295' title='bbox 1859 4004 1958 4043; x_wconf 89' lang='lat' dir='ltr'><strong>eu-</strong></span> 
     </span>
    </p>
   </div>
   <div class='ocr_carea' id='block_1_43' title="bbox 377 4075 1956 4150">
    <p class='ocr_par' dir='ltr' id='par_1_43' title="bbox 377 4075 1956 4150">
     <span class='ocr_line' id='line_1_43' title="bbox 377 4075 1956 4150; baseline -0.004 -15"><span class='ocrx_word' id='word_1_296' title='bbox 377 4081 579 4150; x_wconf 79' lang='lat' dir='ltr'><strong>jusque</strong></span> <span class='ocrx_word' id='word_1_297' title='bbox 602 4079 853 4134; x_wconf 89' lang='lat' dir='ltr'><strong>terminis</strong></span> <span class='ocrx_word' id='word_1_298' title='bbox 883 4079 1160 4134; x_wconf 81' lang='lat' dir='ltr'><strong>deﬁnitam</strong></span> <span class='ocrx_word' id='word_1_299' title='bbox 1184 4092 1248 4130; x_wconf 90' lang='lat' dir='ltr'><strong>ac</strong></span> <span class='ocrx_word' id='word_1_300' title='bbox 1292 4075 1766 4144; x_wconf 84' lang='lat' dir='ltr'><strong>circumscriptam</strong></span> <span class='ocrx_word' id='word_1_301' title='bbox 1795 4089 1917 4130; x_wconf 90' lang='lat' dir='ltr'><strong>esse</strong></span> <span class='ocrx_word' id='word_1_302' title='bbox 1941 4092 1956 4141; x_wconf 91' lang='lat'><strong>;</strong></span> 
     </span>
    </p>
   </div>
   <div class='ocr_carea' id='block_1_44' title="bbox 380 4165 1954 4239">
    <p class='ocr_par' dir='ltr' id='par_1_44' title="bbox 380 4165 1954 4239">
     <span class='ocr_line' id='line_1_44' title="bbox 380 4165 1954 4239; baseline -0.006 -11"><span class='ocrx_word' id='word_1_303' title='bbox 380 4186 452 4228; x_wconf 89' lang='lat' dir='ltr'><strong>ne</strong></span> <span class='ocrx_word' id='word_1_304' title='bbox 473 4187 596 4227; x_wconf 87' lang='lat' dir='ltr'><strong>cum</strong></span> <span class='ocrx_word' id='word_1_305' title='bbox 627 4170 696 4226; x_wconf 90' lang='lat' dir='ltr'><strong>iis</strong></span> <span class='ocrx_word' id='word_1_306' title='bbox 715 4171 780 4226; x_wconf 91' lang='lat' dir='ltr'><strong>ad</strong></span> <span class='ocrx_word' id='word_1_307' title='bbox 815 4171 962 4224; x_wconf 87' lang='lat' dir='ltr'><strong>illam</strong></span> <span class='ocrx_word' id='word_1_308' title='bbox 991 4183 1211 4239; x_wconf 87' lang='lat' dir='ltr'><strong>quoque</strong></span> <span class='ocrx_word' id='word_1_309' title='bbox 1229 4175 1392 4223; x_wconf 77' lang='lat' dir='ltr'><strong>Vitam</strong></span> <span class='ocrx_word' id='word_1_310' title='bbox 1418 4165 1652 4222; x_wconf 86' lang='lat' dir='ltr'><strong>transire</strong></span> <span class='ocrx_word' id='word_1_311' title='bbox 1673 4165 1954 4232; x_wconf 85' lang='lat' dir='ltr'><strong>deberent,</strong></span> 
     </span>
    </p>
   </div>
   <div class='ocr_carea' id='block_1_45' title="bbox 383 4256 1958 4334">
    <p class='ocr_par' dir='ltr' id='par_1_45' title="bbox 383 4256 1958 4334">
     <span class='ocr_line' id='line_1_45' title="bbox 383 4256 1958 4334; baseline -0.004 -16"><span class='ocrx_word' id='word_1_312' title='bbox 383 4265 438 4318; x_wconf 91' lang='lat' dir='ltr'><strong>in</strong></span> <span class='ocrx_word' id='word_1_313' title='bbox 465 4279 574 4334; x_wconf 88' lang='lat' dir='ltr'><strong>qua</strong></span> <span class='ocrx_word' id='word_1_314' title='bbox 598 4261 973 4333; x_wconf 76' lang='lat' dir='ltr'><strong>justusjudex</strong></span> <span class='ocrx_word' id='word_1_315' title='bbox 1008 4260 1076 4315; x_wconf 91' lang='lat' dir='ltr'><strong>de</strong></span> <span class='ocrx_word' id='word_1_316' title='bbox 1103 4258 1373 4322; x_wconf 89' lang='lat' dir='ltr'><strong>omnium,</strong></span> <span class='ocrx_word' id='word_1_317' title='bbox 1413 4257 1508 4328; x_wconf 90' lang='lat' dir='ltr'><strong>qui</strong></span> <span class='ocrx_word' id='word_1_318' title='bbox 1549 4258 1662 4313; x_wconf 80' lang='lat' dir='ltr'><strong>vita</strong></span> <span class='ocrx_word' id='word_1_319' title='bbox 1713 4256 1958 4313; x_wconf 72' lang='lat' dir='ltr'><strong>defuncti</strong></span> 
     </span>
    </p>
   </div>
   <div class='ocr_carea' id='block_1_46' title="bbox 383 4349 1959 4426">
    <p class='ocr_par' dir='ltr' id='par_1_46' title="bbox 383 4349 1959 4426">
     <span class='ocr_line' id='line_1_46' title="bbox 383 4349 1959 4426; baseline -0.005 -14"><span class='ocrx_word' id='word_1_320' title='bbox 383 4359 514 4424; x_wconf 89' lang='lat' dir='ltr'><strong>sint,</strong></span> <span class='ocrx_word' id='word_1_321' title='bbox 557 4357 770 4426; x_wconf 87' lang='lat' dir='ltr'><strong>meritis</strong></span> <span class='ocrx_word' id='word_1_322' title='bbox 798 4364 882 4410; x_wconf 91' lang='lat' dir='ltr'><strong>est</strong></span> <span class='ocrx_word' id='word_1_323' title='bbox 919 4353 1264 4423; x_wconf 86' lang='lat' dir='ltr'><strong>cogniturus.</strong></span> <span class='ocrx_word' id='word_1_324' title='bbox 1296 4349 1584 4418; x_wconf 87' lang='lat' dir='ltr'><strong>Quomodo</strong></span> <span class='ocrx_word' id='word_1_325' title='bbox 1623 4349 1788 4421; x_wconf 81' lang='lat' dir='ltr'><strong>igitur</strong></span> <span class='ocrx_word' id='word_1_326' title='bbox 1836 4362 1959 4420; x_wconf 71' lang='lat' dir='ltr'><strong>qua:</strong></span> 
     </span>
    </p>
   </div>
   <div class='ocr_carea' id='block_1_47' title="bbox 382 4445 1960 4521">
    <p class='ocr_par' dir='ltr' id='par_1_47' title="bbox 382 4445 1960 4521">
     <span class='ocr_line' id='line_1_47' title="bbox 382 4445 1960 4521; baseline -0.006 -15"><span class='ocrx_word' id='word_1_327' title='bbox 382 4450 902 4521; x_wconf 73' lang='lat' dir='ltr'><strong>pmnasimportent</strong></span> <span class='ocrx_word' id='word_1_328' title='bbox 965 4445 1337 4501; x_wconf 82' lang='lat' dir='ltr'><strong>intolerabiles</strong></span> <span class='ocrx_word' id='word_1_329' title='bbox 1397 4445 1784 4513; x_wconf 85' lang='lat' dir='ltr'><strong>cruciatusque</strong></span> <span class='ocrx_word' id='word_1_330' title='bbox 1837 4457 1960 4512; x_wconf 88' lang='lat' dir='ltr'><strong>per-</strong></span> 
     </span>
    </p>
   </div>
   <div class='ocr_carea' id='block_1_48' title="bbox 383 4532 1958 4611">
    <p class='ocr_par' dir='ltr' id='par_1_48' title="bbox 383 4532 1958 4611">
     <span class='ocr_line' id='line_1_48' title="bbox 383 4532 1958 4611; baseline -0.006 -16"><span class='ocrx_word' id='word_1_331' title='bbox 383 4548 596 4611; x_wconf 83' lang='lat' dir='ltr'><strong>petuos,</strong></span> <span class='ocrx_word' id='word_1_332' title='bbox 639 4537 856 4593; x_wconf 82' lang='lat' dir='ltr'><strong>vanitas</strong></span> <span class='ocrx_word' id='word_1_333' title='bbox 891 4536 1189 4590; x_wconf 80' lang='lat' dir='ltr'><strong>vanitatum</strong></span> <span class='ocrx_word' id='word_1_334' title='bbox 1231 4532 1688 4603; x_wconf 70' lang='lat' dir='ltr'><strong>appellabuntur-1&#39;</strong></span> <span class='ocrx_word' id='word_1_335' title='bbox 1729 4542 1958 4601; x_wconf 67' lang='lat' dir='ltr'><strong>praeser-</strong></span> 
     </span>
    </p>
   </div>
   <div class='ocr_carea' id='block_1_49' title="bbox 385 4623 1961 4694">
    <p class='ocr_par' dir='ltr' id='par_1_49' title="bbox 385 4623 1961 4694">
     <span class='ocr_line' id='line_1_49' title="bbox 385 4623 1961 4694; baseline -0.006 -8"><span class='ocrx_word' id='word_1_336' title='bbox 385 4634 480 4686; x_wconf 91' lang='lat' dir='ltr'><strong>tim</strong></span> <span class='ocrx_word' id='word_1_337' title='bbox 515 4647 639 4686; x_wconf 91' lang='lat' dir='ltr'><strong>cum</strong></span> <span class='ocrx_word' id='word_1_338' title='bbox 673 4631 760 4684; x_wconf 86' lang='lat' dir='ltr'><strong>vel</strong></span> <span class='ocrx_word' id='word_1_339' title='bbox 791 4630 858 4683; x_wconf 91' lang='lat' dir='ltr'><strong>de</strong></span> <span class='ocrx_word' id='word_1_340' title='bbox 891 4631 1065 4682; x_wconf 86' lang='lat' dir='ltr'><strong>otioso</strong></span> <span class='ocrx_word' id='word_1_341' title='bbox 1100 4627 1266 4682; x_wconf 85' lang='lat' dir='ltr'><strong>verbo</strong></span> <span class='ocrx_word' id='word_1_342' title='bbox 1315 4640 1510 4694; x_wconf 69' lang='lat' dir='ltr'><strong>pinnas</strong></span> <span class='ocrx_word' id='word_1_343' title='bbox 1540 4625 1608 4678; x_wconf 91' lang='lat' dir='ltr'><strong>ab</strong></span> <span class='ocrx_word' id='word_1_344' title='bbox 1647 4623 1961 4678; x_wconf 87' lang='lat' dir='ltr'><strong>hominibus</strong></span> 
     </span>
    </p>
   </div>
   <div class='ocr_carea' id='block_1_50' title="bbox 387 4715 1964 4790">
    <p class='ocr_par' dir='ltr' id='par_1_50' title="bbox 387 4715 1964 4790">
     <span class='ocr_line' id='line_1_50' title="bbox 387 4715 1964 4790; baseline -0.005 -12"><span class='ocrx_word' id='word_1_345' title='bbox 387 4725 618 4790; x_wconf 81' lang='lat' dir='ltr'><strong>dandas,</strong></span> <span class='ocrx_word' id='word_1_346' title='bbox 636 4715 1025 4790; x_wconf 79' lang='lat' dir='ltr'><strong>rationemque</strong></span> <span class='ocrx_word' id='word_1_347' title='bbox 1053 4721 1105 4774; x_wconf 92' lang='lat' dir='ltr'><strong>in</strong></span> <span class='ocrx_word' id='word_1_348' title='bbox 1137 4719 1328 4790; x_wconf 84' lang='lat' dir='ltr'><strong>judicii</strong></span> <span class='ocrx_word' id='word_1_349' title='bbox 1361 4719 1447 4773; x_wconf 92' lang='lat' dir='ltr'><strong>die</strong></span> <span class='ocrx_word' id='word_1_350' title='bbox 1467 4715 1791 4772; x_wconf 82' lang='lat' dir='ltr'><strong>reddendam</strong></span> <span class='ocrx_word' id='word_1_351' title='bbox 1815 4727 1964 4780; x_wconf 74' lang='lat' dir='ltr'><strong>esse,</strong></span> 
     </span>
    </p>
   </div>
   <div class='ocr_carea' id='block_1_51' title="bbox 385 4808 1892 4882">
    <p class='ocr_par' dir='ltr' id='par_1_51' title="bbox 385 4808 1892 4882">
     <span class='ocr_line' id='line_1_51' title="bbox 385 4808 1892 4882; baseline -0.008 -10"><span class='ocrx_word' id='word_1_352' title='bbox 385 4817 644 4872; x_wconf 80' lang='lat' dir='ltr'><strong>Christus</strong></span> <span class='ocrx_word' id='word_1_353' title='bbox 663 4825 718 4871; x_wconf 88' lang='lat' dir='ltr'><strong>et</strong></span> <span class='ocrx_word' id='word_1_354' title='bbox 741 4814 884 4872; x_wconf 90' lang='lat' dir='ltr'><strong>Deus</strong></span> <span class='ocrx_word' id='word_1_355' title='bbox 916 4821 1103 4869; x_wconf 90' lang='lat' dir='ltr'><strong>noster</strong></span> <span class='ocrx_word' id='word_1_356' title='bbox 1133 4813 1188 4868; x_wconf 90' lang='lat' dir='ltr'><strong>in</strong></span> <span class='ocrx_word' id='word_1_357' title='bbox 1229 4811 1542 4882; x_wconf 81' lang='lat' dir='ltr'><strong>Evangeliis</strong></span> <span class='ocrx_word' id='word_1_358' title='bbox 1569 4808 1801 4866; x_wconf 78' lang='lat' dir='ltr'><strong>edixerit</strong></span> <span class='ocrx_word' id='word_1_359' title='bbox 1825 4809 1892 4861; x_wconf 78' lang='grc'><strong>³⁸..</strong></span> 
     </span>
    </p>
   </div>
   <div class='ocr_carea' id='block_1_52' title="bbox 460 4960 1964 5037">
    <p class='ocr_par' dir='ltr' id='par_1_52' title="bbox 460 4960 1964 5037">
     <span class='ocr_line' id='line_1_52' title="bbox 460 4960 1964 5037; baseline -0.007 -13"><span class='ocrx_word' id='word_1_360' title='bbox 460 4970 690 5024; x_wconf 74' lang='lat' dir='ltr'><strong>Planum</strong></span> <span class='ocrx_word' id='word_1_361' title='bbox 742 4981 906 5037; x_wconf 90' lang='lat' dir='ltr'><strong>porro</strong></span> <span class='ocrx_word' id='word_1_362' title='bbox 929 4965 1061 5020; x_wconf 86' lang='lat' dir='ltr'><strong>hinc</strong></span> <span class='ocrx_word' id='word_1_363' title='bbox 1101 4971 1207 5028; x_wconf 89' lang='lat' dir='ltr'><strong>est,</strong></span> <span class='ocrx_word' id='word_1_364' title='bbox 1265 4963 1410 5034; x_wconf 86' lang='lat' dir='ltr'><strong>quod</strong></span> <span class='ocrx_word' id='word_1_365' title='bbox 1473 4960 1539 5016; x_wconf 87' lang='lat' dir='ltr'><strong>ad</strong></span> <span class='ocrx_word' id='word_1_366' title='bbox 1599 4961 1964 5032; x_wconf 65' lang='lat' dir='ltr'><strong>quaestionem</strong></span> 
     </span>
    </p>
   </div>
   <div class='ocr_carea' id='block_1_53' title="bbox 389 5050 1965 5130">
    <p class='ocr_par' dir='ltr' id='par_1_53' title="bbox 389 5050 1965 5130">
     <span class='ocr_line' id='line_1_53' title="bbox 389 5050 1965 5130; baseline -0.008 -13"><span class='ocrx_word' id='word_1_367' title='bbox 389 5061 743 5130; x_wconf 86' lang='lat' dir='ltr'><strong>respondeas.</strong></span> <span class='ocrx_word' id='word_1_368' title='bbox 779 5058 1012 5128; x_wconf 84' lang='lat' dir='ltr'><strong>Sapiens</strong></span> <span class='ocrx_word' id='word_1_369' title='bbox 1026 5057 1172 5111; x_wconf 88' lang='lat' dir='ltr'><strong>enim</strong></span> <span class='ocrx_word' id='word_1_370' title='bbox 1202 5053 1582 5115; x_wconf 84' lang='lat' dir='ltr'><strong>Ecclesiastes,</strong></span> <span class='ocrx_word' id='word_1_371' title='bbox 1609 5065 1865 5121; x_wconf 85' lang='lat' dir='ltr'><strong>tanquam</strong></span> <span class='ocrx_word' id='word_1_372' title='bbox 1893 5050 1965 5105; x_wconf 85' lang='lat' dir='ltr'><strong>ad</strong></span> 
     </span>
    </p>
   </div>
   <div class='ocr_carea' id='block_1_54' title="bbox 389 5141 1967 5214">
    <p class='ocr_par' dir='ltr' id='par_1_54' title="bbox 389 5141 1967 5214">
     <span class='ocr_line' id='line_1_54' title="bbox 389 5141 1967 5214; baseline -0.006 -8"><span class='ocrx_word' id='word_1_373' title='bbox 389 5153 597 5206; x_wconf 89' lang='lat' dir='ltr'><strong>tirones</strong></span> <span class='ocrx_word' id='word_1_374' title='bbox 639 5149 804 5204; x_wconf 78' lang='lat' dir='ltr'><strong>verba</strong></span> <span class='ocrx_word' id='word_1_375' title='bbox 855 5148 1080 5213; x_wconf 81' lang='lat' dir='ltr'><strong>faciens,</strong></span> <span class='ocrx_word' id='word_1_376' title='bbox 1126 5147 1402 5202; x_wconf 88' lang='lat' dir='ltr'><strong>damnatis</strong></span> <span class='ocrx_word' id='word_1_377' title='bbox 1447 5144 1854 5214; x_wconf 81' lang='lat' dir='ltr'><strong>increpatisque</strong></span> <span class='ocrx_word' id='word_1_378' title='bbox 1895 5141 1967 5196; x_wconf 86' lang='lat' dir='ltr'><strong>iis</strong></span> 
     </span>
    </p>
   </div>
   <div class='ocr_carea' id='block_1_55' title="bbox 387 5235 1962 5318">
    <p class='ocr_par' dir='ltr' id='par_1_55' title="bbox 387 5235 1962 5318">
     <span class='ocr_line' id='line_1_55' title="bbox 387 5235 1962 5318; baseline -0.007 -17"><span class='ocrx_word' id='word_1_379' title='bbox 387 5247 506 5318; x_wconf 88' lang='lat' dir='ltr'><strong>qui,</strong></span> <span class='ocrx_word' id='word_1_380' title='bbox 566 5253 776 5298; x_wconf 73' lang='lat' dir='ltr'><strong>natura:</strong></span> <span class='ocrx_word' id='word_1_381' title='bbox 821 5243 957 5298; x_wconf 84' lang='lat' dir='ltr'><strong>ﬁnes</strong></span> <span class='ocrx_word' id='word_1_382' title='bbox 1013 5241 1364 5310; x_wconf 70' lang='lat' dir='ltr'><strong>rationesque</strong></span> <span class='ocrx_word' id='word_1_383' title='bbox 1401 5236 1762 5308; x_wconf 80' lang='lat' dir='ltr'><strong>transgressi,</strong></span> <span class='ocrx_word' id='word_1_384' title='bbox 1815 5235 1962 5304; x_wconf 80' lang='lat' dir='ltr'><strong>leges</strong></span> 
     </span>
    </p>
   </div>
   <div class='ocr_carea' id='block_1_56' title="bbox 390 5329 1964 5412">
    <p class='ocr_par' dir='ltr' id='par_1_56' title="bbox 390 5329 1964 5412">
     <span class='ocr_line' id='line_1_56' title="bbox 390 5329 1964 5412; baseline -0.009 -18"><span class='ocrx_word' id='word_1_385' title='bbox 390 5341 513 5412; x_wconf 84' lang='lat' dir='ltr'><strong>ejus</strong></span> <span class='ocrx_word' id='word_1_386' title='bbox 543 5353 706 5409; x_wconf 85' lang='lat' dir='ltr'><strong>aquo</strong></span> <span class='ocrx_word' id='word_1_387' title='bbox 737 5336 947 5394; x_wconf 89' lang='lat' dir='ltr'><strong>conditi</strong></span> <span class='ocrx_word' id='word_1_388' title='bbox 983 5350 1199 5401; x_wconf 89' lang='lat' dir='ltr'><strong>sumus,</strong></span> <span class='ocrx_word' id='word_1_389' title='bbox 1227 5333 1572 5392; x_wconf 84' lang='lat' dir='ltr'><strong>subvertunt,</strong></span> <span class='ocrx_word' id='word_1_390' title='bbox 1611 5339 1666 5384; x_wconf 89' lang='lat' dir='ltr'><strong>et</strong></span> <span class='ocrx_word' id='word_1_391' title='bbox 1707 5329 1964 5384; x_wconf 82' lang='lat' dir='ltr'><strong>volunta-</strong></span> 
     </span>
    </p>
   </div>
   <div class='ocr_carea' id='block_1_57' title="bbox 388 5422 1964 5489">
    <p class='ocr_par' dir='ltr' id='par_1_57' title="bbox 388 5422 1964 5489">
     <span class='ocr_line' id='line_1_57' title="bbox 388 5422 1964 5489; baseline -0.007 0"><span class='ocrx_word' id='word_1_392' title='bbox 388 5434 488 5489; x_wconf 87' lang='lat' dir='ltr'><strong>riis</strong></span> <span class='ocrx_word' id='word_1_393' title='bbox 541 5431 698 5487; x_wconf 86' lang='lat' dir='ltr'><strong>liberi</strong></span> <span class='ocrx_word' id='word_1_394' title='bbox 752 5429 964 5485; x_wconf 89' lang='lat' dir='ltr'><strong>arbitrii</strong></span> <span class='ocrx_word' id='word_1_395' title='bbox 1015 5426 1307 5483; x_wconf 90' lang='lat' dir='ltr'><strong>momentis</strong></span> <span class='ocrx_word' id='word_1_396' title='bbox 1361 5441 1426 5480; x_wconf 87' lang='lat' dir='ltr'><strong>ac</strong></span> <span class='ocrx_word' id='word_1_397' title='bbox 1471 5423 1712 5478; x_wconf 90' lang='lat' dir='ltr'><strong>motibus</strong></span> <span class='ocrx_word' id='word_1_398' title='bbox 1758 5422 1824 5476; x_wconf 88' lang='lat' dir='ltr'><strong>ad</strong></span> <span class='ocrx_word' id='word_1_399' title='bbox 1876 5438 1964 5478; x_wconf 83' lang='lat' dir='ltr'><strong>res</strong></span> 
     </span>
    </p>
   </div>
   <div class='ocr_carea' id='block_1_58' title="bbox 389 5514 1961 5586">
    <p class='ocr_par' dir='ltr' id='par_1_58' title="bbox 389 5514 1961 5586">
     <span class='ocr_line' id='line_1_58' title="bbox 389 5514 1961 5586; baseline -0.008 -6"><span class='ocrx_word' id='word_1_400' title='bbox 389 5525 614 5582; x_wconf 87' lang='lat' dir='ltr'><strong>inutiles</strong></span> <span class='ocrx_word' id='word_1_401' title='bbox 634 5532 690 5580; x_wconf 91' lang='lat' dir='ltr'><strong>et</strong></span> <span class='ocrx_word' id='word_1_402' title='bbox 719 5523 890 5579; x_wconf 87' lang='lat' dir='ltr'><strong>malas</strong></span> <span class='ocrx_word' id='word_1_403' title='bbox 923 5522 1224 5578; x_wconf 87' lang='lat' dir='ltr'><strong>abutuntur</strong></span> <span class='ocrx_word' id='word_1_404' title='bbox 1249 5537 1266 5586; x_wconf 85' lang='lat'><strong>;</strong></span> <span class='ocrx_word' id='word_1_405' title='bbox 1297 5517 1430 5574; x_wconf 89' lang='lat' dir='ltr'><strong>satis</strong></span> <span class='ocrx_word' id='word_1_406' title='bbox 1450 5531 1572 5573; x_wconf 90' lang='lat' dir='ltr'><strong>esse</strong></span> <span class='ocrx_word' id='word_1_407' title='bbox 1607 5514 1961 5584; x_wconf 84' lang='lat' dir='ltr'><strong>existimavit,</strong></span> 
     </span>
    </p>
   </div>
   <div class='ocr_carea' id='block_1_59' title="bbox 391 5611 1959 5684">
    <p class='ocr_par' dir='ltr' id='par_1_59' title="bbox 391 5611 1959 5684">
     <span class='ocr_line' id='line_1_59' title="bbox 391 5611 1959 5684; baseline -0.01 -8"><span class='ocrx_word' id='word_1_408' title='bbox 391 5620 438 5676; x_wconf 77' lang='lat' dir='ltr'><strong>si</strong></span> <span class='ocrx_word' id='word_1_409' title='bbox 453 5633 550 5674; x_wconf 89' lang='lat' dir='ltr'><strong>eos</strong></span> <span class='ocrx_word' id='word_1_410' title='bbox 581 5618 649 5673; x_wconf 91' lang='lat' dir='ltr'><strong>ab</strong></span> <span class='ocrx_word' id='word_1_411' title='bbox 676 5633 782 5672; x_wconf 89' lang='lat' dir='ltr'><strong>una</strong></span> <span class='ocrx_word' id='word_1_412' title='bbox 839 5615 1079 5672; x_wconf 82' lang='lat' dir='ltr'><strong>vanitate</strong></span> <span class='ocrx_word' id='word_1_413' title='bbox 1126 5611 1545 5684; x_wconf 86' lang='lat' dir='ltr'><strong>reprehenderet</strong></span> <span class='ocrx_word' id='word_1_414' title='bbox 1593 5616 1916 5677; x_wconf 79' lang='lat' dir='ltr'><strong>nataretque</strong></span> <span class='ocrx_word' id='word_1_415' title='bbox 1947 5625 1959 5660; x_wconf 91' lang='lat'><strong>:</strong></span> 
     </span>
    </p>
   </div>
   <div class='ocr_carea' id='block_1_60' title="bbox 467 5731 976 5796">
    <p class='ocr_par' dir='ltr' id='par_1_60' title="bbox 467 5731 976 5796">
     <span class='ocr_line' id='line_1_60' title="bbox 467 5731 976 5796; baseline -0.002 -9"><span class='ocrx_word' id='word_1_416' title='bbox 467 5733 509 5763; x_wconf 62' lang='lat'><strong>’9</strong></span> <span class='ocrx_word' id='word_1_417' title='bbox 533 5731 723 5786; x_wconf 78' lang='lat' dir='ltr'><strong>Matth.</strong></span> <span class='ocrx_word' id='word_1_418' title='bbox 758 5747 854 5796; x_wconf 77' lang='lat' dir='ltr'><strong>xu,</strong></span> <span class='ocrx_word' id='word_1_419' title='bbox 888 5731 976 5786; x_wconf 82' lang='lat'><strong>&#39;56.</strong></span> 
     </span>
    </p>
   </div>
   <div class='ocr_carea' id='block_1_61' title="bbox 2043 491 3616 572">
    <p class='ocr_par' dir='ltr' id='par_1_61' title="bbox 2043 491 3616 572">
     <span class='ocr_line' id='line_1_61' title="bbox 2043 491 3616 572; baseline -0.011 -13"><span class='ocrx_word' id='word_1_420' title='bbox 2043 506 2163 559; x_wconf 68' lang='grc' dir='ltr'>ἀντὶ</span> <span class='ocrx_word' id='word_1_421' title='bbox 2193 505 2308 569; x_wconf 80' lang='grc' dir='ltr'>τοῦ,</span> <span class='ocrx_word' id='word_1_422' title='bbox 2347 506 2459 566; x_wconf 78' lang='grc' dir='ltr'><strong>Πᾶς</strong></span> <span class='ocrx_word' id='word_1_423' title='bbox 2477 503 2572 558; x_wconf 83' lang='grc' dir='ltr'>ἄνθ</span> <span class='ocrx_word' id='word_1_424' title='bbox 2584 517 2764 572; x_wconf 84' lang='grc' dir='ltr'><strong>ρωπος</strong></span> <span class='ocrx_word' id='word_1_425' title='bbox 2795 499 2964 552; x_wconf 81' lang='grc' dir='ltr'>τελῶν</span> <span class='ocrx_word' id='word_1_426' title='bbox 2994 496 3098 549; x_wconf 74' lang='grc' dir='ltr'>ὕπὸ</span> <span class='ocrx_word' id='word_1_427' title='bbox 3127 493 3317 547; x_wconf 78' lang='grc' dir='ltr'>τοῦτον</span> <span class='ocrx_word' id='word_1_428' title='bbox 3337 491 3429 546; x_wconf 74' lang='grc' dir='ltr'>τὸν</span> <span class='ocrx_word' id='word_1_429' title='bbox 3465 493 3616 562; x_wconf 80' lang='grc' dir='ltr'>ἥλιον</span> 
     </span>
    </p>
   </div>
   <div class='ocr_carea' id='block_1_62' title="bbox 2043 583 3616 664">
    <p class='ocr_par' dir='ltr' id='par_1_62' title="bbox 2043 583 3616 664">
     <span class='ocr_line' id='line_1_62' title="bbox 2043 583 3616 664; baseline -0.012 -13"><span class='ocrx_word' id='word_1_430' title='bbox 2043 597 2253 650; x_wconf 79' lang='grc' dir='ltr'>εἰπάτω</span> <span class='ocrx_word' id='word_1_431' title='bbox 2280 637 2295 664; x_wconf 86' lang='grc'><em>,</em></span> <span class='ocrx_word' id='word_1_432' title='bbox 2331 595 2491 648; x_wconf 87' lang='grc' dir='ltr'>ποίαν</span> <span class='ocrx_word' id='word_1_433' title='bbox 2521 597 2584 646; x_wconf 83' lang='grc' dir='ltr'>ὲκ</span> <span class='ocrx_word' id='word_1_434' title='bbox 2616 591 2728 646; x_wconf 87' lang='grc' dir='ltr'><strong>τῶν</strong></span> <span class='ocrx_word' id='word_1_435' title='bbox 2765 589 2866 660; x_wconf 76' lang='grc' dir='ltr'>τῆς</span> <span class='ocrx_word' id='word_1_436' title='bbox 2909 585 3268 659; x_wconf 75' lang='grc' dir='ltr'><strong>ματαιότητος</strong></span> <span class='ocrx_word' id='word_1_437' title='bbox 3331 583 3616 652; x_wconf 69' lang='grc' dir='ltr'>ὲπιτηδευυ</span> 
     </span>
    </p>
   </div>
   <div class='ocr_carea' id='block_1_63' title="bbox 2045 673 3618 760">
    <p class='ocr_par' dir='ltr' id='par_1_63' title="bbox 2045 673 3618 760">
     <span class='ocr_line' id='line_1_63' title="bbox 2045 673 3618 760; baseline -0.011 -17"><span class='ocrx_word' id='word_1_438' title='bbox 2045 689 2232 760; x_wconf 83' lang='grc' dir='ltr'>μάτων</span> <span class='ocrx_word' id='word_1_439' title='bbox 2294 690 2385 740; x_wconf 70' lang='grc' dir='ltr'>καὶ</span> <span class='ocrx_word' id='word_1_440' title='bbox 2434 685 2686 754; x_wconf 82' lang='grc' dir='ltr'>πράξεων</span> <span class='ocrx_word' id='word_1_441' title='bbox 2751 681 2936 752; x_wconf 71' lang='grc' dir='ltr'>ὄνησιν</span> <span class='ocrx_word' id='word_1_442' title='bbox 2984 678 3206 749; x_wconf 78' lang='grc' dir='ltr'>εὑρήσει</span> <span class='ocrx_word' id='word_1_443' title='bbox 3261 675 3356 728; x_wconf 70' lang='grc' dir='ltr'><strong>καὶ</strong></span> <span class='ocrx_word' id='word_1_444' title='bbox 3410 673 3618 727; x_wconf 82' lang='grc' dir='ltr'>λυσιτέ-</span> 
     </span>
    </p>
   </div>
   <div class='ocr_carea' id='block_1_64' title="bbox 2043 760 3616 843">
    <p class='ocr_par' dir='ltr' id='par_1_64' title="bbox 2043 760 3616 843">
     <span class='ocr_line' id='line_1_64' title="bbox 2043 760 3616 843; baseline -0.015 -10"><span class='ocrx_word' id='word_1_445' title='bbox 2043 782 2234 833; x_wconf 73' lang='grc' dir='ltr'>λειανο</span> <span class='ocrx_word' id='word_1_446' title='bbox 2317 777 2404 828; x_wconf 74' lang='grc' dir='ltr'><strong>ἐπ’</strong></span> <span class='ocrx_word' id='word_1_447' title='bbox 2455 775 2520 834; x_wconf 78' lang='grc' dir='ltr'>ἂν</span> <span class='ocrx_word' id='word_1_448' title='bbox 2585 774 2829 843; x_wconf 75' lang='grc' dir='ltr'>σήμερον</span> <span class='ocrx_word' id='word_1_449' title='bbox 2899 767 3052 830; x_wconf 73' lang='grc' dir='ltr'>ἔστι,</span> <span class='ocrx_word' id='word_1_450' title='bbox 3119 765 3212 817; x_wconf 77' lang='grc' dir='ltr'>καὶ</span> <span class='ocrx_word' id='word_1_451' title='bbox 3269 760 3460 831; x_wconf 69' lang='grc' dir='ltr'>αὔριον</span> <span class='ocrx_word' id='word_1_452' title='bbox 3519 760 3616 814; x_wconf 76' lang='grc' dir='ltr'>ούν</span> 
     </span>
    </p>
   </div>
   <div class='ocr_carea' id='block_1_65' title="bbox 2043 851 3616 934">
    <p class='ocr_par' dir='ltr' id='par_1_65' title="bbox 2043 851 3616 934">
     <span class='ocr_line' id='line_1_65' title="bbox 2043 851 3616 934; baseline -0.014 -10"><span class='ocrx_word' id='word_1_453' title='bbox 2043 871 2158 924; x_wconf 75' lang='grc' dir='ltr'>ἔστι</span> <span class='ocrx_word' id='word_1_454' title='bbox 2189 887 2203 901; x_wconf 88' lang='grc'><strong>·</strong></span> <span class='ocrx_word' id='word_1_455' title='bbox 2255 869 2352 922; x_wconf 77' lang='grc' dir='ltr'>καὶ</span> <span class='ocrx_word' id='word_1_456' title='bbox 2405 865 2500 920; x_wconf 81' lang='grc' dir='ltr'>νῦν</span> <span class='ocrx_word' id='word_1_457' title='bbox 2557 865 2654 934; x_wconf 80' lang='grc' dir='ltr'><strong>μὲν</strong></span> <span class='ocrx_word' id='word_1_458' title='bbox 2687 864 2768 914; x_wconf 84' lang='grc' dir='ltr'><strong>’ὲν</strong></span> <span class='ocrx_word' id='word_1_459' title='bbox 2807 857 2932 929; x_wconf 80' lang='grc' dir='ltr'>δόξῃ</span> <span class='ocrx_word' id='word_1_460' title='bbox 2989 857 3082 910; x_wconf 77' lang='grc' dir='ltr'><strong>καὶ</strong></span> <span class='ocrx_word' id='word_1_461' title='bbox 3123 851 3482 926; x_wconf 72' lang='grc' dir='ltr'>μεγαλωσύνη</span> <span class='ocrx_word' id='word_1_462' title='bbox 3526 853 3616 903; x_wconf 84' lang='grc' dir='ltr'><strong>καὶ</strong></span> 
     </span>
    </p>
   </div>
   <div class='ocr_carea' id='block_1_66' title="bbox 2044 940 3618 1031">
    <p class='ocr_par' dir='ltr' id='par_1_66' title="bbox 2044 940 3618 1031">
     <span class='ocr_line' id='line_1_66' title="bbox 2044 940 3618 1031; baseline -0.015 -16"><span class='ocrx_word' id='word_1_463' title='bbox 2044 961 2260 1031; x_wconf 80' lang='grc' dir='ltr'>πλούτῳ</span> <span class='ocrx_word' id='word_1_464' title='bbox 2306 958 2402 1011; x_wconf 81' lang='grc' dir='ltr'>καὶ</span> <span class='ocrx_word' id='word_1_465' title='bbox 2451 951 2882 1020; x_wconf 76' lang='grc' dir='ltr'>καταδυναστείᾳ</span> <span class='ocrx_word' id='word_1_466' title='bbox 2908 949 3006 1018; x_wconf 82' lang='grc' dir='ltr'>τὴν</span> <span class='ocrx_word' id='word_1_467' title='bbox 3039 945 3177 1000; x_wconf 80' lang='grc' dir='ltr'>ἰδίαν</span> <span class='ocrx_word' id='word_1_468' title='bbox 3202 942 3431 1014; x_wconf 80' lang='grc' dir='ltr'>γνώμην</span> <span class='ocrx_word' id='word_1_469' title='bbox 3475 940 3618 1007; x_wconf 58' lang='lat' dir='ltr'><strong>egw...</strong></span> 
     </span>
    </p>
   </div>
   <div class='ocr_carea' id='block_1_67' title="bbox 2043 1031 3618 1115">
    <p class='ocr_par' dir='ltr' id='par_1_67' title="bbox 2043 1031 3618 1115">
     <span class='ocr_line' id='line_1_67' title="bbox 2043 1031 3618 1115; baseline -0.015 -10"><span class='ocrx_word' id='word_1_470' title='bbox 2043 1053 2328 1114; x_wconf 76' lang='grc' dir='ltr'>δαίνουσαν</span> <span class='ocrx_word' id='word_1_471' title='bbox 2353 1049 2444 1100; x_wconf 73' lang='grc' dir='ltr'><strong>καὶ</strong></span> <span class='ocrx_word' id='word_1_472' title='bbox 2467 1043 2906 1115; x_wconf 77' lang='grc' dir='ltr'>φλεγμαίνουσαν</span> <span class='ocrx_word' id='word_1_473' title='bbox 2933 1038 3068 1108; x_wconf 74' lang='grc' dir='ltr'>ἔχει,</span> <span class='ocrx_word' id='word_1_474' title='bbox 3087 1036 3183 1090; x_wconf 73' lang='grc' dir='ltr'>καὶ</span> <span class='ocrx_word' id='word_1_475' title='bbox 3205 1031 3618 1103; x_wconf 76' lang='grc' dir='ltr'>καταφρυαττο-</span> 
     </span>
    </p>
   </div>
   <div class='ocr_carea' id='block_1_68' title="bbox 2051 1119 3618 1212">
    <p class='ocr_par' dir='ltr' id='par_1_68' title="bbox 2051 1119 3618 1212">
     <span class='ocr_line' id='line_1_68' title="bbox 2051 1119 3618 1212; baseline -0.016 -17"><span class='ocrx_word' id='word_1_476' title='bbox 2051 1141 2219 1212; x_wconf 81' lang='grc' dir='ltr'>μένην</span> <span class='ocrx_word' id='word_1_477' title='bbox 2243 1139 2460 1192; x_wconf 87' lang='grc' dir='ltr'>πάντων</span> <span class='ocrx_word' id='word_1_478' title='bbox 2475 1133 2586 1188; x_wconf 88' lang='grc' dir='ltr'><strong>τῶν</strong></span> <span class='ocrx_word' id='word_1_479' title='bbox 2604 1131 2800 1187; x_wconf 74' lang='grc' dir='ltr'>ἄλλωνσ</span> <span class='ocrx_word' id='word_1_480' title='bbox 2819 1130 2954 1200; x_wconf 87' lang='grc' dir='ltr'><strong>μετὰ</strong></span> <span class='ocrx_word' id='word_1_481' title='bbox 2972 1127 3144 1198; x_wconf 76' lang='grc' dir='ltr'>βραχὺ</span> <span class='ocrx_word' id='word_1_482' title='bbox 3169 1125 3224 1176; x_wconf 79' lang='grc' dir='ltr'><strong>δὲ</strong></span> <span class='ocrx_word' id='word_1_483' title='bbox 3248 1123 3385 1194; x_wconf 75' lang='grc' dir='ltr'>πρὸς</span> <span class='ocrx_word' id='word_1_484' title='bbox 3405 1119 3618 1212; x_wconf 63' lang='grc' dir='ltr'>ἀδοξίαι</span> 
     </span>
    </p>
   </div>
   <div class='ocr_carea' id='block_1_69' title="bbox 2046 1209 3616 1295">
    <p class='ocr_par' dir='ltr' id='par_1_69' title="bbox 2046 1209 3616 1295">
     <span class='ocr_line' id='line_1_69' title="bbox 2046 1209 3616 1295; baseline -0.013 -11"><span class='ocrx_word' id='word_1_485' title='bbox 2046 1209 2136 1284; x_wconf 72' lang='grc' dir='ltr'><strong>καὶ</strong></span> <span class='ocrx_word' id='word_1_486' title='bbox 2163 1209 2531 1295; x_wconf 79' lang='grc' dir='ltr'>ταπεινότητα</span> <span class='ocrx_word' id='word_1_487' title='bbox 2556 1223 2652 1276; x_wconf 72' lang='grc' dir='ltr'><strong>καὶ</strong></span> <span class='ocrx_word' id='word_1_488' title='bbox 2673 1221 2774 1292; x_wconf 77' lang='grc' dir='ltr'><strong>τὴν</strong></span> <span class='ocrx_word' id='word_1_489' title='bbox 2820 1220 3054 1288; x_wconf 76' lang='grc' dir='ltr'><strong>ἐσχάτην</strong></span> <span class='ocrx_word' id='word_1_490' title='bbox 3081 1215 3318 1281; x_wconf 80' lang='grc' dir='ltr'>ἀπορίαν</span> <span class='ocrx_word' id='word_1_491' title='bbox 3362 1209 3616 1283; x_wconf 75' lang='grc' dir='ltr'>μετῆλθε.</span> 
     </span>
    </p>
   </div>
   <div class='ocr_carea' id='block_1_70' title="bbox 2109 1304 3613 1388">
    <p class='ocr_par' dir='ltr' id='par_1_70' title="bbox 2109 1304 3613 1388">
     <span class='ocr_line' id='line_1_70' title="bbox 2109 1304 3613 1388; baseline -0.021 -16"><span class='ocrx_word' id='word_1_492' title='bbox 2109 1320 2270 1388; x_wconf 83' lang='grc' dir='ltr'>,Τάχα</span> <span class='ocrx_word' id='word_1_493' title='bbox 2297 1317 2354 1369; x_wconf 78' lang='grc' dir='ltr'>δέ</span> <span class='ocrx_word' id='word_1_494' title='bbox 2383 1333 2470 1380; x_wconf 87' lang='grc' dir='ltr'><strong>τις</strong></span> <span class='ocrx_word' id='word_1_495' title='bbox 2491 1315 2590 1367; x_wconf 88' lang='grc' dir='ltr'><strong>ούκ</strong></span> <span class='ocrx_word' id='word_1_496' title='bbox 2633 1312 2936 1374; x_wconf 78' lang='grc' dir='ltr'><strong>ἀπεικότως</strong></span> <span class='ocrx_word' id='word_1_497' title='bbox 2958 1310 3044 1374; x_wconf 49' lang='grc' dir='ltr'>τὸλ</span> <span class='ocrx_word' id='word_1_498' title='bbox 3079 1329 3096 1360; x_wconf 71' lang='lat'><strong>¢</strong></span> <span class='ocrx_word' id='word_1_499' title='bbox 3135 1309 3240 1361; x_wconf 73' lang='grc' dir='ltr'>ὑπὸ</span> <span class='ocrx_word' id='word_1_500' title='bbox 3269 1307 3358 1358; x_wconf 70' lang='grc' dir='ltr'><strong>τὸν</strong></span> <span class='ocrx_word' id='word_1_501' title='bbox 3387 1304 3563 1374; x_wconf 53' lang='grc' dir='ltr'>ἥλιον,</span> <span class='ocrx_word' id='word_1_502' title='bbox 3595 1319 3613 1351; x_wconf 65' lang='grc' dir='ltr'><strong>ι</strong></span> 
     </span>
    </p>
   </div>
   <div class='ocr_carea' id='block_1_71' title="bbox 2047 1393 3619 1482">
    <p class='ocr_par' dir='ltr' id='par_1_71' title="bbox 2047 1393 3619 1482">
     <span class='ocr_line' id='line_1_71' title="bbox 2047 1393 3619 1482; baseline -0.013 -18"><span class='ocrx_word' id='word_1_503' title='bbox 2047 1413 2282 1482; x_wconf 75' lang='grc' dir='ltr'>οἱήσοιτο</span> <span class='ocrx_word' id='word_1_504' title='bbox 2313 1408 2452 1462; x_wconf 76' lang='grc' dir='ltr'>κατὰ</span> <span class='ocrx_word' id='word_1_505' title='bbox 2483 1403 2898 1472; x_wconf 75' lang='grc' dir='ltr'>ἀντιδιαστολὴν</span> <span class='ocrx_word' id='word_1_506' title='bbox 2926 1399 3174 1471; x_wconf 80' lang='grc' dir='ltr'>εἰρῆσθαι</span> <span class='ocrx_word' id='word_1_507' title='bbox 3194 1399 3302 1452; x_wconf 83' lang='grc' dir='ltr'><strong>τῶν</strong></span> <span class='ocrx_word' id='word_1_508' title='bbox 3364 1393 3619 1462; x_wconf 80' lang='grc' dir='ltr'>τεθνηκό-</span> 
     </span>
    </p>
   </div>
   <div class='ocr_carea' id='block_1_72' title="bbox 2045 1485 3619 1570">
    <p class='ocr_par' dir='ltr' id='par_1_72' title="bbox 2045 1485 3619 1570">
     <span class='ocr_line' id='line_1_72' title="bbox 2045 1485 3619 1570; baseline -0.015 -13"><span class='ocrx_word' id='word_1_509' title='bbox 2045 1521 2176 1562; x_wconf 87' lang='grc' dir='ltr'>των.</span> <span class='ocrx_word' id='word_1_510' title='bbox 2231 1503 2323 1556; x_wconf 66' lang='grc' dir='ltr'><strong>καὶ</strong></span> <span class='ocrx_word' id='word_1_511' title='bbox 2356 1497 2624 1570; x_wconf 86' lang='grc' dir='ltr'>μηδαμῶς</span> <span class='ocrx_word' id='word_1_512' title='bbox 2661 1498 2828 1550; x_wconf 78' lang='grc' dir='ltr'>ὄντων</span> <span class='ocrx_word' id='word_1_513' title='bbox 2859 1495 2962 1548; x_wconf 73' lang='grc' dir='ltr'><strong>ὑπὸ</strong></span> <span class='ocrx_word' id='word_1_514' title='bbox 2980 1493 3166 1547; x_wconf 78' lang='grc' dir='ltr'>τοῦτον</span> <span class='ocrx_word' id='word_1_515' title='bbox 3186 1491 3278 1544; x_wconf 76' lang='grc' dir='ltr'>τὸν</span> <span class='ocrx_word' id='word_1_516' title='bbox 3299 1490 3468 1560; x_wconf 76' lang='grc' dir='ltr'>ἥλιον,</span> <span class='ocrx_word' id='word_1_517' title='bbox 3502 1485 3619 1537; x_wconf 80' lang='grc' dir='ltr'>ἀλλ’</span> 
     </span>
    </p>
   </div>
   <div class='ocr_carea' id='block_1_73' title="bbox 2049 1579 3616 1664">
    <p class='ocr_par' dir='ltr' id='par_1_73' title="bbox 2049 1579 3616 1664">
     <span class='ocr_line' id='line_1_73' title="bbox 2049 1579 3616 1664; baseline -0.012 -15"><span class='ocrx_word' id='word_1_518' title='bbox 2049 1595 2156 1649; x_wconf 75' lang='grc' dir='ltr'>ὑπὸ</span> <span class='ocrx_word' id='word_1_519' title='bbox 2181 1595 2282 1664; x_wconf 74' lang='grc' dir='ltr'>γῆν</span> <span class='ocrx_word' id='word_1_520' title='bbox 2309 1591 2614 1662; x_wconf 78' lang='grc' dir='ltr'>γεγονότων</span> <span class='ocrx_word' id='word_1_521' title='bbox 2646 1606 2658 1618; x_wconf 90' lang='grc'><strong>·</strong></span> <span class='ocrx_word' id='word_1_522' title='bbox 2692 1589 2780 1642; x_wconf 75' lang='grc' dir='ltr'>ἵνα</span> <span class='ocrx_word' id='word_1_523' title='bbox 2804 1587 2922 1639; x_wconf 72' lang='grc' dir='ltr'>ἐστὶ</span> <span class='ocrx_word' id='word_1_524' title='bbox 2945 1585 3187 1638; x_wconf 78' lang='grc' dir='ltr'>τοιοῦτον</span> <span class='ocrx_word' id='word_1_525' title='bbox 3215 1582 3276 1636; x_wconf 80' lang='grc' dir='ltr'><strong>τὸ</strong></span> <span class='ocrx_word' id='word_1_526' title='bbox 3307 1579 3616 1650; x_wconf 82' lang='grc' dir='ltr'>εἰρημένον·</span> 
     </span>
    </p>
   </div>
   <div class='ocr_carea' id='block_1_74' title="bbox 2051 1673 3621 1757">
    <p class='ocr_par' dir='ltr' id='par_1_74' title="bbox 2051 1673 3621 1757">
     <span class='ocr_line' id='line_1_74' title="bbox 2051 1673 3621 1757; baseline -0.012 -17"><span class='ocrx_word' id='word_1_527' title='bbox 2051 1687 2124 1750; x_wconf 81' lang='grc' dir='ltr'><strong>ῶς</strong></span> <span class='ocrx_word' id='word_1_528' title='bbox 2166 1686 2236 1740; x_wconf 74' lang='grc' dir='ltr'>τὰ</span> <span class='ocrx_word' id='word_1_529' title='bbox 2289 1686 2508 1757; x_wconf 81' lang='grc' dir='ltr'>ῥήματα</span> <span class='ocrx_word' id='word_1_530' title='bbox 2581 1681 2674 1736; x_wconf 80' lang='grc' dir='ltr'>τοῦ</span> <span class='ocrx_word' id='word_1_531' title='bbox 2741 1675 3168 1748; x_wconf 81' lang='grc' dir='ltr'>Ἐκκλησιαστοῦ</span> <span class='ocrx_word' id='word_1_532' title='bbox 3221 1673 3621 1746; x_wconf 75' lang='grc' dir='ltr'>προϐέϐληνται</span> 
     </span>
    </p>
   </div>
   <div class='ocr_carea' id='block_1_75' title="bbox 1981 1761 3624 1852">
    <p class='ocr_par' dir='ltr' id='par_1_75' title="bbox 1981 1761 3624 1852">
     <span class='ocr_line' id='line_1_75' title="bbox 1981 1761 3624 1852; baseline -0.012 -18"><span class='ocrx_word' id='word_1_533' title='bbox 1981 1761 2022 1815; x_wconf 73' lang='grc' dir='ltr'><strong><em>Β</em></strong></span> <span class='ocrx_word' id='word_1_534' title='bbox 2053 1782 2188 1852; x_wconf 73' lang='grc' dir='ltr'>πρὸς</span> <span class='ocrx_word' id='word_1_535' title='bbox 2226 1779 2352 1840; x_wconf 83' lang='grc' dir='ltr'>τοὺς</span> <span class='ocrx_word' id='word_1_536' title='bbox 2387 1777 2490 1848; x_wconf 71' lang='grc' dir='ltr'>ἤδη</span> <span class='ocrx_word' id='word_1_537' title='bbox 2529 1774 2808 1844; x_wconf 77' lang='grc' dir='ltr'>παρόντας</span> <span class='ocrx_word' id='word_1_538' title='bbox 2845 1773 2902 1824; x_wconf 79' lang='grc' dir='ltr'><strong>ἐν</strong></span> <span class='ocrx_word' id='word_1_539' title='bbox 2933 1769 3069 1838; x_wconf 81' lang='grc' dir='ltr'>τῷδε</span> <span class='ocrx_word' id='word_1_540' title='bbox 3105 1767 3182 1837; x_wconf 78' lang='grc' dir='ltr'><strong>τῷ</strong></span> <span class='ocrx_word' id='word_1_541' title='bbox 3215 1767 3315 1836; x_wconf 86' lang='grc' dir='ltr'><strong>βίῳ</strong></span> <span class='ocrx_word' id='word_1_542' title='bbox 3351 1765 3445 1817; x_wconf 78' lang='grc' dir='ltr'><strong>καὶ</strong></span> <span class='ocrx_word' id='word_1_543' title='bbox 3486 1763 3624 1828; x_wconf 77' lang='grc' dir='ltr'>ζῶνο</span> 
     </span>
    </p>
   </div>
   <div class='ocr_carea' id='block_1_76' title="bbox 2048 1858 3623 1940">
    <p class='ocr_par' dir='ltr' id='par_1_76' title="bbox 2048 1858 3623 1940">
     <span class='ocr_line' id='line_1_76' title="bbox 2048 1858 3623 1940; baseline -0.013 -15"><span class='ocrx_word' id='word_1_544' title='bbox 2048 1888 2145 1934; x_wconf 88' lang='grc' dir='ltr'><strong>τας</strong></span> <span class='ocrx_word' id='word_1_545' title='bbox 2176 1871 2274 1940; x_wconf 79' lang='grc' dir='ltr'>τὴν</span> <span class='ocrx_word' id='word_1_546' title='bbox 2304 1867 2588 1940; x_wconf 81' lang='grc' dir='ltr'>παροῦσαν</span> <span class='ocrx_word' id='word_1_547' title='bbox 2620 1863 2764 1933; x_wconf 81' lang='grc' dir='ltr'>ζωήν</span> <span class='ocrx_word' id='word_1_548' title='bbox 2789 1881 2803 1895; x_wconf 76' lang='grc' dir='ltr'><strong>ο</strong></span> <span class='ocrx_word' id='word_1_549' title='bbox 2831 1863 2926 1916; x_wconf 81' lang='grc' dir='ltr'>ἆτε</span> <span class='ocrx_word' id='word_1_550' title='bbox 2965 1859 3030 1931; x_wconf 83' lang='grc' dir='ltr'>δὴ</span> <span class='ocrx_word' id='word_1_551' title='bbox 3061 1859 3157 1914; x_wconf 70' lang='grc' dir='ltr'>καὶ</span> <span class='ocrx_word' id='word_1_552' title='bbox 3188 1858 3324 1928; x_wconf 80' lang='grc' dir='ltr'>πρὸς</span> <span class='ocrx_word' id='word_1_553' title='bbox 3371 1859 3623 1923; x_wconf 77' lang='grc' dir='ltr'>ἐπιστρο-</span> 
     </span>
    </p>
   </div>
   <div class='ocr_carea' id='block_1_77' title="bbox 2050 1940 3622 2032">
    <p class='ocr_par' dir='ltr' id='par_1_77' title="bbox 2050 1940 3622 2032">
     <span class='ocr_line' id='line_1_77' title="bbox 2050 1940 3622 2032; baseline -0.011 -19"><span class='ocrx_word' id='word_1_554' title='bbox 2050 1961 2155 2032; x_wconf 77' lang='grc' dir='ltr'><strong>φὴν</strong></span> <span class='ocrx_word' id='word_1_555' title='bbox 2185 1959 2280 2014; x_wconf 71' lang='grc' dir='ltr'><strong>καὶ</strong></span> <span class='ocrx_word' id='word_1_556' title='bbox 2318 1940 2610 2030; x_wconf 78' lang='grc' dir='ltr'>μετάθεσιν</span> <span class='ocrx_word' id='word_1_557' title='bbox 2635 1956 2735 2021; x_wconf 80' lang='grc' dir='ltr'>τὴν</span> <span class='ocrx_word' id='word_1_558' title='bbox 2761 1953 2868 2008; x_wconf 77' lang='grc' dir='ltr'>ἀπὸ</span> <span class='ocrx_word' id='word_1_559' title='bbox 2896 1952 2998 2020; x_wconf 81' lang='grc' dir='ltr'><strong>τῆς</strong></span> <span class='ocrx_word' id='word_1_560' title='bbox 3025 1949 3304 2021; x_wconf 86' lang='grc' dir='ltr'>χειρίστης</span> <span class='ocrx_word' id='word_1_561' title='bbox 3350 1943 3622 2006; x_wconf 74' lang='grc' dir='ltr'>πολιτείας</span> 
     </span>
    </p>
   </div>
   <div class='ocr_carea' id='block_1_78' title="bbox 2050 2033 3620 2120">
    <p class='ocr_par' dir='ltr' id='par_1_78' title="bbox 2050 2033 3620 2120">
     <span class='ocr_line' id='line_1_78' title="bbox 2050 2033 3620 2120; baseline -0.014 -13"><span class='ocrx_word' id='word_1_562' title='bbox 2050 2053 2144 2106; x_wconf 69' lang='grc' dir='ltr'><strong>καὶ</strong></span> <span class='ocrx_word' id='word_1_563' title='bbox 2174 2049 2454 2120; x_wconf 77' lang='grc' dir='ltr'>βελτίωσιν</span> <span class='ocrx_word' id='word_1_564' title='bbox 2495 2045 2809 2116; x_wconf 81' lang='grc' dir='ltr'>μεταθεῖναι</span> <span class='ocrx_word' id='word_1_565' title='bbox 2870 2042 3073 2114; x_wconf 78' lang='grc' dir='ltr'><strong>ῥᾳδίως</strong></span> <span class='ocrx_word' id='word_1_566' title='bbox 3119 2037 3447 2106; x_wconf 83' lang='grc' dir='ltr'>δυναμένους</span> <span class='ocrx_word' id='word_1_567' title='bbox 3477 2051 3490 2064; x_wconf 93' lang='grc'><strong>·</strong></span> <span class='ocrx_word' id='word_1_568' title='bbox 3547 2033 3620 2097; x_wconf 83' lang='grc' dir='ltr'>ὡς</span> 
     </span>
    </p>
   </div>
   <div class='ocr_carea' id='block_1_79' title="bbox 2049 2126 3622 2207">
    <p class='ocr_par' dir='ltr' id='par_1_79' title="bbox 2049 2126 3622 2207">
     <span class='ocr_line' id='line_1_79' title="bbox 2049 2126 3622 2207; baseline -0.012 -13"><span class='ocrx_word' id='word_1_569' title='bbox 2049 2141 2301 2195; x_wconf 75' lang='grc' dir='ltr'>ἐντεῦθεν</span> <span class='ocrx_word' id='word_1_570' title='bbox 2321 2138 2612 2207; x_wconf 84' lang='grc' dir='ltr'>διενθυμου</span> <span class='ocrx_word' id='word_1_571' title='bbox 2621 2135 2837 2206; x_wconf 80' lang='grc' dir='ltr'>μένους,</span> <span class='ocrx_word' id='word_1_572' title='bbox 2858 2133 2933 2194; x_wconf 84' lang='grc' dir='ltr'>ὼς</span> <span class='ocrx_word' id='word_1_573' title='bbox 2955 2133 3051 2184; x_wconf 78' lang='grc' dir='ltr'>καὶ</span> <span class='ocrx_word' id='word_1_574' title='bbox 3070 2130 3225 2183; x_wconf 77' lang='grc' dir='ltr'>αὐτοὶ</span> <span class='ocrx_word' id='word_1_575' title='bbox 3240 2126 3622 2194; x_wconf 72' lang='grc' dir='ltr'>τελευτήσωσι</span> 
     </span>
    </p>
   </div>
   <div class='ocr_carea' id='block_1_80' title="bbox 2052 2215 3624 2297">
    <p class='ocr_par' dir='ltr' id='par_1_80' title="bbox 2052 2215 3624 2297">
     <span class='ocr_line' id='line_1_80' title="bbox 2052 2215 3624 2297; baseline -0.011 -13"><span class='ocrx_word' id='word_1_576' title='bbox 2052 2232 2296 2294; x_wconf 81' lang='grc' dir='ltr'>πάντως,</span> <span class='ocrx_word' id='word_1_577' title='bbox 2334 2229 2428 2282; x_wconf 67' lang='grc' dir='ltr'><strong>καὶ</strong></span> <span class='ocrx_word' id='word_1_578' title='bbox 2457 2225 2716 2297; x_wconf 76' lang='grc' dir='ltr'>θνήξουσι</span> <span class='ocrx_word' id='word_1_579' title='bbox 2749 2221 3150 2294; x_wconf 73' lang='grc' dir='ltr'>παραπλησίως</span> <span class='ocrx_word' id='word_1_580' title='bbox 3199 2218 3430 2278; x_wconf 76' lang='grc' dir='ltr'>ἐκείνοις</span> <span class='ocrx_word' id='word_1_581' title='bbox 3463 2231 3476 2244; x_wconf 85' lang='grc'><strong>·</strong></span> <span class='ocrx_word' id='word_1_582' title='bbox 3529 2215 3624 2268; x_wconf 73' lang='grc' dir='ltr'><strong>καὶ</strong></span> 
     </span>
    </p>
   </div>
   <div class='ocr_carea' id='block_1_81' title="bbox 2052 2304 3625 2386">
    <p class='ocr_par' dir='ltr' id='par_1_81' title="bbox 2052 2304 3625 2386">
     <span class='ocr_line' id='line_1_81' title="bbox 2052 2304 3625 2386; baseline -0.015 -9"><span class='ocrx_word' id='word_1_583' title='bbox 2052 2323 2195 2377; x_wconf 74' lang='grc' dir='ltr'>κατὰ</span> <span class='ocrx_word' id='word_1_584' title='bbox 2217 2322 2278 2374; x_wconf 77' lang='grc' dir='ltr'><strong>τὸ</strong></span> <span class='ocrx_word' id='word_1_585' title='bbox 2307 2319 2602 2374; x_wconf 85' lang='grc' dir='ltr'>ἀκόλουθον</span> <span class='ocrx_word' id='word_1_586' title='bbox 2627 2315 3009 2386; x_wconf 78' lang='grc' dir='ltr'>λαμϐάνοντας</span> <span class='ocrx_word' id='word_1_587' title='bbox 3041 2311 3253 2364; x_wconf 73' lang='grc' dir='ltr'>ἔννοιαν</span> <span class='ocrx_word' id='word_1_588' title='bbox 3281 2308 3379 2378; x_wconf 79' lang='grc' dir='ltr'>τῆς</span> <span class='ocrx_word' id='word_1_589' title='bbox 3424 2304 3625 2376; x_wconf 80' lang='grc' dir='ltr'>θνητῆς</span> 
     </span>
    </p>
   </div>
   <div class='ocr_carea' id='block_1_82' title="bbox 2053 2395 3624 2478">
    <p class='ocr_par' dir='ltr' id='par_1_82' title="bbox 2053 2395 3624 2478">
     <span class='ocr_line' id='line_1_82' title="bbox 2053 2395 3624 2478; baseline -0.015 -7"><span class='ocrx_word' id='word_1_590' title='bbox 2053 2413 2233 2471; x_wconf 79' lang='grc' dir='ltr'>αὐτῶν</span> <span class='ocrx_word' id='word_1_591' title='bbox 2287 2411 2524 2477; x_wconf 82' lang='grc' dir='ltr'>φύσεως,</span> <span class='ocrx_word' id='word_1_592' title='bbox 2581 2409 2674 2463; x_wconf 69' lang='grc' dir='ltr'><strong>καὶ</strong></span> <span class='ocrx_word' id='word_1_593' title='bbox 2713 2405 3128 2478; x_wconf 69' lang='grc' dir='ltr'>διορθουμένους</span> <span class='ocrx_word' id='word_1_594' title='bbox 3185 2401 3283 2471; x_wconf 78' lang='grc' dir='ltr'>τὴν</span> <span class='ocrx_word' id='word_1_595' title='bbox 3341 2395 3624 2469; x_wconf 71' lang='grc' dir='ltr'>μοχθηρὰν</span> 
     </span>
    </p>
   </div>
   <div class='ocr_carea' id='block_1_83' title="bbox 2053 2498 2812 2572">
    <p class='ocr_par' dir='ltr' id='par_1_83' title="bbox 2053 2498 2812 2572">
     <span class='ocr_line' id='line_1_83' title="bbox 2053 2498 2812 2572; baseline -0.012 -13"><span class='ocrx_word' id='word_1_596' title='bbox 2053 2506 2231 2560; x_wconf 74' lang='grc' dir='ltr'>αὐτῶν</span> <span class='ocrx_word' id='word_1_597' title='bbox 2267 2504 2359 2556; x_wconf 75' lang='grc' dir='ltr'><strong>καὶ</strong></span> <span class='ocrx_word' id='word_1_598' title='bbox 2392 2500 2604 2572; x_wconf 75' lang='grc' dir='ltr'>φαύλην</span> <span class='ocrx_word' id='word_1_599' title='bbox 2645 2498 2812 2568; x_wconf 79' lang='grc' dir='ltr'>ζωήν.</span> 
     </span>
    </p>
   </div>
   <div class='ocr_carea' id='block_1_84' title="bbox 2137 2579 3625 2667">
    <p class='ocr_par' dir='ltr' id='par_1_84' title="bbox 2137 2579 3625 2667">
     <span class='ocr_line' id='line_1_84' title="bbox 2137 2579 3625 2667; baseline -0.013 -15"><span class='ocrx_word' id='word_1_600' title='bbox 2137 2599 2296 2652; x_wconf 62' lang='grc' dir='ltr'>Ἀλλά</span> <span class='ocrx_word' id='word_1_601' title='bbox 2331 2597 2440 2667; x_wconf 75' lang='grc' dir='ltr'><strong>γὰρ</strong></span> <span class='ocrx_word' id='word_1_602' title='bbox 2471 2596 2531 2660; x_wconf 81' lang='grc' dir='ltr'>ἐξ</span> <span class='ocrx_word' id='word_1_603' title='bbox 2563 2591 2890 2655; x_wconf 79' lang='grc' dir='ltr'>ἀκολουθίας</span> <span class='ocrx_word' id='word_1_604' title='bbox 2919 2589 3026 2643; x_wconf 87' lang='grc' dir='ltr'><strong>τῶν</strong></span> <span class='ocrx_word' id='word_1_605' title='bbox 3058 2586 3363 2658; x_wconf 78' lang='grc' dir='ltr'>εἰρημένων</span> <span class='ocrx_word' id='word_1_606' title='bbox 3380 2579 3625 2650; x_wconf 74' lang='grc' dir='ltr'>ἀναφυῆ-</span> 
     </span>
    </p>
   </div>
   <div class='ocr_carea' id='block_1_85' title="bbox 2053 2673 3626 2760">
    <p class='ocr_par' dir='ltr' id='par_1_85' title="bbox 2053 2673 3626 2760">
     <span class='ocr_line' id='line_1_85' title="bbox 2053 2673 3626 2760; baseline -0.013 -16"><span class='ocrx_word' id='word_1_607' title='bbox 2053 2690 2206 2744; x_wconf 87' lang='grc' dir='ltr'>σεταί</span> <span class='ocrx_word' id='word_1_608' title='bbox 2233 2707 2319 2752; x_wconf 88' lang='grc' dir='ltr'><strong>τις</strong></span> <span class='ocrx_word' id='word_1_609' title='bbox 2351 2685 2572 2760; x_wconf 82' lang='grc' dir='ltr'>ἀπορῶν</span> <span class='ocrx_word' id='word_1_610' title='bbox 2598 2684 2902 2754; x_wconf 69' lang='grc' dir='ltr'>).ότγος,οκαὶ</span> <span class='ocrx_word' id='word_1_611' title='bbox 2932 2681 3126 2752; x_wconf 72' lang='grc' dir='ltr'>φήσειε</span> <span class='ocrx_word' id='word_1_612' title='bbox 3155 2693 3168 2708; x_wconf 88' lang='grc'><strong>·</strong></span> <span class='ocrx_word' id='word_1_613' title='bbox 3205 2675 3318 2752; x_wconf 44' lang='grc' dir='ltr'>Καὶ</span> <span class='ocrx_word' id='word_1_614' title='bbox 3347 2673 3399 2726; x_wconf 86' lang='grc' dir='ltr'><strong>τί</strong></span> <span class='ocrx_word' id='word_1_615' title='bbox 3422 2673 3626 2742; x_wconf 79' lang='grc' dir='ltr'>δήποτε</span> 
     </span>
    </p>
   </div>
   <div class='ocr_carea' id='block_1_86' title="bbox 2052 2764 3626 2850">
    <p class='ocr_par' dir='ltr' id='par_1_86' title="bbox 2052 2764 3626 2850">
     <span class='ocr_line' id='line_1_86' title="bbox 2052 2764 3626 2850; baseline -0.013 -13"><span class='ocrx_word' id='word_1_616' title='bbox 2052 2784 2151 2847; x_wconf 72' lang='grc' dir='ltr'>τὰς</span> <span class='ocrx_word' id='word_1_617' title='bbox 2184 2779 2574 2850; x_wconf 86' lang='grc' dir='ltr'>πονηρολογίας</span> <span class='ocrx_word' id='word_1_618' title='bbox 2617 2777 2712 2831; x_wconf 75' lang='grc' dir='ltr'><strong>καὶ</strong></span> <span class='ocrx_word' id='word_1_619' title='bbox 2744 2773 3123 2846; x_wconf 79' lang='grc' dir='ltr'>κακοπραγίας</span> <span class='ocrx_word' id='word_1_620' title='bbox 3170 2768 3278 2824; x_wconf 82' lang='grc' dir='ltr'><strong>τῶν</strong></span> <span class='ocrx_word' id='word_1_621' title='bbox 3335 2764 3626 2837; x_wconf 72' lang='grc' dir='ltr'>μοχθηρῶς</span> 
     </span>
    </p>
   </div>
   <div class='ocr_carea' id='block_1_87' title="bbox 2001 2855 3624 2940">
    <p class='ocr_par' dir='ltr' id='par_1_87' title="bbox 2001 2855 3624 2940">
     <span class='ocr_line' id='line_1_87' title="bbox 2001 2855 3624 2940; baseline -0.014 -12"><span class='ocrx_word' id='word_1_622' title='bbox 2001 2899 2007 2905; x_wconf 93' lang='grc'><strong>·</strong></span> <span class='ocrx_word' id='word_1_623' title='bbox 2056 2875 2151 2928; x_wconf 73' lang='grc' dir='ltr'><strong>καὶ</strong></span> <span class='ocrx_word' id='word_1_624' title='bbox 2183 2871 2400 2940; x_wconf 84' lang='grc' dir='ltr'>φαύλως</span> <span class='ocrx_word' id='word_1_625' title='bbox 2435 2872 2493 2923; x_wconf 83' lang='grc' dir='ltr'>ὲν</span> <span class='ocrx_word' id='word_1_626' title='bbox 2514 2868 2652 2938; x_wconf 79' lang='grc' dir='ltr'>τῷδε</span> <span class='ocrx_word' id='word_1_627' title='bbox 2678 2866 2756 2936; x_wconf 83' lang='grc' dir='ltr'>τῷ</span> <span class='ocrx_word' id='word_1_628' title='bbox 2791 2867 2890 2935; x_wconf 83' lang='grc' dir='ltr'><strong>βίῳ</strong></span> <span class='ocrx_word' id='word_1_629' title='bbox 2921 2861 3356 2932; x_wconf 78' lang='grc' dir='ltr'>πολιτευομένων</span> <span class='ocrx_word' id='word_1_630' title='bbox 3411 2856 3507 2909; x_wconf 86' lang='grc' dir='ltr'><strong>ἀνθ</strong></span> <span class='ocrx_word' id='word_1_631' title='bbox 3519 2855 3624 2924; x_wconf 78' lang='grc' dir='ltr'><strong>ρώ-</strong></span> 
     </span>
    </p>
   </div>
   <div class='ocr_carea' id='block_1_88' title="bbox 2056 2946 3628 3030">
    <p class='ocr_par' dir='ltr' id='par_1_88' title="bbox 2056 2946 3628 3030">
     <span class='ocr_line' id='line_1_88' title="bbox 2056 2946 3628 3030; baseline -0.015 -12"><span class='ocrx_word' id='word_1_632' title='bbox 2056 2982 2174 3018; x_wconf 91' lang='grc' dir='ltr'><strong>πων</strong></span> <span class='ocrx_word' id='word_1_633' title='bbox 2215 2965 2242 3016; x_wconf 83' lang='grc' dir='ltr'>ὁ</span> <span class='ocrx_word' id='word_1_634' title='bbox 2288 2958 2726 3030; x_wconf 83' lang='grc' dir='ltr'>Ἐκκλησιαστὴς</span> <span class='ocrx_word' id='word_1_635' title='bbox 2750 2956 2990 3026; x_wconf 77' lang='grc' dir='ltr'>δηλῶσαι</span> <span class='ocrx_word' id='word_1_636' title='bbox 3053 2951 3396 3023; x_wconf 80' lang='grc' dir='ltr'>βουλόμενος,</span> <span class='ocrx_word' id='word_1_637' title='bbox 3458 2965 3475 2996; x_wconf 83' lang='grc' dir='ltr'><strong>ι</strong></span> <span class='ocrx_word' id='word_1_638' title='bbox 3506 2946 3628 2998; x_wconf 78' lang='grc' dir='ltr'><strong>Μα-</strong></span> 
     </span>
    </p>
   </div>
   <div class='ocr_carea' id='block_1_89' title="bbox 2054 3034 3626 3124">
    <p class='ocr_par' dir='ltr' id='par_1_89' title="bbox 2054 3034 3626 3124">
     <span class='ocr_line' id='line_1_89' title="bbox 2054 3034 3626 3124; baseline -0.013 -15"><span class='ocrx_word' id='word_1_639' title='bbox 2054 3055 2320 3124; x_wconf 85' lang='grc' dir='ltr'>ταιότης,</span> <span class='ocrx_word' id='word_1_640' title='bbox 2373 3047 2534 3116; x_wconf 72' lang='grc' dir='ltr'>εἷπε,</span> <span class='ocrx_word' id='word_1_641' title='bbox 2587 3049 2986 3120; x_wconf 83' lang='grc' dir='ltr'>ματαιοτήτων,</span> <span class='ocrx_word' id='word_1_642' title='bbox 3017 3034 3104 3096; x_wconf 72' lang='grc' dir='ltr'><strong>’τὰ</strong></span> <span class='ocrx_word' id='word_1_643' title='bbox 3167 3043 3346 3096; x_wconf 83' lang='grc' dir='ltr'>πάντα</span> <span class='ocrx_word' id='word_1_644' title='bbox 3397 3037 3626 3108; x_wconf 80' lang='grc' dir='ltr'>ματαιό-</span> 
     </span>
    </p>
   </div>
   <div class='ocr_carea' id='block_1_90' title="bbox 2055 3127 3628 3216">
    <p class='ocr_par' dir='ltr' id='par_1_90' title="bbox 2055 3127 3628 3216">
     <span class='ocr_line' id='line_1_90' title="bbox 2055 3127 3628 3216; baseline -0.014 -17"><span class='ocrx_word' id='word_1_645' title='bbox 2055 3164 2156 3216; x_wconf 86' lang='grc' dir='ltr'><strong>της</strong></span> <span class='ocrx_word' id='word_1_646' title='bbox 2183 3162 2197 3208; x_wconf 91' lang='grc'><strong>;</strong></span> <span class='ocrx_word' id='word_1_647' title='bbox 2239 3165 2256 3196; x_wconf 71' lang='grc' dir='ltr'><strong>ι</strong></span> <span class='ocrx_word' id='word_1_648' title='bbox 2284 3145 2344 3197; x_wconf 85' lang='grc' dir='ltr'><strong>Εἰ</strong></span> <span class='ocrx_word' id='word_1_649' title='bbox 2373 3143 2481 3212; x_wconf 83' lang='grc' dir='ltr'><strong>γὰρ</strong></span> <span class='ocrx_word' id='word_1_650' title='bbox 2523 3141 2830 3212; x_wconf 78' lang='grc' dir='ltr'>ματαιότης</span> <span class='ocrx_word' id='word_1_651' title='bbox 2867 3136 3036 3198; x_wconf 75' lang='grc' dir='ltr'>ἐστὶν,</span> <span class='ocrx_word' id='word_1_652' title='bbox 3059 3136 3132 3196; x_wconf 80' lang='grc' dir='ltr'>ὡς</span> <span class='ocrx_word' id='word_1_653' title='bbox 3163 3131 3410 3200; x_wconf 67' lang='grc' dir='ltr'>ἒεξθημεν</span> <span class='ocrx_word' id='word_1_654' title='bbox 3445 3127 3628 3180; x_wconf 82' lang='grc' dir='ltr'>εἰπόν-</span> 
     </span>
    </p>
   </div>
   <div class='ocr_carea' id='block_1_91' title="bbox 2058 3218 3629 3306">
    <p class='ocr_par' dir='ltr' id='par_1_91' title="bbox 2058 3218 3629 3306">
     <span class='ocr_line' id='line_1_91' title="bbox 2058 3218 3629 3306; baseline -0.014 -14"><span class='ocrx_word' id='word_1_655' title='bbox 2058 3255 2169 3302; x_wconf 85' lang='grc' dir='ltr'>τες,</span> <span class='ocrx_word' id='word_1_656' title='bbox 2201 3239 2234 3306; x_wconf 84' lang='grc' dir='ltr'>ή</span> <span class='ocrx_word' id='word_1_657' title='bbox 2269 3233 2539 3305; x_wconf 85' lang='grc' dir='ltr'>μηδεμίαν</span> <span class='ocrx_word' id='word_1_658' title='bbox 2564 3232 2837 3301; x_wconf 67' lang='grc' dir='ltr'>ὠφέλειαν</span> <span class='ocrx_word' id='word_1_659' title='bbox 2871 3229 3070 3298; x_wconf 75' lang='grc' dir='ltr'>ἔχουσα</span> <span class='ocrx_word' id='word_1_660' title='bbox 3091 3223 3294 3294; x_wconf 32' lang='grc' dir='ltr'>,πρᾶξις</span> <span class='ocrx_word' id='word_1_661' title='bbox 3324 3221 3418 3275; x_wconf 69' lang='grc' dir='ltr'><strong>καὶ</strong></span> <span class='ocrx_word' id='word_1_662' title='bbox 3461 3218 3629 3306; x_wconf 70' lang='grc' dir='ltr'>,λαλιὰ</span> 
     </span>
    </p>
   </div>
   <div class='ocr_carea' id='block_1_92' title="bbox 2059 3304 3631 3393">
    <p class='ocr_par' dir='ltr' id='par_1_92' title="bbox 2059 3304 3631 3393">
     <span class='ocr_line' id='line_1_92' title="bbox 2059 3304 3631 3393; baseline -0.017 -11"><span class='ocrx_word' id='word_1_663' title='bbox 2059 3329 2157 3382; x_wconf 71' lang='grc' dir='ltr'><strong>καὶ</strong></span> <span class='ocrx_word' id='word_1_664' title='bbox 2177 3304 2495 3393; x_wconf 71' lang='grc' dir='ltr'>ἐνθύμησις,</span> <span class='ocrx_word' id='word_1_665' title='bbox 2533 3323 2604 3374; x_wconf 81' lang='grc' dir='ltr'><strong>τά</strong></span> <span class='ocrx_word' id='word_1_666' title='bbox 2656 3319 2712 3372; x_wconf 81' lang='grc' dir='ltr'>δὲ</span> <span class='ocrx_word' id='word_1_667' title='bbox 2743 3319 2842 3388; x_wconf 81' lang='grc' dir='ltr'>τῆς</span> <span class='ocrx_word' id='word_1_668' title='bbox 2891 3314 3228 3385; x_wconf 76' lang='grc' dir='ltr'>φαυλότητος</span> <span class='ocrx_word' id='word_1_669' title='bbox 3282 3310 3378 3362; x_wconf 68' lang='grc' dir='ltr'><strong>καὶ</strong></span> <span class='ocrx_word' id='word_1_670' title='bbox 3423 3304 3631 3377; x_wconf 81' lang='grc' dir='ltr'>μοχθη-</span> 
     </span>
    </p>
   </div>
   <div class='ocr_carea' id='block_1_93' title="bbox 2063 3399 3626 3492">
    <p class='ocr_par' dir='ltr' id='par_1_93' title="bbox 2063 3399 3626 3492">
     <span class='ocr_line' id='line_1_93' title="bbox 2063 3399 3626 3492; baseline -0.015 -20"><span class='ocrx_word' id='word_1_671' title='bbox 2063 3421 2182 3491; x_wconf 87' lang='grc' dir='ltr'>ρίας</span> <span class='ocrx_word' id='word_1_672' title='bbox 2211 3417 2326 3484; x_wconf 78' lang='grc' dir='ltr'>εἴδη</span> <span class='ocrx_word' id='word_1_673' title='bbox 2355 3415 2454 3468; x_wconf 72' lang='grc' dir='ltr'>καὶ</span> <span class='ocrx_word' id='word_1_674' title='bbox 2479 3414 2576 3483; x_wconf 78' lang='grc' dir='ltr'>τῆς</span> <span class='ocrx_word' id='word_1_675' title='bbox 2608 3409 2811 3472; x_wconf 79' lang='grc' dir='ltr'>κακίας</span> <span class='ocrx_word' id='word_1_676' title='bbox 2840 3407 2976 3478; x_wconf 79' lang='grc' dir='ltr'>πρὸς</span> <span class='ocrx_word' id='word_1_677' title='bbox 3003 3405 3100 3492; x_wconf 26' lang='grc' dir='ltr'><strong>τῷ.</strong></span> <span class='ocrx_word' id='word_1_678' title='bbox 3121 3401 3392 3492; x_wconf 81' lang='grc' dir='ltr'>μηδεμίαν</span> <span class='ocrx_word' id='word_1_679' title='bbox 3442 3399 3626 3492; x_wconf 74' lang='grc' dir='ltr'>ὄνησιν</span> 
     </span>
    </p>
   </div>
   <div class='ocr_carea' id='block_1_94' title="bbox 2061 3490 3631 3585">
    <p class='ocr_par' dir='ltr' id='par_1_94' title="bbox 2061 3490 3631 3585">
     <span class='ocr_line' id='line_1_94' title="bbox 2061 3490 3631 3585; baseline -0.016 -21"><span class='ocrx_word' id='word_1_680' title='bbox 2061 3490 2340 3582; x_wconf 80' lang='grc' dir='ltr'>προξενεῖν</span> <span class='ocrx_word' id='word_1_681' title='bbox 2360 3507 2472 3568; x_wconf 86' lang='grc' dir='ltr'>τοῖς</span> <span class='ocrx_word' id='word_1_682' title='bbox 2504 3503 2655 3573; x_wconf 86' lang='grc' dir='ltr'>σφῶν</span> <span class='ocrx_word' id='word_1_683' title='bbox 2675 3501 2952 3571; x_wconf 79' lang='grc' dir='ltr'>ἐρασταῖς,</span> <span class='ocrx_word' id='word_1_684' title='bbox 2981 3490 3060 3549; x_wconf 76' lang='grc' dir='ltr'>ἔτι</span> <span class='ocrx_word' id='word_1_685' title='bbox 3084 3490 3176 3548; x_wconf 70' lang='grc' dir='ltr'>καὶ</span> <span class='ocrx_word' id='word_1_686' title='bbox 3205 3491 3344 3564; x_wconf 76' lang='grc' dir='ltr'>πρὸς</span> <span class='ocrx_word' id='word_1_687' title='bbox 3372 3492 3469 3553; x_wconf 83' lang='grc' dir='ltr'><strong>τὰς</strong></span> <span class='ocrx_word' id='word_1_688' title='bbox 3499 3490 3631 3585; x_wconf 70' lang='grc' dir='ltr'>αἰω-</span> 
     </span>
    </p>
   </div>
   <div class='ocr_carea' id='block_1_95' title="bbox 2058 3579 3630 3664">
    <p class='ocr_par' dir='ltr' id='par_1_95' title="bbox 2058 3579 3630 3664">
     <span class='ocr_line' id='line_1_95' title="bbox 2058 3579 3630 3664; baseline -0.018 -13"><span class='ocrx_word' id='word_1_689' title='bbox 2058 3579 2312 3664; x_wconf 27' lang='grc' dir='ltr'>νινζούσας</span> <span class='ocrx_word' id='word_1_690' title='bbox 2368 3590 2836 3663; x_wconf 78' lang='grc' dir='ltr'>παραπέμπουσιν</span> <span class='ocrx_word' id='word_1_691' title='bbox 2887 3583 3086 3646; x_wconf 75' lang='grc' dir='ltr'>αὐτοὺς</span> <span class='ocrx_word' id='word_1_692' title='bbox 3145 3579 3452 3650; x_wconf 81' lang='grc' dir='ltr'>τιμωρίας·</span> <span class='ocrx_word' id='word_1_693' title='bbox 3515 3579 3630 3637; x_wconf 83' lang='grc' dir='ltr'><strong>πῶς</strong></span> 
     </span>
    </p>
   </div>
   <div class='ocr_carea' id='block_1_96' title="bbox 2060 3673 3630 3764">
    <p class='ocr_par' dir='ltr' id='par_1_96' title="bbox 2060 3673 3630 3764">
     <span class='ocr_line' id='line_1_96' title="bbox 2060 3673 3630 3764; baseline -0.018 -16"><span class='ocrx_word' id='word_1_694' title='bbox 2060 3691 2464 3764; x_wconf 78' lang='grc' dir='ltr'>ὠνομάσθησαν</span> <span class='ocrx_word' id='word_1_695' title='bbox 2491 3686 2569 3756; x_wconf 81' lang='grc' dir='ltr'>τῷ</span> <span class='ocrx_word' id='word_1_696' title='bbox 2615 3680 3015 3750; x_wconf 76' lang='grc' dir='ltr'>Ἐκκλησιαστῇ</span> <span class='ocrx_word' id='word_1_697' title='bbox 3047 3675 3344 3747; x_wconf 75' lang='grc' dir='ltr'>ματᾳιότης</span> <span class='ocrx_word' id='word_1_698' title='bbox 3369 3689 3384 3734; x_wconf 76' lang='grc' dir='ltr'><strong>ς</strong></span> <span class='ocrx_word' id='word_1_699' title='bbox 3410 3673 3630 3764; x_wconf 44' lang='grc' dir='ltr'>ἀγαπηῗ</span> 
     </span>
    </p>
   </div>
   <div class='ocr_carea' id='block_1_97' title="bbox 2059 3759 3636 3854">
    <p class='ocr_par' dir='ltr' id='par_1_97' title="bbox 2059 3759 3636 3854">
     <span class='ocr_line' id='line_1_97' title="bbox 2059 3759 3636 3854; baseline -0.018 -15"><span class='ocrx_word' id='word_1_700' title='bbox 2059 3768 2152 3839; x_wconf 73' lang='grc' dir='ltr'><strong>τὸν</strong></span> <span class='ocrx_word' id='word_1_701' title='bbox 2175 3759 2292 3854; x_wconf 70' lang='grc' dir='ltr'><strong>γὰρ</strong></span> <span class='ocrx_word' id='word_1_702' title='bbox 2336 3759 2406 3852; x_wconf 72' lang='grc' dir='ltr'>ἦν</span> <span class='ocrx_word' id='word_1_703' title='bbox 2433 3780 2550 3842; x_wconf 84' lang='grc' dir='ltr'>τοῖς</span> <span class='ocrx_word' id='word_1_704' title='bbox 2581 3773 2940 3828; x_wconf 77' lang='grc' dir='ltr'>ἐσπουδακόσι</span> <span class='ocrx_word' id='word_1_705' title='bbox 2980 3770 3109 3841; x_wconf 79' lang='grc' dir='ltr'>περὶ</span> <span class='ocrx_word' id='word_1_706' title='bbox 3132 3767 3229 3838; x_wconf 77' lang='grc' dir='ltr'><strong>τὴν</strong></span> <span class='ocrx_word' id='word_1_707' title='bbox 3263 3759 3636 3854; x_wconf 25' lang='grc' dir='ltr'>άρπαγὴνᾼκαὶ</span> 
     </span>
    </p>
   </div>
   <div class='ocr_carea' id='block_1_98' title="bbox 2059 3851 3635 3946">
    <p class='ocr_par' dir='ltr' id='par_1_98' title="bbox 2059 3851 3635 3946">
     <span class='ocr_line' id='line_1_98' title="bbox 2059 3851 3635 3946; baseline -0.018 -17"><span class='ocrx_word' id='word_1_708' title='bbox 2059 3875 2160 3946; x_wconf 75' lang='grc' dir='ltr'><strong>τὴν</strong></span> <span class='ocrx_word' id='word_1_709' title='bbox 2193 3851 2508 3935; x_wconf 77' lang='grc' dir='ltr'>πλεονεξίαν</span> <span class='ocrx_word' id='word_1_710' title='bbox 2542 3869 2637 3920; x_wconf 75' lang='grc' dir='ltr'><strong>καὶ</strong></span> <span class='ocrx_word' id='word_1_711' title='bbox 2667 3866 2764 3936; x_wconf 85' lang='grc' dir='ltr'><strong>τὴν</strong></span> <span class='ocrx_word' id='word_1_712' title='bbox 2803 3859 3170 3931; x_wconf 60' lang='grc' dir='ltr'>συκοφαντίαν</span> <span class='ocrx_word' id='word_1_713' title='bbox 3210 3858 3306 3910; x_wconf 67' lang='grc' dir='ltr'><strong>καλ⁸</strong></span> <span class='ocrx_word' id='word_1_714' title='bbox 3339 3856 3440 3922; x_wconf 81' lang='grc' dir='ltr'>τὴν</span> <span class='ocrx_word' id='word_1_715' title='bbox 3478 3851 3635 3919; x_wconf 71' lang='grc' dir='ltr'>ἀδδη-</span> 
     </span>
    </p>
   </div>
   <div class='ocr_carea' id='block_1_99' title="bbox 2063 3943 3634 4037">
    <p class='ocr_par' dir='ltr' id='par_1_99' title="bbox 2063 3943 3634 4037">
     <span class='ocr_line' id='line_1_99' title="bbox 2063 3943 3634 4037; baseline -0.02 -16"><span class='ocrx_word' id='word_1_716' title='bbox 2063 3943 2270 4037; x_wconf 80' lang='grc' dir='ltr'>φαγίαν</span> <span class='ocrx_word' id='word_1_717' title='bbox 2299 3962 2390 4016; x_wconf 74' lang='grc' dir='ltr'>καὶ</span> <span class='ocrx_word' id='word_1_718' title='bbox 2411 3959 2584 4030; x_wconf 80' lang='grc' dir='ltr'>μέθην</span> <span class='ocrx_word' id='word_1_719' title='bbox 2599 3958 2693 4010; x_wconf 69' lang='grc' dir='ltr'><strong>καὶ</strong></span> <span class='ocrx_word' id='word_1_720' title='bbox 2714 3953 3020 4024; x_wconf 79' lang='grc' dir='ltr'>κραιπάλην</span> <span class='ocrx_word' id='word_1_721' title='bbox 3039 3950 3133 4003; x_wconf 72' lang='grc' dir='ltr'><strong>καὶ</strong></span> <span class='ocrx_word' id='word_1_722' title='bbox 3147 3949 3246 4016; x_wconf 79' lang='grc' dir='ltr'>τὴν</span> <span class='ocrx_word' id='word_1_723' title='bbox 3264 3945 3430 4037; x_wconf 78' lang='grc' dir='ltr'>ἀλλην</span> <span class='ocrx_word' id='word_1_724' title='bbox 3453 3943 3634 4037; x_wconf 72' lang='grc' dir='ltr'>πᾶσαν</span> 
     </span>
    </p>
   </div>
   <div class='ocr_carea' id='block_1_100' title="bbox 2063 4032 3633 4126">
    <p class='ocr_par' dir='ltr' id='par_1_100' title="bbox 2063 4032 3633 4126">
     <span class='ocr_line' id='line_1_100' title="bbox 2063 4032 3633 4126; baseline -0.02 -13"><span class='ocrx_word' id='word_1_725' title='bbox 2063 4053 2452 4126; x_wconf 83' lang='grc' dir='ltr'>κακοπραγίαν</span> <span class='ocrx_word' id='word_1_726' title='bbox 2485 4047 2838 4120; x_wconf 73' lang='grc' dir='ltr'>περιορισθαι</span> <span class='ocrx_word' id='word_1_727' title='bbox 2873 4045 2966 4098; x_wconf 72' lang='grc' dir='ltr'><strong>καὶ</strong></span> <span class='ocrx_word' id='word_1_728' title='bbox 3021 4035 3464 4113; x_wconf 72' lang='grc' dir='ltr'>περιγεγράφθω</span> <span class='ocrx_word' id='word_1_729' title='bbox 3524 4032 3633 4084; x_wconf 82' lang='grc' dir='ltr'><strong>τῶν</strong></span> 
     </span>
    </p>
   </div>
   <div class='ocr_carea' id='block_1_101' title="bbox 2067 4123 3637 4214">
    <p class='ocr_par' dir='ltr' id='par_1_101' title="bbox 2067 4123 3637 4214">
     <span class='ocr_line' id='line_1_101' title="bbox 2067 4123 3637 4214; baseline -0.018 -13"><span class='ocrx_word' id='word_1_730' title='bbox 2067 4147 2214 4201; x_wconf 86' lang='grc' dir='ltr'>ίδίων</span> <span class='ocrx_word' id='word_1_731' title='bbox 2243 4123 2536 4214; x_wconf 65' lang='grc' dir='ltr'>ἐνεργειῶν</span> <span class='ocrx_word' id='word_1_732' title='bbox 2581 4139 2763 4210; x_wconf 88' lang='grc' dir='ltr'>μόνοις</span> <span class='ocrx_word' id='word_1_733' title='bbox 2787 4128 3157 4213; x_wconf 65' lang='grc' dir='ltr'>τοῖξπέρασιν</span> <span class='ocrx_word' id='word_1_734' title='bbox 3184 4147 3198 4159; x_wconf 90' lang='grc'>·</span> <span class='ocrx_word' id='word_1_735' title='bbox 3235 4125 3372 4182; x_wconf 83' lang='grc' dir='ltr'>ἀλλὰ</span> <span class='ocrx_word' id='word_1_736' title='bbox 3407 4123 3482 4194; x_wconf 84' lang='grc' dir='ltr'>μὴ</span> <span class='ocrx_word' id='word_1_737' title='bbox 3512 4137 3637 4174; x_wconf 88' lang='grc' dir='ltr'>συν-</span> 
     </span>
    </p>
   </div>
   <div class='ocr_carea' id='block_1_102' title="bbox 2065 4213 3634 4308">
    <p class='ocr_par' dir='ltr' id='par_1_102' title="bbox 2065 4213 3634 4308">
     <span class='ocr_line' id='line_1_102' title="bbox 2065 4213 3634 4308; baseline -0.018 -17"><span class='ocrx_word' id='word_1_738' title='bbox 2065 4213 2350 4308; x_wconf 82' lang='grc' dir='ltr'>απῲχοντο</span> <span class='ocrx_word' id='word_1_739' title='bbox 2377 4229 2590 4289; x_wconf 81' lang='grc' dir='ltr'>τούτοις</span> <span class='ocrx_word' id='word_1_740' title='bbox 2615 4227 2712 4281; x_wconf 77' lang='grc' dir='ltr'>καὶ</span> <span class='ocrx_word' id='word_1_741' title='bbox 2757 4225 2894 4296; x_wconf 78' lang='grc' dir='ltr'>πρὸς</span> <span class='ocrx_word' id='word_1_742' title='bbox 2922 4223 3022 4292; x_wconf 81' lang='grc' dir='ltr'><strong>τὴν</strong></span> <span class='ocrx_word' id='word_1_743' title='bbox 3081 4219 3294 4272; x_wconf 74' lang='grc' dir='ltr'>ἐκεῖθεν</span> <span class='ocrx_word' id='word_1_744' title='bbox 3354 4215 3520 4284; x_wconf 77' lang='grc' dir='ltr'>ζωὴν,</span> <span class='ocrx_word' id='word_1_745' title='bbox 3577 4213 3634 4264; x_wconf 76' lang='grc' dir='ltr'>ὲν</span> 
     </span>
    </p>
   </div>
   <div class='ocr_carea' id='block_1_103' title="bbox 2067 4305 3638 4404">
    <p class='ocr_par' dir='ltr' id='par_1_103' title="bbox 2067 4305 3638 4402">
     <span class='ocr_line' id='line_1_103' title="bbox 2067 4305 3638 4402; baseline -0.018 -19"><span class='ocrx_word' id='word_1_746' title='bbox 2067 4325 2103 4402; x_wconf 84' lang='grc' dir='ltr'>ἦ</span> <span class='ocrx_word' id='word_1_747' title='bbox 2267 4324 2377 4379; x_wconf 89' lang='grc' dir='ltr'><strong>τῶν</strong></span> <span class='ocrx_word' id='word_1_748' title='bbox 2405 4318 2755 4392; x_wconf 74' lang='grc' dir='ltr'>βεϐιωμένων</span> <span class='ocrx_word' id='word_1_749' title='bbox 2777 4315 2977 4388; x_wconf 79' lang='grc' dir='ltr'>ὥρισεν</span> <span class='ocrx_word' id='word_1_750' title='bbox 3006 4315 3034 4366; x_wconf 87' lang='grc' dir='ltr'>ὁ</span> <span class='ocrx_word' id='word_1_751' title='bbox 3053 4311 3258 4374; x_wconf 86' lang='grc' dir='ltr'>δίκαιος</span> <span class='ocrx_word' id='word_1_752' title='bbox 3286 4305 3481 4379; x_wconf 79' lang='grc' dir='ltr'>κριτὴς</span> <span class='ocrx_word' id='word_1_753' title='bbox 3508 4305 3638 4356; x_wconf 85' lang='grc' dir='ltr'>ἀντ-</span> 
     </span>
    </p>
   </div>
   <div class='ocr_carea' id='block_1_104' title="bbox 1989 4397 3638 4492">
    <p class='ocr_par' dir='ltr' id='par_1_104' title="bbox 1989 4397 3638 4492">
     <span class='ocr_line' id='line_1_104' title="bbox 1989 4397 3638 4492; baseline -0.018 -16"><span class='ocrx_word' id='word_1_754' title='bbox 1989 4436 2036 4492; x_wconf 77' lang='grc' dir='ltr'><strong>ι)</strong></span> <span class='ocrx_word' id='word_1_755' title='bbox 2068 4397 2346 4477; x_wconf 65' lang='grc' dir='ltr'>ἀπόδοσιν.</span> <span class='ocrx_word' id='word_1_756' title='bbox 2407 4397 2664 4476; x_wconf 78' lang='grc' dir='ltr'>Πῶςόὖν</span> <span class='ocrx_word' id='word_1_757' title='bbox 2697 4408 2766 4462; x_wconf 84' lang='grc' dir='ltr'>τὰ</span> <span class='ocrx_word' id='word_1_758' title='bbox 2797 4403 3166 4479; x_wconf 78' lang='grc' dir='ltr'>προξενοῦντα</span> <span class='ocrx_word' id='word_1_759' title='bbox 3197 4397 3470 4492; x_wconf 78' lang='grc' dir='ltr'>τιμωρίας</span> <span class='ocrx_word' id='word_1_760' title='bbox 3533 4397 3638 4448; x_wconf 84' lang='grc' dir='ltr'><strong>ἁν-</strong></span> 
     </span>
    </p>
   </div>
   <div class='ocr_carea' id='block_1_105' title="bbox 2067 4489 3643 4573">
    <p class='ocr_par' dir='ltr' id='par_1_105' title="bbox 2067 4489 3643 4573">
     <span class='ocr_line' id='line_1_105' title="bbox 2067 4489 3643 4573; baseline -0.018 -5"><span class='ocrx_word' id='word_1_761' title='bbox 2067 4514 2364 4573; x_wconf 87' lang='grc' dir='ltr'>υποὶστους</span> <span class='ocrx_word' id='word_1_762' title='bbox 2399 4509 2495 4562; x_wconf 72' lang='grc' dir='ltr'>καὶ</span> <span class='ocrx_word' id='word_1_763' title='bbox 2527 4506 2778 4570; x_wconf 72' lang='grc' dir='ltr'>κολάσεις</span> <span class='ocrx_word' id='word_1_764' title='bbox 2804 4499 3201 4567; x_wconf 82' lang='grc' dir='ltr'>ἀτελευτήτους</span> <span class='ocrx_word' id='word_1_765' title='bbox 3221 4489 3643 4562; x_wconf 76' lang='grc' dir='ltr'>ὠνομασθήσον-</span> 
     </span>
    </p>
   </div>
   <div class='ocr_carea' id='block_1_106' title="bbox 2063 4579 3642 4677">
    <p class='ocr_par' dir='ltr' id='par_1_106' title="bbox 2063 4579 3642 4677">
     <span class='ocr_line' id='line_1_106' title="bbox 2063 4579 3642 4677; baseline -0.018 -15"><span class='ocrx_word' id='word_1_766' title='bbox 2063 4625 2152 4662; x_wconf 87' lang='grc' dir='ltr'><strong>ται</strong></span> <span class='ocrx_word' id='word_1_767' title='bbox 2177 4603 2479 4677; x_wconf 86' lang='grc' dir='ltr'>ματαιότης</span> <span class='ocrx_word' id='word_1_768' title='bbox 2511 4599 2890 4670; x_wconf 72' lang='grc' dir='ltr'>ματαιοτήτων</span> <span class='ocrx_word' id='word_1_769' title='bbox 2917 4612 2934 4658; x_wconf 69' lang='grc' dir='ltr'>ι</span> <span class='ocrx_word' id='word_1_770' title='bbox 2961 4595 3095 4647; x_wconf 79' lang='grc' dir='ltr'>ὅπου</span> <span class='ocrx_word' id='word_1_771' title='bbox 3113 4607 3175 4655; x_wconf 89' lang='grc' dir='ltr'><strong>γε</strong></span> <span class='ocrx_word' id='word_1_772' title='bbox 3205 4585 3450 4655; x_wconf 69' lang='grc' dir='ltr'>καλύπὲρ</span> <span class='ocrx_word' id='word_1_773' title='bbox 3469 4579 3642 4677; x_wconf 60' lang='grc' dir='ltr'>ἀργού</span> 
     </span>
    </p>
   </div>
   <div class='ocr_carea' id='block_1_107' title="bbox 2069 4673 3646 4768">
    <p class='ocr_par' dir='ltr' id='par_1_107' title="bbox 2069 4673 3646 4768">
     <span class='ocr_line' id='line_1_107' title="bbox 2069 4673 3646 4768; baseline -0.018 -16"><span class='ocrx_word' id='word_1_774' title='bbox 2069 4673 2231 4768; x_wconf 76' lang='grc' dir='ltr'>λόγου</span> <span class='ocrx_word' id='word_1_775' title='bbox 2291 4697 2404 4757; x_wconf 86' lang='grc' dir='ltr'>τοῖς</span> <span class='ocrx_word' id='word_1_776' title='bbox 2434 4692 2741 4763; x_wconf 83' lang='grc' dir='ltr'>ἀνθρώποις</span> <span class='ocrx_word' id='word_1_777' title='bbox 2776 4680 3280 4756; x_wconf 79' lang='grc' dir='ltr'>εἰσπραχθήσεεθαι</span> <span class='ocrx_word' id='word_1_778' title='bbox 3321 4677 3497 4739; x_wconf 82' lang='grc' dir='ltr'>δίκας,</span> <span class='ocrx_word' id='word_1_779' title='bbox 3549 4673 3646 4768; x_wconf 77' lang='grc' dir='ltr'><strong>καὶ</strong></span> 
     </span>
    </p>
   </div>
   <div class='ocr_carea' id='block_1_108' title="bbox 2064 4767 3642 4860">
    <p class='ocr_par' dir='ltr' id='par_1_108' title="bbox 2064 4767 3642 4860">
     <span class='ocr_line' id='line_1_108' title="bbox 2064 4767 3642 4860; baseline -0.018 -14"><span class='ocrx_word' id='word_1_780' title='bbox 2064 4767 2227 4860; x_wconf 85' lang='grc' dir='ltr'>λόγον</span> <span class='ocrx_word' id='word_1_781' title='bbox 2281 4786 2586 4842; x_wconf 85' lang='grc' dir='ltr'>ἀποδώσειν</span> <span class='ocrx_word' id='word_1_782' title='bbox 2617 4781 2758 4836; x_wconf 87' lang='grc' dir='ltr'>κατὰ</span> <span class='ocrx_word' id='word_1_783' title='bbox 2789 4781 2888 4850; x_wconf 86' lang='grc' dir='ltr'><strong>τὴν</strong></span> <span class='ocrx_word' id='word_1_784' title='bbox 2934 4777 3148 4846; x_wconf 86' lang='grc' dir='ltr'>ἡμέραν</span> <span class='ocrx_word' id='word_1_785' title='bbox 3202 4773 3298 4842; x_wconf 81' lang='grc' dir='ltr'>τῆς</span> <span class='ocrx_word' id='word_1_786' title='bbox 3323 4770 3556 4860; x_wconf 79' lang='grc' dir='ltr'>κρίσεως</span> <span class='ocrx_word' id='word_1_787' title='bbox 3582 4767 3642 4818; x_wconf 77' lang='grc' dir='ltr'>ὲν</span> 
     </span>
    </p>
   </div>
   <div class='ocr_carea' id='block_1_109' title="bbox 2065 4857 3620 4948">
    <p class='ocr_par' dir='ltr' id='par_1_109' title="bbox 2065 4857 3620 4948">
     <span class='ocr_line' id='line_1_109' title="bbox 2065 4857 3620 4948; baseline -0.019 -9"><span class='ocrx_word' id='word_1_788' title='bbox 2065 4857 2182 4946; x_wconf 63' lang='lat' dir='ltr'><strong>toi;</strong></span> <span class='ocrx_word' id='word_1_789' title='bbox 2220 4877 2584 4948; x_wconf 82' lang='grc' dir='ltr'>Εὐαγγελίοις</span> <span class='ocrx_word' id='word_1_790' title='bbox 2610 4875 2776 4945; x_wconf 73' lang='grc' dir='ltr'>φησὶν</span> <span class='ocrx_word' id='word_1_791' title='bbox 2807 4873 2834 4924; x_wconf 81' lang='grc' dir='ltr'><strong>ό</strong></span> <span class='ocrx_word' id='word_1_792' title='bbox 2866 4867 3104 4940; x_wconf 81' lang='grc' dir='ltr'>Χριστὸς</span> <span class='ocrx_word' id='word_1_793' title='bbox 3137 4866 3230 4918; x_wconf 74' lang='grc' dir='ltr'><strong>καὶ</strong></span> <span class='ocrx_word' id='word_1_794' title='bbox 3280 4862 3410 4924; x_wconf 78' lang='grc' dir='ltr'>Θεὸς</span> <span class='ocrx_word' id='word_1_795' title='bbox 3442 4857 3620 4928; x_wconf 85' lang='grc' dir='ltr'>ἡμῶν.</span> 
     </span>
    </p>
   </div>
   <div class='ocr_carea' id='block_1_110' title="bbox 2139 4949 3640 5035">
    <p class='ocr_par' dir='ltr' id='par_1_110' title="bbox 2139 4949 3640 5035">
     <span class='ocr_line' id='line_1_110' title="bbox 2139 4949 3640 5035; baseline -0.016 -8"><span class='ocrx_word' id='word_1_796' title='bbox 2139 4974 2297 5026; x_wconf 82' lang='grc' dir='ltr'>Ἐστι</span> <span class='ocrx_word' id='word_1_797' title='bbox 2319 4969 2376 5024; x_wconf 81' lang='grc' dir='ltr'>δὲ</span> <span class='ocrx_word' id='word_1_798' title='bbox 2403 4966 2722 5035; x_wconf 80' lang='grc' dir='ltr'>καταφανὴς</span> <span class='ocrx_word' id='word_1_799' title='bbox 2760 4959 2986 5015; x_wconf 81' lang='grc' dir='ltr'>αὐτόθεν</span> <span class='ocrx_word' id='word_1_800' title='bbox 3012 4959 3112 5027; x_wconf 80' lang='grc' dir='ltr'>τῆς</span> <span class='ocrx_word' id='word_1_801' title='bbox 3142 4953 3380 5024; x_wconf 85' lang='grc' dir='ltr'>ἀπορίας</span> <span class='ocrx_word' id='word_1_802' title='bbox 3405 4953 3440 5020; x_wconf 79' lang='grc' dir='ltr'>ἡ</span> <span class='ocrx_word' id='word_1_803' title='bbox 3464 4949 3640 5010; x_wconf 82' lang='grc' dir='ltr'>λύσις.</span> 
     </span>
    </p>
   </div>
   <div class='ocr_carea' id='block_1_111' title="bbox 2081 5042 3642 5135">
    <p class='ocr_par' dir='ltr' id='par_1_111' title="bbox 2081 5042 3642 5135">
     <span class='ocr_line' id='line_1_111' title="bbox 2081 5042 3642 5135; baseline -0.018 -16"><span class='ocrx_word' id='word_1_804' title='bbox 2081 5067 2138 5119; x_wconf 85' lang='grc' dir='ltr'>Ὁ</span> <span class='ocrx_word' id='word_1_805' title='bbox 2170 5065 2281 5135; x_wconf 87' lang='grc' dir='ltr'>γὰρ</span> <span class='ocrx_word' id='word_1_806' title='bbox 2317 5061 2477 5130; x_wconf 72' lang='grc' dir='ltr'>σοφὸς</span> <span class='ocrx_word' id='word_1_807' title='bbox 2523 5052 2956 5128; x_wconf 76' lang='grc' dir='ltr'>Ἐκκλησιαστὴς</span> <span class='ocrx_word' id='word_1_808' title='bbox 2988 5052 3064 5112; x_wconf 84' lang='grc' dir='ltr'>ὡς</span> <span class='ocrx_word' id='word_1_809' title='bbox 3095 5047 3233 5120; x_wconf 77' lang='grc' dir='ltr'>πρὸς</span> <span class='ocrx_word' id='word_1_810' title='bbox 3249 5042 3642 5112; x_wconf 77' lang='grc' dir='ltr'>εἰσαγομένους</span> 
     </span>
    </p>
   </div>
   <div class='ocr_carea' id='block_1_112' title="bbox 2065 5135 3644 5223">
    <p class='ocr_par' dir='ltr' id='par_1_112' title="bbox 2065 5135 3644 5223">
     <span class='ocr_line' id='line_1_112' title="bbox 2065 5135 3644 5223; baseline -0.018 -12"><span class='ocrx_word' id='word_1_811' title='bbox 2065 5159 2158 5211; x_wconf 80' lang='grc' dir='ltr'><strong>τὸν</strong></span> <span class='ocrx_word' id='word_1_812' title='bbox 2182 5155 2341 5223; x_wconf 88' lang='grc' dir='ltr'>λόγον</span> <span class='ocrx_word' id='word_1_813' title='bbox 2368 5151 2712 5218; x_wconf 87' lang='grc' dir='ltr'>ποιούμενος,</span> <span class='ocrx_word' id='word_1_814' title='bbox 2742 5145 2836 5202; x_wconf 76' lang='grc' dir='ltr'><strong>καὶ</strong></span> <span class='ocrx_word' id='word_1_815' title='bbox 2865 5137 3292 5209; x_wconf 86' lang='grc' dir='ltr'>καταγινώσκων</span> <span class='ocrx_word' id='word_1_816' title='bbox 3323 5135 3420 5188; x_wconf 72' lang='grc' dir='ltr'><strong>καὶ</strong></span> <span class='ocrx_word' id='word_1_817' title='bbox 3473 5147 3644 5186; x_wconf 83' lang='grc' dir='ltr'>κατα-</span> 
     </span>
    </p>
   </div>
   <div class='ocr_carea' id='block_1_113' title="bbox 2070 5223 3649 5319">
    <p class='ocr_par' dir='ltr' id='par_1_113' title="bbox 2070 5223 3649 5319">
     <span class='ocr_line' id='line_1_113' title="bbox 2070 5223 3649 5319; baseline -0.016 -17"><span class='ocrx_word' id='word_1_818' title='bbox 2070 5245 2422 5319; x_wconf 74' lang='grc' dir='ltr'>μεμφόμενος</span> <span class='ocrx_word' id='word_1_819' title='bbox 2448 5241 2562 5296; x_wconf 83' lang='grc' dir='ltr'>τῶν·</span> <span class='ocrx_word' id='word_1_820' title='bbox 2584 5233 3118 5310; x_wconf 86' lang='grc' dir='ltr'>παραχαραττόντων</span> <span class='ocrx_word' id='word_1_821' title='bbox 3159 5229 3300 5319; x_wconf 76' lang='grc' dir='ltr'>τοὺς</span> <span class='ocrx_word' id='word_1_822' title='bbox 3334 5226 3494 5319; x_wconf 79' lang='grc' dir='ltr'>ὅρους</span> <span class='ocrx_word' id='word_1_823' title='bbox 3551 5223 3649 5278; x_wconf 68' lang='grc' dir='ltr'>καὶ</span> 
     </span>
    </p>
   </div>
   <div class='ocr_carea' id='block_1_114' title="bbox 2067 5317 3649 5404">
    <p class='ocr_par' dir='ltr' id='par_1_114' title="bbox 2067 5317 3649 5404">
     <span class='ocr_line' id='line_1_114' title="bbox 2067 5317 3649 5404; baseline -0.018 -10"><span class='ocrx_word' id='word_1_824' title='bbox 2067 5317 2260 5404; x_wconf 76' lang='grc' dir='ltr'>λόγους</span> <span class='ocrx_word' id='word_1_825' title='bbox 2286 5336 2386 5404; x_wconf 82' lang='grc' dir='ltr'>τῆς</span> <span class='ocrx_word' id='word_1_826' title='bbox 2417 5331 2652 5403; x_wconf 83' lang='grc' dir='ltr'>φύσεως,</span> <span class='ocrx_word' id='word_1_827' title='bbox 2697 5328 2792 5393; x_wconf 67' lang='grc' dir='ltr'><strong>καὶ</strong></span> <span class='ocrx_word' id='word_1_828' title='bbox 2821 5327 2950 5386; x_wconf 82' lang='grc' dir='ltr'>τοὺς</span> <span class='ocrx_word' id='word_1_829' title='bbox 2977 5324 3176 5393; x_wconf 87' lang='grc' dir='ltr'>νόμους</span> <span class='ocrx_word' id='word_1_830' title='bbox 3218 5317 3314 5372; x_wconf 82' lang='grc' dir='ltr'><strong>τοῦ</strong></span> <span class='ocrx_word' id='word_1_831' title='bbox 3360 5317 3649 5404; x_wconf 77' lang='grc' dir='ltr'>κτίσαντος</span> 
     </span>
    </p>
   </div>
   <div class='ocr_carea' id='block_1_115' title="bbox 2065 5401 3646 5504">
    <p class='ocr_par' dir='ltr' id='par_1_115' title="bbox 2065 5401 3646 5504">
     <span class='ocr_line' id='line_1_115' title="bbox 2065 5401 3646 5504; baseline -0.019 -18"><span class='ocrx_word' id='word_1_832' title='bbox 2065 5401 2216 5504; x_wconf 77' lang='grc' dir='ltr'>ἡμᾶς</span> <span class='ocrx_word' id='word_1_833' title='bbox 2249 5401 2806 5498; x_wconf 80' lang='grc' dir='ltr'>παραλογιζομένους,</span> <span class='ocrx_word' id='word_1_834' title='bbox 2835 5420 2930 5472; x_wconf 74' lang='grc' dir='ltr'>καὶ</span> <span class='ocrx_word' id='word_1_835' title='bbox 2959 5417 3080 5478; x_wconf 84' lang='grc' dir='ltr'>ταῖς</span> <span class='ocrx_word' id='word_1_836' title='bbox 3111 5409 3525 5504; x_wconf 83' lang='grc' dir='ltr'>προαιρετικαῖς</span> 
     </span>
    </p>
   </div>
   <div class='ocr_carea' id='block_1_116' title="bbox 2069 5498 3650 5588">
    <p class='ocr_par' dir='ltr' id='par_1_116' title="bbox 2069 5498 3650 5588">
     <span class='ocr_line' id='line_1_116' title="bbox 2069 5498 3650 5588; baseline -0.017 -11"><span class='ocrx_word' id='word_1_837' title='bbox 2069 5498 2420 5585; x_wconf 78' lang='grc' dir='ltr'>αύτεξουσίου</span> <span class='ocrx_word' id='word_1_838' title='bbox 2455 5515 2650 5588; x_wconf 74' lang='grc' dir='ltr'>ῥοπαῖς</span> <span class='ocrx_word' id='word_1_839' title='bbox 2682 5512 2779 5566; x_wconf 75' lang='grc' dir='ltr'>καὶ</span> <span class='ocrx_word' id='word_1_840' title='bbox 2821 5509 3074 5580; x_wconf 84' lang='grc' dir='ltr'>κινήσεσι</span> <span class='ocrx_word' id='word_1_841' title='bbox 3123 5503 3498 5577; x_wconf 77' lang='grc' dir='ltr'>κεχρημένους</span> <span class='ocrx_word' id='word_1_842' title='bbox 3555 5498 3650 5552; x_wconf 74' lang='grc' dir='ltr'><strong>ἐπὶ</strong></span> 
     </span>
    </p>
   </div>
   <div class='ocr_carea' id='block_1_117' title="bbox 2071 5590 3650 5680">
    <p class='ocr_par' dir='ltr' id='par_1_117' title="bbox 2071 5590 3650 5680">
     <span class='ocr_line' id='line_1_117' title="bbox 2071 5590 3650 5680; baseline -0.015 -14"><span class='ocrx_word' id='word_1_843' title='bbox 2071 5615 2182 5675; x_wconf 82' lang='grc' dir='ltr'>τοῖς</span> <span class='ocrx_word' id='word_1_844' title='bbox 2213 5606 2554 5680; x_wconf 77' lang='grc' dir='ltr'>ἁσυμφόροις</span> <span class='ocrx_word' id='word_1_845' title='bbox 2607 5602 2703 5657; x_wconf 65' lang='grc' dir='ltr'><strong>καὶ</strong></span> <span class='ocrx_word' id='word_1_846' title='bbox 2741 5600 2988 5670; x_wconf 84' lang='grc' dir='ltr'>φαύλοις,</span> <span class='ocrx_word' id='word_1_847' title='bbox 3052 5593 3358 5667; x_wconf 76' lang='grc' dir='ltr'>ἀποχρῆναι</span> <span class='ocrx_word' id='word_1_848' title='bbox 3397 5590 3650 5662; x_wconf 81' lang='grc' dir='ltr'>ἡγήσατο</span> 
     </span>
    </p>
   </div>
  </div>
