4076 6284
379 322 485 387 753

1491 328 1554 388 S.
1597 325 1981 387 GREGORII
2019 327 2535 390 AGRIGENTINI

3539 322 3646 388 76S

382 439 542 494 valde
571 439 799 511 pulchra
820 449 1034 511 reperta
1067 456 1210 509 esse,
1235 442 1424 498 divino
1452 444 1766 500 testimonio
1799 443 1962 499 doce-

2082 444 2260 511 rovéta
2291 445 2471 500 πάντα
2499 445 2641 498 καλὰ
2681 444 2800 498 λίαν
2831 443 3300 517 ἐμαρτυρήθησαν
3321 457 3336 473 ·
3375 439 3470 496 καὶ
3521 440 3647 496 οὕτε

383 546 528 585 mur.
550 529 735 600 Neque
757 545 896 586 vero
919 541 1014 587 aut
1039 533 1346 589 divinarum
1369 534 1698 590 Litterarum
1743 543 1964 589 senten-

384 625 474 679 tia:
511 624 786 684 adversari
812 623 896 681 l‘as
922 637 1024 691 est,
1058 634 1156 680 aut
1187 628 1460 696 cognitam
1503 625 1963 696 manifestamque

383 714 674 770 utilitatem
700 726 756 772 et
787 715 1250 786 pulchritudinem
1282 729 1338 772 et
1369 718 1618 772 ordinem
1652 717 1830 787 ipsum
1862 731 1954 771 na-

387 815 521 862 tura:
547 808 600 862 in
638 808 725 873 iis,
747 825 868 878 qua:
895 807 1032 863 sunt
1053 825 1286 880 quaeque
1329 797 1604 873 visuntur,
1655 808 1966 880 quomodo-

385 915 600 970 cunque
639 901 890 969 redargui
916 916 1017 971 par
1045 913 1182 956 erat.
1213 903 1354 968 Quin
1396 911 1451 957 et
1477 902 1725 957 homines
1756 901 1963 972 priscos

403 1001 778 1060 recentesque,
819 992 910 1061 qui
937 993 1011 1047 rei
1041 994 1257 1048 rusticae
1285 995 1455 1049 dediti
1507 1004 1668 1050 terra:
1701 994 1962 1059 cultores,

384 1094 722 1150 operumque
753 1082 983 1136 studiosi
1011 1081 1254 1148 fuerunt,
1277 1085 1450 1140 sacris
1485 1084 1542 1138 in
1579 1077 1800 1138 Litteris
1823 1097 1964 1137 cont-

385 1170 632 1225 meudari
684 1169 953 1236 videmus,
1010 1182 1312 1243 contraque
1369 1175 1462 1244 qui
1515 1174 1851 1245 negligentes
1911 1182 1972 1229 ct

386 1263 569 1332 ignavi
598 1271 653 1317 et
680 1263 897 1320 desides
931 1263 1062 1328 sint,
1099 1264 1286 1319 multis
1306 1264 1628 1334 reprehendi
1671 1282 1686 1319 :
1715 1265 1968 1336 quando-

387 1354 608 1424 quidem
635 1363 690 1409 et
719 1353 898 1422 initio,
931 1371 1055 1411 cum
1084 1357 1224 1411 Deus
1256 1357 1473 1426 generis
1534 1357 1703 1412 nostri
1758 1359 1966 1428 princi-

389 1458 510 1512 pem
546 1445 725 1511 tinxit,
759 1445 813 1499 in
850 1447 1103 1514 paradiso
1130 1447 1452 1503 collocavit:
1484 1466 1503 1499 ι
1543 1447 1616 1502 Ut
1643 1459 1968 1519 operaretur

387 1546 440 1590 et
468 1537 772 1592 custodiret
795 1537 948 1592 illum
977 1538 1040 1590 ¹¹.
1084 1556 1103 1591 ι
1134 1539 1200 1594 Ει
1226 1539 1294 1594 de
1327 1539 1514 1595 lsaaco
1545 1540 1809 1610 scriptum
1836 1551 1963 1596 est:

395 1646 415 1674 σ
446 1625 598 1682 Sevit
627 1628 681 1682 in
722 1639 865 1684 terra
891 1629 1002 1695 illa,
1032 1639 1087 1686 et
1133 1647 1276 1685 anno
1299 1632 1488 1687 eodem
1521 1615 1784 1688 hordeum
1811 1633 1968 1687 inve-

392 1719 472 1773 nit
493 1721 858 1789 centuplicato
881 1720 1018 1792 (28).
1051 1741 1071 1774 ι
1104 1721 1352 1792 Longum
1377 1739 1504 1778 vero
1521 1735 1670 1780 esset
1697 1733 1749 1780 et
1778 1741 1962 1795 grave,

2066 534 2144 604 τῷ
2171 534 2314 606 λόγῳ
2344 537 2445 606 τῆς
2468 536 2619 601 θείας
2642 538 2868 610 Γραφῆς
2895 531 3007 590 οἷόν
3031 538 3090 590 τέ
3117 539 3236 589 ἐστι
3266 533 3646 604 ἀντιφάσκειν,

2064 629 2189 684 οὔτε
2213 630 2313 702 τὴν
2341 628 2753 701 διεγνωσμένην
2784 631 2878 685 καὶ
2905 627 3362 698 κατειλημμένην
3377 623 3650 697 χρησιμό-

2064 735 2204 786 τητα
2239 720 2334 772 καὶ
2367 719 2634 791 καλλονὴν
2660 720 2755 772 καὶ
2785 719 2942 783 τάξιν
2970 717 3072 788 τῆς
3095 715 3314 786 φύσεως
3339 715 3448 769 τῶν
3479 714 3649 767 ὄντων

2067 811 2164 863 καὶ
2221 799 2567 880 φαινομένων
2617 810 2869 866 ὁπωσοῦν
2917 808 3287 864 ἐνδιαὸἀλλειν
3343 808 3641 878 προσῆκεν.

2079 901 2240 953 Ἀλλά
2269 902 2363 955 καὶ
2414 903 2541 965 τοὺς
2567 903 2666 966 τὰς
2699 900 3014 973 γεωργικὰς
3049 898 3370 972 ἐπιμελείας
3409 899 3505 952 καὶ
3536 913 3638 967 γηο

2067 992 2268 1056 πονίας
2323 993 2422 1046 καὶ
2478 993 2765 1062 φιλεργίας
2805 993 3108 1062 ἐσχηκότας
3157 988 3480 1060 ἀνθρώπους
3540 1003 3649 1038 πα-

2066 1085 2251 1149 λαιούς
2312 1103 2373 1139 τε
2426 1087 2521 1140 καὶ
2571 1086 2725 1150 νέους
2751 1073 3337 1154 κατασεμνυνομένους
3390 1077 3648 1147 εὑρίσκο-

2072 1194 2170 1246 μεν
2203 1176 2308 1230 ὑπὸ
2335 1177 2437 1244 τῆς
2468 1177 2623 1241 θείας
2655 1176 2882 1248 Γραφῆς
2907 1193 2920 1206 ·
2954 1175 3029 1238 ὡς
3079 1171 3318 1243 ἔμπαλιν
3340 1171 3467 1231 τοὺς
3512 1169 3651 1237 ἀμες-
3673 1233 3689 1249 ε

2065 1267 2178 1329 λεῖς
2204 1266 2298 1319 καὶ
2326 1267 2531 1336 ἀργοὺς
2561 1267 2657 1322 καὶ
2687 1265 2968 1337 ῥᾳθύμους
2992 1261 3234 1334 μέμψεσι
3263 1257 3491 1320 πολλαῖς
3517 1255 3654 1310 καθα

2064 1355 2560 1427 υποϐεϐλημένους.
2607 1357 2826 1426 Ἐπειδὴ
2857 1356 2950 1410 καὶ
2979 1355 3101 1407 κατ’
3132 1351 3306 1423 ἀρχὰς
3338 1349 3505 1422 ἡνίκα
3563 1347 3655 1400 τὸν

2067 1448 2370 1521 γεννάρχην
2414 1449 2693 1504 ἐπλασενό
2715 1449 2870 1512 Θεὸς,
2900 1449 2962 1500 ἐν
2991 1445 3070 1516 τῷ
3125 1445 3446 1516 παραδείσῳ
3479 1440 3650 1506 ἔθετο,

2074 1559 2093 1593 ι
2128 1540 2674 1612 Ἐργάζεσθαιαύτδν
2729 1541 2827 1593 καὶ
2891 1537 3214 1609 φυλάσσειν.
3252 1554 3270 1588 ι
3334 1534 3655 1606 Γέγραπται

2067 1632 2252 1688 δὲκαὶ
2285 1633 2536 1706 περὶτοῦ
2579 1632 2788 1694 Ἰσαὰκ,
2839 1629 2917 1695 ὡς
2959 1649 2978 1682 ι
3030 1631 3330 1698 Ἔσπειρεν
3358 1629 3417 1681 ἐν
3469 1629 3533 1694 τῇ
3583 1626 3654 1694 γῆ

2068 1725 2272 1798 ἐκείνῃ,
2299 1727 2395 1780 καὶ
2423 1720 2546 1797 εὗρε
2566 1726 2644 1796 τῷ
2683 1721 2912 1794 ἐνιαυτῷ
2936 1722 3130 1792 ἐκείνῳ
3156 1718 3656 1774 ἐκαστοστεύουσαν

389 1828 513 1882 quae
560 1815 626 1869 de
666 1815 752 1869 his
786 1824 1008 1870 exstant
1045 1815 1379 1880 testimonia,
1434 1817 1820 1872 vel'cvolvere
1887 1817 1970 1871 vel

2082 1815 2270 1886 κριθήν
2294 1829 2308 1846 ο
2340 1832 2360 1866 ι
2397 1813 2493 1868 καὶ
2533 1812 2745 1898 μακρὸν
2791 1811 2857 1866 ἂν
2879 1811 2966 1881 εἴη
2998 1811 3096 1864 καὶ
3121 1807 3376 1881 φορτικὸν
3400 1807 3498 1872 τὰς
3528 1805 3661 1875 περὶ

394 1902 616 1958 referre.
649 1902 860 1960 Novere
883 1906 1028 1960 enim
1071 1920 1262 1961 omnes
1283 1921 1346 1959 ea
1386 1906 1571 1971 etiam,
1595 1922 1716 1977 quae
1756 1922 1788 1963 e
1838 1922 1970 1962 con-

385 1993 563 2048 trario
615 1994 684 2048 ad
727 1996 1211 2066 reprehensionem
1257 1997 1561 2052 otiosorum
1612 2007 1666 2052 et
1719 2000 1970 2069 segninm

385 2086 600 2156 prolata
622 2095 772 2152 sunt,
805 2102 1036 2156 quorum
1064 2105 1226 2144 causa
1259 2090 1484 2155 dicitur,
1521 2108 1540 2141 ι
1564 2089 1679 2144 Viae
1708 2090 1972 2145 inertium

393 2188 577 2234 stratae
605 2179 778 2249 spinis
809 2178 950 2250 (29).
988 2180 1119 2235 rAc
1143 2196 1362 2236 rursum
1407 2199 1422 2236 :
1454 2199 1472 2233 ι
1513 2179 1663 2236 Vade
1689 2181 1757 2237 ad
1789 2183 1974 2237 formi-

391 2286 537 2333 cam,
578 2285 612 2326 o
637 2271 806 2342 piger,
839 2279 1004 2340 atque
1023 2271 1283 2328 azmulare
1313 2272 1432 2327 vias
1480 2273 1623 2342 ejus,
1651 2282 1708 2328 et
1730 2283 1850 2330 esto
1881 2274 1972 2330 illa

394 2361 734 2431 sapientior;
765 2377 890 2415 nam
917 2376 1040 2416 cum
1070 2363 1118 2416 ei
1164 2378 1269 2416 non
1302 2364 1377 2418 sit
1406 2363 1638 2432 agellus,
1667 2380 1846 2433 neque
1876 2365 1976 2419 ha-

399 2453 522 2507 beat
543 2451 637 2522 qui
665 2460 844 2522 cogat,
879 2469 1058 2524 neque
1087 2453 1192 2509 sub
1216 2454 1442 2509 domino
1471 2455 1563 2520 sit,
1594 2466 1750 2524 parat
1789 2464 1977 2512 testate

400 2545 722 2599 alimentum
759 2553 816 2598 et
842 2543 1072 2599 multant
1107 2545 1161 2600 in
1190 2561 1369 2602 messe
1397 2546 1526 2600 facit
1551 2544 1973 2603 acervationem'.

400 2639 504 2691 Aut
532 2634 666 2691 vade
689 2635 758 2690 ad
791 2650 971 2706 apem,
998 2646 1052 2692 et
1085 2637 1258 2706 disce,
1285 2638 1565 2708 quomodo
1586 2639 1839 2708 operaria
1869 2647 1974 2706 est,

399 2736 564 2796 atque
586 2743 724 2798 opus
745 2744 909 2784 suum
941 2743 1106 2798 quam
1140 2729 1450 2799 speciosum
1483 2729 1632 2793 facit,
1687 2730 1847 2801 cujus
1893 2731 1978 2786 la-

399 2819 625 2875 boribus
653 2834 806 2890 reges
823 2820 1130 2890 privatique
1143 2821 1209 2876 ad
1231 2823 1520 2878 sanitatem
1543 2832 1781 2879 utuntur
1804 2823 1973 2896 (30).»

399 2911 626 2982 Magnus
655 2926 784 2967 vero
836 2910 1066 2978 Paulus,
1105 2929 1171 2968 os
1213 2914 1346 2970 illud
1404 2930 1657 2981 aureum,
1693 2931 1764 2971 ne
1798 2917 1852 2970 in
1876 2931 1978 2972 esu

400 3003 619 3074 quidem
640 3021 858 3061 cessare
891 3021 1221 3076 quemquam
1258 3017 1312 3061 et
1340 3007 1579 3062 otiosum
1610 3021 1732 3062 esse
1761 3010 1982 3076 permit-

401 3096 468 3151 tit
493 3097 559 3150 ".
590 3095 876 3163 Quomodo
902 3097 1072 3166 igitur
1103 3097 1346 3168 cogitare
1390 3098 1496 3168 ιθ
1526 3097 1704 3163 liccat,
1756 3115 1878 3168 qua:
1923 3099 1976 3154 in

399 3203 583 3242 rerum
605 3189 1074 3255 naturavidemus,
1093 3204 1156 3242 ea
1184 3189 1479 3243 vanitatem
1505 3205 1626 3244 esse
1651 3191 1983 3244 vanitatutn?
2011 3159 2053 3218 ο

405 3289 496 3333 aut
525 3280 850 3334 sententiam
885 3277 1190 3350 illam,qu:e
1208 3281 1435 3334 adducta
1457 3291 1558 3345 est,
1599 3298 1618 3331 ι
1647 3281 1787 3346 Quid
1823 3262 1984 3336 habet

404 3367 639 3436 amplius
667 3368 833 3422 ltomo
871 3368 938 3422 de
971 3369 1230 3422 universo
1261 3369 1450 3424 labore
1477 3385 1600 3436 suo,
1639 3385 1746 3440 quo
1775 3369 1985 3425 laborat

405 3457 509 3511 sub
531 3457 691 3511 sole?
723 3477 743 3510 ι
782 3465 941 3513 ιρι-πε
987 3475 1152 3529 opera
1181 3459 1538 3528 signiﬁcare?
1589 3459 1820 3531 Propter
1861 3478 1984 3531 qua:

403 3548 584 3617 potius
621 3549 887 3602 honestus
918 3559 972 3602 et
1011 3548 1318 3603 industrius
1346 3557 1398 3601 et
1431 3547 1538 3600 Deo
1583 3549 1783 3602 charns
1819 3549 1984 3602 homo

408 3637 481 3690 sit
519 3637 792 3702 inventus,
823 3637 954 3691 illud
986 3636 1194 3691 scilicet
1223 3652 1356 3690 cura
1385 3634 1658 3705 ejusmodi
1691 3645 1745 3691 et
1767 3636 1977 3692 laboris

404 3727 727 3782 assiduitate
757 3737 1106 3794 consecutus,
1139 3736 1197 3782 ttt
1221 3737 1272 3782 et
1295 3742 1500 3798 egenos
1529 3727 1720 3793 aleret,
1781 3737 1835 3782 et
1884 3729 1977 3783 |l0~

409 3819 588 3888 spites
625 3819 856 3890 benigne
877 3821 1173 3890 acciperet,
1203 3829 1258 3874 et
1287 3819 1391 3874 alia
1421 3817 1532 3874 Deo
1552 3819 1792 3890 jucunda
1840 3820 1986 3876 face-

405 3923 510 3969 rei.

481 4093 616 4150 Nam
641 4095 744 4150 nisi
767 4095 859 4162 sit,
889 4096 984 4166 qui
1015 4095 1312 4151 sudoribus
1341 4094 1460 4150 suis
1492 4103 1548 4150 et
1574 4093 1856 4151 laboribus
1891 4109 1985 4150 co-

406 4184 551 4255 piam
575 4185 678 4239 sibi
710 4195 882 4255 paret,
908 4193 1040 4240 utet
1077 4185 1192 4254 ipse
1213 4183 1475 4249 abundet,
1527 4193 1583 4238 et
1611 4182 1984 4254 indigentibus

406 4276 757 4331 commodare
777 4277 970 4344 possit,
1003 4276 1096 4347 qui
1123 4276 1587 4346 comprobabitnr,
1615 4284 1712 4330 aut
1739 4275 1804 4330 ad
1821 4291 1982 4346 quem

407 4362 682 4438 pertinere
721 4369 1042 4438 putabimus
1057 4368 1263 4424 dictum
1293 4368 1424 4424 illud
1465 4387 1478 4422 :
1511 4387 1530 4420 ι
1572 4367 1858 4439 Dispersit,
1889 4367 1986 4423 de-

406 4462 837 4531 ditpauperibns
879 4480 893 4516 :
928 4447 1145 4531 justitia
1199 4461 1320 4531 ejus
1377 4469 1567 4516 manet
1613 4461 1667 4516 in
1722 4461 1984 4518 saeculut

407 4555 593 4610 δέρουΙί
617 4555 696 4608 "i
727 4574 746 4606 ι
785 4555 966 4624 Quare
993 4554 1423 4625 nihilejusntodi
1457 4554 1780 4627 designabat
1804 4553 1986 4610 Eccle-

408 4647 630 4710 siastes,
664 4646 758 4702 sed
809 4647 942 4701 illud
993 4647 1048 4702 in
1099 4647 1284 4703 animo
1321 4647 1581 4703 habuisse
1625 4647 1864 4713 videtur,
1925 4655 1986 4702 ut

407 4735 558 4791 clare
621 4735 964 4806 praeciperet,
1004 4752 1072 4791 ne
1102 4735 1231 4806 quis
1281 4751 1527 4804 unquam
1585 4735 1653 4791 iis
1681 4736 1989 4792 exuberare

407 4828 670 4898 Operibus
700 4827 880 4891 vellet,
913 4841 1037 4896 quae
1069 4825 1124 4880 in
1162 4826 1434 4882 detestata
1469 4827 1772 4896 voluptate,
1825 4836 1989 4896 atque

409 4920 466 4974 in
496 4919 939 4986 corruptelarum
971 4917 1250 4974 illecebris
1267 4925 1321 4972 et
1343 4919 1396 4972 in
1430 4919 1712 4975 obscoenis
1734 4918 1988 4988 corporis

409 5009 734 5064 libidinibus
764 5023 1058 5066 versantur
1101 5029 1116 5065 :
1151 5018 1246 5064 aut
1301 5012 1354 5066 in
1395 5010 1798 5081 cupiditatibus
1830 5011 1899 5066 iis
1934 5019 1991 5066 et

410 5102 563 5158 curis
592 5110 647 5156 ct
666 5103 930 5157 servitute
961 5111 1013 5158 et
1061 5104 1344 5167 aerumnis,
1380 5120 1519 5174 quas
1551 5103 1806 5160 homines
1838 5093 1999 5158 inani

411 5195 604 5266 gloriae
632 5196 820 5252 studio
853 5197 1127 5261 tolerant;
1158 5212 1224 5254 ex
1257 5199 1464 5269 quibus
1503 5214 1612 5253 non
1669 5197 1838 5254 modo
1867 5197 1992 5253 nul-

411 5287 524 5344 lum
557 5288 786 5344 omnino
816 5303 1010 5359 cepere
1054 5289 1314 5357 fructum,
1354 5290 1450 5346 sed
1488 5304 1654 5361 saepe,
1701 5289 1992 5359 ingruente

411 5379 733 5436 morborum
775 5383 1027 5448 cohorte,
1059 5393 1270 5440 natura:
1301 5399 1526 5454 quoque
1585 5384 1731 5438 vires
1781 5381 1987 5437 amise-

483 5493 528 5527 ⁸¹
556 5493 692 5552 Gen.
715 5511 778 5562 ιι,
813 5495 900 5562 15,
976 5497 1022 5528 ’³
1055 5496 1074 5551 l
1107 5497 1234 5552 Cor.
1265 5514 1320 5562 κ,
1348 5497 1438 5552 51.
1514 5497 1560 5529 ³³
1597 5495 1742 5552 Psal.
1773 5510 1884 5562 CXI,
1916 5494 1973 5548 9.

487 5587 600 5658 (28)
628 5589 766 5647 Gen.
804 5592 1076 5658 xxvt,12.
1125 5590 1318 5647 Latina
1361 5600 1544 5647 nostra
1600 5608 1710 5648 non
1755 5591 1992 5648 reddunt

415 5656 798 5800 xnggj’d’rov.
839 5749 928 5798 xv,
961 5735 1046 5790 l9.
1078 5733 1134 5788 lu
1183 5732 1392 5789 Latinis
1437 5734 1516 5789 sic
1549 5733 1790 5790 redditur
1821 5751 1834 5788 z
1877 5729 1991 5785 Iter

2075 1905 2184 1961 τῶν
2229 1905 2488 1960 τοιούτων
2537 1903 2844 1976 μαρτυρίας
2900 1902 3202 1957 ἀνελίττειν
3258 1901 3352 1981 καὶ
3403 1899 3656 1970 φάσκειν.

2075 1998 2246 2068 Δῆλον
2273 1997 2382 2069 γάρ
2425 1999 2541 2050 ἐστι
2589 1997 2724 2050 πᾶσι
2779 1995 2872 2048 καὶ
2923 1993 2994 2048 τὰ
3031 1993 3159 2046 κατ’
3209 1990 3527 2046 ἐναντίωσιν
3579 1989 3658 2052 είς

2079 2090 2290 2162 μέμψιν
2330 2089 2598 2160 εἰρημένα
2623 2086 2748 2141 τῶν
2791 2085 3010 2157 ἀέργων
3041 2084 3140 2138 καὶ
3167 2081 3439 2154 ὀκνηρῶν,
3462 2080 3530 2134 δι’
3579 2072 3654 2132 ὧν

2082 2195 2221 2251 φησι
2241 2191 2255 2208 ⁵
2303 2197 2324 2231 ι
2375 2177 2515 2232 ’0δοῖ⁹
2545 2176 2764 2248 ἀέργων
2797 2174 3142 2246 ἐστρωμέναι
3170 2171 3436 2234 ἀκάνθαις
3461 2187 3476 2202 ο
3515 2187 3536 2221 ι
3563 2169 3658 2222 καὶ

2078 2271 2261 2335 πάλιν,
2302 2287 2322 2322 t
2357 2269 2462 2324 Ἴθι
2492 2267 2658 2338 -πρδς
2711 2265 2805 2320 τὸν
2864 2263 3155 2336 μύρμηκα,
3209 2257 3254 2316 ὦ
3289 2261 3511 2334 όκνηρέ,
3568 2259 3662 2314 καὶ

2079 2362 2324 2434 ζήλωσον
2351 2361 2450 2425 τὰς
2471 2359 2626 2423 ὁδοὺς
2653 2356 2845 2422 αὑτοῦ,
2887 2357 2984 2410 καὶ⁵
3015 2355 3178 2426 γενοῦ
3233 2355 3446 2410 ἐκείνου
3489 2351 3661 2423 σοφώ·

2079 2470 2238 2526 τερος
2266 2470 2280 2484 ·
2316 2452 2512 2522 ἐκείνῳ
2539 2449 2646 2520 γὰρ
2677 2446 2954 2518 γεωργίου
2989 2447 3065 2518 μὴ
3095 2448 3457 2520 ὑπάρχοντος,
3530 2445 3664 2518 μηδὲ

2077 2545 2171 2600 τὸν
2197 2541 2580 2613 ἀναγκάζοντα
2609 2540 2776 2612 ἔχων,
2812 2537 2918 2594 ὑπὸ
2945 2537 3216 2610 δεσπότην
3245 2537 3344 2602 ὣν,
3377 2537 3664 2617 ἐτοιμάζε-

2078 2653 2165 2692 ται
2199 2637 2394 2707 θέρους
2431 2637 2533 2708 τὴν
2569 2637 2774 2708 τροφὴν
2806 2679 2821 2703 ,
2879 2633 3082 2706 πολλὴν
3134 2631 3283 2685 δὲ’ἐν
3338 2629 3417 2702 τῷ
3469 2627 3665 2702 ἀμητῷ

2082 2732 2316 2784 ποιεῖται
2363 2729 2466 2800 τὴν
2523 2729 2852 2799 παράθεσιν.
2901 2729 2974 2780 Ἢ
3044 2723 3342 2796 πορεύθητι
3378 2721 3515 2794 πρὸς
3566 2721 3666 2792 τὴν

2087 2821 2378 2894 μέλισσαν,
2411 2821 2507 2874 καὶ
2540 2819 2678 2892 μάθε
2709 2819 2787 2883 ὡς
2815 2817 3041 2890 ἐργάτις
3070 2815 3209 2882 ἐστὶ,
3260 2815 3362 2884 τήν
3409 2830 3468 2866 τε
3502 2814 3668 2884 ἐργα-

2087 2913 2211 2966 σίαν
2249 2913 2326 2977 ὡς
2358 2899 2564 2983 σεμνὴν
2591 2913 2848 2976 ποιεῖται,
2880 2905 2950 2981 ἦς
2983 2907 3112 2970 τοὺς
3173 2905 3371 2968 πόνους
3427 2903 3668 2974 βασιλεῖς

2082 3005 2176 3060 καὶ
2205 3004 2413 3059 ἰδιῶται
2439 3003 2574 3076 πρὸς
2598 3003 2790 3071 ὑγείαν
2807 3000 3231 3076 προσφέρονται.
3269 3017 3288 3050 ι
3325 2997 3386 3051 '0
3411 2997 3468 3051 δέ
3491 2995 3667 3068 μέγας

2086 3096 2182 3150 καὶ
2237 3094 2613 3166 χρυσόστομος
2641 3091 2852 3156 Παῦλος
2903 3087 3364 3162 παρακελεύεται,
3423 3087 3559 3158 μηδὲ
3609 3087 3668 3140 τὸ

2088 3185 2308 3245 σύνολον
2351 3187 2481 3249 τοὺς
2505 3185 2708 3256 ἀργοὺς
2733 3185 2828 3237 καὶ
2853 3181 3136 3255 ῥᾳθύμους
3164 3179 3391 3234 ἐσθίειν.
3422 3179 3550 3240 Πῶς
3573 3173 3667 3231 οῦν

2088 3278 2370 3349 δυνάμεθα
2389 3280 2530 3332 νοεῖν
2559 3276 2592 3348 ἢ
2633 3276 2702 3330 τὰ
2727 3277 2784 3328 ἐν
2812 3277 2924 3340 τοῖς
2951 3270 3073 3328 οῦσι
3101 3272 3408 3346 φαινόμενα
3433 3269 3668 3341 ματαιό-

2088 3387 2228 3443 τητα
2260 3369 2661 3441 ματαιοτήτων,
2687 3367 2722 3439 ἢ
2752 3367 2813 3420 τὸ
2842 3365 3190 3433 ἐπαγόμενον
3217 3363 3384 3435 ῥητὸν
3441 3361 3537 3415 καὶ
3567 3359 3664 3430 φά-

2090 3479 2241 3524 σκον,
2273 3479 2293 3512 t
2331 3461 2428 3524 Τίς
2457 3459 2746 3531 περίσσεια
2794 3457 2871 3528 τῷ
2896 3455 3175 3528 ἀνθρώπῳ
3207 3455 3264 3506 ἐν
3296 3453 3462 3506 παντὶ
3487 3451 3668 3522 μόχθῳ

2091 3552 2280 3620 αὐτοῦ,
2315 3546 2360 3620 ᾧ
2393 3550 2584 3622 μοχθεί
2611 3549 2718 3604 ὑπὸ
2781 3551 2874 3602 τὸν
2927 3549 3079 3620 ἥλιον
3104 3589 3120 3615 ,
3153 3566 3174 3598 ι
3219 3544 3318 3608 τάς
3377 3544 3509 3614 περὶ
3571 3540 3671 3615 τὴν

2091 3645 2194 3715 γῆν
2227 3643 2492 3713 ἐργασίας
2521 3641 2718 3712 δηλοῦν
2748 3660 2762 3708 ;
2795 3641 2852 3708 ἐξ
2891 3634 2968 3696 ὧν
2997 3639 3230 3711 εὓρηται
3269 3636 3472 3708 μᾶλλον
3529 3637 3556 3688 ὁ
3583 3651 3652 3703 φι·

2091 3733 2318 3795 λόκαλος
2357 3733 2449 3786 καὶ
2486 3731 2774 3794 σπουδαῖος
2803 3732 2897 3785 καὶ
2933 3729 3186 3800 θεοφιλὴς
3239 3728 3528 3798 ἄνθρωπος
3569 3725 3670 3779 ’διν

2089 3825 2191 3896 τῆς
2223 3821 2482 3894 τοιαύτης
2505 3823 2833 3893 ἐπιμελείας
2869 3824 2968 3876 καὶ
3001 3819 3338 3892 φιλοπονίας,
3369 3819 3463 3872 καὶ
3522 3833 3669 3870 πτωο

2093 3917 2217 3988 χοῦς
2249 3913 2579 3984 διατρέφων,
2615 3914 2710 3967 καὶ
2753 3914 2940 3982 ξένους
3002 3910 3521 3982 φιλοφρονούμενος,
3577 3906 3666 3960 καὶ

2093 4005 2161 4060 τά
2189 4005 2325 4060 ἄλλα
2359 4003 2427 4056 τὰ
2463 4003 2759 4058 ἀνδάνοντα
2793 4003 2872 4074 τῷ
2906 4003 3027 4074 Θεῷ
3060 4003 3225 4074 δρῶν.

2162 4099 2225 4152 El
2255 4097 2364 4168 γὰρ
2404 4095 2480 4167 μὴ
2500 4095 2588 4148 διὰ
2611 4095 2720 4148 τῶν
2737 4093 2884 4158 ίδίων
2899 4092 3140 4165 ἱδρώτων
3165 4094 3260 4147 καὶ
3276 4091 3491 4164 μόχθων
3512 4092 3664 4164 πορί-

2095 4190 2246 4244 σοιτό
2271 4207 2358 4253 τις
2375 4186 2552 4258 ἐαυτῷ
2571 4187 2671 4256 τὴν
2698 4185 3054 4257 αὐτάρκειαν,
3082 4185 3156 4248 ὼς
3189 4187 3443 4257 εὐπορεῖν
3454 4185 3547 4238 καὶ
3559 4187 3668 4249 τοῖς

2091 4281 2294 4336 ἐνδεέσι
2357 4280 2577 4351 κιχρᾷν,
2632 4277 2738 4331 ποῦ
2772 4277 3218 4349 πληρωθήσεται,
3255 4277 3350 4331 καὶ
3384 4278 3512 4347 περὶ
3529 4277 3668 4340 τίνος,

2094 4373 2391 4445 ῥηθήσεται
2407 4371 2468 4426 τὸ
2480 4371 2689 4442 φάσκον
2713 4369 2877 4443 ῥητὸν
2898 4410 2913 4435 ,
2935 4389 2954 4422 t
2985 4368 3363 4440 Ἐσκόρπισεν,
3379 4369 3544 4423 ἔδωκε
3563 4371 3670 4432 τοῖς

2093 4465 2320 4534 πένησιν
2347 4478 2360 4494 ·
2397 4464 2430 4533 ἠ
2453 4461 2768 4532 δικαιοσύνη
2797 4461 2964 4515 αὐτοῦ
2996 4459 3150 4531 μένει
3183 4460 3364 4524 είς-τὸν
3382 4459 3554 4514 αἰῶνα
3579 4460 3671 4513 τοῦ

2091 4557 2316 4624 αἱῶνοςς
2353 4574 2372 4608 ι
2397 4553 2702 4626 Τοιγαροῦν
2723 4553 2878 4608 οὐδὲν
2906 4553 2984 4624 τῷ
3019 4553 3420 4626 Ἐκκλησιαστῇ
3453 4553 3666 4622 πρόκει-

2092 4665 2181 4701 ται
2198 4646 2438 4701 τοιοῦτον
2473 4648 2650 4702 εἰπεῖν
2679 4645 2848 4702 ’ἀλλά
2875 4643 3147 4716 μηδεμίαν
3178 4645 3498 4714 περίσσειαν
3529 4645 3672 4716 ἐχειν

2094 4739 2186 4792 τὸν
2218 4737 2506 4810 ἄνθρωπον
2558 4737 2738 4806 λέγειν
2765 4737 2954 4806 σαφῶς
2985 4735 3328 4802 ὑποληπτέον
3358 4737 3452 4791 ἐπὶ
3471 4738 3670 4802 πάσαις

2091 4832 2214 4894 ταῖς
2224 4829 2346 4883 καθ’
2362 4829 2558 4900 ἡδονὴν
2576 4827 3010 4899 διαϐεϐλημένην
3035 4826 3286 4898 πράξεσι,
3305 4825 3400 4880 καὶ
3431 4841 3668 4896 σωματι·

2095 4921 2197 4992 κὴν
2224 4923 2320 4974 καὶ
2356 4919 2624 4992 σαρκικὴν
2648 4919 2946 4998 εύπάθειαν
2983 4919 3076 4974 καὶ
3118 4917 3370 4990 πονηρὰν
3429 4917 3666 4972 ἀπόλαυ-

2097 5029 2200 5076 σιν,
2231 5012 2448 5076 καὶτὰς
2478 5013 2571 5067 ἐπὶ
2597 5015 2718 5077 ταῖς
2765 5011 3143 5084 ἀνθρωπίναις
3171 5011 3265 5066 καὶ
3325 5011 3676 5082 παρερχομέ-

2096 5120 2214 5167 vat;
2253 5101 2433 5168 δόξαις
2474 5101 2796 5173 ἐπιθυμίας,
2833 5102 2930 5156 καὶ
2971 5101 3246 5173 μερίμνας
3301 5101 3400 5154 καὶ
3453 5099 3673 5170 θητείας

2095 5198 2190 5249 καὶ
2213 5193 2516 5267 κακουχίας
2541 5211 2556 5227 ο
2609 5188 2686 5249 ὧν
2743 5195 2804 5249 ού
2872 5193 3034 5266 μόνον
3094 5191 3252 5246 οὐδὲν
3287 5189 3579 5246 ἀπώναντο
3617 5189 3674 5241 τδ

2094 5288 2380 5361 παράπαν,
2419 5287 2556 5344 ἀλλὰ
2584 5287 2846 5351 πολλάκις
2875 5285 2971 5340 καὶ
2995 5283 3325 5356 νοσημάτων
3363 5282 3554 5354 ἐσμὸν,
3579 5288 3672 5338 και

2095 5379 2334 5450 φυσικῆς
2372 5379 2547 5450 ἀλκῆς
2594 5379 2852 5452 στέρησιν
2911 5371 3072 5450 εὗρον
3100 5391 3116 5407 ⁸
3156 5376 3249 5431 καὶ
3309 5375 3449 5448 πρὸς
3502 5373 3672 5447 πέρας

2096 5589 2366 5660 pigrorttnt
2391 5573 2546 5659 quasi
2569 5586 3032 5660 ιειριειι-ερίιιιιι-ιιιιιἒ

2171 5652 2284 5728 (’50)
2318 5652 2480 5729 Prdv.
2511 5673 2581 5720 vl,
2709 5652 2978 5729 scd‘apud
3016 5655 3156 5712 LXX
3190 5657 3408 5729 legitur,
3444 5653 3555 5711 Kal
3577 5652 3667 5724 ζή-

2099 5724 2275 5785 λωσον
2301 5727 2422 5783 ἰδὼν
2457 5729 2554 5792 τὰς
2583 5726 2736 5792 ὀδοὺς
2778 5724 2964 5780 αὐτοῦ.
