4076 6284
437 358 543 426 Ἷόθ

1537 349 1620 410 IN
1665 340 2236 409 ECCLESIASTEN.
2274 366 2344 376 -—-
2375 335 2523 416 L113,
2561 337 2587 397 ι
2784 299 2788 304 ’
3600 333 3668 397 77

437 495 504 547 νη
547 476 614 544 τῇ
659 471 822 542 βουλῇ
855 467 946 522 τοῦ
981 468 1334 536 Ποιήσαντος,
1367 466 1460 518 καὶ
1495 463 2017 536 μηδαμόθενὲχουσα

2132 468 2476 520 sustentetur,
2523 451 2838 510 cmlcstibus
2873 450 3110 520 undique
3155 450 3464 508 intervallis
3518 467 3704 520 a-qra-

436 568 498 623 τὸ
525 563 839 636 προσάπτον
867 577 878 590 ·
912 557 1412 632 ἀλλὰαπανταχόθεν
1447 555 1555 609 τῶν
1573 555 1842 628 οὐρανίων
1901 553 2020 606 δια-

441 658 738 728 στημάτων
777 655 836 721 ἐξ
875 655 989 706 [σου
1030 652 1215 719 σαφῶς
1245 649 1612 720 ἀφισταμένη,
1646 649 1742 702 καὶ
1769 647 1867 716 τὴν
1885 646 2016 715 ὡρι·

441 751 646 820 σμένην
658 743 1051 816 ἀποπληροῦσα
1077 743 1317 814 θητείαν.
1336 741 1476 794 Ἀλλ’
1497 741 1572 794 ἴδε
1605 739 1697 792 καὶ
1728 738 1818 792 τὸν
1841 737 2017 806 ἥλιον,

440 838 716 909 ἄνθρωπε,
753 833 995 904 συνεχῶς
1015 831 1374 892 ἀνατέλλοντα
1413 830 1508 902 καὶ
1557 828 1719 882 πάλιν
1768 825 2016 888 δύνοντα,

443 928 539 983 καὶ
576 927 713 999 πρὸς
757 925 848 977 τὸν
905 924 1072 976 τόπον
1102 920 1292 985 αὑτοῦ,
1333 920 1580 974 τουτέστι
1611 918 1748 989 πρὸς
1804 915 2015 979 ἑαυτὸν,

441 1019 666 1071 ἕλκοντα
697 1014 878 1077 πάσας
913 1012 1009 1074 τὰς
1039 1012 1189 1080 ὄψεις
1213 1010 1321 1063 τῶν
1338 1008 1737 1061 κατοικούντων
1769 1008 1866 1074 τὴν
1893 1007 2015 1075 γῆν.

445 1107 617 1158 Ὅπου
660 1101 767 1173 γὰρ
799 1104 827 1155 ό
855 1101 1004 1170 ἦλιος
1045 1100 1302 1169 ὑπάρχων
1336 1098 1556 1170 εὑρεθῇ,
1605 1097 1708 1151 κᾶν
1765 1103 1823 1150 τέ
1877 1097 2021 1149 κατά

443 1191 727 1256 ἀνατολὰς,
769 1189 872 1242 κᾶν
927 1205 989 1240 τε
1048 1186 1191 1241 κατὰ
1219 1185 1449 1255 δυσμὰς,
1486 1185 1600 1237 ἐκεῖ
1633 1185 1726 1237 καὶ
1753 1185 1847 1246 τὰς
1883 1183 2019 1244 ἰδίας

441 1284 635 1354 αἷγλας
683 1283 779 1336 καὶ
816 1279 1052 1352 λάμψεις
1113 1277 1505 1348 ἐπιφερόμενος
1559 1277 1810 1349 εὕρηται,
1883 1277 2018 1346 πρὸς

441 1377 507 1441 ἃς
540 1376 859 1446 ἐφέλκονται
901 1371 1128 1427 καὶτῶν
1167 1370 1322 1435 ζώων
1352 1371 1570 1425 πάντων
1597 1355 1669 1424 ἀἱ
1702 1370 1852 1439 Met;
1893 1371 2020 1439 ἐρα-

447 1466 620 1538 σμίως
638 1464 861 1536 ἔχουσαι
895 1462 1030 1533 πρὸς
1059 1461 1118 1514 τὸ
1151 1460 1268 1530 φῶς
1289 1460 1468 1514 αὐτῶν
1487 1476 1498 1488 ·
1529 1459 1648 1512 οὐδὲ
1673 1460 1782 1530 γάρ
1811 1460 1838 1512 ό
1866 1457 2018 1527 ἥλιος

444 1559 542 1626 τὴν
571 1556 928 1628 περιφάνειαν
954 1555 1047 1606 καὶ
1071 1552 1170 1623 τὴν
1211 1548 1368 1616 δόξαν
1413 1550 1512 1619 τῆς
1552 1550 1691 1618 ὑπὲρ
1727 1548 1831 1618 γῆν
1878 1547 2018 1614 λάμ-

442 1649 590 1718 ψεως
620 1648 704 1700 ἀεὶ
743 1643 1066 1714 φιλονεικῶν
1095 1642 1262 1712 ἐχειν,
1293 1639 1416 1694 οὔτε
1443 1641 1542 1700 τὰς
1583 1639 1686 1708 ὑπ’)
1717 1638 1821 1708 γῆν
1852 1634 2020 1690 καταὲ-

434 1737 624 1800 δύσεις
655 1735 818 1788 αὑτοῦ
841 1735 934 1788 καὶ
959 1733 1066 1786 τῶν
1109 1733 1254 1786 ἰδίων
1286 1730 1522 1785 ἀκτίνων
1555 1731 1686 1783 ποτὲ
1724 1728 2020 1800 παραιτού-

447 1825 734 1897 μενοςκαὶ
760 1823 1272 1894 διαναϐαλλόμενος,
1310 1821 1400 1874 διά
1425 1822 1525 1889 τὴν
1559 1817 1810 1872 ἐντεῦθεν
1869 1817 2020 1888 αὐτῷ

445 1919 874 1988 προσγινομὲνην
909 1914 1174 1984 ἀφάνειαν
1205 1913 1301 1965 καὶ
1331 1910 1530 1982 συχνὴν
1559 1910 1797 1975 ἀδοξίαν,
1828 1911 1906 1972 είς
1958 1910 2019 1962 τὸ

447 2008 569 2064 καθ’
597 2008 744 2078 ἡμᾶς
773 2003 1136 2076 ἡμισφαίριον
1172 2002 1380 2072 λάμπει
1407 2013 1426 2078 Ἀ
1471 2000 1608 2054 ἀλλά
1637 1999 1732 2052 τοῦ
1783 1999 2018 2068 Ποιητοῦ

446 2101 560 2162 τοῖς
587 2099 734 2168 ὅροις
774 2095 1092 2165 πειθόμενος
1127 2093 1342 2162 θητεύει
1369 2092 1467 2164 τὴν
1499 2091 1771 2162 τοσαύτην
1795 2090 2018 2162 θητείαν

446 2186 524 2252 ὣς
553 2185 848 2256 εὐγνώμων
869 2183 1106 2254 οἰκέτης.
1139 2181 1282 2234 Σὺδὲ
1314 2182 1406 2236 καὶ
1433 2181 1560 2243 τοὺς
1578 2179 1840 2250 φυσικοὺς
1864 2180 2023 2252 ὄρους

369 2338 383 2351 ο
445 2278 687 2351 ἀμείψας
732 2277 838 2349 (τὰ
875 2275 986 2347 γὰρ
1011 2276 1122 2330 άνω
1151 2289 1213 2326 σε
1244 2275 1466 2343 φρονεῖν
1526 2273 1624 2326 καὶ
1685 2271 1872 2342 ζητεῖν
1911 2273 2014 2322 εἰσ·

443 2367 731 2438 ηγοῦνται,
765 2366 939 2419 καὶτὰ
963 2368 1021 2418 ἐν
1059 2362 1135 2434 τῷ
1163 2362 1338 2434 νοητῷ
1367 2362 1568 2433 δηλαδὴ
1603 2362 1796 2433 κόσμῳ
1820 2361 2023 2430 φαντά-

443 2460 639 2525 ζεσθαι
677 2457 769 2511 καὶ
805 2452 1021 2509 διώκειν
1066 2455 1154 2509 διὰ
1191 2453 1300 2507 τῶν
1329 2441 1535 2524 νοητῶν
1593 2451 1876 2523 δυνάμεων
1925 2451 2025 2522 τῆς

445 2553 640 2624 νοερᾶς
666 2567 762 2604 σου
787 2547 1226 2620 ψυχῆς),χείρων
1263 2544 1492 2616 εὖρησαι
1530 2546 1626 2597 κα)⁸
1655 2547 1756 2615 τῆς
1787 2544 1890 2614 γῆς
1919 2543 2026 2596 ’καὶ

444 2645 540 2700 τοῦ
569 2643 724 2714 ἥλιου
769 2640 878 2694 τῶν
907 2640 1132 2710 ἀψύχων
1163 2639 1259 2691 καὶ
1294 2637 1567 2707 μηδεμίαν
1599 2636 1832 2707 ἐχόντων
1875 2635 2026 2703 λογι-

450 2737 676 2806 κότητος
715 2735 975 2805 ἔμφασιν.
999 2731 1131 2796 ’Πῶς
1161 2727 1254 2785 οὖν
1283 2729 1344 2783 οὐ
1379 2731 1684 2802 ματαιότης.
1725 2731 2026 2801 ματαιοτή-

450 2843 560 2880 των
593 2826 731 2898 μετὰ
764 2825 873 2880 τῶν
913 2821 1206 2896 μοχθηρῶν
1239 2839 1332 2876 σου
1370 2823 1465 2876 καὶ
1505 2821 1726 2894 φαύλων
1787 2821 2027 2893 ἐνθυμη-

453 2918 644 2987 μάτων
673 2917 769 2970 καὶ
795 2915 970 2984 λόγων
1003 2913 1100 2968 καὶ
1133 2913 1386 2984 πράξεων
1421 2913 1515 2966 καὶ
1565 2913 1628 2966 σὺ
1663 2912 1826 2976 αὐτὸς
1884 2929 2030 2980 νομι-

457 3005 666 3076 aliqu-ﬂ;
701 3003 842 3058 κατά
870 3001 1134 3074 ἀλήθειαν
1170 3001 1270 3071 μὲν
1301 3001 1527 3054 ἐκείνων
1574 3001 1744 3054 ὄντων
1798 3017 2030 3071 ματαιο-

451 3097 650 3167 τήτων,
669 3095 759 3148 σοῦ
774 3095 829 3148 δέ
845 3097 967 3158 ταῖς
979 3093 1202 3148 ἐκείνων
1223 3092 1588 3163 ἀνυπαρξίαις
1605 3094 1974 3164 άπεικασμὲνο
1983 3113 2026 3144 δ.

519 3187 622 3241 Διά
647 3186 806 3240 τοῦτό
833 3174 1003 3256 φησιν
1031 3184 1198 3238 Δαὸὶδ
1226 3186 1255 3237 ό
1287 3185 1582 3255 προφήτης
1601 3201 1616 3216 ο
1649 3203 1667 3234 ι
1713 3185 2032 3256 Ἀνθρωπος

451 3279 783 3350 ματαιότητι
815 3275 1110 3347 ὡμοιώθηο
1144 3275 1202 3327 ai
1254 3275 1460 3345 ἡμέραι
1508 3275 1676 3327 αὐτοῦ
1721 3275 1856 3328 ὡσεὶ
1907 3273 2033 3327 σκιά

453 3372 787 3444 παράγουσι.
821 3387 841 3420 ι
877 3367 1190 3439 Παράδοξον
1216 3367 1294 3439 τῷ
1335 3367 1450 3421 ὄντι
1511 3367 1609 3439 τὴν
1647 3365 2034 3438 ἀκριϐολογίαν

453 3465 552 3534 τῆς
600 3462 806 3528 λέξεως
842 3459 975 3530 περὶ
1000 3459 1100 3528 τῆς
1130 3459 1422 3530 ἀνθρώπου
1457 3459 1671 3528 φύσεως
1708 3461 1736 3512 ὁ
1761 3475 2032 3530 προφητισ

455 3553 548 3617 κδς
569 3553 864 3625 ἐποιήσατο
878 3549 1056 3618 λόγος.
1079 3549 1190 3602 Καὶ
1211 3550 1321 3619 γάρ
1348 3549 1540 3618 ἐπειδὴ
1579 3548 1689 3602 τῶν
1716 3548 1864 3618 παρά
1885 3547 2022 3600 Θεοῦ

454 3645 756 3713 γεγονότων
788 3643 880 3696 καὶ
901 3643 1026 3696 κατ’
1051 3641 1242 3695 οὐσίαν
1282 3641 1377 3694 καὶ
1405 3640 1642 3710 φυσικὴν
1660 3639 1761 3712 τὴν
1797 3639 2032 3710 ὕπαρξιν

455 3735 730 3790 λαϐόντων
762 3735 915 3796 οὐδὲν
971 3733 1203 3805 εὓρηται
1225 3732 1452 3802 γεγονὸς
1478 3731 1656 3802 μάτην
1675 3748 1692 3764 ο
1723 3732 1819 3786 καὶ
1839 3731 2032 3785 τούτου

454 3822 616 3900 χάριν
638 3826 762 3880 οὖδέ
781 3825 1084 3896 ματαιότης
1100 3825 1422 3894 ὠνόμασται
1441 3823 1656 3877 κατὰτὸ
1685 3823 1986 3881 ἀκόλουθον
2016 3839 2030 3854 ο

454 3918 546 3972 διὰ
569 3917 730 3972 τοῦτο
760 3917 853 3970 καὶ
905 3916 999 3970 τὸν
1032 3915 1323 3988 ἄνθρωπον
1336 3915 1470 3985 ,οὐχὶ
1499 3914 1834 3985 ματαιότητα
1864 3931 2036 3986 προσ-

456 4003 754 4081 ηγόρευσεν
788 4023 804 4040 ⁸
829 4007 966 4063 ἀλλά
1001 4008 1326 4078 ματαιότητι
1355 4005 1744 4078 προσηκόντως
1764 4005 2032 4059 ἀπείκασε

452 4101 545 4156 διὰ
585 4101 684 4165 τὰς
727 4099 1250 4171 κατὰσυμϐεϐηκός
1282 4097 1433 4169 αὐτῷ
1487 4114 2034 4169 προσπαρεισκεκρι-

457 4191 630 4263 μένας
659 4191 886 4258 ἔξωθεν,
917 4192 1012 4244 καὶ
1033 4206 1230 4258 συμπα
1245 4189 1658 4259 ρυφισταμένας
1689 4189 1824 4260 πρὸς
1857 4189 2031 4262 βραχὺ

457 4286 700 4356 πονηράς
753 4283 986 4354 πράξεις
1036 4283 1096 4346 ἐξ
1153 4281 1430 4346 ἀϐουλίας.
1499 4283 1558 4334 '0
1592 4281 1700 4353 γὰρ
1761 4282 2032 4352 μηδαμῶς

453 4375 580 4438 τοὺς
623 4373 891 4444 φυσικοὺς
923 4374 1084 4449 ὄρους
1121 4371 1442 4442 ἀλωϐήτους
1492 4371 1758 4440 φυλάξας,
1801 4372 2031 4440 ἀλλ’ἐξ-

2123 553 2245 606 litt-r
2275 537 2667 620 perspicueque
2697 549 2880 612 distat,
2913 555 2967 599 et
3020 545 3241 599 definita
3281 545 3386 600 sibi
3436 545 3704 600 servitute

2125 631 2459 709 defungitur.
2497 639 2640 706 Quin
2669 639 2839 694 solem
2881 638 3044 692 etiam
3084 635 3333 701 intuere,
3371 651 3405 690 0
3436 639 3703 703 moitalis,

2127 732 2367 800 quotidie
2406 729 2744 782 exorientem
2795 735 2957 796 atque
2991 724 3352 790 occidentem,
3385 725 3478 794 qui
3508 727 3572 780 ad
3624 729 3704 782 lo-

2129 840 2250 879 cum
2288 837 2470 885 suum,
2502 819 2554 873 id
2598 829 2683 872 est
2713 817 2780 872 ad
2825 833 2882 872 se
2935 816 3136 886 ipsum,
3171 815 3439 882 omnium,
3473 817 3706 887 quicun-

2127 925 2232 983 que
2263 923 2459 966 terram
2496 910 2764 975 incolunt,
2795 909 2984 964 oculos
3017 907 3260 964 adducit.
3299 910 3436 962 Nam
3471 911 3554 963 sol
3585 911 3704 980 qui-

2125 1005 2248 1059 dem
2307 1006 2422 1058 sive
2483 1003 2548 1056 ad
2582 1011 2764 1056 ortum
2819 1009 3088 1062 versetur,
3139 1000 3254 1056 sive
3307 1001 3374 1055 ad
3424 1016 3704 1068 occasum,

2129 1108 2340 1164 semper
2390 1092 2658 1163 fulgorem
2701 1091 2827 1168 inde
2859 1106 3020 1144 suum
3077 1101 3132 1144 .et
3187 1091 3370 1146 radios
3427 1091 3707 1148 ell'undere

2129 1184 2281 1239 visus
2317 1195 2436 1238 est:
2485 1183 2551 1236 ad
2601 1196 2741 1252 quos
2783 1181 3142 1234 animantium
3185 1183 3431 1234 omnium
3480 1198 3708 1236 conver-

2130 1283 2253 1327 tunt
2280 1291 2336 1328 se.
2369 1273 2535 1339 oruli,
2569 1273 2708 1326 lucis
2739 1270 2885 1324 illius
2920 1285 3104 1322 amore
3139 1269 3324 1324 illecti.
3376 1271 3470 1326 Sol
3515 1288 3708 1341 nempe

2130 1365 2260 1417 dum
2294 1361 2736 1430 hemisphaerium
2789 1359 2894 1414 hoc
2943 1367 3193 1413 nostrum
3241 1360 3495 1425 illustrat,
3529 1377 3707 1431 neque

2131 1467 2191 1510 ut
2253 1456 2598 1524 splendorem
2661 1451 3253 1526 pulchritudinemque
3337 1453 3560 1509 loirinis
3621 1456 3705 1507 sui

2129 1562 2296 1615 supra
2345 1557 2544 1600 terram
2589 1531 2870 1616 perpetuo
2899 1551 3157 1608 ostentet,
3206 1545 3556 1598 contentiue
3600 1546 3709 1598 ulla

2131 1638 2340 1703 nititur;
2372 1651 2548 1706 neque
2581 1651 2812 1691 occasus
2843 1635 2928 1690 sui
2961 1635 3358 1689 obscuritatem
3401 1635 3710 1702 (διοριοεὶμί

2131 1729 2310 1798 specie
2339 1725 2543 1782 illatam
2575 1735 2880 1792 aversatus,
2914 1735 3086 1781 statas
3136 1725 3412 1780 radiorum
3466 1727 3712 1780 declina-

2129 1821 2306 1875 tiones
2341 1820 2510 1873 evitat
2559 1833 2800 1887 unquam
2849 1826 2942 1871 aut
2987 1817 3206 1872 dill‘urt:
3257 1817 3350 1871 sed
3399 1816 3712 1872 Conditoris

2129 1911 2461 1982 praescriptis
2499 1910 2588 1965 ‘sic
2639 1910 3002 1979 obtemperat,
3054 1918 3114 1964 ut
3143 1911 3464 1965 servitutem
3505 1920 3711 1964 tantam

2131 2005 2289 2074 quasi
2343 2002 2594 2058 benevoli
2643 2001 2810 2056 animi
2853 2017 3020 2056 verna
3069 2001 3278 2055 servire
3325 2001 3592 2056 videatur.
3629 2002 3711 2054 'l’u

2131 2111 2262 2150 vero
2293 2103 2502 2149 naturae
2555 2093 2822 2148 terminos
2869 2103 3247 2168 transgressus
3284 2092 3430 2164 (nam
3478 2109 3710 2165 superna

2130 2197 2190 2242 ut
2234 2186 2437 2256 COgitcs
2475 2194 2530 2240 et
2581 2184 2848 2255 inquiras,
2894 2193 3064 2253 utque
3095 2184 3262 2238 animi
3313 2183 3363 2237 vi
3411 2195 3466 2238 et
3511 2183 3713 2254 intelli-

2131 2277 2314 2349 gentia
2343 2275 2612 2345 quidquid
2639 2276 2878 2331 mundus
2907 2275 2996 2331 ille
3048 2275 3316 2344 Spiritalis
3342 2276 3504 2330 habet
3542 2277 3715 2331 medi-

2135 2370 2262 2424 teris
2311 2384 2376 2424 ac
2427 2353 2798 2438 persequaris,
2849 2353 2947 2423 tibi
3002 2370 3281 2436 suadent),
3335 2377 3417 2432 tu,
3465 2369 3711 2438 inquam,

2133 2471 2186 2516 et
2217 2471 2362 2516 terra
2415 2469 2472 2516 et
2521 2459 2637 2515 sole
2667 2459 2821 2530 pejor
2868 2461 3123 2516 inventus
3154 2475 3233 2526 es,
3282 2460 3552 2516 inanimes
3587 2461 3714 2516 licet

2133 2553 2207 2607 illi
2261 2552 2394 2618 sint,
2461 2550 2785 2620 nullumque
2843 2551 3076 2606 rationis
3143 2550 3404 2609 indicium
3474 2567 3587 2621 pra:
3653 2567 3715 2607 se

2135 2643 2331 2699 ferant.
2377 2642 2578 2710 Quidni
2620 2643 2783 2714 igitur
2816 2643 3030 2697 vanitas
3061 2643 3361 2697 vanitatum
3395 2653 3449 2696 tu
3495 2658 3715 2713 quoque

2135 2753 2242 2792 una
2291 2752 2414 2791 cum
2479 2733 2763 2803 ﬂagitiosis
2823 2735 3114 2804 pravisque
3175 2735 3600 2805 cogitationibus
3661 2747 3717 2792 et

2135 2828 2297 2884 dictis
2329 2836 2496 2898 atque
2531 2827 2688 2883 factis
2721 2827 2830 2882 tuis
2870 2826 3170 2882 haheat-is?
3201 2835 3320 2882 esto
3351 2827 3464 2882 hare
3493 2826 3712 2896 quidem

2138 2939 2327 2978 revera
2353 2923 2624 2978 vanitates
2659 2923 2791 2988 sint,
2828 2931 2892 2977 tu.
2921 2922 3195 2978 levitatem
3235 2937 3426 2978 eorum
3455 2922 3715 2978 similitu-

2139 3015 2264 3070 dine
2298 3013 2526 3070 referas.

2209 3191 2318 3263 20
2345 3191 2710 3258 Quamobrem
2755 3190 2893 3246 dixit
2925 3189 3094 3246 David
3134 3190 3435 3260 prapheta:
3483 3210 3500 3247 ι
3538 3191 3714 3248 Homo

2135 3285 2362 3340 vanitati
2399 3284 2597 3338 similis
2635 3283 2811 3338 factus
2861 3292 2984 3338 est:
3016 3284 3134 3338 dies
3175 3283 3296 3353 ejus
3326 3285 3469 3337 sicut
3515 3289 3710 3340 umbra

2137 3383 2468 3445 praetereunt
2529 3375 2662 3445 (57).
2727 3375 2894 3444 Cujus
2950 3375 3170 3444 quidem
3234 3375 3286 3431 in
3343 3377 3522 3433 verbis
3575 3379 3712 3432 mira

2131 3467 2293 3536 plane
2333 3475 2496 3534 atque
2525 3465 2796 3534 exquisita
2844 3465 2984 3520 inest
3015 3464 3081 3520 de
3119 3465 3359 3521 humana
3407 3457 3598 3522 natura
3631 3470 3714 3523 lo-

2133 3559 2324 3612 cutio:
2377 3572 2501 3610 nam
2535 3571 2659 3610 cum
2709 3555 2763 3607 iu
2807 3555 2895 3617 iis,
2929 3570 3052 3624 qua:
3100 3556 3367 3610 divinitus
3401 3559 3618 3612 condita
3659 3567 3715 3614 et

2133 3652 2199 3706 ad
2251 3650 2476 3705 stabiles
2511 3656 2720 3703 natura
2768 3646 2918 3718 leges
2967 3649 3263 3702 constituta
3312 3657 3462 3712 sunt,
3513 3650 3646 3704 nihil
3681 3667 3712 3704 a

2135 3743 2245 3798 Deo
2297 3743 2415 3795 sine
2463 3739 2698 3796 consilio
2752 3739 2980 3802 factum,
3012 3755 3183 3810 caque
3224 3741 3291 3794 de
3341 3755 3504 3794 causa
3553 3742 3709 3810 nihil,

2133 3835 2278 3903 quod
2315 3831 2528 3886 vanitas
2555 3829 2679 3898 jure
2711 3830 3034 3900 appelletur,
3067 3830 3299 3884 inveniri
3335 3832 3544 3900 possit;
3582 3847 3712 3902 pro-

2134 3931 2316 3992 pterea
2367 3919 2642 3974 hominem
2677 3933 3026 3988 nequaquam
3075 3918 3368 3972 vanitatem
3406 3920 3580 3974 dixit:
3617 3923 3711 3976 sed

2137 4026 2313 4068 tamen
2347 4024 2640 4081 pravorum
2702 4025 2926 4080 operum
2983 4025 3134 4078 ergo,
3191 4025 3315 4080 qua:
3371 4011 3712 4068 extrinsecus

2133 4107 2325 4167 ascita,
2389 4103 2555 4160 simul
2603 4119 2724 4158 cum
2769 4104 2886 4172 ipso
2933 4117 2999 4177 ex_
3037 4102 3404 4170 imprudentia
3432 4106 3516 4175 ad
3549 4104 3714 4160 breve

2134 4207 2346 4268 tempus
2397 4196 2694 4258 exsistunt,
2727 4193 2954 4248 vanitati
3023 4202 3169 4248 necte
3219 4196 3578 4262 comparavit.
3611 4195 3712 4259 Qui

2133 4290 2276 4342 enim
2311 4297 2521 4342 natura:
2545 4288 2678 4341 lines
2707 4299 2816 4338 non
2851 4284 3014 4339 modo
3036 4284 3196 4348 laasit,
3225 4284 3320 4342 sed
3358 4286 3519 4338 etiam
3555 4285 3714 4355 longe

2134 4391 2510 4448 transgressus
2539 4384 2644 4442 est,
2683 4385 2846 4445 atque
2885 4375 2952 4430 ad
2983 4375 3172 4445 agendi
3204 4376 3469 4452 rationem
3506 4385 3714 4430 natura:

455 4463 702 4535 εστηκὼς
733 4463 942 4518 τούτων
990 4464 1190 4534 πάντη,
1239 4463 1330 4516 καὶ
1359 4463 1744 4534 παρατραπεὶς
1779 4465 1918 4529 ὅλως
1949 4466 2026 4530 εἰς

2135 4467 2464 4524 contrariam
2495 4474 2548 4520 et
2577 4466 2642 4521 ad
2676 4481 2842 4536 prava
2872 4481 3102 4536 quaeque
3137 4480 3301 4535 opera
3331 4465 3567 4530 deﬂexit,
3603 4481 3710 4519 non

455 4558 552 4620 τὰς
583 4557 736 4627 παρά
759 4556 922 4626 φύσιν
952 4556 1360 4628 ἐνεργείαςσκαὶ
1407 4554 1879 4627 πονηροπραξίας,
1925 4575 2030 4628 μαι

455 4649 676 4718 ταιότης
705 4649 808 4718 μὲν
835 4649 938 4700 οὐκ
969 4646 1406 4718 ὀνομασθήσεται
1433 4647 1577 4700 κατὰ
1623 4648 1714 4700 τὸν
1744 4647 2030 4720 ποιητικὸν

458 4737 660 4790 σκοπὸν
684 4737 780 4790 τοῦ
799 4737 1200 4801 διαπλάσαντος
1227 4737 1392 4790 αὐτὸν
1416 4739 1509 4791 καὶ
1523 4739 2031 4810 δημιουργήσαντος

455 4829 552 4882 καὶ
571 4829 672 4900 τὴν
698 4829 822 4882 κατ’
841 4829 1034 4882 οὐσίαν
1055 4829 1154 4884 καὶ
1182 4829 1416 4898 φυσικὴν
1449 4828 1686 4899 ὓπαρξιν
1705 4829 2034 4898 ἐξεταζόμε-

458 4937 545 4982 νος
577 4923 672 4974 mi.
709 4921 1054 4992 κρινόμενος.
1082 4921 1182 4974 Διὰ
1211 4920 1268 4973 δὲ
1297 4920 1358 4972 τὸ
1387 4921 1555 4992 μηδὲν
1585 4921 1730 4990 ἔχειν
1787 4919 2034 4991 παρεπό-

463 5027 622 5079 μενον
671 5014 794 5074 ταίς
847 5014 1108 5080 φυσικαῖς
1160 5012 1534 5067 καταστάσεσι
1587 5012 1679 5064 καὶ
1730 5014 1798 5082 τῇ
1875 5010 2037 5082 βουλῇ

461 5102 554 5154 τοῦ
607 5103 948 5172 Ποιήσαντος
987 5103 1150 5174 ἔργον
1193 5103 1484 5173 σύμφωνον
1534 5104 1631 5156 καὶ
1676 5103 2038 5174 κατάλληλον,

459 5193 780 5264 ὁμοιοῦσθαι
809 5195 1029 5264 λέγεται
1060 5195 1286 5258 δικαίως
1313 5198 1378 5265 τῇ
1441 5195 1788 5266 ματαιότητι,
1837 5197 1936 5266 οὐχ
1963 5193 2040 5260 ὡς

459 5285 702 5354 γεγονὼς
751 5285 950 5356 μάτην,
1000 5287 1118 5342 ἀλλ’
1165 5286 1240 5349 ὡς
1263 5286 1438 5355 ζήσας
1469 5287 1738 5356 ματαίως,
1775 5288 1869 5341 καὶ
1928 5303 2035 5358 μη-

459 5377 653 5448 δεμίαν
687 5377 902 5449 ἀγαθῆς
930 5380 1152 5450 μνήμης
1181 5378 1422 5449 ἔμφασιν
1445 5376 1523 5448 τῷ
1545 5377 1646 5448 βίῳ
1675 5379 1991 5432 καταλιπών
2018 5395 2032 5410 ·

465 5489 488 5524 ι
523 5472 732 5544 Μνήμη
763 5473 874 5543 γὰρ
899 5472 1114 5526 δικαίου
1145 5470 1265 5542 μετ’
1298 5470 1617 5541 ἐγκωμίων,
1657 5489 1676 5522 ι
1722 5473 1857 5542 φησί
1879 5487 1894 5502 ο
1941 5475 2037 5526 καὶ

2135 4563 2182 4615 is
2216 4560 2436 4630 quidem
2473 4557 2684 4612 vanitas
2723 4557 3185 4620 denominahitur,
3229 4555 3498 4626 siquidem
3533 4557 3706 4611 eonsi-
3752 4606 3756 4612 .

2077 4711 2083 4718 ,
2140 4653 2197 4707 lii
2245 4651 2369 4720 ejus
2411 4659 2463 4705 ct
2515 4649 2668 4714 facti,
2717 4649 2814 4719 qui
2861 4647 3116 4702 formavit
3176 4647 3532 4717 perfecitque,
3570 4648 3719 4702 ratio.

2138 4744 2424 4808 habeatur,
2459 4747 2514 4794 et
2543 4739 2706 4810 hujus
2752 4737 2926 4808 ipsius
2951 4747 3147 4792 natura
3194 4747 3250 4792 et
3289 4738 3607 4793 constitutio
3643 4739 3712 4792 ad

2139 4832 2405 4886 amussim
2457 4832 2840 4886 exa'minetur:
2878 4839 2954 4896 at,
2996 4839 3268 4900 quatenus
3326 4844 3490 4898 opere
3543 4839 3712 4893 caret,

2139 4923 2287 4994 quod
2341 4929 2395 4976 et
2449 4931 2660 4978 natura;
2717 4923 3044 4992 respondeat
3096 4936 3242 4983 sum,
3301 4929 3355 4973 et
3405 4921 3715 4975 Conditoris

2143 5015 2408 5069 voluntati
2437 5029 2742 5069 consonum
2768 5030 2833 5068 ac
2854 5023 3280 5069 consentaneum
3307 5013 3398 5079 sit,
3419 5013 3543 5082 jure
3566 5014 3715 5066 vani-

2145 5107 2240 5162 tati
2268 5107 2462 5162 similis
2492 5105 2610 5160 lieri
2655 5106 2877 5171 dicitur,
2917 5121 3028 5168 non
3061 5105 3216 5174 quasi
3267 5113 3470 5159 temere
3513 5104 3712 5169 factus,

2144 5201 2236 5255 sed
2284 5208 2540 5268 tanquam
2583 5208 2785 5252 temere
2817 5197 3026 5261 vivens,
3065 5205 3123 5250 ut
3170 5196 3378 5250 nullum
3415 5196 3572 5251 bona:
3604 5210 3718 5251 me-

2147 5290 2336 5345 moriae
2400 5289 2663 5343 indicimn
2717 5289 3023 5358 posteritati
3080 5289 3371 5358 relinquat.
3424 5287 3594 5352 Nam,
3657 5297 3717 5340 ut

2147 5383 2409 5450 scriptum
2448 5391 2568 5434 est:
2632 5400 2650 5431 ι
2709 5379 2965 5435 Memoria
2997 5381 3136 5434 enim
3180 5382 3317 5450 justi
3373 5393 3494 5434 cum
3544 5377 3718 5430 laudi-

2145 5471 2248 5526 bus
2280 5471 2432 5541 (58):
2481 5489 2499 5522 ι
2536 5479 2590 5524 et
2633 5485 2856 5526 rursus:
2897 5491 2914 5522 ι
2953 5471 3011 5524 ln
3055 5459 3313 5524 memoria
3364 5475 3566 5522 aiterna
3613 5465 3718 5519 erit

533 5629 818 5703 (37)_Psal.
847 5644 1027 5690 cxuv,
1063 5627 1116 5690 4,
1147 5627 1238 5703 qui
1261 5629 1315 5682 in
1357 5627 1564 5682 Latinis
1598 5637 1680 5683 est
1745 5629 2074 5683 centesimus
2110 5628 2562 5698 quadragesimus
2601 5629 2815 5684 tertius.
2847 5605 3151 5684 Theodotio
3183 5625 3339 5680 habet
3404 5621 3597 5703 uti).ng
3615 5639 3714 5695 pro

473 5700 812 5768 ματαιότητι,
845 5713 1036 5768 nempe
1059 5701 1258 5768 vapori.

535 5769 650 5838 (38}
691 5763 852 5824 Prov.
889 5786 940 5834 ι,
974 5763 1030 5822 ἴ.
1075 5763 1228 5838 Apud
1265 5767 1405 5820 LXX
1437 5769 1668 5839 legimus
1705 5770 1909 5839 Μνήμη
1947 5771 2026 5822 δικ

2132 5783 2168 5818 ιν
2191 5763 2306 5836 μετ’
2329 5763 2644 5838 ἐγκωμίων.
