4076 6284
377 360 492 427 ῗῖ3

1482 349 1567 412 ΙΝ
1631 345 2214 411 ECCLESIASTEN.
2242 347 2484 410 —-i.IB.
2523 349 2574 410 Ι.

3543 353 3650 419 774

379 497 471 536 ται
497 464 808 530 διακεῖσθαι
837 470 932 526 καὶ
958 467 1314 524 συνίστασθαι
1334 463 1516 520 πάντα
1551 465 1704 519 τόνδε
1732 465 1958 536 κόσμονο

2086 465 2349 520 :onditum
2383 479 2448 521 ac
2479 465 3016 532 constitutumesse,
3046 463 3266 534 sapiens
3291 427 3654 523 Ecclesiastes

381 574 430 627 εἰ
461 570 593 640 γάρ,
619 586 638 620 ι
666 565 836 620 Γενεὰ
867 561 1188 634 πορεύεται,
1213 561 1310 616 καὶ
1334 558 1500 628 γενεὰ
1525 557 1766 630 ἔρχεται,
1807 578 1827 610 ι
1857 557 1968 612 τῶν

381 658 687 734 ἀνθρώπων
717 654 1052 710 ἐπανιόντων
1082 651 1230 718 κατὰ
1252 649 1448 718 γενεὰν
1487 649 1585 704 καὶ
1629 649 1824 718 γενεάν
1887 651 1968 713 είς

381 753 474 810 τὸν
499 751 663 814 αὐτὸν
692 747 850 820 χοῦν,
885 744 945 810 ἐξ
973 737 1147 814 οὗπερ
1177 741 1492 814 ἐλήφθησαν
1517 757 1532 771 ο
1561 741 1852 812 πρόδηλον,
1887 741 1970 794 ὅτι

384 845 414 898 ό
445 843 554 900 άπό
597 856 746 904 τινος
773 838 1008 909 κέντρου
1035 835 1129 889 τοῦ
1189 833 1420 906 σημείου
1477 832 1682 896 κύκλος
1734 847 1970 903 περιηγ·

391 935 574 1006 μένος,
607 931 744 1002 πρὸς
771 929 872 1000 τὴν
903 929 994 981 ἐπ’
1025 927 1200 998 ἀρχὴν
1233 925 1490 978 ἐπάνεισι
1523 925 1774 994 κίνησιν
1829 921 1972 976 οῦτω

390 1027 485 1082 καὶ
495 1026 605 1090 πᾶς
629 1022 915 1093 ἄνθρωπος
934 1019 1072 1090 μετὰ
1086 1015 1284 1073 πολλὰ(
1313 1017 1687 1088 περιστροφάς
1709 1016 1803 1070 καὶ
1817 1033 1972 1086 περι.

388 1119 544 1180 όδους
572 1111 725 1177 αὖθις
757 1110 1052 1168 ἐπαναλύει
1067 1108 1203 1180 πρὸς
1223 1108 1296 1168 ,τὰ
1323 1107 1385 1172 ἐξ
1403 1101 1476 1162 ὧν
1511 1107 1772 1176 συνετέθη
1824 1123 1972 1161 στοι-

389 1213 513 1282 χεῖα
543 1208 636 1262 καὶ
662 1206 764 1276 τὴν
797 1204 1011 1274 γένεσιν
1033 1201 1212 1272 ἔσχεν.
1254 1199 1414 1254 Ἀλλὰ
1445 1199 1540 1252 καὶ
1569 1201 1602 1270 ἡ
1631 1201 1725 1269 γῆ,
1745 1197 1850 1252 κᾶν
1889 1200 1970 1260 εἰς

391 1301 484 1356 τὸν
508 1299 682 1353 αίῶνα
725 1297 962 1368 ἐστηκε,
982 1292 1120 1365 πλὴν
1149 1291 1286 1346 ἀλλὰ
1319 1293 1428 1364 γὰρ
1455 1291 1548 1350 διὰ
1590 1291 1688 1360 τῆς
1735 1289 1974 1360 φθίσεως

397 1392 491 1446 καὶ
505 1391 604 1460 τῆς
635 1390 692 1443 ἐν
718 1386 796 1458 τῷ
820 1385 1019 1458 κρυμῷ
1036 1385 1128 1440 τοῦ
1142 1385 1411 1457 χειμῶνος
1433 1384 1636 1454 τρόπον
1649 1381 1773 1437 τινὰ
1806 1398 1977 1454 προσ·

397 1481 688 1552 γινομένης
715 1479 854 1550 αὐτῇ
895 1477 1132 1549 θνήξεως
1154 1477 1250 1530 καὶ
1279 1477 1444 1530 πάλιν
1471 1473 1818 1537 άναόιώσεως
1850 1475 1976 1543 ἐτη-

397 1573 512 1626 σίου
531 1567 800 1638 κυκλικὴν
815 1567 930 1638 ἔχει
945 1567 1044 1638 τὴν
1075 1565 1353 1620 σύστασιν.
1377 1563 1656 1626 Ὠσαύτως
1668 1581 1732 1632 γε
1749 1563 1854 1634 μὴν
1881 1561 1976 1618 καὶ

394 1662 423 1714 ὁ
454 1662 605 1730 ἥλιος
639 1657 945 1715 ἀνατέλλων
975 1657 1054 1719 εἰς
1078 1655 1138 1708 τὸ
1167 1653 1300 1708 αὐτὸ
1326 1651 1425 1707 τοῦ
1443 1653 1718 1724 ὁρίζοντος
1746 1653 1975 1723 σημεῖον

397 1753 492 1806 καὶ
520 1750 659 1822 πρὸς
691 1747 784 1802 τὸν
817 1745 1036 1801 suum
1061 1744 1320 1816 ὁρίζοντα
1349 1743 1674 1814 διαστείχων
1695 1760 1710 1775 ο
1747 1743 1841 1796 καὶ
1866 1743 1976 1797 πά-

2075 571 2178 612 nos
2211 555 2463 612 addocet.
2481 553 2619 628 Nam
2656 556 2706 611 si
2737 573 2758 608 ι
2793 555 3086 612 Generatio
3119 550 3378 626 praeterii,
3413 565 3468 613 et
3501 573 3659 629 gene-

2074 646 2210 702 ratio
2237 645 2475 712 advenit,
2507 664 2526 698 ι
2563 645 2922 716 hominesque
2946 661 3044 717 per
3065 646 3478 718 generationum
3510 647 3658 703 vices

2075 739 2183 810 22
2213 739 2270 792 in
2304 754 2432 794 eum
2484 738 2715 794 redeunt
2765 739 3069 809 pulverem,
3105 739 3249 794 unde
3293 739 3656 804 exstiterunt;

2076 831 2430 888 manifestum
2461 843 2566 900 est,
2613 833 2682 888 ab
2713 834 2900 904 aliquo
2969 843 3174 904 puncto
3235 833 3376 904 signi
3421 833 3659 888 circum-

2078 933 2262 980 actum
2283 925 2472 980 orbem
2501 925 2568 980 ad
2600 934 2786 982 motus
2811 926 2896 980 sui
2917 925 3201 980 exordium
3223 925 3448 990 reverti,
3475 925 3662 995 itaque
3690 947 3696 952 -

2078 1031 2301 1072 omnem
2351 1018 2631 1074 hominem
2664 1026 2786 1088 post
2825 1017 3026 1073 multas
3061 1017 3449 1073 conversiones
3495 1029 3660 1087 atque

2077 1110 2344 1168 circuitus
2391 1111 2446 1167 in
2502 1126 2564 1166 ea
2616 1111 2814 1166 iterum
2854 1111 3125 1166 elementa
3167 1111 3387 1176 resolvi,
3423 1127 3490 1165 ex
3537 1108 3700 1180 qui-'

2078 1202 2183 1260 bus
2212 1203 2554 1273 compositus
2576 1211 2690 1268 .est,
2743 1217 3025 1272 genusque
3073 1202 3258 1257 duxit.
3305 1201 3417 1258 Nec
3477 1203 3696 1257 minus

2079 1305 2245 1360 terra,
2273 1307 2593 1366 quanquam
2641 1294 2696 1350 io
2745 1304 3012 1350 aeternum
3043 1303 3172 1358 stat,
3204 1309 3272 1348 cx
3307 1293 3664 1362 corruptione

2069 1395 2262 1460 tamen
2303 1387 2584 1458 quasique
2612 1396 2790 1441 morte
2836 1401 2934 1455 per
2989 1385 3188 1441 hiemis
3220 1383 3424 1453 frigora
3470 1398 3664 1454 super-

2081 1465 2352 1545 veniente,
2413 1489 2580 1550 atque
2624 1495 2692 1556 εκ
2725 1480 2917 1558 iterata
2973 1477 3272 1549 quotannis
3319 1477 3431 1532 vita
3487 1477 3648 1546 perio

2081 1572 2260 1627 dicam
2307 1571 2474 1630 habet
2509 1570 2982 1626 constitutionem.
3032 1568 3326 1625 Enimvero
3385 1577 3442 1624 et
3491 1568 3662 1623 solem

2080 1661 2200 1732 pari
2247 1661 2436 1726 modo,
2489 1677 2617 1716 cum
2677 1661 2746 1717 ab
2832 1661 3023 1716 eodem
3082 1660 3402 1715 horizontis’
3439 1669 3666 1714 exortus

2081 1753 2240 1824 signo
2267 1753 2322 1808 in
2354 1753 2688 1809 occidentem
2718 1752 2996 1822 procedat,
3030 1761 3146 1806 tum
3172 1765 3420 1806 remeans
3445 1763 3666 1804 rursum

397 1843 482 1897 λιν
505 1843 586 1904 είς
615 1840 676 1893 τὸ
709 1839 842 1894 αὐτὸ
898 1839 1124 1911 σημεῖον
1176 1834 1274 1890 τοῦ
1323 1831 1646 1890 άνατολικοῦ
1700 1835 1976 1907 ὁρίζοντος

2086 1839 2313 1895 orientis
2341 1848 2397 1895 et
2423 1840 2727 1895 occidentis
2753 1840 2943 1896 eadem
2994 1848 3282 1909 percurrat
3327 1839 3506 1912 signa,
3535 1853 3666 1894 cur-

399 1931 788 2005 εύρισκόμενος
811 1929 910 1984 καὶ
937 1928 1032 1983 τοῦ
1059 1928 1336 1993 δύνοντος,
1402 1927 1672 2000 κυκλικὴν
1725 1925 1981 1996 κατείλη-

334 2090 340 2097 _
400 2041 534 2080 πται
571 2021 943 2093 πεποιημένος
969 2021 1070 2090 τὴν
1107 2020 1348 2090 κίνησιν.

476 2117 550 2170 Τὸ
576 2115 708 2169 αὐτὸ
743 2113 802 2168 δέ
833 2112 990 2167 τοῦτο
1023 2111 1261 2183 πάσχειν
1287 2111 1384 2166 καὶ
1409 2111 1520 2164 τῶν
1577 2109 1797 2181 άνέμων
1849 2107 1980 2162 ἐκα-

403 2227 530 2264 στον
580 2209 881 2279 παρίστησι
923 2205 1039 2260 νῦν
1085 2205 1312 2275 φάσκων
1341 2220 1356 2235 ·
1420 2221 1440 2255 ι
1477 2202 1687 2260 Κυκλοϊ
1739 2199 1979 2266 κυκλῶν,

402 2300 697 2372 πορεύεται
726 2299 786 2352 τὸ
815 2295 1058 2370 πνεῦμα,
1097 2299 1194 2352 καὶ
1225 2294 1320 2348 ἐπὶ
1346 2293 1582 2358 κύκλους
1638 2291 1805 2348 αὐτοῦ
1863 2294 1984 2346 ἐπι-

403 2393 626 2462 στρέφει
659 2389 722 2442 τὸ
752 2387 991 2458 πνεῦμα.
1024 2405 1044 2440 ι
1078 2385 1358 2457 Πρόδηλον
1406 2383 1516 2456 γὰρ
1538 2422 1554 2448 ,
1611 2381 1687 2448 ὡς
1735 2383 1982 2454 ὅπουπερ

402 2481 471 2536 ἂν
506 2482 538 2534 ό
572 2480 775 2552 βορρᾶς
803 2478 1014 2548 πνεύσῃ
1041 2478 1137 2532 καὶ
1161 2477 1334 2541 νύτος,
1359 2478 1440 2540 είς
1501 2475 1594 2530 τὸν
1633 2475 1764 2529 ίδιον
1816 2475 1981 2528 τόπον

401 2567 562 2638 αὖθις
587 2573 837 2636 ἐπάνεισι
882 2569 1177 2633 κυκλικῶς,
1225 2567 1286 2635 ἐξ
1337 2560 1402 2620 οῦ
1462 2569 1556 2622 καὶ
1607 2568 1709 2637 τὴν
1765 2567 1981 2634 γένεσιν

403 2661 552 2732 ἔσχε,
597 2660 786 2731 ποίαν,
817 2661 952 2730 ἡμῖν
1003 2657 1253 2712 ἐντεῦθεν
1309 2659 1704 2729 προμνώμενος
1759 2655 1977 2726 δνησιν;

407 2757 595 2807 πεῖσαι
634 2751 887 2824 βούλεται
913 2749 1240 2821 πολυμερῶς
1263 2746 1362 2804 καὶ
1408 2749 1772 2820 πολυτρόπως
1809 2749 1978 2818 ἡμᾶς,

405 2843 484 2908 ὡς
513 2843 806 2897 ούδέν’τῶν
837 2843 896 2896 ἐν
935 2839 1247 2911 ἀνθρώποις
1277 2839 1665 2910 διοικουμένων
1697 2839 1792 2893 καὶ
1823 2839 1979 2894 πολι-

407 2931 716 3001 τευομένων
743 2931 804 2984 τὸ
838 2930 1104 3002 στάσιμον
1135 2929 1257 3001 ἔχει
1286 2929 1382 2984 καὶ
1415 2928 1632 3000 βέϐαιον
1665 2945 1680 2962 ’
1714 2929 1851 2984 ἀλλὰ
1886 2931 1982 2986 καὶ

411 3026 551 3080 αὐτὰ
579 3025 646 3078 τὰ
675 3024 774 3095 τὴν
800 3023 1065 3096 διαμονὴν
1103 3023 1299 3094 ἔχοντα
1353 3023 1448 3076 καὶ
1480 3025 1584 3090 τὴν
1611 3023 1802 3077 στάσιν
1840 3025 1982 3096 ἀκή-

410 3129 596 3188 ρατον,
621 3116 747 3186 ἄχρι
778 3114 1220 3190 ήςῠὸρισθείσης
1259 3114 1556 3178 παντελοῦς
1603 3115 1981 3190 άποπερατώ-

374 3217 550 3267 ’σεως
575 3205 664 3260 διὰ
706 3205 811 3274 τῆς
856 3205 1093 3276 τοπικης
1125 3191 1429 3276 μεταϐολῆς
1467 3204 1559 3258 καὶ
1593 3205 1862 3276 κυκλικῆς
1889 3205 1985 3260 άλ-

407 3293 680 3359 λοιώσεως
707 3295 804 3348 καὶ
830 3297 1100 3366 κινήσεως
1139 3293 1240 3365 τὴν
1264 3293 1534 3365 διαμονὴν
1585 3297 1683 3349 καὶ
1732 3295 1834 3364 τὴν
1885 3295 1982 3348 σύ·-

410 3404 604 3442 στασιν
629 3387 845 3459 ἔχουσιν
875 3402 892 3417 ο
918 3385 1015 3441 ὅτε
1042 3385 1107 3457 δὴ
1122 3385 1531 3456 πειθαρχοῦντα
1561 3387 1658 3440 καὶ
1687 3385 1986 3456 θητεύοντα

408 3482 523 3546 τοῖς
551 3481 700 3550 ὅροις
731 3479 830 3534 xui.
867 3477 1056 3548 νόμοις
1109 3476 1208 3531 τοῦ
1245 3477 1548 3541 κτίσαντος
1587 3477 1682 3531 καὶ
1724 3477 1986 3544 τάξαντος

413 3573 510 3626 καὶ
537 3571 713 3643 ταύτῃ
744 3568 1136 3640 συντηροῦντος
1165 3569 1260 3622 καὶ
1283 3566 1552 3633 σώζοντος
1577 3585 1592 3600 ο
1627 3569 1716 3622 ἵνα
1760 3565 1986 3624 κάντεῦο

415 3663 507 3718 θεν
537 3665 701 3734 ἡμεῖς
727 3661 827 3733 τὴν
845 3661 986 3733 πρὸς
1011 3659 1076 3714 τὸ
1105 3658 1240 3714 αύτδ
1257 3659 1358 3730 τῆς
1383 3657 1654 3728 γενέσεως
1682 3658 1840 3729 ἡμῶν
1862 3660 1986 3714 κένο

415 3770 544 3826 τρον
597 3751 856 3807 ἐπάνοδον
901 3753 997 3805 καὶ
1049 3749 1484 3822 παλινδρόμησιν
1515 3750 1606 3820 άεὶ
1642 3749 1990 3820 προσδοκῶν-

414 3861 508 3909 τες
546 3843 942 3913 σπουδάσωμεν
963 3841 1226 3912 ἐμμένειν
1254 3841 1370 3902 τοῖς
1395 3838 1584 3910 νόμοις
1611 3836 1708 3892 τοῦ
1745 3836 1986 3890 κτίσαν·-

415 3953 528 4002 τος,
583 3937 698 4000 τοῖς
724 3934 956 4005 ἀψύχοις
991 3930 1396 4003 παραπλησίως
1423 3945 1440 3960 ·
1503 3929 1602 3984 καὶ
1647 3929 1724 4000 μὴ
1772 3927 1990 3998 χείρους

419 4025 737 4098 εὐρεθῶμεν
765 4023 1012 4086 ἐκείνων,
1043 4021 1366 4086 ἀθετοῦντες
1399 4021 1496 4076 καὶ
1552 4019 1990 4092 παραϐαίνοντες

419 4119 523 4192 τὴν
554 4117 810 4188 βούλησιν
833 4115 928 4169 τοῦ
950 4115 1305 4186 Ποιήσαντος,
1351 4131 1372 4166 ι
1415 4114 1514 4178 Ὃς
1545 4109 1732 4180 ἐξάγει
1750 4111 1845 4166 καὶ
1864 4112 1992 4174 τοὺς

423 4209 660 4280 ἀνέμους
701 4211 768 4263 ἐκ
829 4205 1126 4278 θησαυρῶν
1165 4203 1356 4272 αὑτοῦ,
1390 4223 1414 4258 ι
1467 4204 1563 4260 καὶ
1609 4203 1992 4274 παλινδρομεῖν

421 4295 578 4364 αὖθις
619 4295 1024 4360 κατασκευάζει
1049 4294 1327 4358 κυκλικῶς
1359 4297 1590 4350 ἐκαστον
1641 4295 1721 4356 είς
1747 4291 1840 4344 τὸν
1862 4291 1992 4346 ῐδιον

417 4393 604 4456 τόπον,
630 4389 731 4444 καὶ
749 4387 879 4452 τοὺς
904 4384 1228 4458 ἀνθρώπους
1259 4387 1339 4450 είς
1369 4385 1431 4439 τὺ
1463 4384 1557 4438 τοῦ
1578 4382 1848 4452 παρόντος
1877 4379 1993 4452 βίου

2009 3167 2052 3226 C

2080 1929 2315 1986 riculum
2349 1945 2509 1986 suum
2562 1931 2634 1986 ad
2681 1930 2873 1986 circuli
2919 1931 3188 1988 rationem
3240 1931 3526 1987 absolvere
3570 1929 3668 1987 de-

2080 2023 2488 2092 prehendimus.
3143 2075 3150 2082 .

2149 2113 2270 2170 Jam
2299 2122 2354 2169 et
2388 2123 2680 2169 ventorum
2715 2113 3016 2184 quemlibet
3045 2112 3234 2168 eodem
3265 2121 3425 2183 pacto
3455 2113 3664 2168 moveri

2081 2221 2230 2260 nunc
2282 2204 2508 2270 indicat,
2548 2205 2679 2260 dum
2707 2205 2824 2260 ait;
2862 2223 2881 2257 ι
2919 2204 3090 2277 Gyrat
3117 2219 3342 2276 gyrans,
3371 2203 3524 2259 vadit
3551 2205 3665 2276 spi-

2082 2296 2242 2362 ritus,
2305 2303 2360 2351 et
2417 2296 2473 2351 in
2539 2296 2778 2352 circulos
2833 2311 2965 2350 suos
3013 2295 3304 2351 revertitur
3360 2295 3608 2365 spiritus.
3641 2313 3664 2347 ι

2081 2385 2438 2457 Perspicuum
2507 2387 2656 2442 enim
2710 2393 2819 2449 est,
2875 2385 3319 2456 quandocunque
3366 2385 3552 2456 aquilo
3613 2393 3668 2440 et

2083 2490 2250 2534 notus
2277 2477 2590 2548 spiraverit,
2643 2477 2834 2532 eodem
2881 2491 3076 2531 rursus
3107 2491 3204 2546 per
3259 2475 3530 2530 circulum
3581 2491 3669 2530 re-

2080 2571 2218 2638 dire,
2251 2571 2304 2624 in
2344 2585 2468 2624 eum
2495 2568 2708 2625 scilicet
2731 2567 2914 2624 locum
2935 2567 3078 2622 unde
3100 2576 3282 2622 ortum
3307 2566 3502 2623 habuit
3529 2566 3664 2639 (42).
3711 2598 3714 2601 -

2078 2661 2149 2716 At
2179 2677 2342 2732 quam
2379 2661 2467 2726 ille
2510 2660 2670 2716 nobis
2722 2661 3012 2715 utilitatem
3049 2658 3178 2714 hinc
3209 2655 3404 2714 all‘erre
3445 2659 3670 2714 studet?

2080 2765 2277 2820 nempe
2324 2750 2514 2807 multis
2565 2751 2656 2806 ille
2703 2758 2760 2806 et
2801 2751 2974 2806 variis
3025 2752 3360 2821 persuadere
3399 2755 3669 2824 exemplis

2079 2845 2198 2903 vult
2249 2859 2466 2908 eorum,
2527 2859 2652 2912 quae
2711 2843 2854 2898 inter
2913 2843 3165 2900 homines
3208 2853 3474 2916 geruntur
3504 2855 3672 2917 atque

2081 2921 2560 3000 administrantur,
2605 2934 2744 2990 nihil
2789 2951 2912 2991 esse
2963 2934 3203 3002 ﬁrmum,
3253 2936 3390 2991 nihil
3437 2938 3668 2994 stabile:

2080 3027 2214 3096 quin
2247 3041 2311 3081 ea
2341 3025 2478 3096 ipsa,
2503 3041 2626 3096 quae
2661 3025 2976 3080 ﬁrmitatem
3003 3036 3056 3081 et
3085 3025 3674 3084 stabilitatem-habent
3698 3082 3703 3087 .

2086 3117 2475 3185 immortalem,
2506 3117 2648 3172 intra
2688 3117 3040 3188 praescriptos
3085 3116 3226 3174 ﬁnes
3255 3117 3330 3172 ita
3360 3098 3508 3175 stare
3547 3135 3673 3192 pero

2085 3219 2248 3280 petuo
2275 3216 2441 3278 atque
2464 3207 2788 3273 consistere,
2820 3215 2880 3266 ut
2907 3216 2962 3262 et
3008 3207 3190 3262 locum
3227 3215 3405 3276 tamen
3436 3218 3670 3277 mutent,

2085 3309 2138 3355 et
2161 3300 2346 3355 orbem
2375 3314 2534 3354 suum
2584 3299 2799 3355 vicibus
2828 3303 3111 3369 peragant,
3143 3298 3396 3356 deﬁnitos
3425 3299 3675 3372 profecto

2084 3395 2288 3450 limites
2315 3395 2613 3459 servantia,
2648 3402 2703 3448 et
2749 3393 3066 3452 Conditoris
3101 3411 3198 3466 per
3252 3413 3413 3468 quem
3448 3405 3676 3454 eo'nser-

2086 3493 2286 3539 vantur
2315 3498 2381 3538 ac
2410 3483 2610 3552 vigent,
2647 3482 2858 3553 legibus
2911 3484 3306 3554 obsequentia:
3339 3487 3542 3556 quibus
3571 3503 3678 3543 nos

2087 3573 2484 3628 animadversis
2531 3575 2612 3628 sic
2657 3573 2894 3628 reditum
2946 3574 3100 3629 illum
3153 3591 3553 3648 recursurnque
3599 3581 3671 3635 ad

2087 3664 2228 3718 idem
2261 3663 2627 3733 generationis
2653 3674 2855 3719 nostra:
2885 3672 3148 3734 punctum
3192 3681 3412 3738 semper
3439 3679 3676 3738 praesto-

2089 3753 2286 3817 lemur,
2319 3761 2379 3807 ut
2405 3755 2472 3808 ad
2505 3753 2932 3809 inanimatorum
2964 3769 3218 3834 normam
3251 3766 3465 3812 natura:
3491 3759 3677 3816 termi-

2091 3845 2176 3900 nis
2210 3853 2266 3900 et
2302 3843 2617 3899 Conditoris
2667 3845 3002 3915 praescriptis
3044 3845 3292 3902 studiose
3337 3847 3678 3917 insistentes,

2091 3937 2146 3992 in
2183 3934 2456 3991 deteriora
2492 3933 2628 4004 lapsi
2674 3951 2744 3989 ne
2798 3935 3103 4002 videamur,
3154 3937 3416 4008 abrogata
3469 3941 3680 3998 scilicet

2089 4027 2411 4096 violataque
2443 4025 2699 4081 Auctoris
2737 4026 2910 4082 nostri
2941 4025 3243 4096 voluntate,
3282 4047 3301 4080 ι
3338 4029 3441 4096 Qui
3473 4015 3679 4102 produ-

2091 4121 2168 4176 cit
2212 4119 2281 4175 de
2324 4118 2598 4173 thesauris
2654 4117 2770 4173 suis
2814 4124 2869 4172 et
2912 4127 3104 4173 ventos
3146 4119 3279 4191 (43),
3313 4139 3332 4172 ι
3370 4121 3476 4192 23
3515 4132 3680 4194 atque

2091 4226 2188 4282 per
2231 4209 2500 4266 circulum
2531 4223 2728 4265 rursus
2775 4208 2956 4264 redire
2987 4209 3236 4280 singulos
3264 4211 3420 4266 docet
3458 4213 3512 4266 in
3547 4229 3678 4283 pro-

2091 4305 2274 4375 prium
2317 4301 2497 4357 locum
2523 4318 2538 4367 ;
2569 4300 2823 4372 idemque
2857 4284 3110 4357 homines
3140 4303 3197 4356 in
3245 4305 3528 4373 przesentis
3558 4305 3682 4364 vita:

2097 4395 2336 4451 stadium
2389 4390 2616 4448 indueit’
2643 4408 2710 4449 ac
2742 4393 2928 4456 mittit,
2962 4403 3128 4464 atque
3177 4395 3378 4450 iterum
3427 4397 3679 4464 eductos,

424 4481 638 4536 στάδιον
667 4477 881 4546 εἰσάγει
908 4477 1002 4530 καὶ
1035 4474 1217 4544 τίθησι
1241 4490 1258 4508 ο
1289 4473 1384 4527 καὶ
1425 4473 1588 4526 πάλιν
1613 4471 1800 4538 ἐξάγει
1855 4469 1985 4540 μετά

2099 4488 2288 4558 elapso
2320 4487 2465 4557 quod
2494 4487 2694 4557 cuique
2732 4484 2980 4541 definivit
3039 4488 3166 4542 vitae
3193 4487 3392 4557 spatio,
3423 4488 3492 4543 ad
3528 4501 3684 4543 carn-

419 4573 520 4644 τὴν
541 4569 967 4641 άποπεράτωσιν
991 4563 1414 4638 τῆςόρισθείσης
1433 4565 1648 4634 ἐκὰστιρ
1659 4559 1991 4624 διαῦιὼσεως

423 4665 519 4718 καὶ
549 4662 684 4736 πρὸς
711 4659 811 4732 τὴν
837 4657 1006 4730 αὐτὴν
1034 4656 1250 4726 τιθηνὸν
1297 4654 1638 4726 ἐπιστρέφει.

493 4755 648 4825 Τάχα
673 4754 732 4806 δέ
760 4769 885 4806 τινα
909 4751 1006 4804 καὶ
1031 4749 1448 4820 μυστικωτέραν
1491 4745 1726 4816 θεωρίαν
1785 4745 1846 4799 ἐν
1871 4747 1996 4800 τού-

422 4863 536 4912 τοις
608 4847 745 4916 ἠμῖν
801 4839 1191 4914 προϐάλλεταις
1249 4837 1390 4892 πάνυ
1435 4833 1796 4890 συντελοῦσαν
1857 4836 1997 4906 πρὶς

493 4999 610 5078 ’(ιε)
647 5004 782 5061 Mira
817 5003 940 5078 hate
964 5002 1212 5078 omnino,
1239 5016 1361 5072 quas
1386 4999 1453 5056 de
1473 4998 1753 5078 _Aquilo_ne
1780 5005 1834 5051 et
1861 4995 1998 5078 Noto

427 5065 738 5137 traduntur,
767 5088 869 5144 nec
890 5072 1134 5144 physicis
1163 5065 1294 5126 nota
1317 5069 1522 5144 nostris
1539 5065 1562 5122 Ξ
1591 5072 1682 5136 qui
1717 5076 1920 5128 tamen,
1940 5065 1998 5144 εἰ

427 5148 496 5202 de
547 5133 1222 5206 subsolano'dic'erentur,
1260 5140 1442 5195 minus
1482 5133 1887 5208 repugnarent.
1940 5133 1992 5192 Is

427 5216 574 5273 enim
629 5222 821 5268 ventus
852 5213 911 5268 in
953 5211 1173 5267 Oceano
1201 5206 1582 5280 navigantibus
1628 5207 1759 5280 solis
1776 5206 1999 5280 plagam

429 5295 614 5342 tenere
655 5283 901 5348 videtur,
955 5291 1118 5352 atque
1151 5281 1286 5334 adeo
1312 5275 1578 5352 circulum
1593 5277 1696 5352 _sie
1737 5275 1908 5352 obire,
1940 5284 2004 5328 ut

430 5363 717 5426 postquam
767 5345 894 5426 eum
941 5345 1056 5406 sole
1100 5351 1160 5426 in_
1211 5345 1816 5426 occidentemtlaverit,
1858 5345 2001 5426 idem

467 5419 1196 5492 uerlammodo_cum_sole
1251 5433 1468 5492 rursum
1517 5420 1775 5492 al)_ortu_
1811 5419 1999 5492 spiret.

473 5505 698 5554 telorum
729 5507 792 5547 ea
851 5489 1195 5546 Ecchsiastae
1222 5488 1389 5544 verba
1433 5486 1502 5542 de
1535 5485 1730 5554 spiritu
1764 5483 2003 5554 hominis

431 5551 709 5635 Nyssenus
725 5563 852 5618 accc
859 5561 907 5635 pi
916 5568 959 5635 ις
971 5561 1047 5635 ait
1057 5559 1198 5614 enim
1209 5575 1221 5612 :
1233 5556 1443 5635 Ιςυκλοῖ
1455 5555 1525 5624 γά
1529 5551 1584 5635 ρ,
1599 5572 1672 5624 φη
1681 5555 1753 5635 οὶ.
1761 5551 2001 5635 κυκλῶνο

434 5579 709 5688 ιηὲεεεηιιε
725 5579 955 5630 accepit;
971 5579 1047 5614 alt
1057 5579 1221 5614 enim:
1236 5579 1440 5611 nuxmt
1455 5579 1584 5635 γαρ,
1599 5579 1753 5624 φησι,
1766 5579 2001 5607 κυκΑωνν

429 5651 460 5688 ο
498 5649 576 5686 τω
589 5631 769 5686 τοίνυν
795 5631 888 5684 καὶ
914 5631 975 5684 τὸ
991 5631 1081 5698 σὸν
1112 5626 1401 5698 πορεύεται
1424 5641 1660 5698 πνευμαμ·
1677 5623 1787 5698 άπὸ
1805 5623 2006 5698 μέρους

432 5703 578 5756 ἅπαν
608 5699 889 5771 ὀνομάζων
907 5699 973 5771 τὸ
987 5690 1324 5771 ἀνθρῴπινον
1340 5690 1586 5764 πνεῦμαῖ
1599 5694 1699 5771 τὴν
1720 5690 2005 5771 ἐγκύκλιον

433 5771 638 5841 ταύτην
694 5760 806 5840 τὴν
843 5768 932 5822 διά
975 5760 1103 5820 τῶν’
1137 5765 1339 5836 ὁμοίων
1388 5760 1730 5836 περιτρέχων
1762 5760 1960 5834 φοράν
1987 5775 1999 5789 ·

2100 4579 2224 4635 dem
2253 4577 2521 4634 nutricem
2553 4586 2792 4633 revocat.

2173 4731 2430 4788 Fortasse
2459 4743 2594 4786 vero
2621 4738 2678 4784 et
2721 4729 2886 4784 aliam
2933 4730 2989 4784 in
3038 4729 3126 4784 his
3172 4731 3347 4800 magis
3395 4728 3682 4798 mysticam

2102 4825 2444 4884 notationem
2483 4823 2644 4879 nobis
2677 4823 2748 4878 ob
2782 4822 2972 4879 oculos
2998 4821 3190 4894 ponit:
3229 4836 3352 4893 quae
3383 4821 3680 4892 plurimum

2103 4975 2412 5056 Πορεύεται
2431 4982 2542 5056 γὰρ
2566 5021 2582 5046 ,
2625 4981 2786 5056 φησὶ,
2821 4980 2884 5056 τε)
2923 4979 3142 5056 πνεῦμα
3164 5021 3179 5044 ,
3212 4980 3305 5056 καὶ.
3330 4978 3435 5056 ἐπὶ
3449 4977 3684 5056 κύκλους

2105 5045 2278 5136 αὐτοῦ
2299 5045 2711 5136 ἐπιστρέφει-’ὠ
2741 5049 2978 5136 πνεῦμα,
3021 5045 3079 5136 lti
3106 5062 3190 5130 est
3215 5067 3228 5104 :
3257 5045 3448 5136 Guard,
3470 5051 3683 5136 inquit,

2105 5130 2162 5182 in
2195 5123 2394 5178 orbem.
2416 5119 2506 5177 Sic
2541 5119 2858 5192 igiturtuus
2881 5134 3084 5192 quoque
3109 5119 3406 5192 ingreditur
3437 5119 3684 5192 spiritus,
3732 5181 3743 5191 ἱ

2107 5215 2142 5251 a
2173 5203 2326 5264 parte
2369 5202 2539 5246 totum
2564 5189 2860 5264 nominans
2889 5190 3136 5258 spiritum
3177 5191 3427 5264 hominis.
3465 5189 3686 5264 [iuncis

2107 5257 2284 5321 orbem
2316 5273 2516 5316 motum
2557 5279 2649 5331 per
2673 5259 2872 5316 similia
2901 5275 3175 5331 peragens.
3211 5257 3394 5330 Pergit
3427 5261 3584 5331 enim,

2109 5337 2244 5404 quit,
2279 5333 2524 5403 spiritus,
2557 5327 2614 5404 et
2645 5331 2714 5384 ad
2747 5327 2974 5404 circulos
3020 5327 3685 5404 suos__ret'er1itur._t_lbrd.l

2109 5395 2830 5472 Recte,'antcmiNyssenus
2887 5399 3211 5472 prima_ilia_
3268 5399 3429 5472 verba
3481 5395 3688 5472 κυκλοῖ

2109 5471 2326 5530 κυκλῶν
2358 5472 2426 5525 ad
2460 5466 2629 5526 solem
2663 5469 2826 5524 refert
2851 5483 2866 5533 ;
2889 5466 3025 5521 nam
3055 5467 3102 5522 si
3147 5469 3214 5521 ad
3258 5466 3490 5536 Πνεῦμα
3521 5470 3690 5536 pertio-

2111 5550 2322 5602 net'enl,
2348 5541 2696 5596 scribendum
2727 5546 2874 5594 esset
2905 5538 3110 5592 Κυκλοί
3144 5535 3402 5590 κυκλοῦν.

2183 5612 2296 5684 (45)
2327 5608 2474 5684 Psal.
2506 5610 2788 5684 cx;xv,~7.
2840 5607 2910 5662 At
2941 5605 3286 5684 sententiam
3340 5605 3483 5684 apud
3543 5603 3690 5684 LXX

2111 5701 2142 5738 a
2170 5683 2250 5740 sie
2278 5680 2547 5735 redditam
2582 5680 2859 5734 invenies:

2941 5676 2998 5730 Ὁ
3063 5674 3273 5744 ἐξάγων
3336 5674 3574 5744 ἀνέμους
3625 5677 3691 5730 ἐκ

2112 5749 2404 5827 θησαυρῶν
2429 5749 2617 5804 αὑτοῦ.
