4076 6284
327 327 435 393 ΤΠ
1416 321 1499 383 ΙΝ
1554 323 1935 383 ECCLESIA!

2036 321 2139 382 ΞΝ·
2193 347 2261 358 -
2305 318 2452 380 LIB.
2491 316 2546 378 Ι.
3018 373 3022 383 ,
3505 309 3613 373 773

339 445 478 519 μετὰ
516 441 629 496 τῶν
653 440 895 514 ἀρχῆθεν
957 441 1094 512 αὐτῇ
1151 441 1791 512 προαποκληρωθέντων,
1826 441 1924 496 καὶ

2036 441 2188 496 initio
2225 437 2458 506 accepit,
2494 443 2550 492 ct
2595 449 2715 505 qum
2765 432 2984 488 aliundc
3024 439 3288 516 perpetuo
3333 430 3614 486 conﬂuunt

332 535 446 590 τῶν
485 532 692 601 ἔξωθεν
715 530 960 594 ἁεννάως
1017 529 1568 602 παρεισκεκριμένων
1616 529 1928 601 ἁναριθμὴο

2036 519 2500 598 innumerabiles;
2552 543 2653 582 nec
2698 537 2882 583 tamen
2933 525 3046 580 ullo
3077 525 3358 596 augmenti
3408 525 3617 581 indicio

334 643 466 692 των,
500 623 594 678 καὶ
627 623 749 678 κατ’
791 621 1050 693 οὐδεμίαν
1076 621 1360 690 αὐξήσεως
1391 619 1634 691 ἔμφασιν
1693 620 1928 692 εὓρηται

2036 624 2313 688 redundet,
2363 630 2460 677 aut
2511 620 2650 675 ultra
2699 633 2898 675 arenas
2943 617 3144 673 littoris
3172 625 3227 672 et
3265 617 3616 674 continentes

336 715 756 788 πλημμυροῦσα
781 715 879 770 καὶ
907 715 1007 786 τὴν
1037 714 1278 786 ἀμμώδη
1305 713 1404 767 καὶ
1455 715 1674 782 γείτονα
1728 715 1928 786 χέρσον

2036 725 2202 771 terras
2232 715 2318 770 vel
2351 713 2640 768 minimum
2673 721 2956 768 excurrat.
3003 711 3160 778 Quod
3191 720 3246 766 et
3285 710 3456 766 David
3486 727 3620 781 pro-

339 811 734 883 παρερχομένη
765 811 833 864 ἂν
863 809 1002 881 πρὸς
1037 809 1254 880 μικρὸν.
1295 807 1470 862 Τοῦτο
1496 808 1586 880 ἄρ’
1615 809 1926 878 αἰνιττόμε-

340 919 454 967 νος,
496 901 699 972 μᾶλλον
725 901 782 954 δὲ
823 900 1227 970 παρεμφαίνων
1257 900 1352 952 καὶ
1377 902 1404 953 ὁ
1436 899 1726 969 προφήτης
1757 897 1924 951 Δαὸὶδ

2036 914 2216 955 rerum
2265 897 2510 954 omnium
2557 899 2641 954 sic
2697 910 2785 954 est
2838 899 3166 961 allocutus:
3221 916 3241 950 ι
3295 897 3616 953 Terminum

341 992 500 1061 ἔλεγε
527 991 665 1062 πρὸς
711 991 808 1044 τὸν
832 990 943 1043 τῶν
989 991 1128 1044 ὅλων
1161 989 1318 1056 Θεὸν,
1358 1007 1378 1042 ι
1417 989 1607 1060 ’Ὅριον
1637 987 1760 1042 ἔθου
1786 987 1816 1042 θ
1861 987 1922 1040 οὐ

2036 989 2292 1060 po‘suisti,
2337 1005 2500 1060 quem
2536 1005 2646 1044 non
2681 991 3174 1060 transgredientur,
3220 1004 3400 1062 neque
3431 1003 3615 1044 rever-

343 1083 796 1152 παρελεύσονται,
811 1082 933 1136 οὐδὲ
949 1072 1342 1152 ἐπιστρέφουσι
1354 1080 1594 1152 καλύψαι
1618 1080 1718 1152 τὴν
1746 1079 1870 1150 γῆν.
1899 1097 1918 1130 r

2036 1091 2220 1140 tentur
2252 1085 2468 1155 operire
2499 1093 2704 1140 terram
2731 1084 2800 1138 ⁸⁸.
2839 1101 2858 1136 ι
2905 1083 3044 1138 Tum
3080 1084 3190 1140 ait:

343 1175 482 1234 Εἶτά
509 1194 646 1251 φησι
663 1187 683 1208 ⁶
1993 1218 2011 1235 .

1898 1265 1927 1338 θ
1965 1261 2057 1322 Ix.

414 1389 520 1454 Εἰς
561 1387 775 1451 τόπον,
808 1379 882 1441 οὗ
916 1387 970 1440 οἰ
1014 1383 1321 1456 χείμαρροι
1377 1385 1756 1453 πορεύονται,
1801 1379 1944 1436 ἐκεῖ·

341 1479 516 1535 αὐτοὶ
547 1476 985 1546 ἐπιστρέφουσι
1015 1475 1128 1530 τοῦ
1168 1476 1556 1544 πορευθῆναι.
1747 1536 1750 1538 γ

415 1569 528 1624 Καὶ
559 1567 658 1622 νῦν
689 1563 846 1630 αὖθις
881 1569 1069 1636 ἕτερον
1107 1565 1292 1636 θαῦμα
1327 1567 1678 1636 παρίστησιν,
1727 1564 1756 1616 ὃ
1799 1563 1928 1618 λαν·

2109 1379 2192 1432 Διί
2221 1379 2417 1445 (omni,
2455 1395 2558 1448 quo
2599 1389 2857 1434 torrentes
2884 1387 3029 1444 eunt,
3055 1375 3189 1432 illuc
3218 1377 3323 1448 ipsi
3355 1383 3622 1431 revertun-

2036 1481 2125 1524 tur
2151 1471 2221 1525 ad
2257 1471 2488 1524 amulum
2513 1471 2648 1542 (47).

2104 1560 2174 1615 Ει
2215 1577 2363 1617 nunc
2411 1562 2558 1616 aliud
2611 1577 2806 1618 rursus
2862 1559 3195 1616 miraculum
3239 1566 3618 1630 reprasentat,

2025 809 2189 880 pheta
2239 806 2440 879 attigit,
2477 807 2562 861 vel
2612 806 2798 876 patius
2842 806 3102 871 ostendit,
3157 820 3282 860 cum
3334 813 3615 858 auctorem
3718 803 3730 818 '

342 1661 502 1716 θάνει
533 1660 631 1730 μὲν
657 1661 782 1723 τοὺς
813 1658 1044 1722 πολλοὺς
1075 1659 1186 1712 τῶν
1215 1657 1552 1729 ἀνθρώπων·
1579 1657 1641 1710 οὐ
1673 1655 1782 1724 γὰρ
1813 1654 1931 1708 ῐσα-

2036 1653 2181 1724 quod
2217 1653 2440 1722 quidem
2477 1654 2768 1722 plerosque
2795 1652 2902 1722 25
2933 1652 3218 1706 hominum
3251 1651 3404 1706 latet:
3419 1649 3622 1720 quippe
3735 1665 3752 1676 ·

347 1772 434 1808 σιν
465 1753 636 1820 ,αὐτὸ
685 1752 891 1816 πάντες
919 1767 935 1783 ’
1000 1751 1187 1820 μόνοις
1207 1751 1265 1804 δὲ
1310 1752 1433 1814 τοῖς
1489 1747 1930 1818 ναυτιλλομένοις

2036 1745 2246 1798 caneris
2279 1743 2682 1814 ignorantibus,
2713 1743 2749 1796 ii
2783 1745 2959 1797 solum
2996 1751 3224 1805 norunt,
3254 1741 3346 1812 qui
3383 1741 3619 1794 maxima

339 1845 668 1912 διέγνωσται
696 1845 812 1907 τοῖς
837 1843 905 1896 τὰ
939 1843 1172 1914 μέγιστα
1205 1841 1418 1912 πελάγη
1479 1841 1590 1894 τῶν
1641 1839 1932 1896 θαλασσῶν

2036 1835 2490 1908 Oceaniaequora
2531 1837 2844 1908 navigando
2882 1845 3186 1906 permeant,
3219 1845 3272 1890 et
3308 1834 3400 1905 qui
3433 1849 3622 1890 sacra-

339 1937 692 1990 διαπλέουσιν
715 1951 727 1966 ·
763 1934 842 1988 ἔτι
875 1935 933 1988 δὲ
963 1936 1060 1988 καὶ
1089 1937 1203 1998 τοῖς
1229 1933 1329 2005 τὴν
1360 1934 1512 1988 θείαν
1560 1933 1933 2004 μεμνημένοις

346 2027 571 2100 Γραφὴν
603 2021 698 2080 καὶ
728 2025 822 2080 τοῦ
849 2028 1130 2098 προφήτου
1185 2025 1441 2093 λέγοντος
1497 2023 1725 2096 ’Δμμώς
1749 2041 1764 2056 ·
1805 2044 1824 2076 ι
1875 2023 1934 2076 '0

349 2119 824 2190 προσκαλούμενος
855 2119 916 2172 τι
936 2116 1084 2188 ,ὕδωρ
1115 2119 1216 2188 τῆς
1243 2107 1547 2188 θαλάσσης,
1583 2115 1680 2171 καὶ
1713 2105 1928 2186 ἐκχέων

337 2213 486 2269 ,αὐτὸ
505 2213 600 2266 ἐπὶ
620 2213 916 2282 πρόσωπον
933 2210 1116 2282 πάσης
1145 2210 1248 2280 τῆς
1274 2211 1400 2280 γῆς,
1431 2228 1448 2261 ι
1480 2207 1830 2278 σημαίνοντος
1849 2207 1938 2260 διὰ

345 2304 458 2359 τῶν
507 2303 813 2374 εἰρημένων
845 2303 944 2372 τὴν
975 2301 1084 2356 ἀπὸ
1105 2301 1214 2356 τῶν
1240 2300 1542 2355 θαλαττίων
1589 2299 1796 2354 ὑδάτων
1856 2296 1938 2369 τῷ

349 2395 747 2464 παντοδυνάμῳ
777 2393 1084 2464 βουλήματι
1109 2391 1206 2447 τοῦ
1243 2391 1382 2446 Θεοῦ
1420 2392 1718 2462 γινομένην
1751 2388 1936 2445 ἄνοδον

349 2491 485 2562 πρὸς
494 2489 594 2552 τὰς
604 2487 836 2558 νεφέλας
855 2485 1134 2549 πολλάκις.
1148 2486 1260 2556 Τὴν
1280 2483 1538 2557 τοιαύτην
1551 2479 1644 2538 οὖν
1669 2481 1936 2554 μετάκλη-

351 2599 437 2636 σιν
467 2581 577 2636 τῶν
603 2580 907 2636 θαλαττίων
918 2579 1127 2633 ὑδάτων
1155 2578 1532 2648 αἰνιττόμενος
1586 2577 1685 2630 καὶ
1709 2577 1737 2630 ὁ
1771 2573 1936 2643 σοφὸς

299 2700 305 2706 -
361 2674 798 2744 Ἐκκλησιαστὴς
825 2672 1026 2741 ἔφησεν
1048 2689 1062 2704 ο
1105 2691 1126 2724 ‹
1149 2673 1246 2735 Εἰς
1280 2664 1532 2730 τόπον,οὖ
1561 2671 1610 2724 οἰ
1647 2668 1937 2741 χείμαρροι

353 2763 701 2835 πορεύονται,
720 2765 838 2816 ἐκεῖ
853 2763 1011 2816 αὐτοὶ
1029 2761 1419 2832 ἐπιστρέφουσι
1436 2759 1530 2814 τοῦ
1547 2757 1897 2830 πορευθῆναι.
1911 2774 1931 2808 ι

353 2853 684 2925 Πορεύονται
711 2855 810 2926 μὲν
827 2855 936 2925 γὰρ
959 2855 1008 2908 oi
1029 2853 1320 2924 χείμαρροι
1353 2853 1450 2907 καὶ
1479 2851 1676 2914 πάντες
1703 2851 1754 2903 οἰ
1778 2865 1940 2904 ποταο

360 2947 473 3017 μοὶ,
491 2947 587 3000 καὶ
602 2947 924 3018 συρρέουσιν
944 2946 1022 3008 είς
1039 2945 1138 3016 τὴν
1161 2945 1462 3022 θάλασσαν’·
1495 2947 1562 2998 ὲκ
1582 2943 1642 2996 δὲ
1671 2942 1936 3013 τῶνὰμυ-

2038 1945 2158 1984 rum
2213 1927 2548 1983 Litterarum
2590 1927 2890 1982 meminere
2929 1935 3094 1996 atque
3138 1927 3307 1982 Amos
3341 1923 3622 1992 propheta:

2036 2017 2314 2073 dicentis:
2365 2037 2384 2070 ι
2427 2017 2532 2083 Qui
2591 2025 2749 2071 vacat
2795 2031 2996 2086 aquam
3054 2015 3242 2079 maris,
3288 2023 3346 2070 et
3391 2013 3623 2068 eﬂ‘undit

2036 2124 2156 2164 eam
2190 2090 2354 2180 super
2383 2109 2577 2164 faciem
2608 2108 2955 2163 terraitotius
2971 2105 3174 2177 “‘(48)
3201 2123 3216 2173 ;
3243 2125 3263 2158 ι
3286 2107 3487 2177 quibus
3519 2106 3622 2162 hoc.

2037 2201 2222 2256 verbis
2254 2201 2593 2271 frequentem
2635 2216 2906 2271 aquarum
2939 2216 2970 2255 e
3001 2200 3140 2254 mari
3173 2198 3239 2254 ad
3276 2199 3450 2254 nubes
3481 2197 3622 2254 redi-

2040 2303 2156 2347 tmn
2183 2293 2509 2364 designavit,
2535 2294 2601 2349 ad
2624 2309 2765 2364 quas
2797 2291 2892 2348 Dei
2915 2293 3312 2363 omnipotentis
3342 2291 3624 2346 voluntate

2039 2385 2364 2441 ascendunt.
2405 2385 2556 2441 Hanc
2590 2401 2758 2456 porro
2799 2401 3064 2457 aquarum
3099 2386 3442 2439 marinarum
3484 2398 3619 2438 eon-

2037 2477 2384 2533 vocationem
2413 2479 2528 2548 ipse
2548 2479 2712 2534 etiam
2741 2477 2993 2534 indicans
3016 2479 3236 2548 sapiens
3257 2476 3622 2532 Ecclesiastes

2037 2573 2220 2629 dixit:
2258 2591 2280 2625 ι
2323 2573 2406 2628 Ad
2439 2573 2643 2636 locum,
2675 2587 2786 2643 quo
2817 2581 3088 2628 torrentes
3141 2581 3294 2634 eunt,
3343 2571 3470 2625 iliuc
3517 2571 3622 2640 ipsi

2041 2675 2392 2722 revertuntur
2414 2666 2483 2720 ad
2507 2667 2786 2720 eumdem.
2827 2683 2846 2717 ο
2885 2663 3020 2720 Nam
3070 2675 3304 2735 pergunt
3333 2680 3466 2720 sane
3506 2673 3622 2720 tor—

2041 2768 2229 2816 rentes
2283 2765 2585 2828 amnesqu’e
2622 2773 2841 2824 omnes,
2889 2767 2944 2813 et
2991 2759 3046 2812 in
3100 2772 3250 2820 mare
3302 2756 3620 2814 conﬂuunt:

2041 2861 2157 2908 tum
2189 2837 2326 2908 vero
2364 2866 2396 2907 e
2424 2851 2585 2918 coelo,
2623 2867 2734 2921 quo
2763 2851 2872 2906 vim
2905 2850 3052 2906 illam
3091 2865 3360 2922 aquarum
3390 2851 3624 2922 inexpli-

2041 2945 2273 3000 cabilem
2328 2943 2620 2998 convocari
2675 2943 2812 3006 dixi,
2870 2942 3152 2999 exundant
3202 2943 3402 3014 pluviis
3458 2953 3624 3014 atque

357 3001 536 3109 θητῶν
550 3038 648 3106 τῆς
673 3001 947 3109 θαλάσσης
965 3001 1197 3098 {addctos}:
1215 3038 1302 3092 διὰ
1322 3039 1418 3106 τῆς
1449 3037 1743 3109 εἰρημένης
1767 3001 1935 3106 προσ-

2036 3036 2332 3102 jmbribus,
2367 3036 2620 3107 marique
2649 3036 2872 3103 iterum,
2906 3051 3046 3106 quas
3077 3036 3146 3092 ab
3175 3001 3240 3091 eo
3266 3001 3617 3108 acceperunt,

353 3125 605 3198 κλήσεως
655 3127 856 3190 αὐτῶν,
909 3126 1204 3196 οὐρανόθεν
1238 3127 1382 3196 πλημ
1397 3125 1629 3196 μυροῦσι
1660 3128 1778 3186 ταῖς
1799 3123 1936 3194 ’βρο-

348 3221 483 3293 παῖς
496 3221 588 3273 καὶ
609 3221 720 3282 τοῖς
737 3218 985 3290 δμϐροις,
1007 3219 1105 3271 καὶ
1129 3217 1292 3272 πάλιν
1309 3217 1728 3288 ἐπιστρέφουσιν
1748 3217 1826 3277 εἰς
1835 3214 1935 3285 τὴν

355 3311 632 3366 θάλασσαν
647 3316 710 3363 τὸ
740 3309 945 3381 ληφθὲν
961 3309 1022 3374 ἐξ
1050 3311 1235 3364 αὐτῶν
1255 3309 1424 3382 ὕδωρ.
1457 3309 1566 3362 Καὶ
1593 3306 1754 3360 τοῦτό
1787 3309 1934 3359 ἐστιν

349 3402 464 3471 ἄρα
486 3401 676 3470 σαφῶς
721 3401 751 3453 ὅ
776 3416 940 3472 φησιν
976 3403 1006 3454 ὁ
1063 3399 1228 3470 σοφὸς
1278 3399 1714 3468 Ἐκκλησιαστής
1745 3413 1758 3426 ·
1797 3415 1816 3449 ‹
1843 3397 1936 3461 είς

352 3490 540 3556 τόπον,
579 3485 643 3544 οὗ
675 3491 726 3543 oi
761 3491 1054 3563 χείμαρροι
1079 3489 1428 3561 πορεύονται,
1459 3492 1579 3544 ἐκεῖ
1603 3490 1762 3560 αρτοὶ
1805 3491 1934 3541 ἑπι-

355 3581 652 3653 στρέφουσι
679 3581 775 3635 τοῦ
803 3583 1142 3653 πορευθῆναι
1176 3599 1191 3614 ο
1237 3599 1257 3634 ι
1289 3580 1394 3636 κᾶν
1431 3579 1564 3650 δοκῇ
1616 3595 1734 3641 πως
1787 3577 1935 3648 ἔχειν

351 3671 710 3741 ταυτολογίαν
735 3688 748 3702 ·
785 3673 953 3740 φάναι
981 3672 1091 3743 γὰρ
1121 3671 1289 3742 ἐχρῆν
1325 3687 1340 3702 ·
1374 3687 1394 3720 ι
1425 3670 1520 3732 Εἰς
1571 3668 1760 3728 τόπον,
1811 3667 1934 3720 ὅθεν

349 3765 404 3818 οἰ
431 3764 726 3836 χείμαρροι
755 3763 1030 3835 δέχονται,
1057 3765 1182 3818 ἐκεῖ
1209 3761 1367 3818 αὐτοὶ
1390 3760 1788 3834 ἐπιστρέφουσι
1835 3757 1932 3813 τοῦ

353 3853 692 3926 πορευθῆναι
721 3870 738 3888 ο
767 3874 788 3906 ι
826 3854 1052 3910 τοιῶσδε
1084 3855 1194 3924 γὰρ
1221 3853 1517 3926 εἰρημένον
1577 3849 1934 3922 ἐκδηλότερον

351 3945 420 4002 ἂν
447 3951 540 4001 καὶ
569 3947 908 4018 σαφέστερον
934 3942 1050 4018 εἶχε
1082 3947 1178 4000 τοῦ
1207 3945 1376 4017 ρητοῦ
1403 3945 1496 3998 τὸν
1530 3945 1657 3998 νοῦν
1705 3944 1845 3998 κατὰ
1870 3941 1933 3996 τὸ

351 4037 667 4095 ἀκόλουθον.
711 4039 848 4092 Ἀπὸ
871 4041 1104 4112 γὰρ-τῆς
1147 4037 1424 4109 θαλάσσης
1479 4034 1932 4108 προσλαμϐάνου-

353 4147 442 4186 σιν
473 4131 534 4184 αἰ
572 4131 794 4200 νεφέλαι
818 4131 880 4183 τὸ
906 4129 1053 4203 ὕδωρ
1081 4147 1096 4163 ο
1127 4129 1284 4184 ὕουσι
1343 4127 1390 4183 δ’
1441 4128 1624 4192 αὐτοῖς
1665 4129 1932 4197 ποταμοίς

353 4221 450 4276 καὶ
481 4222 838 4294 χειμάρροιςο
865 4215 1020 4277 οὗτοι
1051 4220 1111 4274 δὲ
1130 4218 1588 4294 παλινδρομοῢσιν
1613 4217 1767 4272 αὐτοὶ
1794 4217 1932 4288 πρὸς

2037 3143 2210 3198 aquas
2238 3127 2750 3198 refundunt.Atque
2777 3129 2882 3184 hoc
2911 3129 3091 3199 ipsum
3111 3129 3226 3186 sine
3245 3132 3620 3188 controversia

2035 3231 2142 3284 est,
2180 3219 2328 3288 quod
2365 3221 2588 3290 sapiens
2620 3217 2983 3276 Ecclesiastes
3021 3221 3275 3276 enuntiat
3298 3205 3331 3276 ε’
3365 3239 3386 3273 ι
3421 3221 3500 3277 Ad
3532 3222 3620 3278 lo-

2035 3326 2187 3377 cum,
2227 3325 2341 3382 quo
2369 3317 2640 3368 torrentes
2681 3322 2833 3377 eunt,
2863 3314 2994 3369 illuc
3034 3315 3136 3383 ipsi
3170 3325 3524 3372 revertuntur
3552 3316 3620 3370 ad

2036 3403 2322 3469 eundum;
2362 3423 2381 3455 ι
2423 3419 2742 3474 quanquam
2779 3405 2834 3458 in
2865 3405 2956 3460 his
2981 3407 3164 3462 verbis
3188 3423 3300 3462 rem
3336 3407 3427 3462 ille
3463 3423 3619 3463 eam-

2035 3491 2158 3546 dem
2195 3492 2396 3551 iterare
2425 3495 2836 3563 quodammodo
2879 3497 3113 3552 videtur.
3147 3499 3444 3568 Oportebat
3471 3501 3618 3556 enim

2035 3584 2263 3642 dicere:
2309 3604 2329 3638 ι
2385 3585 2468 3640 Ad
2511 3585 2716 3652 locum,
2754 3588 2902 3643 unde
2957 3598 3230 3646 torrentes
3277 3591 3617 3655 derivantur,

2033 3677 2224 3732 eodem
2269 3677 2375 3746 ipsi
2417 3677 2655 3733 redeunt
2701 3689 2761 3734 ut
2793 3681 2976 3735 denuo
3011 3680 3224 3750 ﬂuant;
3261 3703 3278 3734 ι
3319 3699 3444 3738 nam
3480 3685 3618 3746 .dicti

2021 3770 2366 3825 sententiam
2399 3770 2504 3826 hoc
2527 3779 2688 3840 pacto
2715 3772 3146 3830 manifestiorem
3171 3775 3432 3849 deinceps
3455 3787 3620 3850 atque

2033 3865 2326 3920 clariorem
2357 3864 2731 3924 oreddidisset.
2787 3866 2832 3918 Α
2889 3867 3034 3921 mari
3083 3869 3358 3938 siquidem
3415 3885 3616 3940 aquam

2032 3957 2210 4012 nubes
2254 3955 2552 4025 hauriunt,
2597 3957 2952 4029 eaedemque,
3001 3974 3129 4015 cum
3187 3962 3362 4031 pluit,
3399 3972 3617 4018 torren-
3674 4025 3686 4042 ο

2032 4049 2182 4107 tibus
2215 4063 2336 4104 eam
2388 4063 2456 4105 ac
2508 4047 2692 4106 ﬂuviis
2729 4051 3010 4106 reddunt:
3065 4052 3121 4107 hi
3167 4053 3387 4110 demum
3423 4055 3620 4112 iterato

2032 4141 2184 4196 illam
2239 4156 2468 4198 recursu
2524 4141 2592 4197 ad
2642 4157 2794 4198 mare
2821 4143 3096 4200 deferunt.
3143 4143 3250 4202 Sed
3297 4147 3404 4203 hoc
3437 4149 3621 4205 minus

2029 4241 2220 4300 aperte
2258 4231 2398 4286 dixit
2434 4231 2822 4304 Ecclesiastes,
2874 4245 2930 4291 et
2987 4245 3270 4306 poetarum
3325 4256 3476 4296 more
3525 4257 3624 4312 per

250 4352 265 4364 .
351 4315 450 4386 τὴν
469 4315 766 4370 θάλασσαν.
811 4315 950 4370 Ἀλλ’
983 4317 1082 4386 οὐχ
1106 4311 1280 4377 οὕτως
1308 4311 1444 4366 αὐτὸ
1485 4310 1674 4381 σαφῶς
1700 4313 1752 4364 .ὁ
1804 4309 1928 4364 Ἐκ-

2039 4319 2464 4377 intellectionem
2491 4323 2726 4380 alterum
2769 4327 2946 4382 altero
2978 4328 3293 4400 signiﬁcare
3321 4309 3541 4400 voluit,
3563 4349 3624 4390 ut

350 4405 692 4476 κὶσισιαστὴς
715 4402 870 4459 εἶπεν
895 4421 909 4437 ο
945 4403 1084 4458 ἀλλὰ
1119 4403 1196 4474 τῷ
1229 4401 1500 4475 ποιητικῴ
1553 4401 1743 4473 τρόπῳ
1791 4398 1935 4454 κατά

353 4500 686 4570 συνεκδοχὴν
715 4497 996 4570 ἠϐουλήθη
1027 4498 1098 4552 δι’
1128 4497 1322 4568 ἑτέρου
1357 4497 1602 4567 σημᾶναι
1628 4494 1690 4547 τὸ
1721 4491 1932 4563 ἕτερον,

351 4595 441 4648 ἵνα
469 4593 590 4648 ἐστὶ
632 4591 695 4644 τὸ
728 4589 1024 4661 εἰρημένον
1047 4587 1314 4646 τοιοῦτον.
1343 4585 1419 4648 ὡς
1445 4585 1697 4656 ἕφθημεν
1751 4581 1932 4638 εἰπόν-

351 4701 442 4749 τες
473 4703 488 4717 ο
525 4704 545 4739 ι
581 4686 674 4748 Ei;
709 4683 800 4736 τὸν
833 4681 1018 4746 τόπον,
1047 4680 1171 4734 ὅθεν
1209 4681 1258 4732 οἱ
1289 4679 1586 4750 χείμαρροι
1631 4675 1935 4747 κιχρῶνται

352 4779 448 4830 καὶ
466 4777 718 4847 δέχονται
749 4775 840 4828 διὰ
867 4773 976 4828 τῶν
1001 4771 1242 4842 νεφελῶν
1273 4772 1338 4824 τὸ
1389 4769 1556 4839 ὕδωρ,
1597 4769 1695 4823 καὶ
1745 4768 1934 4840 πλημ-

355 4868 641 4938 μυροῦσιν,
659 4869 775 4920 ἐκεῖ
799 4865 953 4918 αὐτοὶ
981 4864 1383 4935 ἐπιστρέφουσι
1397 4861 1492 4914 τοῦ
1516 4860 1874 4932 πορευθῆναι.
1909 4877 1928 4912 ι

350 4958 604 5010 Δείκνυσι
633 4958 744 5028 γὰρ
781 4955 954 5019 οὕτως
978 4953 1496 5024 ἀναγινωσκόμενον
1520 4953 1585 5013 τὰ
1607 4951 1794 5023 ρητὸν,
1857 4952 1934 5015 ὡς

261 5079 268 5086 -
351 5051 403 5104 οἰ
453 5051 550 5120 μὲν
582 5049 872 5122 χείμαρροι
914 5049 1087 5102 καὶοί
1131 5046 1369 5116 ποταμοὶ
1398 5045 1491 5099 διὰ
1543 5043 1655 5096 τῶν
1690 5042 1934 5112 νεφελῶν

353 5145 419 5196 ἐκ
449 5143 546 5212 τῆς
581 5141 858 5212 θαλάσσης
871 5141 1151 5212 δεχόμενοι
1173 5137 1343 5208 ὕδωρ,
1371 5135 1735 5202 αῠξονταικαὶ
1751 5135 1936 5206 πλημ-

356 5227 658 5302 μυροῦσιν”
695 5231 1120 5302 ἁντιπαρέχουσι
1157 5229 1216 5282 δὲ
1250 5228 1411 5282 πάλιν
1440 5229 1506 5297 τῇ
1531 5225 1828 5298 δανεισάσῃ
1873 5225 1934 5278 τὸ

423 5367 470 5402 ³⁸
499 5367 647 5424 Psal.
683 5383 800 5434 cm,
832 5367 886 5424 9.
971 5370 1036 5402 ’⁸⁸
1064 5370 1232 5424 Amos
1262 5384 1318 5428 v.
1395 5365 1426 5422 8
1487 5373 1542 5419 et
1573 5380 1648 5426 Ix,
1679 5361 1732 5418 6.

425 5481 540 5550 (47)
597 5481 752 5550 Apud
813 5481 954 5536 LXX
1009 5483 1274 5550 scriptum
1326 5480 1404 5550 εἰς
1444 5477 1555 5550 κτὸν
1597 5478 1811 5550 τόπον..
1854 5515 1867 5530 .
1914 5519 1926 5533 .

355 5547 531 5606 totam
565 5547 746 5606 autem
791 5547 1136 5606 Sententinm'
1157 5552 1236 5606 sic
1271 5547 1504 5604 reddidit
1525 5547 1927 5615 Symmachus:

355 5623 452 5686 Εἰς
493 5621 584 5674 τὸν
627 5623 810 5681 τόπον,
864 5623 958 5688 ἀφ’
1003 5617 1065 5675 οὗ
1097 5623 1148 5674 οἰ
1188 5620 1424 5690 ποταμοὶ
1443 5616 1760 5688 πορεύονται
1785 5658 1800 5680 ,
1837 5619 1933 5671 καὶ

357 5693 474 5762 ἐκεῖ
500 5691 652 5762 αὐτοὶ
685 5693 1119 5762 ἀναστρέφουσιν
1157 5708 1172 5762 τ
1209 5707 1330 5759 qua:
1369 5690 1572 5758 optime
1603 5693 1936 5762 rcspgudcut

361 5761 540 5816 verbis
591 5754 906 5814 Lalimnutn
941 5754 1380 5830 exemplarium,
1408 5754 1534 5829 quae
1566 5754 1936 5813 vidit"llicro-

692 5853 962 5914 Panum.
1007 5853 1120 5914 Gn.
1169 5851 1442 5919 XCVIII.

2036 4426 2101 4466 ea
2132 4412 2190 4467 in
2227 4412 2715 4504 verbisxksententia
2760 4415 2911 4484 insit,
2956 4434 3122 4489 quam
3156 4420 3318 4478 modo
3363 4425 3616 4493 exposui-

2037 4515 2202 4556 mus:
2245 4517 2266 4556 ι
2301 4498 2383 4556 Ad
2418 4498 2600 4560 locum
2634 4521 2838 4580 uentre,
2874 4509 3019 4565 unde
3055 4517 3325 4566 torrentes
3362 4525 3624 4571 mutuan-

2039 4602 2132 4650 tur
2161 4595 2571 4669 desumuntque
2618 4615 2716 4670 per
2757 4604 2934 4660 nubes
2977 4591 3220 4674 aquam,
3246 4614 3414 4678 atque
3442 4620 3624 4666 exun—

2035 4684 2206 4751 dant,
2236 4701 2306 4744 eo
2352 4687 2520 4744 iidem
2573 4698 2966 4758 revertuntur,
3011 4701 3071 4748 ut
3123 4695 3321 4752 iterum
3361 4697 3554 4753 ﬂuant.
3601 4720 3620 4751 ι

2038 4777 2132 4836 Sic
2157 4779 2305 4835 enim
2332 4782 2506 4858 accipi
2543 4783 2751 4840 dictum
2775 4787 3038 4852 ostendit,
3062 4796 3126 4843 ut
3150 4797 3424 4848 torrentes
3442 4790 3626 4848 ﬂuvit-

2037 4889 2167 4944 que,
2210 4890 2353 4946 aqua
2401 4889 2432 4932 a
2483 4877 2624 4932 mari
2673 4894 2769 4948 per
2818 4879 2994 4936 nubes
3044 4882 3264 4948 hausta,
3315 4894 3626 4958 augeantur

2037 4977 2204 5036 atque
2263 4969 2614 5038 redundent;
2669 4986 2735 5026 ac
2789 4972 3030 5028 debitum
3097 4977 3366 5032 feneranti
3426 4993 3626 5036 rursus

2036 5059 2386 5116 retribuant:
2449 5076 2558 5116 non
2623 5061 2769 5131 quod
2834 5067 3198 5136 omnipotenti
3264 5067 3502 5124 Domino
3557 5073 3625 5124 ad

2039 5159 2240 5207 terram
2283 5152 2614 5226 irrigandam
2649 5156 2770 5212 aliae
2813 5157 2926 5214 sint
2971 5173 3111 5229 opus
3148 5175 3344 5230 aquae;
3388 5163 3482 5218 sed
3513 5179 3626 5234 qun

2037 5243 2368 5302 ineﬂ'abilem
2422 5249 2478 5302 in
2519 5247 2622 5305 hoc
2657 5266 2879 5322 quoque
2917 5255 3219 5322 potentiam
3277 5256 3624 5314 demonstret

2037 5484 2452 5550 nymus;ds_uut
2493 5478 2638 5532 enim
2681 5479 2995 5547 huiusmodi
3043 5499 3057 5536 :
3095 5481 3168 5536 De
3211 5497 3314 5550 quo
3365 5488 3622 5534 torrentes

2038 5547 2250 5613 adeum,
2283 5547 2413 5602 illuc
2437 5549 2540 5617 ipsi
2578 5560 2936 5615 reverluntur,
2963 5559 3020 5604 ut
3047 5547 3334 5606 introeant.

2112 5617 2482 5690 (48)_Amosv,
2507 5620 2562 5675 8.
2587 5619 2741 5688 Apud
2761 5621 2898 5676 LXX
2921 5623 3072 5676 deest
3089 5622 3291 5688 πάσης,
3318 5636 3417 5675 nec
3438 5621 3621 5677 minus

2045 5688 2186 5772 apud
2217 5688 2708 5761 Olympiodorum,
2757 5693 2848 5763 qui
2895 5693 3082 5746 eodem
3151 5694 3324 5746 utitur
3377 5697 3622 5760 testimo-

2046 5775 2158 5814 mo.

3053 5853 3128 5934 ιδ
