4076 6284
338 371 436 438 731
1225 427 1232 434 ,
1430 361 1514 422 IN
1544 349 2122 420 ECCLESIASTEN.
2155 377 2223 387 —-
2255 349 2404 410 LIB.
2441 307 2496 409 t.
2823 317 2834 336 “
3493 342 3598 403 733

341 489 441 560 τὴν
468 485 802 556 κατάλληλον
850 485 1104 549 ἀφίκοιτο
1133 483 1311 552 δόξαν·
1357 482 1471 536 ἀλλ’
1501 480 1794 550 ὶλιγγιάσει
1821 477 1918 533 καὶ

2048 471 2144 542 [uis
2179 468 2452 538 proferat;
2491 466 2716 522 minime
2768 475 2952 521 tamen
2982 462 3239 534 opinione
3287 475 3390 518 sua
3416 476 3598 517 rerum

343 553 709 637 κατοκλάσειί
751 578 931 648 λέγων
967 579 1066 646 μὲν
1111 577 1393 641 πολλάκις,
1430 575 1530 629 οὐκ
1559 571 1825 643 ὲξισχύων
1861 569 1919 624 δὲ

2048 561 2456 631 nagmtudinem
2489 565 2817 642 assequetur
2849 571 2862 608 :
2902 554 3034 626 quin
3090 553 3361 624 vertigine
3403 555 3603 608 attoni-

343 674 448 746 τήν
491 672 731 740 παντελῆ
770 645 865 724 καὶ
907 645 1122 725 τελείαν
1149 669 1440 736 διάγνωσιν
1477 665 1570 718 καὶ
1613 661 1920 732 κατάληψιν

2053 671 2112 709 us
2163 651 2516 718 succumbet;
2569 665 2669 706 nec
2715 663 2860 718 saepe
2909 647 3140 702 dicendo
3170 645 3475 701 absolutam
3509 646 3605 700 lia-

345 765 610 828 ἐξειπεῖν·
643 763 748 836 κᾶν
803 763 884 826 είς
943 763 1004 816 τὸ
1025 761 1324 832 ἀκρότατον
1370 757 1574 825 ἔφθασε
1603 754 1706 840 τῆς
1729 751 1920 820 σοφίας

345 858 444 912 καὶ
487 855 591 925 τῆς
653 855 930 924 γνώσεως,
995 855 1090 906 καὶ
1136 853 1237 922 τῆς
1293 849 1552 922 ἀνδρικῆς
1601 843 1923 915 ὑπολήψεως

349 948 564 1018 πλήρης
587 946 754 1002 ἐστίν.
778 947 892 1000 Οὐκ
917 944 1362 1017 ἐμπλησθήσεται
1397 941 1496 1010 μὲν
1527 939 1632 1008 γὰρ
1666 939 1694 990 ὁ
1720 933 1925 1004 ὀφθαλ-

352 1039 457 1110 μδς
501 1037 601 1092 τοῦ·
644 1037 782 1108 ὀρᾷν
815 1037 882 1090 τὰ
927 1035 1100 1102 κάλλη
1143 1033 1370 1096 καὶτὰς
1405 1029 1778 1100 τερπνότητας
1815 1024 1926 1079 τῶν

357 1129 612 1202 μεγάλων
654 1128 947 1200 θαυμάτων
992 1127 1100 1181 τῶν
1153 1127 1274 1179 κατ’
1311 1123 1540 1195 οὐρανὸν
1577 1121 1927 1192 βλεπομένων

353 1220 450 1274 καὶ
481 1217 716 1290 τὴνγῆν
762 1218 854 1271 καὶ
884 1217 983 1290 τὴν
1011 1217 1288 1272 θάλασσαν
1307 1232 1322 1247 ·
1355 1214 1478 1268 οὐδὲ
1505 1210 1928 1284 πληρωθήσεται

337 1309 454 1374 ὀὓς
489 1310 598 1364 ἀπὸ
627 1309 946 1379 ἀκροάσεως
977 1305 1086 1360 τῶν
1129 1307 1261 1378 περὶ
1287 1305 1358 1360 τὰ
1383 1303 1608 1358 τοιαῦτα
1636 1299 1930 1373 διηγουμέ-

355 1418 484 1456 νων.
518 1400 726 1462 Πάντες
754 1398 854 1469 μὲν
881 1400 990 1469 γὰρ
1021 1399 1071 1452 oi
1097 1395 1386 1466 φιλόκαλον
1425 1393 1640 1466 ἔχοντες
1663 1391 1755 1444 καὶ
1784 1388 1932 1459 φιλο-

355 1494 600 1564 θεάμονα
629 1495 877 1563 γνώμην,
909 1490 1009 1552 τὰς
1037 1488 1308 1562 ἐρωτικὰς
1335 1485 1602 1548 διαθέσεις
1633 1483 1728 1536 καὶ
1751 1478 1932 1534 ιδυνά-

361 1603 486 1658 μεις
516 1585 610 1639 τοῦ
641 1584 790 1646 ἐντὸς
822 1583 919 1637 καὶ
945 1581 1038 1636 τοῦ
1069 1581 1227 1646 me;
1250 1577 1539 1651 ἀνθρώπου
1567 1573 1934 1643 κεκινημένας

360 1676 460 1732 καὶ
487 1673 1020 1746 παρασκευασμένας
1038 1671 1219 1740 ἕξουσι
1244 1671 1381 1741 πρὸς
1403 1667 1670 1739 ἀκρόασιν
1697 1663 1806 1719 τῶν
1831 1677 1934 1732 κη-

363 1769 670 1840 ρυττόντων
706 1767 806 1836 τὴν
844 1766 1084 1838 ἄρρητον
1115 1760 1499 1834 μεγαλοσύνην
1527 1759 1628 1828 τῆς
1661 1755 1813 1818 θείας
1839 1751 1936 1806 καὶ

2027 762 2150 804 rum
2181 743 2590 816 perfectamque
2619 741 2991 812 cognitionem
3021 739 3604 811 comprehensionem-

2029 854 2136 910 que
2155 837 2430 908 explicare
2460 850 2702 904 unquam
2751 833 2945 904 poterit
2983 851 2994 887 :
3026 841 3167 899 esto,
3216 831 3283 886 ad
3326 845 3604 886 summum

2032 933 2081 988 is
2107 931 2392 1001 sapientiae
2419 926 2902 998 intelligentiaeque
2943 925 3222 996 fastigium
3274 923 3602 994 pervenerit,

2031 1033 2086 1078 et
2110 1021 2364 1078 acerrimi
2395 1019 2599 1090 ingenii
2647 1017 2696 1072 vi
2732 1017 2952 1086 polleat.
2992 1015 3181 1086 Neque
3205 1015 3351 1071 enim
3381 1023 3606 1070 exsatu-

2035 1120 2188 1166 retur
2231 1108 2449 1174 oculus,
2482 1106 2916 1178 pulchritudines
2961 1105 3443 1178 jucunditatesque
3475 1104 3606 1159 dum

2033 1201 2182 1258 videt
2211 1215 2533 1271 magnorum
2580 1197 3008 1264 miraculorum,“
3033 1213 3154 1266 quae
3181 1197 3344 1260 cmlo,
3379 1209 3610 1266 quaeque

2037 1303 2181 1349 terra
2207 1303 2260 1348 et
2289 1291 2426 1346 mari
2454 1299 2754 1346 cernuntur
2785 1307 2799 1342 :
2829 1304 3004 1358 neque
3030 1287 3180 1344 auris
3207 1287 3517 1357 impleatur;
3543 1287 3610 1341 de

2037 1387 2189 1442 hisce
2239 1385 2572 1441 disserentes
2601 1383 2731 1437 dum
2765 1381 2941 1436 audit.
2977 1379 3112 1436 Nam
3165 1381 3478 1452 quicunque
3512 1379 3614 1434 lio-

2033 1471 2194 1532 nesto
2245 1483 2376 1530 sunt
2423 1475 2608 1528 animo
2654 1483 2709 1528 et
2755 1475 3036 1542 speetandi
3064 1471 3284 1544 cupido,
3341 1472 3376 1526 ii
3427 1471 3614 1542 utique

2036 1582 2250 1638 semper
2277 1567 2460 1622 studio
2483 1565 2790 1634 aﬂ'ectuque
2809 1565 2957 1620 omni
2981 1575 3037 1620 et
3057 1566 3260 1620 mentis
3285 1573 3338 1620 et
3361 1563 3612 1633 corporis

2043 1659 2287 1714 ferantur
2323 1660 2736 1724 comparatique
2777 1657 2885 1710 sint
2921 1657 2989 1709 ad
3025 1672 3122 1712 eos
3164 1655 3486 1721 audiendos,
3519 1656 3613 1724 qui

2041 1749 2370 1804 ineﬁabilem
2429 1749 2626 1802 divina:
2659 1747 2981 1816 imictteque
3028 1747 3284 1816 potentiae
3327 1759 3490 1816 atque
3522 1762 3614 1800 sa-

362 1831 676 1924 παναλκοῦς
723 1831 1030 1928 δυνάμεως,
1054 1831 1150 1908 καὶ
1194 1831 1388 1922 σοφίας
1413 1850 1518 1920 τῆς
1555 1847 1678 1902 τόδε
1718 1845 1780 1898 τὸ
1825 1845 1935 1898 πᾶν

2048 1840 2258 1910 pientiae
2277 1837 2616 1908 maiestatem
2645 1837 2963 1906 praedicant,
2985 1837 3146 1907 cujus
3175 1838 3360 1890 omnia
3389 1837 3618 1892 numine

364 1951 849 2023 ὑποστησαμένης,
868 1948 963 2001 καὶ
994 1943 1375 2018 διεξαγούσης,
1403 1941 1498 1995 καὶ
1523 1936 1896 2009 συντηροὺσης
1917 1950 1934 1966 ·

363 2044 463 2098 καὶ
487 2042 550 2096 τὸ
582 2041 844 2111 παράπαν
867 2038 930 2092 οὑ
949 2035 1211 2108 λήψονται
1250 2034 1416 2104 κόρον
1437 2029 1652 2086 ἐπαΐειν
1677 2028 1785 2082 τῶν
1813 2025 1943 2097 περὶ

365 2135 440 2191 τὰ
487 2134 710 2188 τοιαῦτα
765 2132 964 2200 λόγων.
1005 2129 1147 2184 Ἀλλ’
1188 2130 1218 2182 ὁ
1273 2125 1548 2198 ἐξηγητὴς
1587 2119 1944 2190 συντετάχθαι

367 2228 436 2299 τῇ
482 2223 774 2297 παραδόξῳ
813 2219 1103 2292 συμφωνίᾳ
1145 2218 1241 2273 καὶ
1265 2216 1418 2282 τάξει
1437 2215 1545 2268 τῶν
1569 2211 1945 2281 ὑποκειμένων

369 2316 713 2390 πραγμάτων
739 2314 840 2386 οὐχ
863 2308 976 2376 οἷός
1002 2327 1065 2364 τε
1099 2309 1198 2372 ὢν,
1225 2307 1318 2362 τοῦ
1348 2305 1530 2361 λαλεῖν
1563 2304 1761 2376 μᾶλλον
1791 2305 1943 2372 αἱρε-

367 2409 606 2480 τώτερον
635 2408 882 2478 ήγήσατο
911 2404 974 2458 τδ
1000 2406 1177 2476 σιγᾷν.
1195 2397 1331 2456 Εἶτά
1355 2415 1519 2470 φησιν
1549 2401 1582 2450 ὁ
1624 2395 1946 2465 Ἐκκλησια-

371 2501 508 2570 “ﬁt
525 2512 544 2530 '

2035 1943 2088 1986 et
2134 1930 2357 1987 condita
2417 1940 2547 1986 sunt
2597 1939 2650 1983 ct
2719 1938 2984 1998 reguntur
3039 1943 3105 1984 ac
3163 1941 3612 1983 conservantur:

2036 2023 2313 2092 iidemque
2372 2035 2651 2090 nunquam
2705 2020 2962 2076 audiendi
3021 2021 3276 2075 satietate
3335 2035 3617 2074 sermones

2040 2113 2208 2169 tantis
2237 2113 2304 2168 de
2335 2113 2500 2168 rebus
2542 2112 2841 2168 fastidiant.
2871 2111 3142 2167 Caeterum
3170 2111 3458 2182 interpres,
3491 2129 3614 2168 cum

2041 2206 2380 2263 admirandae
2403 2203 2482 2258 illi
2517 2219 2700 2260 rerum
2733 2189 3079 2260 suliditarum
3110 2204 3419 2260 concordiae
3451 2216 3621 2276 atque

2041 2297 2220 2353 ordini
2253 2311 2349 2366 par
2380 2311 2502 2353 esse
2533 2310 2638 2350 non
2693 2307 2898 2366 posset,
2951 2295 3219 2350 silendum
3261 2295 3366 2350 sibi
3415 2297 3616 2366 potius,

2042 2402 2211 2459 quam
2270 2387 2604 2458 loquendum
2669 2386 3020 2442 existimavit.
3071 2385 3189 2440 .lam
3237 2388 3384 2440 addit
3435 2385 3621 2440 Eccle-

2045 2481 2245 2535 siastes
2278 2497 2289 2530 :

1915 2622 1947 2694 ξ
1977 2619 2068 2675 XI.

449 2752 513 2810 Τί
536 2752 611 2810 τὸ
647 2754 935 2824 βτανὸω
979 2751 1126 2806 αὐτὸ
1168 2751 1235 2806 τὸ
1269 2750 1704 2820 γενησόμενον.
1748 2749 1855 2802 Καὶ
1887 2747 1946 2801 τι

375 2844 445 2898 τὸ
485 2843 932 2913 πεποιημένον;
979 2842 1128 2898 αὐτὸ
1167 2844 1233 2897 τό
1276 2842 1781 2911 ποιηθησόμενον.
1836 2839 1946 2894 Kal

379 2938 490 2990 οὐκ
535 2935 670 2990 ἐστι
709 2933 836 2990 πᾶν
893 2936 1248 3004 πρόσφατον
1293 2933 1414 2988 ὑπὸ
1465 2933 1574 2988 τὸν
1619 2933 1817 3000 ἣλιον.
1849 2933 1948 2997 Ὀς

382 3025 644 3091 λαλήσει
691 3026 788 3080 καί
833 3025 988 3092 ἐρεῖο
1051 3025 1200 3078 Ἰδοὺ
1244 3026 1422 3078 τοῦτο
1479 3025 1692 3079 καινόν
1733 3023 1948 3086 satur:

381 3113 500 3182 ᾔδη
547 3117 790 3186 γέγονεν
831 3117 903 3169 ἐν·
948 3115 1076 3182 τοῖς
1135 3113 1308 3170 altum
1345 3114 1471 3182 τοῖς
1533 3115 1952 3186 γεγενημένοις

381 3205 504 3259 ἀπὸ
530 3207 892 3276 ἔμπροσθεν.

343 3298 352 3306 ’
450 3295 666 3368 Προϊὼν
701 3298 731 3350 ὁ
774 3297 934 3364 σοφὸς
991 3295 1419 3366 Ἐκκλησιαστὴς
1459 3293 1614 3362 αὔξει
1665 3295 1758 3349 καὶ
1819 3295 1952 3367 πρὶς

377 3387 852 3458 ἐπιτατικωτέραν
901 3386 1170 3458 ὑπόληψιν
1193 3426 1209 3448 ,
1261 3386 1356 3440 καὶ
1404 3387 1504 3456 τὴν
1560 3385 1950 3457 μεγαλωσύνην

381 3481 620 3552 προάγει
653 3479 754 3548 τῆς
807 3479 1038 3546 ἀπείρου
1091 3478 1282 3547 σοφίας
1315 3476 1408 3531 καὶ
1453 3475 1602 3540 θείας
1631 3477 1949 3546 δυνάμεως,

381 3571 478 3625 καὶ
523 3571 622 3640 τὴν
673 3569 784 3622 τῶν
847 3567 1166 3639 κτισμάτων
1221 3567 1500 3637 ὑποταγὴν
1547 3569 1643 3618 καὶ
1700 3565 1948 3638 θητείαν·

384 3660 686 3732 παρίστησι
717 3659 828 3730 γὰρ
855 3659 946 3713 διὰ
988 3658 1097 3712 τῶν
1140 3657 1234 3711 νῦν
1277 3657 1688 3728 προκειμένων,
1731 3655 1803 3718 ὼς
1831 3655 1954 3725 οὑχὶ

385 3751 550 3820 μόνον
593 3747 702 3802 τῶν
740 3747 1042 3816 γεγονότων
1075 3749 1168 3800 καὶ
1204 3747 1544 3814 φαινομένων
1591 3745 1820 3799 ἕκαστον
1857 3745 1956 3816 τὴν

382 3838 637 3910 δουλικὴν
665 3837 964 3908 ὀνομασίαν
993 3837 1085 3891 καὶ
1113 3837 1296 3907 σχέσιν
1331 3837 1424 3890 καὶ
1447 3835 1668 3905 θητείαν
1701 3837 1835 3906 πρὸς
1862 3835 1954 3888 τὸν

383 3931 518 3986 ῑδιον
540 3929 773 4000 ποιητὴν
798 3928 1164 3982 ἐπιδείκνυσιν
1183 3947 1198 3960 ·
1217 3924 1354 3983 ἀλλὰ
1389 3928 1480 3981 καὶ
1509 3926 1580 3980 τὰ
1603 3928 1774 3998 μήπω
1802 3943 1957 3996 γεγο-

385 4019 534 4082 νότα,
571 4019 910 4088 γενησόμενα
936 4017 992 4070 δὲ
1016 4018 1110 4070 καὶ
1141 4016 1550 4088 ποιηθησόμενα
1592 4020 1704 4080 τοῖς
1741 4019 1956 4088 προῦπ-

387 4107 620 4180 άρξασιν
657 4107 918 4178 έφέψεται
973 4110 1068 4162 καὶ
1123 4109 1650 4180 συμπαρομαρτήσει
1671 4149 1686 4172 ,
1743 4109 1838 4162 καὶ
1881 4107 1959 4180 τῷ

387 4199 532 4272 λόγῳ
549 4200 651 4268 τῆς
690 4201 896 4264 τάξεως
919 4241 934 4265 ,
963 4202 1058 4254 καὶ
1087 4201 1268 4270 μέντοι
1304 4203 1398 4256 καὶ
1422 4203 1523 4270 τῆς
1555 4201 1832 4271 ὑποταγῆς
1858 4201 1960 4271 τῆς

375 4290 526 4362 ’πρὸς
557 4291 654 4345 τὸν
676 4291 808 4346 ῐδιον
833 4293 1071 4364 Ποιητὴν
1096 4296 1190 4348 καὶ
1221 4293 1502 4366 Δεσπότην
1557 4295 1634 4358 ὡς
1664 4293 1828 4365 μηδὲν
1852 4293 1960 4348 τῶν

386 4381 768 4452 γενησομένων
805 4384 900 4438 καὶ
943 4383 1395 4455 ποιηθησομένων
1429 4385 1638 4439 ἀλλοῖον
1668 4383 1960 4456 εὑρεθῆναι

2121 2737 2350 2801 Vsas.9,
2378 2737 2464 2790 10.
2501 2734 2644 2798 Quid
2673 2743 2749 2788 εει
2773 2735 2913 2803 quod
2938 2733 3081 2803 fuit?
3102 2735 3280 2802 ipsum
3307 2733 3446 2802 quod
3474 2731 3624 2800 futu-

2050 2842 2168 2880 rum
2215 2837 2314 2880 est.
2351 2823 2422 2878 Et
2459 2825 2589 2896 quid
2616 2833 2691 2878 est
2714 2824 2852 2893 quod
2881 2820 3082 2892 [actura
3109 2823 3233 2878 est?
3261 2823 3438 2892 ipsum
3484 2822 3623 2892 quod

2049 2917 2354 2986 faciendum
2375 2923 2476 2970 est.
2513 2913 2584 2968 Et
2609 2930 2714 2968 non
2731 2925 2805 2968 est
2837 2929 2992 2968 omne
3026 2930 3204 2969 recens
3224 2916 3320 2968 sub
3336 2913 3466 2970 sole.
3489 2914 3624 2980 Quis

2052 3008 2298 3078 loquetur
2319 3021 2384 3060 ac
2420 3005 2602 3060 dicet:
2632 3004 2768 3060 Ecce
2792 3005 2888 3058 hoc
2943 3021 3131 3060 novum
3183 3015 3260 3060 est
3284 3021 3306 3072 ;
3349 3006 3476 3077 jam
3518 3006 3623 3076 fuit

1976 3157 2020 3216 c
2053 3099 2109 3153 in
2137 3097 2376 3162 saeculis,
2404 3112 2524 3168 qua:
2563 3095 2776 3165 fuerunt
2834 3104 2954 3151 ante
2987 3112 3082 3151 nos
3115 3095 3252 3170 (5i).

2123 3286 2479 3359 Progreditur
2506 3288 2725 3358 sapiens
2747 3287 3106 3346 Ecclesiastes
3128 3291 3338 3360 majore
3366 3293 3625 3364 graduad

2054 3380 2374 3450 ampliorem
2414 3397 2632 3450 quoque
2663 3381 3247 3451 comprehensionem;
3299 3386 3464 3440 simul
3504 3387 3628 3441 inli-

2057 3471 2184 3524 nitae
2204 3470 2488 3539 sapientia:
2516 3473 2880 3540 potentiaeque
2923 3472 3122 3528 divina:
3169 3473 3532 3543 majestatem,
3562 3491 3628 3531 ac

2055 3575 2237 3614 rerum
2278 3539 2625 3615 conditarum
2661 3561 2984 3630 obsequium
3037 3571 3093 3618 et
3141 3539 3475 3620 famulatum.
3504 3539 3630 3636 pro-

2055 3652 2226 3706 ducit.
2279 3649 2414 3705 Nam
2466 3652 2574 3715 his,
2631 3668 2754 3721 quae
2808 3653 2974 3708 modo
3007 3657 3312 3726 proposuit,
3367 3657 3628 3726 declarat,

2057 3759 2164 3797 non
2199 3745 2376 3798 solum
2407 3759 2490 3810 ca,
2521 3760 2644 3813 quae.
2661 3745 2774 3814 jam
2808 3746 2921 3816 28
2951 3757 3078 3800 sunt
3121 3758 3174 3802 et
3209 3747 3484 3814 visuntur,
3518 3749 3632 3803 sin-

2055 3837 2182 3906 gula
2221 3835 2472 3890 servilem
2509 3837 2930 3906 appellationem
2957 3848 3011 3893 et
3041 3837 3286 3892 habitum
3315 3847 3370 3893 et
3401 3839 3634 3895 famula«

2058 3935 2172 3982 tum
2203 3942 2328 3997 erga
2361 3937 2640 3982 auctorem
2695 3943 2856 3982 suum
2901 3945 3014 3998 prae
3063 3943 3124 3984 se
3169 3929 3350 3998 ferre;
3401 3933 3497 3987 sed
3542 3932 3633 3987 illa

2057 4015 2243 4080 etiam,
2274 4031 2396 4086 qua:
2450 4015 2694 4070 nondum
2748 4015 2920 4084 fuere,
2952 4033 3187 4088 qumque
3237 4019 3422 4075 futura
3465 4029 3520 4077 et
3553 4021 3636 4077 fa-

2059 4103 2252 4159 cienda
2299 4111 2450 4167 sunt,
2508 4105 2598 4168 iis,
2638 4120 2760 4176 qua:
2802 4105 2914 4176 jam
2964 4109 3312 4173 exstiterunt,
3345 4103 3634 4166 accessura

2059 4213 2182 4254 esse
2201 4197 2562 4268 eamdemque
2589 4198 2790 4253 initura
2822 4200 2991 4266 viam,
3020 4216 3142 4276 cum
3173 4202 3382 4256 ratione
3403 4204 3636 4267 ordinis,

2025 4357 2030 4361 ᾗ
2062 4297 2177 4345 tum
2198 4305 2330 4346 vero
2350 4289 2664 4347 Conditoris
2692 4301 2747 4345 et
2775 4291 2989 4346 Domini
3017 4293 3097 4347 sui
3130 4309 3316 4360 causa,
3337 4294 3424 4348 cui
3447 4311 3640 4364 parere

2062 4382 2313 4438 debent:
2375 4384 2558 4451 itaque
2609 4383 2874 4454 quidquid
2925 4383 3173 4438 futurum
3221 4394 3276 4466 et
3325 4384 3635 4440 faciendum

380 4473 482 4526 καὶ
505 4472 690 4542 ἕτερον
710 4475 850 4544 πρὸς
875 4475 944 4528 τὰ
970 4475 1411 4547 προγενεστέρως
1443 4473 1778 4547 ὑπάρξαντα.
1801 4473 1947 4530 Κατᾶ

2063 4477 2166 4536 εει,
2207 4469 2355 4524 nulla
2383 4485 2448 4524 ex
2478 4478 2634 4540 parte
2665 4472 2934 4528 dissimile
2959 4474 3263 4530 alterumve
3295 4476 3363 4530 ab
3395 4475 3462 4530 iis
3495 4474 3632 4541 fore,

307 4570 312 4578 '
386 4562 444 4618 δι
473 4563 572 4634 τὴν
596 4565 920 4620 ἀκολουθίαν
971 4567 1070 4638 τὴν
1115 4551 1498 4638 ἐντεθειμένην
1525 4569 1640 4630 τοῖς
1665 4566 1958 4638 προτέροις

297 4643 302 4646 ’
387 4655 544 4725 παρὰ
573 4659 674 4726 τῆς
709 4657 998 4728 ποιητικῆς
1027 4657 1135 4711 τῶν
1170 4658 1308 4713 ὅλων
1345 4659 1442 4712 καὶ
1478 4659 1844 4730 πρωοητικῆς
1871 4656 1959 4724 ἐξ·

387 4748 580 4812 ουσίας
623 4750 718 4802 καὶ
741 4749 1082 4817 δεσποτείας,
1113 4751 1256 4804 οὕτω
1285 4754 1376 4806 καὶ
1403 4751 1502 4820 τὴν
1530 4752 1745 4821 γένεσιν
1777 4751 1959 4817 ἕξουσι

389 4837 484 4891 καὶ
515 4838 616 4910 τὴν
641 4840 856 4909 κίνησιν
898 4839 994 4894 καὶ
1039 4841 1366 4912 συντήρησιν
1399 4843 1560 4912 μέχρι
1593 4843 1690 4912 τῆς
1724 4840 1960 4911 ὁρισθεί-

391 4941 491 4996 σης
514 4928 812 4993 παντελοῦς
837 4930 1330 5000 ἀποπερατώσεως.
1358 4933 1466 4984 Καὶ
1492 4931 1553 4984 τὸ
1577 4933 1836 5002 παράπαν
1865 4931 1958 4985 οὑ-

387 5015 478 5070 δὲν
516 5019 870 5092 εὑρεθήσεται
923 5022 1118 5091 ἑτέραν
1164 5021 1378 5090 γένεσιν
1409 5022 1564 5092 ἔχον,
1598 5023 1630 5094 ἢ
1678 5021 1831 5088 τάξιν
1865 5021 1960 5076 καὶ

391 5107 640 5178 κίνησιν·
673 5111 747 5175 ὡς
782 5113 968 5167 λαϐεῖν
1000 5131 1120 5168 τινα
1165 5115 1442 5184 πρόφασιν
1482 5116 1712 5186 λαλῆσαι
1745 5115 1839 5168 καὶ
1881 5117 1960 5168 εί-

391 5200 548 5251 πείνο
599 5200 696 5254 ἰδὲ
729 5203 888 5256 τοῦτο
913 5205 1097 5258 καινόν
1131 5207 1300 5258 ἐστιν.
1340 5205 1408 5258 Ei'
1431 5223 1483 5258 τι
1510 5206 1618 5276 γὰρ
1649 5208 1768 5259 κατ’
1795 5207 1962 5276 οὐρα-

391 5288 481 5342 νὺν
515 5288 784 5362 θεωρήσει
831 5311 913 5356 τις
965 5295 1268 5367 παράδοξον
1311 5297 1403 5349 καὶ
1433 5296 1580 5362 ξένον
1613 5297 1670 5348 ἐν
1701 5299 1822 5360 ταῖς
1855 5296 1964 5349 τῶν

391 5385 650 5454 μεγάλων
675 5387 979 5456 φωστήρων
1011 5387 1297 5450 ἀνατολαῖς
1325 5388 1418 5440 καὶ
1447 5389 1678 5458 δυσμαῖς
1723 5389 1818 5442 καὶ
1845 5391 1966 5452 ταῖς

381 5475 722 5547 ἐκλείψεσιν,
751 5479 784 5550 ἢ
821 5478 930 5532 τῶν
957 5481 1132 5534 ἄλλων
1155 5479 1404 5552 ἀστέρων
1428 5479 1537 5532 τῶν
1575 5480 1830 5533 ἀπλανῶν
1871 5481 1968 5532 καὶ

2065 4577 2188 4633 quae
2219 4570 2374 4616 aetate
2406 4564 2678 4633 majorum
2708 4567 2986 4622 exstitere.
3017 4565 3196 4638 Atque
3227 4553 3488 4624 etiamad
3508 4585 3631 4623 eum

2067 4661 2332 4720 tenorem,
2359 4654 2452 4722 qui
2483 4657 2696 4710 caeteris
2722 4655 2904 4725 rebus,
2936 4659 3185 4728 quaejam
3218 4673 3632 4729 praecesserunt,

2066 4744 2135 4798 ab
2157 4743 2541 4800 universorum
2563 4745 2817 4802 eﬂ‘ectorc
2837 4757 2891 4804 et
2913 4747 3143 4804 Domino
3159 4753 3636 4821 providentissimo

2066 4837 2425 4906 praescriptus
2451 4849 2556 4901 cst,
2589 4839 2856 4910 originem
2892 4841 3105 4912 singula
3137 4843 3384 4898 eamdem
3415 4855 3472 4900 et
3517 4863 3634 4902 mo.

2067 4934 2182 4982 tum
2213 4937 2268 4982 et
2297 4938 2497 4984 statum
2533 4932 2718 4986 tandiu
2753 4933 3048 5000 habebunt,
3075 4936 3204 4990 dum
3240 4936 3494 4996 delinitos
3537 4942 3640 4996 sibi

2069 5018 2334 5074 terminos
2363 5020 2651 5091 attingant.
2686 5021 2829 5078 Nihil
2882 5041 3077 5097 nempe
3125 5028 3359 5085 inveniri
3409 5045 3642 5100 usquam

2068 5111 2286 5180 poterit,
2317 5111 2406 5166 cui
2437 5113 2541 5167 alia
2575 5117 2748 5184 origo,
2787 5116 2926 5172 alius
2961 5121 3116 5184 ordo,
3153 5122 3294 5178 alius
3325 5122 3396 5178 sit
3425 5133 3640 5188 motus;

2012 5251 2018 5262 ,
2068 5201 2328 5273 nullaque
2375 5220 2435 5258 se
2475 5207 2730 5275 cuiquam
2770 5212 2990 5266 occasio
3038 5212 3228 5270 oli'cret
3274 5215 3638 5286 loquendida-

2067 5295 2334 5363 cendiquc
2359 5313 2370 5348 :
2398 5294 2536 5350 Ecce
2561 5297 2662 5352 lioc
2687 5315 2876 5357 recens
2902 5313 3004 5359 est.
3034 5301 3170 5360 Nam
3195 5307 3241 5360 si
3272 5307 3399 5376 quid
3425 5308 3478 5360 in
3503 5321 3643 5361 coeo

2069 5386 2193 5454 quis
2245 5385 2440 5441 viderit
2480 5389 2820 5460 inopinatum
2876 5413 2939 5451 ac
2979 5413 3179 5453 novum
3219 5401 3272 5454 in
3316 5415 3580 5470 magnoru
3611 5424 3640 5453 ιι

2072 5477 2338 5531 lttminutn
2372 5490 2467 5535 aut
2515 5483 2568 5538 in
2603 5501 2922 5544 camerarum
2955 5491 3257 5558 stellarum,
3294 5499 3500 5562 ct'quze
3525 5492 3645 5546 lixae

461 5685 574 5752 (ἶὶι)
599 5685 760 5764 ᾼριιιξ
781 5681 943 5761 LEX,
969 5693 1054 5737 cst
1078 5684 1182 5764 ἠδε
1207 5684 1367 5743 ’τοῦτο
1429 5683 1615 5764 ita.th
1677 5686 1846 5764 ἔστιν.
1911 5685 1947 5739 Ο

2052 5694 2330 5759 lpiodorus
2390 5693 2518 5762 legit
2567 5696 2626 5745 ὲν
2669 5697 2780 5756 τοῖς
2834 5694 2992 5746 αἱῶσι
3035 5696 3138 5756 τοῖς
3177 5695 3492 5764 γενομένοις
3538 5695 3647 5751 ἀπὸ

391 5751 707 5827 ἔμπροσθεν
739 5755 918 5822 ἡμῶν,
955 5765 1012 5806 ut
1051 5760 1134 5807 est
1165 5755 1220 5807 in
1247 5759 1480 5823 exctnpl.
1518 5753 1646 5806 edit.
1689 5753 1858 5809 Vatic.
