4076 6284
445 298 546 360 733

1585 299 1646 358 S.
1679 295 2058 359 GREGORII
2111 295 2622 359 AGRIGENTINI

3615 296 3721 361 πει

445 423 500 464 et
529 423 651 481 quae
681 415 930 465 errantes
961 419 1112 475 sunt,
1148 417 1294 472 ortu,
1329 422 1550 476 occasu,
1580 409 1832 479 defectu;
1865 409 1951 466 vel
1981 409 2028 466 si

2135 410 2244 466 τῶν
2266 409 2556 481 πλανητῶν
2578 425 2591 438 °
2624 408 2705 464 ἔτι
2743 396 2818 463 δὲ’
2848 407 2945 464 καὶ
2975 407 3118 462 κατὰ
3165 407 3266 478 τὴν
3300 407 3406 478 γῆν
3450 409 3544 462 καὶ
3577 415 3721 464 κατὰ

443 503 576 572 quid
616 501 888 574 ejusmodi
935 502 993 557 in
1024 510 1166 558 terra
1212 510 1303 558 aut
1352 504 1407 559 in
1443 504 1579 578 mari
1612 505 2033 577 deprehenderit

444 608 523 653 tot
562 595 704 652 inter
741 596 1104 652 animantium
1140 612 1360 668 genera,
1392 605 1612 669 tamque
1644 599 1824 654 varias
1867 599 2027 670 plan-

443 697 622 743 tarum
659 685 858 756 stirpes
891 697 948 742 et
999 697 1281 757 pratorum
1330 689 1712 756 amoenitates;
1757 690 1930 744 multo
1978 691 2028 744 id

440 789 604 836 antea
651 781 772 845 fuit,
803 787 860 836 et
903 779 1042 834 nihil
1080 779 1308 835 omnino
1354 780 1650 849 diversum,
1688 782 1802 837 sive
1847 792 2030 838 ortum

441 881 677 942 spectes,
711 872 830 927 sive
859 858 1138 938 natumut,
1170 871 1286 928 sive
1315 872 1590 939 ordinem,
1626 874 1742 930 sive
1776 882 2024 941 motum;

439 967 647 1037 quippe
701 979 792 1020 res
841 977 1055 1030 omnes,
1095 964 1182 1020 vel
1204 964 1318 1034 jam
1369 965 1662 1030 exsistant,
1705 967 1788 1022 vel
1829 965 2032 1023 futurae

441 1059 574 1122 sint,
608 1057 808 1112 divinae
835 1055 1106 1112 voluntati
1147 1055 1593 1127 praescriptisque
1633 1057 1791 1113 initio
1820 1058 2030 1128 legibus

440 1145 760 1203 necessario
807 1145 1208 1216 obsequuntur.
1264 1143 1614 1216 Quapropter
1668 1145 1842 1202 Oseas
1899 1161 2030 1217 pro-

441 1239 604 1313 pheta
625 1238 980 1294 Conditorem
1006 1238 1210 1308 ipsum,
1235 1238 1330 1309 qui
1351 1239 1678 1317 saeculorum
1703 1232 1896 1292 auctor
1923 1245 2030 1304 est,

441 1331 696 1402 idemque
736 1329 1122 1387 universorum
1173 1329 1526 1394 consututor,
1589 1331 1672 1384 sic
1717 1329 2029 1400 loquentem

441 1423 692 1480 induxit:
715 1441 735 1474 ι
768 1421 881 1494 Ego
910 1422 1176 1478 Dominus
1209 1422 1350 1477 Deus
1377 1429 1528 1489 tuus,
1550 1419 1776 1477 ﬁrmans
1805 1403 2028 1488 coelum,

439 1525 496 1573 et
529 1526 731 1598 terram
768 1516 1013 1572 condens
1049 1516 1197 1587 (52);
1237 1535 1257 1569 ι
1293 1515 1498 1586 quibus
1543 1513 1729 1570 verbis
1783 1514 2027 1569 divinam

441 1609 716 1680 signiﬁcat
742 1609 1063 1681 potentiam,
1115 1623 1237 1680 quae
1269 1607 1498 1678 provide
1529 1614 1826 1676 utrumque
1879 1606 2031 1662 fovet

441 1709 606 1772 atque
637 1711 838 1766 tuetur,
867 1701 1232 1769 ostenditque,
1287 1701 1381 1771 qui
1418 1701 1618 1756 coelum
1649 1699 1720 1755 ab
1750 1699 1907 1756 initio
1931 1699 2026 1754 tir-

2133 503 2232 575 τὴν
2283 502 2562 558 θάλασσαν
2610 503 2668 555 ὲν
2712 501 2825 564 τοῖς
2879 499 3147 564 ποικίλοις
3203 490 3300 554 καὶ
3352 501 3722 566 παντοδαποῖς

2135 596 2295 662 ζώοις
2343 613 2402 650 τε
2449 596 2544 650 καὶ
2601 596 2794 666 φυτοῖς
2849 594 2946 648 καὶ⁵
2998 593 3280 664 λειμῶσι·
3317 593 3477 648 τοῦτο
3533 595 3721 668 πολλῷ

2135 689 2328 760 πρώην
2359 689 2572 760 ὑπῆρξε
2607 687 2750 743 κατὰ
2779 687 2848 742 τὰ
2885 687 3028 742 αὐτὰ
3067 686 3160 743 καὶ
3193 686 3460 751 ὡσαύτως
3493 689 3588 742 καὶ
3619 687 3722 759 τὴν

2133 781 2350 850 γένεσιν
2377 779 2634 851 ἐσχηκός,
2657 779 2754 834 καὶ
2773 777 2874 850 τὴν
2900 777 3178 841 οὐσίωσιν,
3201 780 3296 832 καὶ
3320 779 3422 850 πὴν
3449 779 3602 846 τάξιν
3623 779 3723 833 καὶ

2133 873 2368 943 κίνησιν,
2397 873 2618 927 πάντων
2648 870 2728 942 τῷ
2761 871 2892 943 θείῳ
2935 871 3238 942 βουλήματι
3275 871 3372 924 καὶ
3400 869 3720 942 ψηφίσματι

2132 965 2192 1020 τὸ
2224 963 2507 1036 καταρχὰς
2535 963 2812 1017 ὲκτεθέντι
2844 963 3288 1034 πειθαρχούντων
3321 963 3721 1035 ἀπαραιτήτως

2133 1059 2228 1113 καὶ
2253 1057 2362 1109 τῶν
2385 1057 2554 1109 ὄντων
2583 1054 2684 1128 ήδη
2720 1056 2818 1108 καὶ
2839 1055 2950 1109 τῶν
2981 1036 3388 1128 γενησομένωνῖ
3417 1057 3518 1108 Διά
3555 1055 3720 1110 τοῦτό

2134 1167 2298 1220 φησιν
2339 1149 2498 1222 Ὠσηὲ
2541 1153 2572 1205 ό
2617 1149 2905 1221 προφήτης
2949 1147 3010 1213 ἐξ
3055 1147 3222 1201 αὐτοῦ
3277 1147 3570 1218 προσώπου
3617 1146 3716 1202 τοῦ

2133 1243 2420 1306 κτίσαντος
2465 1243 2593 1306 τοὺς
2660 1241 2868 1304 αἰῶνας
2911 1241 3005 1294 καὶ
3043 1239 3116 1292 τὰ
3161 1240 3338 1294 πάντα
3369 1241 3719 1296 κατασκευά-

2134 1349 2357 1396 σαντος·
2391 1353 2410 1385 ι
2453 1333 2595 1402 Ἐγὼ
2617 1333 2822 1406 Κύριος
2849 1337 2876 1388 ό
2898 1331 3032 1396 Θεός
3060 1349 3177 1397 σου,
3211 1331 3450 1408 στερεῶν
3489 1333 3718 1405 οὐρανὸν

2133 1425 2228 1481 καὶ
2255 1426 2456 1490 κτίζων
2493 1428 2633 1499 γῆν·
2673 1445 2692 1477 ι
2736 1425 2836 1494 τὴν
2874 1425 3202 1492 συνεκτικὴν
3227 1425 3320 1478 καὶ
3351 1426 3716 1500 προνοητικὴν

2133 1520 2230 1573 καὶ
2288 1519 2566 1589 σωστικὴν
2623 1519 2905 1590 ἑκατέρων
2969 1517 3120 1572 θείαν
3175 1516 3408 1588 δύναμιν
3465 1511 3744 1572 ἐντεῦθεν’

2132 1611 2629 1682 παραινιττόμενος
2661 1611 2758 1663 καὶ
2787 1610 3026 1674 δεικνὺς,
3050 1610 3126 1672 ὡς
3159 1611 3468 1682 περεὼσας
3498 1611 3590 1664 τὸν
3617 1611 3714 1664 οὐ·

2135 1701 2317 1774 ρανδν,
2359 1703 2456 1755 καὶ
2489 1700 2836 1772 θεμελιώσας
2865 1702 2963 1772 τὴν
3003 1701 3108 1770 γῆν
3141 1703 3425 1773 καταρχὰς
3445 1744 3462 1767 ,
3495 1704 3589 1756 καὶ
3617 1703 3714 1756 νῦν

442 1795 613 1850 mavit
649 1791 1013 1864 l‘undavitque
1067 1801 1292 1856 terram,
1340 1807 1437 1862 per
1487 1805 1614 1847 eum
1655 1805 1802 1846 nunc
1861 1791 2030 1846 etiam

2134 1793 2314 1848 δίδωσι
2363 1797 2476 1858 τοῖς
2517 1794 2850 1866 ἀμφοτέροις
2886 1793 3034 1864 μόνῳ
3076 1793 3154 1864 τῷ
3201 1794 3331 1866 θείῳ
3377 1796 3476 1848 καὶ
3518 1813 3717 1850 παντο-

443 1899 666 1941 manere
688 1893 1005 1954 utrumque,
1030 1893 1085 1937 et
1115 1898 1221 1937 una
1253 1882 1373 1953 ejus
1424 1882 1612 1938 divina
1658 1893 1822 1952 atque
1851 1882 2030 1936 omni-

441 1976 647 2048 potenti
675 1975 956 2030 voluntate
983 1984 1262 2030 constare.
1299 1973 1445 2028 h‘iltil
1476 1973 1639 2043 igitur
1669 1973 1770 2027 sub
1799 1973 1914 2028 sole
1939 1987 2028 2028 re-

441 2085 594 2134 cens,
630 2067 764 2123 nihil
785 2067 960 2138 plane.
980 2081 1183 2122 novum
1208 2072 1397 2120 natum
1427 2073 1550 2120 est:
1581 2063 2026 2136 quandoquidem

441 2165 734 2237 praesentia
761 2177 916 2234 aeque
945 2171 1000 2218 et
1027 2159 1210 2217 futura
1253 2158 1503 2214 eamdem
1534 2156 1722 2212 omnia
1761 2154 2026 2226 originem

439 2268 496 2312 et
536 2265 744 2311 motum
785 2254 991 2308 habent
1039 2268 1054 2306 :
1115 2251 1302 2320 itaque
1333 2257 1390 2304 et
1433 2247 1559 2304 ωιιί
1599 2248 1718 2302 sine
1751 2243 2031 2300 intermis-

441 2347 597 2404 sione
627 2345 859 2417 gloriam
893 2343 989 2399 Dei
1035 2351 1315 2407 enarraut,
1347 2355 1412 2396 ac
1459 2338 1580 2394 dies
1629 2338 1761 2404 diei,
1812 2351 2029 2408 noxque

443 2440 589 2496 nocti
615 2437 904 2494 eﬂ'ectricis
933 2435 1286 2508 providaeque
1311 2432 1598 2504 sapientiae
1626 2430 1899 2486 inﬁnitam
1931 2445 2028 2501 po-

443 2541 694 2590 testatem
743 2529 1014 2593 enuntiat,
1054 2527 1166 2598 29
1216 2541 1318 2582 nec
1377 2540 1506 2580 vero
1551 2524 1734 2578 minus
1781 2534 1926 2578 terra
1975 2531 2031 2578 et

443 2639 595 2681 mare
647 2619 1130 2679 terminationibus
1187 2618 1298 2673 illis
1359 2617 1476 2673 suis
1528 2625 1582 2672 et
1633 2615 1922 2670 ordinibus
1973 2623 2029 2670 et

443 2717 636 2772 mortis
657 2715 891 2784 vitaeque
919 2709 1298 2768 vicissitudine
1328 2719 1384 2764 et
1411 2709 1772 2766 concitatiore
1795 2717 1946 2764 motu
1974 2715 2030 2762 et

442 2825 655 2866 summa
689 2809 895 2880 quiete,
928 2817 1188 2878 tanquam
1217 2805 1448 2862 vocibus
1477 2803 1806 2874 quibusdam
1840 2801 2028 2857 ineffa—

444 2903 644 2959 hilibus
685 2902 975 2958 Dominum
1026 2915 1189 2954 suum
1229 2899 1512 2954 celebrat:
1546 2895 1682 2951 nihil
1714 2904 1771 2950 ut
1796 2895 2028 2966 posteri-

443 2997 538 3050 tati
593 3003 802 3050 nostrae
841 2993 1094 3048 relictum
1152 2991 1247 3052 sit.
1297 2989 1446 3060 quod
1498 3003 1700 3043 novum
1739 3001 1804 3042 ac
1837 3001 2028 3042 recens

2129 1885 2353 1956 δυνάμῳ
2399 1885 2701 1958 βουλήματι
2749 1886 2850 1956 τὴν
2897 1887 3162 1958 διαμονὴν
3216 1888 3312 1940 καὶ
3358 1889 3707 1960 συντήρησιν.

2131 1978 2297 2033 Οὐδὲν
2345 1976 2442 2032 οὖν
2487 1979 2802 2057 πρόσφατον
2846 1978 2952 2032 ὑπὸ
2993 1977 3096 2032 τὸν
3127 1979 3298 2050 ἥλιον,
3341 1980 3376 2050 ἢ
3429 1981 3616 2035 καινὸν
3651 1981 3713 2035 τὸ

2133 2071 2354 2123 σύνολον
2392 2071 2606 2140 πέφυκε
2627 2085 2640 2100 ·
2682 2071 2859 2124 πάντα
2904 2069 3014 2142 γὰρ
3047 2069 3116 2124 τὰ
3160 2069 3290 2124 δντα
3324 2072 3513 2126 καὶτὰ
3547 2089 3711 2146 γενη-

2133 2163 2336 2233 σόμενα
2352 2163 2450 2234 τῆς
2471 2163 2642 2235 αὐτῆς
2672 2162 2887 2233 ἔχονται
2917 2163 3014 2216 καὶ
3039 2163 3330 2232 γενέσεως,
3361 2165 3458 2218 καὶ
3481 2165 3710 2232 τάξεως,

2133 2257 2229 2310 καὶ
2267 2259 2568 2329 κινήσεως·
2609 2257 2704 2309 καὶ
2749 2241 3066 2327 διηγοῦνται
3112 2237 3232 2328 μέν’
3259 2259 3309 2310 οί
3356 2259 3576 2326 οὐρανοὶ
3619 2256 3712 2312 τοῦ

2129 2349 2267 2404 Θεοῦ
2287 2351 2388 2422 τήν
2409 2350 2568 2416 δόξαν
2603 2348 2922 2414 ἀπαύστως,
2957 2349 3050 2402 καὶ
3087 2348 3272 2420 ήμέρα
3305 2351 3370 2420 τῇ
3404 2350 3590 2422 ήμέρᾳ
3619 2351 3717 2406 καὶ

2130 2439 2228 2504 νὺξ
2265 2442 2331 2511 τῇ
2377 2440 2534 2492 νυκτὶ
2575 2437 2883 2508 διαγγέλλει
2923 2439 3026 2510 τῆς
3071 2436 3360 2511 ποιητικῆς
3410 2441 3578 2495 αὐτοῦ
3621 2443 3714 2496 καὶ

2131 2533 2496 2603 προνοητικῆς
2553 2529 2746 2598 σοφίας
2806 2531 2907 2602 τὴν
2952 2532 3182 2600 ἄπειρον
3230 2531 3478 2602 δύναμιν.
3529 2533 3716 2605 Παρα-

2133 2624 2377 2694 πλησίως
2415 2623 2600 2692 μέντοι
2636 2623 2730 2676 καὶ
2757 2623 2790 2692 ἡ
2823 2623 2894 2692 γῆ
2923 2623 3020 2676 καὶ
3052 2624 3086 2693 ἡ
3119 2621 3366 2676 θάλασσα
3403 2623 3525 2686 ταῖς
3555 2623 3714 2686 ἰδίαις

2129 2714 2456 2784 όροθεσίαις,
2473 2715 2568 2768 καὶ
2581 2713 2792 2781 τάξεσι,
2808 2713 2904 2768 καὶ
2924 2713 3020 2784 θνή
3029 2710 3168 2778 ξεσι,
3185 2713 3281 2767 γαὶ
3305 2712 3469 2768 πάλιν
3483 2715 3714 2778 ἀναίϐιώο

2132 2823 2270 2874 σεσι,
2299 2806 2789 2878 καὶισφοδροτέραις
2809 2807 3078 2876 κινήσεσι,
3106 2805 3201 2860 καὶ
3234 2807 3558 2860 παντελέσιν
3586 2809 3716 2879 ἡρε-

2133 2903 2284 2971 μίαις
2313 2900 2693 2970 διεγνωσμένη
2723 2901 2843 2954 κατ’
2880 2900 3032 2953 οὐδὲν
3075 2893 3244 2969 ἦττον
3287 2899 3570 2972 ἀλαλήτοις
3593 2919 3716 2972 φωρ

2131 2995 2248 3056 ναῖς
2283 2994 2514 3064 ἀνυμνεῐ
2538 2992 2630 3046 τὸν
2666 2994 2797 3046 ῐδιον
2822 2991 3102 3060 Δεσπότην
3127 3008 3142 3022 ’
3165 2991 3243 3055 ὡς
3273 2993 3409 3063 μηδὲ
3433 2993 3713 3046 ὑπολελεῖ-

445 3087 616 3144 videri
640 3087 856 3142 debeat.
881 3084 1098 3138 Idcirco
1123 3083 1342 3152 sapiens
1383 3080 1750 3137 Ecclesiastes
1782 3078 1983 3148 adjecit
2011 3096 2024 3132 :

2134 3085 2266 3154 φθαι
2306 3087 2421 3147 τοῖς
2465 3084 2944 3155 μεταγενεστέρως
2991 3085 3382 3155 γενησομένοις
3419 3085 3606 3138 καινόν
3647 3101 3710 3138 τε

449 3203 465 3232 ι
495 3179 617 3238 1am
672 3179 776 3235 iuit
826 3181 879 3234 itt
917 3177 1155 3243 saeculis,
1207 3193 1330 3247 quae
1378 3174 1603 3231 fuerunt
1651 3181 1780 3228 ante
1825 3187 1950 3228 nos.
2005 3190 2024 3224 ι

2134 3177 2228 3232 καὶ
2279 3178 2614 3248 πρόσφατον.
2677 3177 2884 3231 Τούτου
2933 3177 3093 3248 χάριν
3149 3179 3425 3246 ἐπήγαγεν
3469 3178 3499 3228 ό
3545 3176 3709 3246 σοφὸς

445 3273 721 3344 Quidquid
754 3273 900 3327 enim
932 3269 1244 3327 faciendum
1275 3269 1368 3334 sit,
1400 3268 1513 3338 jam
1561 3265 1766 3323 factum
1803 3263 2030 3322 omnino

445 3377 718 3436 repertum
759 3374 861 3429 est,
893 3365 971 3419 ait
997 3361 1231 3418 subinde
1248 3377 1270 3418 ,ι

2146 3269 2582 3340 Ἐκκλησιαστής
2606 3285 2621 3301 ο
2655 3287 2682 3355 \r
2715 3269 2855 3340 Ἤδη
2901 3269 3127 3338 γέγονεν
3167 3271 3226 3323 ἐν
3258 3272 3369 3334 τοῖς
3395 3268 3558 3322 αίῶσι
3595 3271 3710 3355 τοῖς

2134 3357 2523 3429 γεγενημένοις
2557 3345 2665 3411 duo
2704 3356 3018 3430 ἔμπροσθεν
3070 3357 3240 3430 ήμῶν.
3275 3376 3295 3409 ι
3345 3359 3460 3412 Πᾶν
3502 3357 3614 3430 γὰρ
3639 3345 3714 3411 ’τὸ

2133 3450 2496 3521 γενησόμενον
2557 3447 2662 3519 ἢδη
2713 3451 2941 3518 γεγονὸς
2967 3470 2973 3486 ·
2995 3449 3225 3522 εὓρηται
3277 3447 3522 3514 πάντως.
3580 3445 3716 3505 Εἶτά

2137 3557 2304 3614 φησιν
2323 3558 2337 3572 ·

1981 3659 2010 3729 §
2033 3659 2148 3715 xu.

517 3777 679 3834 Vens.
715 3778 800 3832 ll.
833 3773 956 3830 Non
984 3783 1062 3830 est
1101 3773 1354 3828 memoria
1378 3771 1597 3843 primis,
1617 3781 1668 3826 et
1689 3771 1902 3844 quidem
1931 3789 2030 3825 ιιο-

2208 3777 2330 3829 Οὐκ
2355 3775 2490 3830 ἔστι
2513 3773 2724 3844 μνήμη
2744 3777 2877 3842 τοῖς
2890 3773 3169 3844 πρώτοις,
3189 3774 3290 3829 καί
3311 3790 3380 3844 τε
3399 3773 3523 3842 τοῖς
3537 3772 3720 3844 ἐσχάο

445 3873 696 3937 ιιίδεὶηιίε,
737 3886 854 3924 cum
889 3868 1036 3939 facta
1070 3867 1292 3938 fuerint,
1347 3882 1452 3921 non
1481 3866 1584 3922 erit
1611 3865 1742 3936 ipsis
1779 3867 2030 3919 memoria

2134 3881 2260 3932 τοις
2295 3866 2646 3936 γενομένοις
2683 3868 2796 3921 οὐκ
2841 3864 3014 3919 ἔσται
3059 3865 3264 3932 αὐτοῖς
3308 3865 3521 3935 μνήμη
3565 3866 3719 3934 μετὰ

441 3982 562 4022 cum
594 3965 690 4030 eis,
722 3965 814 4034 qui
842 3961 1013 4032 futuri
1043 3971 1169 4016 sunt
1188 3961 1254 4015 in
1285 3960 1570 4014 nouissimo
1605 3957 1741 4029 (55).

2134 3957 2250 4019 r5»:
2273 3959 2697 4027 γενησομένων
2723 3961 2812 4024 είς
2841 3955 2958 4024 τὴν
2986 3957 3281 4026 ἐσχάτην.
3315 3999 3321 4006 .

516 4056 816 4114 Circularis
847 4055 1111 4124 temporis
1159 4067 1360 4108 cursus
1399 4053 1455 4105 in
1510 4049 1691 4105 medio
1734 4049 1818 4104 sui
1861 4049 2030 4120 ipsius

2205 4050 2480 4115 Κυκλικὺς
2507 4051 2710 4122 δρόμος
2744 4048 2837 4103 τοῦ
2863 4049 3057 4120 χρόνου
3085 4049 3258 4120 μέσον
3291 4047 3488 4102 ἑαυτοῦ
3534 4047 3718 4101 πάντα

445 4151 628 4206 omnia
654 4151 1023 4219 complectens
1066 4161 1134 4202 ac
1173 4143 1658 4206 circumscribens,
1697 4140 1856 4213 quasi
1909 4151 2028 4196 rota

2134 4141 2518 4212 διαλαμϐάνων
2549 4143 2646 4196 καὶ
2676 4138 3061 4210 περιγράφων,
3086 4135 3198 4190 οἷόν
3221 4153 3304 4199 τις
3323 4137 3516 4206 τροχὸς
3537 4137 3714 4190 ἄπαυ-

444 4243 692 4316 ίιιιιειιαιιι
742 4251 1004 4314 perpetuo
1050 4246 1172 4294 acta
1231 4243 1406 4301 motu,
1461 4235 1544 4290 sic
1574 4249 1690 4300 eos,
1734 4234 1833 4303 qui
1861 4235 2030 4289 "modo

2139 4252 2266 4288 στον
2310 4235 2455 4304 ἔχων
2499 4235 2599 4304 τὴν
2650 4233 2866 4302 κίνησιν
2907 4231 2966 4282 ὲν
3017 4231 3084 4298 τῇ
3131 4225 3434 4296 φανερώσει
3469 4226 3578 4278 τῶν
3617 4225 3713 4279 νῦν

445 4314 610 4398 utiles
641 4347 698 4394 et
725 4336 882 4404 clari,
918 4334 1123 4408 quique
1156 4331 1390 4402 molesti.
1431 4339 1595 4400 atque
1633 4329 1850 4400 inglorii
1886 4339 2030 4393 sunt,

2136 4325 2392 4396 χρηστῶν
2440 4324 2537 4377 καὶ
2583 4321 2832 4386 ἐνδόξων,
2883 4320 2918 4390 ἢ
2961 4317 3225 4388 λυπηρῶν
3275 4318 3372 4370 καὶ
3404 4314 3608 4382 ἀδόξων
3645 4319 3712 4390 τῇ

446 4431 785 4494 manifestat,
835 4436 894 4484 ut
919 4406 1042 4498 quae
1075 4424 1316 4496 primum
1365 4422 1737 4492 contigerunt,
1771 4421 2030 4477 oblivioni

2137 4417 2276 4488 λήθῃ
2307 4417 2371 4468 τὰ
2397 4415 2590 4485 πρώην
2620 4408 3017 4482 παρέπεμψεν
3049 4409 3082 4479 ἢ
3115 4407 3190 4471 ῶς
3223 4406 3491 4476 μηδαμῶς
3525 4407 3715 4473 ἀξιού-

444 4527 574 4582 det:
608 4525 696 4580 vel
742 4520 889 4594 quod
947 4519 1188 4574 humana
1239 4530 1394 4570 mens
1444 4513 1846 4584 praeteritorum
1891 4511 2030 4568 facta

2138 4526 2239 4578 σης
2265 4508 2366 4578 τῆς
2395 4504 2743 4574 ἀνθρωπίνης
2772 4500 3014 4564 διανοίας
3055 4502 3114 4553 ἐν
3139 4501 3252 4563 τοῖς
3290 4498 3462 4564 ἀξίοις
3493 4501 3720 4569 μνήμης

444 4628 706 4688 tanquam
745 4591 913 4684 prava
942 4620 999 4666 et
1033 4609 1198 4672 mala,
1239 4607 1382 4662 inter
1411 4621 1499 4671 ea,
1535 4620 1660 4675 quae
1689 4619 2030 4660 commemo-

2135 4601 2342 4654 τιθέναι
2373 4598 2484 4652 τῶν
2517 4594 2926 4668 παρῳχηκότων
2957 4593 3060 4666 τὴν
3096 4591 3296 4665 πρᾶξιν
3323 4591 3401 4656 ὡς
3433 4593 3720 4664 μοχθηρὰν

445 4709 660 4765 ratione
682 4707 846 4776 digna
878 4709 1030 4766 sunt,
1061 4713 1350 4756 recensere
1378 4713 1443 4753 ac
1471 4710 1676 4767 ponere
1706 4696 1884 4764 nolit;
1915 4697 2030 4752 sive

447 4801 592 4872 quod
648 4811 792 4868 aegre
843 4807 1057 4858 eorum,
1113 4804 1236 4860 quae
1289 4786 1644 4849 transierunt,
1706 4787 2028 4842 memoriam

449 4891 772 4948 consociare
805 4900 930 4942 cum
963 4881 1322 4954 praesentibus
1355 4881 1544 4950 possit.
1573 4876 1779 4934 Verum
1816 4893 1924 4933 non
1955 4878 2030 4931 ita

451 4982 715 5040 memovia
753 4993 946 5035 eorum
999 4976 1394 5036 intermoritur,
1428 4971 1522 5042 qui
1577 4970 1835 5026 virtutem
1879 4967 2032 5024 omni

449 5076 633 5132 studio
667 5069 906 5141 amplexi
947 5067 1028 5124 sic
1066 5067 1134 5122 ad
1163 5080 1438 5121 sumntum
1478 5063 1707 5134 justitiae
1759 5061 2036 5138 fastigium

453 5181 770 5238 pervenere,
814 5170 875 5218 ut
921 5161 1120 5216 idonea
1165 5159 1290 5213 vitae
1327 5157 1659 5212 documenta
1691 5163 1746 5209 et
1773 5154 2039 5212 salutaria

452 5272 654 5319 sancta:
704 5256 1072 5314 institutionis
1101 5254 1350 5324 exempla
1408 5247 1713 5320 posteritati
1763 5247 2042 5315 relinque-

451 5364 594 5412 rent.
649 5353 762 5410 Soli
795 5351 942 5407 enim
997 5349 1247 5405 laborum
1282 5359 1509 5402 suorum
1546 5343 1770 5398 uberem
1799 5339 2036 5395 fructum

441 5457 742 5521 ceperunt,
777 5447 978 5502 bonam
1033 5443 1244 5501 scilicet
1272 5438 1594 5494 memoriam
1633 5455 1645 5490 :
1677 5435 2040 5505 quemadmo-

2137 4693 2232 4746 καὶ
2261 4691 2475 4763 φαύλην
2495 4708 2508 4720 ·
2555 4689 2590 4760 ἢ
2621 4689 2698 4752 ὡς
2726 4689 2827 4743 οὐκ
2857 4687 3264 4767 ἐξικνουμένης
3301 4687 3444 4757 μετὰ
3485 4687 3594 4740 τῶν
3633 4688 3718 4739 ἑν-

2137 4782 2390 4835 εστώτων
2450 4777 2978 4851 συμπαρακατέχειν
3029 4779 3125 4832 καὶ
3181 4776 3282 4847 τὴν
3334 4777 3556 4848 μνήμην
3611 4777 3721 4829 τῶν

2139 4873 2614 4945 παρεληλυθότων.
2656 4873 2803 4942 Πλὴν
2834 4873 2933 4942 τῆς
2965 4871 3189 4941 μνήμης
3232 4869 3342 4922 τῶν
3385 4869 3486 4939 τὴν
3516 4871 3722 4940 ἀρετὴν

2138 4965 2334 5028 ὑλικῶς
2373 4965 2754 5036 ἁσκησάντων,
2804 4965 2899 5016 καὶ
2946 4963 3081 5033 πρὸς
3126 4963 3186 5014 τὺ
3229 4963 3330 5031 τῆς
3371 4959 3719 5028 δικαιοσύνης

2137 5061 2307 5128 ἄκρον
2333 5059 2685 5130 ἀφικομένων
2707 5076 2717 5087 ο
2740 5059 2834 5112 καὶ
2864 5058 3282 5128 προγράμματα
3310 5054 3594 5125 πρακτικὰ
3625 5055 3721 5107 καὶ

2136 5152 2566 5226 παραδείγματα
2617 5150 2914 5222 ψυχωφελῆ
2963 5149 3056 5202 καὶ
3103 5151 3350 5218 σωτήρια
3396 5147 3510 5209 τοῖς
3551 5161 3717 5216 μετα-

2136 5247 2481 5320 γενεστέροις
2537 5245 2968 5300 καταλιπόντων.
3029 5235 3192 5296 Οὗτοι
3258 5241 3367 5310 γὰρ
3421 5239 3576 5310 μόνοι
3628 5239 3724 5292 καὶ

2143 5342 2468 5414 περίσσειαν
2494 5340 2652 5411 ἔσχον
2675 5343 2732 5392 ὲν
2763 5339 2926 5392 παντὶ⁵
2955 5337 3140 5407 μόχθῳ
3161 5333 3364 5398 αὐτῶν,
3391 5333 3489 5404 τὴν
3513 5330 3720 5400 ἀγαθὴν

2145 5434 2346 5506 δηλαδὴ
2405 5436 2658 5504 μνήμην·
2707 5427 2888 5493 καθὼς
2941 5429 3284 5498 γέγραπταιο
3335 5443 3354 5476 ι
3391 5426 3596 5494 Μνήμη
3641 5421 3725 5476 δι·-

455 5515 585 5599 dum
619 5543 887 5612 scriptum
943 5547 1024 5594 est
1059 5555 1073 5592 :
1141 5553 1159 5584 t
1202 5531 1464 5588 Memoria
1515 5529 1648 5600 justi
1685 5545 1810 5584 cum
1851 5528 2030 5587 ,laudi-

2148 5527 2304 5582 καίου
2339 5527 2455 5598 μετ’
2481 5523 2781 5594 ἐγκωμίου·
2817 5541 2834 5573 ι
2869 5521 2962 5574 καὶ
2987 5519 3171 5586 πάλιν,
3207 5537 3226 5570 ι
3261 5518 3354 5580 El;
3381 5515 3728 5586 μνημόσυνον

2149 5674 2325 5718 terum
2363 5671 2418 5715 ct
2447 5659 2812 5730 llicroaymtts
2843 5657 3026 5730 αὐτοῖς
3049 5655 3246 5730 alicubi
3273 5653 3468 5730 legisse
3491 5650 3725 5716 videtur,

529 5677 643 5746 (52)
673 5675 811 5746 Osee
832 5691 956 5746 stu,
982 5673 1036 5736 4,
1063 5687 1187 5746 qum
1209 5681 1388 5746 tamen
1411 5669 1617 5746 desunt
1633 5667 1687 5720 in
1711 5667 1796 5746 ed.
1825 5664 2038 5746 Cotttnl.
2149 5674 2340 5746 terum
2363 5671 2418 5746 et
2447 5664 2812 5746 Hieronymus
2843 5664 3026 5746 attici;
3049 5664 3419 5746 alipttb,t_tt:;;:s:t

2149 5742 2208 5786 ιιι
2243 5731 2491 5786 Nobilius
2519 5726 2816 5784 adnotavit.
2849 5727 3159 5797 Ulytnpiod.
3192 5726 3273 5787 είς
3301 5729 3370 5776 τὰ
3396 5726 3618 5790 ἔσχατα.

670 5744 814 5801 LXX
847 5736 1118 5800 habentJ.
1156 5743 1268 5794 Οὐκ
1301 5741 1452 5793 ἔσται
1481 5738 1658 5791 αὐτῶν
1683 5738 1893 5808 μνήμη.
1925 5736 2041 5789 Cat--
