4076 6284
357 367 466 434 ’185

355 571 502 626 κατὰ
531 569 595 624 τὸ
625 549 1043 642 γεγραμμένον,
1073 591 1091 624 ι
1119 571 1326 625 Δίκαιοι
1355 571 1436 634 εἰς
1464 569 1558 622 τὸν
1587 567 1763 623 αἰῶνα
1785 565 1944 632 ζῶσι,

351 661 454 721 καὶ
497 661 557 736 έν
599 661 780 733 καιρῷ
825 663 975 716 ἐστιν
1019 665 1050 717 ὀ
1093 663 1288 732 μισθὸς
1337 659 1537 726 αὐτῶν,
1569 678 1590 710 s
1637 659 1738 718 τὰς
1771 657 1946 728 ὑπερ-

355 753 646 827 ουρανίους
688 755 784 810 καὶ
833 754 987 820 θείας
1029 754 1388 827 ἀνταμείψεις
1435 751 1628 824 μισθὸν
1669 751 1736 804 ὲκ
1785 766 1947 821 μετα-

357 847 536 919 φορᾶς
573 845 684 902 τῶν
723 850 782 902 έν
828 848 1137 920 ἀνθρώποις
1169 847 1561 920 ἐργαζομένων
1596 843 1948 916 ὀνομασάσης

355 947 458 1018 τῆς
481 944 638 1012 θείας
661 944 911 1018 Γραφῆς.
940 943 1078 1002 Εἶτά
1109 963 1274 1018 φησιν
1303 947 1332 1000 ὁ
1357 938 1800 1013 Ἔκκλησιαστής
1819 953 1836 970 ο

1467 365 1549 430 ιιι
1583 361 2168 430 ΕροιεειΑδΤΕΝ.
2203 391 2264 401 -
2299 363 2530 424 1.13.1.
2627 332 2637 342 ’

356 482 578 534 αἰώνιον
605 477 760 532 ἔσται
789 477 1029 542 δίκαιοςο
1065 498 1084 532 s
1125 478 1175 534 οἳ
1215 479 1310 534 καὶ
1339 477 1510 543 ζῶσιν
1537 477 1620 542 εἰς
1649 476 1743 530 τὸν
1769 474 1944 530 αἰῶνα
1972 476 2019 534 Α
2047 477 2150 527 bus
2187 471 2322 543 (54),
2364 491 2382 524 ι
2416 481 2472 526 et
2521 486 2740 526 rursum
2783 487 2799 526 :

3529 356 3636 421 736

2835 493 2852 522 ι
2887 471 2944 525 in
2986 469 3248 525 memoria
3285 479 3486 524 aeterna
3536 469 3641 523 erit

2055 562 2319 633 justus";
2343 571 2365 615 ι
2393 560 2487 633 qui
2521 563 2684 618 etiam
2741 563 2795 617 in
2825 568 3092 619 saeculum
3130 561 3345 628 vivunt,
3380 569 3440 614 ut
3471 561 3643 614 tradi-

2050 663 2164 708 tum
2197 654 2428 725 legimus
2461 665 2474 708 ι
2518 673 2537 707 ι
2559 656 2700 710 Justi
2725 657 2779 710 in
2809 656 3072 712 saeculum
3107 655 3316 719 vivunt,
3341 655 3473 708 etin
3501 663 3641 708 tem-

2047 761 2180 817 pore
2205 755 2289 802 est
2314 762 2525 802 merces
2549 745 2978 820 ipsorum(55);s
3003 748 3187 803 divina
3219 748 3421 818 quippe
3449 746 3642 802 cccles-

2047 840 2183 894 tium
2213 841 2441 911 praemia
2477 843 2648 896 sacris
2682 841 2736 895 in
2769 839 2992 896 Litteris
3028 855 3238 896 merces
3273 839 3634 909 appellantur,

2049 933 2368 1002 metaphora
2415 931 2485 986 ab
2526 933 2709 1000 aperis
2763 941 3004 1002 sumpta.
3049 947 3172 1002 quae
3211 931 3353 1001 apud
3390 929 3642 984 homines

2043 1032 2454 1079 exercerentur.
2495 1023 2660 1079 Addit
2691 1023 2888 1080 deinde
2937 1021 3298 1080 Ecclesiastes
3313 1040 3343 1078 .:

609 1147 649 1162 -ι
1884 1129 1915 1203 5
1949 1127 2092 1188 xm.

441 1267 770 1338 Ἐ’γσνόμην
798 1265 1104 1334 ,βασιλεὺς
1137 1263 1210 1320 ἐν
1240 1263 1484 1336 Ἰσραὴλ
1522 1259 1625 1318 ἐπὶ
1655 1260 1949 1332 Ἰερουσα-

359 1355 510 1426 λὴμ,
550 1359 650 1412 καί
678 1355 876 1414 ἔδωκα
909 1355 1026 1426 τὴν
1057 1356 1315 1428 καρδίαν
1340 1373 1464 1427 μου
1489 1353 1596 1409 τοῦ
1625 1349 1950 1419 ἑκζητῆσαι

359 1449 460 1502 καί
497 1447 604 1503 τοῦ
649 1447 1154 1520 κατασκέψασθαι
1181 1449 1251 1506 ἐν
1279 1447 1354 1518 τῇ
1395 1447 1583 1516 σοφίᾳ
1626 1443 1760 1514 περὶ
1798 1444 1948 1497 πάν-

361 1557 482 1596 των
505 1539 627 1596 τῶν
655 1541 990 1612 γινομένων
1016 1542 1137 1601 ὑπὸ
1170 1541 1280 1599 τὸν
1307 1541 1591 1612 οὐρανόν.

2128 1255 2238 1328 30
2259 1255 2426 1315 Vsus.
2451 1259 2536 1314 l2.
2557 1257 2665 1314 Fui
2694 1276 2788 1315 rea:
2801 1259 2857 1314 in
2880 1257 3054 1315 Israel
3073 1275 3230 1328 super
3243 1259 3566 1323 Jerusalem,
3591 1271 3640 1312 et

2056 1344 2179 1401 dedi
2211 1363 2302 1402 cor
2325 1365 2499 1404 meum
2523 1352 2594 1406 ad
2625 1351 3000 1422 inquirendum
3035 1359 3084 1406 et
3111 1351 3554 1406 considerandum
3585 1353 3648 1405 in

2055 1441 2318 1508 sapientia
2345 1443 2411 1498 de
2435 1443 2698 1511 omnibus,
2737 1460 2856 1515 qua
2882 1443 3018 1516 ﬁunt
3047 1445 3144 1499 sub
3173 1444 3302 1499 calo
3331 1443 3468 1515 (56).

445 1633 852 1705 Ἀπολαμσάνει
914 1635 1010 1689 καὶ
1063 1635 1260 1700 πάλιν,
1319 1635 1417 1690 καὶ
1465 1633 1794 1706 προστίθησι
1847 1633 1947 1698 τὰς

2125 1638 2376 1697 Besumit
2423 1641 2608 1697 denuo
2642 1641 2831 1704 etiam.
2891 1641 3107 1712 sibique
3141 1643 3369 1712 apponit
3403 1645 3644 1712 appella-

359 1726 682 1796 ὀνομασίας,
713 1721 802 1791 αἶς
835 1729 1112 1800 ἐχρήσατο
1143 1729 1240 1783 καὶ
1269 1727 1572 1800 καταρχὰς,
1601 1727 1696 1782 καί
1727 1743 1894 1797 φησιν
1919 1728 1949 1781 ὁ

373 1819 808 1893 Ἑκκλησιαστής
829 1838 843 1851 ·
871 1841 888 1874 ι
912 1822 1214 1892 Ἐγενόμην
1239 1821 1497 1893 βασιλεὺς
1521 1821 1581 1874 έν
1615 1821 1832 1894 Ἰσραὴλ
1853 1821 1947 1876 ἐπὶ

373 1911 784 1984 Ἰερουσαλήμ.»
817 1915 963 1986 Πρὸς
991 1913 1052 1968 ὃν
1081 1917 1198 1987 ἐρεῖ
1219 1933 1304 1980 τις
1330 1915 1436 1969 οὐκ
1458 1915 1772 1978 ἀπεικότως
1789 1931 1806 1946 ο
1836 1916 1948 1968 Καὶ

359 2005 445 2066 τίς
478 2025 538 2061 σε
566 1993 905 2080 κατέστησεν
943 2007 1418 2080 Ἐκκλησιαστήν;
1452 2011 1534 2063 ὅτι
1571 2011 1670 2080 μὲν
1699 2008 1809 2079 γὰρ
1845 2007 1945 2074 βα-

363 2099 550 2163 σιλεὺς
588 2101 680 2154 ἰπὶ
717 2101 936 2172 Ἰσραὴλ
980 2102 1040 2154 ὲν
1079 2101 1442 2172 Ἰερουσαλὴμ
1488 2099 1722 2170 γέγονας
1743 2137 1757 2160 ,
1786 2099 1947 2153 τοῦτο

357 2194 476 2255 τοῖς
527 2194 664 2247 πᾶσι
714 2194 1068 2262 καταφανέςο
1120 2193 1324 2266 κλῆρον
1357 2195 1468 2266 γὰρ
1498 2192 1752 2266 πατρῷον
1787 2195 1945 2264 ἔσχες

359 2283 462 2355 τὴν
492 2286 551 2338 ὲν
591 2285 954 2358 Ἰερουσαλὴμ
993 2287 1308 2358 βασιλείαν’
1345 2287 1447 2342 οὐκ
1485 2286 1568 2342 ἔτι
1612 2288 1672 2341 δὲ
1713 2287 1809 2342 καί
1840 2305 1946 2342 πα·

355 2381 541 2448 τρῴαν
569 2379 942 2450 κληρονομίαν
990 2379 1221 2449 εἴληφας
1259 2379 1322 2434 τὺ
1361 2379 1798 2450 Ἐκκλησιαστὴς
1837 2380 1945 2433 ὑπ-

357 2466 572 2540 άρχειν.
610 2471 735 2534 Πῶς
766 2469 863 2524 οὖν
897 2471 1191 2542 ὠνόμασας
1235 2471 1430 2526 ἑαυτὸν
1471 2471 1938 2541 Ἐκκλησιαστήνς

369 2563 966 2637 ’Δλλᾝποκριθήσεται
985 2565 1186 2620 θᾶττον
1213 2565 1330 2620 ἀντ’
1361 2565 1528 2620 αὐτοῦ
1559 2565 1658 2636 τῆς
1683 2565 1942 2636 ἀληθείας

355 2655 384 2708 δ
403 2651 585 2724 λόγος,
610 2657 703 2709 καί⁵
723 2657 971 2728 φήσειεν,
993 2656 1124 2728 ὡςὴ
1153 2655 1275 2710 θεία
1305 2657 1496 2727 Σοφία,
1517 2657 1644 2730 παρ’
1667 2651 1736 2729 ἦς
1762 2657 1943 2710 ἐκεκί-

355 2759 490 2818 νητο
518 2745 944 2817 καθυπογράψαι
977 2747 1073 2802 καὶ
1095 2747 1440 2820 διορίσασθαι
1464 2747 1574 2802 τῶν
1604 2747 1821 2818 φαύλως
1847 2750 1940 2801 καὶ

362 2837 654 2908 μοχθηρῶς
703 2839 1186 2911 πεπολιτευμένων
1227 2840 1534 2912 ἀνθρώπων
1561 2841 1662 2904 τὰς
1711 2841 1950 2910 ματαιόι

357 2945 529 3001 τητας
561 2932 652 2984 καὶ
683 2931 1156 3004 πονηροπραξίας,
1196 2934 1291 2988 καὶ
1330 2934 1519 3004 μέντοι
1553 2932 1654 2999 τὴν
1704 2933 1939 2987 διαιωνί-

2051 1731 2248 1796 tiones,
2270 1731 2472 1802 quibus
2492 1741 2548 1788 et
2568 1731 2724 1787 initio
2751 1747 2886 1788 usus
2901 1739 3008 1798 est,
3031 1732 3221 1802 aitque
3241 1731 3599 1790 Ecclesiastes
3625 1753 3640 1790 :

2055 1841 2073 1875 ι
2111 1823 2211 1878 Fui
2245 1837 2336 1880 rex
2389 1823 2444 1879 in
2496 1823 2665 1880 Israel
2714 1837 2880 1894 super
2921 1823 3248 1880 Jerusalem.
3287 1843 3306 1877 ι
3340 1824 3440 1880 Cui
3493 1826 3643 1883 haud

2049 1916 2233 1986 inepte
2259 1916 2385 1987 quis
2416 1915 2619 1974 dixerit
2653 1935 2666 1972 :
2694 1915 2898 1988 Ecquis
2936 1925 2989 1974 te
3027 1916 3392 1974 Ecclesiasten
3435 1919 3643 1974 consti-

2051 2008 2359 2064 tuit?uam
2395 2018 2448 2064 te
2505 2008 2724 2080 quidem
2779 2024 2962 2080 regem
3023 2009 3186 2064 lsrael
3223 2009 3278 2064 in
3333 2007 3639 2065 Jerusalem

2049 2100 2244 2166 fuisse,
2280 2110 2470 2156 uotum
2497 2101 2864 2163 idiomnibus;
2915 2111 3202 2172 paternum
3242 2103 3388 2156 enim
3415 2099 3642 2158 Jerusa~

2048 2193 2151 2248 lem
2178 2209 2410 2264 regnum
2452 2195 2548 2250 tibi
2579 2195 2901 2252 haereditate
2937 2194 3162 2250 obvenit
3194 2213 3226 2256 ι.
3249 2203 3304 2248 at
3333 2209 3441 2250 non
3471 2195 3638 2250 etiam

2045 2294 2276 2355 paterno
2297 2287 2391 2340 tibi
2411 2287 2534 2356 jure
2559 2287 2748 2342 datum
2773 2295 2879 2356 est,
2903 2297 2964 2343 ut
2985 2286 3344 2342 Ecclesiastes
3369 2287 3636 2343 dicerere.

2043 2375 2149 2444 Qui
2183 2392 2316 2448 ergo
2345 2378 2440 2433 tibi
2463 2393 2666 2434 nomen
2697 2379 3042 2436 Ecclesiaste:
3069 2378 3424 2450 imposuisti?
3448 2395 3636 2434 verum

2041 2468 2218 2540 ipsius
2252 2469 2375 2524 loco
2404 2470 2692 2526 oraculum
2727 2473 2974 2527 veritatis
3000 2471 3277 2541 extemplo
3311 2485 3635 2541 responsum

2041 2555 2216 2623 dabit,
2256 2573 2322 2614 ac
2349 2558 2554 2613 dixerit
2587 2576 2601 2614 :
2642 2557 2894 2614 Divinam
2924 2557 3288 2630 Sapientiam,
3333 2562 3494 2631 cujus
3549 2562 3641 2616 ille

2043 2647 2283 2718 impulsu
2327 2649 2770 2706 facinorosorum
2810 2651 3094 2706 hominum
3133 2652 3408 2709 vanitates
3441 2665 3494 2708 et
3535 2653 3652 2708 imm

2041 2743 2214 2812 proba
2237 2743 2380 2798 facta
2409 2745 2720 2802 describere
2749 2761 2814 2801 ac
2839 2745 3066 2800 delinire
3089 2761 3382 2816 aggressus
3407 2755 3512 2809 est,
3536 2763 3638 2800 nec

2041 2835 2227 2892 minus
2280 2847 2607 2909 perpetuum
2650 2850 2818 2910 atque
2877 2839 3243 2896 immutabile‘
3273 2855 3458 2896 rerum
3517 2854 3639 2894 om-

2042 2929 2217 2996 nium,
2249 2946 2372 3002 qua:
2400 2941 2532 2988 sunt
2581 2947 2813 3004 quaeque
2860 2933 3136 2997 visuntur,
3193 2933 3521 3004 obsequium
3571 2949 3640 2990 ac

361 2999 562 3084 ζουσαν
595 2999 878 3095 ὑποταγην
907 2999 1288 3094 ἀπαραίτητον
1327 2999 1424 3078 καὶ
1451 3016 1676 3094 θητείαν
1705 3025 1938 3078 ἑκάστου

2051 2999 2412 3091 famulatum;
2465 2999 2632 3096 atque
2685 2999 2851 3091 idem,
2889 3033 3160 3096 quotquot
3192 2999 3513 3080 universum
3551 3041 3641 3079 or-

357 3113 470 3166 τῶν
517 3112 686 3168 ὅντων
734 3115 830 3168 καὶ
882 3115 1225 3186 φαινομένων
1245 3131 1266 3172 ἰ
1298 3117 1392 3170 καὶ
1435 3117 1562 3180 τοὺς
1611 3116 1716 3170 ἀνὰ
1761 3117 1943 3171 πᾶσαν

357 3204 461 3275 τὴν
493 3204 598 3258 ὑπὸ
625 3206 716 3259 τὸν
746 3207 978 3278 οὐρανὸν
1003 3208 1347 3281 συναγείρειν
1371 3206 1507 3279 πρὸς
1535 3206 1634 3278 τὴν
1661 3207 1774 3262 τῶν
1797 3206 1945 3261 ἰδίων

357 3295 626 3365 ῥημάτων
657 3298 945 3368 ἀκρόασιν,
975 3296 1072 3352 καὶ
1100 3295 1195 3352 τοῦ
1236 3297 1668 3368 Ἐκκλησιαστοῦ
1699 3296 1800 3370 τὴν
1823 3298 1948 3351 ὀνο-

228 3425 249 3436 ,
364 3388 572 3458 μασίαν
605 3388 755 3461 αὑτῷ
785 3392 1082 3462 παρέσχεν,
1115 3390 1194 3456 ὡς
1220 3391 1438 3463 ἀξίωμα
1469 3391 1658 3446 καινὸν
1695 3394 1791 3446 καὶ
1831 3394 1950 3462 μεῖ-

363 3477 456 3542 ζον
483 3477 584 3549 τῆς
611 3479 910 3549 βασιλείας.
950 3481 1204 3547 Βασιλεῖς
1236 3483 1335 3554 μὲν
1365 3482 1475 3554 γὰρ
1515 3485 1610 3536 καὶ
1639 3483 1747 3555 πρὸ
1779 3483 1948 3538 αὑτοῦ

363 3568 551 3624 πολλοί
589 3571 998 3643 διεγνὼσθησαν
1031 3573 1137 3630 ἀνὰ
1186 3575 1368 3630 πάντα
1400 3575 1468 3631 τὰ
1506 3575 1634 3645 ἔθνη
1655 3615 1670 3642 ,
1713 3574 1836 3646 μεθ’
1872 3569 1950 3628 ὧν

305 3673 311 3680 ’
366 3663 471 3716 κάν
493 3663 573 3736 τῷ
620 3664 840 3738 Ἰσραὴλ
867 3667 960 3720 ἐπὶ
1003 3667 1388 3741 Ἰερουσαλήμ.
1427 3667 1863 3740 Ἐκκλησιαστὴς
1891 3668 1949 3722 δὲ

364 3753 541 3820 οὐδεὶς
567 3756 874 3830 ἐγνωρίσθη
903 3757 963 3812 τὺ
999 3757 1245 3826 σύνολον,
1278 3759 1402 3812 οὐδὲ
1433 3758 1537 3830 τῆς
1569 3759 1660 3828 ὑφ’
1690 3755 1843 3830 ἥλιον
1870 3759 1948 3813 δι-

362 3845 650 3912 δάσκαλος.
699 3849 909 3908 Οὐκοῦν
977 3851 1090 3922 ἄρα
1131 3851 1220 3906 διὰ
1267 3851 1370 3923 τῆς
1417 3853 1740 3923 καινοτέρας
1792 3851 1950 3918 ἀξίας

369 3938 463 3992 καὶ
497 3939 874 4012 προσηγορίας
921 3939 1356 4012 ἀξιολογωτέραν
1405 3939 1502 3995 καὶ
1541 3940 1948 4011 πιστικωτέραν

367 4026 524 4099 ᾠήθη
580 4029 778 4102 δράσαι
835 4033 951 4097 τοῖς
1008 4031 1414 4102 ἐντευξομένοις
1475 4031 1578 4104 τὴν
1647 4031 1784 4086 ἰδίαν
1837 4034 1950 4085 εἰσ-

368 4121 591 4190 ήγησιν.

453 4213 592 4267 Ἀλλ’
641 4215 945 4272 ἀνακύπτει
977 4217 1144 4272 πάλιν
1183 4217 1439 4273 ἐντεῦθεν
1485 4217 1674 4290 ἕτερος
1725 4219 1950 4290 ἀπορῶν

367 4303 560 4375 λόγος,
591 4308 687 4362 καὶ
720 4309 980 4379 φάσκων
1009 4311 1122 4366 Καὶ
1167 4312 1216 4365 εί
1254 4313 1442 4366 καινὸν
1480 4311 1644 4375 αὐτὸς
1679 4311 1850 4383 δνομα
1888 4313 1950 4366 τὸ

380 4397 814 4475 Ἐκκλησιαστὴς
845 4400 1056 4472 εἴληφε,
1081 4401 1201 4466 πῶς
1229 4419 1396 4474 φησιν
1427 4403 1580 4459 οὐδὲν
1609 4403 1948 4475 πρόσφατον,

367 4474 520 4541 οὐδὲν
545 4489 731 4542 καινὸν
757 4491 865 4545 ὑπὸ
879 4491 972 4545 τὸν
993 4491 1181 4562 ﬂium;
1219 4493 1374 4562 Ἔχει
1397 4493 1454 4546 δὲ
1477 4493 1638 4550 τοῦτο
1658 4474 1950 4566 σύντομον

368 4579 595 4635 αὐτόθεν
615 4584 714 4654 τὴν
733 4581 890 4638 λύσιν
909 4601 924 4614 ο
952 4584 1014 4638 οὐ
1041 4584 1148 4656 γᾴρ
1172 4587 1303 4656 περὶ
1333 4587 1740 4658 προαιρετικῶν
1779 4605 1950 4643 σπου-ι

369 4671 664 4744 δασμάτων
712 4675 745 4746 ἢ
787 4677 1084 4746 γνωμικῶν
1135 4680 1569 4750 προτερημάτων
1611 4681 1672 4734 τὸ
1727 4700 1746 4733 ι
1777 4685 1950 4754 πρόσ-

372 4778 542 4832 φατον
573 4784 592 4818 ι
641 4764 674 4836 ἢ
704 4765 766 4820 τὸ
800 4785 820 4819 ι
865 4767 1054 4822 καινὸν
1083 4787 1103 4821 s
1147 4769 1354 4838 έφασκε
1389 4769 1583 4842 πρώην
1603 4788 1618 4804 ο
1649 4772 1789 4827 ἀλλὰ
1823 4775 1952 4845 περὶ

369 4853 482 4910 τῶν
513 4857 762 4926 φυσικῶν
788 4862 1060 4929 κινήσεων
1089 4863 1182 4916 καὶ
1199 4862 1584 4935 παρακολουθή
1594 4882 1732 4919 σεων
1758 4866 1869 4920 τῶν
1892 4869 1952 4922 ὲν

369 4947 488 5009 τοῖς
511 4945 632 5001 οὖσι
663 4947 1080 5020 θεωρουμένων,
1107 4951 1168 5004 έν
1193 4946 1276 5016 οἷς
1303 4952 1404 5008 οὐκ
1437 4951 1584 5008 ἐστιν
1615 4951 1796 5026 εὑρεῖν
1831 4959 1954 5012 ὲπίσ

371 5035 596 5110 τασινῆ
640 5039 985 5113 προσθήκην,
1032 5043 1067 5116 ἢ
1115 5043 1344 5114 μείωσιν
1391 5045 1486 5099 καὶ
1534 5047 1845 5118 ἀφαίρεσιν.
1887 5051 1953 5104 Τί

371 5122 472 5184 οὖν
505 5147 704 5201 φησιν;
745 5149 765 5184 ι
800 5132 1020 5187 Ἐδωκα
1047 5132 1147 5204 τὴν
1187 5133 1419 5204 καρδίαν
1447 5151 1550 5204 μου
1583 5135 1680 5189 τοῦ
1713 5136 1952 5211 ἐκζητῆ-

375 5235 468 5274 σαι
516 5221 612 5274 καὶ
657 5221 752 5276 τοῦ
791 5223 1278 5294 κατασκέψασθαιο
1324 5244 1342 5278 ι
1386 5226 1632 5297 δηλονότι
1689 5230 1954 5301 σχολάσαι

375 5311 514 5384 πρός
544 5329 669 5368 τινα
704 5315 896 5387 καιρὸν
923 5315 1061 5388 πρὸς
1085 5317 1322 5390 θεωρίαν
1349 5317 1458 5402 τῶν
1487 5317 1659 5376 ὄντων
1679 5339 1693 5354 ·
1727 5325 1819 5377 καὶ
1852 5343 1954 5380 κα-

443 5420 490 5454 "
516 5420 664 5480 Psal.
693 5437 780 5479 cxi
809 5464 824 5490 ,
861 5429 917 5481 7.

443 5537 559 5624 (ὄρ)
593 5537 840 5624 Ριοιρμ,
878 5540 944 5606 7;
969 5540 1076 5624 sed
1103 5541 1244 5612 apud
1275 5539 1416 5596 LXX
1447 5541 1714 5610 invenies,
1749 5547 1954 5624 Μνήμη

371 5609 740 5680 δικαίωνλμετ⁹
768 5611 1082 5680 ἐγκωμίων.

445 5679 560 5752 (55)
596 5677 728 5752 Sap.
766 5677 836 5752 Av,
889 5677 977 5752 16.
1008 5679 1216 5752 __Verum
1271 5681 1412 5737 LXX
1446 5683 1647 5740 habent
1680 5705 1692 5742 :
1737 5689 1846 5744 Καὶ
1893 5693 1950 5744 ἐν

373 5749 624 5821 mperat
663 5750 852 5821 μισθὸς
890 5749 1092 5821 αὐτῶν,
1144 5754 1604 5820 quemadmodum
1655 5759 1706 5812 in
1740 5757 1950 5818 Latinis

372 5817 500 5877 cst':
533 5817 601 5876 Et
625 5817 766 5890 apud
800 5820 1084 5874 Dominum
1119 5817 1194 5876 est
1231 5839 1424 5878 merces
1467 5842 1666 5892 cantat,
1709 5839 1760 5884 ct
1791 5841 1845 5886 ut
1871 5833 1950 5887 ιιι-

2047 3117 2229 3170 dinem
2291 3127 2564 3173 terrarqu
2627 3119 2898 3188 incolunt,
2952 3132 3146 3174 omnes
3202 3119 3268 3174 ad
3327 3132 3636 3182 sermonem

2047 3207 2170 3278 ejus
2200 3207 2534 3265 audiendum
2567 3226 2873 3268 convocare
2905 3230 2920 3267 :
2951 3225 3094 3274 eam,
3128 3211 3378 3280 inquam,
3419 3211 3640 3281 sapien-

2051 3299 2182 3354 tiam
2213 3286 2409 3357 no'men
2437 3303 2568 3358 huic
2597 3302 2818 3359 dedisse
2848 3301 3214 3367 Ecclesiastes,
3245 3316 3442 3356 novam
3470 3299 3638 3354 veluti

2049 3393 2394 3463 dignitatem,
2427 3403 2594 3465 atque
2622 3411 2794 3468 regno
2825 3395 3120 3466 potiorem.
3155 3392 3289 3450 Nam
3321 3409 3478 3465 reges
3517 3393 3640 3464 qui-

2050 3483 2174 3540 dem
2205 3485 2291 3540 vel
2325 3493 2456 3541 ante
2479 3486 2657 3556 ipsum
2693 3487 2854 3541 multi
2900 3502 2999 3556 per
3033 3501 3228 3540 omnes
3262 3485 3512 3541 nationes
3549 3484 3640 3539 in-

2050 3575 2392 3643 claruerunt,
2441 3591 2582 3647 quos
2628 3577 2772 3632 inter
2801 3587 2856 3632 et
2887 3577 2981 3646 qui
3016 3592 3110 3632 rex
3147 3576 3313 3633 Israel
3353 3591 3518 3646 super
3545 3573 3639 3631 Je-

2051 3666 2313 3722 rusalem.
2344 3669 2412 3723 At
2444 3681 2623 3738 neque
2655 3665 3020 3722 Ecclesiastes
3059 3667 3354 3739 quisquam
3385 3665 3636 3728 cumino.

2050 3771 2228 3826 neque
2255 3755 2405 3811 orbis
2433 3764 2704 3812 terrarum
2736 3756 2998 3826 magister
3019 3771 3256 3826 usquam
3283 3755 3506 3830 auditus
3531 3766 3635 3812 est.

2053 3846 2237 3916 Quare
2266 3847 2440 3903 ascita
2474 3863 2630 3902 novae
2675 3847 2960 3918 dignitatis
2993 3847 3360 3918 appellatione
3387 3847 3642 3903 luculen-

2055 3949 2162 3996 tam
2216 3940 2391 4008 magis
2436 3940 2836 3995 institutionem
2871 3956 3058 4002 suam,
3091 3941 3378 4012 magisque
3409 3941 3477 3997 ad
3515 3955 3637 4012 per-

2053 4031 2394 4087 suadendum
2420 4031 2674 4087 idoneam
2706 4031 2821 4087 lore
2851 4031 3200 4088 existimavit.

2121 4207 2394 4264 Caeterum
2449 4207 2556 4262 alia
2614 4207 2742 4263 hinc
2789 4221 3011 4263 rursum
3047 4208 3334 4264 dubitandi
3391 4209 3640 4264 exoritur

2053 4314 2248 4361 causa,
2297 4297 2657 4369 rogandique,
2693 4312 2818 4352 cum
2857 4313 3058 4352 novum
3114 4297 3474 4354 Ecclesiastes
3523 4299 3641 4369 ipse

2057 4405 2255 4446 nomen
2285 4389 2525 4456 duxerit,
2551 4405 2791 4461 quonam
2826 4399 2986 4462 pacto
3015 4391 3320 4454 aﬂirmarit,
3351 4391 3484 4446 nihil
3517 4407 3641 4448 esse

2058 4497 2270 4548 recens,
2304 4482 2440 4538 nihil
2491 4483 2592 4538 sub
2641 4483 2757 4539 sole
2794 4483 3042 4538 novum?
3095 4493 3152 4538 at
3185 4487 3289 4538 hoc
3325 4483 3541 4540 brevem
3572 4501 3637 4538 ex

2054 4577 2248 4631 eodem
2292 4569 2416 4630 loco
2447 4575 2776 4630 solutionem
2809 4575 2995 4630 habet.
3023 4573 3212 4646 Neque
3241 4575 3384 4630 enim
3431 4576 3518 4630 ille
3549 4593 3642 4632 su-

2055 4668 2242 4740 perius
2269 4669 2336 4723 de
2359 4667 2686 4724 voluntariis
2714 4667 2915 4724 studiis
2938 4678 3034 4724 aut
3063 4671 3130 4725 de
3159 4669 3362 4726 mentis
3382 4686 3638 4742 progres-

2057 4761 2209 4817 sibus
2239 4777 2420 4816 recens
2453 4772 2508 4816 et
2534 4777 2722 4816 novum
2760 4762 3080 4832 usurpavit;
3119 4762 3211 4816 sed
3254 4763 3320 4816 ad
3364 4764 3641 4817 naturales

2059 4855 2174 4910 haec
2201 4854 2390 4910 retulit
2417 4863 2603 4910 motus
2629 4863 2684 4910 et
2712 4855 3096 4910 successiones
3140 4871 3357 4921 eorum,
3389 4871 3512 4927 qua:
3540 4873 3640 4912 ex-

2057 4955 2204 5003 stant
2232 4959 2395 5017 atque
2437 4954 2757 5016 spectantur
2787 4963 2802 5000 :
2839 4947 2892 5001 in
2923 4947 3126 5018 quibus
3162 4963 3263 5004 nec
3315 4947 3640 5004 incrementi

2055 5037 2353 5109 quidquam
2399 5044 2496 5092 aut
2534 5037 2888 5104 dccrementi,
2930 5053 3032 5094 nec
3073 5038 3220 5108 quod
3255 5037 3500 5128 additym
3551 5048 3646 5094 aut

2057 5131 2300 5186 ablatum
2336 5129 2430 5196 sit,
2463 5129 2710 5185 invenire
2749 5129 2854 5202 31
2893 5129 3072 5186 liceat.
3116 5129 3236 5185 .lam
3287 5131 3418 5204 quid
3459 5128 3648 5188 addit!

2063 5241 2083 5275 ι
2120 5222 2251 5278 Dedi
2292 5237 2391 5278 cor
2419 5238 2606 5278 meum
2647 5221 2716 5277 ad
2758 5221 3147 5292 inquirendum
3193 5224 3644 5282 tat-consideran-

2058 5318 2226 5384 dum;
2261 5335 2280 5370 ι
2313 5317 2365 5371 id
2399 5324 2483 5372 est
2513 5331 2696 5371 rerum
2728 5317 3184 5386 contemplationi
3218 5317 3533 5388 aliquandiu
3558 5319 3645 5374 in-

2060 5544 2142 5600 l'ra
2178 5544 2348 5616 habes
2375 5545 2469 5599 lib.
2510 5559 2570 5610 ll,
2601 5545 2641 5616 δέ
2892 5615 2897 5616 γ
3008 5579 3015 5586 ,

2133 5615 2247 5683 (56)
2291 5613 2396 5670 Sed
2437 5617 2580 5684 apud
2606 5613 2788 5678 LXX,
2829 5615 3043 5671 initium
3090 5615 3209 5684 ejus
3245 5615 3458 5669 articuli
3509 5623 3592 5668 est
3625 5633 3638 5668 :

2070 5684 2215 5758 Ἐγὼ
2228 5683 2663 5758 Ἐκκλησιαστὴς
2685 5683 3220 5758 ὲγξνόμηνλβασ-ιλεὺς
3270 5685 3329 5737 πὶ
3349 5684 3564 5758 Ἰσραὴλ
3589 5687 3643 5736 ἓν

2060 5754 2446 5842 ςιιερουσαλήμ.
2488 5754 2702 5827 ()lytnp.
2751 5754 3012 5819 Βασιλεὺς
3043 5754 3336 5826 Ἰσραὴλὲν
3373 5754 3637 5827 ἰείιοὺεαο

2061 5843 2124 5896 ιη
2135 5845 2192 5895 μ.
