4076 6284
447 319 550 385 791

1549 337 1610 396 S.
1645 337 2025 398 GREGORII
2073 340 2588 405 AGRIGENTINI

3610 333 3720 400 792

447 428 542 488 liis
614 431 854 492 adiciant
891 451 1124 508 corpora
1165 454 1266 498 sua
1324 440 1376 497 in
1429 444 1746 514 semetipsis
1792 445 1859 498 ⁸⁸.
1902 467 1921 500 ι
1963 445 2030 502 Ει

2138 453 2456 524 ιὰοσώματα
2490 451 2672 507 αὐτῶν
2717 451 2775 507 ἐν
2819 452 3056 517 ἑαυτοῖς·
3109 473 3127 506 ι
3163 452 3259 508 καὶ
3311 451 3478 508 πάλιν
3502 467 3515 482 ·
3547 468 3568 502 ι
3609 451 3722 504 Καὶ

449 538 646 581 rursus
678 543 692 579 :
727 545 746 577 ι
781 525 846 581 Ει
879 529 1022 585 sicut
1059 546 1169 586 non
1202 536 1572 602 probaverunt
1616 537 1784 593 Deum
1830 538 2030 595 habere

445 611 504 668 in
531 615 744 699 notitia,
778 619 1004 674 tradidit
1035 620 1157 678 illos
1190 623 1336 681 Deus
1364 625 1417 680 in
1453 628 1744 698 reprobum
1782 645 2028 696 sensum,

447 714 510 760 ut
567 704 774 762 faciant
819 724 886 765 ea
931 727 1053 782 qua'
1104 729 1213 770 non
1277 720 1612 774 conveniunt
1674 721 1753 788 ¹⁹;
1806 741 1824 774 ι
1891 723 2032 778 στδίο

449 799 557 853 trio
594 817 866 872 quemque
927 820 1048 874 suo,
1075 808 1221 878 quod
1261 809 1418 866 liberi
1443 813 1574 878 sint,
1601 812 1782 869 facere
1812 829 2026 884 passus.

446 907 572 986 quae
605 910 710 950 non
737 898 1086 986 conveniagt,
1121 888 1270 959 addit
1315 904 1515 961 deinde
1562 906 1785 976 sapiens
1833 905 2026 962 Eccle—

446 985 646 1042 siastes
673 1003 686 1040 :

2135 545 2314 611 καθὼς
2339 545 2442 600 οὐκ
2470 543 2806 616 ἐδοκίμασαν
2829 545 2921 598 τὸν
2953 545 3088 599 Θεὸν
3127 545 3272 617 ἔχειν
3311 546 3368 598 ὲν
3397 541 3717 612 ἐπιγνώσει,

2135 640 2460 710 παρέδωκεν
2489 636 2688 700 αὐτοὺς
2721 637 2752 690 ό
2780 635 2916 700 Θεὸς
2946 638 3028 701 είς
3059 637 3321 705 ἀδόκιμον
3354 633 3502 698 νοῦν,
3544 633 3725 686 ποιεῖν

2130 735 2200 787 τὰ
2233 733 2310 803 μὴ
2361 731 2696 802 καθήκοντα.
2743 750 2764 783 ι
2815 730 2890 801 Τῇ
2945 730 3096 798 σφῶν
3131 727 3475 799 προαιρέσει,
3524 724 3614 779 διὰ
3658 721 3720 778 ra

2132 815 2482 894 αὐτεξούσιον
2530 824 2691 891 εἶναι,
2753 823 3120 894 συγχωρήσας
3163 821 3234 874 τὰ
3270 818 3348 891 μὴ
3403 815 3724 888 καθήκοντα

2138 919 2292 991 δρᾷν.
2338 915 2472 972 Εἶτά
2492 934 2656 988 φησιν
2689 914 2913 984 ὁσοφδς
2941 909 3408 982 Ἐκκλησιαστήςθ

1996 1105 2171 1182 ng.

515 1211 662 1268 Vens
717 1212 808 1268 14.
848 1212 972 1270 Vidi
1015 1216 1257 1272 universa
1297 1233 1492 1286 opera,
1551 1234 1670 1288 qua:
1711 1219 1860 1289 facta
1911 1229 2037 1274 sunt

443 1308 539 1364 sub
583 1307 731 1376 sole;
768 1318 820 1364 et
853 1325 968 1366 ecce
997 1311 1180 1366 omnia
1229 1313 1438 1369 vanitas
1475 1325 1522 1368 et
1554 1315 1899 1384 prwsumptio
1929 1313 2038 1382 spi-

444 1398 606 1453 ritus.

521 1492 640 1550 Non
679 1509 800 1564 qua:
827 1495 880 1549 in
922 1495 1111 1552 mundi
1151 1496 1356 1552 fabrica
1393 1499 1460 1552 ab
1488 1513 1554 1553 eo
1584 1506 1714 1555 sunt
1743 1485 1908 1560 facta,
1939 1497 2034 1567 qui

445 1585 629 1640 omnia
659 1587 816 1643 valde
849 1589 1079 1658 pulchra
1113 1589 1222 1662 34
1257 1591 1608 1658 construxit;
1645 1606 1771 1645 nam
1814 1591 1904 1647 cui
1933 1592 2036 1646 hoc

456 1685 548 1732 aut
600 1678 878 1748 quomodo
916 1681 970 1735 iu
1023 1691 1258 1736 mentem
1315 1683 1514 1747 veniat,
1555 1698 1680 1738 cum
1729 1681 2032 1738 absurdum

449 1770 615 1839 plane
645 1770 756 1825 sit?
778 1769 882 1826 Sed
909 1787 994 1838 ea,
1027 1788 1148 1842 qua:
1190 1773 1259 1827 ab
1295 1774 1606 1830 hominibus
1628 1773 1790 1831 malis
1831 1775 2038 1842 impro-

448 1859 646 1929 bisque
699 1870 752 1914 et
785 1869 936 1931 gesta
987 1871 1116 1916 sunt
1147 1871 1200 1915 et
1245 1870 1532 1932 geruntur,
1563 1861 2034 1934 quemadmodum

451 1951 618 2021 paulo
652 1959 781 2005 ante
825 1952 1087 2010 diximus.
1118 1951 1176 2006 ld
1209 1953 1356 2008 enim
1390 1953 1598 2023 adjecta
1633 1955 1724 2008 illa
1765 1953 2037 2009 sententia

452 2044 740 2098 confirmat
765 2043 997 2099 dicentis
1023 2061 1038 2098 :
1065 2061 1084 2096 ι
1118 2045 1182 2098 Et
1201 2047 1558 2114 praesumptio
1587 2045 1814 2116 spiritus
1845 2043 1982 2115 (58),
2011 2062 2030 2096 ι

452 2135 612 2208 quasi
635 2136 840 2193 diceret
869 2135 1024 2193 :Ilazc
1052 2140 1236 2194 omnia
1269 2140 1416 2207 optio
1445 2140 1616 2194 animi
1647 2149 1776 2197 sunt
1807 2138 2036 2195 arbitrio

452 2227 680 2290 utentis,
716 2229 808 2297 qui
831 2229 899 2284 ad
941 2237 1239 2302 utrumque
1273 2232 1473 2287 bonum
1510 2247 1704 2302 nempe
1725 2241 1778 2286 et
1805 2231 2031 2297 malum,

453 2318 751 2374 inclinandi
793 2317 1053 2376 facultate
1095 2320 1388 2377 manifesto
1436 2321 1696 2392 praeditus
1737 2329 1841 2378 est.
1895 2322 2032 2376 Eum

453 2411 654 2480 quippe
695 2426 845 2466 nunc
889 2420 1077 2482 aperte
1126 2415 1379 2484 spiritum
1432 2414 1746 2484 appellavit.
1796 2413 2032 2469 Humani

454 2516 620 2570 porro
641 2501 808 2556 animi
835 2504 1248 2573 praesumptioni
1277 2519 1382 2559 non
1404 2505 1591 2574 utique
1621 2520 1802 2559 rerum
1837 2514 2032 2559 natura

455 2591 701 2662 subjecta
733 2601 838 2659 est,
872 2603 930 2648 ut
957 2593 1024 2650 de
1053 2595 1140 2650 bis
1167 2611 1232 2650 ea
1266 2596 1428 2651 verba
1459 2597 1672 2666 prolata
1698 2611 1821 2652 esse
1845 2605 2035 2665 putare

457 2683 670 2754 possis;
708 2687 801 2740 sed
851 2701 914 2742 ea
955 2697 1108 2750 sunt,
1153 2703 1276 2761 quae
1321 2689 1569 2758 plerique
1607 2688 1892 2744 hominum
1933 2703 2029 2742 na-

457 2785 598 2830 tura:
635 2775 910 2834 adversati
963 2775 1144 2834 facere
1178 2777 1377 2834 solent.
1410 2778 1546 2836 Nam
1577 2781 1723 2848 quod
1761 2777 1815 2832 in
1851 2777 2030 2834 bomi-

461 2867 625 2922 nibus
651 2867 794 2921 mala
825 2868 943 2923 haec
976 2867 1240 2924 distentio
1272 2878 1327 2924 et
1353 2884 1648 2940 pravorum
1685 2884 1908 2939 operum
1937 2884 2033 2923 va-

2217 1209 2404 1270 Εἶδον
2429 1210 2754 1279 σύμπαντα
2782 1205 2856 1261 τὰ
2883 1202 3188 1272 ποιήματα
3233 1201 3308 1255 τὰ
3345 1195 3722 1266 πεσὶοιημένα

2145 1306 2266 1363 ὑπὸ
2283 1304 2392 1359 τὸν
2420 1301 2598 1370 ἥλιον
2615 1317 2629 1332 ο
2659 1298 2758 1354 καὶ
2785 1298 2916 1352 ἰδοὺ
2945 1297 3017 1352 τὰ
3039 1293 3239 1350 πάντα
3255 1291 3588 1362 ματαιότης
3617 1289 3720 1344 και

2143 1394 2493 1463 προαίρεσις
2525 1390 2890 1458 πνεύματος.

2211 1487 2346 1556 Οὐχὶ
2376 1485 2446 1538 τὰ
2473 1481 2739 1552 γεγονότα
2765 1479 2911 1534 κατὰ
2935 1477 3037 1548 τὴν
3067 1475 3248 1532 κτίσιν
3283 1474 3390 1530 ύπδ
3421 1473 3516 1527 τοῦ
3549 1487 3724 1526 κατα-

2141 1577 2510 1638 σκευάσαντος
2525 1573 2594 1626 τὰ
2625 1572 2805 1626 πάντα
2833 1569 2977 1624 καλά
3001 1568 3144 1623 λίαν·
3173 1564 3440 1638 μηδαμῶς
3479 1565 3720 1632 οἱήσοιτο

2141 1668 2300 1725 τοῦτό
2324 1685 2428 1732 τις,
2461 1666 2568 1721 κᾶν
2592 1663 2844 1718 ὁπωσοῦν
2863 1679 2876 1692 ·
2909 1661 3112 1716 ἄτοπον
3143 1660 3254 1730 γάρ
3279 1675 3294 1690 ο
3322 1657 3462 1712 ἀλλὰ
3478 1656 3548 1709 τὰ
3567 1653 3720 1724 παρὰ

2139 1761 2250 1814 τῶν
2278 1758 2502 1828 φαύλων
2533 1757 2632 1810 καὶ
2653 1755 2910 1826 πονηρῶν
2930 1751 3236 1824 ἀνθρώπων
3259 1745 3606 1818 πεποιημένα
3625 1743 3719 1798 καὶ

2137 1855 2415 1926 δρώμενα,
2447 1851 2630 1916 καθὼς
2661 1850 2875 1920 ἔφημεν
2934 1845 3239 1919 προσεχῶς.
3267 1841 3440 1896 Τοῦτο
3476 1841 3587 1910 γὰρ
3619 1839 3720 1909 ἑμ-

2139 1946 2289 2002 πεδοῖ
2313 1945 2404 2000 διὰ
2443 1944 2547 2014 τῆς
2579 1942 2892 2004 ἀποδόσεως
2937 1938 3034 1992 τοῦ
3083 1935 3272 2010 ῥητοῦ,
3321 1934 3526 2004 φήσας,
3562 1947 3582 1982 ι
3620 1929 3719 1984 καὶ

2137 2039 2460 2111 προαίρεσις
2517 2036 2869 2104 πνεύματος,
2912 2051 2931 2084 ι
2979 2031 3102 2087 ἀντὶ
3151 2029 3248 2083 τοῦ
3305 2027 3484 2080 ταῦτα
3535 2023 3717 2077 πάντα

2137 2129 2394 2201 βούλησίς
2432 2129 2539 2181 εἱσι
2568 2129 2666 2198 τῆς
2697 2125 2902 2198 ψυχῆς,
2927 2123 3028 2194 τῆς
3059 2123 3115 2174 ἐν
3138 2123 3206 2191 τῇ
3265 2115 3716 2185 αύτεξουσιότητι

2135 2223 2236 2292 τὴν
2262 2224 2346 2290 ἐφ’
2370 2221 2608 2290 ἑκάτερα
2640 2217 2836 2290 ῥοπὴν,
2868 2215 2960 2270 ἐπί
2989 2231 3046 2268 τε
3093 2213 3156 2266 τὸ
3181 2210 3406 2280 ἀγαθὸν,
3445 2207 3537 2261 ἐπί
3569 2223 3627 2259 τε
3654 2205 3718 2256 τδ

2137 2317 2395 2386 πονηρὸν,
2453 2311 2724 2383 ἁριδήλως
2777 2307 3032 2380 ἐχούσης.
3063 2305 3281 2371 Ταύτην
3327 2301 3439 2372 γὰρ
3479 2296 3720 2366 πνεῦμα

2135 2404 2229 2462 νῦν
2252 2403 2506 2474 ὠνόμασε
2536 2399 2855 2473 προφανῶς.
2876 2399 2952 2452 Οὐ
2991 2395 3174 2450 τοίνυν
3202 2397 3234 2464 ἠ
3267 2389 3590 2463 προαίρεσις
3616 2387 3718 2456 τῆς

2134 2497 2481 2568 ἀνθρωπίνης
2513 2494 2692 2566 ψυχῆς
2715 2493 2816 2564 τὴν
2837 2491 2944 2546 τῶν
2973 2491 3145 2544 ὅντων
3164 2488 3328 2558 φύσιν
3384 2483 3714 2551 ύπέστησενο

2137 2592 2224 2644 ἵνα
2252 2607 2338 2652 τις
2369 2590 2499 2657 περὶ
2528 2589 2711 2642 αὐτῶν
2759 2585 2972 2656 οἰηθείη
3001 2585 3071 2638 τὰ
3111 2581 3383 2652 εἰρημένα
3419 2573 3670 2644 λελέχθαι
3695 2586 3712 2604 ·

2133 2681 2262 2752 περὶ
2299 2680 2356 2732 δὲ
2385 2675 2507 2733 ὅ)νὸ
2529 2680 2700 2742 πολὺς
2721 2677 3008 2749 ἄνθρωπος
3041 2673 3192 2746 παρὰ
3222 2671 3384 2742 φύσιν
3415 2663 3718 2735 κεκινημέ-

2132 2788 2221 2836 νος
2252 2770 2409 2824 εῖωθε
2435 2769 2720 2839 πράττειν.
2756 2768 2879 2820 Ὀτι
2909 2767 3017 2837 γὰρ
3040 2766 3100 2818 ού
3135 2763 3276 2818 κατὰ
3316 2759 3477 2832 φύσιν
3504 2757 3652 2810 ἐστὶν
3680 2755 3742 2822 δη

2132 2863 2372 2932 πονηρὸς
2401 2858 2785 2931 περισπασμὸς
2816 2858 2910 2912 καὶ
2939 2857 3046 2911 τῶν
3065 2854 3286 2924 φαύλων
3314 2851 3489 2924 ἔργων
3513 2847 3570 2902 αἱ
3601 2861 3710 2916 μασι
3764 2921 3770 2924 _

455 2962 653 3014 uitates
693 2961 917 3014 minime
957 2961 1262 3017 secundum
1297 2970 1550 3016 naturam
1587 2961 1716 3026 sint,
1749 2977 1876 3017 cum
1903 2961 2030 3017 olim

2138 2957 2427 3024 ταιὸτητες
2467 2955 2582 3015 τοῖς
2613 2950 2944 3020 ἀνθρώποις,
2975 2946 3186 3014 ἔδειξαν
3219 2945 3317 3000 καὶ
3356 2942 3524 2998 πάλαι
3561 2935 3712 2993 ’ποτὶ

453 3050 610 3107 inulti
656 3049 976 3108 ostendere.
1015 3052 1110 3120 qui
1161 3051 1270 3106 Deo
1297 3051 1454 3107 chari
1487 3052 1749 3105 virtutum
1783 3051 2027 3106 omnium

451 3143 739 3214 splendore
765 3143 1088 3207 nituerunt;
1123 3154 1238 3199 tum
1261 3159 1392 3199 vero
1421 3145 1458 3197 ii
1483 3158 1628 3198 nunc
1653 3142 1818 3198 etiam
1843 3142 2028 3197 decla-

453 3250 597 3299 rant,
629 3235 722 3305 qui
757 3233 1045 3290 nobiscum
1071 3234 1143 3288 ita
1171 3241 1462 3290 versantur
1507 3249 1571 3288 ac
1598 3232 1809 3297 vivunt,
1847 3243 1905 3287 ut
1934 3247 2030 3289 eo-

455 3341 574 3380 rum
611 3340 828 3404 semper
849 3319 1098 3403 vestigiis
1128 3325 1408 3382 insistant.
1430 3321 1551 3380 1am
1581 3324 1767 3380 subdit
1800 3341 1816 3379 :

2137 3049 2326 3105 πολλοὶ
2355 3050 2464 3102 τῶν
2487 3045 2976 3119 εύαρεστησάντων
2995 3043 3074 3114 τῷ
3106 3041 3226 3111 Θεῷ
3256 3043 3350 3094 καὶ
3375 3033 3714 3103 διαλαμψάνο

2135 3160 2241 3194 των
2257 3143 2374 3204 ταῖς
2411 3139 2629 3208 αἴγλαις
2658 3137 2766 3191 τῶν
2797 3136 3012 3208 ἀρετῶν
3037 3134 3266 3192 ἁπασῶν
3287 3150 3301 3166 ·
3339 3132 3434 3186 καὶ
3471 3129 3567 3183 νῦν
3590 3126 3646 3180 δὲ
3661 3123 3713 3179 oi

2136 3233 2278 3287 κατὰ
2312 3232 2547 3302 μίμησιν
2565 3229 2792 3284 ἐκείνων
2812 3227 3196 3304 πολιτεύεσθαι
3227 3225 3322 3280 καὶ
3338 3222 3492 3295 βιοῦν
3519 3223 3718 3274 ἐσπου-

2135 3326 2384 3388 δακότες.
2417 3320 2556 3378 Εἶτά
2587 3339 2778 3396 φησιν·

1974 3437 2002 3509 §
2035 3436 2177 3494 xvr.

2165 3556 2642 3626 Διεστραμμένον
2656 3556 2728 3610 οὐ
2743 3552 3071 3620 δυνήσεται
3086 3551 3194 3607 τοῦ
3213 3546 3715 3620 ἐπικοσμηθῆναιο

2129 3648 2228 3702 καὶ
2249 3649 2556 3717 ὑστέρημα
2581 3648 2652 3701 οὐ
2675 3645 3004 3710 δυνήσεται
3039 3643 3146 3698 τοῦ
3185 3639 3608 3711 ἀριθμηθῆναι.

2199 3740 2452 3794 Φυσικῶν
2486 3738 2946 3810 παραδειγμάτων
2965 3738 3098 3807 ἡμῖν
3117 3736 3326 3801 εἰσάγει
3348 3735 3447 3816 τὴν
3479 3732 3714 3792 ἔννοιαν,

2131 3833 2196 3888 δι’
2226 3825 2301 3886 ὧν
2330 3831 2610 3896 ἀποδεῖξαι
2647 3829 2899 3899 βούλεται
2925 3827 3025 3900 τὴν
3050 3828 3410 3899 ἀνθρωπίνην
3447 3823 3716 3894 πρεαίρε-

525 3559 690 3614 Vsus.
731 3558 820 3614 l5.
887 3557 1196 3613 Perversum
1245 3572 1350 3610 non
1401 3557 1595 3627 poterit
1647 3555 1926 3623 adornari,
1979 3564 2030 3610 et

451 3651 756 3706 imminutio
792 3666 894 3704 non
922 3653 1119 3720 poterit
1143 3651 1416 3706 numerari
1438 3649 1574 3719 (59).

519 3743 802 3798 Naturalia
829 3743 990 3798 nobis
1013 3743 1262 3814 exempla
1295 3741 1350 3796 in
1382 3750 1618 3797 mentem
1648 3747 1886 3805 revocat,
1915 3741 2036 3810 qui-

451 3842 556 3898 bus
589 3840 721 3896 illud
745 3841 1128 3898 demonstrare
1157 3839 1294 3903 vult,
1319 3839 1546 3894 liberam
1573 3838 1814 3894 hominis
1842 3839 2038 3892 volun-

452 3941 644 3996 tatem,
696 3945 820 4002 qute
850 3931 1016 3986 semel
1052 3947 1082 3985 a
1140 3930 1386 3985 veritatis
1435 3929 1774 3998 iustitiaeque
1833 3928 2030 3982 semita

2141 3943 2226 3978 σιν
2247 3923 2394 3989 ἅπαξ
2407 3925 2505 3995 τῆς
2527 3922 2786 3992 ἀληθείας
2803 3921 2898 3976 καὶ
2915 3922 3012 3990 τῆς
3042 3917 3388 3988 δικαιοσύνης
3403 3929 3718 3986 παρεκτρα·

450 4023 788 4079 aberraverit
834 4031 998 4093 atque
1051 4021 1356 4082 deﬂexerit,
1392 4019 1591 4088 corrigi
1632 4020 1744 4086 jam
1777 4029 1938 4089 atque
1964 4020 2031 4072 ad

2139 4013 2337 4064 πεῖσαν
2366 4014 2460 4064 καὶ
2487 4011 2956 4082 παρεκκλίνασαν,
2977 4009 3281 4080 ἀμηχανεῖν
3298 4005 3434 4076 πρὸς
3449 4005 3548 4075 τὴν
3570 4003 3720 4073 διόρ-

453 4114 738 4169 meliorem
769 4112 979 4184 frugem
1009 4114 1187 4168 redire
1213 4128 1322 4166 non
1364 4126 1547 4180 posse.
1598 4108 1734 4164 Nam
1765 4110 2030 4182 quemad-

2141 4100 2308 4156 θωσιν
2328 4105 2422 4156 καὶ
2441 4101 2743 4171 βελτίωσιν.
2773 4101 2860 4166 Ὡς
2887 4102 2994 4153 πᾶν
3013 4099 3142 4171 γὰρ,
3161 4097 3316 4170 φησὶ,
3342 4097 3402 4150 τδ
3427 4096 3718 4184 διεστραμ·

453 4199 701 4272 modum,
723 4203 927 4273 inquit,
950 4218 1072 4270 quae
1101 4201 1288 4266 arbor,
1321 4210 1418 4255 aut
1441 4197 1527 4255 res
1559 4199 1665 4254 alia
1693 4197 2030 4268 bujusmodi,

2143 4191 2304 4260 μένον
2337 4191 2434 4246 καὶ
2451 4190 2822 4259 παρεκκλίναν
2840 4191 2932 4243 ἐπὶ
2947 4189 3174 4259 θάτερον
3200 4185 3364 4256 μέρος
3396 4182 3582 4251 φυτὸν,
3603 4181 3637 4251 ἦ
3658 4197 3714 4234 τι

453 4271 688 4352 distorta
721 4271 887 4366 atque
909 4293 1016 4365 35
1047 4293 1100 4346 in
1137 4293 1417 4346 dexteram
1451 4291 1658 4347 deﬂexa
1687 4292 1758 4346 sit
1793 4302 2023 4360 partem,

2138 4285 2242 4342 τῶν
2255 4284 2654 4356 παραπλησίων
2669 4285 2730 4338 οὐ
2745 4277 2876 4354 όύνή
2884 4297 3033 4334 σεται
3046 4279 3176 4350 παρ’
3189 4275 3378 4330 ἑαυτοῦ
3395 4275 3489 4328 καὶ
3499 4271 3714 4326 οἴκοθεν

455 4390 572 4460 ipsa
632 4405 727 4459 per
785 4402 846 4442 se
873 4387 1034 4458 vique
1068 4400 1167 4440 sua
1227 4384 1476 4440 attollere
1533 4400 1613 4450 se,
1665 4399 1899 4454 eamque
1943 4383 2036 4450 in-

457 4481 628 4536 duere
675 4479 866 4550 nequit
902 4477 1157 4540 formam,
1197 4493 1360 4546 quam
1403 4489 1550 4532 recta
1587 4493 1710 4532 cum
1758 4478 1884 4532 aliis
1939 4493 2037 4546 pa-

455 4587 571 4628 rem
613 4570 893 4637 habebat;
961 4583 1142 4638 neque
1192 4570 1320 4623 item
1381 4569 1690 4624 imminutio
1760 4568 2038 4623 numerari

458 4679 698 4736 unquam
753 4670 969 4734 potest,
1039 4669 1100 4727 ut
1151 4663 1246 4732 qui
1305 4677 1566 4719 numerus
1629 4661 1815 4717 decem
1884 4669 2038 4728 erat,

456 4773 568 4814 uno
631 4756 996 4818 imminutus,
1049 4763 1104 4808 et
1169 4770 1361 4808 novem
1417 4753 1638 4820 factus,
1691 4756 1878 4810 decem
1931 4753 2040 4816 dici

455 4856 666 4942 queat;
718 4847 825 4902 nisi
859 4862 1054 4916 nempe
1082 4855 1137 4902 et
1169 4846 1535 4916 peritissimus
1573 4847 1842 4918 quispiam
1886 4846 2042 4918 plan-

458 4941 655 4997 tarum
693 4941 875 5002 cultor
925 4941 1180 4995 arborem
1246 4941 1513 4996 medendo
1562 4942 1820 5008 reducat,
1875 4951 2041 5022 atque

530 5078 578 5111 ³⁸
603 5077 764 5134 Rom.
801 5095 846 5142 ι,
871 5081 962 5135 24.
1039 5081 1084 5113 ³⁸
1121 5079 1252 5134 ibid.
1279 5079 1370 5135 28.

529 5190 644 5263 (58)
680 5207 701 5244 ι
751 5191 1101 5266 Septuaginta
1139 5196 1488 5264 interpretes,
1544 5215 1562 5248 ›
1617 5196 1794 5266 inquit
1845 5195 2057 5252 Hiero-ur

457 5277 682 5335 minus,
717 5279 874 5335 (non
905 5264 1195 5322 Hebraeum
1232 5282 1542 5321 sermonem
1579 5264 1918 5335 expressere.
1939 5267 2036 5322 sed

459 5332 684 5408 Syrum,
715 5332 958 5391 dicentes
1001 5336 1342 5408 προαὶρεσιν.
1380 5356 1398 5388 ι
1453 5332 1723 5408 Nimirum
1770 5337 2036 5392 llehraice

458 5404 732 5478 ιξιειδίριιιηιΔ
758 5414 843 5459 est
871 5404 1204 5478 nryanuou
1228 5409 1422 5476 Aquila
1444 5417 1499 5462 et
1517 5407 1824 5462 'l‘beodotio
1843 5409 2034 5478 νομὴν,

461 5473 826 5548 Symmachus
873 5473 1110 5533 reddidit
1158 5473 1452 5548 Béogqotw
1499 5493 1670 5548 quare
1702 5488 1756 5532 et
1805 5494 1834 5531 a
1869 5473 2036 5548 veteri

460 5544 778 5619 selgoliaste,
811 5557 870 5602 ut
897 5557 1090 5604 auctor
1130 5544 1216 5602 est
1245 5544 1532 5619 ﬂebilius,
1577 5549 1875 5617 explicatur
1899 5547 2040 5619 νομὴ

460 5616 686 5688 ανέμου,
713 5617 829 5673 sive
852 5619 1029 5686 pastio
1063 5619 1220 5674 venti.
1254 5615 1459 5672 Neutra
1491 5615 1671 5672 tamen
1705 5615 2034 5688 interprets;

461 5685 1219 5760 tio_admodumAﬂierouymo
1267 5688 1622 5760 probabatur.
1651 5687 1811 5744 Addit
1842 5685 1985 5743 enim
2015 5704 2029 5740 :

468 5773 486 5811 ι
531 5755 753 5812 Dicebat
800 5757 930 5814 mihi
981 5755 1262 5822 Hebraeus,
1303 5773 1414 5827 quo
1445 5759 1757 5834 Scripluias
1813 5768 2034 5814 sanctas

2138 4379 2240 4450 τὴν
2289 4375 2666 4448 ἐπανόρθωσιν
2706 4375 2888 4445 εὑρεῖν
2941 4372 3036 4425 καὶ
3084 4369 3184 4441 τὴν
3227 4366 3565 4437 κοσμιότητα
3612 4363 3714 4431 τὴν

2141 4470 2228 4524 ἐπ’
2262 4469 2478 4532 εὐθείας
2523 4471 2639 4533 τοῖς
2701 4466 2884 4529 ἄλλοις
2942 4461 3357 4532 θεωρουμένην·
3425 4455 3550 4510 οὔτε
3612 4455 3718 4523 μὴν

2143 4562 2432 4633 ὑστέρημα
2463 4561 2756 4633 δυνήσεται
2787 4558 2880 4614 τοῦ
2902 4557 3026 4630 ἁριθ
3037 4555 3300 4627 μηθῆναυ
3324 4551 3418 4604 τοῦ
3445 4551 3557 4621 γὰρ
3574 4548 3722 4620 ἀριθ-

2145 4654 2249 4727 μοῦ
2271 4655 2380 4708 τῶν
2409 4655 2545 4707 δέκα
2587 4653 2871 4716 λείποντος
2900 4653 3016 4714 sva;
3047 4649 3248 4714 αὐτῶν,
3272 4646 3393 4700 καθ’
3421 4643 3613 4697 ἑαυτὸν
3629 4641 3720 4694 τὸν

2143 4747 2360 4802 ἔννατον
2393 4746 2628 4818 ἀριθμὸν
2652 4747 2752 4816 οὐχ
2778 4741 2890 4797 οἷόν
2909 4744 2968 4796 τὲ
2998 4744 3116 4796 ἐστι
3157 4739 3344 4794 καλεῖν
3377 4735 3601 4788 δέκατον
3621 4747 3634 4760 ·
3670 4732 3720 4784 εί

2147 4843 2219 4914 μή
2248 4857 2330 4904 τις
2367 4836 2940 4910 ὲπιστημονικὼτατος
2969 4833 3274 4906 φυτοκόμος
3308 4831 3405 4882 καὶ
3445 4828 3505 4881 τὸ
3552 4823 3720 4894 φυτόν

2111 4935 2482 5001 ,ιάνθελκύσει,
2511 4936 2602 4988 καὶ
2634 4931 2771 5003 πρὸς
2817 4932 2918 5002 τὴν
2968 4929 3184 4998 ίθυτενῆ
3219 4925 3410 4979 στάσιν
3456 4921 3552 4975 καὶ
3592 4919 3720 4974 θέαν

2145 5191 2461 5246 instituente
2495 5187 2721 5260 perlegi,
2761 5185 2908 5260 quod
2963 5180 3400 5260 suprascriptum
3445 5184 3724 5260 mayer-

2143 5261 2274 5317 hum
2325 5247 2512 5332 magis.
2539 5259 2594 5314 in
2637 5247 2740 5314 b'oc
2781 5247 2921 5332 'loco
2958 5247 3298 5332 amictioueut
3339 5258 3392 5304 et
3435 5247 3721 5332 malitiam,

2145 5346 2307 5400 quam
2340 5324 2639 5399 paitioneut
2671 5339 2726 5384 et
2757 5324 3083 5400 voluntatem
3119 5324 3500 5400 significaret;
3546 5331 3724 5400 notua

2145 5387 2286 5455 malo
2321 5387 2464 5469 quod
2493 5409 2575 5455 est
2610 5399 2948 5469 contrarium
2975 5387 3356 5469 ἐίσκω-ξοάρῇ
3379 5407 3466 5452 eo,
3498 5387 3643 5458 quod
3670 5387 3728 5438 in

2145 5463 2438 5540 Evangelio
2459 5471 2720 5525 scribitur
2751 5490 2762 5524 :
2806 5468 3014 5540 Sufﬁcit
3039 5467 3144 5520 diei
3172 5463 3384 5520 malitia
3408 5477 3528 5540 sua:
3562 5470 3728 5540 quam

2147 5525 2751 5666 fragcilsiguififautius
2777 5525 3084 5608 κακουχίαν
3141 5541 3358 5588 vocant.
3401 5551 3420 5584 ι
3458 5528 3548 5595 (In
3573 5525 3728 5582 Com.

2171 5629 2204 5666 ιι
2283 5627 2337 5666 cc
2365 5653 2379 5666 .
2406 5628 2456 5666 c.
2487 5629 2523 5666 ι.

2145 5617 2204 5668 iu
2237 5611 2379 5668 Eccl.
2406 5611 2456 5668 ὸ.
2487 5629 2523 5666 l.

2217 5614 2638 5754 οὗ
2669 5681 2962 5750 δυνήσεται
2980 5677 3074 5732 τοῦ
3094 5673 3466 5746 κοσμηθῆναι.
3493 5667 3730 5744 Nyssml.

2141 5757 2344 5818 ourittit
2380 5753 2492 5809 τοῦ.
