4076 6284
486 319 592 384 795

1595 319 1655 384 S-
1703 317 2082 386 GREGOBII
2121 317 2630 378 AGRIGENTINI

3628 319 3737 386 796

491 432 801 487 hendercm.
838 427 1000 484 Hisce
1051 427 1308 484 omnibus
1351 434 1642 498 postquam
1676 427 1886 497 potitus
1917 442 2060 496 sum.

2172 443 2270 481 σαν
2303 427 2618 499 ἐπιστήμην
2681 430 2920 498 συσχεῐν.
2977 430 3194 486 Τούτων
3241 430 3500 486 ἀπάντων
3541 433 3736 506 ἐπειδὴ

492 524 826 590 ultimusque
875 519 1130 574 humanae
1181 516 1454 580 felicitatis
1505 518 1659 588 attigi
1709 519 1886 585 ﬁnes;
1945 527 2059 573 tum

487 627 619 668 vero
665 611 964 666 humanam
1012 609 1188 678 magis
1238 607 1406 664 vitam
1457 611 1884 666 commiseratus
1914 624 2058 670 sum.

489 719 612 774 quae
639 704 846 758 nullam
879 701 1106 758 omnino
1149 698 1443 756 utilitatem
1467 715 1533 754 ex
1569 699 1654 756 his
1688 700 1946 759 omnibus
1971 715 2061 756 re.

495 796 637 851 ferre
687 793 882 864 possit.
924 790 1042 858 Qua
1081 791 1302 848 demum
1353 792 1426 850 de
1464 791 1692 854 causa?
1741 792 2060 862 PrOpterea,

493 885 689 956 inquit,
718 881 864 954 quod
905 883 1017 936 hoc
1067 881 1232 938 etiam
1279 888 1365 936 est
1405 880 1756 951 praesumptio
1791 878 2058 950 spiritus;

489 985 748 1044 tanquam
801 974 850 1030 si
901 972 1112 1029 diceret
1167 989 1180 1026 :
1259 973 1443 1027 Animi
1512 972 1734 1042 quidem
1827 970 2064 1027 volentis

474 1061 771 1133 negotium
834 1061 953 1118 haec
997 1069 1133 1116 sunt
1198 1061 1419 1128 omnia;
1483 1076 1608 1118 nam
1663 1061 1909 1118 animum
1973 1059 2063 1116 hic

489 1168 707 1222 quoque
754 1151 982 1222 spiritus
1027 1153 1388 1220 appellatione
1450 1152 1800 1224 designavit:
1857 1159 1915 1206 at
1975 1150 2063 1208 ni-

489 1247 568 1304 ltil
597 1246 844 1318 profecto
886 1247 953 1306 ad
1003 1247 1353 1304 commodum
1403 1246 1747 1314 salutemque
1783 1243 1952 1300 animi
1977 1244 2063 1323 iis

491 1348 740 1409 prosunt,
787 1339 880 1408 qni
913 1339 1093 1394 minus
1121 1327 1192 1394 de
1219 1339 1446 1398 virtutis
1486 1338 1777 1408 adeptione
1805 1335 2063 1390 laboran-

493 1441 594 1496 tes,
623 1445 788 1486 omue
823 1432 873 1484 in
903 1447 969 1490 eo
1005 1431 1248 1486 studium
1301 1439 1536 1504 ponunt,
1582 1437 1643 1484 ut
1686 1426 1888 1499 populo
1938 1427 2062 1496 pla-

489 1531 670 1590 ceant,
703 1523 964 1594 inanique
984 1523 1158 1594 gloria
1183 1523 1306 1576 e’ati
1335 1531 1391 1578 et
1406 1520 1606 1578 fastum
1627 1528 1815 1576 amant
1835 1517 2065 1590 et'plau—

491 1630 588 1670 sus
629 1616 912 1670 hominum
943 1624 1310 1684 aucupentur.
1352 1617 1529 1686 Atque
1550 1613 1683 1669 illud
1705 1612 1866 1668 etiam
1907 1625 2064 1667 acce-

491 1705 570 1760 dit
596 1705 950 1769 incommodi,
995 1717 1054 1758 ut
1093 1705 1186 1774 qui
1215 1705 1290 1760 ob
1320 1705 1564 1760 animum
1628 1703 1697 1758 ab
1740 1701 2062 1772 intelligibi-

2163 520 2376 590 πλήρης
2405 519 2626 589 γέγονα,
2653 521 2747 576 καὶ
2776 521 2917 594 πρὸς
2951 521 3049 592 τὴν
3063 525 3378 593 ἀκροτάτην
3415 525 3474 576 ἐν
3515 524 3735 593 ἀνθρώ-

2161 631 2284 678 ποις
2335 609 2498 684 ἦλθον
2533 612 2823 685 εὐετηρίαν
2845 629 2860 644 ο
2891 613 3016 669 τότε
3052 615 3260 684 μᾶλλον
3301 618 3596 678 ὲταλάνισα
3629 616 3735 688 τὴν

2160 704 2507 776 ἀνθρωπίνην
2530 703 2698 776 ζῶὴν,
2737 703 2813 768 ὡς
2847 703 3014 776 μηδὲν
3031 705 3340 764 ἀπόνασθαι
3365 707 3571 762 τούτων
3591 707 3732 762 πάν-

2159 813 2268 850 των
2284 795 2592 866 δυναμένην
2614 793 2674 848 τὸ
2705 793 2946 850 σύνολον.
2988 795 3053 850 Τί
3077 796 3142 868 δή
3177 815 3344 864 me;
3381 799 3548 863 Διότι,
3571 796 3732 868 φησι,

2161 885 2334 955 καίγε
2357 883 2518 940 τοῦτό
2542 887 2660 940 ἐστι
2698 884 3021 957 προαίρεσις
3057 887 3393 959 πνεύματος.
3423 889 3572 946 ’Δντὶ
3609 887 3730 950 τοῦ,

2159 977 2396 1048 ψυχικῆς
2415 977 2512 1046 μὲν
2529 975 2840 1049 βουλήσεως
2859 976 3021 1050 ἔργον
3039 977 3212 1034 ταῦτα
3232 980 3409 1036 πάντα
3432 980 3732 1049 πεφύκασι.

2162 1067 2386 1137 Πνεῦμα
2415 1067 2524 1137 γὰρ
2562 1065 2844 1122 κάνταῦθα
2895 1067 2994 1135 τὴν
3040 1067 3219 1140 ψυχὴν
3255 1071 3729 1142 προσηγόρευσεν.

2162 1161 2238 1214 Οὐ
2275 1159 2458 1230 μέντοι
2494 1159 2525 1211 δ
2591 1157 2730 1229 πρὸς
2758 1157 2858 1230 τὴν
2879 1158 3156 1228 ὠφέλειαν
3185 1161 3282 1216 καὶ
3321 1161 3600 1234 σωτηρίαν
3629 1161 3733 1232 τῆς

2161 1251 2340 1322 ψυχῆς
2393 1248 2708 1304 συντελοῦσι
2741 1253 2860 1314 τοῖς
2895 1250 2973 1322 μὴ
3028 1251 3156 1322 περὶ
3187 1251 3387 1306 πολλοῦ
3415 1252 3514 1323 τὴν
3538 1253 3734 1324 κτῆσιν

2161 1344 2262 1414 τῆς
2284 1343 2484 1414 ἀρετῆς
2513 1341 2857 1414 τιθεμένοις,
2896 1342 3034 1398 ἀλλά
3083 1342 3221 1413 πρὸς
3273 1343 3440 1414 μόνην
3473 1342 3736 1415 ἀνθρωπ-

2161 1436 2455 1504 αρέσκειαν
2495 1434 2590 1487 καὶ¹
2618 1434 2716 1505 τὴν
2749 1433 3018 1502 φυσίωσιν
3057 1435 3158 1504 τῆς
3184 1435 3352 1506 κενῆς
3387 1432 3582 1505 δόξης,
3635 1435 3738 1488 καὶ

2162 1526 2301 1596 πρὸς
2325 1525 2417 1579 τὸν
2457 1524 2630 1596 τύφον
2671 1525 2768 1580 καὶ
2797 1526 2890 1582 τὸν
2933 1525 3276 1596 ἀνθρώπινον
3329 1525 3736 1583 ἀποϐλέπουσιν

2162 1619 2404 1674 ἔπαινον.
2427 1618 2571 1690 Πρὸς
2589 1618 2646 1672 δὲ
2670 1619 2750 1689 τῷ
2783 1619 2950 1690 μηδὲν
2973 1619 3280 1674 ἀπόνασθαι
3323 1619 3430 1674 τῶν
3473 1617 3736 1673 τοιούτων

2162 1712 2290 1774 τοὺς
2311 1708 2580 1781 μηδαμῶς
2612 1709 2836 1780 ἔχοντας
2866 1708 2992 1763 νοῦν
3029 1709 3168 1781 πρὸς
3213 1708 3312 1780 τὴν
3364 1706 3476 1762 τῶν
3523 1706 3736 1778 νοητῶν

491 1795 623 1850 lium
687 1796 953 1850 bonorum
1011 1796 1324 1868 cognitione
1381 1797 1622 1850 alienum
1677 1795 1883 1850 trullam
1933 1793 2060 1848 inde

2162 1775 2811 1869 ἀγαθῶν-ἀνατεινόμενον
2851 1775 3182 1866 ἐφεσινίκαὶ
3210 1775 3617 1870 πέριπὸνησιν,
3636 1795 3739 1850 καὶ

377 1877 385 1896 ⁸
492 1888 783 1943 utilitatem
820 1889 1064 1956 capiunt,
1119 1887 1284 1943 iidem
1347 1888 1403 1942 in
1437 1887 1524 1942 bis
1572 1885 1822 1956 occupati
1857 1884 2058 1940 delati-

489 1977 761 2048 gationem
789 1989 1048 2048 praetcrea
1084 1986 1138 2034 et
1165 1979 1412 2034 laborum
1434 1977 1711 2033 molestias
1737 1987 1902 2047 atque
1931 1977 2058 2031 inu-

489 2072 609 2126 tiles
627 2085 847 2142 quoque
867 2070 1078 2140 vigilias
1102 2085 1378 2140 vanasque
1399 2083 1564 2126 curas
1585 2069 1775 2126 subire
1802 2069 2050 2126 debeant.

487 2163 602 2218 lloc
635 2177 870 2232 namque
901 2162 969 2218 iis
1007 2161 1329 2225 conﬁrmat,
1363 2175 1486 2232 quae
1535 2161 1788 2236 protinus
1847 2160 2052 2222 subne-

485 2256 603 2310 ctit.

2164 1891 2356 1954 κόπον,
2391 1891 2488 1944 καὶ
2525 1891 2688 1944 πόνον
2725 1891 2836 1954 τοῖς
2862 1891 2993 1960 περὶ
3041 1889 3111 1944 τὰ
3148 1888 3374 1944 τοιαῦτα
3405 1885 3737 1957 σχολάζουσι

2163 1983 2440 2053 πεφύκασι
2483 1980 2782 2053 προξενεῖν,
2815 1981 2912 2034 καὶ
2963 1980 3228 2054 περιττὰς
3273 1979 3590 2050 ἀγρυπνίας
3633 1979 3738 2031 καὶ

2165 2072 2400 2144 ματαίας
2423 2069 2728 2142 φροντίδας.
2760 2069 2932 2124 Τοῦτο
2953 2071 3063 2142 γὰρ
3099 2069 3448 2143 παρεμπεδοῑ
3486 2067 3574 2126 διὰ
3621 2067 3736 2124 τῶν

2161 2163 2385 2235 aptam;
2417 2161 2778 2232 ἐπαγομένων
2801 2177 2814 2192 ο

1979 2339 2014 2412 §
2037 2337 2225 2396 xvin.

555 2485 658 2554 37
686 2481 856 2538 Vens.
887 2482 981 2537 18.
1006 2483 1222 2548 (Μαίη
1240 2481 1581 2535 multitudine
1609 2481 1880 2550 sapientia:
1899 2478 2081 2534 mulli-

486 2575 614 2630 tndo
665 2575 1006 2644 cognitionis,
1039 2583 1088 2628 ct
1122 2575 1216 2643 qui
1254 2573 1469 2642 apponit
1495 2575 1777 2627 scientiam
1839 2571 2054 2642 apponit

483 2663 721 2718 dolorem
748 2662 884 2733 (62).

554 2755 766 2820 Quibus
792 2753 1083 2809 manifesto
1101 2753 1366 2818 declarat,
1402 2761 1668 2822 quantum
1686 2753 1812 2824 quis
1835 2753 2053 2824 sapien-

489 2847 574 2898 ιῑιιι
603 2843 824 2898 modum
871 2859 1284 2915 supergressus,
1321 2843 1563 2897 animum
1597 2859 1756 2898 suum
1798 2843 2052 2902 uberiore

486 2937 735 2992 doctrina
763 2937 1138 3006 compleverit,
1169 2945 1380 2990 tantum
1412 2935 1543 2990 huic
1584 2935 1928 3006 atgritudinis
1957 2949 2052 2990 ac-

487 3041 769 3082 cessurum
789 3038 844 3082 et
872 3027 1184 3090 anxietatis,
1202 3035 1366 3094 atque
1389 3041 1672 3090 curarum,
1689 3025 2059 3080 utsublimior

2229 2474 2356 2528 "On
2377 2474 2447 2526 ἐν
2475 2471 2690 2540 πλήθει
2713 2472 2937 2540 σοφίας
2973 2470 3208 2540 πλῆθος
3235 2473 3542 2542 γνώσεως,
3565 2457 3664 2529 καί
3699 2477 3740 2530 ό

2151 2563 2498 2633 προστιθείς
2523 2561 2750 2632 γνῶσιν
2773 2563 3177 2631 προστίθησιν
3199 2563 3459 2632 ἄλγημα.

2220 2747 2451 2810 Astva;
2483 2746 2764 2816 ἐμφανῶς,
2793 2747 2869 2811 ὡς
2901 2746 3024 2800 καθ’
3055 2738 3182 2800 ὅσον
3235 2748 3302 2802 ἀν
3351 2765 3436 2810 τις
3493 2748 3736 2820 ὑπεραρ-

2159 2837 2277 2908 θείη
2296 2838 2398 2908 τῆς
2421 2837 2612 2906 σοφίας
2653 2839 2770 2900 τοῖς
2817 2838 3060 2909 μέτροις,
3105 2841 3201 2896 καῗι
3242 2839 3320 2908 τῷ
3375 2839 3574 2908 πλήθει
3618 2841 3723 2906 τῆς

2179 2929 2454 2999 γνώσεως,
2487 2928 2980 3002 ὲνδαψιλευομένην
3008 2929 3120 2994 ἕξει
3139 2929 3237 3000 τὴν
3260 2929 3456 2984 ἑαυτοῦ
3483 2929 3736 3000 καρδίαν,

2163 3019 2305 3077 κατὰ
2331 3019 2588 3076 τοσοῦτον
2606 3023 2720 3084 τοῖς
2739 3019 3052 3092 ἀλγήμασιν
3081 3021 3254 3091 αὐτὴν
3284 3021 3600 3091 περιϐάλλει
3625 3020 3736 3074 τῶν

488 3135 602 3176 rem
647 3118 970 3190 sapientiam
1024 3119 1398 3187 majoremque
1453 3133 1637 3172 rerum
1692 3118 2058 3190 cognitionem

2166 3111 2462 3184 φροντίδων
2496 3112 2590 3165 καὶ
2627 3111 2908 3183 μερίμνων
2930 3113 3026 3182 τῆς
3056 3113 3396 3184 ὑψηλοτέρας
3422 3113 3519 3168 καὶ
3553 3111 3740 3182 μείζο-

487 3222 835 3279 εςεοαιιειιιγ.
875 3209 1011 3263 Nam
1041 3209 1435 3270 animadverte,
1455 3223 1666 3278 quaeso,
1695 3224 1803 3278 qua
1831 3210 1944 3264 haec
1976 3225 2064 3266 ra-

489 3305 634 3356 tione
670 3301 1026 3358 Ecclesiastes
1051 3309 1308 3370 exponat.
1341 3301 1482 3367 Quo,
1514 3301 1712 3369 inquit,
1734 3311 1893 3370 pacto
1919 3299 2064 3360 mul-

487 3391 776 3453 titudinem
828 3389 1113 3460 sapientia:
1165 3389 1458 3444 multitudo
1528 3390 1860 3461 cognitionis
1930 3406 2062 3446 con-

489 3482 774 3552 sequitur,
831 3482 1023 3538 eodem
1085 3481 1328 3536 scientiae
1393 3481 1825 3538 additamentum
1909 3480 2062 3536 addi-

491 3577 567 3632 tio
623 3576 874 3632 dolorum
951 3589 1093 3646 pone
1145 3576 1460 3630 comitatur.
1515 3574 1698 3642 Quare
1771 3585 2058 3630 externam

491 3670 638 3724 illam
734 3677 794 3722 et
861 3667 1194 3737 superﬂuam
1268 3667 1564 3724 multarum
1645 3666 2061 3736 disciplinarum

489 3765 776 3822 scientiam
839 3765 1078 3825 sectati,
1158 3773 1448 3832 postquam
1545 3776 1664 3817 eam
1697 3801 1713 3826 ,
1782 3774 1902 3830 quae
1961 3774 2064 3814 an-

489 3873 626 3913 nexa
681 3865 786 3922 est.
816 3857 1115 3915 humanam
1167 3855 1272 3912 sibi
1317 3853 1642 3922 sapientiam
1687 3861 1741 3908 et
1791 3865 2060 3908 summam

489 3963 674 4010 rerum
698 3947 1070 4018 cognitionem
1103 3946 1304 4016 vigiliis
1331 3953 1388 4000 et
1413 3943 1698 4003 laboribus
1715 3950 2061 4012 pepererunt,

491 4053 600 4091 non
630 4037 791 4092 modo
821 4036 1086 4092 diuturno
1141 4035 1180 4091 ii
1211 4035 1398 4092 studio
1439 4034 1813 4092 necessarium
1845 4031 1979 4088 nihil
2012 4039 2066 4090 et

492 4127 647 4190 utile,
679 4127 909 4198 vitasque
959 4135 1175 4182 aeterna:
1227 4127 1372 4180 viam
1425 4127 1682 4182 muniens
1715 4127 1933 4182 auferre
1969 4143 2062 4183 so-

490 4220 624 4282 lent,
655 4221 746 4276 sed
769 4220 1020 4276 dolorum
1041 4219 1207 4274 etiam
1230 4234 1484 4290 magnam
1504 4219 1614 4275 sibi
1641 4235 1838 4276 rursus
1860 4220 2061 4275 factam

490 4313 862 4368 accessionem
910 4327 1031 4368 esse
1054 4309 1314 4368 sentiunt.
1349 4310 1576 4378 Quando
1606 4311 1734 4368 illud
1765 4311 1984 4374 melius.
2015 4313 2060 4368 si

386 4455 390 4460 .
492 4421 614 4468 nos.
646 4405 732 4460 his
760 4404 1016 4460 omnibus
1061 4404 1244 4462 valere
1286 4403 1479 4474 jussis.
1527 4403 1580 4458 in
1613 4402 1926 4460 Conditoris
1957 4420 2062 4460 no-

2161 3219 2252 3265 νος
2271 3204 2460 3268 σοφίας
2501 3203 2597 3257 καὶ
2626 3200 2906 3270 γνώσεως.
2941 3203 3084 3272 Ὅρα
3109 3203 3219 3276 γὰρ
3245 3203 3350 3274 τὴν
3397 3202 3741 3272 συλλογιστι-

2162 3293 2264 3366 κὴν
2293 3293 2547 3348 ἀπόδοσιν
2601 3292 2700 3347 τοῦ
2765 3294 3220 3364 Ἐκκλησιαστοῦ.
3279 3295 3424 3359 Πῶς,
3481 3291 3742 3364 φησὶ,τῷ

2163 3385 2358 3456 πλήθει
2385 3386 2484 3455 τῆς
2509 3385 2704 3454 σοφίας
2726 3385 3020 3442 ἀκολουθεῖ
3031 3385 3094 3440 τὸ
3117 3385 3323 3454 πλῆθος
3341 3386 3442 3454 τῆς
3459 3384 3741 3454 γνώσεως,

2164 3479 2258 3534 καὶ
2295 3480 2360 3548 τῇ
2387 3463 2685 3550 προσθήκῃ
2708 3477 2809 3546 τῆς
2840 3477 3098 3546 γνώσεως
3125 3479 3158 3548 ἡ
3193 3477 3480 3550 προσθήκη
3509 3478 3616 3530 τῶν
3645 3476 3742 3530 ἀλ-

2162 3570 2428 3642 γημάτων
2457 3569 2922 3642 συμπαρομαρτεῖ
2938 3567 3086 3626 tta/ra
3121 3568 3183 3632 τὸ
3215 3568 3547 3626 ἀκόλουθον·
3596 3569 3742 3623 ὥστε

2163 3661 2300 3731 πρὸς
2321 3661 2382 3715 τὸ
2416 3661 2582 3732 μηδὲν
2621 3664 2922 3730 ἀναγκαῖον
2945 3661 3044 3718 καὶ
3079 3661 3362 3725 λυσιτελὲς
3395 3663 3490 3716 καὶ
3529 3661 3735 3733 πρόξε-

2163 3767 2252 3804 νον
2274 3753 2375 3822 τῆς
2402 3750 2622 3807 αἰωνίου
2657 3749 2808 3822 ζωῆς
2833 3753 2897 3808 ὲκ
2925 3751 3027 3822 τῆς
3060 3752 3386 3823 ἀναλήψεως
3419 3753 3528 3806 τῶν
3573 3753 3744 3822 θύρα-

2164 3845 2256 3906 θεν
2281 3842 2492 3898 πολλῶν
2513 3844 2614 3900 οιαὶ
2647 3844 2925 3914 περιττῶν
2955 3843 3326 3916 μαθημάτων,
3374 3845 3468 3904 καὶ
3515 3845 3616 3914 τῆς
3677 3845 3744 3896 ὲν

2163 3933 2494 4010 ἀγρυπνίαις
2531 3934 2626 3994 καὶ
2673 3935 2862 3997 κόποις
2888 3934 3325 4006 προσγινομένης
3389 3933 3744 4005 ἀνθρωπίνης

2165 4024 2362 4094 σοφίας
2381 4025 2480 4081 καὶ
2505 4027 2762 4094 γνώσεως
2787 4024 3098 4096 ἀκροτάτης
3127 4025 3440 4084 ἀκολουθεῖν
3465 4028 3578 4089 τοῖς
3610 4043 3676 4077 πε
3683 4026 3743 4095 pi.

2162 4113 2232 4167 τὰ
2267 4113 2496 4168 τοιαῦτα
2547 4113 2669 4167 λίαν
2708 4114 3122 4178 ἐσπουδακόσιν,
3152 4113 3388 4184 ἔμπαλιν
3415 4113 3512 4166 καὶ
3543 4116 3574 4183 ἡ
3610 4114 3738 4166 ὲπί-

2163 4221 2316 4268 τασις
2341 4203 2633 4275 συμϐαίνει
2655 4204 2765 4262 τῶν
2793 4205 3128 4278 ἀλγημάτων
3151 4223 3166 4238 ·
3199 4205 3336 4265 δέον.
3362 4203 3582 4267 τούτοις
3599 4205 3738 4258 πᾶσι

2163 4295 2377 4366 χαίρειν
2393 4295 2670 4362 εἰπόντας,
2689 4297 3044 4368 διαγρυπνεῐν
3061 4299 3120 4350 ὲν
3135 4295 3431 4367 ὑμνῳδίαις
3447 4295 3542 4348 καὶ
3563 4311 3737 4366 προσ-

2163 4389 2350 4458 ευχαϊς
2384 4388 2480 4441 καὶ
2505 4389 2724 4459 δεήσεσι
2763 4391 2883 4454 ταῖς
2907 4387 3040 4458 πρὸς
3064 4387 3158 4441 τὸν
3185 4389 3316 4441 ίδιον
3359 4381 3598 4457 Ποιητὴν
3639 4387 3739 4440 καὶ

493 4498 590 4554 stri
619 4507 673 4551 et
707 4495 799 4550 Dei
835 4505 888 4550 et
919 4497 1133 4550 Domini
1164 4494 1443 4560 laudibus,
1475 4497 1528 4550 in
1551 4497 1836 4566 precibus,
1877 4497 1932 4552 in
1960 4499 2058 4552 ob—

2327 4477 2425 4532 καὶ
2441 4453 2764 4547 Δεσπότηνο
2799 4480 2896 4534 καὶ
2933 4453 3146 4542 τούτοις
3199 4453 3577 4550 ἐγκαρτερεῖν,
3616 4479 3743 4532 τού-

493 4585 898 4643 secrationibus
929 4587 1178 4657 occupati
1211 4587 1425 4656 vigilias
1449 4589 1712 4658 agamus!
1738 4585 1795 4642 Si
1827 4589 1943 4643 haec
1968 4603 2060 4643 co-

494 4683 630 4746 lere,
659 4679 747 4736 his
781 4693 1002 4750 operam
1031 4679 1162 4734 dare
1209 4679 1542 4750 incipiamus
1571 4699 1585 4734 :
1622 4689 1788 4750 atque
1823 4695 1920 4750 per
1946 4681 2062 4736 haec

492 4774 740 4830 animum
777 4787 841 4828 ac
885 4780 1122 4826 mentem
1158 4772 1225 4826 ad
1271 4771 1880 4838 incomprehensibilem
1911 4771 2058 4825 illam

495 4867 695 4920 divinat
727 4863 1030 4934 maiestatis
1055 4862 1398 4918 altitudinem
1449 4862 1780 4927 attollentes,
1817 4861 1872 4914 in
1916 4861 2058 4930 ejus.

493 4957 589 5025 qui
613 4955 798 5028 gloria:
823 4955 916 5010 Sol
940 4963 1041 5020 est,
1063 4954 1471 5024 pulchritudine
1498 4953 1690 5009 oculos
1719 4952 2016 5022 deligamus
2043 4971 2056 5006 :

493 5059 557 5096 ea
589 5051 650 5098 ut
674 5043 795 5099 luce
831 5039 1038 5110 perfusi
1068 5057 1134 5098 ac
1169 5042 1326 5100 ditati
1355 5051 1411 5098 et
1442 5043 1588 5114 quod
1636 5041 1778 5098 intra
1803 5041 1856 5096 in
1883 5041 2062 5096 homi-

496 5150 564 5187 ne
586 5142 640 5186 et
665 5133 810 5200 quod
845 5142 998 5188 extra
1035 5142 1138 5198 est,
1171 5133 1443 5189 illustrare
1464 5133 1762 5202 possimus.
1790 5133 2062 5188 cmlestia-

495 5239 624 5291 que,
653 5231 916 5294 quantum
969 5223 1082 5278 ﬁeri
1133 5230 1332 5294 potest,
1383 5223 1773 5280 meditantibus
1826 5231 2064 5278 contem-

496 5316 888 5387 plantibusque
913 5331 1115 5372 arcana
1142 5315 1250 5370 l‘rui
1282 5317 1476 5387 gloria,
1518 5325 1571 5371 et
1611 5317 1870 5372 inell‘abili
1904 5317 2064 5388 plane

496 5409 790 5480 i‘ivinoque
821 5410 1020 5480 gaudio
1053 5409 1312 5480 compleri
1360 5409 1536 5464 liceat.
1577 5409 1801 5465 Minime
1825 5409 1936 5479 jam
1961 5409 2064 5463 erit

498 5501 869 5566 metuentium,
906 5517 972 5556 ne
1010 5517 1173 5571 opera
1218 5500 1371 5555 vanis
1420 5501 1472 5553 in
1515 5501 1678 5556 rebus
1722 5501 1922 5572 posita,
1965 5515 2064 5554 nos

575 5721 686 5799 (ϐξ)
718 5723 821 5777 Sed
851 5721 991 5776 ιΧΧ
1024 5724 1221 5778 habent
1245 5722 1541 5792 προσθήσει
1566 5720 1810 5790 ἄλγημα.

2159 4585 2273 4634 τοις
2300 4569 2608 4641 σχολάζειν,
2641 4569 2730 4622 διὰ
2759 4571 2872 4628 τῶν
2915 4571 3177 4624 τοιούτων
3205 4569 3447 4639 ἀνυψοῦν
3473 4569 3573 4638 τὴν
3598 4586 3744 4639 καρ-

2159 4659 2278 4715 δίαν
2300 4661 2502 4714 καὶτὸν
2518 4659 2644 4714 νοῦν
2665 4661 2800 4731 πρὸς
2821 4660 2882 4714 τὺ
2909 4663 3292 4732 ἀκατάληπτον
3311 4659 3441 4730 ὕψος
3470 4661 3568 4728 τῆς
3589 4659 3742 4718 θείας

2165 4750 2581 4822 μεγαλωσύνης,
2611 4753 2707 4806 καὶ⁷
2745 4751 2823 4820 τῷ
2856 4751 3044 4804 κάλλει
3071 4751 3165 4806 τοῦ
3219 4752 3406 4806 Ἡλίου
3436 4751 3536 4820 τῆς
3580 4749 3741 4818 δόξης

2163 4841 2595 4911 προσατενίζειν,
2623 4844 2720 4896 καὶ
2735 4845 2855 4905 ταῖς
2878 4843 3096 4896 ἐκεῖθεν
3125 4842 3378 4912 μεθέξεσι
3414 4843 3512 4894 καὶ
3546 4856 3742 4911 μετου-

2164 4931 2304 4993 σίαις
2337 4931 2899 5003 καταλαμπρύνεσθαι
2925 4935 3021 4988 καὶ
3047 4934 3140 4996 τὸν
3161 4935 3312 4998 ἐντὸς
3343 4933 3551 4988 καὶτὸν
3579 4931 3739 4994 ἐκτὸς

2161 5023 2468 5093 ἄνθρωπον,
2507 5025 2604 5079 καὶ
2640 5026 2740 5095 τῆς
2783 5025 3024 5097 ἀρῤήτου
3082 5025 3243 5093 δόξης
3292 5024 3647 5095 κατατρυφᾷν
3677 5023 3737 5075 ὲν

2159 5115 2282 5176 ταῖς
2311 5114 2453 5168 κατὰ
2483 5115 2544 5168 τὸ
2571 5115 2795 5172 δυνατὸν
2822 5115 2960 5185 πρὸς
2993 5114 3164 5184 αὐτὴν
3195 5114 3452 5185 θεωρίαις
3479 5117 3575 5170 καὶ
3597 5130 3737 5183 φαν-

2159 5202 2396 5268 τασίαις,
2428 5207 2522 5257 καὶ
2548 5203 2889 5275 πληροῦσθαι
2907 5203 3006 5275 τῆς
3037 5205 3207 5268 ὅντως
3237 5204 3609 5274 ἀνεκλαλήτου
3637 5205 3738 5257 καὶ

2163 5295 2310 5360 θείας
2343 5297 2716 5366 ἀγαλλιάσεως
2740 5315 2754 5328 ·
2782 5297 2870 5352 ἵνα
2901 5297 2979 5368 μὴ
3000 5295 3080 5367 τῷ
3121 5295 3526 5368 Ἑκκλησιαςτῇ
3556 5312 3733 5366 παρα-

2164 5388 2408 5457 πλησίως
2430 5391 2543 5452 τοῖς
2565 5389 2908 5460 ἀσυμφόροις
2941 5388 3316 5459 σχολάζοντες,
3340 5389 3421 5451 είς
3449 5387 3735 5454 κατάγνω-

2167 5497 2248 5535 σιν
2273 5481 2518 5552 ελθωμεν
2577 5481 2770 5552 μικρὸν
2801 5481 3030 5551 ὕστερον
3057 5483 3162 5551 τῆς
3195 5482 3456 5551 ἀνονήτου
3513 5477 3736 5551 σχολῆς,
