4076 6284
403 347 511 420 823

1548 353 1606 416 S.
1635 357 2017 422 GREGORII.
2069 358 2582 421 AGRIGENTINI

3478 355 3689 422 ’824

405 461 664 526 ισοοιιισ,
696 459 750 513 In
788 461 998 530 peccati
1031 460 1264 532 caligine
1293 464 1548 520 insanit?-
1571 467 1864 524 Enimvero
1904 486 1994 526 sa-

2106 472 2400 543 Ξμαρτίαςς
2429 473 2568 536 Τοὺς
2589 450 2881 536 ’τοιούτους
2902 469 2998 527 οὖν
3025 469 3326 542 λογισμοὺς
3365 468 3461 523 καὶ
3489 469 3687 537 λόγους

407 553 566 620 pirus
602 551 1001 616 Ecclesiastes.
1052 569 1165 624 quo
1213 559 1488 614 maturius
1537 560 1990 619 ratiocinationes

405 661 596 705 eorum
652 661 1056 718 sermonesque
1117 649 1397 708 inhiberet
1455 663 1621 723 alque
1677 655 1987 722 refelleret,

407 751 571 806 quos,
611 747 674 797 ut
719 738 838 810 ipse
872 739 928 798 in
961 751 1138 804 semet
1168 743 1464 810 expressit,
1508 745 1636 799 talia
1668 747 1993 816 opinaturos

411 829 653 897 videbat,
685 831 849 887 verba
902 832 994 890 illa
1043 845 1424 903 usurpantes:
1468 853 1488 886 ι
1525 822 1752 894 Et-dixi
1797 851 1899 907 ego
1935 838 1990 892 in

409 919 576 974 corde
601 934 756 976 meo:
783 919 941 976 Sicut
961 930 1192 978 eventus
1215 923 1368 978 stulti
1401 923 1476 978 ita
1499 933 1555 978 et
1577 925 1710 979 mihi
1740 927 1990 982 eveniet:

408 1018 464 1068 et
502 1017 564 1068 ut
608 1011 740 1082 quid
791 1013 1012 1082 sapiens
1063 1012 1244 1070 factus
1294 1028 1418 1070 sum
1458 1029 1558 1084 ego
1585 1015 1610 1070 ‘2
1639 1033 1659 1066 ›
1723 1016 1888 1072 simul
1933 1023 2011 1080 ut

409 1111 598 1171 aperte
629 1103 968 1169 ostenderet,
1008 1119 1068 1159 se
1118 1115 1312 1159 contra
1346 1103 1432 1160 fas
1477 1121 1544 1162 ac
1579 1115 1785 1161 temere
1833 1107 1994 1164 locu-

411 1201 550 1261 tum,
587 1193 791 1264 adjecit
824 1195 1082 1265 protinus
1113 1211 1128 1248 :
1159 1215 1180 1248 ι
1215 1194 1372 1252 Tunc
1402 1197 1748 1253 abundanter
1775 1199 1994 1255 locutus

412 1299 536 1346 sum
575 1301 679 1355 ego
725 1287 780 1342 in
811 1288 977 1342 corde
1008 1303 1152 1342 meo.
1191 1306 1211 1339 ι
1249 1286 1427 1354 Tunc,
1474 1289 1694 1360 inquit;
1741 1291 1996 1360 quando-

411 1377 580 1439 nam?
600 1377 682 1432 Eo
708 1393 905 1449 nempe
939 1387 1206 1449 tempore,
1232 1394 1344 1450 quo
1380 1379 1518 1435 tales
1546 1379 1601 1435 in
1631 1381 1996 1450 cogitationes

411 1469 657 1537 devenit,
693 1471 944 1527 interiori
991 1485 1250 1532 sermone
1290 1471 1588 1542 superﬂua,
1619 1488 1780 1536 vana,
1825 1489 1858 1529 a
1901 1489 1996 1530 ve.

413 1563 581 1620 ritate
611 1565 794 1620 aliena
838 1580 1026 1621 secum
1073 1567 1192 1636 ipse
1225 1565 1524 1622 meditatus
1555 1575 1721 1638 atque
1752 1567 1993 1624 locutus.

412 1651 481 1710 Et
510 1669 622 1724 quo
661 1654 982 1724 hujusmodi
1026 1655 1394 1726 cogitationes
1434 1657 1714 1728 insignius
1757 1666 1991 1721 notaret,

2094 565 2546 637 προαναστέλλων
2572 565 2668 618 καὶ
2687 562 3188 636 προανασκευάζων
3207 564 3236 618 6
3256 565 3423 634 σοφὸς
3454 559 3687 632 Ἐκκλη-

2095 659 2324 732 σιαστὴς
2379 657 2441 722 ἐξ
2489 657 2656 712 αὑτοῦ
2704 655 3000 729 προσώπου
3039 656 3148 710 τῶν
3185 654 3255 710 τά
3292 651 3521 708 τοιαῦτα
3554 653 3688 723 με).-

2092 747 2294 803 λόντων
2327 746 2737 818 ὑπολαμϐάνειν
2783 746 2879 800 καὶ
2914 745 3096 815 λέγειν
3125 735 3142 777 έ
3181 763 3200 798 ι
3245 744 3355 798 Καὶ
3381 738 3538 797 εἶπον
3571 741 3684 812 ἐγὼ

2093 839 2152 892 ὲν
2178 839 2375 912 καρδίᾳ
2422 855 2550 910 μου,
2595 839 2683 903 Ὠς
2713 838 3036 908 συνάντημα
3063 835 3158 890 τοῦ
3205 834 3464 905 ἄφρονος,
3493 835 3588 889 καί
3617 851 3685 905 ys

2095 931 2220 1001 ἐμοὶ
2251 931 2704 1001 ,συναντήσεταιο
2745 928 2843 983 καὶ
2871 928 2962 984 ίνα
2991 927 3046 982 τί
3089 927 3436 997 ἑσοφισάμην
3478 926 3619 995 ιγὼς
3656 946 3678 981 s

2095 1021 2192 1075 καὶ
2231 1020 2446 1083 δεικνὺς
2486 1019 2757 1092 ἐναργῶς,
2795 1018 2870 1083 ὡς
2897 1017 3104 1083 ἀδίκως
3129 1017 3233 1089 ἔφη
3261 1017 3424 1073 τοῦτο
3455 1016 3550 1071 καὶ
3576 1034 3686 1070 πα-

2099 1112 2368 1184 ραλόγως,
2389 1111 2612 1183 ἀμέσως
2643 1113 2914 1183 ἐπήγαγε·
2943 1127 2964 1162 ι
2987 1110 3122 1164 Τότε
3153 1108 3416 1182 περισσὸν
3445 1107 3686 1180 ἐλάλησα

2095 1199 2208 1270 ἐγὼ
2239 1203 2299 1258 ὲν
2339 1201 2537 1272 καρδίᾳ
2573 1216 2701 1272 μου.
2741 1219 2760 1254 ι
2791 1199 2950 1266 Τότε,
2975 1200 3138 1266 πότε;
3165 1197 3422 1271 Δηλονότι
3461 1198 3583 1251 καθ’
3621 1197 3684 1252 ὃν

2098 1290 2292 1362 καιρὸν
2312 1291 2391 1353 είς
2415 1289 2515 1354 τὰς
2538 1287 2794 1353 τοιαύτας
2816 1283 2950 1360 ἦλθε
2975 1282 3382 1360 διενθυμήσεις,
3402 1287 3482 1358 τῷ
3504 1285 3684 1340 ἐνδια-

2097 1381 2238 1453 θέτῳ
2279 1381 2424 1452 λόγῳ
2475 1380 2545 1434 τὰ
2603 1379 2838 1452 περιττὰ
2885 1379 2980 1434 καὶ
3034 1379 3261 1450 μάταια,
3288 1377 3385 1432 καὶ
3412 1377 3684 1448 μηδεμίαν

2097 1474 2360 1544 ἀληθείας
2419 1472 2614 1545 ἔχοντα
2645 1471 2876 1544 δύναμιν
2922 1469 3256 1542 ἐνθυμηθεὶς
3295 1469 3394 1524 καὶ
3420 1467 3681 1540 λαλήσας.

2111 1565 2612 1636 Ἐκφαντικώτερον
2639 1563 2696 1618 δὲ
2718 1562 2820 1618 καθ
2830 1563 2991 1616 ιστῶν
3014 1561 3106 1616 τδν
3127 1561 3295 1632 ψόγον
3309 1559 3418 1614 τῶν
3431 1558 3688 1614 τοιούτων

2100 1657 2528 1730 ἐνθυμημάτων,
2559 1655 2784 1727 ἀμέσως
2820 1656 3072 1726 ἐπήγαγε
3093 1669 3106 1685 ’
3150 1671 3170 1706 ι
3209 1653 3357 1707 Διότι
3387 1651 3578 1724 ἄφρων
3620 1653 3688 1706 ὲκ

414 1744 651 1814 subjecit
679 1746 866 1800 statim
899 1763 914 1798 :
951 1764 971 1798 ι
1009 1745 1279 1813 Quoniam
1315 1747 1518 1804 stultus
1555 1763 1622 1803 ex
1657 1748 1996 1805 abundantia

2106 1747 2536 1822 περισσεύματος
2565 1746 2756 1802 λαλεῖ·
2783 1747 2876 1801 καί
2907 1763 2972 1817 γε
2997 1744 3159 1800 τοῦτο
3189 1745 3512 1816 ματαιότης.
3555 1759 3574 1794 ι

413 1833 693 1902 loquitur;
735 1843 791 1890 et
826 1836 933 1892 hoc
961 1834 1092 1891 item
1125 1836 1342 1892 vanitas
1374 1835 1512 1909 (84).
1546 1855 1566 1888 ›

484 1924 545 1980 Si
579 1940 711 1998 ergo
739 1927 970 1984 stultum
1000 1943 1126 1986 esse
1155 1929 1502 1999 pronuntiat,
1531 1928 1628 2000 qui
1651 1928 1782 1984 talia
1812 1929 1997 1984 animo

2169 1929 2234 1983 Εἰ
2264 1927 2448 1983 τοίνυν
2487 1927 2702 2000 ἄφρονα
2741 1926 2835 1982 τὸν
2885 1924 3322 1997 διενθυμηθέντα
3355 1921 3426 1976 τά
3458 1919 3689 1976 τοιαῦτα

411 2017 618 2083 volvat,
654 2025 712 2074 et
749 2019 1048 2076 vanitatem
1084 2029 1244 2076 vocat
1285 2019 1395 2091 56
1441 2020 1795 2076 temerarium
1830 2020 1997 2076 istum

2106 2019 2524 2092 προσαγορεύει,
2571 2019 2668 2074 καὶ
2713 2019 3053 2090 ματαιότητα
3097 2017 3257 2071 καλεῖ
3290 2016 3388 2087 τὴν
3421 2016 3528 2068 τῶν
3560 2031 3691 2085 νοη-

412 2111 777 2181 cogitatarum
831 2128 1017 2169 rerum
1068 2122 1304 2180 motum,
1366 2114 1542 2185 liquet
1593 2113 1731 2184 jam,
1764 2129 1832 2172 co
1883 2115 2000 2172 hinc

2106 2112 2302 2168 θέντων
2331 2113 2646 2184 παράλογον
2673 2111 2910 2182 κίνησιν,
2937 2108 3226 2182 πρόδηλον,
3253 2107 3330 2172 ὡς
3355 2121 3688 2180 προανασει-

413 2203 602 2267 animo
633 2204 704 2259 ab
735 2219 802 2261 eo
847 2207 1086 2277 prolata,
1123 2213 1182 2260 ut
1207 2208 1460 2278 vulgares
1507 2206 1632 2262 illas
1673 2217 1729 2262 et
1775 2207 1999 2264 insanas

2106 2203 2286 2276 ράζων
2323 2203 2432 2258 τῶν
2485 2202 2695 2257 πολλῶν
2737 2203 2831 2258 καὶ
2884 2200 3120 2274 χυδαίων
3163 2201 3259 2254 καὶ
3311 2198 3691 2271 παραπλήγων
3765 2190 3776 2198 ’

415 2295 809 2366 plerarumque
854 2297 1139 2352 hominum
1179 2297 1569 2352 altercationes
1601 2303 1999 2367 compesceret.

2108 2293 2414 2365 ἀνθρώπων
2442 2295 2543 2358 τὰς
2575 2294 2927 2366 ἀντιρρήσεις
2958 2292 3134 2348 ταῦτα
3161 2293 3414 2360 προεῖπε.
3457 2288 3689 2346 Πιστοῦ-

417 2383 932 2458 lnterpretationem
990 2404 1122 2445 vero
1183 2397 1431 2444 nostram
1495 2389 1566 2444 iis
1619 2387 1818 2455 etiam,
1881 2403 2003 2460 quae

2109 2403 2198 2440 ται
2246 2387 2306 2441 δὲ
2351 2387 2455 2441 κάν
2501 2388 2616 2451 τοῖς
2646 2387 2868 2458 ἀμέσως
2929 2384 3218 2454 ἑπομένοις
3262 2383 3364 2456 τὴν
3413 2380 3691 2454 ἡμετέραν

361 2537 367 2543 ,
417 2480 670 2560 proxime
695 2491 1023 2556 sequuntur,
1055 2480 1370 2548 conﬁrmat,
1401 2495 1530 2536 cum
1565 2477 1747 2542 dicat:

2111 2479 2342 2551 ἐκδοχὴν
2369 2478 2512 2533 οὕτω
2533 2479 2727 2548 φάσκω
2741 2495 2791 2549 ν,
2865 2485 2874 2489 ’

1971 2593 1999 2665 §
2031 2591 2143 2648 VII.

247 2703 254 2711 ’
364 2667 380 2770 ξ
489 2705 657 2762 Vsus.
697 2705 787 2762 i6.
827 2708 970 2774 Quia
999 2725 1103 2763 non
1147 2719 1226 2764 est
1276 2709 1532 2764 memoria
1586 2667 1844 2780 sapientis
1886 2725 2007 2763 cum

418 2794 582 2857 stulto
617 2797 670 2848 in
709 2805 986 2866 (sternam,
1037 2814 1096 2852 eo
1151 2801 1292 2870 quod
1333 2799 1492 2881 jam,
1553 2799 1734 2854 diebus
1773 2815 2009 2868 superve-

422 2886 722 2952 nientibus;
751 2888 932 2942 omnia
973 2889 1166 2946 oblivio
1210 2892 1415 2960 operuit
1443 2907 1462 2946 :
1491 2901 1542 2946 et
1587 2893 1848 2963 quomodo
1897 2909 2009 2947 mo-

423 2981 594 3038 rietur
621 2980 832 3050 sapiens
863 2996 983 3036 cum
1019 2981 1188 3036 stulto
1220 2982 1374 3052 (85)?

2179 2710 2308 2764 Ὅτι
2333 2711 2446 2764 οὐκ
2468 2710 2599 2785 ἔστι
2615 2709 2826 2780 μνήμη
2851 2709 2960 2766 τοῦ
2981 2708 3182 2779 σοφοῦ
3198 2706 3350 2778 μετὰ
3377 2705 3481 2761 τοῦ
3506 2703 3686 2774 ἄφρο-

2103 2821 2212 2872 νος
2239 2807 2327 2870 εις
2365 2804 2474 2858 τὸν
2504 2803 2710 2863 αἰῶνα.
2740 2804 2944 2858 καθότι
2968 2801 3087 2872 ἤδη
3120 2801 3251 2868 ταῖς
3280 2799 3523 2871 ἡμέραις
3557 2795 3683 2863 ταῖς

2105 2895 2534 2965 ἐπερχομέναις
2554 2895 2626 2948 τὰ
2645 2894 2842 2950 πάντα
2866 2894 3180 2960 susino-0n
3205 2909 3218 2922 ο
3250 2893 3349 2947 καὶ
3383 2888 3510 2958 πῶς
3536 2889 3686 2944 ἀπο-

2106 2986 2371 3044 θανεῖται
2409 2989 2444 3040 ὀ
2471 2985 2664 3054 σοφὸς
2687 2985 2841 3055 μετὰ
2870 2984 2980 3040 τοῦ
3015 2984 3312 3054 ἄφρονος-ξ

495 3071 623 3124 Haec
651 3071 798 3129 enim
836 3071 893 3126 in
924 3071 1112 3128 verbis
1146 3072 1421 3128 sententia
1450 3072 1586 3128 latet
1613 3091 1628 3129 :
1661 3071 1807 3129 Bene
1835 3087 2005 3144 appo-

2177 3079 2481 3148 Movovouxi.
2529 3078 2638 3148 γάρ
2679 3092 2848 3147 φησι·
2905 3075 3103 3142 Καλῶς
3155 3077 3252 3131 καὶ
3302 3075 3694 3148 προσηκόντως

423 3160 642 3242 siteque
700 3159 813 3214 dixi
849 3177 864 3214 :
905 3178 924 3212 ι
963 3159 1238 3226 Quoniatn
1295 3161 1500 3217 stultus
1553 3177 1621 3216 ex
1668 3161 2005 3218 abundantia

2106 3165 2278 3224 εἷτιον⁹
2307 3189 2326 3222 ι
2363 3169 2508 3224 Διότι
2538 3170 2728 3242 ἄφρων
2751 3170 2817 3222 ἐκ
2831 3169 3269 3240 περισσεύματος
3299 3167 3472 3230 λαλεῖ.
3494 3169 3576 3221 ὅτι
3600 3165 3694 3219 καί

425 3241 694 3319 loquitur,
725 3258 781 3304 et
807 3248 915 3305 hoc
942 3250 1072 3304 item
1107 3251 1354 3318 vanitas;
1399 3269 1418 3304 ι
1459 3261 1665 3308 temere
1703 3251 1850 3307 enim
1891 3267 2010 3308 om-

424 3340 556 3396 nino
607 3351 772 3412 atque
823 3341 1152 3418 insipienter
1204 3343 1259 3398 in
1311 3343 1582 3419 ejusmodi
1644 3345 2008 3416 cogitationes

425 3430 560 3500 abit,
597 3429 768 3488 falsas
791 3442 846 3487 et
877 3431 1170 3498 absurdae,
1193 3441 1257 3488 ut
1287 3449 1458 3490 unum
1490 3434 1857 3506 eumdemque
1886 3451 2010 3492 esse

427 3533 640 3578 statuat
668 3524 934 3594 sapientis
965 3531 1020 3580 et
1049 3525 1204 3580 stulti
1237 3534 1524 3583 eventum.
1546 3527 1844 3599 Sapientis
1875 3543 2009 3585 sane

427 3615 696 3674 memoria
737 3631 864 3672 cum
903 3617 1047 3688 apud
1078 3617 1320 3688 aequales
1346 3619 1472 3689 jure
1499 3620 1741 3690 quodam
1791 3621 2010 3678 virtutis

425 3705 810 3777 bonorumque
861 3708 1172 3764 studiorum
1223 3709 1445 3780 proprio
1498 3710 1838 3768 immortalis
1887 3721 2006 3778 est,

424 3805 540 3858 tum
572 3813 702 3854 vero
737 3807 995 3855 aitet-nam
1042 3800 1188 3867 apud
1231 3810 1482 3870 posteros
1528 3801 1774 3857 nominis
1838 3803 2012 3860 clari-

427 3897 592 3946 tatem
627 3890 810 3946 habet.
840 3890 976 3948 Nam
1009 3911 1027 3940 σ
1052 3891 1315 3950 Memoria
1342 3893 1480 3962 justi
1513 3907 1641 3948 cum
1667 3893 1947 3961 laudibus,
1984 3911 2004 3947 ι

429 3979 828 4050 sapientissimi
862 3981 1074 4037 oraculi
1109 3981 1316 4038 dictum
1347 3990 1428 4041 est
1461 3981 1614 4056 (86);
1675 3993 1736 4039 ut
1765 3985 1899 4040 illud
1932 3985 2011 4041 al-

432 4081 608 4125 terum
647 4089 660 4126 :
697 4089 716 4123 ι
753 4069 898 4128 Justi
934 4073 988 4127 in
1023 4083 1293 4129 atternum
1327 4074 1540 4139 vivunt,
1573 4083 1630 4130 et
1673 4076 1726 4130 in
1775 4075 2010 4132 Domino

428 4174 642 4218 merces
696 4177 887 4218 eorum
921 4162 1004 4233 ἰς
1041 4183 1060 4217 ι
1114 4165 1243 4220 item
1299 4165 1432 4220 illud
1484 4155 1498 4221 ὲ
1557 4185 1576 4220 ι
1635 4165 1694 4221 lu
1743 4169 2010 4226 memoria

427 4263 632 4320 adorna
663 4255 768 4310 erit
789 4254 977 4326 justus
1001 4257 1079 4323 ³⁸;
1117 4277 1135 4310 ι
1172 4267 1226 4312 et
1251 4257 1354 4314 hoc
1386 4274 1609 4330 quoque
1643 4278 1657 4314 :
1691 4279 1710 4316 ι
1743 4260 1928 4315 Gloria
1956 4269 2012 4316 et

426 4345 634 4403 divitiae
668 4349 724 4403 in
756 4350 924 4420 dqmo
973 4351 1127 4418 ejus',
1184 4360 1239 4404 et
1275 4351 1493 4421 justitia
1549 4351 1672 4422 ejus
1719 4361 1906 4407 manet
1953 4352 2008 4415 in

430 4440 695 4495 sreculum
730 4441 920 4498 saeculi
947 4441 1025 4508 ³⁶;
1069 4459 1086 4492 ι
1123 4441 1255 4498 item
1290 4443 1396 4498 hoc
1429 4461 1444 4498 :
1477 4461 1496 4496 ‹
1529 4443 1821 4514 Dispersit,
1860 4444 2010 4503 dedit

2109 3279 2173 3331 ys
2200 3261 2358 3316 τοῦτο
2386 3261 2687 3332 ματαιότης
2711 3277 2724 3291 ·
2754 3280 2774 3312 ι
2806 3261 2884 3332 τῷ
2911 3260 3024 3313 ὄντι
3045 3259 3155 3329 γὰρ
3181 3259 3361 3328 μάτην
3385 3259 3482 3311 καὶ
3512 3273 3692 3328 παρα·

2110 3356 2321 3423 φρόνως
2351 3349 2484 3425 ἦ).οε
2525 3352 2664 3424 πρὸς
2699 3353 2800 3414 τὰς
2828 3351 3086 3412 τοιαύτας
3120 3348 3450 3419 ἐνθυμήσεις
3473 3345 3691 3417 ψευδεῖς

2109 3444 2205 3498 καὶ
2227 3431 2581 3512 ’παραλόγους
2611 3442 2712 3504 τὰς
2741 3439 3025 3509 λεγούσας,
3044 3437 3122 3502 ὡς
3147 3437 3208 3490 ἓν
3246 3439 3363 3490 ἔστι
3388 3433 3485 3488 τοῦ
3521 3433 3690 3502 σοφοῦ

2108 3535 2171 3589 τὸ
2205 3535 2521 3606 συνάντημα
2555 3536 2652 3588 καὶ
2678 3533 2772 3586 τοῦ
2794 3532 3048 3603 ἄφρονος.
3075 3529 3184 3585 Καὶ
3211 3527 3368 3601 μὴνὴ
3397 3525 3494 3580 τοῦ
3520 3525 3691 3596 σοφοῦ

2113 3629 2303 3700 μνήμη
2346 3627 2438 3680 διὰ
2471 3627 2580 3680 τῶν
2611 3625 3046 3698 προτερημάτων
3083 3622 3181 3692 τῆς
3210 3621 3416 3693 ἀρετῆς
3445 3621 3542 3674 καὶ
3583 3617 3693 3672 τῶν

2111 3718 2331 3787 ἀγαθῶν
2363 3716 2818 3788 σπουδασμάτων,
2856 3715 2950 3769 ἐπί
2976 3731 3036 3766 τε
3067 3715 3183 3777 τοῖς
3205 3711 3288 3782 ἐφ’
3320 3711 3454 3782 ἡμῖν
3486 3707 3694 3764 ἀθάνα-

2108 3809 2202 3872 τός
2253 3811 2404 3874 ὲστι,
2461 3808 2554 3862 καὶ
2620 3806 3034 3872 διαιωνίζουσαν
3093 3804 3212 3875 ἔχει
3263 3803 3364 3874 τὴν
3417 3799 3692 3855 εΰκλειαν.

2115 3917 2136 3950 ι
2192 3899 2402 3975 Μνήμῃ
2461 3899 2570 3968 γὰρ
2627 3897 2840 3952 δικαίου
2901 3896 3020 3967 μετ’
3097 3893 3380 3964 ὲγκωμίου
3407 3931 3425 3957 ,
3479 3909 3500 3944 ι
3558 3889 3696 3960 φησί

2110 4008 2214 4044 που
2243 3991 2304 4044 τὸ
2336 3991 2648 4062 σοφώτατον
2689 3990 2904 4060 λόγιονο
2945 3986 3041 4042 καὶ
3078 3986 3276 4039 πάλινο
3321 4002 3341 4036 ι
3373 3984 3585 4036 Δίκαιοι
3615 3983 3696 4044 είς

2109 4083 2201 4138 τὸν
2223 4083 2396 4138 αίῶνα
2417 4083 2574 4147 ζῶσι,
2605 4082 2703 4136 καὶ
2735 4083 2793 4134 ὲν
2822 4079 3012 4151 Κυρίῳ
3032 4078 3062 4130 6
3084 4076 3278 4148 μισθὸς
3298 4073 3480 4128 αὐτῶν
3502 4088 3517 4104 ’
3545 4090 3564 4124 ι
3597 4073 3694 4126 καὶ

2115 4175 2278 4230 πάλιν
2309 4190 2323 4204 ·
2368 4192 2388 4226 ι
2429 4175 2526 4238 Et;
2564 4173 2912 4244 μνημόσυνον
2936 4169 3156 4223 αίὼνιον
3202 4165 3356 4220 ἐσται
3381 4163 3622 4241 δίκαιοςο
3667 4181 3685 4214 ι

2111 4266 2206 4320 καὶ
2237 4265 2418 4332 πάλιν,
2455 4284 2475 4318 ι
2503 4264 2642 4331 Δόξα
2667 4263 2764 4317 καί⁵
2791 4261 3020 4324 πλοῦτος
3049 4262 3109 4313 ὲν
3133 4259 3212 4330 τῷ
3234 4259 3372 4329 οίκῳ
3393 4253 3581 4321 αὑτοῦ,
3601 4255 3693 4310 καὶ

2109 4358 2142 4429 ή
2174 4355 2492 4428 δικαιοσύνη
2506 4353 2673 4410 αὐτοῦ
2702 4353 2855 4426 μένει
2881 4355 2964 4417 είς
2978 4351 3072 4406 τὸν
3092 4351 3270 4406 αἰῶνα
3286 4349 3382 4404 τοῦ
3408 4349 3606 4412 αίῶνος
3624 4364 3639 4380 ο
3667 4366 3688 4401 ι

2112 4445 2209 4500 καὶ
2229 4444 2412 4510 πάλιν,
2450 4463 2471 4496 ι
2530 4443 2891 4514 Ἐσκόρπισεν
2909 4481 2927 4507 ,
2965 4441 3134 4496 ἔδωκε
3155 4443 3270 4505 τοῖς
3292 4438 3548 4511 πένησιν,
3565 4437 3601 4509 ή
3616 4437 3697 4494 διο

430 4532 793 4602 paupcribus,
827 4533 1050 4604 justitia
1090 4533 1209 4606 ejus
1240 4546 1425 4592 manet
1465 4537 1518 4591 iu
1553 4538 1817 4593 saeculum
1843 4538 1910 4592 ³⁷.
1949 4556 1969 4591 ›

2111 4537 2371 4611 καιοσύνη
2394 4537 2561 4593 αὕτοῦ
2594 4537 2748 4610 μένει
2776 4536 2858 4600 είς
2890 4534 2984 4588 τὸν
3020 4532 3216 4589 αίῶνα.
3241 4551 3264 4586 ι

534 4744 582 4776 ³⁸
621 4745 754 4813 Sap.
793 4759 849 4812 v,
897 4745 981 4802 16.
1096 4745 1142 4778 ³⁵
1179 4743 1324 4800 Psal.
1368 4759 1457 4800 cst
1488 4785 1505 4811 .
1541 4747 1599 4806 7.

500 4865 616 4937 (84)
647 4863 817 4937 Multa
843 4862 1032 4937 multis
1058 4863 1114 4918 in
1146 4861 1285 4937 locis
1318 4863 1388 4918 ab
1415 4861 2004 4937 Ecctesiasteprol'crri

429 4931 764 5006 ex'persona
794 4934 1090 5006 hominum
1129 4931 1493 5006 perditorum,
1525 4932 1619 5006 qui
1653 4931 1790 4986 nihil
1827 4934 1894 4986 de
1922 4933 2008 4989 l'u-

433 5001 556 5060 tura
585 5005 693 5060 vita
735 5005 1006 5066 laborant,
1048 5001 1296 5072 apposite
1341 5002 1637 5057 admodum
1677 5010 1732 5055 et
1778 5017 2010 5072 magnus

431 5075 729 5145 Gregorius
746 5073 1042 5145 adnotavit
1069 5070 1461 5145 {cujusverba
1486 5073 1670 5145 semel
1685 5070 2015 5145 ascripsisse

333 5172 338 5178 -
433 5141 580 5200 haud
620 5143 814 5198 inutile
847 5142 1010 5197 fuerit
1046 5159 1060 5196 :
1099 5161 1120 5194 ι
1155 5141 1255 5196 Hic
1285 5143 1456 5210 igitur
1495 5142 1634 5196 liber
1659 5142 1885 5208 idcirco,
1928 5145 2013 5198 in-

433 5215 576 5285 quit,
598 5212 970 5285 Concionator
991 5213 1210 5277 dicitur.
1235 5214 1365 5285 quia
1395 5212 1652 5266 Salomon
1682 5212 1738 5267 in
1765 5231 1832 5266 eo
1856 5213 2014 5285 quasi

434 5283 822 5341 tumultuantis
858 5285 1031 5338 turba:
1058 5283 1303 5353 suscepit
1341 5297 1593 5344 sensum,
1621 5291 1681 5336 ut
1709 5297 1772 5337 ea
1802 5298 1898 5353 per
1925 5283 2010 5337 in-

434 5298 822 5341 tumultuanus
858 5298 1031 5338 turos:
1058 5298 1303 5407 suscepit
1341 5298 1593 5344 sensum,
1621 5298 1681 5336 ut
1709 5298 1772 5337 ea
1802 5298 1898 5353 per
1925 5299 2009 5337 m-

431 5355 792 5429 quisitionem
845 5353 1013 5418 dicat,
1035 5368 1206 5429 _qtta3_
1245 5361 1459 5410 ortasse
1509 5367 1604 5422 per
1649 5355 2009 5429 tentationem

432 5422 687 5504 imperita
705 5439 874 5504 mens
906 5425 1129 5480 sentiat.
1161 5422 1298 5504 Nam
1347 5431 1483 5504 quot
1509 5422 1819 5504 sententias
1854 5424 2012 5492 quasi

431 5493 533 5569 per
567 5496 981 5569 inquisitionem
1006 5503 1218 5569 movet,
1247 5493 1424 5569 quasi
1445 5502 1526 5548 tot
1557 5493 1614 5548 in
1647 5508 1706 5548 se
1748 5507 2012 5569 personas

431 5563 778 5625 diversorum
812 5567 1062 5636 suscipit.
1116 5564 1220 5620 Sed
1270 5563 1630 5636 concionator
1665 5577 1830 5618 verax
1865 5566 2013 5636 velut

433 5648 662 5694 extensa
694 5653 857 5692 manu
886 5633 1134 5692 omnium
1172 5637 1440 5690 tumultus
1475 5633 1659 5704 sedat,
1709 5648 1915 5704 eosque
1941 5633 2010 5704 ad

435 5723 606 5763 unam
658 5708 984 5763 sententiam
1022 5712 1265 5768 revocat.
1311 5720 1437 5760 cum
1487 5705 1541 5760 in
1593 5703 1842 5773 ejusdem
1885 5703 2009 5759 libri

433 5778 671 5844 termino
703 5777 820 5838 ait:
851 5775 1038 5838 Finem
1069 5777 1316 5854 loquendi
1355 5791 1533 5833 omnes
1570 5774 1775 5848 pariter
1812 5774 2010 5828 audia-

1727 4745 1774 4776 “
1813 4743 1942 4798 ibid.
1983 4745 2038 4800 '5.

2150 4743 2194 4778 ³’
2234 4744 2368 4801 ibid.
2407 4745 2462 4800 9.

2116 4881 2230 4920 mus
2260 4880 2280 4920 :
2314 4863 2486 4919 Deum
2517 4864 2665 4930 time,
2697 4871 2746 4918 et
2775 4861 3032 4930 mandata
3067 4857 3184 4930 ejus
3217 4854 3456 4930 observa,
3489 4856 3589 4912 hoc
3612 4869 3696 4930 est

2115 4937 2255 4991 enim
2285 4936 2455 4990 omnis
2485 4925 2661 4988 homo.
2697 4933 2756 4988 Si
2804 4931 2950 4988 enim
2999 4929 3054 4984 in
3091 4925 3232 4982 libro
3259 4925 3453 4982 eodem
3488 4941 3588 4996 per
3612 4927 3698 4983 lo-

2115 5007 2392 5062 cutionem
2422 5018 2581 5060 suam
2607 5003 2904 5058 multorum
2928 5012 3196 5070 personas
3221 5011 3329 5052 non
3357 5008 3695 5070 susceperat,

2117 5092 2216 5133 cur
2261 5075 2330 5132 ad
2371 5073 2704 5130 audiendum
2749 5067 3012 5141 loquendi
3055 5067 3446 5141 linem‘secum
3491 5067 3700 5141 pariter

2119 5162 2312 5224 omnes
2346 5143 2716 5224 admonebat}
2745 5136 2850 5212 Qui
2901 5139 3175 5224 igiturﬂin
3221 5136 3345 5224 line,
3379 5137 3504 5224 libri
3539 5137 3696 5222 dicit.

2123 5216 2316 5290 Omnes
2345 5217 2550 5290 pariter
2587 5207 2898 5279 audiamus,
2926 5207 3048 5281 ipse
3076 5207 3174 5290 tibi
3220 5207 3378 5263 testis
3419 5215 3528 5290 est,
3569 5210 3698 5290 quia

2119 5289 2176 5342 in
2211 5303 2273 5344 se
2307 5279 2606 5342 multorum
2642 5279 3502 5355 personasjnscipiens,.quasi
3547 5279 3700 5335 solus

2118 5358 2334 5415 locutus
2366 5371 2476 5412 non
2514 5364 2618 5411 est.
2645 5348 2674 5408 ἰ
2710 5356 2729 5416 ί
2747 5353 2888 5408 Dial.
2923 5353 3020 5406 lib.
3059 5348 3133 5409 tv.
3168 5364 3219 5403 c.
3250 5348 3332 5416 4.)

2188 5430 2303 5499 (85)
2336 5425 2682 5499 Legesapud
2714 5417 2888 5499 LXX.
2921 5420 3114 5477 καθότι
3145 5418 3247 5492 ήδη
3284 5417 3343 5472 ai
3377 5418 3584 5492 ἡμέραι
3606 5419 3700 5493 ἐρ.

2113 5493 2438 5570 χόμεναι-τᾶ
2460 5493 2638 5550 πάντα
2657 5493 3050 5570 aulico-qu...

2185 5537 3062 5641 ῑᾱιῖ·ρ;;;;ζέ;;ῑ·’.;;··ιῑ.ῖιῑ,ιει
3081 5559 3245 5641 in
3281 5561 3547 5641 ..ιτερυμηι
3590 5571 3694 5641 ρ...

2113 5631 2396 5760 ἱιιίὰῚῑίι).
2429 5653 2470 5704 t,
2507 5634 2535 5708 ς
2571 5634 2606 5691 6
2643 5631 3052 5700 annotavitnus,
3081 5633 3289 5704 Μνήμη
3324 5631 3552 5688 δικαίων
3577 5631 3698 5704 μετ’

2143 5725 2306 5760 γκωυ.
2329 5723 2426 5760 ων.

2112 5709 2426 5780 ιγκωμίων.
