4076 6284
277 337 397 402 825

278 542 622 612 Προφήτηςο
665 559 684 592 ι
749 543 858 596 Καὶ
913 543 996 597 ἔτι
1053 545 1258 614 ὀλίγον,
1297 548 1392 600 καὶ
1449 546 1526 620 μὴ
1573 548 1806 620 ὑπάρξει
1855 552 1885 604 6

279 633 330 686 ἁ
373 631 634 701 αρτωλὸς,
667 635 758 687 καὶ
784 633 1046 706 ζητήσεις
1066 636 1164 691 τὸν
1185 637 1350 692 τόπον
1374 639 1564 706 αὑτοῦ,
1590 641 1684 694 καὶ
1708 643 1772 696 ὀὐ
1806 641 1884 716 μὴ

277 723 496 795 εΰίιης-
545 743 566 776 s
594 723 689 778 καὶ
722 725 907 788 πάλιν.
958 747 1003 780 .s
1043 726 1198 784 Εἶδον
1238 730 1330 784 τὸν
1351 731 1524 804 ἀσεϐῆ
1571 733 1884 806 ὑπεροψού-

283 833 456 886 μενον
485 817 582 871 καὶ
617 819 984 889 ἐπαιρόμενον
1013 821 1090 884 ὡς
1119 823 1216 888 τὰς
1238 823 1466 895 κέδρους
1493 825 1589 879 τοῦ
1607 825 1843 882 Λιϐάνου
1863 845 1878 860 ο

281 910 386 961 καὶ
431 907 735 980 παρῆλθον,
770 911 865 963 καὶ
897 911 1006 965 ἰδοὺ
1037 913 1140 966 οὐκ
1159 907 1256 984 ἦν’
1292 913 1390 969 καὶ
1420 915 1667 986 ἐζήτησα
1693 915 1880 985 αὐτὸν,

283 1000 385 1051 καὶ
414 1000 513 1070 οὐχ
541 999 740 1073 εὑρέθη
764 1003 793 1055 6
813 1001 978 1068 τόπος
1025 1002 1193 1056 αὐτοῦ
1220 1019 1234 1036 ο
1273 1022 1293 1056 s
1321 1003 1418 1059 καὶ
1448 1005 1612 1060 πάλιν
1633 1047 1649 1072 ,
1691 1027 1710 1061 ι
1752 1008 1884 1063 Ἀπ-

283 1087 462 1142 diae-:6
492 1087 556 1142 τὸ
589 1089 946 1160 μνημόσυνον
975 1091 1141 1145 αὑτοῦ
1180 1095 1298 1164 μετ’
1316 1094 1450 1166 ἤχου
1471 1112 1486 1128 ⁸
1516 1097 1610 1150 καὶ
1631 1098 1659 1150 6
1679 1097 1886 1169 Κύριος

282 1181 372 1242 εἰς
400 1180 495 1232 τὸν
533 1179 708 1234 αιῶνα
737 1179 910 1252 μένει.
953 1199 972 1234 s
1016 1181 1128 1253 Τὴν
1149 1179 1245 1238 οὖν
1272 1185 1549 1256 τοσαύτην
1581 1187 1678 1241 τοῦ
1715 1187 1882 1257 σοφοῦ

287 1272 427 1340 πρζς
447 1270 538 1325 τὸν
563 1269 776 1342 ἄφρονα
801 1272 1068 1343 διαφορὰν
1095 1275 1382 1342 γινώσκων
1405 1279 1432 1330 6
1463 1278 1626 1348 σοφὸς
1653 1279 1885 1351 Ἐκκλη-

285 1362 534 1435 σιαστὴς,
583 1361 909 1416 διατεινεται
949 1365 1220 1436 μηδαμῶς
1268 1361 1408 1420 εἶναι
1442 1367 1538 1422 τοῦ
1572 1369 1740 1439 σοφοῦ
1781 1372 1883 1442 τὴν

286 1453 518 1522 μνήμην
557 1450 696 1521 μετά
756 1451 852 1506 τοῦ
889 1453 1126 1524 ἄφρονος
1163 1471 1178 1486 ·
1219 1475 1238 1508 ι
1275 1457 1516 1524 Καθότι,
1564 1461 1719 1528 φησὶ,
1777 1461 1880 1533 ἤδη

283 1545 410 1607 ταῖς
460 1542 701 1614 ἡμέραις
748 1546 873 1609 ταῖς
905 1545 1313 1617 ἐπερχομέναις
1352 1549 1424 1603 τά
1471 1549 1652 1604 πάντα
1679 1551 1881 1621 ἐπελή-

288 1638 417 1707 σθη,
455 1653 476 1687 s
515 1632 719 1708 δηλαδὴ
756 1637 826 1691 τὰ
861 1636 958 1692 τοῦ
999 1639 1236 1710 ἄφρονος
1263 1657 1276 1671 ·
1335 1642 1430 1695 καὶ
1478 1641 1673 1696 τούτου
1717 1644 1881 1714 χάριν

285 1726 543 1800 ἐπήγαγε
571 1745 587 1760 ·
630 1729 799 1784 «οΚαὶ
829 1729 949 1794 πῶς
980 1729 1337 1786 ἀποθανεῖται
1363 1733 1392 1786 6
1424 1733 1586 1802 σοφὸς
1625 1735 1762 1804 μετά
1783 1733 1878 1788 τοῦ

1383 349 1466 408 ΙΝ
1497 350 2074 416 ECCLESIAS’I‘EN.
2099 383 2169 396 --
2200 360 2348 424 LIB.
2391 361 2474 422 II.

366 449 498 517 Περὶ
555 446 614 500 δὲ
669 447 762 501 τοῦ
802 449 1038 522 ἄφρονος
1091 452 1323 507 ἄκουσον
1381 451 1538 518 αὖθις
1567 457 1618 507 τί
1659 461 1878 526 φησινέ

2057 461 2177 517 Jam
2215 483 2342 520 vero
2377 468 2444 532 de
2473 469 2642 526 stulto
2672 470 2801 526 audi
2829 485 3048 538 rursus,
3078 470 3212 542 quid
3253 473 3400 530 dicat
3429 473 3578 532 Pro-

1988 553 2152 623 pheta
2187 577 2199 610 :
2245 576 2262 608 ι
2300 557 2364 611 Et
2394 561 2574 616 adhuc
2607 561 2910 626 modicum,
2935 570 3124 617 etnon
3152 563 3258 618 erit
3285 575 3576 635 peccator,

3463 363 3584 430 825
3672 435 3678 442 ,

1987 652 2043 698 et
2079 644 2328 715 inquit-es
2363 647 2546 704 locum
2578 651 2724 718 ejus,
2764 660 2820 706 et
2852 667 2961 707 non
2995 652 3246 708 invenies
3279 652 3414 726 (8'4).
3451 673 3472 708 s
3508 658 3577 712 Et

1962 735 2185 791 'iterum
2221 757 2234 794 :
2271 758 2289 792 ι
2329 738 2452 796 Vidi
2505 741 2736 814 impium
2791 745 3261 814 supcrexallatum
3301 756 3357 800 et
3394 747 3577 804 eleva-

1988 835 2102 882 tum
2138 829 2283 884 sicut
2307 830 2506 888 cedros
2535 831 2769 902 Libani;
2818 847 2872 890 et
2905 835 3160 904 transivi,
3212 846 3267 892 et
3296 851 3425 893 ecce
3458 852 3570 894 non

1985 930 2106 976 erat
2135 939 2150 976 :
2178 932 2232 978 et
2255 923 2484 994 quaesivi
2517 925 2720 994 ipsum,
2752 933 2809 980 et
2842 940 2949 980 non
2981 925 3238 981 inventus
3285 935 3370 982 est
3415 928 3570 984 locus

1984 1013 2106 1084 ejus
2135 1011 2202 1068 ³⁸.
2243 1035 2261 1067 ι
2310 1017 2376 1071 Et
2415 1031 2636 1072 rursum
2669 1034 2683 1071 :
2719 1035 2739 1070 ι
2773 1015 2946 1072 Periit
2978 1019 3242 1074 memoria
3288 1019 3410 1088 ejus
3441 1035 3566 1075 cum

1985 1108 2202 1174 sonitu;
2229 1116 2311 1183 _et
2355 1106 2622 1164 Dominus
2657 1107 2712 1163 in
2742 1115 3011 1162 aeternum
3059 1118 3247 1165 manet
3275 1111 3343 1164 ⁸⁹.
3377 1129 3395 1162 ι
3427 1109 3569 1166 Cum

1986 1197 2156 1269 igitur
2184 1209 2398 1255 tantum
2429 1215 2553 1256 esse
2585 1199 2882 1255 discrimen
2913 1201 3232 1271 cognoverit
3260 1201 3570 1272 sapientem

1984 1289 2130 1344 inter
2177 1300 2231 1345 et
2277 1289 2544 1358 stultum,
2601 1290 2706 1346 hoc
2751 1290 2975 1361 sapiens
3033 1281 3392 1349 Ecclesiastes
3431 1308 3570 1348 con-

1985 1381 2180 1442 tendit.
2213 1382 2536 1438 memoriam
2567 1382 2832 1454 sapientis
2862 1383 3091 1439 minime
3117 1400 3242 1440 cum
3273 1385 3422 1440 stulti
3453 1399 3568 1440 me-

1985 1473 2160 1539 moria
2198 1473 2402 1529 sociari
2435 1491 2450 1528 :
2483 1492 2503 1526 ι
2535 1473 2614 1530 Eo
2647 1477 2816 1546 quod,
2849 1475 3050 1546 inquit,
3083 1476 3196 1546 jam
3235 1475 3341 1548 57
3372 1477 3567 1535 diebus

1983 1561 2506 1633 supervenientibus
2565 1568 2772 1623 oblivio
2818 1569 3005 1622 omnia
3059 1568 3298 1638 operuit,
3337 1586 3356 1618 ι
3411 1567 3566 1622 stulti

1985 1658 2224 1721 scilicet;
2281 1658 2468 1728 itaque
2519 1659 2722 1728 adjecit
2757 1677 2775 1714 ι
2817 1677 2836 1711 ι
2871 1657 2936 1714 Et
2976 1658 3260 1730 quomodo
3302 1657 3568 1712 morietur

1985 1751 2208 1819 sapiens
2246 1765 2372 1805 cum
2407 1751 2618 1806 stulto?
2645 1770 2664 1802 ›
2702 1748 3009 1817 Quomodo,
3057 1749 3257 1820 inquit,
3289 1749 3566 1812 morietur,

284 1820 558 1892 ἀρρονος;
597 1838 617 1873 s
645 1820 706 1874 τὸ
748 1839 768 1873 ι
809 1821 1172 1877 ἀποθανεῖται
1208 1841 1228 1876 ι
1257 1824 1441 1895 φήσας
1467 1825 1592 1878 ἀντ)⁵
1613 1824 1733 1890 τοῦ,
1759 1826 1878 1891 πῶς

1982 1841 2036 1897 id
2070 1851 2176 1908 est,
2207 1843 2488 1912 quomodo
2520 1842 2866 1914 ignorabitur
2893 1841 3134 1913 sapiens,
3168 1841 3317 1896 sicut
3343 1837 3566 1902 stultus,

284 1915 716 1989 ιπιλησθήσεται
739 1917 833 1970 καὶ
861 1918 890 1970 6
915 1917 1081 1988 σοφὸς
1103 1917 1178 1982 ὡς
1200 1917 1416 1989 ἄφρων,
1438 1919 1714 1992 μηδεμιᾶς
1737 1937 1878 1992 παρ-

283 2008 693 2081 ακολουθούσης
739 2008 886 2082 αὐτῷ
923 2011 1150 2082 μνήμης
1187 2011 1274 2064 ἐπ’
1307 2011 1534 2086 εὐκλείᾳ
1578 2015 1674 2066 καὶ
1724 2013 1873 2088 δόξῃ.

285 2105 476 2170 καθὼς
503 2105 624 2160 οὐδὲ
651 2103 730 2178 τῷ
763 2105 959 2176 ἄφρονι
983 2107 1390 2180 παρακολουθεῖ
1403 2107 1464 2162 τὸ
1495 2109 1778 2180 παράπαν.
1819 2110 1877 2164 '0

288 2195 394 2265 μέν
427 2194 536 2267 γάρ
568 2195 751 2265 σοφὸς,
786 2215 807 2249 ι
837 2195 934 2260 Εἰς
958 2196 1308 2268 μνημόσυνον
1333 2196 1571 2261 αἰώνιον,
1600 2217 1622 2249 ι
1651 2199 1794 2254 κατά
1815 2199 1877 2254 τὸ

285 2285 676 2358 γεγραμμένον
725 2303 747 2341 ε
780 2288 959 2350 ἐστὶν,
996 2287 1082 2340 ὅτι
1127 2287 1278 2342 ἔστιν
1319 2285 1752 2360 ἐγκατάλειμμα
1777 2291 1876 2345 ἀν·-

286 2379 495 2450 θρώπῳ
519 2379 814 2452 εἰρηνικῷο
837 2381 906 2434 τὰ
927 2380 985 2434 δὲ
1007 2381 1502 2452 ὲγκαταλείμματα
1525 2381 1634 2436 τῶν
1659 2383 1877 2438 ἀσεϐῶν

287 2461 860 2546 ὲξολοθρευθήσονται,
891 2493 912 2521 ι
937 2472 1124 2537 καθώς
1151 2489 1320 2544 φησιν
1347 2475 1376 2527 ὁ
1413 2475 1734 2546 Προφήτης.
1765 2477 1876 2530 Kal

289 2565 474 2632 πάλιν,
531 2566 690 2620 «Ὅτι
727 2563 988 2635 γινώσκει
1034 2567 1241 2638 Κύριος
1293 2567 1410 2620 ὁδὸν
1458 2567 1724 2622 δικαίωνο
1780 2567 1876 2622 καὶ

289 2659 406 2721 ὁδὸς
452 2656 670 2712 ἀσεϐῶν
724 2657 1032 2724 ἀπολεῖται.
1075 2677 1096 2712 ι
1150 2659 1264 2723 Τὰς
1315 2659 1426 2731 γὰρ
1481 2659 1713 2731 πράξεις
1763 2661 1875 2714 τῶν

293 2748 602 2803 σπουδαίων
637 2751 705 2822 τῇ
746 2747 1129 2822 διαιωνιζούση
1157 2749 1360 2818 γνώσει
1389 2750 1484 2804 τοῦ
1519 2750 1658 2806 Θεοῦ
1687 2753 1875 2822 σαφῶς

295 2841 600 2913 ἀνατίθησι,
651 2843 753 2908 τάς
793 2841 851 2897 δὲ
887 2841 1000 2896 τῶν
1029 2842 1325 2915 μοχθηρῶν
1358 2843 1454 2898 καὶ
1483 2841 1708 2914 φαύλων
1736 2845 1875 2917 πρὸς

297 2931 572 2987 ἀπώλειαν
599 2934 989 3006 παραπέμπει.

367 3027 666 3098 Τοιγαροῦν
700 3025 1096 3099 μεγαλωσύνην
1127 3029 1222 3083 καὶ
1251 3027 1673 3095 διαιωνίζουσαν
1713 3026 1874 3098 ϐὄεαν

1980 1932 2160 2001 quasi,
2195 1948 2304 1988 non
2335 1939 2498 1988 secus
2521 1917 2607 1988 \ac
2650 1932 2908 1999 stultum,
2964 1929 3114 1985 nulla
3167 1945 3294 1984 eum
3344 1945 3570 2000 quoque

1979 2023 2272 2090 memoria,
2315 2023 2467 2080 nulla
2521 2023 2767 2079 nominis
2821 2021 2966 2078 fama
3015 2022 3375 2094 sequeretur?
3428 2018 3566 2075 Nam

1979 2116 2200 2186 sapiens
2227 2117 2478 2186 quidem,
2504 2115 2975 2187 quemadmodum
3007 2129 3182 2172 sacrae
3209 2113 3415 2168 habent
3453 2112 3570 2166 Lit-

1981 2217 2158 2262 terae:
2199 2226 2226 2280 ι,
2270 2205 2328 2262 In
2386 2209 2647 2264 memoria
2702 2216 2913 2262 aeterna
2959 2215 3074 2273 cst;
3141 2205 3400 2279 quoniam
3437 2213 3568 2260 sunt

1976 2296 2224 2368 reliquiae
2285 2295 2494 2350 homini
2550 2295 2822 2366 paciﬁca;
2881 2293 3129 2364 reliquiae
3185 2309 3316 2349 vero
3369 2293 3568 2362 impio-

1977 2403 2100 2444 rum
2163 2387 2714 2454 exterminahuntur,
2765 2405 2786 2438 ι
2853 2385 2931 2440 uti
2996 2384 3270 2454 Propheta
3346 2383 3563 2438 deumn-

1977 2477 2133 2532 tiavit
2167 2477 2236 2530 ⁸ο.
2279 2477 2346 2536 Et
2395 2477 2595 2530 iterum
2633 2491 2648 2528 :
2699 2491 2720 2526 ι
2767 2471 2909 2540 Quia
2961 2471 3246 2542 cognoscit
3301 2467 3572 2524 Dominus

1977 2569 2123 2623 viam
2162 2567 2477 2639 iustorum;
2511 2573 2567 2620 et
2593 2564 2682 2619 via
2712 2563 3010 2634 impiorum
3047 2562 3246 2633 peribit
3273 2561 3342 2614 δι.
3375 2578 3395 2612 ι
3428 2562 3565 2614 Pro-

1976 2657 2175 2714 borum
2210 2657 2414 2727 quippe
2447 2653 2735 2709 hominum
2785 2650 2930 2707 facta
2973 2661 3189 2706 aeternae
3233 2647 3327 2704 Dei
3374 2648 3566 2718 cogni-

1977 2749 2115 2805 tioni
2147 2747 2354 2804 diserte
2386 2746 2656 2816 assignat,
2689 2740 3068 2812 improborum
3105 2745 3300 2795 contra
3331 2750 3384 2793 et
3412 2737 3567 2807 ﬂagi-

1975 2843 2245 2900 tiosorum
2275 2837 2519 2894 destinat
2549 2834 2740 2891 morti.

2047 3038 2190 3110 Ergo
2234 3035 2652 3108 amplitudinem
2703 3042 2869 3103 atque
2916 3027 3285 3086 immortalem
3333 3025 3565 3098 gloriam
3671 3035 3680 3056 ‘-

292 3119 371 3190 τῷ
421 3119 570 3191 σοφῷ
615 3121 1146 3194 προσμαρτυρήσας.
1177 3119 1256 3192 τῷ
1297 3121 1356 3176 δὲ
1399 3121 1596 3191 ἄφρονι
1639 3123 1730 3177 διὰ
1773 3123 1873 3194 τῆς

1981 3130 2209 3203 sapienti
2242 3128 2482 3185 futuram
2515 3141 2639 3184 esse
2663 3132 2919 3190 testatus,
2952 3121 3122 3178 stulto
3149 3128 3332 3176 autem
3368 3117 3568 3173 mortis

292 3211 588 3280 ὀνομασίας
609 3211 703 3266 τοῦ
733 3211 968 3267 θανάτου
996 3213 1098 3283 τὴν
1131 3212 1470 3282 ἀνυπαρξίαν
1495 3213 1590 3266 καὶ
1614 3212 1706 3267 τὸν
1731 3215 1874 3284 ἀφα-

1981 3222 2235 3297 nomine,
2282 3231 2550 3288 quantum
2611 3218 2680 3274 ad
2750 3215 3034 3274 memoriae
3102 3213 3304 3269 attinet
3374 3211 3564 3276 decus,

293 3305 508 3374 νισμδν,
557 3306 682 3360 ὅσον
725 3300 862 3379 ἧκεν
905 3307 986 3370 είς
1015 3304 1174 3370 κλέος
1223 3305 1467 3376 μνήμης,
1505 3306 1877 3379 ἐμφιλοχωρεῖ

291 3399 360 3470 τῇ
395 3396 567 3470 στήλῃ
610 3395 722 3450 τῶν
755 3397 1035 3467 ἀφρόνων,
1065 3396 1162 3450 καὶ
1200 3394 1604 3460 κατασκευάζει
1633 3396 1727 3450 καὶ
1765 3395 1874 3450 δεί-

293 3501 482 3542 κνυσιν
531 3484 714 3540 αὐτῶν
767 3485 866 3558 τὴν
912 3486 1060 3556 ζωὴν
1121 3486 1397 3558 στυγητὴν
1443 3487 1542 3540 καὶ
1595 3489 1834 3559 φευκτήν
1856 3503 1873 3518 ·

293 3580 430 3648 φηςιὶ
462 3578 573 3648 γάρ
593 3593 610 3610 ·

1975 3313 2262 3370 interitum
2301 3322 2359 3368 et
2382 3326 2671 3370 excessum
2696 3327 2712 3376 ;
2738 3310 2912 3382 pergit
2947 3304 3294 3380 proscribere
3327 3303 3527 3359 stultos
3549 3339 3567 3366 ,

1976 3407 2254 3476 vitamque
2295 3419 2488 3460 eorum
2529 3404 2868 3476 depingens,
2912 3401 3041 3458 odio
3060 3407 3117 3456 et
3166 3395 3293 3466 fuga
3347 3394 3572 3467 dignam

1975 3495 2294 3562 ostendere;
2321 3495 2400 3551 ait
2426 3495 2570 3552 enim
2601 3513 2616 3550 :
2735 3573 2738 3576 γ
3057 3499 3073 3508 ’

1821 3675 1850 3748 §
1878 3677 2018 3734 Vill.

362 3765 476 3822 Καὶ
535 3765 805 3837 ἐμίσησα
861 3765 986 3844 σὺν
1043 3767 1160 3837 τὴν
1208 3767 1399 3836 ζωὴν,
1455 3768 1546 3825 ὅτι
1606 3771 1876 3840 πονηρὸν

293 3857 386 3915 ἐπ’
435 3857 542 3928 ἐμὲ
594 3858 664 3912 τὸ
731 3858 961 3928 ποίημα
1009 3858 1078 3912 τὸ
1120 3858 1530 3928 πεποιημένον
1589 3861 1710 3916 ὑπὸ
1767 3862 1878 3918 τὸν

302 3951 501 4020 Mica"
534 3950 625 4004 ὅτι
662 3950 736 4004 τὰ
781 3948 982 4004 πάντα
1022 3951 1355 4020 ματαιότης
1382 3950 1484 4005 καὶ
1529 3951 1880 4020 προαίρεσις

295 4045 652 4114 πνεύματος.
691 4042 803 4098 Καὶ
831 4043 1102 4113 ἐμίσησα
1125 4042 1242 4114 ἐγὼ
1277 4043 1606 4113 σύμπαντα
1633 4042 1744 4101 τὸν
1771 4045 1880 4116 p6-

297 4139 444 4206 χθον
457 4155 598 4208 μου,
637 4135 710 4190 ὃν
737 4133 852 4206 ἐγὼ
873 4134 1082 4206 μοχθῶ
1099 4135 1221 4192 ὑπὸ
1243 4135 1352 4189 τὸν
1381 4133 1587 4204 ἣλιον·
1615 4135 1706 4191 ὅτι
1723 4137 1880 4206 aspice

297 4229 482 4284 αὐτὸν
521 4227 602 4294 τῷ
634 4227 926 4297 ἀνθρώπῳ
970 4227 1052 4294 τῷ
1083 4227 1386 4298 γενομένῳ
1423 4229 1550 4298 μετ’
1593 4227 1700 4298 ἐμέ
1717 4245 1731 4260 ο
1777 4227 1881 4283 καὶ

227 4333 232 4338 ‘
295 4323 389 4388 τίς
417 4317 603 4385 οἶδεν,
641 4321 696 4375 εὶ
724 4320 920 4390 σοφὸς
953 4319 1129 4375 ἔσται
1153 4319 1192 4388 ἣ
1227 4319 1464 4390 ἅφρων;
1499 4319 1602 4394 καί
1628 4322 1682 4374 ει
1703 4319 1878 4386 ἐξου-

300 4411 574 4467 σράσεται
610 4411 680 4467 ἐν
717 4411 897 4466 παντὶ
916 4411 1123 4480 μόχθῳ
1159 4427 1300 4480 μου,
1321 4404 1372 4478 ᾧ
1401 4411 1734 4480 ἐμόχθησα,
1773 4409 1878 4464 καὶ

294 4503 678 4574 ἐσοφισάμην
717 4503 838 4560 ὐπὸ
885 4501 996 4558 τὸν
1037 4501 1253 4572 inter;
1289 4503 1392 4560 καί
1429 4519 1502 4574 τε
1545 4502 1722 4558 τοῦτο
1757 4517 1876 4573 μα-

294 4597 556 4662 ταιότης.
709 4645 714 4649 .

364 4688 470 4742 Τὸν
503 4685 670 4742 πολὺν
701 4686 990 4758 ἄνθρωπον
1021 4684 1306 4740 κάνταῦθα
1337 4687 1764 4759 χαρακτηρίζων
1807 4686 1878 4744 τὰ

183 4835 187 4839 ,
295 4777 597 4850 λελεγμένα
629 4778 785 4848 φησί.
825 4797 844 4830 ¢
880 4777 1128 4849 Πονηρόν
1176 4793 1242 4848 γε
1291 4779 1379 4832 ἐπ’
1413 4778 1514 4850 ἐμὲ
1559 4777 1623 4832 τό
1663 4779 1877 4852 ποίημα

297 4871 356 4925 τὸ
389 4871 760 4942 πεποιημένον
797 4871 902 4924 ὐπὸ
943 4870 1036 4925 τὸν
1083 4869 1236 4942 ἥλιον
1281 4887 1300 4922 ι
1337 4869 1576 4941 ἔφησεν·
1611 4870 1734 4942 οὐχὶ⁹
1777 4873 1876 4946 τὴν

297 4963 400 5017 ὑπὸ
424 4962 563 5017 Θεοῦ
596 4963 974 5035 γεγενημένην
997 4963 1178 5016 κτίσιν
1208 4961 1592 5024 ἐνδιαϐάλλων.
1615 4964 1753 5018 ἀλλά
1777 4965 1878 5037 τὴν

300 5054 584 5127 μοχθηρὰν
621 5053 821 5126 πρᾶξιν
843 5053 939 5108 τοῦ
980 5053 1216 5126 ἄφρονος
1240 5051 1335 5107 τοῦ
1372 5053 1756 5119 κατοικοῦντος
1783 5057 1879 5111 ἐπὶ

297 5149 482 5203 πᾶσαν
524 5146 626 5219 τὴν
657 5147 764 5218 γῆν
795 5144 1057 5200 τελοῦσαν
1106 5146 1213 5200 ὑπὸ
1247 5145 1334 5199 τὸν
1365 5145 1516 5217 ἥλιον
1536 5161 1548 5174 °
1577 5146 1666 5202 διὰ
1695 5147 1754 5200 τὸ
1798 5150 1874 5220 μὴ

407 5261 452 5295 ⁸⁸
491 5260 638 5317 Psal.
675 5277 840 5318 xxxv:
870 5301 885 5327 ,
921 5263 998 5319 55
1129 5259 1173 5293 "
1215 5258 1360 5315 Psal.
1403 5275 1483 5322 εκ.
1517 5262 1581 5315 Ἰ.

371 5375 486 5442 (8'7)
527 5375 672 5431 Psai.
707 5391 914 5438 xxxv",
969 5372 1052 5428 10.
1091 5371 1234 5427 LXX
1289 5373 1494 5428 habent
1543 5375 1637 5428 καὶ
1682 5375 1747 5428 οὐ
1804 5373 1882 5446 μὴ

301 5447 515 5518 ὑπάρξῃ
561 5446 979 5518 ἁμαρτωλὸς....

369 5512 648 5590 (88)"lliud
673 5512 785 5590 σὺν
813 5524 941 5590 ante
977 5513 1079 5586 τὴν
1105 5512 1249 5586 ζωὴν
1287 5513 1358 5569 ab
1387 5514 1587 5584 Aquila
1610 5525 1746 5590 est,
1785 5516 1876 5585 qui

302 5584 622 5660 particltlam
673 5584 995 5660 llebraicam
1035 5584 1118 5646 hs
1166 5584 1349 5660 notam
1377 5585 1678 5660 accusativi
1713 5584 1877 5642 casus

305 5655 379 5712 sic
406 5660 698 5726 drsignare
731 5670 796 5709 ac
834 5655 1060 5709 reddere
1088 5655 1345 5726 solebat:
1381 5657 1525 5718 haec,
1557 5671 1870 5724 quanquam

303 5725 566 5798 Origenes
601 5727 864 5782 asterisco
889 5763 904 5786 .
946 5725 1166 5798 quoties
1190 5737 1508 5780 occurreret
1532 5765 1547 5787 ,
1591 5727 1870 5782 iudicave-

2051 3775 2218 3832 νεεδ.
2257 3775 2442 3831 17-19.
2495 3774 2564 3828 Et
2607 3773 2749 3827 odivi
2789 3772 2982 3836 vitam,
3018 3770 3130 3842 (88)
3183 3770 3313 3840 quia
3360 3766 3570 3822 malum

1978 3883 2136 3938 super
2165 3883 2247 3921 me
2269 3880 2419 3934 opus,
2443 3863 2581 3936 quod
2603 3861 2806 3933 factum
2825 3868 2904 3915 est
2933 3861 3030 3914 sub
3061 3859 3170 3914 sole
3191 3875 3209 3914 :
3231 3859 3357 3930 quia
3385 3857 3572 3913 omnia

1977 3960 2186 4014 uanitas
2219 3967 2269 4014 et
2311 3954 2652 4028 prtesumplio
2683 3953 2925 4024 spiritus.
2956 3950 3026 4005 Et
3068 3951 3211 4005 adici
3235 3967 3328 4022 ego
3358 3965 3570 4004 omnem

1981 4048 2215 4104 laborem
2239 4064 2413 4104 meum
2431 4089 2448 4114 ,
2479 4063 2631 4117 quem
2659 4058 2762 4116 ego
2791 4042 2978 4098 laboro
3005 4043 3103 4098 sub
3130 4043 3241 4098 sole
3269 4059 3286 4098 :
3321 4044 3448 4114 quia
3479 4043 3540 4096 di
3554 4071 3568 4080 --

1981 4141 2136 4194 mitto
2155 4139 2308 4194 illum
2329 4139 2554 4204 homini,
2575 4139 2666 4208 qui
2685 4137 2860 4208 factus
2882 4145 2999 4204 post
3026 4151 3128 4190 me.
3161 4133 3228 4188 Et
3249 4136 3368 4206 quis
3398 4135 3560 4197 novit,

1981 4241 2164 4287 utrum
2196 4233 2404 4302 sapiens
2434 4231 2598 4300 fuerit
2619 4271 2634 4296 ,
2671 4245 2741 4284 an
2778 4228 3028 4284 stultus?
3065 4235 3115 4282 et
3156 4242 3226 4280 an
3251 4235 3566 4297 patestatem

1979 4323 2227 4380 habuerit
2253 4324 2312 4377 in
2341 4325 2488 4378 omni
2532 4323 2715 4377 labore
2760 4336 2898 4384 meo,
2941 4336 3044 4390 quo
3079 4319 3320 4373 laboravi
3343 4334 3362 4383 ;
3409 4327 3572 4386 atque

1979 4418 2189 4488 sapiens
2242 4415 2416 4486 factus
2475 4431 2592 4469 sum
2649 4413 2744 4468 sub
2809 4413 2972 4468 sole?
3029 4414 3193 4468 etiam
3257 4411 3354 4467 hoc
3410 4411 3566 4465 uani-

1980 4519 2066 4565 m
2095 4509 2231 4582 (39).

2047 4689 2348 4760 Plerosque
2387 4686 2670 4744 hominum
2714 4685 2804 4740 hic
2836 4699 3095 4756 quoque,
3144 4681 3291 4739 dicta
3323 4683 3566 4750 iterans,

1976 4782 2290 4840 describim
2320 4781 2518 4836 Malum
2570 4779 2740 4844 enim,
2781 4777 2980 4849 inquit,
3025 4790 3192 4846 super
3245 4789 3332 4830 me
3389 4787 3566 4845 opus,

1977 4875 2124 4946 quod
2151 4873 2356 4931 factum
2392 4884 2475 4929 est
2503 4872 2608 4927 sub
2636 4871 2792 4928 sole:
2829 4889 2848 4923 ι
2883 4884 3006 4940 quae
3033 4883 3148 4922 non
3171 4881 3238 4923 eo
3270 4866 3572 4937 pertinent,

1977 4975 2040 5022 ut
2064 4981 2204 5037 opus
2225 4982 2256 5021 a
2283 4964 2393 5020 Deo
2423 4963 2728 5028 conditum,
2753 4963 2847 5018 sed
2875 4970 2935 5016 ut
2966 4960 3212 5030 improba
3244 4958 3396 5014 stulti
3424 4956 3571 5012 facta
3640 4972 3658 4983 ’-

1977 5059 2288 5130 redarguat,
2303 5057 2618 5128 quicunque
2655 5054 2969 5108 universam
2991 5051 3102 5122 58
3118 5051 3281 5108 hanc.
3301 5064 3466 5119 quam
3485 5046 3573 5104 sol

1981 5149 2190 5216 ambit,
2219 5159 2421 5204 terram
2452 5147 2665 5202 habitat
2691 5166 2703 5202 :
2733 5141 2936 5216 quippe
2965 5145 3059 5216 qui
3092 5157 3272 5215 neque
3309 5142 3572 5197 volunta-

1687 5261 1734 5294 ⁸⁰
1763 5259 1912 5316 Psal.
1947 5275 2113 5335 xxxv:
2146 5300 2160 5319 .
2192 5258 2286 5314 58.
2361 5260 2406 5290 "
2447 5257 2599 5314 Psal.
2630 5274 2670 5326 ι,
2705 5257 2760 5310 6.

1987 5373 2284 5428 editionem
2323 5373 2442 5450 ,τῶν
2491 5375 2547 5424 0'
2578 5371 2880 5450 Menti-iam
2916 5368 3173 5450 irrepsit,
3196 5367 3400 5450 Verum
3437 5367 3571 5450 quia

1985 5453 2151 5498 vacat
2187 5443 2454 5507 omnino,
2507 5457 2608 5496 uec
2641 5441 2975 5496 sententiam
3022 5441 3182 5508 juvat
3224 5447 3320 5492 aut
3365 5447 3570 5508 auget,

1982 5522 2162 5578 recte,
2191 5514 2420 5580 Opinor,
2443 5505 2508 5567 in
2538 5511 2898 5566 translatione
2928 5505 3239 5564 omittitur:
3275 5516 3336 5562 ut
3367 5505 3564 5562 Hiero-

1979 5599 2144 5656 nme
2177 5584 2351 5656 etiam
2376 5583 2604 5656 placuit.

2051 5653 2167 5724 (89)
2199 5653 2354 5720 Apud
2377 5645 2533 5724 'LXX
2564 5655 2779 5724 leges",
2816 5651 2914 5724 “DV
2961 5645 3074 5724 ἐγὼ
3124 5645 3309 5724 κοπιῶ
3333 5646 3564 5724 imbibit

1973 5716 2216 5796 ἧλιόνῼ..
2249 5716 2379 5796 iter“
2398 5795 2401 5796 ν
2420 5716 2694 5796 ἀνθρώπῳ
2714 5721 2790 5791 τῷ
2826 5719 3099 5791 γινομένῳ
3121 5759 3137 5786 ,
3169 5725 3224 5781 et
3251 5716 3563 5784 ἑξουσιὰζετ

305 5786 871 5866 τεινευριιιευτιιιίιιιε,
919 5786 1102 5851 tamen
1153 5793 1210 5850 in
1254 5786 1604 5853 communem
1648 5811 1868 5869 quoque
1970 5786 2078 5864 ται,
2115 5803 2170 5851 et
2201 5786 2360 5863 καὶῷ
2391 5786 2798 5864 ἐσπεισάμην...
