  <div class='ocr_page' id='page_1' title='image "/cluster/home/n/w/nwhite01/storage/ocr_20150623/98/mdp.39015005675650/430.png"; bbox 0 0 4076 6284; ppageno 0'>
   <div class='ocr_carea' id='block_1_1' title="bbox 247 422 368 482">
    <p class='ocr_par' dir='ltr' id='par_1_1' title="bbox 247 422 368 482">
     <span class='ocr_line' id='line_1_1' title="bbox 247 422 368 482; baseline 0 0"><span class='ocrx_word' id='word_1_1' title='bbox 247 422 368 482; x_wconf 69' lang='lat'><strong>829</strong></span> 
     </span>
    </p>
   </div>
   <div class='ocr_carea' id='block_1_2' title="bbox 1369 431 2474 502">
    <p class='ocr_par' dir='ltr' id='par_1_2' title="bbox 1369 431 2474 502">
     <span class='ocr_line' id='line_1_2' title="bbox 1369 431 2474 502; baseline 0.014 -16"><span class='ocrx_word' id='word_1_2' title='bbox 1369 431 1446 487; x_wconf 69' lang='lat' dir='ltr'><strong>Ui</strong></span> <span class='ocrx_word' id='word_1_3' title='bbox 1491 433 2074 498; x_wconf 56' lang='lat' dir='ltr'><strong>EC‘HJESIAS’I‘EN.</strong></span> <span class='ocrx_word' id='word_1_4' title='bbox 2111 442 2347 501; x_wconf 70' lang='grc' dir='ltr'><strong>--ΙΛΒ⁸</strong></span> <span class='ocrx_word' id='word_1_5' title='bbox 2389 443 2474 502; x_wconf 83' lang='lat' dir='ltr'><strong>II.</strong></span> 
     </span>
    </p>
   </div>
   <div class='ocr_carea' id='block_1_3' title="bbox 3437 447 3547 512">
    <p class='ocr_par' dir='ltr' id='par_1_3' title="bbox 3437 447 3547 512">
     <span class='ocr_line' id='line_1_3' title="bbox 3437 447 3547 512; baseline 0.027 -3"><span class='ocrx_word' id='word_1_6' title='bbox 3437 447 3547 512; x_wconf 82' lang='lat'><strong>830</strong></span> 
     </span>
    </p>
   </div>
   <div class='ocr_carea' id='block_1_4' title="bbox 329 535 1849 627">
    <p class='ocr_par' dir='ltr' id='par_1_4' title="bbox 329 535 1846 620">
     <span class='ocr_line' id='line_1_4' title="bbox 329 535 1846 620; baseline 0.011 -32"><span class='ocrx_word' id='word_1_7' title='bbox 329 537 375 589; x_wconf 75' lang='grc' dir='ltr'>Κ</span> <span class='ocrx_word' id='word_1_8' title='bbox 391 538 441 590; x_wconf 67' lang='grc' dir='ltr'><strong>αἱ</strong></span> <span class='ocrx_word' id='word_1_9' title='bbox 482 535 639 590; x_wconf 73' lang='grc' dir='ltr'>τοῦτο</span> <span class='ocrx_word' id='word_1_10' title='bbox 668 537 774 608; x_wconf 66' lang='grc' dir='ltr'><strong>γάρ</strong></span> <span class='ocrx_word' id='word_1_11' title='bbox 810 541 1108 610; x_wconf 65' lang='grc' dir='ltr'>ματαιότης</span> <span class='ocrx_word' id='word_1_12' title='bbox 1159 546 1304 596; x_wconf 67' lang='grc' dir='ltr'>ἐστίν</span> <span class='ocrx_word' id='word_1_13' title='bbox 1327 563 1338 573; x_wconf 92' lang='grc'>·</span> <span class='ocrx_word' id='word_1_14' title='bbox 1369 548 1477 609; x_wconf 55' lang='grc' dir='ltr'>εἴτε</span> <span class='ocrx_word' id='word_1_15' title='bbox 1511 550 1619 617; x_wconf 55' lang='grc' dir='ltr'><strong>γάρ</strong></span> <span class='ocrx_word' id='word_1_16' title='bbox 1655 551 1846 620; x_wconf 51' lang='grc' dir='ltr'>ἄρρων</span> 
     </span>
    </p>
   </div>
   <div class='ocr_carea' id='block_1_5' title="bbox 1951 535 3552 627">
    <p class='ocr_par' dir='ltr' id='par_1_5' title="bbox 2022 556 3552 627">
     <span class='ocr_line' id='line_1_5' title="bbox 2022 556 3552 627; baseline 0.008 -19"><span class='ocrx_word' id='word_1_17' title='bbox 2022 556 2130 627; x_wconf 80' lang='lat'><strong>59</strong></span> <span class='ocrx_word' id='word_1_18' title='bbox 2163 556 2430 612; x_wconf 77' lang='lat' dir='ltr'><strong>Nimirum</strong></span> <span class='ocrx_word' id='word_1_19' title='bbox 2465 559 2646 614; x_wconf 91' lang='lat' dir='ltr'><strong>ethoc</strong></span> <span class='ocrx_word' id='word_1_20' title='bbox 2674 558 2892 615; x_wconf 82' lang='lat' dir='ltr'><strong>vanitas</strong></span> <span class='ocrx_word' id='word_1_21' title='bbox 2919 569 3003 615; x_wconf 72' lang='lat' dir='ltr'><strong>est</strong></span> <span class='ocrx_word' id='word_1_22' title='bbox 3037 579 3050 614; x_wconf 87' lang='lat'><strong>:</strong></span> <span class='ocrx_word' id='word_1_23' title='bbox 3084 561 3199 615; x_wconf 84' lang='lat' dir='ltr'><strong>sive</strong></span> <span class='ocrx_word' id='word_1_24' title='bbox 3233 561 3378 616; x_wconf 88' lang='lat' dir='ltr'><strong>enim</strong></span> <span class='ocrx_word' id='word_1_25' title='bbox 3409 566 3552 622; x_wconf 72' lang='lat' dir='ltr'><strong>8|.th.-</strong></span> 
     </span>
    </p>
   </div>
   <div class='ocr_carea' id='block_1_6' title="bbox 245 627 1847 706">
    <p class='ocr_par' dir='ltr' id='par_1_6' title="bbox 245 627 1847 706">
     <span class='ocr_line' id='line_1_6' title="bbox 245 627 1847 706; baseline 0.01 -27"><span class='ocrx_word' id='word_1_26' title='bbox 245 628 428 690; x_wconf 71' lang='grc' dir='ltr'>ἐστὶν,</span> <span class='ocrx_word' id='word_1_27' title='bbox 462 627 575 681; x_wconf 78' lang='grc' dir='ltr'>εἴτε</span> <span class='ocrx_word' id='word_1_28' title='bbox 605 627 756 694; x_wconf 83' lang='grc' dir='ltr'><strong>δοκεῖ</strong></span> <span class='ocrx_word' id='word_1_29' title='bbox 787 629 948 698; x_wconf 71' lang='grc' dir='ltr'>σοφὸς</span> <span class='ocrx_word' id='word_1_30' title='bbox 980 632 1245 706; x_wconf 77' lang='grc' dir='ltr'>ὑπάρχειν</span> <span class='ocrx_word' id='word_1_31' title='bbox 1271 633 1300 685; x_wconf 86' lang='grc' dir='ltr'><strong>ὁ</strong></span> <span class='ocrx_word' id='word_1_32' title='bbox 1332 635 1423 687; x_wconf 76' lang='grc' dir='ltr'><strong>τὸν</strong></span> <span class='ocrx_word' id='word_1_33' title='bbox 1461 638 1689 693; x_wconf 74' lang='grc' dir='ltr'>πλοῦτον</span> <span class='ocrx_word' id='word_1_34' title='bbox 1712 658 1847 694; x_wconf 86' lang='grc' dir='ltr'>κατ-</span> 
     </span>
    </p>
   </div>
   <div class='ocr_carea' id='block_1_7' title="bbox 251 719 1852 797">
    <p class='ocr_par' dir='ltr' id='par_1_7' title="bbox 251 719 1852 797">
     <span class='ocr_line' id='line_1_7' title="bbox 251 719 1852 797; baseline 0.007 -24"><span class='ocrx_word' id='word_1_35' title='bbox 251 719 404 790; x_wconf 82' lang='grc' dir='ltr'>έχων</span> <span class='ocrx_word' id='word_1_36' title='bbox 460 722 556 774; x_wconf 74' lang='grc' dir='ltr'><strong>καὶ</strong></span> <span class='ocrx_word' id='word_1_37' title='bbox 595 721 670 792; x_wconf 73' lang='grc' dir='ltr'>μὴ</span> <span class='ocrx_word' id='word_1_38' title='bbox 727 722 1001 792; x_wconf 73' lang='grc' dir='ltr'><strong>διανέμων</strong></span> <span class='ocrx_word' id='word_1_39' title='bbox 1044 727 1158 788; x_wconf 80' lang='grc' dir='ltr'>τοῖς</span> <span class='ocrx_word' id='word_1_40' title='bbox 1205 727 1518 797; x_wconf 79' lang='grc' dir='ltr'><strong>δεομένοις,</strong></span> <span class='ocrx_word' id='word_1_41' title='bbox 1572 730 1711 784; x_wconf 79' lang='grc' dir='ltr'>ἀλλὰ</span> <span class='ocrx_word' id='word_1_42' title='bbox 1758 750 1852 785; x_wconf 87' lang='grc' dir='ltr'>τα-</span> 
     </span>
    </p>
   </div>
   <div class='ocr_carea' id='block_1_8' title="bbox 255 813 1849 893">
    <p class='ocr_par' dir='ltr' id='par_1_8' title="bbox 255 813 1849 893">
     <span class='ocr_line' id='line_1_8' title="bbox 255 813 1849 893; baseline 0.007 -27"><span class='ocrx_word' id='word_1_43' title='bbox 255 815 592 884; x_wconf 79' lang='grc' dir='ltr'>μιευόμενος</span> <span class='ocrx_word' id='word_1_44' title='bbox 640 813 805 869; x_wconf 75' lang='grc' dir='ltr'>αὑτὸν</span> <span class='ocrx_word' id='word_1_45' title='bbox 863 817 974 879; x_wconf 80' lang='grc' dir='ltr'>τοῖς</span> <span class='ocrx_word' id='word_1_46' title='bbox 1017 817 1234 887; x_wconf 78' lang='grc' dir='ltr'><strong>ἐχθροῖς</strong></span> <span class='ocrx_word' id='word_1_47' title='bbox 1280 819 1374 872; x_wconf 75' lang='grc' dir='ltr'>καὶ</span> <span class='ocrx_word' id='word_1_48' title='bbox 1416 823 1529 884; x_wconf 80' lang='grc' dir='ltr'>τοῖς</span> <span class='ocrx_word' id='word_1_49' title='bbox 1576 822 1849 893; x_wconf 73' lang='grc' dir='ltr'><strong>μισοῦσιν,</strong></span> 
     </span>
    </p>
   </div>
   <div class='ocr_carea' id='block_1_9' title="bbox 248 903 1853 982">
    <p class='ocr_par' dir='ltr' id='par_1_9' title="bbox 248 903 1853 982">
     <span class='ocr_line' id='line_1_9' title="bbox 248 903 1853 982; baseline 0.007 -26"><span class='ocrx_word' id='word_1_50' title='bbox 248 904 335 966; x_wconf 80' lang='grc' dir='ltr'>ὡς</span> <span class='ocrx_word' id='word_1_51' title='bbox 391 903 654 968; x_wconf 81' lang='grc' dir='ltr'><strong>πολλάκις</strong></span> <span class='ocrx_word' id='word_1_52' title='bbox 695 905 1065 977; x_wconf 71' lang='grc' dir='ltr'>συμϐέϐηκεν,</span> <span class='ocrx_word' id='word_1_53' title='bbox 1101 907 1294 979; x_wconf 81' lang='grc' dir='ltr'>ἄφρων</span> <span class='ocrx_word' id='word_1_54' title='bbox 1325 909 1557 980; x_wconf 78' lang='grc' dir='ltr'>εὕρηται</span> <span class='ocrx_word' id='word_1_55' title='bbox 1609 913 1688 982; x_wconf 83' lang='grc' dir='ltr'>τῷ</span> <span class='ocrx_word' id='word_1_56' title='bbox 1735 914 1853 967; x_wconf 77' lang='grc' dir='ltr'>ὄντι</span> 
     </span>
    </p>
   </div>
   <div class='ocr_carea' id='block_1_10' title="bbox 251 996 1848 1070">
    <p class='ocr_par' dir='ltr' id='par_1_10' title="bbox 251 996 1848 1070">
     <span class='ocr_line' id='line_1_10' title="bbox 251 996 1848 1070; baseline 0.006 -20"><span class='ocrx_word' id='word_1_57' title='bbox 251 998 358 1051; x_wconf 70' lang='grc' dir='ltr'><strong>καὶ</strong></span> <span class='ocrx_word' id='word_1_58' title='bbox 391 997 639 1068; x_wconf 84' lang='grc' dir='ltr'>μάταιος,</span> <span class='ocrx_word' id='word_1_59' title='bbox 673 997 768 1049; x_wconf 75' lang='grc' dir='ltr'>καὶ</span> <span class='ocrx_word' id='word_1_60' title='bbox 797 996 1023 1060; x_wconf 83' lang='grc' dir='ltr'>δικαίως</span> <span class='ocrx_word' id='word_1_61' title='bbox 1051 999 1275 1054; x_wconf 81' lang='grc' dir='ltr'>ἀκούσει</span> <span class='ocrx_word' id='word_1_62' title='bbox 1305 1001 1560 1070; x_wconf 80' lang='grc' dir='ltr'>λέγοντος</span> <span class='ocrx_word' id='word_1_63' title='bbox 1584 1005 1678 1058; x_wconf 78' lang='grc' dir='ltr'>τοῦ</span> <span class='ocrx_word' id='word_1_64' title='bbox 1704 1005 1848 1059; x_wconf 81' lang='grc' dir='ltr'>Θεοῦ</span> 
     </span>
    </p>
   </div>
   <div class='ocr_carea' id='block_1_11' title="bbox 253 1086 1854 1168">
    <p class='ocr_par' dir='ltr' id='par_1_11' title="bbox 253 1086 1854 1168">
     <span class='ocr_line' id='line_1_11' title="bbox 253 1086 1854 1168; baseline 0.005 -28"><span class='ocrx_word' id='word_1_65' title='bbox 253 1089 399 1159; x_wconf 69' lang='grc' dir='ltr'>πρὸς</span> <span class='ocrx_word' id='word_1_66' title='bbox 438 1086 639 1142; x_wconf 79' lang='grc' dir='ltr'>αὐτόν’</span> <span class='ocrx_word' id='word_1_67' title='bbox 683 1105 700 1138; x_wconf 81' lang='grc' dir='ltr'><strong>ι</strong></span> <span class='ocrx_word' id='word_1_68' title='bbox 747 1087 978 1157; x_wconf 73' lang='grc' dir='ltr'>Ἀφρον,</span> <span class='ocrx_word' id='word_1_69' title='bbox 1019 1088 1194 1160; x_wconf 85' lang='grc' dir='ltr'>ταύτῃ</span> <span class='ocrx_word' id='word_1_70' title='bbox 1224 1093 1291 1159; x_wconf 85' lang='grc' dir='ltr'>τῇ</span> <span class='ocrx_word' id='word_1_71' title='bbox 1322 1093 1478 1144; x_wconf 79' lang='grc' dir='ltr'>νυκτὶ</span> <span class='ocrx_word' id='word_1_72' title='bbox 1509 1092 1609 1164; x_wconf 75' lang='grc' dir='ltr'>τὴν</span> <span class='ocrx_word' id='word_1_73' title='bbox 1677 1094 1854 1168; x_wconf 67' lang='grc' dir='ltr'>ψυχήν</span> 
     </span>
    </p>
   </div>
   <div class='ocr_carea' id='block_1_12' title="bbox 254 1176 1854 1254">
    <p class='ocr_par' dir='ltr' id='par_1_12' title="bbox 254 1176 1854 1254">
     <span class='ocr_line' id='line_1_12' title="bbox 254 1176 1854 1254; baseline 0.006 -24"><span class='ocrx_word' id='word_1_74' title='bbox 254 1193 362 1232; x_wconf 81' lang='grc' dir='ltr'><strong>σου</strong></span> <span class='ocrx_word' id='word_1_75' title='bbox 426 1176 750 1235; x_wconf 76' lang='grc' dir='ltr'>ἀπαιτοῦσιν</span> <span class='ocrx_word' id='word_1_76' title='bbox 807 1177 915 1231; x_wconf 82' lang='grc' dir='ltr'><strong>ἀπὸ</strong></span> <span class='ocrx_word' id='word_1_77' title='bbox 969 1178 1096 1231; x_wconf 78' lang='grc' dir='ltr'>σοῦ·</span> <span class='ocrx_word' id='word_1_78' title='bbox 1155 1178 1191 1232; x_wconf 83' lang='grc' dir='ltr'>ἃ</span> <span class='ocrx_word' id='word_1_79' title='bbox 1244 1181 1302 1233; x_wconf 82' lang='grc' dir='ltr'><strong>δὲ</strong></span> <span class='ocrx_word' id='word_1_80' title='bbox 1347 1184 1695 1254; x_wconf 75' lang='grc' dir='ltr'>ἡτοίμασας,</span> <span class='ocrx_word' id='word_1_81' title='bbox 1747 1188 1854 1240; x_wconf 90' lang='grc' dir='ltr'>τίνι</span> 
     </span>
    </p>
   </div>
   <div class='ocr_carea' id='block_1_13' title="bbox 251 1269 1853 1348">
    <p class='ocr_par' dir='ltr' id='par_1_13' title="bbox 251 1269 1853 1348">
     <span class='ocr_line' id='line_1_13' title="bbox 251 1269 1853 1348; baseline 0.005 -24"><span class='ocrx_word' id='word_1_82' title='bbox 251 1270 454 1338; x_wconf 66' lang='lat' dir='ltr'><strong>Eant;</strong></span> <span class='ocrx_word' id='word_1_83' title='bbox 505 1288 524 1323; x_wconf 75' lang='grc' dir='ltr'><strong>ι</strong></span> <span class='ocrx_word' id='word_1_84' title='bbox 577 1269 638 1324; x_wconf 84' lang='grc' dir='ltr'>τὺ</span> <span class='ocrx_word' id='word_1_85' title='bbox 678 1269 810 1340; x_wconf 78' lang='grc' dir='ltr'>γάρ,</span> <span class='ocrx_word' id='word_1_86' title='bbox 863 1289 882 1320; x_wconf 74' lang='grc' dir='ltr'>ί</span> <span class='ocrx_word' id='word_1_87' title='bbox 933 1269 1052 1323; x_wconf 84' lang='grc' dir='ltr'>Τίνι</span> <span class='ocrx_word' id='word_1_88' title='bbox 1087 1270 1280 1337; x_wconf 62' lang='lat' dir='ltr'><strong>Errat;</strong></span> <span class='ocrx_word' id='word_1_89' title='bbox 1319 1292 1336 1324; x_wconf 76' lang='grc' dir='ltr'><strong>ι</strong></span> <span class='ocrx_word' id='word_1_90' title='bbox 1371 1274 1469 1344; x_wconf 74' lang='grc' dir='ltr'>τὴν</span> <span class='ocrx_word' id='word_1_91' title='bbox 1504 1277 1585 1340; x_wconf 86' lang='grc' dir='ltr'><strong>είς</strong></span> <span class='ocrx_word' id='word_1_92' title='bbox 1625 1276 1853 1348; x_wconf 79' lang='grc' dir='ltr'>ἐχθροὺς</span> 
     </span>
    </p>
   </div>
   <div class='ocr_carea' id='block_1_14' title="bbox 253 1361 1849 1438">
    <p class='ocr_par' dir='ltr' id='par_1_14' title="bbox 253 1361 1849 1438">
     <span class='ocr_line' id='line_1_14' title="bbox 253 1361 1849 1438; baseline 0.004 -22"><span class='ocrx_word' id='word_1_93' title='bbox 253 1362 558 1432; x_wconf 75' lang='grc' dir='ltr'>αἰνίττεται</span> <span class='ocrx_word' id='word_1_94' title='bbox 599 1361 698 1431; x_wconf 82' lang='grc' dir='ltr'><strong>τῆς</strong></span> <span class='ocrx_word' id='word_1_95' title='bbox 723 1361 817 1414; x_wconf 84' lang='grc' dir='ltr'>τοῦ</span> <span class='ocrx_word' id='word_1_96' title='bbox 855 1361 1086 1415; x_wconf 84' lang='grc' dir='ltr'>πλούτου</span> <span class='ocrx_word' id='word_1_97' title='bbox 1129 1363 1448 1428; x_wconf 77' lang='grc' dir='ltr'>δεσποτείας</span> <span class='ocrx_word' id='word_1_98' title='bbox 1480 1368 1849 1438; x_wconf 82' lang='grc' dir='ltr'>μετάπτωσιν,</span> 
     </span>
    </p>
   </div>
   <div class='ocr_carea' id='block_1_15' title="bbox 252 1442 1854 1531">
    <p class='ocr_par' dir='ltr' id='par_1_15' title="bbox 252 1442 1854 1531">
     <span class='ocr_line' id='line_1_15' title="bbox 252 1442 1854 1531; baseline 0.001 -25"><span class='ocrx_word' id='word_1_99' title='bbox 252 1453 338 1516; x_wconf 82' lang='grc' dir='ltr'>ὡς</span> <span class='ocrx_word' id='word_1_100' title='bbox 365 1452 558 1530; x_wconf 76' lang='grc' dir='ltr'>γέγονε</span> <span class='ocrx_word' id='word_1_101' title='bbox 590 1451 868 1515; x_wconf 86' lang='grc' dir='ltr'>πολλάκις.</span> <span class='ocrx_word' id='word_1_102' title='bbox 887 1442 1000 1507; x_wconf 66' lang='grc' dir='ltr'><strong>’Διά</strong></span> <span class='ocrx_word' id='word_1_103' title='bbox 1045 1453 1206 1506; x_wconf 82' lang='grc' dir='ltr'>τοῦτο</span> <span class='ocrx_word' id='word_1_104' title='bbox 1233 1455 1331 1508; x_wconf 77' lang='grc' dir='ltr'><strong>καὶ</strong></span> <span class='ocrx_word' id='word_1_105' title='bbox 1373 1457 1536 1518; x_wconf 76' lang='grc' dir='ltr'>Δαβὶδ</span> <span class='ocrx_word' id='word_1_106' title='bbox 1567 1462 1854 1531; x_wconf 78' lang='grc' dir='ltr'>προφήτης</span> 
     </span>
    </p>
   </div>
   <div class='ocr_carea' id='block_1_16' title="bbox 255 1541 1853 1616">
    <p class='ocr_par' dir='ltr' id='par_1_16' title="bbox 255 1541 1853 1616">
     <span class='ocr_line' id='line_1_16' title="bbox 255 1541 1853 1616; baseline 0.008 -23"><span class='ocrx_word' id='word_1_107' title='bbox 255 1543 437 1612; x_wconf 78' lang='grc' dir='ltr'>φησί’</span> <span class='ocrx_word' id='word_1_108' title='bbox 475 1561 495 1594; x_wconf 74' lang='grc' dir='ltr'><strong>ι</strong></span> <span class='ocrx_word' id='word_1_109' title='bbox 536 1541 894 1614; x_wconf 78' lang='grc' dir='ltr'>Θησαυρίζει,</span> <span class='ocrx_word' id='word_1_110' title='bbox 929 1544 1024 1598; x_wconf 77' lang='grc' dir='ltr'><strong>καὶ</strong></span> <span class='ocrx_word' id='word_1_111' title='bbox 1072 1545 1133 1598; x_wconf 85' lang='grc' dir='ltr'><strong>οὐ</strong></span> <span class='ocrx_word' id='word_1_112' title='bbox 1180 1544 1442 1615; x_wconf 87' lang='grc' dir='ltr'>γινώσκει</span> <span class='ocrx_word' id='word_1_113' title='bbox 1487 1549 1594 1603; x_wconf 90' lang='grc' dir='ltr'>τίνι</span> <span class='ocrx_word' id='word_1_114' title='bbox 1634 1551 1853 1616; x_wconf 79' lang='grc' dir='ltr'>συνάξει</span> 
     </span>
    </p>
   </div>
   <div class='ocr_carea' id='block_1_17' title="bbox 254 1633 1852 1710">
    <p class='ocr_par' dir='ltr' id='par_1_17' title="bbox 254 1633 1852 1710">
     <span class='ocr_line' id='line_1_17' title="bbox 254 1633 1852 1710; baseline 0.006 -23"><span class='ocrx_word' id='word_1_115' title='bbox 254 1633 426 1702; x_wconf 76' lang='grc' dir='ltr'>αὐτὰ,</span> <span class='ocrx_word' id='word_1_116' title='bbox 463 1653 484 1686; x_wconf 76' lang='grc' dir='ltr'><strong>ι</strong></span> <span class='ocrx_word' id='word_1_117' title='bbox 511 1633 590 1702; x_wconf 85' lang='grc' dir='ltr'>τῷ</span> <span class='ocrx_word' id='word_1_118' title='bbox 628 1633 1034 1707; x_wconf 81' lang='grc' dir='ltr'>Ἐκκλησιαστῇ</span> <span class='ocrx_word' id='word_1_119' title='bbox 1066 1636 1241 1706; x_wconf 85' lang='grc' dir='ltr'>λέγων</span> <span class='ocrx_word' id='word_1_120' title='bbox 1282 1638 1612 1710; x_wconf 78' lang='grc' dir='ltr'>συμφώνως,</span> <span class='ocrx_word' id='word_1_121' title='bbox 1651 1642 1728 1706; x_wconf 84' lang='grc' dir='ltr'>ὼς</span> <span class='ocrx_word' id='word_1_122' title='bbox 1755 1644 1852 1696; x_wconf 85' lang='grc' dir='ltr'>ἀν-</span> 
     </span>
    </p>
   </div>
   <div class='ocr_carea' id='block_1_18' title="bbox 250 1725 1853 1797">
    <p class='ocr_par' dir='ltr' id='par_1_18' title="bbox 250 1725 1853 1797">
     <span class='ocr_line' id='line_1_18' title="bbox 250 1725 1853 1797; baseline 0.006 -17"><span class='ocrx_word' id='word_1_123' title='bbox 250 1726 478 1780; x_wconf 86' lang='grc' dir='ltr'>τίπαλοι</span> <span class='ocrx_word' id='word_1_124' title='bbox 497 1727 602 1790; x_wconf 69' lang='grc' dir='ltr'><strong>καὶ</strong></span> <span class='ocrx_word' id='word_1_125' title='bbox 635 1725 922 1797; x_wconf 81' lang='grc' dir='ltr'>μισοῦντες</span> <span class='ocrx_word' id='word_1_126' title='bbox 954 1728 1047 1781; x_wconf 79' lang='grc' dir='ltr'>τὸν</span> <span class='ocrx_word' id='word_1_127' title='bbox 1083 1727 1176 1782; x_wconf 80' lang='grc' dir='ltr'>τοῦ</span> <span class='ocrx_word' id='word_1_128' title='bbox 1207 1732 1600 1797; x_wconf 86' lang='grc' dir='ltr'>κεκοπιακότος</span> <span class='ocrx_word' id='word_1_129' title='bbox 1645 1734 1740 1788; x_wconf 77' lang='grc' dir='ltr'><strong>καὶ</strong></span> <span class='ocrx_word' id='word_1_130' title='bbox 1765 1734 1853 1790; x_wconf 85' lang='grc' dir='ltr'><strong>διά</strong></span> 
     </span>
    </p>
   </div>
   <div class='ocr_carea' id='block_1_19' title="bbox 251 1818 1851 1896">
    <p class='ocr_par' dir='ltr' id='par_1_19' title="bbox 251 1818 1851 1896">
     <span class='ocr_line' id='line_1_19' title="bbox 251 1818 1851 1896; baseline 0.005 -24"><span class='ocrx_word' id='word_1_131' title='bbox 251 1818 472 1873; x_wconf 83' lang='grc' dir='ltr'>πολλῶν</span> <span class='ocrx_word' id='word_1_132' title='bbox 547 1818 789 1888; x_wconf 75' lang='grc' dir='ltr'>ἱδρώτων</span> <span class='ocrx_word' id='word_1_133' title='bbox 841 1821 934 1872; x_wconf 77' lang='grc' dir='ltr'><strong>καὶ</strong></span> <span class='ocrx_word' id='word_1_134' title='bbox 978 1823 1382 1894; x_wconf 72' lang='grc' dir='ltr'>περισπασμῶν</span> <span class='ocrx_word' id='word_1_135' title='bbox 1427 1827 1520 1878; x_wconf 75' lang='grc' dir='ltr'>καὶ</span> <span class='ocrx_word' id='word_1_136' title='bbox 1571 1826 1851 1896; x_wconf 82' lang='grc' dir='ltr'>μεριμνῶν</span> 
     </span>
    </p>
   </div>
   <div class='ocr_carea' id='block_1_20' title="bbox 1957 649 3544 721">
    <p class='ocr_par' dir='ltr' id='par_1_20' title="bbox 1957 649 3544 721">
     <span class='ocr_line' id='line_1_20' title="bbox 1957 649 3544 721; baseline 0.006 -20"><span class='ocrx_word' id='word_1_137' title='bbox 1957 655 2040 701; x_wconf 89' lang='lat' dir='ltr'><strong>tus</strong></span> <span class='ocrx_word' id='word_1_138' title='bbox 2073 650 2144 703; x_wconf 91' lang='lat' dir='ltr'><strong>sit</strong></span> <span class='ocrx_word' id='word_1_139' title='bbox 2170 689 2184 713; x_wconf 91' lang='lat'><strong>,</strong></span> <span class='ocrx_word' id='word_1_140' title='bbox 2227 649 2342 704; x_wconf 89' lang='lat' dir='ltr'><strong>sive</strong></span> <span class='ocrx_word' id='word_1_141' title='bbox 2389 651 2610 719; x_wconf 82' lang='lat' dir='ltr'><strong>sapiens</strong></span> <span class='ocrx_word' id='word_1_142' title='bbox 2641 651 2890 706; x_wconf 78' lang='lat' dir='ltr'><strong>videatur</strong></span> <span class='ocrx_word' id='word_1_143' title='bbox 2932 667 3089 715; x_wconf 82' lang='lat' dir='ltr'><strong>esse,</strong></span> <span class='ocrx_word' id='word_1_144' title='bbox 3123 652 3215 721; x_wconf 89' lang='lat' dir='ltr'><strong>qui</strong></span> <span class='ocrx_word' id='word_1_145' title='bbox 3256 655 3544 721; x_wconf 89' lang='lat' dir='ltr'><strong>pecuniam</strong></span> 
     </span>
    </p>
   </div>
   <div class='ocr_carea' id='block_1_21' title="bbox 1956 741 3544 816">
    <p class='ocr_par' dir='ltr' id='par_1_21' title="bbox 1956 741 3544 816">
     <span class='ocr_line' id='line_1_21' title="bbox 1956 741 3544 816; baseline 0.005 -23"><span class='ocrx_word' id='word_1_146' title='bbox 1956 741 2206 793; x_wconf 80' lang='lat' dir='ltr'><strong>recondit</strong></span> <span class='ocrx_word' id='word_1_147' title='bbox 2237 742 2610 810; x_wconf 73' lang='lat' dir='ltr'><strong>neglectisque</strong></span> <span class='ocrx_word' id='word_1_148' title='bbox 2637 743 2825 809; x_wconf 81' lang='lat' dir='ltr'><strong>egenis</strong></span> <span class='ocrx_word' id='word_1_149' title='bbox 2846 785 2860 808; x_wconf 92' lang='lat'><strong>,</strong></span> <span class='ocrx_word' id='word_1_150' title='bbox 2889 759 3010 797; x_wconf 80' lang='lat' dir='ltr'><strong>eam</strong></span> <span class='ocrx_word' id='word_1_151' title='bbox 3047 743 3316 810; x_wconf 87' lang='lat' dir='ltr'><strong>inimicis,</strong></span> <span class='ocrx_word' id='word_1_152' title='bbox 3345 756 3404 800; x_wconf 91' lang='lat' dir='ltr'><strong>ut</strong></span> <span class='ocrx_word' id='word_1_153' title='bbox 3430 747 3544 816; x_wconf 74' lang='lat' dir='ltr'><strong>plc-</strong></span> 
     </span>
    </p>
   </div>
   <div class='ocr_carea' id='block_1_22' title="bbox 1956 831 3547 909">
    <p class='ocr_par' dir='ltr' id='par_1_22' title="bbox 1956 831 3547 909">
     <span class='ocr_line' id='line_1_22' title="bbox 1956 831 3547 909; baseline 0.006 -25"><span class='ocrx_word' id='word_1_154' title='bbox 1956 847 2187 909; x_wconf 81' lang='lat' dir='ltr'><strong>rumque</strong></span> <span class='ocrx_word' id='word_1_155' title='bbox 2217 831 2295 896; x_wconf 83' lang='lat' dir='ltr'><strong>lit,</strong></span> <span class='ocrx_word' id='word_1_156' title='bbox 2339 843 2504 902; x_wconf 89' lang='lat' dir='ltr'><strong>atque</strong></span> <span class='ocrx_word' id='word_1_157' title='bbox 2548 834 2877 890; x_wconf 87' lang='lat' dir='ltr'><strong>adversariis</strong></span> <span class='ocrx_word' id='word_1_158' title='bbox 2912 846 3187 904; x_wconf 76' lang='lat' dir='ltr'><strong>reservat;</strong></span> <span class='ocrx_word' id='word_1_159' title='bbox 3223 838 3425 892; x_wconf 89' lang='lat' dir='ltr'><strong>stultus</strong></span> <span class='ocrx_word' id='word_1_160' title='bbox 3457 840 3547 896; x_wconf 55' lang='lat' dir='ltr'><strong>re;</strong></span> 
     </span>
    </p>
   </div>
   <div class='ocr_carea' id='block_1_23' title="bbox 1957 913 3542 994">
    <p class='ocr_par' dir='ltr' id='par_1_23' title="bbox 1957 913 3542 994">
     <span class='ocr_line' id='line_1_23' title="bbox 1957 913 3542 994; baseline 0.008 -22"><span class='ocrx_word' id='word_1_161' title='bbox 1957 937 2082 975; x_wconf 86' lang='lat' dir='ltr'><strong>vera</strong></span> <span class='ocrx_word' id='word_1_162' title='bbox 2113 937 2179 976; x_wconf 90' lang='lat' dir='ltr'><strong>ac</strong></span> <span class='ocrx_word' id='word_1_163' title='bbox 2208 923 2434 978; x_wconf 87' lang='lat' dir='ltr'><strong>demens</strong></span> <span class='ocrx_word' id='word_1_164' title='bbox 2475 913 2731 980; x_wconf 80' lang='lat' dir='ltr'><strong>inventus</strong></span> <span class='ocrx_word' id='word_1_165' title='bbox 2761 934 2844 980; x_wconf 87' lang='lat' dir='ltr'><strong>est</strong></span> <span class='ocrx_word' id='word_1_166' title='bbox 2875 944 2888 978; x_wconf 89' lang='lat'><strong>:</strong></span> <span class='ocrx_word' id='word_1_167' title='bbox 2923 925 3016 994; x_wconf 88' lang='lat' dir='ltr'><strong>qui</strong></span> <span class='ocrx_word' id='word_1_168' title='bbox 3048 935 3101 981; x_wconf 90' lang='lat' dir='ltr'><strong>et</strong></span> <span class='ocrx_word' id='word_1_169' title='bbox 3137 928 3337 984; x_wconf 90' lang='lat' dir='ltr'><strong>merito</strong></span> <span class='ocrx_word' id='word_1_170' title='bbox 3373 928 3542 984; x_wconf 88' lang='lat' dir='ltr'><strong>Deum</strong></span> 
     </span>
    </p>
   </div>
   <div class='ocr_carea' id='block_1_24' title="bbox 1955 1012 3544 1092">
    <p class='ocr_par' dir='ltr' id='par_1_24' title="bbox 1955 1012 3544 1092">
     <span class='ocr_line' id='line_1_24' title="bbox 1955 1012 3544 1092; baseline 0.005 -26"><span class='ocrx_word' id='word_1_171' title='bbox 1955 1012 2139 1067; x_wconf 89' lang='lat' dir='ltr'><strong>audiet</strong></span> <span class='ocrx_word' id='word_1_172' title='bbox 2167 1013 2270 1068; x_wconf 88' lang='lat' dir='ltr'><strong>sibi</strong></span> <span class='ocrx_word' id='word_1_173' title='bbox 2301 1013 2693 1069; x_wconf 89' lang='lat' dir='ltr'><strong>inclamantem</strong></span> <span class='ocrx_word' id='word_1_174' title='bbox 2719 1029 2734 1066; x_wconf 89' lang='lat'><strong>:</strong></span> <span class='ocrx_word' id='word_1_175' title='bbox 2783 1034 2800 1066; x_wconf 75' lang='grc' dir='ltr'><strong>ι</strong></span> <span class='ocrx_word' id='word_1_176' title='bbox 2834 1015 3013 1070; x_wconf 81' lang='lat' dir='ltr'><strong>Stulte</strong></span> <span class='ocrx_word' id='word_1_177' title='bbox 3033 1054 3070 1092; x_wconf 55' lang='grc' dir='ltr'><em>η</em></span> <span class='ocrx_word' id='word_1_178' title='bbox 3098 1018 3200 1072; x_wconf 82' lang='lat' dir='ltr'><strong>hac</strong></span> <span class='ocrx_word' id='word_1_179' title='bbox 3234 1029 3392 1074; x_wconf 90' lang='lat' dir='ltr'><strong>nocte</strong></span> <span class='ocrx_word' id='word_1_180' title='bbox 3423 1020 3544 1074; x_wconf 90' lang='lat' dir='ltr'><strong>ani-</strong></span> 
     </span>
    </p>
   </div>
   <div class='ocr_carea' id='block_1_25' title="bbox 1956 1111 3544 1179">
    <p class='ocr_par' dir='ltr' id='par_1_25' title="bbox 1956 1111 3544 1179">
     <span class='ocr_line' id='line_1_25' title="bbox 1956 1111 3544 1179; baseline 0.002 -17"><span class='ocrx_word' id='word_1_181' title='bbox 1956 1121 2100 1162; x_wconf 88' lang='lat' dir='ltr'><strong>mam</strong></span> <span class='ocrx_word' id='word_1_182' title='bbox 2131 1114 2278 1159; x_wconf 91' lang='lat' dir='ltr'><strong>tuam</strong></span> <span class='ocrx_word' id='word_1_183' title='bbox 2317 1117 2564 1174; x_wconf 82' lang='lat' dir='ltr'><strong>repetunt</strong></span> <span class='ocrx_word' id='word_1_184' title='bbox 2599 1122 2628 1160; x_wconf 89' lang='lat' dir='ltr'><strong>a</strong></span> <span class='ocrx_word' id='word_1_185' title='bbox 2663 1116 2749 1173; x_wconf 92' lang='lat' dir='ltr'><strong>te;</strong></span> <span class='ocrx_word' id='word_1_186' title='bbox 2801 1123 2925 1177; x_wconf 68' lang='lat' dir='ltr'><strong>quae</strong></span> <span class='ocrx_word' id='word_1_187' title='bbox 2957 1118 3140 1163; x_wconf 88' lang='lat' dir='ltr'><strong>autem</strong></span> <span class='ocrx_word' id='word_1_188' title='bbox 3170 1111 3408 1179; x_wconf 83' lang='lat' dir='ltr'><strong>paraSIi,</strong></span> <span class='ocrx_word' id='word_1_189' title='bbox 3444 1126 3544 1176; x_wconf 84' lang='lat' dir='ltr'><strong>cu-</strong></span> 
     </span>
    </p>
   </div>
   <div class='ocr_carea' id='block_1_26' title="bbox 1950 1195 3544 1268">
    <p class='ocr_par' dir='ltr' id='par_1_26' title="bbox 1950 1195 3544 1268">
     <span class='ocr_line' id='line_1_26' title="bbox 1950 1195 3544 1268; baseline 0.003 -16"><span class='ocrx_word' id='word_1_190' title='bbox 1950 1197 2042 1264; x_wconf 89' lang='lat' dir='ltr'><strong>jus</strong></span> <span class='ocrx_word' id='word_1_191' title='bbox 2065 1195 2260 1251; x_wconf 84' lang='lat' dir='ltr'><strong>crunt?</strong></span> <span class='ocrx_word' id='word_1_192' title='bbox 2288 1218 2308 1250; x_wconf 75' lang='grc' dir='ltr'><strong>ι</strong></span> <span class='ocrx_word' id='word_1_193' title='bbox 2347 1197 2484 1252; x_wconf 84' lang='lat' dir='ltr'><strong>Nam</strong></span> <span class='ocrx_word' id='word_1_194' title='bbox 2524 1198 2676 1266; x_wconf 82' lang='lat' dir='ltr'><strong>illud,</strong></span> <span class='ocrx_word' id='word_1_195' title='bbox 2713 1197 2882 1268; x_wconf 79' lang='lat' dir='ltr'><strong>Cujus</strong></span> <span class='ocrx_word' id='word_1_196' title='bbox 2902 1209 3058 1254; x_wconf 81' lang='lat' dir='ltr'><strong>erunt</strong></span> <span class='ocrx_word' id='word_1_197' title='bbox 3083 1201 3110 1252; x_wconf 88' lang='lat'><strong><em>?</em></strong></span> <span class='ocrx_word' id='word_1_198' title='bbox 3137 1200 3448 1259; x_wconf 76' lang='lat' dir='ltr'><strong>divitiarum</strong></span> <span class='ocrx_word' id='word_1_199' title='bbox 3488 1210 3544 1257; x_wconf 84' lang='lat' dir='ltr'><strong>et</strong></span> 
     </span>
    </p>
   </div>
   <div class='ocr_carea' id='block_1_27' title="bbox 1955 1288 3542 1360">
    <p class='ocr_par' dir='ltr' id='par_1_27' title="bbox 1955 1288 3542 1360">
     <span class='ocr_line' id='line_1_27' title="bbox 1955 1288 3542 1360; baseline 0.003 -17"><span class='ocrx_word' id='word_1_200' title='bbox 1955 1288 2294 1353; x_wconf 70' lang='lat' dir='ltr'><strong>dominatus,</strong></span> <span class='ocrx_word' id='word_1_201' title='bbox 2343 1290 2488 1360; x_wconf 91' lang='lat' dir='ltr'><strong>quod</strong></span> <span class='ocrx_word' id='word_1_202' title='bbox 2519 1306 2660 1360; x_wconf 64' lang='lat' dir='ltr'><strong>saepe</strong></span> <span class='ocrx_word' id='word_1_203' title='bbox 2697 1291 2987 1360; x_wconf 81' lang='lat' dir='ltr'><strong>contingit.</strong></span> <span class='ocrx_word' id='word_1_204' title='bbox 3029 1292 3370 1346; x_wconf 49' lang='lat' dir='ltr'><strong>translation.</strong></span> <span class='ocrx_word' id='word_1_205' title='bbox 3393 1309 3442 1346; x_wconf 89' lang='lat' dir='ltr'><strong>m</strong></span> <span class='ocrx_word' id='word_1_206' title='bbox 3473 1293 3542 1350; x_wconf 89' lang='lat' dir='ltr'><strong>ad</strong></span> 
     </span>
    </p>
   </div>
   <div class='ocr_carea' id='block_1_28' title="bbox 1954 1375 3539 1452">
    <p class='ocr_par' dir='ltr' id='par_1_28' title="bbox 1954 1375 3539 1452">
     <span class='ocr_line' id='line_1_28' title="bbox 1954 1375 3539 1452; baseline 0.004 -23"><span class='ocrx_word' id='word_1_207' title='bbox 1954 1375 2208 1432; x_wconf 86' lang='lat' dir='ltr'><strong>inimicos</strong></span> <span class='ocrx_word' id='word_1_208' title='bbox 2235 1377 2524 1447; x_wconf 78' lang='lat' dir='ltr'><strong>designat;</strong></span> <span class='ocrx_word' id='word_1_209' title='bbox 2554 1379 2740 1448; x_wconf 81' lang='lat' dir='ltr'><strong>itaque</strong></span> <span class='ocrx_word' id='word_1_210' title='bbox 2767 1391 2822 1434; x_wconf 89' lang='lat' dir='ltr'><strong>et</strong></span> <span class='ocrx_word' id='word_1_211' title='bbox 2865 1379 3030 1435; x_wconf 83' lang='lat' dir='ltr'><strong>David</strong></span> <span class='ocrx_word' id='word_1_212' title='bbox 3067 1383 3334 1452; x_wconf 85' lang='lat' dir='ltr'><strong>prepheta</strong></span> <span class='ocrx_word' id='word_1_213' title='bbox 3365 1383 3495 1442; x_wconf 82' lang='lat' dir='ltr'><strong>dicit</strong></span> <span class='ocrx_word' id='word_1_214' title='bbox 3525 1401 3539 1436; x_wconf 88' lang='lat'><strong>:</strong></span> 
     </span>
    </p>
   </div>
   <div class='ocr_carea' id='block_1_29' title="bbox 1961 1466 3544 1540">
    <p class='ocr_par' dir='ltr' id='par_1_29' title="bbox 1961 1466 3544 1540">
     <span class='ocr_line' id='line_1_29' title="bbox 1961 1466 3544 1540; baseline 0.006 -21"><span class='ocrx_word' id='word_1_215' title='bbox 1961 1486 1978 1519; x_wconf 81' lang='grc' dir='ltr'><strong>ι</strong></span> <span class='ocrx_word' id='word_1_216' title='bbox 2009 1466 2320 1524; x_wconf 85' lang='lat' dir='ltr'><strong>Thesauros</strong></span> <span class='ocrx_word' id='word_1_217' title='bbox 2351 1481 2546 1539; x_wconf 84' lang='lat' dir='ltr'><strong>parat,</strong></span> <span class='ocrx_word' id='word_1_218' title='bbox 2583 1486 2682 1526; x_wconf 85' lang='lat' dir='ltr'><strong>nec</strong></span> <span class='ocrx_word' id='word_1_219' title='bbox 2715 1472 3021 1540; x_wconf 75' lang='lat' dir='ltr'><strong>cognoscit,</strong></span> <span class='ocrx_word' id='word_1_220' title='bbox 3053 1473 3142 1527; x_wconf 92' lang='lat' dir='ltr'><strong>cui</strong></span> <span class='ocrx_word' id='word_1_221' title='bbox 3177 1489 3272 1528; x_wconf 91' lang='lat' dir='ltr'><strong>eos</strong></span> <span class='ocrx_word' id='word_1_222' title='bbox 3307 1474 3379 1528; x_wconf 90' lang='lat' dir='ltr'><strong>sit</strong></span> <span class='ocrx_word' id='word_1_223' title='bbox 3411 1489 3544 1529; x_wconf 69' lang='grc' dir='ltr'>οοιιτ</span> 
     </span>
    </p>
   </div>
   <div class='ocr_carea' id='block_1_30' title="bbox 1953 1561 3542 1634">
    <p class='ocr_par' dir='ltr' id='par_1_30' title="bbox 1953 1561 3542 1634">
     <span class='ocr_line' id='line_1_30' title="bbox 1953 1561 3542 1634; baseline 0.006 -22"><span class='ocrx_word' id='word_1_224' title='bbox 1953 1571 2306 1629; x_wconf 82' lang='lat' dir='ltr'><strong>gregaturus,</strong></span> <span class='ocrx_word' id='word_1_225' title='bbox 2334 1579 2352 1612; x_wconf 81' lang='grc' dir='ltr'><strong>ι</strong></span> <span class='ocrx_word' id='word_1_226' title='bbox 2389 1561 2530 1614; x_wconf 86' lang='lat' dir='ltr'><strong>idem</strong></span> <span class='ocrx_word' id='word_1_227' title='bbox 2557 1575 2683 1616; x_wconf 90' lang='lat' dir='ltr'><strong>cum</strong></span> <span class='ocrx_word' id='word_1_228' title='bbox 2715 1561 3048 1619; x_wconf 83' lang='lat' dir='ltr'><strong>Ecclesiaste</strong></span> <span class='ocrx_word' id='word_1_229' title='bbox 3069 1565 3368 1632; x_wconf 84' lang='lat' dir='ltr'><strong>allirmans,</strong></span> <span class='ocrx_word' id='word_1_230' title='bbox 3403 1582 3542 1634; x_wconf 83' lang='lat' dir='ltr'><strong>quas</strong></span> 
     </span>
    </p>
   </div>
   <div class='ocr_carea' id='block_1_31' title="bbox 1955 1652 3542 1727">
    <p class='ocr_par' dir='ltr' id='par_1_31' title="bbox 1955 1652 3542 1727">
     <span class='ocr_line' id='line_1_31' title="bbox 1955 1652 3542 1727; baseline 0.005 -23"><span class='ocrx_word' id='word_1_231' title='bbox 1955 1666 2154 1718; x_wconf 83' lang='lat' dir='ltr'><strong>nempe</strong></span> <span class='ocrx_word' id='word_1_232' title='bbox 2194 1652 2241 1705; x_wconf 91' lang='lat' dir='ltr'><strong>is</strong></span> <span class='ocrx_word' id='word_1_233' title='bbox 2281 1668 2413 1722; x_wconf 86' lang='lat' dir='ltr'><strong>opes</strong></span> <span class='ocrx_word' id='word_1_234' title='bbox 2444 1653 2634 1708; x_wconf 87' lang='lat' dir='ltr'><strong>labore</strong></span> <span class='ocrx_word' id='word_1_235' title='bbox 2663 1655 2836 1708; x_wconf 88' lang='lat' dir='ltr'><strong>multo</strong></span> <span class='ocrx_word' id='word_1_236' title='bbox 2866 1665 2920 1709; x_wconf 91' lang='lat' dir='ltr'><strong>et</strong></span> <span class='ocrx_word' id='word_1_237' title='bbox 2954 1657 3152 1710; x_wconf 89' lang='lat' dir='ltr'><strong>sudore</strong></span> <span class='ocrx_word' id='word_1_238' title='bbox 3173 1697 3187 1719; x_wconf 90' lang='lat'><strong>,</strong></span> <span class='ocrx_word' id='word_1_239' title='bbox 3216 1669 3379 1727; x_wconf 77' lang='lat' dir='ltr'><strong>atque</strong></span> <span class='ocrx_word' id='word_1_240' title='bbox 3405 1673 3542 1712; x_wconf 83' lang='lat' dir='ltr'><strong>eon-</strong></span> 
     </span>
    </p>
   </div>
   <div class='ocr_carea' id='block_1_32' title="bbox 1955 1740 3546 1810">
    <p class='ocr_par' dir='ltr' id='par_1_32' title="bbox 1955 1740 3546 1810">
     <span class='ocr_line' id='line_1_32' title="bbox 1955 1740 3546 1810; baseline 0.003 -16"><span class='ocrx_word' id='word_1_241' title='bbox 1955 1740 2198 1794; x_wconf 86' lang='lat' dir='ltr'><strong>tentione</strong></span> <span class='ocrx_word' id='word_1_242' title='bbox 2227 1748 2282 1794; x_wconf 92' lang='lat' dir='ltr'><strong>et</strong></span> <span class='ocrx_word' id='word_1_243' title='bbox 2312 1741 2611 1810; x_wconf 74' lang='lat' dir='ltr'><strong>angoribus</strong></span> <span class='ocrx_word' id='word_1_244' title='bbox 2640 1751 2694 1795; x_wconf 91' lang='lat' dir='ltr'><strong>et</strong></span> <span class='ocrx_word' id='word_1_245' title='bbox 2723 1743 2872 1797; x_wconf 88' lang='lat' dir='ltr'><strong>curis</strong></span> <span class='ocrx_word' id='word_1_246' title='bbox 2909 1744 3278 1798; x_wconf 87' lang='lat' dir='ltr'><strong>eumulaverit</strong></span> <span class='ocrx_word' id='word_1_247' title='bbox 3299 1785 3314 1804; x_wconf 89' lang='lat'><strong>,</strong></span> <span class='ocrx_word' id='word_1_248' title='bbox 3343 1745 3408 1799; x_wconf 88' lang='lat' dir='ltr'><strong>ad</strong></span> <span class='ocrx_word' id='word_1_249' title='bbox 3444 1747 3546 1808; x_wconf 83' lang='lat' dir='ltr'><strong>iui-</strong></span> 
     </span>
    </p>
   </div>
   <div class='ocr_carea' id='block_1_33' title="bbox 1957 1834 3542 1906">
    <p class='ocr_par' dir='ltr' id='par_1_33' title="bbox 1957 1834 3542 1906">
     <span class='ocr_line' id='line_1_33' title="bbox 1957 1834 3542 1906; baseline 0.003 -19"><span class='ocrx_word' id='word_1_250' title='bbox 1957 1835 2131 1887; x_wconf 84' lang='lat' dir='ltr'><strong>micos</strong></span> <span class='ocrx_word' id='word_1_251' title='bbox 2162 1847 2260 1888; x_wconf 90' lang='lat' dir='ltr'><strong>eas</strong></span> <span class='ocrx_word' id='word_1_252' title='bbox 2287 1843 2343 1888; x_wconf 86' lang='lat' dir='ltr'><strong>et</strong></span> <span class='ocrx_word' id='word_1_253' title='bbox 2374 1834 2721 1890; x_wconf 83' lang='lat' dir='ltr'><strong>adversarios</strong></span> <span class='ocrx_word' id='word_1_254' title='bbox 2749 1850 2869 1890; x_wconf 85' lang='lat' dir='ltr'><strong>esse</strong></span> <span class='ocrx_word' id='word_1_255' title='bbox 2897 1847 3256 1906; x_wconf 73' lang='lat' dir='ltr'><strong>perventurus</strong></span> <span class='ocrx_word' id='word_1_256' title='bbox 3287 1877 3303 1902; x_wconf 94' lang='lat'><strong>,</strong></span> <span class='ocrx_word' id='word_1_257' title='bbox 3356 1846 3417 1892; x_wconf 77' lang='lat' dir='ltr'><strong>ut</strong></span> <span class='ocrx_word' id='word_1_258' title='bbox 3466 1839 3542 1894; x_wconf 90' lang='lat' dir='ltr'><strong>illi</strong></span> 
     </span>
    </p>
   </div>
   <div class='ocr_carea' id='block_1_34' title="bbox 252 1899 1849 1994">
    <p class='ocr_par' dir='ltr' id='par_1_34' title="bbox 252 1909 1849 1988">
     <span class='ocr_line' id='line_1_34' title="bbox 252 1909 1849 1988; baseline 0.004 -23"><span class='ocrx_word' id='word_1_259' title='bbox 252 1912 356 1966; x_wconf 71' lang='lat' dir='ltr'><strong>acati.</strong></span> <span class='ocrx_word' id='word_1_260' title='bbox 399 1909 696 1984; x_wconf 76' lang='grc' dir='ltr'>φροντίδων</span> <span class='ocrx_word' id='word_1_261' title='bbox 743 1909 1199 1982; x_wconf 81' lang='grc' dir='ltr'>συναθροισθέντα</span> <span class='ocrx_word' id='word_1_262' title='bbox 1246 1913 1476 1968; x_wconf 85' lang='grc' dir='ltr'>πλοῦτον</span> <span class='ocrx_word' id='word_1_263' title='bbox 1511 1916 1710 1984; x_wconf 71' lang='grc' dir='ltr'>ἕξουσι,</span> <span class='ocrx_word' id='word_1_264' title='bbox 1755 1919 1849 1988; x_wconf 73' lang='grc' dir='ltr'><strong>καὶ</strong></span> 
     </span>
    </p>
   </div>
   <div class='ocr_carea' id='block_1_35' title="bbox 1951 1899 3545 1994">
    <p class='ocr_par' dir='ltr' id='par_1_35' title="bbox 1960 1899 3545 1994">
     <span class='ocr_line' id='line_1_35' title="bbox 1960 1899 3545 1994; baseline 0.006 -17"><span class='ocrx_word' id='word_1_265' title='bbox 1960 1923 2126 1992; x_wconf 80' lang='lat' dir='ltr'><strong>hujus</strong></span> <span class='ocrx_word' id='word_1_266' title='bbox 2163 1923 2444 1979; x_wconf 87' lang='lat' dir='ltr'><strong>laboribus</strong></span> <span class='ocrx_word' id='word_1_267' title='bbox 2497 1899 3134 1994; x_wconf 45' lang='lat' dir='ltr'><strong>perfruantur.-Idrirco</strong></span> <span class='ocrx_word' id='word_1_268' title='bbox 3187 1928 3545 1987; x_wconf 77' lang='lat' dir='ltr'><strong>Ecclesiastes</strong></span> 
     </span>
    </p>
   </div>
   <div class='ocr_carea' id='block_1_36' title="bbox 215 2001 1848 2080">
    <p class='ocr_par' dir='ltr' id='par_1_36' title="bbox 215 2001 1848 2080">
     <span class='ocr_line' id='line_1_36' title="bbox 215 2001 1848 2080; baseline 0.002 -22"><span class='ocrx_word' id='word_1_269' title='bbox 215 2011 228 2022; x_wconf 88' lang='lat'><strong>&#39;</strong></span> <span class='ocrx_word' id='word_1_270' title='bbox 251 2003 366 2078; x_wconf 78' lang='grc' dir='ltr'><strong>τῶν</strong></span> <span class='ocrx_word' id='word_1_271' title='bbox 390 2001 598 2056; x_wconf 76' lang='grc' dir='ltr'>ἐκείνου</span> <span class='ocrx_word' id='word_1_272' title='bbox 623 2001 889 2070; x_wconf 84' lang='grc' dir='ltr'>καμάτων</span> <span class='ocrx_word' id='word_1_273' title='bbox 921 2005 1417 2059; x_wconf 83' lang='grc' dir='ltr'>καταπολαύσουσι.</span> <span class='ocrx_word' id='word_1_274' title='bbox 1447 2007 1651 2080; x_wconf 78' lang='grc' dir='ltr'>Τούτου</span> <span class='ocrx_word' id='word_1_275' title='bbox 1687 2008 1848 2080; x_wconf 79' lang='grc' dir='ltr'>χάριν</span> 
     </span>
    </p>
   </div>
   <div class='ocr_carea' id='block_1_37' title="bbox 249 2094 1847 2172">
    <p class='ocr_par' dir='ltr' id='par_1_37' title="bbox 249 2094 1847 2172">
     <span class='ocr_line' id='line_1_37' title="bbox 249 2094 1847 2172; baseline 0.003 -21"><span class='ocrx_word' id='word_1_276' title='bbox 249 2098 283 2172; x_wconf 66' lang='grc' dir='ltr'><strong>δ</strong></span> <span class='ocrx_word' id='word_1_277' title='bbox 333 2094 768 2168; x_wconf 81' lang='grc' dir='ltr'>Ἐκκλησιαστὴς</span> <span class='ocrx_word' id='word_1_278' title='bbox 801 2094 1233 2164; x_wconf 86' lang='grc' dir='ltr'>καταγινώσκων</span> <span class='ocrx_word' id='word_1_279' title='bbox 1273 2100 1368 2151; x_wconf 59' lang='grc' dir='ltr'><strong>καὶ⁵</strong></span> <span class='ocrx_word' id='word_1_280' title='bbox 1416 2101 1847 2172; x_wconf 81' lang='grc' dir='ltr'>καταμεμφόμε-</span> 
     </span>
    </p>
   </div>
   <div class='ocr_carea' id='block_1_38' title="bbox 251 2187 1096 2271">
    <p class='ocr_par' dir='ltr' id='par_1_38' title="bbox 251 2187 1096 2271">
     <span class='ocr_line' id='line_1_38' title="bbox 251 2187 1096 2271; baseline -0.001 -29"><span class='ocrx_word' id='word_1_281' title='bbox 251 2207 348 2271; x_wconf 74' lang='grc' dir='ltr'><strong>νος</strong></span> <span class='ocrx_word' id='word_1_282' title='bbox 373 2189 482 2242; x_wconf 85' lang='grc' dir='ltr'><strong>τῶν</strong></span> <span class='ocrx_word' id='word_1_283' title='bbox 512 2187 768 2242; x_wconf 77' lang='grc' dir='ltr'>τοιούτων</span> <span class='ocrx_word' id='word_1_284' title='bbox 801 2187 1051 2258; x_wconf 77' lang='grc' dir='ltr'>ἐπήγαγε</span> <span class='ocrx_word' id='word_1_285' title='bbox 1081 2204 1096 2218; x_wconf 72' lang='grc' dir='ltr'><strong>ο</strong></span> 
     </span>
    </p>
   </div>
   <div class='ocr_carea' id='block_1_39' title="bbox 1956 2015 3545 2090">
    <p class='ocr_par' dir='ltr' id='par_1_39' title="bbox 1956 2015 3545 2090">
     <span class='ocr_line' id='line_1_39' title="bbox 1956 2015 3545 2090; baseline 0.003 -20"><span class='ocrx_word' id='word_1_286' title='bbox 1956 2017 2020 2071; x_wconf 83' lang='lat' dir='ltr'><strong>ad</strong></span> <span class='ocrx_word' id='word_1_287' title='bbox 2064 2015 2380 2084; x_wconf 73' lang='lat' dir='ltr'><strong>huiusmodi</strong></span> <span class='ocrx_word' id='word_1_288' title='bbox 2429 2017 2718 2072; x_wconf 83' lang='lat' dir='ltr'><strong>hominum</strong></span> <span class='ocrx_word' id='word_1_289' title='bbox 2779 2019 3298 2075; x_wconf 85' lang='lat' dir='ltr'><strong>condemnationem</strong></span> <span class='ocrx_word' id='word_1_290' title='bbox 3361 2036 3545 2090; x_wconf 87' lang='lat' dir='ltr'><strong>repre-</strong></span> 
     </span>
    </p>
   </div>
   <div class='ocr_carea' id='block_1_40' title="bbox 1957 2107 2658 2178">
    <p class='ocr_par' dir='ltr' id='par_1_40' title="bbox 1957 2107 2658 2178">
     <span class='ocr_line' id='line_1_40' title="bbox 1957 2107 2658 2178; baseline 0.003 -17"><span class='ocrx_word' id='word_1_291' title='bbox 1957 2108 2390 2176; x_wconf 84' lang='lat' dir='ltr'><strong>hcnsiouemque</strong></span> <span class='ocrx_word' id='word_1_292' title='bbox 2410 2107 2612 2178; x_wconf 86' lang='lat' dir='ltr'><strong>adjecit</strong></span> <span class='ocrx_word' id='word_1_293' title='bbox 2643 2124 2658 2163; x_wconf 89' lang='lat'><strong>:</strong></span> 
     </span>
    </p>
   </div>
   <div class='ocr_carea' id='block_1_41' title="bbox 1813 2331 1976 2404">
    <p class='ocr_par' dir='ltr' id='par_1_41' title="bbox 1813 2331 1976 2404">
     <span class='ocr_line' id='line_1_41' title="bbox 1813 2331 1976 2404; baseline 0.018 -19"><span class='ocrx_word' id='word_1_294' title='bbox 1813 2331 1841 2404; x_wconf 68' lang='grc' dir='ltr'><strong>ς</strong></span> <span class='ocrx_word' id='word_1_295' title='bbox 1883 2331 1976 2388; x_wconf 79' lang='lat' dir='ltr'><strong>1x.</strong></span> 
     </span>
    </p>
   </div>
   <div class='ocr_carea' id='block_1_42' title="bbox 329 2423 1850 2496">
    <p class='ocr_par' dir='ltr' id='par_1_42' title="bbox 329 2423 1850 2496">
     <span class='ocr_line' id='line_1_42' title="bbox 329 2423 1850 2496; baseline -0.001 -16"><span class='ocrx_word' id='word_1_296' title='bbox 329 2425 436 2480; x_wconf 76' lang='grc' dir='ltr'><strong>Καὶ</strong></span> <span class='ocrx_word' id='word_1_297' title='bbox 456 2425 808 2494; x_wconf 71' lang='grc' dir='ltr'>ἐπέστρεψα</span> <span class='ocrx_word' id='word_1_298' title='bbox 827 2423 941 2496; x_wconf 80' lang='grc' dir='ltr'><strong>ἐγὼ</strong></span> <span class='ocrx_word' id='word_1_299' title='bbox 961 2424 1070 2480; x_wconf 84' lang='grc' dir='ltr'>τοῦ</span> <span class='ocrx_word' id='word_1_300' title='bbox 1099 2425 1523 2492; x_wconf 79' lang='grc' dir='ltr'>ἀποτάξασθαι</span> <span class='ocrx_word' id='word_1_301' title='bbox 1542 2426 1616 2496; x_wconf 78' lang='grc' dir='ltr'>τῇ</span> <span class='ocrx_word' id='word_1_302' title='bbox 1637 2427 1850 2496; x_wconf 74' lang='grc' dir='ltr'>καρδίᾳ</span> 
     </span>
    </p>
   </div>
   <div class='ocr_carea' id='block_1_43' title="bbox 251 2510 1852 2592">
    <p class='ocr_par' dir='ltr' id='par_1_43' title="bbox 251 2510 1852 2592">
     <span class='ocr_line' id='line_1_43' title="bbox 251 2510 1852 2592; baseline 0.001 -22"><span class='ocrx_word' id='word_1_303' title='bbox 251 2536 372 2592; x_wconf 61' lang='grc' dir='ltr'>μου</span> <span class='ocrx_word' id='word_1_304' title='bbox 393 2518 466 2571; x_wconf 79' lang='grc' dir='ltr'><strong>ἐν</strong></span> <span class='ocrx_word' id='word_1_305' title='bbox 485 2517 666 2570; x_wconf 76' lang='grc' dir='ltr'>παντὶ</span> <span class='ocrx_word' id='word_1_306' title='bbox 688 2517 915 2587; x_wconf 83' lang='grc' dir='ltr'><strong>μόχθῳ,</strong></span> <span class='ocrx_word' id='word_1_307' title='bbox 935 2510 985 2585; x_wconf 82' lang='grc' dir='ltr'>ᾧ</span> <span class='ocrx_word' id='word_1_308' title='bbox 1011 2519 1324 2590; x_wconf 80' lang='grc' dir='ltr'>ὲμόχθησα</span> <span class='ocrx_word' id='word_1_309' title='bbox 1354 2519 1474 2574; x_wconf 78' lang='grc' dir='ltr'><strong>ὑπὸ</strong></span> <span class='ocrx_word' id='word_1_310' title='bbox 1504 2519 1614 2572; x_wconf 82' lang='grc' dir='ltr'><strong>τὸν</strong></span> <span class='ocrx_word' id='word_1_311' title='bbox 1651 2518 1852 2587; x_wconf 74' lang='grc' dir='ltr'>ἣλιον,</span> 
     </span>
    </p>
   </div>
   <div class='ocr_carea' id='block_1_44' title="bbox 260 2608 1854 2680">
    <p class='ocr_par' dir='ltr' id='par_1_44' title="bbox 260 2608 1854 2680">
     <span class='ocr_line' id='line_1_44' title="bbox 260 2608 1854 2680; baseline -0.001 -18"><span class='ocrx_word' id='word_1_312' title='bbox 260 2612 349 2662; x_wconf 75' lang='grc' dir='ltr'>ὅτι</span> <span class='ocrx_word' id='word_1_313' title='bbox 379 2611 550 2664; x_wconf 81' lang='grc' dir='ltr'>ἐστιν</span> <span class='ocrx_word' id='word_1_314' title='bbox 578 2608 914 2677; x_wconf 80' lang='grc' dir='ltr'>ἄνθρωπος,</span> <span class='ocrx_word' id='word_1_315' title='bbox 961 2609 1051 2664; x_wconf 84' lang='grc' dir='ltr'>ὅτι</span> <span class='ocrx_word' id='word_1_316' title='bbox 1082 2612 1307 2680; x_wconf 83' lang='grc' dir='ltr'>μόχθος</span> <span class='ocrx_word' id='word_1_317' title='bbox 1344 2609 1534 2664; x_wconf 81' lang='grc' dir='ltr'>αὑτοῦ</span> <span class='ocrx_word' id='word_1_318' title='bbox 1567 2611 1637 2663; x_wconf 83' lang='grc' dir='ltr'><strong>ἐν</strong></span> <span class='ocrx_word' id='word_1_319' title='bbox 1668 2609 1854 2678; x_wconf 69' lang='grc' dir='ltr'>σοφίᾳ</span> 
     </span>
    </p>
   </div>
   <div class='ocr_carea' id='block_1_45' title="bbox 263 2699 1854 2770">
    <p class='ocr_par' dir='ltr' id='par_1_45' title="bbox 263 2699 1854 2770">
     <span class='ocr_line' id='line_1_45' title="bbox 263 2699 1854 2770; baseline 0.001 -18"><span class='ocrx_word' id='word_1_320' title='bbox 263 2702 360 2752; x_wconf 79' lang='grc' dir='ltr'>καὶ</span> <span class='ocrx_word' id='word_1_321' title='bbox 397 2700 466 2757; x_wconf 84' lang='grc' dir='ltr'><strong>ἐν</strong></span> <span class='ocrx_word' id='word_1_322' title='bbox 496 2700 712 2770; x_wconf 75' lang='grc' dir='ltr'>γνώσει</span> <span class='ocrx_word' id='word_1_323' title='bbox 769 2700 869 2754; x_wconf 75' lang='grc' dir='ltr'>καὶ</span> <span class='ocrx_word' id='word_1_324' title='bbox 917 2701 987 2754; x_wconf 74' lang='grc' dir='ltr'><strong>ἐν</strong></span> <span class='ocrx_word' id='word_1_325' title='bbox 1033 2700 1283 2768; x_wconf 74' lang='grc' dir='ltr'>ἀνδρείᾳ</span> <span class='ocrx_word' id='word_1_326' title='bbox 1307 2715 1320 2730; x_wconf 87' lang='grc'><strong>·</strong></span> <span class='ocrx_word' id='word_1_327' title='bbox 1370 2699 1470 2753; x_wconf 82' lang='grc' dir='ltr'>καὶ</span> <span class='ocrx_word' id='word_1_328' title='bbox 1521 2699 1854 2769; x_wconf 75' lang='grc' dir='ltr'>ἅνθρωπος,</span> 
     </span>
    </p>
   </div>
   <div class='ocr_carea' id='block_1_46' title="bbox 265 2789 1852 2861">
    <p class='ocr_par' dir='ltr' id='par_1_46' title="bbox 265 2789 1852 2861">
     <span class='ocr_line' id='line_1_46' title="bbox 265 2789 1852 2861; baseline 0 -17"><span class='ocrx_word' id='word_1_329' title='bbox 366 2793 477 2844; x_wconf 81' lang='grc' dir='ltr'>οὐκ</span> <span class='ocrx_word' id='word_1_330' title='bbox 513 2792 858 2861; x_wconf 82' lang='grc' dir='ltr'>ἐμόχθησεν</span> <span class='ocrx_word' id='word_1_331' title='bbox 889 2791 962 2846; x_wconf 77' lang='grc' dir='ltr'><strong>ἐν</strong></span> <span class='ocrx_word' id='word_1_332' title='bbox 1008 2791 1190 2858; x_wconf 83' lang='grc' dir='ltr'>αὐτῷ,</span> <span class='ocrx_word' id='word_1_333' title='bbox 1223 2789 1400 2846; x_wconf 79' lang='grc' dir='ltr'>δώσει</span> <span class='ocrx_word' id='word_1_334' title='bbox 1453 2790 1615 2857; x_wconf 84' lang='grc' dir='ltr'>αὐτῷ</span> <span class='ocrx_word' id='word_1_335' title='bbox 1639 2790 1852 2860; x_wconf 78' lang='grc' dir='ltr'>μερίδα</span> 
     </span>
    </p>
   </div>
   <div class='ocr_carea' id='block_1_47' title="bbox 266 2899 478 2937">
    <p class='ocr_par' dir='ltr' id='par_1_47' title="bbox 266 2899 478 2937">
     <span class='ocr_line' id='line_1_47' title="bbox 266 2899 478 2937; baseline -0.005 0"><span class='ocrx_word' id='word_1_336' title='bbox 266 2899 478 2937; x_wconf 77' lang='grc' dir='ltr'>αυτου.</span> 
     </span>
    </p>
   </div>
   <div class='ocr_carea' id='block_1_48' title="bbox 339 2973 1856 3046">
    <p class='ocr_par' dir='ltr' id='par_1_48' title="bbox 339 2973 1856 3046">
     <span class='ocr_line' id='line_1_48' title="bbox 339 2973 1856 3046; baseline 0.001 -20"><span class='ocrx_word' id='word_1_337' title='bbox 339 2973 460 3026; x_wconf 83' lang='grc' dir='ltr'><strong>Τῶν</strong></span> <span class='ocrx_word' id='word_1_338' title='bbox 492 2973 922 3044; x_wconf 82' lang='grc' dir='ltr'>πολιτευομένων</span> <span class='ocrx_word' id='word_1_339' title='bbox 943 2976 1055 3038; x_wconf 82' lang='grc' dir='ltr'>τοῖς</span> <span class='ocrx_word' id='word_1_340' title='bbox 1079 2973 1390 3046; x_wconf 89' lang='grc' dir='ltr'>ἀνθρώποις</span> <span class='ocrx_word' id='word_1_341' title='bbox 1412 2975 1507 3030; x_wconf 71' lang='grc' dir='ltr'><strong>καὶ</strong></span> <span class='ocrx_word' id='word_1_342' title='bbox 1527 2993 1592 3030; x_wconf 90' lang='grc' dir='ltr'><strong>συ</strong></span> <span class='ocrx_word' id='word_1_343' title='bbox 1601 2975 1856 3046; x_wconf 79' lang='grc' dir='ltr'>μ6αινόν-</span> 
     </span>
    </p>
   </div>
   <div class='ocr_carea' id='block_1_49' title="bbox 262 3064 1855 3138">
    <p class='ocr_par' dir='ltr' id='par_1_49' title="bbox 262 3064 1855 3138">
     <span class='ocr_line' id='line_1_49' title="bbox 262 3064 1855 3138; baseline 0.003 -21"><span class='ocrx_word' id='word_1_344' title='bbox 262 3082 373 3130; x_wconf 77' lang='grc' dir='ltr'><strong>των</strong></span> <span class='ocrx_word' id='word_1_345' title='bbox 397 3067 754 3138; x_wconf 80' lang='grc' dir='ltr'>πραγμάτων,</span> <span class='ocrx_word' id='word_1_346' title='bbox 777 3064 1163 3136; x_wconf 82' lang='grc' dir='ltr'>ἀπειροκάλοις</span> <span class='ocrx_word' id='word_1_347' title='bbox 1195 3064 1398 3137; x_wconf 77' lang='grc' dir='ltr'>δηλαδὴ</span> <span class='ocrx_word' id='word_1_348' title='bbox 1427 3068 1522 3120; x_wconf 73' lang='grc' dir='ltr'><strong>καὶ</strong></span> <span class='ocrx_word' id='word_1_349' title='bbox 1545 3066 1855 3132; x_wconf 81' lang='grc' dir='ltr'>σπουδαίοις</span> 
     </span>
    </p>
   </div>
   <div class='ocr_carea' id='block_1_50' title="bbox 2023 2426 3545 2496">
    <p class='ocr_par' dir='ltr' id='par_1_50' title="bbox 2023 2426 3545 2496">
     <span class='ocr_line' id='line_1_50' title="bbox 2023 2426 3545 2496; baseline 0.002 -19"><span class='ocrx_word' id='word_1_350' title='bbox 2023 2426 2187 2482; x_wconf 73' lang='lat' dir='ltr'><strong>Vsus.</strong></span> <span class='ocrx_word' id='word_1_351' title='bbox 2227 2427 2320 2494; x_wconf 76' lang='lat'><strong>20,</strong></span> <span class='ocrx_word' id='word_1_352' title='bbox 2353 2427 2446 2483; x_wconf 71' lang='lat'><strong>2|.</strong></span> <span class='ocrx_word' id='word_1_353' title='bbox 2480 2426 2548 2480; x_wconf 82' lang='lat' dir='ltr'><strong>Et</strong></span> <span class='ocrx_word' id='word_1_354' title='bbox 2574 2442 2860 2480; x_wconf 67' lang='lat' dir='ltr'><strong>conversus</strong></span> <span class='ocrx_word' id='word_1_355' title='bbox 2885 2442 3005 2480; x_wconf 72' lang='lat' dir='ltr'><strong>sum</strong></span> <span class='ocrx_word' id='word_1_356' title='bbox 3033 2442 3148 2496; x_wconf 83' lang='lat' dir='ltr'><strong>ego,</strong></span> <span class='ocrx_word' id='word_1_357' title='bbox 3179 2435 3241 2479; x_wconf 81' lang='lat' dir='ltr'><strong>ut</strong></span> <span class='ocrx_word' id='word_1_358' title='bbox 3270 2429 3545 2480; x_wconf 80' lang='lat' dir='ltr'><strong>renuntia-</strong></span> 
     </span>
    </p>
   </div>
   <div class='ocr_carea' id='block_1_51' title="bbox 1951 2517 3540 2588">
    <p class='ocr_par' dir='ltr' id='par_1_51' title="bbox 1951 2517 3540 2588">
     <span class='ocr_line' id='line_1_51' title="bbox 1951 2517 3540 2588; baseline -0.002 -13"><span class='ocrx_word' id='word_1_359' title='bbox 1951 2537 2056 2575; x_wconf 85' lang='lat' dir='ltr'><strong>rem</strong></span> <span class='ocrx_word' id='word_1_360' title='bbox 2087 2521 2238 2575; x_wconf 88' lang='lat' dir='ltr'><strong>cordi</strong></span> <span class='ocrx_word' id='word_1_361' title='bbox 2265 2537 2376 2574; x_wconf 72' lang='lat' dir='ltr'><strong>ineo</strong></span> <span class='ocrx_word' id='word_1_362' title='bbox 2403 2521 2458 2574; x_wconf 83' lang='lat' dir='ltr'><strong>in</strong></span> <span class='ocrx_word' id='word_1_363' title='bbox 2485 2523 2630 2572; x_wconf 81' lang='lat' dir='ltr'><strong>omni</strong></span> <span class='ocrx_word' id='word_1_364' title='bbox 2656 2517 2860 2584; x_wconf 73' lang='lat' dir='ltr'><strong>labore,</strong></span> <span class='ocrx_word' id='word_1_365' title='bbox 2887 2535 2990 2588; x_wconf 91' lang='lat' dir='ltr'><strong>quo</strong></span> <span class='ocrx_word' id='word_1_366' title='bbox 3015 2517 3261 2574; x_wconf 74' lang='lat' dir='ltr'><strong>laboravi</strong></span> <span class='ocrx_word' id='word_1_367' title='bbox 3288 2518 3383 2572; x_wconf 69' lang='lat' dir='ltr'><strong>sub</strong></span> <span class='ocrx_word' id='word_1_368' title='bbox 3413 2520 3540 2582; x_wconf 79' lang='lat' dir='ltr'><strong>sole,</strong></span> 
     </span>
    </p>
   </div>
   <div class='ocr_carea' id='block_1_52' title="bbox 1949 2609 3545 2683">
    <p class='ocr_par' dir='ltr' id='par_1_52' title="bbox 1949 2609 3545 2683">
     <span class='ocr_line' id='line_1_52' title="bbox 1949 2609 3545 2683; baseline -0.001 -19"><span class='ocrx_word' id='word_1_369' title='bbox 1949 2615 2074 2683; x_wconf 86' lang='lat' dir='ltr'><strong>quia</strong></span> <span class='ocrx_word' id='word_1_370' title='bbox 2103 2622 2177 2666; x_wconf 77' lang='lat' dir='ltr'><strong>est</strong></span> <span class='ocrx_word' id='word_1_371' title='bbox 2204 2612 2358 2665; x_wconf 80' lang='lat' dir='ltr'><strong>homo</strong></span> <span class='ocrx_word' id='word_1_372' title='bbox 2388 2651 2402 2674; x_wconf 87' lang='lat'><strong>,</strong></span> <span class='ocrx_word' id='word_1_373' title='bbox 2434 2611 2562 2679; x_wconf 86' lang='lat' dir='ltr'><strong>quia</strong></span> <span class='ocrx_word' id='word_1_374' title='bbox 2591 2609 2748 2664; x_wconf 86' lang='lat' dir='ltr'><strong>labor</strong></span> <span class='ocrx_word' id='word_1_375' title='bbox 2775 2609 2888 2680; x_wconf 79' lang='lat' dir='ltr'><strong>ejus</strong></span> <span class='ocrx_word' id='word_1_376' title='bbox 2915 2611 2969 2664; x_wconf 85' lang='lat' dir='ltr'><strong>in</strong></span> <span class='ocrx_word' id='word_1_377' title='bbox 3001 2611 3263 2678; x_wconf 78' lang='lat' dir='ltr'><strong>sapientia</strong></span> <span class='ocrx_word' id='word_1_378' title='bbox 3289 2619 3336 2664; x_wconf 86' lang='lat' dir='ltr'><strong>et</strong></span> <span class='ocrx_word' id='word_1_379' title='bbox 3370 2609 3424 2662; x_wconf 87' lang='lat' dir='ltr'><strong>in</strong></span> <span class='ocrx_word' id='word_1_380' title='bbox 3459 2625 3545 2663; x_wconf 85' lang='lat' dir='ltr'><strong>co-</strong></span> 
     </span>
    </p>
   </div>
   <div class='ocr_carea' id='block_1_53' title="bbox 1952 2700 3542 2776">
    <p class='ocr_par' dir='ltr' id='par_1_53' title="bbox 1952 2700 3542 2776">
     <span class='ocr_line' id='line_1_53' title="bbox 1952 2700 3542 2776; baseline -0.001 -20"><span class='ocrx_word' id='word_1_381' title='bbox 1952 2705 2184 2776; x_wconf 81' lang='lat' dir='ltr'><strong>gnitione</strong></span> <span class='ocrx_word' id='word_1_382' title='bbox 2213 2713 2260 2757; x_wconf 76' lang='lat' dir='ltr'><strong>et</strong></span> <span class='ocrx_word' id='word_1_383' title='bbox 2291 2703 2346 2757; x_wconf 83' lang='lat' dir='ltr'><strong>in</strong></span> <span class='ocrx_word' id='word_1_384' title='bbox 2372 2703 2566 2756; x_wconf 86' lang='lat' dir='ltr'><strong>virtute</strong></span> <span class='ocrx_word' id='word_1_385' title='bbox 2592 2717 2610 2766; x_wconf 90' lang='lat'><em>;</em></span> <span class='ocrx_word' id='word_1_386' title='bbox 2644 2711 2695 2756; x_wconf 76' lang='lat' dir='ltr'><strong>et</strong></span> <span class='ocrx_word' id='word_1_387' title='bbox 2725 2701 2902 2767; x_wconf 86' lang='lat' dir='ltr'><strong>homo,</strong></span> <span class='ocrx_word' id='word_1_388' title='bbox 2934 2701 3031 2771; x_wconf 87' lang='lat' dir='ltr'><strong>qui</strong></span> <span class='ocrx_word' id='word_1_389' title='bbox 3054 2717 3156 2756; x_wconf 83' lang='lat' dir='ltr'><strong>non</strong></span> <span class='ocrx_word' id='word_1_390' title='bbox 3187 2700 3453 2756; x_wconf 75' lang='lat' dir='ltr'><strong>laboravit</strong></span> <span class='ocrx_word' id='word_1_391' title='bbox 3487 2701 3542 2755; x_wconf 81' lang='lat' dir='ltr'><strong>iu</strong></span> 
     </span>
    </p>
   </div>
   <div class='ocr_carea' id='block_1_54' title="bbox 1948 2793 2899 2876">
    <p class='ocr_par' dir='ltr' id='par_1_54' title="bbox 1948 2793 2899 2876">
     <span class='ocr_line' id='line_1_54' title="bbox 1948 2793 2899 2876; baseline 0 -26"><span class='ocrx_word' id='word_1_392' title='bbox 1948 2813 2028 2876; x_wconf 66' lang='lat' dir='ltr'><strong>eo,</strong></span> <span class='ocrx_word' id='word_1_393' title='bbox 2059 2796 2205 2850; x_wconf 81' lang='lat' dir='ltr'><strong>dabit</strong></span> <span class='ocrx_word' id='word_1_394' title='bbox 2237 2795 2319 2849; x_wconf 85' lang='lat' dir='ltr'><strong>illi</strong></span> <span class='ocrx_word' id='word_1_395' title='bbox 2341 2805 2549 2866; x_wconf 80' lang='lat' dir='ltr'><strong>partem</strong></span> <span class='ocrx_word' id='word_1_396' title='bbox 2577 2811 2731 2850; x_wconf 78' lang='lat' dir='ltr'><strong>suam</strong></span> <span class='ocrx_word' id='word_1_397' title='bbox 2763 2793 2899 2866; x_wconf 85' lang='lat'><strong>(9|).</strong></span> 
     </span>
    </p>
   </div>
   <div class='ocr_carea' id='block_1_55' title="bbox 2022 2972 3543 3042">
    <p class='ocr_par' dir='ltr' id='par_1_55' title="bbox 2022 2972 3543 3042">
     <span class='ocr_line' id='line_1_55' title="bbox 2022 2972 3543 3042; baseline 0.001 -15"><span class='ocrx_word' id='word_1_398' title='bbox 2022 2972 2353 3035; x_wconf 81' lang='lat' dir='ltr'><strong>Conditioue</strong></span> <span class='ocrx_word' id='word_1_399' title='bbox 2379 2986 2651 3042; x_wconf 82' lang='lat' dir='ltr'><strong>perpensa</strong></span> <span class='ocrx_word' id='word_1_400' title='bbox 2689 2985 2870 3026; x_wconf 91' lang='lat' dir='ltr'><strong>rerum</strong></span> <span class='ocrx_word' id='word_1_401' title='bbox 2902 2987 3092 3026; x_wconf 88' lang='lat' dir='ltr'><strong>earum</strong></span> <span class='ocrx_word' id='word_1_402' title='bbox 3113 3011 3129 3036; x_wconf 89' lang='lat'><strong>,</strong></span> <span class='ocrx_word' id='word_1_403' title='bbox 3181 2987 3305 3042; x_wconf 63' lang='lat' dir='ltr'><strong>quae</strong></span> <span class='ocrx_word' id='word_1_404' title='bbox 3333 2973 3403 3027; x_wconf 91' lang='lat' dir='ltr'><strong>ab</strong></span> <span class='ocrx_word' id='word_1_405' title='bbox 3442 2973 3543 3028; x_wconf 82' lang='lat' dir='ltr'><strong>ho-</strong></span> 
     </span>
    </p>
   </div>
   <div class='ocr_carea' id='block_1_56' title="bbox 1955 3063 3546 3134">
    <p class='ocr_par' dir='ltr' id='par_1_56' title="bbox 1955 3063 3546 3134">
     <span class='ocr_line' id='line_1_56' title="bbox 1955 3063 3546 3134; baseline 0 -16"><span class='ocrx_word' id='word_1_406' title='bbox 1955 3063 2199 3118; x_wconf 84' lang='lat' dir='ltr'><strong>minibus</strong></span> <span class='ocrx_word' id='word_1_407' title='bbox 2243 3072 2542 3134; x_wconf 76' lang='lat' dir='ltr'><strong>geruntur,</strong></span> <span class='ocrx_word' id='word_1_408' title='bbox 2576 3077 2810 3133; x_wconf 64' lang='lat' dir='ltr'><strong>quaeque</strong></span> <span class='ocrx_word' id='word_1_409' title='bbox 2860 3063 2972 3133; x_wconf 78' lang='lat'><strong>60</strong></span> <span class='ocrx_word' id='word_1_410' title='bbox 3022 3063 3366 3128; x_wconf 89' lang='lat' dir='ltr'><strong>inhonestis,</strong></span> <span class='ocrx_word' id='word_1_411' title='bbox 3402 3077 3546 3134; x_wconf 62' lang='lat' dir='ltr'><strong>saepe</strong></span> 
     </span>
    </p>
   </div>
   <div class='ocr_carea' id='block_1_57' title="bbox 263 3151 1849 3232">
    <p class='ocr_par' dir='ltr' id='par_1_57' title="bbox 263 3157 1849 3232">
     <span class='ocr_line' id='line_1_57' title="bbox 263 3157 1849 3232; baseline 0.003 -24"><span class='ocrx_word' id='word_1_412' title='bbox 263 3157 525 3221; x_wconf 76' lang='grc' dir='ltr'>πολλάκις</span> <span class='ocrx_word' id='word_1_413' title='bbox 568 3159 950 3228; x_wconf 81' lang='grc' dir='ltr'>παρεξετάσας</span> <span class='ocrx_word' id='word_1_414' title='bbox 986 3159 1087 3228; x_wconf 77' lang='grc' dir='ltr'><strong>τὴν</strong></span> <span class='ocrx_word' id='word_1_415' title='bbox 1132 3157 1316 3228; x_wconf 73' lang='grc' dir='ltr'>φύσιν,</span> <span class='ocrx_word' id='word_1_416' title='bbox 1351 3159 1446 3212; x_wconf 59' lang='grc' dir='ltr'><strong>καὶ¹</strong></span> <span class='ocrx_word' id='word_1_417' title='bbox 1475 3159 1573 3232; x_wconf 82' lang='grc' dir='ltr'>τὴν</span> <span class='ocrx_word' id='word_1_418' title='bbox 1619 3161 1849 3216; x_wconf 77' lang='grc' dir='ltr'>ἄτακτον</span> 
     </span>
    </p>
   </div>
   <div class='ocr_carea' id='block_1_58' title="bbox 1951 3151 3548 3232">
    <p class='ocr_par' dir='ltr' id='par_1_58' title="bbox 1956 3151 3548 3222">
     <span class='ocr_line' id='line_1_58' title="bbox 1956 3151 3548 3222; baseline 0.001 -15"><span class='ocrx_word' id='word_1_419' title='bbox 1956 3162 2012 3208; x_wconf 86' lang='lat' dir='ltr'><strong>et</strong></span> <span class='ocrx_word' id='word_1_420' title='bbox 2041 3153 2286 3207; x_wconf 83' lang='lat' dir='ltr'><strong>honestis</strong></span> <span class='ocrx_word' id='word_1_421' title='bbox 2331 3151 2660 3222; x_wconf 84' lang='lat' dir='ltr'><strong>contingunt</strong></span> <span class='ocrx_word' id='word_1_422' title='bbox 2689 3192 2705 3216; x_wconf 89' lang='lat'><strong>,</strong></span> <span class='ocrx_word' id='word_1_423' title='bbox 2753 3160 2867 3204; x_wconf 91' lang='lat' dir='ltr'><strong>tum</strong></span> <span class='ocrx_word' id='word_1_424' title='bbox 2899 3151 3252 3206; x_wconf 90' lang='lat' dir='ltr'><strong>considerata</strong></span> <span class='ocrx_word' id='word_1_425' title='bbox 3281 3167 3405 3208; x_wconf 89' lang='lat' dir='ltr'><strong>cum</strong></span> <span class='ocrx_word' id='word_1_426' title='bbox 3429 3154 3548 3208; x_wconf 85' lang='lat' dir='ltr'><strong>ani-</strong></span> 
     </span>
    </p>
   </div>
   <div class='ocr_carea' id='block_1_59' title="bbox 261 3248 1851 3329">
    <p class='ocr_par' dir='ltr' id='par_1_59' title="bbox 261 3248 1851 3329">
     <span class='ocr_line' id='line_1_59' title="bbox 261 3248 1851 3329; baseline 0.001 -27"><span class='ocrx_word' id='word_1_427' title='bbox 261 3250 358 3310; x_wconf 73' lang='grc' dir='ltr'><strong>καὶ</strong></span> <span class='ocrx_word' id='word_1_428' title='bbox 412 3249 532 3303; x_wconf 85' lang='grc' dir='ltr'>κατ’</span> <span class='ocrx_word' id='word_1_429' title='bbox 582 3249 838 3320; x_wconf 77' lang='grc' dir='ltr'>οὐδεμίαν</span> <span class='ocrx_word' id='word_1_430' title='bbox 872 3248 1198 3329; x_wconf 44' lang='grc' dir='ltr'>ἀκολουθίαν</span> <span class='ocrx_word' id='word_1_431' title='bbox 1238 3249 1334 3304; x_wconf 81' lang='grc' dir='ltr'>τοῦ</span> <span class='ocrx_word' id='word_1_432' title='bbox 1372 3251 1606 3304; x_wconf 87' lang='grc' dir='ltr'>πλούτου</span> <span class='ocrx_word' id='word_1_433' title='bbox 1667 3268 1851 3322; x_wconf 80' lang='grc' dir='ltr'>παρα-</span> 
     </span>
    </p>
   </div>
   <div class='ocr_carea' id='block_1_60' title="bbox 261 3341 1850 3414">
    <p class='ocr_par' dir='ltr' id='par_1_60' title="bbox 261 3341 1850 3414">
     <span class='ocr_line' id='line_1_60' title="bbox 261 3341 1850 3414; baseline 0.003 -21"><span class='ocrx_word' id='word_1_434' title='bbox 261 3343 488 3412; x_wconf 75' lang='grc' dir='ltr'>πομπὴν</span> <span class='ocrx_word' id='word_1_435' title='bbox 549 3341 650 3412; x_wconf 80' lang='grc' dir='ltr'><strong>τὴν</strong></span> <span class='ocrx_word' id='word_1_436' title='bbox 699 3341 836 3412; x_wconf 82' lang='grc' dir='ltr'>πρὸς</span> <span class='ocrx_word' id='word_1_437' title='bbox 883 3341 1106 3413; x_wconf 79' lang='grc' dir='ltr'>ἑτέρους</span> <span class='ocrx_word' id='word_1_438' title='bbox 1152 3345 1520 3414; x_wconf 83' lang='grc' dir='ltr'>χρυσομανεῖς</span> <span class='ocrx_word' id='word_1_439' title='bbox 1575 3345 1669 3396; x_wconf 75' lang='grc' dir='ltr'>καὶ</span> <span class='ocrx_word' id='word_1_440' title='bbox 1731 3360 1850 3411; x_wconf 86' lang='grc' dir='ltr'>φει-</span> 
     </span>
    </p>
   </div>
   <div class='ocr_carea' id='block_1_61' title="bbox 259 3432 1852 3506">
    <p class='ocr_par' dir='ltr' id='par_1_61' title="bbox 259 3432 1852 3506">
     <span class='ocr_line' id='line_1_61' title="bbox 259 3432 1852 3506; baseline 0.001 -22"><span class='ocrx_word' id='word_1_441' title='bbox 259 3432 486 3506; x_wconf 65' lang='grc' dir='ltr'>διυλους,</span> <span class='ocrx_word' id='word_1_442' title='bbox 533 3434 582 3484; x_wconf 86' lang='grc' dir='ltr'><strong>εί</strong></span> <span class='ocrx_word' id='word_1_443' title='bbox 624 3433 720 3484; x_wconf 68' lang='grc' dir='ltr'><strong>καὶ</strong></span> <span class='ocrx_word' id='word_1_444' title='bbox 747 3432 1019 3506; x_wconf 70' lang='grc' dir='ltr'>κιναίδους</span> <span class='ocrx_word' id='word_1_445' title='bbox 1064 3432 1159 3484; x_wconf 68' lang='grc' dir='ltr'><strong>καὶ</strong></span> <span class='ocrx_word' id='word_1_446' title='bbox 1197 3434 1319 3495; x_wconf 80' lang='grc' dir='ltr'>ταῖς</span> <span class='ocrx_word' id='word_1_447' title='bbox 1345 3433 1444 3500; x_wconf 76' lang='grc' dir='ltr'>τῆς</span> <span class='ocrx_word' id='word_1_448' title='bbox 1490 3433 1693 3502; x_wconf 65' lang='grc' dir='ltr'>σαρκὸς</span> <span class='ocrx_word' id='word_1_449' title='bbox 1727 3435 1852 3486; x_wconf 76' lang='grc' dir='ltr'>ἐπι-</span> 
     </span>
    </p>
   </div>
   <div class='ocr_carea' id='block_1_62' title="bbox 275 3519 1851 3591">
    <p class='ocr_par' dir='ltr' id='par_1_62' title="bbox 275 3519 1851 3591">
     <span class='ocr_line' id='line_1_62' title="bbox 275 3519 1851 3591; baseline 0.002 -19"><span class='ocrx_word' id='word_1_450' title='bbox 275 3521 498 3591; x_wconf 81' lang='grc' dir='ltr'>θυμίαις</span> <span class='ocrx_word' id='word_1_451' title='bbox 529 3520 958 3590; x_wconf 75' lang='grc' dir='ltr'>δεδουλωμένους</span> <span class='ocrx_word' id='word_1_452' title='bbox 982 3522 1050 3590; x_wconf 85' lang='grc' dir='ltr'>τῇ</span> <span class='ocrx_word' id='word_1_453' title='bbox 1087 3519 1298 3590; x_wconf 83' lang='grc' dir='ltr'>διανοίᾳ</span> <span class='ocrx_word' id='word_1_454' title='bbox 1335 3521 1717 3584; x_wconf 84' lang='grc' dir='ltr'>κατοπτεύσας</span> <span class='ocrx_word' id='word_1_455' title='bbox 1757 3525 1851 3576; x_wconf 75' lang='grc' dir='ltr'><strong>καὶ</strong></span> 
     </span>
    </p>
   </div>
   <div class='ocr_carea' id='block_1_63' title="bbox 257 3608 1851 3680">
    <p class='ocr_par' dir='ltr' id='par_1_63' title="bbox 257 3608 1851 3680">
     <span class='ocr_line' id='line_1_63' title="bbox 257 3608 1851 3680; baseline -0.003 -16"><span class='ocrx_word' id='word_1_456' title='bbox 257 3613 512 3678; x_wconf 75' lang='grc' dir='ltr'>διαγνοὺς</span> <span class='ocrx_word' id='word_1_457' title='bbox 535 3649 549 3677; x_wconf 82' lang='grc'><strong>,</strong></span> <span class='ocrx_word' id='word_1_458' title='bbox 599 3608 806 3676; x_wconf 80' lang='grc' dir='ltr'>ἀγαθὸν</span> <span class='ocrx_word' id='word_1_459' title='bbox 839 3609 1198 3680; x_wconf 80' lang='grc' dir='ltr'>παράδειγμα</span> <span class='ocrx_word' id='word_1_460' title='bbox 1239 3609 1458 3678; x_wconf 82' lang='grc' dir='ltr'>τίθησιν</span> <span class='ocrx_word' id='word_1_461' title='bbox 1505 3611 1698 3664; x_wconf 79' lang='grc' dir='ltr'>ἑαυτὸν</span> <span class='ocrx_word' id='word_1_462' title='bbox 1737 3613 1851 3670; x_wconf 81' lang='grc' dir='ltr'>τοῖς</span> 
     </span>
    </p>
   </div>
   <div class='ocr_carea' id='block_1_64' title="bbox 261 3699 1852 3773">
    <p class='ocr_par' dir='ltr' id='par_1_64' title="bbox 261 3699 1852 3773">
     <span class='ocr_line' id='line_1_64' title="bbox 261 3699 1852 3773; baseline 0 -19"><span class='ocrx_word' id='word_1_463' title='bbox 261 3699 750 3772; x_wconf 77' lang='grc' dir='ltr'>μεταγενεστέροις</span> <span class='ocrx_word' id='word_1_464' title='bbox 805 3699 1147 3763; x_wconf 88' lang='grc' dir='ltr'>ἀλλοιώσεως</span> <span class='ocrx_word' id='word_1_465' title='bbox 1189 3699 1293 3770; x_wconf 83' lang='grc' dir='ltr'>τῆς</span> <span class='ocrx_word' id='word_1_466' title='bbox 1338 3699 1477 3769; x_wconf 79' lang='grc' dir='ltr'>πρὸς</span> <span class='ocrx_word' id='word_1_467' title='bbox 1514 3701 1584 3754; x_wconf 73' lang='grc' dir='ltr'><strong>τὰ</strong></span> <span class='ocrx_word' id='word_1_468' title='bbox 1617 3701 1852 3773; x_wconf 87' lang='grc' dir='ltr'>κρείττω</span> 
     </span>
    </p>
   </div>
   <div class='ocr_carea' id='block_1_65' title="bbox 259 3788 1850 3862">
    <p class='ocr_par' dir='ltr' id='par_1_65' title="bbox 259 3788 1850 3862">
     <span class='ocr_line' id='line_1_65' title="bbox 259 3788 1850 3862; baseline -0.003 -17"><span class='ocrx_word' id='word_1_469' title='bbox 259 3792 354 3845; x_wconf 76' lang='grc' dir='ltr'><strong>καὶ</strong></span> <span class='ocrx_word' id='word_1_470' title='bbox 404 3788 708 3860; x_wconf 78' lang='grc' dir='ltr'>μεταϐολῆς</span> <span class='ocrx_word' id='word_1_471' title='bbox 761 3788 1048 3860; x_wconf 80' lang='grc' dir='ltr'>βελτίστης</span> <span class='ocrx_word' id='word_1_472' title='bbox 1094 3789 1190 3842; x_wconf 70' lang='grc' dir='ltr'><strong>καὶ</strong></span> <span class='ocrx_word' id='word_1_473' title='bbox 1237 3788 1720 3862; x_wconf 84' lang='grc' dir='ltr'>λυσιτελεστάτης·</span> <span class='ocrx_word' id='word_1_474' title='bbox 1763 3793 1850 3847; x_wconf 78' lang='grc' dir='ltr'><strong>ἵνα</strong></span> 
     </span>
    </p>
   </div>
   <div class='ocr_carea' id='block_1_66' title="bbox 258 3880 1849 3954">
    <p class='ocr_par' dir='ltr' id='par_1_66' title="bbox 258 3880 1849 3954">
     <span class='ocr_line' id='line_1_66' title="bbox 258 3880 1849 3954; baseline 0.003 -21"><span class='ocrx_word' id='word_1_475' title='bbox 258 3885 324 3951; x_wconf 80' lang='grc' dir='ltr'>τῇ</span> <span class='ocrx_word' id='word_1_476' title='bbox 357 3881 492 3952; x_wconf 82' lang='grc' dir='ltr'>πρὸς</span> <span class='ocrx_word' id='word_1_477' title='bbox 539 3881 706 3934; x_wconf 71' lang='grc' dir='ltr'>αὐτὸν</span> <span class='ocrx_word' id='word_1_478' title='bbox 739 3883 975 3952; x_wconf 75' lang='grc' dir='ltr'>μιμήσει</span> <span class='ocrx_word' id='word_1_479' title='bbox 1016 3881 1111 3934; x_wconf 74' lang='grc' dir='ltr'>καὶ</span> <span class='ocrx_word' id='word_1_480' title='bbox 1138 3880 1342 3946; x_wconf 86' lang='grc' dir='ltr'>πάντες</span> <span class='ocrx_word' id='word_1_481' title='bbox 1375 3880 1528 3936; x_wconf 74' lang='grc' dir='ltr'>ἄλλοι</span> <span class='ocrx_word' id='word_1_482' title='bbox 1575 3883 1676 3954; x_wconf 80' lang='grc' dir='ltr'>τῆς</span> <span class='ocrx_word' id='word_1_483' title='bbox 1714 3883 1849 3949; x_wconf 74' lang='grc' dir='ltr'>ιδίας</span> 
     </span>
    </p>
   </div>
   <div class='ocr_carea' id='block_1_67' title="bbox 262 3971 1847 4042">
    <p class='ocr_par' dir='ltr' id='par_1_67' title="bbox 262 3971 1847 4042">
     <span class='ocr_line' id='line_1_67' title="bbox 262 3971 1847 4042; baseline 0.003 -17"><span class='ocrx_word' id='word_1_484' title='bbox 262 3971 524 4034; x_wconf 74' lang='grc' dir='ltr'>ἀϐουλίας</span> <span class='ocrx_word' id='word_1_485' title='bbox 575 3973 670 4024; x_wconf 68' lang='grc' dir='ltr'><strong>καλ⁸</strong></span> <span class='ocrx_word' id='word_1_486' title='bbox 721 3971 1169 4042; x_wconf 80' lang='grc' dir='ltr'>πονηροπραξίας</span> <span class='ocrx_word' id='word_1_487' title='bbox 1217 3973 1664 4040; x_wconf 82' lang='grc' dir='ltr'>κατεγνωκότες,</span> <span class='ocrx_word' id='word_1_488' title='bbox 1723 3977 1847 4029; x_wconf 74' lang='grc' dir='ltr'>ἐπι-</span> 
     </span>
    </p>
   </div>
   <div class='ocr_carea' id='block_1_68' title="bbox 261 4063 1845 4138">
    <p class='ocr_par' dir='ltr' id='par_1_68' title="bbox 261 4063 1845 4138">
     <span class='ocr_line' id='line_1_68' title="bbox 261 4063 1845 4138; baseline 0.004 -22"><span class='ocrx_word' id='word_1_489' title='bbox 261 4063 567 4134; x_wconf 64' lang='grc' dir='ltr'>στρέψωσιν</span> <span class='ocrx_word' id='word_1_490' title='bbox 614 4065 722 4117; x_wconf 83' lang='grc' dir='ltr'><strong>ἀπὸ</strong></span> <span class='ocrx_word' id='word_1_491' title='bbox 753 4064 854 4133; x_wconf 82' lang='grc' dir='ltr'>τῆς</span> <span class='ocrx_word' id='word_1_492' title='bbox 885 4065 1023 4136; x_wconf 70' lang='grc' dir='ltr'>πρὸς</span> <span class='ocrx_word' id='word_1_493' title='bbox 1067 4065 1137 4118; x_wconf 68' lang='grc' dir='ltr'>τὰ</span> <span class='ocrx_word' id='word_1_494' title='bbox 1188 4065 1358 4138; x_wconf 86' lang='grc' dir='ltr'>χείρω</span> <span class='ocrx_word' id='word_1_495' title='bbox 1383 4067 1845 4138; x_wconf 77' lang='grc' dir='ltr'>κατολισθήτεως,</span> 
     </span>
    </p>
   </div>
   <div class='ocr_carea' id='block_1_69' title="bbox 261 4153 1847 4232">
    <p class='ocr_par' dir='ltr' id='par_1_69' title="bbox 261 4153 1847 4232">
     <span class='ocr_line' id='line_1_69' title="bbox 261 4153 1847 4232; baseline 0.004 -26"><span class='ocrx_word' id='word_1_496' title='bbox 261 4155 356 4207; x_wconf 78' lang='grc' dir='ltr'>καὶ</span> <span class='ocrx_word' id='word_1_497' title='bbox 381 4153 479 4226; x_wconf 77' lang='grc' dir='ltr'><strong>τὴν</strong></span> <span class='ocrx_word' id='word_1_498' title='bbox 503 4153 638 4208; x_wconf 81' lang='grc' dir='ltr'>ἰδίαν</span> <span class='ocrx_word' id='word_1_499' title='bbox 668 4153 814 4225; x_wconf 78' lang='grc' dir='ltr'>ζωὴν</span> <span class='ocrx_word' id='word_1_500' title='bbox 839 4155 1281 4210; x_wconf 88' lang='grc' dir='ltr'>ἀνακαλέσωνται</span> <span class='ocrx_word' id='word_1_501' title='bbox 1308 4158 1407 4228; x_wconf 81' lang='grc' dir='ltr'>τῆς</span> <span class='ocrx_word' id='word_1_502' title='bbox 1427 4157 1563 4228; x_wconf 80' lang='grc' dir='ltr'>πρὸς</span> <span class='ocrx_word' id='word_1_503' title='bbox 1590 4160 1660 4211; x_wconf 90' lang='grc' dir='ltr'><strong>τά</strong></span> <span class='ocrx_word' id='word_1_504' title='bbox 1679 4160 1847 4232; x_wconf 86' lang='grc' dir='ltr'>χείρω</span> 
     </span>
    </p>
   </div>
   <div class='ocr_carea' id='block_1_70' title="bbox 265 4245 1846 4319">
    <p class='ocr_par' dir='ltr' id='par_1_70' title="bbox 265 4245 1846 4319">
     <span class='ocr_line' id='line_1_70' title="bbox 265 4245 1846 4319; baseline 0.006 -24"><span class='ocrx_word' id='word_1_505' title='bbox 265 4245 471 4315; x_wconf 74' lang='grc' dir='ltr'>ῥοπῆςο</span> <span class='ocrx_word' id='word_1_506' title='bbox 507 4247 641 4316; x_wconf 73' lang='grc' dir='ltr'>φησὶ</span> <span class='ocrx_word' id='word_1_507' title='bbox 663 4247 772 4316; x_wconf 74' lang='grc' dir='ltr'><strong>γάρ</strong></span> <span class='ocrx_word' id='word_1_508' title='bbox 799 4261 814 4277; x_wconf 79' lang='grc' dir='ltr'><strong>ο</strong></span> <span class='ocrx_word' id='word_1_509' title='bbox 852 4265 870 4297; x_wconf 81' lang='grc' dir='ltr'><strong>ι</strong></span> <span class='ocrx_word' id='word_1_510' title='bbox 914 4247 1024 4300; x_wconf 73' lang='grc' dir='ltr'>Καὶ</span> <span class='ocrx_word' id='word_1_511' title='bbox 1064 4247 1378 4319; x_wconf 70' lang='grc' dir='ltr'>ἐπέστρεψα</span> <span class='ocrx_word' id='word_1_512' title='bbox 1425 4248 1536 4318; x_wconf 79' lang='grc' dir='ltr'><strong>ἐγὼ</strong></span> <span class='ocrx_word' id='word_1_513' title='bbox 1571 4248 1667 4302; x_wconf 81' lang='grc' dir='ltr'>τοῦ</span> <span class='ocrx_word' id='word_1_514' title='bbox 1707 4251 1846 4304; x_wconf 88' lang='grc' dir='ltr'>ἀπο-</span> 
     </span>
    </p>
   </div>
   <div class='ocr_carea' id='block_1_71' title="bbox 261 4333 1845 4412">
    <p class='ocr_par' dir='ltr' id='par_1_71' title="bbox 261 4333 1845 4412">
     <span class='ocr_line' id='line_1_71' title="bbox 261 4333 1845 4412; baseline 0.006 -26"><span class='ocrx_word' id='word_1_515' title='bbox 261 4335 523 4397; x_wconf 77' lang='grc' dir='ltr'>τάξασθαι</span> <span class='ocrx_word' id='word_1_516' title='bbox 555 4338 624 4407; x_wconf 83' lang='grc' dir='ltr'>τῇ</span> <span class='ocrx_word' id='word_1_517' title='bbox 660 4335 860 4407; x_wconf 71' lang='grc' dir='ltr'>καρδία</span> <span class='ocrx_word' id='word_1_518' title='bbox 896 4354 998 4407; x_wconf 91' lang='grc' dir='ltr'><strong>μου</strong></span> <span class='ocrx_word' id='word_1_519' title='bbox 1041 4339 1136 4390; x_wconf 76' lang='grc' dir='ltr'>ἐπὶ</span> <span class='ocrx_word' id='word_1_520' title='bbox 1187 4341 1352 4394; x_wconf 59' lang='grc' dir='ltr'><strong>παντὶ⁸</strong></span> <span class='ocrx_word' id='word_1_521' title='bbox 1389 4339 1596 4411; x_wconf 78' lang='grc' dir='ltr'>μόχθῳ,</span> <span class='ocrx_word' id='word_1_522' title='bbox 1624 4333 1668 4408; x_wconf 79' lang='grc' dir='ltr'>ᾧ</span> <span class='ocrx_word' id='word_1_523' title='bbox 1715 4342 1845 4412; x_wconf 80' lang='grc' dir='ltr'><strong>ἐμό-</strong></span> 
     </span>
    </p>
   </div>
   <div class='ocr_carea' id='block_1_72' title="bbox 260 4427 1846 4503">
    <p class='ocr_par' dir='ltr' id='par_1_72' title="bbox 260 4427 1846 4503">
     <span class='ocr_line' id='line_1_72' title="bbox 260 4427 1846 4503; baseline 0.005 -26"><span class='ocrx_word' id='word_1_524' title='bbox 260 4427 438 4494; x_wconf 66' lang='grc' dir='ltr'>χθςσα</span> <span class='ocrx_word' id='word_1_525' title='bbox 474 4427 576 4480; x_wconf 78' lang='grc' dir='ltr'><strong>ὑπὸ</strong></span> <span class='ocrx_word' id='word_1_526' title='bbox 601 4428 694 4480; x_wconf 72' lang='grc' dir='ltr'><strong>τὸν</strong></span> <span class='ocrx_word' id='word_1_527' title='bbox 721 4427 894 4496; x_wconf 74' lang='grc' dir='ltr'>ἣλιον,</span> <span class='ocrx_word' id='word_1_528' title='bbox 929 4429 1011 4481; x_wconf 87' lang='grc' dir='ltr'><strong>ὃτι</strong></span> <span class='ocrx_word' id='word_1_529' title='bbox 1040 4429 1186 4482; x_wconf 78' lang='grc' dir='ltr'>ἔστιν</span> <span class='ocrx_word' id='word_1_530' title='bbox 1213 4429 1521 4502; x_wconf 68' lang='grc' dir='ltr'>ἄνθρωπος,</span> <span class='ocrx_word' id='word_1_531' title='bbox 1553 4431 1636 4484; x_wconf 80' lang='grc' dir='ltr'>ὅτι</span> <span class='ocrx_word' id='word_1_532' title='bbox 1687 4433 1715 4485; x_wconf 84' lang='grc' dir='ltr'><strong>ὁ</strong></span> <span class='ocrx_word' id='word_1_533' title='bbox 1750 4433 1846 4503; x_wconf 80' lang='grc' dir='ltr'><strong>μό-</strong></span> 
     </span>
    </p>
   </div>
   <div class='ocr_carea' id='block_1_73' title="bbox 1956 3244 3546 3315">
    <p class='ocr_par' dir='ltr' id='par_1_73' title="bbox 1956 3244 3546 3315">
     <span class='ocr_line' id='line_1_73' title="bbox 1956 3244 3546 3315; baseline 0.001 -16"><span class='ocrx_word' id='word_1_534' title='bbox 1956 3263 2045 3300; x_wconf 88' lang='lat' dir='ltr'><strong>mo</strong></span> <span class='ocrx_word' id='word_1_535' title='bbox 2066 3262 2166 3300; x_wconf 90' lang='lat' dir='ltr'><strong>suo</strong></span> <span class='ocrx_word' id='word_1_536' title='bbox 2197 3245 2528 3315; x_wconf 77' lang='lat' dir='ltr'><strong>cognitaque</strong></span> <span class='ocrx_word' id='word_1_537' title='bbox 2559 3244 2854 3307; x_wconf 86' lang='lat' dir='ltr'><strong>bonorum,</strong></span> <span class='ocrx_word' id='word_1_538' title='bbox 2876 3258 2999 3313; x_wconf 77' lang='lat' dir='ltr'><strong>quae</strong></span> <span class='ocrx_word' id='word_1_539' title='bbox 3034 3244 3186 3298; x_wconf 90' lang='lat' dir='ltr'><strong>nullo</strong></span> <span class='ocrx_word' id='word_1_540' title='bbox 3221 3245 3415 3300; x_wconf 88' lang='lat' dir='ltr'><strong>ordine</strong></span> <span class='ocrx_word' id='word_1_541' title='bbox 3449 3256 3546 3302; x_wconf 85' lang='lat' dir='ltr'><strong>aut</strong></span> 
     </span>
    </p>
   </div>
   <div class='ocr_carea' id='block_1_74' title="bbox 1953 3333 3545 3406">
    <p class='ocr_par' dir='ltr' id='par_1_74' title="bbox 1953 3333 3545 3406">
     <span class='ocr_line' id='line_1_74' title="bbox 1953 3333 3545 3406; baseline 0.001 -16"><span class='ocrx_word' id='word_1_542' title='bbox 1953 3336 2162 3390; x_wconf 70' lang='lat' dir='ltr'><strong>delectu</strong></span> <span class='ocrx_word' id='word_1_543' title='bbox 2197 3335 2254 3390; x_wconf 88' lang='lat' dir='ltr'><strong>ﬁt</strong></span> <span class='ocrx_word' id='word_1_544' title='bbox 2281 3376 2296 3402; x_wconf 90' lang='lat'><strong>,</strong></span> <span class='ocrx_word' id='word_1_545' title='bbox 2327 3335 2748 3390; x_wconf 88' lang='lat' dir='ltr'><strong>transmissione</strong></span> <span class='ocrx_word' id='word_1_546' title='bbox 2780 3333 2847 3388; x_wconf 89' lang='lat' dir='ltr'><strong>ad</strong></span> <span class='ocrx_word' id='word_1_547' title='bbox 2877 3335 3017 3390; x_wconf 90' lang='lat' dir='ltr'><strong>alios</strong></span> <span class='ocrx_word' id='word_1_548' title='bbox 3037 3376 3053 3402; x_wconf 88' lang='lat'><strong>,</strong></span> <span class='ocrx_word' id='word_1_549' title='bbox 3085 3337 3176 3406; x_wconf 91' lang='lat' dir='ltr'><strong>qui</strong></span> <span class='ocrx_word' id='word_1_550' title='bbox 3207 3335 3330 3391; x_wconf 87' lang='lat' dir='ltr'><strong>auri</strong></span> <span class='ocrx_word' id='word_1_551' title='bbox 3358 3351 3545 3391; x_wconf 89' lang='lat' dir='ltr'><strong>amore</strong></span> 
     </span>
    </p>
   </div>
   <div class='ocr_carea' id='block_1_75' title="bbox 1953 3425 3546 3496">
    <p class='ocr_par' dir='ltr' id='par_1_75' title="bbox 1953 3425 3546 3496">
     <span class='ocr_line' id='line_1_75' title="bbox 1953 3425 3546 3496; baseline 0.001 -16"><span class='ocrx_word' id='word_1_552' title='bbox 1953 3426 2170 3487; x_wconf 88' lang='lat' dir='ltr'><strong>insani,</strong></span> <span class='ocrx_word' id='word_1_553' title='bbox 2217 3427 2315 3496; x_wconf 88' lang='lat' dir='ltr'><strong>qui</strong></span> <span class='ocrx_word' id='word_1_554' title='bbox 2345 3425 2555 3481; x_wconf 89' lang='lat' dir='ltr'><strong>sordidi</strong></span> <span class='ocrx_word' id='word_1_555' title='bbox 2599 3434 2764 3491; x_wconf 90' lang='lat' dir='ltr'><strong>sunt,</strong></span> <span class='ocrx_word' id='word_1_556' title='bbox 2802 3425 2882 3478; x_wconf 89' lang='lat' dir='ltr'><strong>vel</strong></span> <span class='ocrx_word' id='word_1_557' title='bbox 2920 3427 3082 3480; x_wconf 86' lang='lat' dir='ltr'><strong>etiam</strong></span> <span class='ocrx_word' id='word_1_558' title='bbox 3136 3426 3346 3496; x_wconf 90' lang='lat' dir='ltr'><strong>pudore</strong></span> <span class='ocrx_word' id='word_1_559' title='bbox 3393 3427 3546 3482; x_wconf 87' lang='lat' dir='ltr'><strong>nullo</strong></span> 
     </span>
    </p>
   </div>
   <div class='ocr_carea' id='block_1_76' title="bbox 1952 3515 3542 3589">
    <p class='ocr_par' dir='ltr' id='par_1_76' title="bbox 1952 3515 3542 3589">
     <span class='ocr_line' id='line_1_76' title="bbox 1952 3515 3542 3589; baseline 0.004 -20"><span class='ocrx_word' id='word_1_560' title='bbox 1952 3516 2164 3585; x_wconf 71' lang='lat' dir='ltr'><strong>prmditi</strong></span> <span class='ocrx_word' id='word_1_561' title='bbox 2200 3557 2216 3580; x_wconf 85' lang='lat'><strong>,</strong></span> <span class='ocrx_word' id='word_1_562' title='bbox 2285 3517 2643 3587; x_wconf 83' lang='lat' dir='ltr'><strong>corporisque</strong></span> <span class='ocrx_word' id='word_1_563' title='bbox 2713 3515 3108 3586; x_wconf 88' lang='lat' dir='ltr'><strong>cupiditatibus</strong></span> <span class='ocrx_word' id='word_1_564' title='bbox 3168 3519 3380 3589; x_wconf 83' lang='lat' dir='ltr'><strong>jamdiu</strong></span> <span class='ocrx_word' id='word_1_565' title='bbox 3442 3521 3542 3576; x_wconf 88' lang='lat' dir='ltr'><strong>de-</strong></span> 
     </span>
    </p>
   </div>
   <div class='ocr_carea' id='block_1_77' title="bbox 1950 3603 3544 3678">
    <p class='ocr_par' dir='ltr' id='par_1_77' title="bbox 1950 3603 3544 3678">
     <span class='ocr_line' id='line_1_77' title="bbox 1950 3603 3544 3678; baseline 0.004 -20"><span class='ocrx_word' id='word_1_566' title='bbox 1950 3603 2088 3670; x_wconf 87' lang='lat' dir='ltr'><strong>diti;</strong></span> <span class='ocrx_word' id='word_1_567' title='bbox 2143 3606 2462 3674; x_wconf 69' lang='lat' dir='ltr'><strong>praeclarum</strong></span> <span class='ocrx_word' id='word_1_568' title='bbox 2531 3607 2584 3660; x_wconf 91' lang='lat' dir='ltr'><strong>in</strong></span> <span class='ocrx_word' id='word_1_569' title='bbox 2657 3621 2717 3660; x_wconf 90' lang='lat' dir='ltr'><strong>se</strong></span> <span class='ocrx_word' id='word_1_570' title='bbox 2776 3607 2898 3673; x_wconf 80' lang='lat' dir='ltr'><strong>ipso</strong></span> <span class='ocrx_word' id='word_1_571' title='bbox 2927 3608 3253 3678; x_wconf 80' lang='lat' dir='ltr'><strong>&#39;exetnplum</strong></span> <span class='ocrx_word' id='word_1_572' title='bbox 3313 3611 3544 3678; x_wconf 86' lang='lat' dir='ltr'><strong>posteris</strong></span> 
     </span>
    </p>
   </div>
   <div class='ocr_carea' id='block_1_78' title="bbox 1953 3681 3541 3774">
    <p class='ocr_par' dir='ltr' id='par_1_78' title="bbox 1953 3681 3541 3774">
     <span class='ocr_line' id='line_1_78' title="bbox 1953 3681 3541 3774; baseline 0.003 -26"><span class='ocrx_word' id='word_1_573' title='bbox 1953 3697 2209 3766; x_wconf 83' lang='lat' dir='ltr'><strong>proponit</strong></span> <span class='ocrx_word' id='word_1_574' title='bbox 2263 3695 2586 3774; x_wconf 70' lang='lat' dir='ltr'><strong>mutationis</strong></span> <span class='ocrx_word' id='word_1_575' title='bbox 2625 3681 3128 3766; x_wconf 71' lang='lat' dir='ltr'><strong>,conversionisque</strong></span> <span class='ocrx_word' id='word_1_576' title='bbox 3187 3699 3254 3752; x_wconf 87' lang='lat' dir='ltr'><strong>ad</strong></span> <span class='ocrx_word' id='word_1_577' title='bbox 3317 3699 3541 3752; x_wconf 88' lang='lat' dir='ltr'><strong>meliora</strong></span> 
     </span>
    </p>
   </div>
   <div class='ocr_carea' id='block_1_79' title="bbox 1951 3787 3544 3858">
    <p class='ocr_par' dir='ltr' id='par_1_79' title="bbox 1951 3787 3544 3858">
     <span class='ocr_line' id='line_1_79' title="bbox 1951 3787 3544 3858; baseline 0.003 -18"><span class='ocrx_word' id='word_1_578' title='bbox 1951 3787 2171 3856; x_wconf 72' lang='lat' dir='ltr'><strong>optima:</strong></span> <span class='ocrx_word' id='word_1_579' title='bbox 2201 3789 2362 3857; x_wconf 76' lang='lat' dir='ltr'><strong>plane</strong></span> <span class='ocrx_word' id='word_1_580' title='bbox 2395 3797 2560 3856; x_wconf 84' lang='lat' dir='ltr'><strong>atque</strong></span> <span class='ocrx_word' id='word_1_581' title='bbox 2592 3788 2901 3842; x_wconf 62' lang='lat' dir='ltr'><strong>utilissime</strong></span> <span class='ocrx_word' id='word_1_582' title='bbox 2929 3807 2942 3840; x_wconf 88' lang='lat'>:</span> <span class='ocrx_word' id='word_1_583' title='bbox 2973 3804 3085 3858; x_wconf 83' lang='lat' dir='ltr'><strong>quo</strong></span> <span class='ocrx_word' id='word_1_584' title='bbox 3110 3789 3291 3844; x_wconf 78' lang='lat' dir='ltr'><strong>czeteri</strong></span> <span class='ocrx_word' id='word_1_585' title='bbox 3323 3802 3544 3858; x_wconf 81' lang='lat' dir='ltr'><strong>quoque</strong></span> 
     </span>
    </p>
   </div>
   <div class='ocr_carea' id='block_1_80' title="bbox 1951 3877 3540 3952">
    <p class='ocr_par' dir='ltr' id='par_1_80' title="bbox 1951 3877 3540 3952">
     <span class='ocr_line' id='line_1_80' title="bbox 1951 3877 3540 3952; baseline 0.003 -19"><span class='ocrx_word' id='word_1_586' title='bbox 1951 3894 2144 3934; x_wconf 84' lang='lat' dir='ltr'><strong>omnes</strong></span> <span class='ocrx_word' id='word_1_587' title='bbox 2168 3895 2240 3933; x_wconf 73' lang='lat' dir='ltr'><strong>ex</strong></span> <span class='ocrx_word' id='word_1_588' title='bbox 2265 3878 2577 3932; x_wconf 86' lang='lat' dir='ltr'><strong>imitatione</strong></span> <span class='ocrx_word' id='word_1_589' title='bbox 2610 3877 2731 3948; x_wconf 86' lang='lat' dir='ltr'><strong>ejus</strong></span> <span class='ocrx_word' id='word_1_590' title='bbox 2761 3880 3124 3935; x_wconf 74' lang='lat' dir='ltr'><strong>temeritatem</strong></span> <span class='ocrx_word' id='word_1_591' title='bbox 3155 3897 3310 3936; x_wconf 76' lang='lat' dir='ltr'><strong>suum</strong></span> <span class='ocrx_word' id='word_1_592' title='bbox 3343 3883 3540 3952; x_wconf 74' lang='lat' dir='ltr'><strong>nequi-</strong></span> 
     </span>
    </p>
   </div>
   <div class='ocr_carea' id='block_1_81' title="bbox 1951 3967 3539 4042">
    <p class='ocr_par' dir='ltr' id='par_1_81' title="bbox 1951 3967 3539 4042">
     <span class='ocr_line' id='line_1_81' title="bbox 1951 3967 3539 4042; baseline 0.003 -19"><span class='ocrx_word' id='word_1_593' title='bbox 1951 3969 2192 4038; x_wconf 88' lang='lat' dir='ltr'><strong>tiamque</strong></span> <span class='ocrx_word' id='word_1_594' title='bbox 2212 3967 2418 4037; x_wconf 86' lang='lat' dir='ltr'><strong>perosi,</strong></span> <span class='ocrx_word' id='word_1_595' title='bbox 2448 3967 2597 4034; x_wconf 85' lang='lat' dir='ltr'><strong>inde,</strong></span> <span class='ocrx_word' id='word_1_596' title='bbox 2626 3984 2738 4038; x_wconf 89' lang='lat' dir='ltr'><strong>quo</strong></span> <span class='ocrx_word' id='word_1_597' title='bbox 2767 3970 2951 4038; x_wconf 88' lang='lat' dir='ltr'><strong>pejora</strong></span> <span class='ocrx_word' id='word_1_598' title='bbox 2986 3981 3260 4026; x_wconf 66' lang='lat' dir='ltr'><strong>sectantes</strong></span> <span class='ocrx_word' id='word_1_599' title='bbox 3291 3973 3539 4042; x_wconf 88' lang='lat' dir='ltr'><strong>prolapsi</strong></span> 
     </span>
    </p>
   </div>
   <div class='ocr_carea' id='block_1_82' title="bbox 1949 4060 3542 4142">
    <p class='ocr_par' dir='ltr' id='par_1_82' title="bbox 1949 4060 3542 4142">
     <span class='ocr_line' id='line_1_82' title="bbox 1949 4060 3542 4142; baseline 0 -26"><span class='ocrx_word' id='word_1_600' title='bbox 1949 4071 2096 4126; x_wconf 88' lang='lat' dir='ltr'><strong>sunt,</strong></span> <span class='ocrx_word' id='word_1_601' title='bbox 2132 4061 2322 4131; x_wconf 89' lang='lat' dir='ltr'><strong>pedem</strong></span> <span class='ocrx_word' id='word_1_602' title='bbox 2356 4060 2436 4116; x_wconf 84' lang='lat' dir='ltr'><strong>sic</strong></span> <span class='ocrx_word' id='word_1_603' title='bbox 2465 4060 2726 4126; x_wconf 81' lang='lat' dir='ltr'><strong>referant,</strong></span> <span class='ocrx_word' id='word_1_604' title='bbox 2760 4071 2820 4142; x_wconf 81' lang='lat' dir='ltr'><strong>ut</strong></span> <span class='ocrx_word' id='word_1_605' title='bbox 2851 4072 3091 4118; x_wconf 84' lang='lat' dir='ltr'><strong>veterem</strong></span> <span class='ocrx_word' id='word_1_606' title='bbox 3124 4064 3248 4119; x_wconf 72' lang='lat' dir='ltr'><strong>vitae</strong></span> <span class='ocrx_word' id='word_1_607' title='bbox 3273 4080 3388 4120; x_wconf 69' lang='lat' dir='ltr'><strong>suae</strong></span> <span class='ocrx_word' id='word_1_608' title='bbox 3411 4081 3542 4134; x_wconf 85' lang='lat' dir='ltr'><strong>prn-</strong></span> 
     </span>
    </p>
   </div>
   <div class='ocr_carea' id='block_1_83' title="bbox 1950 4152 3544 4224">
    <p class='ocr_par' dir='ltr' id='par_1_83' title="bbox 1950 4152 3544 4224">
     <span class='ocr_line' id='line_1_83' title="bbox 1950 4152 3544 4224; baseline 0.001 -14"><span class='ocrx_word' id='word_1_609' title='bbox 1950 4152 2266 4224; x_wconf 75' lang='lat' dir='ltr'><strong>pensiOuem</strong></span> <span class='ocrx_word' id='word_1_610' title='bbox 2318 4155 2372 4210; x_wconf 88' lang='lat' dir='ltr'><strong>iu</strong></span> <span class='ocrx_word' id='word_1_611' title='bbox 2428 4155 2626 4209; x_wconf 87' lang='lat' dir='ltr'><strong>melius</strong></span> <span class='ocrx_word' id='word_1_612' title='bbox 2655 4153 2976 4209; x_wconf 82' lang='lat' dir='ltr'><strong>.rellectant.</strong></span> <span class='ocrx_word' id='word_1_613' title='bbox 3027 4155 3116 4210; x_wconf 81' lang='lat' dir='ltr'><strong>Ait</strong></span> <span class='ocrx_word' id='word_1_614' title='bbox 3157 4155 3352 4209; x_wconf 88' lang='lat' dir='ltr'><strong>enim:</strong></span> <span class='ocrx_word' id='word_1_615' title='bbox 3409 4175 3428 4208; x_wconf 77' lang='grc' dir='ltr'><strong>ι</strong></span> <span class='ocrx_word' id='word_1_616' title='bbox 3477 4157 3544 4211; x_wconf 82' lang='lat' dir='ltr'><strong>Et</strong></span> 
     </span>
    </p>
   </div>
   <div class='ocr_carea' id='block_1_84' title="bbox 1948 4246 3543 4318">
    <p class='ocr_par' dir='ltr' id='par_1_84' title="bbox 1948 4246 3543 4318">
     <span class='ocr_line' id='line_1_84' title="bbox 1948 4246 3543 4318; baseline 0.001 -15"><span class='ocrx_word' id='word_1_617' title='bbox 1948 4263 2250 4304; x_wconf 87' lang='lat' dir='ltr'><strong>conversus</strong></span> <span class='ocrx_word' id='word_1_618' title='bbox 2296 4263 2418 4305; x_wconf 90' lang='lat' dir='ltr'><strong>sum</strong></span> <span class='ocrx_word' id='word_1_619' title='bbox 2465 4263 2602 4318; x_wconf 78' lang='lat' dir='ltr'><strong>ego,</strong></span> <span class='ocrx_word' id='word_1_620' title='bbox 2664 4256 2724 4302; x_wconf 92' lang='lat' dir='ltr'><strong>ut</strong></span> <span class='ocrx_word' id='word_1_621' title='bbox 2782 4246 3158 4302; x_wconf 72' lang='lat' dir='ltr'><strong>renuntiarent</strong></span> <span class='ocrx_word' id='word_1_622' title='bbox 3213 4249 3366 4302; x_wconf 87' lang='lat' dir='ltr'><strong>cordi</strong></span> <span class='ocrx_word' id='word_1_623' title='bbox 3420 4265 3543 4304; x_wconf 83' lang='lat' dir='ltr'><strong>meo</strong></span> 
     </span>
    </p>
   </div>
   <div class='ocr_carea' id='block_1_85' title="bbox 1950 4337 3543 4409">
    <p class='ocr_par' dir='ltr' id='par_1_85' title="bbox 1950 4337 3543 4409">
     <span class='ocr_line' id='line_1_85' title="bbox 1950 4337 3543 4409; baseline 0.001 -17"><span class='ocrx_word' id='word_1_624' title='bbox 1950 4339 2003 4393; x_wconf 94' lang='lat' dir='ltr'><strong>in</strong></span> <span class='ocrx_word' id='word_1_625' title='bbox 2049 4340 2199 4394; x_wconf 88' lang='lat' dir='ltr'><strong>omni</strong></span> <span class='ocrx_word' id='word_1_626' title='bbox 2243 4339 2461 4407; x_wconf 88' lang='lat' dir='ltr'><strong>labore,</strong></span> <span class='ocrx_word' id='word_1_627' title='bbox 2501 4352 2614 4409; x_wconf 89' lang='lat' dir='ltr'><strong>quo</strong></span> <span class='ocrx_word' id='word_1_628' title='bbox 2661 4337 2909 4393; x_wconf 84' lang='lat' dir='ltr'><strong>laboravi</strong></span> <span class='ocrx_word' id='word_1_629' title='bbox 2961 4339 3065 4392; x_wconf 89' lang='lat' dir='ltr'><strong>sub</strong></span> <span class='ocrx_word' id='word_1_630' title='bbox 3103 4339 3259 4403; x_wconf 87' lang='lat' dir='ltr'><strong>sole,</strong></span> <span class='ocrx_word' id='word_1_631' title='bbox 3307 4341 3436 4408; x_wconf 86' lang='lat' dir='ltr'><strong>quia</strong></span> <span class='ocrx_word' id='word_1_632' title='bbox 3460 4349 3543 4393; x_wconf 87' lang='lat' dir='ltr'><strong>est</strong></span> 
     </span>
    </p>
   </div>
   <div class='ocr_carea' id='block_1_86' title="bbox 1951 4429 3542 4500">
    <p class='ocr_par' dir='ltr' id='par_1_86' title="bbox 1951 4429 3542 4500">
     <span class='ocr_line' id='line_1_86' title="bbox 1951 4429 3542 4500; baseline 0 -16"><span class='ocrx_word' id='word_1_633' title='bbox 1951 4430 2138 4494; x_wconf 89' lang='lat' dir='ltr'><strong>homo,</strong></span> <span class='ocrx_word' id='word_1_634' title='bbox 2173 4431 2303 4500; x_wconf 89' lang='lat' dir='ltr'><strong>quia</strong></span> <span class='ocrx_word' id='word_1_635' title='bbox 2332 4429 2488 4484; x_wconf 88' lang='lat' dir='ltr'><strong>labor</strong></span> <span class='ocrx_word' id='word_1_636' title='bbox 2513 4430 2634 4499; x_wconf 84' lang='lat' dir='ltr'><strong>ejus</strong></span> <span class='ocrx_word' id='word_1_637' title='bbox 2665 4429 2719 4484; x_wconf 91' lang='lat' dir='ltr'><strong>in</strong></span> <span class='ocrx_word' id='word_1_638' title='bbox 2755 4430 3026 4500; x_wconf 88' lang='lat' dir='ltr'><strong>sapientia</strong></span> <span class='ocrx_word' id='word_1_639' title='bbox 3058 4439 3110 4483; x_wconf 78' lang='lat' dir='ltr'><strong>et</strong></span> <span class='ocrx_word' id='word_1_640' title='bbox 3145 4430 3197 4482; x_wconf 90' lang='lat' dir='ltr'><strong>in</strong></span> <span class='ocrx_word' id='word_1_641' title='bbox 3227 4429 3542 4499; x_wconf 72' lang='lat' dir='ltr'><strong>cognitione</strong></span> 
     </span>
    </p>
   </div>
   <div class='ocr_carea' id='block_1_87' title="bbox 262 4513 1849 4592">
    <p class='ocr_par' dir='ltr' id='par_1_87' title="bbox 262 4516 1841 4592">
     <span class='ocr_line' id='line_1_87' title="bbox 262 4516 1841 4592; baseline 0.005 -24"><span class='ocrx_word' id='word_1_642' title='bbox 262 4516 387 4585; x_wconf 84' lang='grc' dir='ltr'>χθος</span> <span class='ocrx_word' id='word_1_643' title='bbox 417 4516 584 4570; x_wconf 87' lang='grc' dir='ltr'>αύτοῦ</span> <span class='ocrx_word' id='word_1_644' title='bbox 615 4518 674 4570; x_wconf 79' lang='grc' dir='ltr'>ὲν</span> <span class='ocrx_word' id='word_1_645' title='bbox 704 4519 868 4588; x_wconf 71' lang='grc' dir='ltr'>σοφίᾳ</span> <span class='ocrx_word' id='word_1_646' title='bbox 894 4520 988 4572; x_wconf 77' lang='grc' dir='ltr'>καὶ</span> <span class='ocrx_word' id='word_1_647' title='bbox 1023 4521 1081 4571; x_wconf 85' lang='grc' dir='ltr'>ὲν</span> <span class='ocrx_word' id='word_1_648' title='bbox 1113 4520 1315 4587; x_wconf 79' lang='grc' dir='ltr'>γνώσει</span> <span class='ocrx_word' id='word_1_649' title='bbox 1355 4521 1451 4579; x_wconf 74' lang='grc' dir='ltr'><strong>καὶ</strong></span> <span class='ocrx_word' id='word_1_650' title='bbox 1478 4521 1722 4592; x_wconf 71' lang='grc' dir='ltr'>ἀνδρείᾳ.</span> <span class='ocrx_word' id='word_1_651' title='bbox 1746 4523 1841 4576; x_wconf 78' lang='grc' dir='ltr'><strong>καὶ</strong></span> 
     </span>
    </p>
   </div>
   <div class='ocr_carea' id='block_1_88' title="bbox 1951 4513 3542 4592">
    <p class='ocr_par' dir='ltr' id='par_1_88' title="bbox 1951 4521 3542 4592">
     <span class='ocr_line' id='line_1_88' title="bbox 1951 4521 3542 4592; baseline -0.001 -16"><span class='ocrx_word' id='word_1_652' title='bbox 1951 4529 2005 4576; x_wconf 90' lang='lat' dir='ltr'><strong>et</strong></span> <span class='ocrx_word' id='word_1_653' title='bbox 2035 4523 2268 4590; x_wconf 87' lang='lat' dir='ltr'><strong>virtute;</strong></span> <span class='ocrx_word' id='word_1_654' title='bbox 2319 4531 2374 4577; x_wconf 89' lang='lat' dir='ltr'><strong>et</strong></span> <span class='ocrx_word' id='word_1_655' title='bbox 2407 4522 2573 4578; x_wconf 91' lang='lat' dir='ltr'><strong>homo</strong></span> <span class='ocrx_word' id='word_1_656' title='bbox 2609 4522 2701 4592; x_wconf 91' lang='lat' dir='ltr'><strong>qui</strong></span> <span class='ocrx_word' id='word_1_657' title='bbox 2729 4537 2837 4577; x_wconf 91' lang='lat' dir='ltr'><strong>non</strong></span> <span class='ocrx_word' id='word_1_658' title='bbox 2877 4521 3146 4576; x_wconf 87' lang='lat' dir='ltr'><strong>laboravit</strong></span> <span class='ocrx_word' id='word_1_659' title='bbox 3181 4523 3360 4581; x_wconf 82' lang='lat' dir='ltr'><strong>ineo.</strong></span> <span class='ocrx_word' id='word_1_660' title='bbox 3391 4521 3542 4574; x_wconf 82' lang='lat' dir='ltr'><strong>dabit</strong></span> 
     </span>
    </p>
   </div>
   <div class='ocr_carea' id='block_1_89' title="bbox 263 4608 1844 4684">
    <p class='ocr_par' dir='ltr' id='par_1_89' title="bbox 263 4608 1844 4684">
     <span class='ocr_line' id='line_1_89' title="bbox 263 4608 1844 4684; baseline 0.003 -22"><span class='ocrx_word' id='word_1_661' title='bbox 263 4608 568 4680; x_wconf 74' lang='grc' dir='ltr'>ἄνθρωπος,</span> <span class='ocrx_word' id='word_1_662' title='bbox 596 4609 655 4672; x_wconf 82' lang='grc' dir='ltr'>ὃς</span> <span class='ocrx_word' id='word_1_663' title='bbox 693 4611 792 4663; x_wconf 81' lang='grc' dir='ltr'><strong>οὐκ</strong></span> <span class='ocrx_word' id='word_1_664' title='bbox 826 4611 1132 4682; x_wconf 82' lang='grc' dir='ltr'>ὲμόχθησεν</span> <span class='ocrx_word' id='word_1_665' title='bbox 1163 4613 1335 4683; x_wconf 83' lang='grc' dir='ltr'>αὐτῷ,</span> <span class='ocrx_word' id='word_1_666' title='bbox 1365 4611 1528 4666; x_wconf 86' lang='grc' dir='ltr'>δώσει</span> <span class='ocrx_word' id='word_1_667' title='bbox 1561 4613 1712 4684; x_wconf 85' lang='grc' dir='ltr'>αὐτῷ</span> <span class='ocrx_word' id='word_1_668' title='bbox 1744 4633 1844 4684; x_wconf 86' lang='grc' dir='ltr'>με-</span> 
     </span>
    </p>
   </div>
   <div class='ocr_carea' id='block_1_90' title="bbox 266 4699 1846 4776">
    <p class='ocr_par' dir='ltr' id='par_1_90' title="bbox 266 4699 1846 4776">
     <span class='ocr_line' id='line_1_90' title="bbox 266 4699 1846 4776; baseline 0.006 -24"><span class='ocrx_word' id='word_1_669' title='bbox 266 4701 384 4772; x_wconf 78' lang='grc' dir='ltr'>ρίδα</span> <span class='ocrx_word' id='word_1_670' title='bbox 416 4701 603 4754; x_wconf 73' lang='grc' dir='ltr'>αὐτοῦ.</span> <span class='ocrx_word' id='word_1_671' title='bbox 645 4719 666 4754; x_wconf 75' lang='grc' dir='ltr'><strong>ι</strong></span> <span class='ocrx_word' id='word_1_672' title='bbox 715 4701 848 4756; x_wconf 79' lang='grc' dir='ltr'>Ἀπὸ</span> <span class='ocrx_word' id='word_1_673' title='bbox 877 4704 1106 4774; x_wconf 86' lang='grc' dir='ltr'>καρδίας</span> <span class='ocrx_word' id='word_1_674' title='bbox 1137 4706 1230 4758; x_wconf 75' lang='grc' dir='ltr'>καὶ</span> <span class='ocrx_word' id='word_1_675' title='bbox 1272 4704 1566 4770; x_wconf 79' lang='grc' dir='ltr'>διαθέσεως</span> <span class='ocrx_word' id='word_1_676' title='bbox 1610 4699 1846 4776; x_wconf 41' lang='lat' dir='ltr'><strong>aneos;</strong></span> 
     </span>
    </p>
   </div>
   <div class='ocr_carea' id='block_1_91' title="bbox 265 4791 1846 4871">
    <p class='ocr_par' dir='ltr' id='par_1_91' title="bbox 265 4791 1846 4871">
     <span class='ocr_line' id='line_1_91' title="bbox 265 4791 1846 4871; baseline 0.006 -29"><span class='ocrx_word' id='word_1_677' title='bbox 265 4791 596 4862; x_wconf 55' lang='grc' dir='ltr'>ἐπέστρείξα,</span> <span class='ocrx_word' id='word_1_678' title='bbox 622 4793 777 4862; x_wconf 73' lang='grc' dir='ltr'>φησὶ,</span> <span class='ocrx_word' id='word_1_679' title='bbox 805 4794 968 4848; x_wconf 81' lang='grc' dir='ltr'>παντὶ</span> <span class='ocrx_word' id='word_1_680' title='bbox 993 4795 1071 4866; x_wconf 83' lang='grc' dir='ltr'>τῷ</span> <span class='ocrx_word' id='word_1_681' title='bbox 1094 4797 1484 4866; x_wconf 63' lang='grc' dir='ltr'>προσ-γεγονότι</span> <span class='ocrx_word' id='word_1_682' title='bbox 1509 4815 1598 4868; x_wconf 90' lang='grc' dir='ltr'><strong>μοι</strong></span> <span class='ocrx_word' id='word_1_683' title='bbox 1630 4798 1846 4871; x_wconf 82' lang='grc' dir='ltr'>πλούτῳ</span> 
     </span>
    </p>
   </div>
   <div class='ocr_carea' id='block_1_92' title="bbox 264 4881 1843 4962">
    <p class='ocr_par' dir='ltr' id='par_1_92' title="bbox 264 4881 1843 4962">
     <span class='ocr_line' id='line_1_92' title="bbox 264 4881 1843 4962; baseline 0.007 -28"><span class='ocrx_word' id='word_1_684' title='bbox 264 4881 352 4936; x_wconf 77' lang='grc' dir='ltr'><strong>διὰ</strong></span> <span class='ocrx_word' id='word_1_685' title='bbox 382 4883 593 4936; x_wconf 60' lang='grc' dir='ltr'>πολλῶν</span> <span class='ocrx_word' id='word_1_686' title='bbox 627 4885 842 4955; x_wconf 81' lang='grc' dir='ltr'>μόχθων</span> <span class='ocrx_word' id='word_1_687' title='bbox 869 4885 963 4938; x_wconf 77' lang='grc' dir='ltr'>καὶ</span> <span class='ocrx_word' id='word_1_688' title='bbox 989 4886 1174 4941; x_wconf 87' lang='grc' dir='ltr'>κόπων</span> <span class='ocrx_word' id='word_1_689' title='bbox 1201 4889 1294 4942; x_wconf 81' lang='grc' dir='ltr'><strong>καὶ</strong></span> <span class='ocrx_word' id='word_1_690' title='bbox 1316 4891 1722 4962; x_wconf 76' lang='grc' dir='ltr'>περισπασμῶν</span> <span class='ocrx_word' id='word_1_691' title='bbox 1747 4893 1843 4945; x_wconf 67' lang='grc' dir='ltr'>καὶ</span> 
     </span>
    </p>
   </div>
   <div class='ocr_carea' id='block_1_93' title="bbox 267 4974 1843 5051">
    <p class='ocr_par' dir='ltr' id='par_1_93' title="bbox 267 4974 1843 5051">
     <span class='ocr_line' id='line_1_93' title="bbox 267 4974 1843 5051; baseline 0.009 -26"><span class='ocrx_word' id='word_1_692' title='bbox 267 4974 563 5042; x_wconf 84' lang='grc' dir='ltr'>φροντίδων</span> <span class='ocrx_word' id='word_1_693' title='bbox 596 4976 811 5046; x_wconf 88' lang='grc' dir='ltr'>χαίρειν</span> <span class='ocrx_word' id='word_1_694' title='bbox 836 4978 1014 5032; x_wconf 77' lang='grc' dir='ltr'>εἰπεῖν</span> <span class='ocrx_word' id='word_1_695' title='bbox 1049 4980 1144 5033; x_wconf 71' lang='grc' dir='ltr'>καὶ</span> <span class='ocrx_word' id='word_1_696' title='bbox 1169 4981 1556 5051; x_wconf 86' lang='grc' dir='ltr'>διασκορπίσαι</span> <span class='ocrx_word' id='word_1_697' title='bbox 1588 4983 1682 5036; x_wconf 76' lang='grc' dir='ltr'><strong>καὶ</strong></span> <span class='ocrx_word' id='word_1_698' title='bbox 1727 4983 1843 5038; x_wconf 88' lang='grc' dir='ltr'>δια-</span> 
     </span>
    </p>
   </div>
   <div class='ocr_carea' id='block_1_94' title="bbox 265 5067 1846 5146">
    <p class='ocr_par' dir='ltr' id='par_1_94' title="bbox 265 5067 1846 5146">
     <span class='ocr_line' id='line_1_94' title="bbox 265 5067 1846 5146; baseline 0.006 -28"><span class='ocrx_word' id='word_1_699' title='bbox 265 5067 450 5134; x_wconf 83' lang='grc' dir='ltr'>νεῖμαι</span> <span class='ocrx_word' id='word_1_700' title='bbox 483 5069 592 5128; x_wconf 84' lang='grc' dir='ltr'>τοῖς</span> <span class='ocrx_word' id='word_1_701' title='bbox 616 5067 843 5122; x_wconf 81' lang='grc' dir='ltr'>ὲνδεέσι.</span> <span class='ocrx_word' id='word_1_702' title='bbox 869 5069 948 5121; x_wconf 80' lang='grc' dir='ltr'><strong>Δι’</strong></span> <span class='ocrx_word' id='word_1_703' title='bbox 973 5072 1040 5141; x_wconf 81' lang='grc' dir='ltr'>ἢν</span> <span class='ocrx_word' id='word_1_704' title='bbox 1082 5071 1297 5137; x_wconf 77' lang='grc' dir='ltr'>αἰτίαν;</span> <span class='ocrx_word' id='word_1_705' title='bbox 1331 5073 1454 5126; x_wconf 80' lang='grc' dir='ltr'>Ὀτι</span> <span class='ocrx_word' id='word_1_706' title='bbox 1492 5074 1601 5135; x_wconf 79' lang='grc' dir='ltr'>πᾶς</span> <span class='ocrx_word' id='word_1_707' title='bbox 1631 5074 1846 5146; x_wconf 81' lang='grc' dir='ltr'>ἀνθρω-</span> 
     </span>
    </p>
   </div>
   <div class='ocr_carea' id='block_1_95' title="bbox 265 5158 1846 5237">
    <p class='ocr_par' dir='ltr' id='par_1_95' title="bbox 265 5158 1846 5237">
     <span class='ocr_line' id='line_1_95' title="bbox 265 5158 1846 5237; baseline 0.006 -25"><span class='ocrx_word' id='word_1_708' title='bbox 265 5176 390 5222; x_wconf 89' lang='grc' dir='ltr'>πος,</span> <span class='ocrx_word' id='word_1_709' title='bbox 425 5158 612 5227; x_wconf 78' lang='grc' dir='ltr'>φησὶν,</span> <span class='ocrx_word' id='word_1_710' title='bbox 655 5159 684 5211; x_wconf 86' lang='grc' dir='ltr'>ὁ</span> <span class='ocrx_word' id='word_1_711' title='bbox 729 5159 1011 5232; x_wconf 80' lang='grc' dir='ltr'>βουληθεὶς</span> <span class='ocrx_word' id='word_1_712' title='bbox 1046 5163 1141 5216; x_wconf 72' lang='grc' dir='ltr'><strong>καὶ</strong></span> <span class='ocrx_word' id='word_1_713' title='bbox 1177 5163 1457 5234; x_wconf 86' lang='grc' dir='ltr'>μοχθήσας</span> <span class='ocrx_word' id='word_1_714' title='bbox 1492 5166 1846 5237; x_wconf 85' lang='grc' dir='ltr'>συναθροίσαι</span> 
     </span>
    </p>
   </div>
   <div class='ocr_carea' id='block_1_96' title="bbox 264 5249 1847 5331">
    <p class='ocr_par' dir='ltr' id='par_1_96' title="bbox 264 5249 1847 5331">
     <span class='ocr_line' id='line_1_96' title="bbox 264 5249 1847 5331; baseline 0.008 -28"><span class='ocrx_word' id='word_1_715' title='bbox 264 5249 500 5304; x_wconf 83' lang='grc' dir='ltr'>πλούτου</span> <span class='ocrx_word' id='word_1_716' title='bbox 529 5251 867 5322; x_wconf 81' lang='grc' dir='ltr'>περιουσίαν,</span> <span class='ocrx_word' id='word_1_717' title='bbox 899 5253 975 5317; x_wconf 88' lang='grc' dir='ltr'><strong>ώς</strong></span> <span class='ocrx_word' id='word_1_718' title='bbox 1010 5254 1429 5326; x_wconf 80' lang='grc' dir='ltr'>θαυμαστωθεὶς</span> <span class='ocrx_word' id='word_1_719' title='bbox 1460 5260 1492 5330; x_wconf 85' lang='grc' dir='ltr'>ἢ</span> <span class='ocrx_word' id='word_1_720' title='bbox 1525 5259 1616 5314; x_wconf 89' lang='grc' dir='ltr'><strong>διά</strong></span> <span class='ocrx_word' id='word_1_721' title='bbox 1642 5260 1847 5331; x_wconf 76' lang='grc' dir='ltr'>πλῆθος</span> 
     </span>
    </p>
   </div>
   <div class='ocr_carea' id='block_1_97' title="bbox 263 5341 1846 5422">
    <p class='ocr_par' dir='ltr' id='par_1_97' title="bbox 263 5341 1846 5422">
     <span class='ocr_line' id='line_1_97' title="bbox 263 5341 1846 5422; baseline 0.006 -27"><span class='ocrx_word' id='word_1_722' title='bbox 263 5342 478 5411; x_wconf 69' lang='grc' dir='ltr'>σοφίας,</span> <span class='ocrx_word' id='word_1_723' title='bbox 515 5341 636 5412; x_wconf 72' lang='grc' dir='ltr'>ἦτοι</span> <span class='ocrx_word' id='word_1_724' title='bbox 684 5344 995 5414; x_wconf 85' lang='grc' dir='ltr'>μεταρσίων</span> <span class='ocrx_word' id='word_1_725' title='bbox 1031 5345 1405 5418; x_wconf 74' lang='grc' dir='ltr'>θεωρημάτων</span> <span class='ocrx_word' id='word_1_726' title='bbox 1439 5351 1716 5422; x_wconf 75' lang='grc' dir='ltr'>ἀκρότητα</span> <span class='ocrx_word' id='word_1_727' title='bbox 1753 5354 1846 5405; x_wconf 75' lang='grc' dir='ltr'><strong>καὶ</strong></span> 
     </span>
    </p>
   </div>
   <div class='ocr_carea' id='block_1_98' title="bbox 261 5431 1854 5512">
    <p class='ocr_par' dir='ltr' id='par_1_98' title="bbox 261 5431 1854 5512">
     <span class='ocr_line' id='line_1_98' title="bbox 261 5431 1854 5512; baseline 0.006 -26"><span class='ocrx_word' id='word_1_728' title='bbox 261 5433 466 5499; x_wconf 80' lang='grc' dir='ltr'>γνῶσιν</span> <span class='ocrx_word' id='word_1_729' title='bbox 512 5433 674 5486; x_wconf 88' lang='grc' dir='ltr'>θείων</span> <span class='ocrx_word' id='word_1_730' title='bbox 706 5435 803 5487; x_wconf 58' lang='grc' dir='ltr'><strong>καὶ¹</strong></span> <span class='ocrx_word' id='word_1_731' title='bbox 845 5433 1206 5506; x_wconf 75' lang='grc' dir='ltr'>ἀνθρωπίνων</span> <span class='ocrx_word' id='word_1_732' title='bbox 1257 5431 1626 5510; x_wconf 79' lang='grc' dir='ltr'>πραγμάτων,</span> <span class='ocrx_word' id='word_1_733' title='bbox 1671 5441 1704 5512; x_wconf 84' lang='grc' dir='ltr'>ἢ</span> <span class='ocrx_word' id='word_1_734' title='bbox 1757 5442 1854 5495; x_wconf 65' lang='grc' dir='ltr'>διὰ</span> 
     </span>
    </p>
   </div>
   <div class='ocr_carea' id='block_1_99' title="bbox 262 5526 1848 5602">
    <p class='ocr_par' dir='ltr' id='par_1_99' title="bbox 262 5526 1848 5602">
     <span class='ocr_line' id='line_1_99' title="bbox 262 5526 1848 5602; baseline 0.006 -23"><span class='ocrx_word' id='word_1_735' title='bbox 262 5526 568 5596; x_wconf 74' lang='grc' dir='ltr'>πολεμικὴν</span> <span class='ocrx_word' id='word_1_736' title='bbox 593 5526 868 5595; x_wconf 84' lang='grc' dir='ltr'>ἀνδρείαν,</span> <span class='ocrx_word' id='word_1_737' title='bbox 899 5526 932 5596; x_wconf 77' lang='grc' dir='ltr'>ἢ</span> <span class='ocrx_word' id='word_1_738' title='bbox 957 5529 1058 5598; x_wconf 81' lang='grc' dir='ltr'>τὴν</span> <span class='ocrx_word' id='word_1_739' title='bbox 1089 5529 1231 5583; x_wconf 76' lang='grc' dir='ltr'>κατὰ</span> <span class='ocrx_word' id='word_1_740' title='bbox 1255 5531 1365 5583; x_wconf 89' lang='grc' dir='ltr'><strong>τῶν</strong></span> <span class='ocrx_word' id='word_1_741' title='bbox 1390 5533 1706 5602; x_wconf 71' lang='grc' dir='ltr'>ἀλλοφύλων</span> <span class='ocrx_word' id='word_1_742' title='bbox 1751 5535 1848 5588; x_wconf 75' lang='grc' dir='ltr'><strong>καὶ</strong></span> 
     </span>
    </p>
   </div>
   <div class='ocr_carea' id='block_1_100' title="bbox 195 5618 1847 5701">
    <p class='ocr_par' dir='ltr' id='par_1_100' title="bbox 195 5618 1847 5701">
     <span class='ocr_line' id='line_1_100' title="bbox 195 5618 1847 5701; baseline 0.007 -30"><span class='ocrx_word' id='word_1_743' title='bbox 195 5686 212 5701; x_wconf 38' lang='grc'>0</span> <span class='ocrx_word' id='word_1_744' title='bbox 265 5618 598 5688; x_wconf 51' lang='grc' dir='ltr'>σωματικῶν</span> <span class='ocrx_word' id='word_1_745' title='bbox 642 5618 974 5684; x_wconf 81' lang='grc' dir='ltr'>ἀντιπάλων,</span> <span class='ocrx_word' id='word_1_746' title='bbox 1022 5620 1055 5690; x_wconf 89' lang='grc' dir='ltr'>ἢ</span> <span class='ocrx_word' id='word_1_747' title='bbox 1109 5622 1312 5692; x_wconf 71' lang='grc' dir='ltr'>μᾶλλον</span> <span class='ocrx_word' id='word_1_748' title='bbox 1347 5627 1522 5678; x_wconf 78' lang='grc' dir='ltr'>εἰπεῖν</span> <span class='ocrx_word' id='word_1_749' title='bbox 1569 5626 1668 5698; x_wconf 84' lang='grc' dir='ltr'><strong>τὴν</strong></span> <span class='ocrx_word' id='word_1_750' title='bbox 1708 5629 1847 5682; x_wconf 86' lang='grc' dir='ltr'><strong>κατά</strong></span> 
     </span>
    </p>
   </div>
   <div class='ocr_carea' id='block_1_101' title="bbox 335 5791 1845 5876">
    <p class='ocr_par' dir='ltr' id='par_1_101' title="bbox 335 5791 1845 5876">
     <span class='ocr_line' id='line_1_101' title="bbox 335 5791 1845 5876; baseline 0.009 -31"><span class='ocrx_word' id='word_1_751' title='bbox 335 5793 481 5876; x_wconf 63' lang='lat'><strong>(9|)</strong></span> <span class='ocrx_word' id='word_1_752' title='bbox 537 5791 691 5860; x_wconf 78' lang='lat' dir='ltr'><strong>Apud</strong></span> <span class='ocrx_word' id='word_1_753' title='bbox 917 5865 925 5875; x_wconf 39' lang='grc'><strong><em>⁸</em></strong></span> <span class='ocrx_word' id='word_1_754' title='bbox 952 5796 1126 5867; x_wconf 72' lang='lat' dir='ltr'><strong>leges,</strong></span> <span class='ocrx_word' id='word_1_755' title='bbox 1177 5800 1271 5853; x_wconf 75' lang='grc' dir='ltr'><strong>τοῦ</strong></span> <span class='ocrx_word' id='word_1_756' title='bbox 1309 5801 1687 5876; x_wconf 69' lang='grc' dir='ltr'>ἀποτάξασθαι</span> <span class='ocrx_word' id='word_1_757' title='bbox 1743 5806 1845 5876; x_wconf 64' lang='grc' dir='ltr'><strong>τὴν</strong></span> 
     </span>
    </p>
   </div>
   <div class='ocr_carea' id='block_1_102' title="bbox 265 5865 1848 5944">
    <p class='ocr_par' dir='ltr' id='par_1_102' title="bbox 265 5865 1848 5944">
     <span class='ocr_line' id='line_1_102' title="bbox 265 5865 1848 5944; baseline 0.009 -28"><span class='ocrx_word' id='word_1_758' title='bbox 265 5865 492 5933; x_wconf 68' lang='grc' dir='ltr'>καρδίαν</span> <span class='ocrx_word' id='word_1_759' title='bbox 547 5881 718 5933; x_wconf 77' lang='grc' dir='ltr'>μου...</span> <span class='ocrx_word' id='word_1_760' title='bbox 769 5865 1210 5937; x_wconf 19' lang='grc' dir='ltr'>ιιιίυιὶιιδήιριυ,</span> <span class='ocrx_word' id='word_1_761' title='bbox 1295 5871 1390 5924; x_wconf 69' lang='grc' dir='ltr'><strong>καὶ</strong></span> <span class='ocrx_word' id='word_1_762' title='bbox 1442 5865 1848 5944; x_wconf 57' lang='grc' dir='ltr'>ἄνθρωποςβῷ</span> 
     </span>
    </p>
   </div>
   <div class='ocr_carea' id='block_1_103' title="bbox 1944 4611 3542 4682">
    <p class='ocr_par' dir='ltr' id='par_1_103' title="bbox 1944 4611 3542 4682">
     <span class='ocr_line' id='line_1_103' title="bbox 1944 4611 3542 4682; baseline 0.001 -16"><span class='ocrx_word' id='word_1_763' title='bbox 1944 4611 2022 4666; x_wconf 91' lang='lat' dir='ltr'><strong>illi</strong></span> <span class='ocrx_word' id='word_1_764' title='bbox 2058 4621 2267 4682; x_wconf 90' lang='lat' dir='ltr'><strong>partem</strong></span> <span class='ocrx_word' id='word_1_765' title='bbox 2312 4627 2493 4668; x_wconf 87' lang='lat' dir='ltr'><strong>suam.</strong></span> <span class='ocrx_word' id='word_1_766' title='bbox 2526 4632 2544 4664; x_wconf 75' lang='grc' dir='ltr'><strong>ι</strong></span> <span class='ocrx_word' id='word_1_767' title='bbox 2600 4611 2678 4667; x_wconf 76' lang='lat' dir='ltr'><strong>Ex</strong></span> <span class='ocrx_word' id='word_1_768' title='bbox 2723 4613 2948 4680; x_wconf 81' lang='lat' dir='ltr'><strong>animo,</strong></span> <span class='ocrx_word' id='word_1_769' title='bbox 2994 4614 3214 4682; x_wconf 84' lang='lat' dir='ltr'><strong>inquit,</strong></span> <span class='ocrx_word' id='word_1_770' title='bbox 3264 4631 3328 4668; x_wconf 83' lang='lat' dir='ltr'><strong>ac</strong></span> <span class='ocrx_word' id='word_1_771' title='bbox 3359 4613 3542 4668; x_wconf 87' lang='lat' dir='ltr'><strong>libens</strong></span> 
     </span>
    </p>
   </div>
   <div class='ocr_carea' id='block_1_104' title="bbox 1945 4687 3536 4774">
    <p class='ocr_par' dir='ltr' id='par_1_104' title="bbox 1945 4687 3536 4774">
     <span class='ocr_line' id='line_1_104' title="bbox 1945 4687 3536 4774; baseline 0.003 -19"><span class='ocrx_word' id='word_1_772' title='bbox 1945 4687 2246 4774; x_wconf 82' lang='lat' dir='ltr'><strong>volensque</strong></span> <span class='ocrx_word' id='word_1_773' title='bbox 2273 4705 2328 4760; x_wconf 88' lang='lat' dir='ltr'><strong>in</strong></span> <span class='ocrx_word' id='word_1_774' title='bbox 2361 4721 2481 4763; x_wconf 87' lang='lat' dir='ltr'><strong>eam</strong></span> <span class='ocrx_word' id='word_1_775' title='bbox 2513 4704 2965 4760; x_wconf 74' lang='lat' dir='ltr'><strong>deliberationem</strong></span> <span class='ocrx_word' id='word_1_776' title='bbox 3003 4707 3123 4759; x_wconf 87' lang='lat' dir='ltr'><strong>veni</strong></span> <span class='ocrx_word' id='word_1_777' title='bbox 3152 4745 3166 4769; x_wconf 88' lang='lat'><strong>,</strong></span> <span class='ocrx_word' id='word_1_778' title='bbox 3211 4715 3269 4761; x_wconf 89' lang='lat' dir='ltr'><strong>ut</strong></span> <span class='ocrx_word' id='word_1_779' title='bbox 3297 4706 3536 4770; x_wconf 82' lang='lat' dir='ltr'><strong>divitiis,</strong></span> 
     </span>
    </p>
   </div>
   <div class='ocr_carea' id='block_1_105' title="bbox 1945 4796 3538 4867">
    <p class='ocr_par' dir='ltr' id='par_1_105' title="bbox 1945 4796 3538 4867">
     <span class='ocr_line' id='line_1_105' title="bbox 1945 4796 3538 4867; baseline 0.001 -17"><span class='ocrx_word' id='word_1_780' title='bbox 1945 4811 2084 4867; x_wconf 77' lang='lat' dir='ltr'><strong>quas</strong></span> <span class='ocrx_word' id='word_1_781' title='bbox 2110 4796 2293 4850; x_wconf 87' lang='lat' dir='ltr'><strong>labore</strong></span> <span class='ocrx_word' id='word_1_782' title='bbox 2317 4799 2486 4850; x_wconf 86' lang='lat' dir='ltr'><strong>multo</strong></span> <span class='ocrx_word' id='word_1_783' title='bbox 2509 4807 2562 4850; x_wconf 90' lang='lat' dir='ltr'><strong>et</strong></span> <span class='ocrx_word' id='word_1_784' title='bbox 2591 4799 2840 4851; x_wconf 76' lang='lat' dir='ltr'><strong>molestia</strong></span> <span class='ocrx_word' id='word_1_785' title='bbox 2870 4809 2920 4850; x_wconf 71' lang='lat' dir='ltr'><strong>et</strong></span> <span class='ocrx_word' id='word_1_786' title='bbox 2942 4797 3299 4852; x_wconf 70' lang='lat' dir='ltr'><strong>contentione</strong></span> <span class='ocrx_word' id='word_1_787' title='bbox 3325 4807 3379 4852; x_wconf 90' lang='lat' dir='ltr'><strong>et</strong></span> <span class='ocrx_word' id='word_1_788' title='bbox 3406 4814 3538 4852; x_wconf 86' lang='lat' dir='ltr'><strong>cura</strong></span> 
     </span>
    </p>
   </div>
   <div class='ocr_carea' id='block_1_106' title="bbox 1947 4890 3542 4958">
    <p class='ocr_par' dir='ltr' id='par_1_106' title="bbox 1947 4890 3542 4958">
     <span class='ocr_line' id='line_1_106' title="bbox 1947 4890 3542 4958; baseline 0.001 -14"><span class='ocrx_word' id='word_1_789' title='bbox 1947 4898 2291 4958; x_wconf 81' lang='lat' dir='ltr'><strong>comparatas</strong></span> <span class='ocrx_word' id='word_1_790' title='bbox 2325 4890 2594 4945; x_wconf 82' lang='lat' dir='ltr'><strong>habebam</strong></span> <span class='ocrx_word' id='word_1_791' title='bbox 2617 4931 2630 4954; x_wconf 90' lang='lat'><strong>,</strong></span> <span class='ocrx_word' id='word_1_792' title='bbox 2670 4890 2944 4944; x_wconf 74' lang='lat' dir='ltr'><strong>uiiiversis</strong></span> <span class='ocrx_word' id='word_1_793' title='bbox 2980 4890 3339 4944; x_wconf 78' lang='lat' dir='ltr'><strong>valedicereui</strong></span> <span class='ocrx_word' id='word_1_794' title='bbox 3369 4930 3383 4956; x_wconf 86' lang='lat'><strong>,</strong></span> <span class='ocrx_word' id='word_1_795' title='bbox 3426 4908 3542 4945; x_wconf 84' lang='lat' dir='ltr'><strong>eas-</strong></span> 
     </span>
    </p>
   </div>
   <div class='ocr_carea' id='block_1_107' title="bbox 1946 4981 3537 5054">
    <p class='ocr_par' dir='ltr' id='par_1_107' title="bbox 1946 4981 3537 5054">
     <span class='ocr_line' id='line_1_107' title="bbox 1946 4981 3537 5054; baseline -0.003 -18"><span class='ocrx_word' id='word_1_796' title='bbox 1946 4997 2054 5052; x_wconf 88' lang='lat' dir='ltr'><strong>que</strong></span> <span class='ocrx_word' id='word_1_797' title='bbox 2093 4981 2150 5036; x_wconf 90' lang='lat' dir='ltr'><strong>in</strong></span> <span class='ocrx_word' id='word_1_798' title='bbox 2191 4983 2471 5054; x_wconf 73' lang='lat' dir='ltr'><strong>egentium</strong></span> <span class='ocrx_word' id='word_1_799' title='bbox 2517 4997 2684 5051; x_wconf 76' lang='lat' dir='ltr'><strong>opera</strong></span> <span class='ocrx_word' id='word_1_800' title='bbox 2735 4981 3064 5038; x_wconf 82' lang='lat' dir='ltr'><strong>distributas</strong></span> <span class='ocrx_word' id='word_1_801' title='bbox 3117 4981 3537 5052; x_wconf 75' lang='lat' dir='ltr'><strong>profunderem.</strong></span> 
     </span>
    </p>
   </div>
   <div class='ocr_carea' id='block_1_108' title="bbox 1947 5072 3540 5144">
    <p class='ocr_par' dir='ltr' id='par_1_108' title="bbox 1947 5072 3540 5144">
     <span class='ocr_line' id='line_1_108' title="bbox 1947 5072 3540 5144; baseline 0.001 -19"><span class='ocrx_word' id='word_1_802' title='bbox 1947 5073 2121 5140; x_wconf 82' lang='lat' dir='ltr'><strong>Quam</strong></span> <span class='ocrx_word' id='word_1_803' title='bbox 2155 5075 2226 5130; x_wconf 90' lang='lat' dir='ltr'><strong>ob</strong></span> <span class='ocrx_word' id='word_1_804' title='bbox 2247 5074 2518 5130; x_wconf 84' lang='lat' dir='ltr'><strong>causam?</strong></span> <span class='ocrx_word' id='word_1_805' title='bbox 2559 5072 2699 5140; x_wconf 85' lang='lat' dir='ltr'><strong>Quia</strong></span> <span class='ocrx_word' id='word_1_806' title='bbox 2727 5074 2932 5138; x_wconf 90' lang='lat' dir='ltr'><strong>omnis,</strong></span> <span class='ocrx_word' id='word_1_807' title='bbox 2978 5074 3188 5144; x_wconf 87' lang='lat' dir='ltr'><strong>inquit,</strong></span> <span class='ocrx_word' id='word_1_808' title='bbox 3217 5073 3380 5128; x_wconf 88' lang='lat' dir='ltr'><strong>homo</strong></span> <span class='ocrx_word' id='word_1_809' title='bbox 3401 5113 3416 5138; x_wconf 87' lang='lat'><strong>,</strong></span> <span class='ocrx_word' id='word_1_810' title='bbox 3446 5075 3540 5144; x_wconf 89' lang='lat' dir='ltr'><strong>qui</strong></span> 
     </span>
    </p>
   </div>
   <div class='ocr_carea' id='block_1_109' title="bbox 1947 5164 3543 5235">
    <p class='ocr_par' dir='ltr' id='par_1_109' title="bbox 1947 5164 3543 5235">
     <span class='ocr_line' id='line_1_109' title="bbox 1947 5164 3543 5235; baseline -0.002 -16"><span class='ocrx_word' id='word_1_811' title='bbox 1947 5180 2172 5234; x_wconf 82' lang='lat' dir='ltr'><strong>operam</strong></span> <span class='ocrx_word' id='word_1_812' title='bbox 2203 5179 2362 5220; x_wconf 89' lang='lat' dir='ltr'><strong>suam</strong></span> <span class='ocrx_word' id='word_1_813' title='bbox 2393 5167 2607 5235; x_wconf 80' lang='lat' dir='ltr'><strong>magnis</strong></span> <span class='ocrx_word' id='word_1_814' title='bbox 2641 5164 2698 5218; x_wconf 89' lang='lat' dir='ltr'><strong>in</strong></span> <span class='ocrx_word' id='word_1_815' title='bbox 2759 5165 2958 5234; x_wconf 81' lang='lat' dir='ltr'><strong>Opibus</strong></span> <span class='ocrx_word' id='word_1_816' title='bbox 3027 5164 3384 5235; x_wconf 78' lang='lat' dir='ltr'><strong>congerendis</strong></span> <span class='ocrx_word' id='word_1_817' title='bbox 3444 5180 3543 5234; x_wconf 85' lang='lat' dir='ltr'><strong>po-</strong></span> 
     </span>
    </p>
   </div>
   <div class='ocr_carea' id='block_1_110' title="bbox 1949 5255 3543 5326">
    <p class='ocr_par' dir='ltr' id='par_1_110' title="bbox 1949 5255 3543 5326">
     <span class='ocr_line' id='line_1_110' title="bbox 1949 5255 3543 5326; baseline 0 -16"><span class='ocrx_word' id='word_1_818' title='bbox 1949 5273 2081 5312; x_wconf 87' lang='lat' dir='ltr'><strong>nere</strong></span> <span class='ocrx_word' id='word_1_819' title='bbox 2112 5256 2344 5322; x_wconf 88' lang='lat' dir='ltr'><strong>maluit,</strong></span> <span class='ocrx_word' id='word_1_820' title='bbox 2371 5271 2535 5326; x_wconf 90' lang='lat' dir='ltr'><strong>quam</strong></span> <span class='ocrx_word' id='word_1_821' title='bbox 2561 5255 2918 5312; x_wconf 88' lang='lat' dir='ltr'><strong>admirandus</strong></span> <span class='ocrx_word' id='word_1_822' title='bbox 2962 5255 3079 5312; x_wconf 79' lang='lat' dir='ltr'><strong>ﬁeri</strong></span> <span class='ocrx_word' id='word_1_823' title='bbox 3128 5257 3210 5310; x_wconf 83' lang='lat' dir='ltr'><strong>vel</strong></span> <span class='ocrx_word' id='word_1_824' title='bbox 3261 5255 3543 5324; x_wconf 77' lang='lat' dir='ltr'><strong>sapientia:</strong></span> 
     </span>
    </p>
   </div>
   <div class='ocr_carea' id='block_1_111' title="bbox 1949 5347 3538 5420">
    <p class='ocr_par' dir='ltr' id='par_1_111' title="bbox 1949 5347 3538 5420">
     <span class='ocr_line' id='line_1_111' title="bbox 1949 5347 3538 5420; baseline -0.002 -17"><span class='ocrx_word' id='word_1_825' title='bbox 1949 5349 2340 5420; x_wconf 82' lang='lat' dir='ltr'><strong>magnitudine,</strong></span> <span class='ocrx_word' id='word_1_826' title='bbox 2376 5363 2700 5418; x_wconf 86' lang='lat' dir='ltr'><strong>summaque</strong></span> <span class='ocrx_word' id='word_1_827' title='bbox 2731 5347 3047 5403; x_wconf 87' lang='lat' dir='ltr'><strong>sublimium</strong></span> <span class='ocrx_word' id='word_1_828' title='bbox 3086 5347 3444 5416; x_wconf 79' lang='lat' dir='ltr'><strong>intelligentia</strong></span> <span class='ocrx_word' id='word_1_829' title='bbox 3474 5363 3538 5400; x_wconf 86' lang='lat' dir='ltr'><strong>ae</strong></span> 
     </span>
    </p>
   </div>
   <div class='ocr_carea' id='block_1_112' title="bbox 1948 5436 3534 5510">
    <p class='ocr_par' dir='ltr' id='par_1_112' title="bbox 1948 5436 3534 5510">
     <span class='ocr_line' id='line_1_112' title="bbox 1948 5436 3534 5510; baseline -0.004 -13"><span class='ocrx_word' id='word_1_830' title='bbox 1948 5441 2259 5499; x_wconf 86' lang='lat' dir='ltr'><strong>divinarum</strong></span> <span class='ocrx_word' id='word_1_831' title='bbox 2303 5441 2788 5510; x_wconf 86' lang='lat' dir='ltr'><strong>humanarumque</strong></span> <span class='ocrx_word' id='word_1_832' title='bbox 2834 5455 3015 5494; x_wconf 85' lang='lat' dir='ltr'><strong>rerum</strong></span> <span class='ocrx_word' id='word_1_833' title='bbox 3047 5441 3406 5510; x_wconf 73' lang='lat' dir='ltr'><strong>.mgnitionc,</strong></span> <span class='ocrx_word' id='word_1_834' title='bbox 3449 5436 3534 5491; x_wconf 85' lang='lat' dir='ltr'><strong>vel</strong></span> 
     </span>
    </p>
   </div>
   <div class='ocr_carea' id='block_1_113' title="bbox 1948 5528 3535 5588">
    <p class='ocr_par' dir='ltr' id='par_1_113' title="bbox 1948 5528 3535 5588">
     <span class='ocr_line' id='line_1_113' title="bbox 1948 5528 3535 5588; baseline -0.004 0"><span class='ocrx_word' id='word_1_835' title='bbox 1948 5528 2143 5588; x_wconf 79' lang='lat' dir='ltr'><strong>bellica</strong></span> <span class='ocrx_word' id='word_1_836' title='bbox 2183 5534 2382 5588; x_wconf 88' lang='lat' dir='ltr'><strong>virtute</strong></span> <span class='ocrx_word' id='word_1_837' title='bbox 2410 5549 2474 5588; x_wconf 87' lang='lat' dir='ltr'><strong>ac</strong></span> <span class='ocrx_word' id='word_1_838' title='bbox 2501 5531 2820 5588; x_wconf 80' lang='lat' dir='ltr'><strong>fortitudine</strong></span> <span class='ocrx_word' id='word_1_839' title='bbox 2861 5543 3052 5585; x_wconf 82' lang='lat' dir='ltr'><strong>contra</strong></span> <span class='ocrx_word' id='word_1_840' title='bbox 3087 5540 3378 5584; x_wconf 75' lang='lat' dir='ltr'><strong>extraneos</strong></span> <span class='ocrx_word' id='word_1_841' title='bbox 3408 5544 3535 5585; x_wconf 82' lang='lat' dir='ltr'><strong>cor-</strong></span> 
     </span>
    </p>
   </div>
   <div class='ocr_carea' id='block_1_114' title="bbox 1951 5620 3532 5698">
    <p class='ocr_par' dir='ltr' id='par_1_114' title="bbox 1951 5620 3532 5698">
     <span class='ocr_line' id='line_1_114' title="bbox 1951 5620 3532 5698; baseline -0.006 -15"><span class='ocrx_word' id='word_1_842' title='bbox 1951 5627 2100 5698; x_wconf 87' lang='lat' dir='ltr'><strong>poris</strong></span> <span class='ocrx_word' id='word_1_843' title='bbox 2125 5627 2490 5691; x_wconf 83' lang='lat' dir='ltr'><strong>adversarios,</strong></span> <span class='ocrx_word' id='word_1_844' title='bbox 2521 5625 2604 5679; x_wconf 87' lang='lat' dir='ltr'><strong>vel</strong></span> <span class='ocrx_word' id='word_1_845' title='bbox 2639 5625 2818 5694; x_wconf 85' lang='lat' dir='ltr'><strong>potius</strong></span> <span class='ocrx_word' id='word_1_846' title='bbox 2843 5632 3030 5678; x_wconf 80' lang='lat' dir='ltr'><strong>Cullll&#39;a</strong></span> <span class='ocrx_word' id='word_1_847' title='bbox 3061 5623 3320 5696; x_wconf 78' lang='lat' dir='ltr'><strong>impetum</strong></span> <span class='ocrx_word' id='word_1_848' title='bbox 3353 5620 3532 5676; x_wconf 89' lang='lat' dir='ltr'><strong>domi-</strong></span> 
     </span>
    </p>
   </div>
   <div class='ocr_carea' id='block_1_115' title="bbox 3335 5800 3530 5872">
    <p class='ocr_par' dir='ltr' id='par_1_115' title="bbox 3335 5800 3530 5872">
     <span class='ocr_line' id='line_1_115' title="bbox 3335 5800 3530 5872; baseline 0.01 0"><span class='ocrx_word' id='word_1_849' title='bbox 3335 5800 3530 5872; x_wconf 70' lang='grc' dir='ltr'>μερίδα</span> 
     </span>
    </p>
   </div>
   <div class='ocr_carea' id='block_1_116' title="bbox 1955 5798 3253 5875">
    <p class='ocr_par' dir='ltr' id='par_1_116' title="bbox 1955 5798 3253 5875">
     <span class='ocr_line' id='line_1_116' title="bbox 1955 5798 3253 5875; baseline -0.003 -17"><span class='ocrx_word' id='word_1_850' title='bbox 1955 5805 2056 5858; x_wconf 77' lang='grc' dir='ltr'><strong>οὐκ</strong></span> <span class='ocrx_word' id='word_1_851' title='bbox 2101 5803 2402 5875; x_wconf 74' lang='grc' dir='ltr'>ἐμόχθησεν</span> <span class='ocrx_word' id='word_1_852' title='bbox 2563 5801 2778 5872; x_wconf 73' lang='grc' dir='ltr'>αὐτῷ...</span> <span class='ocrx_word' id='word_1_853' title='bbox 2825 5798 3036 5870; x_wconf 71' lang='lat' dir='ltr'><strong>Olyinp.</strong></span> <span class='ocrx_word' id='word_1_854' title='bbox 3094 5800 3253 5854; x_wconf 82' lang='grc' dir='ltr'>δώσει</span> 
     </span>
    </p>
   </div>
   <div class='ocr_carea' id='block_1_117' title="bbox 1955 5892 2144 5929">
    <p class='ocr_par' dir='ltr' id='par_1_117' title="bbox 1955 5892 2144 5929">
     <span class='ocr_line' id='line_1_117' title="bbox 1955 5892 2144 5929; baseline -0.005 0"><span class='ocrx_word' id='word_1_855' title='bbox 1955 5892 2144 5929; x_wconf 78' lang='grc' dir='ltr'>αυτον.</span> 
     </span>
    </p>
   </div>
  </div>
