4076 6284
340 354 442 423 Sil
987 418 992 428 ,
1399 357 1486 422 ΙΝ
1524 355 2106 424 ECCLESIASTEN-
2137 390 2202 402 —
2228 355 2378 427 LIB.
2415 359 2534 426 III.
2841 402 2855 408 -
3495 365 3598 438 842

336 465 658 538 άξιωθῶμεν
685 466 746 520 ὲν
768 466 918 538 αὖτῷ
937 465 1160 540 Χριστῷ
1180 465 1260 538 τῷ
1274 465 1468 538 Κυρίῳ
1494 465 1673 538 ἡμῶν,
1702 459 1747 532 ᾧ
1776 468 1808 536 ἡ
1835 466 1918 519 δό-

2020 483 2239 523 mantus
2267 487 2279 522 :
2312 483 2424 538 quo
2452 477 2506 524 et
2537 459 2807 524 caelorum
2848 477 3079 542 regnum
3109 483 3208 544 per
3230 475 3408 546 ipsum
3435 464 3602 534 Chri-

337 561 403 626 ξα
439 557 532 613 καὶ
578 557 640 612 τὸ
687 559 890 630 κράτος
933 559 1034 614 σὺν
1061 557 1140 630 τῷ
1174 557 1576 629 παντοκράτορι
1610 557 1790 628 ῐίατρὶ
1821 557 1916 613 καὶ

2025 569 2172 614 stum
2221 559 2518 615 Dominum
2551 567 2800 616 nostrum
2847 561 3242 632 adipiscamur.
3289 566 3388 622 Cui
3427 569 3602 638 gloria

334 649 412 720 τῷ
445 649 700 720 παναγίῳ
727 651 823 705 καὶ
854 649 1045 722 ἀγαθῷ
1087 651 1182 704 καὶ
1210 648 1463 720 ζωοποιεῖ)
1500 649 1780 718 Πνεύματι
1824 648 1916 702 νῦν

2022 659 2076 706 et
2127 650 2419 720 imperium
2475 665 2601 706 cum
2659 651 2822 706 Patre
2873 651 3253 723 omnipotente
3305 665 3360 710 et
3410 669 3604 710 saneto

335 743 428 797 ml
454 744 540 798 ἀεὶ
573 745 665 797 καὶ
694 744 773 808 εἰς
802 745 933 808 τοὺς
965 741 1167 808 αἰῶνας
1194 741 1306 796 τῶν
1333 740 1568 798 αἰώνων.
1611 742 1806 813 Ἀμήν.

2025 738 2282 807 bonoque
2323 751 2390 791 ac
2422 737 2548 792 vitae
2588 749 2816 794 auctore
2865 739 3076 810 Spiritu
3110 755 3254 798 nunc
3290 753 3347 798 et
3388 759 3606 816 semper

2021 836 2074 880 et
2104 826 2158 880 in
2191 825 2393 880 sarcula
2425 827 2774 884 saeculorum.
2808 830 3003 886 Amen.

1567 1197 1935 1284 ΛΟΓΟΣ
1971 1197 2390 1282 ΤΡΙΤΟΣ.

1465 1537 1813 1640 LIBER
1913 1551 2476 1644 TERTIUS.

1922 1784 1991 1808 -Α

411 2018 546 2086 Τοῖς
593 2003 786 2074 πᾶσιν
828 2019 862 2072 ὀ
913 2017 1157 2086 χρόνος,
1195 2016 1294 2070 καί
1342 2015 1548 2084 καιρὸς
1607 2011 1686 2080 τῷ
1743 2015 1918 2068 παντί

2094 2011 2209 2084 ω
2243 2011 2372 2067 CAP.
2416 2011 2516 2075 Ill,
2551 1998 2719 2068 Vens.
2769 2013 2818 2066 I-.
2860 2005 3131 2067 Omnibus
3159 2021 3364 2084 tempus
3411 2025 3508 2082 est,
3556 2027 3606 2071 ct

337 2111 636 2182 πράτματι
661 2110 782 2167 ὑπὸ
807 2108 918 2164 τὸν
936 2111 1218 2180 οὐρανόν.
1736 2166 1748 2172 ,

2029 2103 2404 2172 tempestivitas
2434 2104 2578 2156 omni
2605 2105 2679 2158 rei
2708 2103 2802 2158 sub
2833 2105 2962 2160 caelo
2986 2105 3084 2175 (4).

407 2203 495 2256 Τὰ
519 2202 649 2272 περὶ
673 2201 773 2272 τῆς
801 2201 1022 2271 φύσεως
1047 2201 1156 2256 τῶν
1188 2201 1358 2256 ὅντων
1382 2201 1457 2266 ὡς
1478 2201 1590 2256 ἀπὺ
1623 2184 1821 2274 μέρους
1845 2203 1918 2256 δι-

2095 2195 2398 2262 Postquam
2444 2195 2512 2248 de
2571 2210 2754 2250 rerum
2808 2206 3001 2252 natura
3059 2197 3216 2268 quasi
3278 2214 3376 2269 per
3422 2214 3606 2271 partes

335 2293 596 2362 εξελθὼν,
624 2289 738 2348 οἷον
771 2293 902 2363 περὶ
943 2292 1046 2365 τῆς
1089 2293 1378 2365 ἀνθρώπου
1414 2293 1799 2381 παρελεύεεως
1829 2296 1918 2348 καὶ

2025 2286 2312 2352 disseruit,
2357 2287 2618 2342 nimirum
2661 2287 2732 2343 de
2770 2287 3012 2344 hominis
3044 2289 3277 2344 transitu
3321 2301 3376 2348 et
3415 2295 3605 2364 cogni-

335 2386 620 2462 γνώσεως,
649 2385 777 2456 περὶ
801 2385 901 2455 τῆς
919 2383 1330 2456 διαιωνιζούσης
1350 2385 1624 2456 ἑδραστῆς
1640 2385 1768 2456 γῆς,
1793 2387 1923 2456 περὶ

335 2479 437 2548 τῆς
454 2476 691 2548 ἡλιακῆς
709 2477 882 2545 φορᾶς
897 2475 992 2529 καὶ
1013 2476 1304 2548 κινήσεως,
1333 2476 1462 2546 περὶ
1485 2477 1807 2548 χειμάρρων
1828 2478 1924 2530 καὶ

337 2565 604 2638 ποταμῶν
637 2564 732 2618 καὶ
764 2563 1060 2636 θαλάσσης,
1090 2564 1186 2620 καὶ
1213 2564 1529 2634 διαγγείλας
1569 2567 1670 2638 τὴν
1715 2567 1922 2621 ὑποτα-

336 2655 440 2728 γὴν
467 2655 564 2710 καὶ
593 2653 820 2726 θητείαν
852 2653 963 2708 τῶν
1000 2655 1317 2724 κτισμάτων
1354 2655 1492 2726 πρὸς
1519 2653 1611 2710 τὸν
1642 2653 1776 2709 ίδιον
1805 2657 1922 2710 κτί-

338 2764 472 2818 στην
493 2747 588 2802 καὶ
607 2745 838 2818 ποιητὴν
859 2731 1249 2818 ἀπαραιτήτως
1269 2746 1667 2819 ἐνεργουμένην
1689 2747 1922 2805 πάντοτε

338 2839 430 2892 καὶ
459 2839 604 2894 κατά
635 2840 821 2910 φύσιν,
847 2839 943 2894 καὶ
984 2839 1169 2912 μέντοι
1199 2839 1297 2894 καὶ
1325 2841 1483 2894 κατὰ
1498 2840 1736 2914 φυσικὴν
1767 2843 1924 2897 ἔναν-

338 2927 530 2982 τίωσιν
547 2941 562 2958 °
589 2922 711 2982 εἶτα
729 2927 1058 2998 διαλαλήσας
1083 2927 1343 2998 περὶτῶν
1366 2927 1922 2999 παρακολουθούντων

339 3018 436 3072 καὶ
487 3019 893 3089 συμϐαινόντων
933 3020 1047 3083 τοῖς
1085 3018 1393 3090 φιληδόνοις
1439 3019 1774 3092 ἀνθρώποις,
1825 3022 1922 3076 καὶ

337 3111 745 3183 περισπασμῶν
783 3109 1075 3182 μοχθηρῶν
1102 3108 1162 3178 ἐξ
1189 3110 1470 3176 ἀϐουλίας,
1500 3113 1597 3166 καὶ
1640 3112 1750 3167 τῶν
1783 3130 1922 3182 φαυ-

331 3201 580 3274 λοτήτων
600 3204 699 3258 καὶ
727 3201 1148 3274 κακοπραγιῶν,
1181 3203 1312 3273 περὶ
1332 3196 1408 3257 ὧν
1437 3203 1531 3257 καὶ
1554 3199 1704 3269 εἷπε,
1743 3220 1766 3258 t
1795 3205 1921 3259 Μα-

329 3294 558 3364 ταιότης
599 3295 1000 3366 ματαιοτήτων,
1046 3293 1117 3347 τὰ
1162 3295 1341 3350 πάντα
1391 3295 1727 3367 ματαιότηςο
1761 3314 1781 3348 ι
1826 3295 1924 3349 καὶ

2025 2376 2196 2442 tione,
2230 2377 2299 2431 de
2337 2383 2600 2447 perpetua
2643 2387 2805 2434 terra
2833 2379 3156 2444 stabilitate,
3178 2381 3247 2436 de
3274 2384 3440 2438 solari
3473 2401 3607 2455 gyro

2024 2477 2416 2538 atque-motu,
2467 2469 2539 2524 de
2579 2471 2922 2528 torrentibus
2966 2480 3022 2528 et
3069 2471 3256 2530 ﬂuviis
3301 2484 3358 2530 et
3409 2470 3549 2532 mari
3587 2495 3604 2533 :

2024 2550 2142 2616 tum
2179 2575 2364 2616 rerum
2393 2561 2748 2618 conditarum
2789 2562 3119 2634 obsequium
3163 2564 3298 2620 illud
3337 2574 3392 2621 et
3426 2566 3606 2624 laniu-

2025 2651 2199 2707 latum
2231 2652 2562 2719 enuntiavit,
2603 2667 2765 2724 quem
2809 2654 3024 2709 auctori
3067 2669 3139 2710 ac
3178 2658 3454 2714 conditori
3501 2649 3606 2716 suo

2025 2744 2475 2800 constantissime
2523 2752 2580 2800 et
2625 2747 2692 2800 ad
2759 2753 2972 2800 naturas
3023 2748 3242 2802 modum
3302 2759 3358 2820 et
3409 2763 3606 2822 praeter

2024 2834 2202 2904 ipsam
2228 2849 2454 2906 quoque
2481 2845 2738 2891 naturam
2768 2851 2988 2907 semper
3015 2838 3278 2896 exhibent
3305 2858 3320 2895 :
3357 2856 3423 2898 ac
3449 2855 3606 2912 post--

2025 2942 2192 2998 quam
2217 2927 2384 2982 verba
2412 2927 2482 2982 de
2514 2927 2582 2982 iis
2617 2925 2770 2991 fecit,
2815 2942 2939 2997 quae
2980 2928 3323 2998 voluptarios
3353 2931 3606 2990 homines

2025 3019 2367 3074 comitantur
2413 3033 2480 3074 ac
2528 3027 2980 3090 consequuntur.
3033 3019 3213 3090 deque
3260 3022 3606 3092 improbisct

2026 3119 2234 3168 temere
2262 3113 2534 3182 susceptis
2567 3110 3024 3168 contentionibus
3055 3127 3122 3168 ac
3155 3111 3445 3184 ﬂagitiosis
3479 3131 3604 3186 pra-

2021 3203 2220 3274 visque
2239 3203 2425 3270 factis,
2461 3203 2530 3258 de
2545 3203 2747 3275 quibus
2781 3204 2945 3260 etiam
2977 3204 3114 3260 dixit
3145 3219 3160 3258 :
3195 3223 3214 3256 ι
3253 3203 3482 3262 Vanitas
3512 3209 3639 3261 va-'

2023 3295 2257 3352 uitatum
2289 3279 2347 3350 et
2376 3295 2564 3350 omnia
2595 3295 2844 3362 vanitas;
2882 3313 2902 3348 ι
2937 3311 3004 3351 ac
3028 3295 3226 3352 deinde
3252 3311 3349 3352 eos
3375 3298 3606 3353 damm—

330 3387 646 3454 καταγνοὺς
677 3385 774 3439 καὶ
808 3385 1319 3456 καταμεμψάμενος
1358 3385 1467 3439 τῶν
1509 3387 1569 3439 ὲν
1607 3385 1918 3458 εὐφροσύνῃ

2023 3383 2102 3440 vit
2137 3395 2192 3440 et
2220 3385 2590 3455 reprehendit,
2635 3385 2732 3456 qui
2777 3387 3024 3441 animum
3071 3386 3141 3441 ad
3187 3388 3353 3442 vitam
3415 3391 3602 3445 laetitia

328 3478 426 3532 καὶ
453 3474 786 3546 γέλωτι-ζῇν
811 3474 909 3547 τὴν
945 3475 1083 3530 ῑδίαν
1121 3475 1390 3545 ἀφιέντων
1418 3477 1670 3548 καρδίαν,
1698 3477 1794 3531 καὶ
1819 3477 1918 3532 τοῦ

328 3566 824 3639 συναθροισθέντος
852 3566 1039 3628 αὐτοῖς
1060 3565 1292 3620 πλούτου
1321 3565 1391 3618 τὰ
1421 3566 1538 3634 είδη
1571 3567 1664 3618 καὶ
1686 3565 1785 3629 τὰς
1810 3567 1921 3619 ὀνο-

333 3659 542 3730 μασίας
576 3657 767 3722 εἰπὼν,
793 3657 886 3710 καὶ
910 3656 1266 3726 στηλιτεύσας
1299 3657 1394 3710 καὶ
1427 3655 1804 3726 θριαμϐεύσας
1825 3657 1920 3710 καὶ

329 3748 512 3804 ταῦτα
571 3747 752 3815 πάντα
799 3749 1142 3819 ματαιότητα
1183 3746 1418 3810 καλέσας
1467 3749 1562 3801 καὶ
1595 3747 1920 3817 προαίρεσιν

331 3839 678 3909 πνεύματος,
717 3839 809 3893 καὶ
857 3839 946 3892 διὰ
987 3839 1147 3892 τοῦτο
1176 3837 1378 3908 μᾶλλον
1415 3835 1676 3907 ὑπερθεὶς
1703 3837 1802 3908 τὴν
1837 3853 1921 3890 σο-

331 3932 466 4000 φίαν
496 3932 596 4001 τῆς
617 3929 934 4002 ἀφροσύνης
957 3930 1056 3985 οὐκ
1075 3930 1424 4000 ἀσυγκρίτως
1444 3925 1612 3983 οὖσαν
1632 3929 1918 3996 κρείττονα

331 4025 428 4078 καὶ
459 4022 702 4078 νικῶσαν
726 4022 958 4094 ἔχουσαν
985 4023 1166 4094 ψῆφον
1190 4023 1286 4076 ἐπὶ
1304 4023 1440 4076 πᾶσι
1465 4023 1578 4086 τοῖς
1604 4021 1919 4092 κρατίστοις

328 4115 538 4187 δηλαδὴ
594 4115 692 4168 καὶ
741 4115 1059 4186 βελτίστοις,
1100 4115 1234 4184 ὅσην
1268 4113 1384 4185 ἔχει
1422 4113 1484 4168 τὸ
1528 4113 1644 4182 φῶς
1682 4113 1820 4184 πρὸς
1856 4113 1920 4167 τὺ

333 4206 569 4268 σκότος·
629 4205 926 4260 κάντεῦθεν
977 4205 1074 4278 τὴν
1123 4205 1260 4259 ίδίαν
1307 4204 1535 4272 καρδίαν
1581 4202 1918 4274 ἐπιστρέψας

330 4298 474 4369 πρὸς
531 4295 604 4350 τὰ
654 4297 870 4368 βελτίω,
923 4297 1018 4352 καὶ
1082 4297 1277 4360 πείσας
1333 4293 1705 4362 ἀποτάξασθαι
1753 4295 1918 4348 παντὶ

331 4389 600 4463 μοχθηρῷ
635 4391 821 4462 μόχθῳ
851 4389 946 4448 κα)⁸
974 4393 1040 4463 τῇ
1073 4391 1226 4463 φιλίᾳ
1257 4389 1350 4444 τοῦ
1385 4390 1592 4460 κόσμου
1614 4407 1626 4418 ·
1662 4388 1758 4442 νῦν
1799 4389 1914 4442 δια-

324 4479 602 4550 λαμϐάνει
648 4482 780 4552 περὶ
821 4481 915 4536 τοῦ
959 4482 1154 4554 χρόνου
1197 4480 1293 4536 τοῦ
1348 4479 1522 4535 ταῦτα
1559 4479 1736 4534 πάντα
1767 4496 1917 4549 περι-

325 4571 551 4641 έχοντος
595 4572 690 4626 καὶ
735 4573 1075 4643 συνέχοντος,
1111 4573 1208 4626 καί
1252 4590 1406 4642 φησι,
1449 4590 1468 4622 ι
1505 4571 1631 4635 Τοῖς
1675 4573 1841 4624 πᾶσιν
1887 4573 1915 4624 ὁ

325 4667 527 4736 χρόνος
567 4667 661 4720 καὶ
703 4667 898 4736 καιρὸς
939 4668 1018 4740 τῷ
1051 4669 1213 4723 παντὶ
1241 4669 1527 4739 πράγματι
1565 4667 1669 4721 ύπὺ
1701 4666 1791 4720 τὸν
1825 4669 1915 4720 ού·-

329 4757 514 4824 ρανόν.
543 4777 562 4809 ο
905 4768 913 4778 ·

412 4849 577 4904 Ἀλλά
605 4850 696 4903 τὸν
743 4850 842 4920 μὲν
874 4849 1064 4920 χρόνον
1101 4849 1177 4913 ὡς
1215 4850 1579 4918 γενικώτατον
1627 4858 1720 4908 καὶ
1755 4869 1908 4925 περι-

328 4939 698 4994 εκτικώτατον
731 4941 828 4994 καὶ
862 4940 973 4994 τῶν
1016 4940 1262 5010 φυσικῶν
1299 4941 1644 5012 πραγμάτων
1673 4943 1766 4996 καὶ
1799 4944 1910 4998 τῶν

329 5029 476 5084 κατά
503 5031 772 5100 σύμϐασιν
799 5033 1224 5102 συμπιπτόντων
1245 5049 1260 5062 ·
1291 5033 1386 5085 καὶ
1436 5033 1621 5102 μέντοι
1657 5035 1752 5088 καὶ
1799 5035 1910 5089 τῶν

301 5143 307 5150 -
331 5121 563 5192 καιρῶν,
586 5117 666 5186 οἷς
687 5123 783 5178 καὶ
805 5125 882 5188 ὡς
907 5123 1072 5178 εἴδεσι
1099 5121 1193 5176 τοῦ
1220 5123 1412 5196 χρόνον
1445 5122 1706 5196 δευτέραν
1733 5126 1904 5192 τάξιν,

329 5210 476 5282 κατὰ
503 5211 602 5282 τὴν
627 5211 778 5266 θέσιν
800 5212 910 5268 τῶν
931 5213 1213 5285 ὀνομάτων
1235 5212 1520 5284 ἀπένειμε,
1557 5212 1633 5284 τῷ
1667 5213 1810 5284 λόγῳ
1835 5213 1912 5266 δι-

331 5302 520 5356 έλαϐε.
552 5302 620 5356 Εί
641 5320 694 5358 τι
719 5304 820 5374 μὲν
849 5305 958 5376 γὰρ
987 5303 1198 5376 καιρὸς,
1226 5303 1385 5358 τοῦτο
1411 5305 1506 5357 καὶ
1547 5303 1736 5375 χρόνος
1762 5319 1774 5333 ο
1808 5299 1916 5356 ὥσ-

329 5410 440 5465 περ
487 5393 546 5447 εί
583 5411 634 5448 τι
679 5395 778 5466 μὲν
806 5395 1114 5468 ἄνθρωπος,
1173 5395 1334 5450 τοῦτο
1378 5397 1474 5450 καὶ
1515 5395 1652 5461 ζῶον
1677 5412 1690 5429 ·
1735 5395 1837 5450 οὐκ
1866 5395 1921 5449 εί

326 5501 382 5538 τι
430 5483 487 5538 δὲ
545 5485 759 5557 χρόνος,
805 5485 966 5540 τοῦτο
1010 5488 1108 5542 καὶ
1150 5487 1374 5559 καιρός·
1413 5485 1601 5558 ὥσπερ
1631 5486 1742 5540 οὐδ’
1781 5483 1833 5540 εί
1862 5503 1916 5540 τι

327 5575 492 5643 ζῶον,
537 5579 696 5632 τοῦτο
727 5579 831 5654 ,καὶ
862 5579 1171 5652 ἄνθρωπος.
1202 5579 1408 5651 Χρόνος
1439 5579 1540 5652 μὲν
1571 5579 1679 5651 γάρ
1708 5580 1824 5632 ἐστι
1858 5577 1918 5631 τὸ

401 5751 480 5822 (ὁ)
512 5749 726 5825 Olymp.
755 5752 864 5806 ύπδ
897 5753 990 5808 τὸν
1017 5753 1187 5826 ἥλιον.

659 5847 928 5906 Parnm“
977 5845 1093 5905 Gn.
1121 5845 1386 5907 XCVIII.

2019 3473 2250 3544 risuque
2303 3475 2602 3544 jucundam
2663 3477 3113 3545 transtulerunt;
3185 3479 3604 3551 designatisquu

2022 3566 2378 3632 divitiarum,
2435 3581 2576 3636 quas
2631 3566 2710 3621 illi
2776 3583 3144 3639 congessere,
3201 3551 3492 3640 generibus
3535 3591 3601 3627 ac

2021 3657 2362 3724 nominibus,
2398 3671 2556 3714 suam
2585 3658 2790 3728 cuique
2820 3661 2897 3715 rei
2928 3669 3113 3716 notam
3154 3661 3378 3727 inussit,
3411 3673 3598 3736 quasi-

2019 3762 2128 3818 que
2161 3747 2507 3818 triumphans
2551 3749 2852 3804 vanitatem
2893 3750 3078 3806 omnia
3105 3759 3162 3806 et
3189 3754 3417 3822 spiritus
3459 3773 3598 3824 pra:-

2020 3838 2396 3906 sumptionem
2447 3838 2780 3908 appellavit:
2813 3839 3072 3910 idemque
3099 3841 3424 3911 sapientiam
3465 3861 3596 3915 pro-

2019 3938 2204 3998 pterea
2265 3929 2712 4000 magniﬁcentius
2766 3931 2996 3991 extulit.
3056 3947 3288 4004 eamque
3351 3936 3596 3991 stultitia:

2019 4021 2424 4091 quodammodo
2471 4030 2849 4091 comparatam
2903 4019 3064 4093 longe
3093 4024 3381 4091 excellere,
3408 4035 3598 4097 atque

2021 4111 2074 4166 in
2135 4111 2406 4182 iis,.quae
2457 4111 2884 4182 praeclarissima
2933 4121 2987 4167 et
3038 4112 3244 4182 optima
3300 4114 3594 4184 habentur,

2018 4203 2162 4259 lucis
2192 4205 2368 4259 instar
2395 4219 2506 4274 prae
2534 4201 2774 4258 tenebris
2806 4203 2991 4258 omnia
3026 4217 3289 4273 superare
3315 4208 3554 4262 ostendit
3582 4231 3594 4262 :

2018 4309 2084 4350 ac
2132 4293 2372 4364 denique
2428 4295 2615 4348 animo
2671 4293 2738 4348 ad
2786 4293 3012 4350 meliora
3065 4309 3354 4360 converso,
3406 4311 3596 4352 omnes

2017 4385 2270 4442 hortatus
2307 4394 2411 4451 est,
2443 4394 2506 4440 ut
2540 4385 2714 4442 labori
2747 4386 2948 4457 cuique
2988 4397 3323 4458 praepostero
3351 4397 3407 4445 et
3435 4405 3596 4464 mun-

2017 4477 2174 4534 danae
2229 4477 2488 4533 amicitiae
2538 4477 2886 4544 renuntient;
2934 4479 3001 4532 dc
3035 4487 3278 4549 tempore
3315 4478 3428 4551 jam
3480 4497 3596 4544 scr.

2017 4585 2240 4624 monem
2272 4569 2532 4634 instituit,
2572 4584 2683 4640 quo
2717 4569 2836 4624 haec
2877 4571 3064 4626 omnia
3097 4572 3379 4642 complexa
3417 4577 3596 4630 conti-
3677 4581 3680 4584 ’

2017 4671 2242 4728 nentur,
2299 4672 2462 4732 atque
2513 4662 2592 4716 ait
2647 4679 2660 4716 :
2723 4679 2743 4712 «
2783 4660 3050 4718 Omnibus
3097 4672 3313 4734 tempus
3369 4675 3486 4730 est,
3541 4677 3596 4720 et

2019 4755 2416 4826 tempestivitas
2447 4753 2596 4810 omni
2629 4755 2706 4810 rei
2739 4755 2840 4810 sub
2873 4756 3036 4811 coelo.
3077 4775 3096 4808 ι

2089 4847 2200 4918 69
2223 4848 2293 4902 At
2317 4855 2536 4916 tempus
2564 4847 2637 4900 ita
2669 4847 2836 4902 verbo
2871 4846 3123 4902 distinxit
3149 4850 3308 4918 quasi
3343 4849 3416 4913 id,
3447 4854 3592 4921 quod

2015 4939 2317 5010 generatim
2367 4938 2585 5008 lateque
2635 4953 2724 4994 res
2767 4953 2962 4994 omnes
2999 4940 3430 5009 comprehendit,
3481 4950 3591 4998 tam

2017 5045 2112 5086 eas
2137 5045 2258 5100 quae
2302 5039 2496 5085 natura
2532 5029 2688 5097 liunt,
2721 5045 2886 5100 quam
2928 5046 3024 5087 eas
3063 5046 3188 5101 quae
3217 5044 3415 5090 eventu
3461 5051 3594 5092 con-

2019 5122 2239 5192 tingunt
2270 5139 2284 5178 :
2325 5129 2490 5192 atque
2527 5122 2666 5178 adeo
2715 5122 2864 5192 ipsas
2905 5123 3073 5178 etiam
3108 5126 3590 5200 tempestivitatcs.

2019 5212 2220 5282 quibus
2273 5219 2350 5278 et,
2395 5218 2657 5282 tanquam
2713 5211 2906 5267 formis
2959 5212 3133 5282 ipsius
3181 5217 3478 5286 temporis,
3529 5228 3593 5272 ut

2014 5319 2078 5359 ex
2109 5303 2398 5395 nominum
2433 5303 2798 5360 collocatione
2829 5317 3075 5383 apparet,
3111 5307 3360 5364 ordinem
3393 5324 3592 5364 secun-

2019 5395 2146 5449 dum
2180 5395 2449 5450 attribuit.
2482 5395 2618 5450 Nam
2643 5396 2788 5466 quod
2819 5397 3218 5466 tempestivitas
3246 5399 3336 5458 sit.
3375 5408 3594 5468 tempus

2015 5487 2178 5541 etiam
2233 5496 2338 5553 est,
2390 5489 2853 5558 quemadmodum
2909 5490 3052 5558 quod
3105 5490 3288 5550 homo,
3343 5489 3482 5543 idem
3537 5501 3592 5544 et

2018 5576 2221 5632 animal
2256 5596 2268 5632 :
2313 5585 2366 5631 at
2397 5588 2507 5632 non
2535 5579 2681 5649 quod
2729 5580 2800 5636 sit
2844 5589 2928 5633 ten
2955 5595 3076 5648 pus,
3117 5579 3256 5634 idem
3289 5586 3344 5634 et
3381 5585 3592 5652 tempe-

3185 5838 3266 5904 ‘21
