4076 6284
534 342 647 411 833

1638 345 1703 406 s.
1739 344 2118 427 esseom;
2151 347 2665 414 AGRIGENTINI

3718 361 3850 426 844

542 452 760 516 ativitas
799 464 907 523 est,
950 464 1010 512 ut
1052 467 1152 512 nec
1180 452 1331 526 quod
1375 451 1604 522 animal,
1655 453 1797 510 idem
1842 462 1897 509 et
1938 454 2119 512 homo.

2232 463 2811 534 συμπαρατεινόμενον
2839 463 3113 539 διάστημα
3136 470 3206 542 τῇ
3234 470 3463 544 διαμονῇ
3489 471 3584 527 καὶ
3606 477 3841 547 κινήσει

541 548 759 607 Etenim
815 558 1034 622 tempus
1106 545 1332 621 quidem
1382 553 1471 604 est
1533 546 1924 613 intervallum.
1975 548 2124 620 quod

543 641 896 714 protenditur
946 642 1089 699 inter
1148 649 1353 698 statum
1383 648 1440 697 et
1482 650 1692 697 motum
1737 655 1954 707 eorum,
2001 656 2127 712 qua;

545 744 699 804 sunt,
740 750 843 791 nec
886 735 1054 791 habet
1090 734 1146 790 in
1186 733 1487 805 semetipso
1523 732 1844 789 distinctam
1882 733 2125 788 circum-

543 812 921 898 scr‘iptamque
943 826 1312 883 substantiam
1343 834 1554 881 naturae
1579 815 1695 881 suae
1716 835 1883 895 atque
1908 832 2122 880 motus:

545 919 654 976 nisi
683 920 808 991 quis
836 917 1138 989 praecidere
1166 918 1448 986 maluerit,
1478 927 1532 973 et
1560 917 1895 988 praeteritum
1930 932 1957 971 a
1984 932 2125 987 prae-

545 1010 685 1067 senti
722 1018 779 1064 et
805 1009 989 1066 futuro
1022 1024 1333 1076 secernere,
1361 1009 1691 1081 tripartitam
1721 1008 1870 1063 illam
1902 1006 2126 1063 divisio-

543 1115 672 1155 nem
716 1110 965 1169 secutus,
1019 1116 1142 1172 quae
1176 1117 1282 1157 usu
1346 1108 1564 1172 recepta
1625 1115 1658 1155 a
1718 1098 2124 1170 professoribus

541 1192 746 1249 artium
790 1194 847 1248 in
883 1200 1113 1249 caeteros
1149 1193 1405 1249 homines
1455 1192 1721 1246 manavit.
1769 1190 1999 1262 Quippe
2029 1205 2127 1245 na-

543 1293 725 1340 turam
771 1285 938 1339 etiam
988 1295 1045 1340 et
1087 1293 1299 1340 motum
1347 1284 1612 1354 temporis
1654 1282 1797 1338 inter
1836 1283 2128 1338 continuas

543 1377 882 1448 quantitates
912 1377 950 1432 ii
988 1377 1339 1447 potissimum
1389 1376 1638 1430 referunt
1682 1383 1848 1444 atque
1877 1383 2125 1439 censent,

543 1468 640 1539 qui
695 1468 874 1523 otium
932 1482 1095 1523 suum
1152 1466 1209 1521 in
1260 1464 1535 1537 ejusmodi
1594 1453 1792 1520 studiis
1856 1463 2130 1519 contrive-

543 1557 804 1648 runt
845 1559 916 1615 At
967 1573 1100 1615 vero
1145 1557 1548 1630 tempestivitas
1591 1555 1878 1612 definitum
1925 1570 1990 1611 ac
2021 1562 2130 1610 ter-

2224 552 2333 607 τῶν
2376 552 2571 622 ὅντων,
2604 556 2706 611 οὐκ
2741 557 2885 630 ἔχων
2916 561 3042 614 καθ’
3076 561 3269 618 ἑαυτὸν
3303 564 3676 639 διωρισμένην
3724 571 3841 624 καὶ

2225 647 2754 719 περιγεγραμμένην
2781 650 2881 722 τὴν
2915 650 3150 723 ὕπαρξιν
3176 656 3276 726 τῆς
3311 656 3447 721 ιδίας
3474 659 3694 727 φύσεως
3724 662 3838 715 καὶ

2213 736 2497 807 ⁹κινήσεως
2518 755 2534 771 ο
2569 741 2619 793 εί
2648 742 2722 813 μή
2747 760 2832 806 τις
2861 745 3160 817 ἀποτεμεῖν
3190 749 3460 820 ἐθελήσει,
3495 752 3591 805 καὶ
3618 752 3837 808 διελεῖν

2224 824 2319 882 τὸν
2344 827 2760 899 παρεληλυθότα
2782 833 2875 886 τοῦ
2899 835 3196 902 ἐνεστῶτος
3221 841 3314 893 καὶ
3338 840 3625 910 μέλλοντος
3673 846 3839 900 κατὰ

2227 915 2681 1006 παραληφθεῖσαν
2721 923 2887 977 αὑτοῦ
2918 925 3185 998 διαίρεσιν
3217 932 3476 1003 τριμερῆ,
3508 932 3601 985 καὶ
3628 950 3835 1006 παρα-

2225 1005 2473 1062 δοθεῖσαν
2513 1013 2622 1074 τοῖς
2661 1012 2842 1078 ἄλλοις
2882 1015 3195 1088 ἀνθρώποις
3245 1021 3351 1075 ὑπὸ
3381 1023 3494 1078 τῶν
3522 1005 3828 1094 τεχνικῶν.

2228 1098 2480 1188 Μάλιστα
2508 1103 2614 1174 γὰρ
2651 1106 2744 1158 καὶ
2780 1106 3097 1178 τοῦχρὸνου
3136 1110 3235 1184 τὴν
3265 1112 3428 1181 φύσιν
3472 1116 3567 1168 καὶ
3598 1116 3830 1188 κίνησιν

2229 1187 2335 1277 ὑπὸ
2368 1187 2430 1241 τδ
2454 1191 2687 1277 συνεχὲς
2713 1195 2877 1248 ποσὸν
2902 1199 3165 1267 ἀνάγουσι
3199 1204 3297 1255 καὶ
3323 1203 3570 1257 τιθέασιν
3595 1207 3645 1259 οί
3681 1187 3827 1277 περὶ

2227 1275 2296 1328 τὰ
2322 1275 2549 1331 τοιαῦτα
2574 1280 2674 1348 τὴν
2705 1283 2903 1354 σχολὴν
2936 1288 3253 1358 ἐσχηκότες.
3297 1292 3354 1344 '0
3383 1292 3439 1345 δὲ
3470 1294 3661 1366 καιρὸς
3691 1275 3830 1366 ὡρι-

2232 1366 2438 1439 σμένην
2464 1367 2579 1439 ἔχει
2608 1371 2704 1425 καὶ
2738 1379 3182 1450 περιωρισμένην
3210 1381 3313 1451 τὴν
3345 1381 3481 1436 ίδίαν
3510 1385 3684 1455 ἀρχὴν
3720 1387 3827 1439 καὶ

2228 1459 2326 1530 τὴν
2351 1461 2630 1532 τελευτήν.
2658 1465 2867 1537 Καιρὺς
2894 1467 2994 1539 μὲν
3020 1470 3129 1542 γάρ
3152 1471 3344 1543 θέρους
3370 1474 3678 1540 ἰδιάζουσαν
3699 1477 3825 1547 ἔχει

2229 1549 2328 1622 τὴν
2352 1552 2527 1626 ἀρχὴν
2556 1555 2652 1608 καὶ
2679 1555 2778 1627 τὴν
2807 1559 3095 1637 τε-λευτήνο
3126 1561 3388 1628 ὡσαύτως
3421 1566 3520 1637 μὲν
3563 1568 3817 1637 μετοπώ-

544 1633 818 1709 minatum
870 1652 1039 1708 habet
1092 1651 1429 1723 principium
1489 1657 1654 1720 atque
1705 1648 1935 1704 exitum.
1993 1645 2119 1701 Nam

2234 1658 2327 1712 ρου
2363 1645 2458 1695 καὶ
2504 1645 2772 1716 χειμῶνος
2807 1633 2887 1701 ἔτί
2937 1666 3001 1719 γε
3035 1652 3140 1724 μὴν
3175 1654 3271 1707 καὶ
3315 1654 3411 1708 τοῦ
3424 1633 3618 1726 ⁷ἒαρολς,
3648 1657 3683 1711 ἃ
3716 1658 3818 1712 τοῦ

545 1747 756 1804 aestatis
780 1745 1192 1818 tempestivitati
1208 1744 1492 1817 proprium
1511 1751 1596 1799 est
1623 1741 1841 1797 initium
1872 1755 1937 1797 ac
1961 1740 2086 1796 finis
2112 1756 2119 1794 :

2232 1734 2424 1805 χρόνου
2455 1736 2764 1806 πεφύκασιν
2791 1740 2930 1813 εἴδη,
2962 1744 3054 1797 καὶ⁵
3091 1743 3169 1815 τῷ
3204 1746 3441 1819 χρονικῷ
3482 1748 3819 1821 διαστήματι

543 1840 850 1909 eodemque
892 1837 1056 1894 modo
1093 1845 1150 1893 et
1176 1836 1433 1893 autumni
1474 1843 1531 1892 et
1576 1835 1794 1898 hiemis,
1840 1833 2119 1904 ipsiusque

2238 1827 2582 1898 περιέχονται
2616 1831 2711 1884 καὶ
2746 1835 3089 1904 συνέχονταιο
3118 1838 3214 1891 καὶ
3246 1837 3336 1891 διά
3378 1839 3534 1893 τοῦτό
3582 1857 3748 1912 φησιν
3785 1843 3819 1895 δ

545 1933 719 2001 veris,
749 1947 873 2004 qua:
904 1930 1170 2002 temporis
1200 1939 1329 1987 sunt
1358 1929 1595 2000 species,
1635 1936 1690 1982 et
1718 1925 1977 1996 temporis
2004 1940 2119 1995 spa-

2232 1917 2397 1987 σοφὸς
2438 1918 2894 1994 Ἐκκλησιαστὴς,
2928 1942 2948 1977 ι
2983 1925 3108 1990 Τοῖς
3132 1928 3298 1981 πᾶσιν
3327 1931 3355 1982 ὁ
3384 1914 3598 2000 χρόνοςξ
3634 1948 3655 1981 ι
3687 1931 3819 1985 ἀντὶ

544 2025 622 2079 tio
665 2023 1072 2093 comprehensa
1124 2021 1504 2076 continentur.
1556 2019 1747 2088 Itaque
1794 2016 1871 2070 ait
1910 2015 2119 2085 sapient

2229 2009 2347 2075 τοῦ,
2366 2013 2423 2063 ὲν
2449 2014 2583 2066 πᾶσι
2600 2016 2692 2068 καὶ
2720 2018 2973 2083 φυσικοῖς
2997 2017 3092 2072 καὶ
3119 2019 3500 2092 συμδεὸηκόσι
3521 2022 3815 2092 πράγμασι

544 2114 957 2172 Ecclesiastes:
1011 2131 1033 2168 ι
1068 2110 1342 2168 Omnibus
1392 2118 1610 2179 tempus
1662 2116 1775 2173 est;
1816 2123 1837 2158 ι
1882 2105 2035 2160 velut
2082 2103 2119 2159 si

2230 2098 2390 2154 δίεισι
2421 2104 2514 2156 καὶ
2549 2105 2731 2158 πάντα
2757 2105 3034 2177 διείληφεν
3066 2109 3218 2174 ἔντος
3249 2110 3443 2179 αὐτοῦ,
3474 2112 3570 2166 καὶ
3592 2113 3815 2166 πάντων

543 2207 750 2263 diceret
778 2221 792 2258 :
835 2204 943 2263 Per
976 2220 1170 2261 omnes
1207 2218 1299 2260 res
1329 2211 1387 2259 et
1416 2200 1696 2258 naturales
1729 2206 1789 2254 et
1811 2198 2119 2253 accidentes

2229 2193 2349 2249 ἐστὶ
2365 2200 2713 2267 περιεκτικδς
2735 2200 2831 2253 καὶ
2859 2204 3198 2267 συνεκτικόςο
3223 2205 3310 2276 ἐφ’
3327 2206 3542 2278 ἑκάστῳ
3560 2208 3617 2261 δὲ
3642 2207 3816 2278 πράγ-

542 2307 812 2370 permeat,
841 2298 1028 2356 omnia
1058 2298 1114 2352 in
1145 2310 1207 2353 se
1230 2295 1351 2365 ipso
1371 2291 1737 2354 discriminat,
1766 2287 1953 2344 omnia
1983 2302 2119 2344 com-

2236 2304 2368 2359 ματι
2397 2291 2494 2343 καὶ
2533 2290 2644 2345 τῶν
2681 2294 2926 2362 φυσικῶν
2953 2297 3049 2350 καὶ
3075 2296 3186 2350 τῶν
3217 2299 3359 2354 κατὰ
3409 2299 3689 2371 σύμϐασιν
3724 2316 3813 2368 γι-

541 2390 833 2460 prehendit
874 2406 941 2446 ac
990 2386 1259 2445 continet.
1305 2383 1554 2455 Singulis
1600 2389 1785 2438 autem
1828 2379 1885 2434 in
1934 2378 2119 2447 rebus,

2232 2380 2476 2450 νομένων
2512 2383 2573 2438 ὲν
2604 2386 2719 2448 τοῖς
2745 2385 2833 2455 ἐφ’
2859 2388 2990 2458 ἡμῖν
3017 2388 3115 2445 καὶ
3141 2392 3255 2454 τοῖς
3292 2390 3394 2446 οὐκ
3417 2393 3505 2462 ἐφ’
3534 2394 3667 2464 ἡμῖν
3692 2410 3815 2447 και-

541 2496 665 2553 quas
695 2488 889 2537 natura
928 2487 1027 2545 aut
1057 2485 1256 2534 eventu
1292 2473 1454 2540 ﬁunt,
1483 2472 1601 2528 sive
1627 2485 1709 2526 eae
1752 2470 1808 2524 in
1848 2476 2119 2538 potestate

2231 2471 2325 2542 ρὸς
2357 2473 2574 2540 ίδιάζων
2601 2476 2768 2532 ἐστίν.

494 2576 509 2582 “
541 2581 734 2629 nostra
757 2571 892 2636 sint,
912 2569 1029 2626 sive
1054 2581 1162 2622 non
1181 2566 1313 2630 sint,
1332 2578 1433 2619 sua
1450 2563 1596 2617 inest
1613 2559 2008 2630 tempestivitas
2025 2557 2124 2631 (6).

614 2662 714 2718 Sol
773 2659 980 2716 etenim
1027 2671 1186 2714 suam
1252 2654 1417 2709 habet
1462 2652 1743 2724 propriam
1792 2659 1952 2706 terra
2004 2650 2119 2706 illu-

2316 2654 2374 2710 Ὁ
2412 2656 2510 2727 μὲν
2538 2657 2647 2730 γὰρ
2675 2659 2829 2730 ἥλιος
2867 2660 3002 2716 ῐδιον
3039 2661 3153 2733 ἔχει
3192 2664 3385 2735 καιρὸν
3412 2665 3513 2737 τῆς
3544 2667 3681 2739 ὑπὲρ
3703 2668 3814 2739 γῆν

541 2746 1329 2819 strandgtempestivitatem,
1371 2756 1568 2812 nempe
1596 2741 1765 2806 diem,
1811 2754 1971 2795 suam
1996 2739 2119 2794 item

2227 2746 2489 2819 λάμψεως
2521 2750 2686 2805 αὐτοῦ
2716 2752 2820 2820 τὴν
2856 2753 3110 2825 ήμέρανί
3146 2756 3347 2827 ὁμοίως
3376 2758 3472 2811 καὶ
3507 2760 3606 2829 τὴν
3636 2760 3813 2815 νύκτα

541 2856 775 2903 occasus
817 2838 964 2895 infra
991 2847 1220 2899 terram,
1259 2834 1313 2890 id
1344 2842 1429 2889 est
1467 2840 1707 2888 noctem.
1739 2831 1821 2886 Ae
1854 2845 1957 2887 sua
1989 2844 2119 2901 quo-

2226 2838 2328 2909 τῆς
2355 2839 2459 2893 ὑπὸ
2482 2841 2587 2910 γῆν
2614 2840 2840 2905 δύσεως.
2875 2844 2997 2897 Ἔτι
3024 2844 3082 2898 δὲ
3110 2846 3207 2898 καὶ
3229 2847 3337 2901 τῶν
3361 2847 3538 2902 ἄλλων
3562 2851 3812 2921 ἀστέρων

542 2948 652 3003 que
697 2928 911 2986 ceteris
954 2926 1122 2983 astris
1180 2922 1581 2994 tempestivitas
1623 2929 1727 2977 est.
1784 2918 1896 2975 Nec
1940 2919 2119 2977 minus

2227 2929 2460 2994 ἕκαστος
2494 2926 2628 2986 ἴδιον
2667 2930 2782 3002 ἔχει
2823 2935 3038 3005 καιρόν.
3088 2935 3250 2990 Ἀλλά
3280 2940 3376 2992 καὶ
3409 2941 3443 3009 ἡ
3487 2940 3559 3010 γῆ
3600 2918 3813 3011 καιροῖς

541 3034 692 3081 terra
740 3020 981 3093 propriis
1028 3015 1548 3089 tempestivitatihus
1605 3012 1981 3108 respondens,
2041 3010 2119 3067 fe-

2230 3020 2380 3084 ίδίοις
2407 3021 2760 3094 διαιρουμένη
2785 3024 3064 3079 δείκνυται
3095 3026 3363 3097 ζωογόνος
3410 3031 3505 3083 καὶ
3532 3010 3811 3101 καρπογό-

540 3114 721 3174 cunde
759 3110 1123 3169 animantium
1167 3108 1407 3181 genitrix
1445 3115 1502 3163 et
1541 3105 1761 3176 frugum
1789 3119 1990 3174 parens
2019 3105 2119 3175 7o

2226 3125 2337 3176 νος,
2372 3109 2470 3163 καὶ
2496 3108 2682 3164 δίδωσι
2709 3111 2811 3183 τὴν
2840 3112 3079 3186 βλάστην
3113 3117 3210 3169 καὶ
3246 3117 3345 3171 τὸν
3373 3119 3534 3174 τόκον
3566 3120 3674 3174 τῶν
3706 3139 3810 3193 μυ-

541 3205 875 3272 ostenditur,
905 3202 1122 3273 fertque
1151 3199 1420 3272 germina,
1459 3206 1514 3253 et
1558 3196 1702 3252 fetus
1733 3195 2119 3251 edirinnume-

2228 3198 2359 3271 ρίων
2402 3200 2499 3255 καὶ
2534 3198 2808 3270 διαφόρων
2851 3203 3043 3258 εἱδῶν·
3094 3205 3194 3259 καὶ
3229 3207 3391 3261 πάλιν
3436 3210 3640 3281 τρόπον
3684 3210 3807 3265 τινά

545 3297 801 3357 rabillum
825 3310 891 3352 ac
912 3294 1261 3351 diversorum
1281 3303 1580 3362 generum;
1606 3287 1908 3358 eademque
1932 3301 2119 3343 rursus

2226 3291 2451 3362 θνήσκει
2479 3293 2574 3347 καὶ
2606 3293 2853 3366 τελευτᾷ,
2893 3296 2988 3349 καὶ
3016 3297 3227 3366 γίνεται
3261 3300 3547 3366 παντελῶς
3585 3303 3807 3374 ἀνενέρ-

542 3388 813 3445 emoritur
842 3383 1255 3457 quodammodo
1299 3395 1368 3437 ac
1398 3388 1605 3446 cessat,
1638 3378 1869 3434 minime
1904 3378 2019 3449 jam
2057 3377 2119 3433 ad

2224 3399 2392 3455 γητος
2415 3384 2552 3455 πρὸς
2573 3386 2942 3455 καρπογονίαν
2970 3388 3066 3443 καὶ
3096 3392 3514 3464 γενεσιουργίαν
3538 3410 3553 3426 ·
3576 3395 3672 3448 καὶ
3701 3394 3807 3449 πά-

541 3480 759 3537 fructus
808 3476 1207 3551 gignendos'et
1249 3474 1460 3546 prolem
1505 3472 1903 3544 procreandam
1952 3480 2119 3541 apta:

2222 3476 2308 3532 λιν
2341 3478 2571 3544 ἀνασιοῖ,
2611 3481 2706 3533 καὶ
2735 3480 2835 3542 τὰς
2861 3479 3098 3547 ζωτικάς
3129 3484 3301 3555 αὐτῆς
3347 3486 3633 3556 ἐνεργείας
3678 3488 3806 3541 ἀνα·

544 3572 726 3629 donec
753 3572 957 3627 iterum
982 3568 1301 3633 reviviscat,
1331 3564 1665 3635 vitalemque
1692 3563 1802 3619 vim
1834 3561 2119 3633 pristinam

2224 3569 2493 3641 λαμϐάνει
2524 3572 2666 3627 κατά
2698 3572 2762 3626 τὸ
2805 3572 2926 3644 ξαρ.
2958 3573 3146 3628 Είπὼν
3171 3571 3265 3629 οὖν
3292 3576 3370 3641 ῶς
3397 3578 3589 3632 δίεισιν
3615 3580 3672 3633 ὲν
3698 3580 3805 3632 πᾶ-

503 3689 511 3693 ·
541 3680 677 3723 vere
704 3672 973 3722 resumat.
1007 3660 1194 3729 Quare
1224 3667 1514 3731 posHIuam
1542 3655 1938 3727 pronuntiavit.
1984 3661 2123 3708 tem-

539 3773 648 3829 pus
676 3769 960 3827 permeare
984 3769 1084 3825 per
1105 3753 1318 3818 omnia,
1348 3749 1607 3820 idemque
1628 3746 1816 3803 omnia
1844 3745 2124 3801 continere

540 3858 709 3919 atque
734 3846 1062 3918 complecti;
1103 3853 1218 3901 tum
1260 3858 1420 3900 suam
1469 3842 1673 3912 cuique
1712 3838 1799 3894 rei
1835 3836 2123 3907 ,tempeSti-

540 3941 767 3997 vitalem
806 3941 926 3996 sive
964 3946 1164 3993 natura
1203 3936 1324 3994 sive
1351 3943 1554 3992 eventu
1598 3929 1937 4001 contingenti
1967 3929 2123 3986 attri-

540 4028 664 4084 buit
712 4046 729 4085 :
775 4028 1043 4086 distincte
1084 4026 1199 4098 jam
1254 4040 1441 4082 rerum
1493 4024 1756 4097 pleraque
1811 4022 2118 4091 percurrit,

540 4129 708 4191 atque
734 4120 836 4177 ait:

2225 3679 2311 3717 σιν
2354 3665 2382 3717 ὁ
2423 3664 2613 3736 χρόνος
2659 3663 2751 3718 καὶ
2796 3665 2973 3719 πάντα
3032 3669 3248 3739 συνέχει
3296 3668 3390 3723 καὶ
3430 3671 3649 3724 πάντων
3687 3670 3803 3724 ἐστὶ

2223 3753 2590 3826 περιεκτικδς,
2619 3753 2714 3806 καὶ
2741 3754 2933 3826 καιρὸν
2979 3755 3200 3828 ἑκάστῳ
3228 3758 3518 3829 πράγματι
3564 3760 3659 3813 καὶ
3695 3757 3801 3812 τῶν

2224 3845 2469 3916 φυσικῶν
2502 3845 2599 3901 καὶ
2625 3845 2735 3902 τῶν
2763 3847 2906 3902 κατά
2949 3848 3300 3920 συμϐεϐηκὸς
3331 3850 3634 3922 γινομένων
3663 3851 3794 3905 ἀποο

2221 3937 2535 4008 κληρώσας,
2578 3936 2799 4003 διέξεισι
2849 3939 2992 3995 κατά
3048 3939 3319 4009 διαίρεσιν
3370 3940 3438 3998 τὰ
3473 3941 3645 3995 πλείω
3690 3941 3798 3995 τῶν

2222 4027 2586 4098 πραγμάτων,
2613 4027 2709 4081 καί
2739 4044 2872 4099 φησι
2900 4042 2915 4060 ⁸

2098 4250 2127 4323 5
2152 4248 2220 4305 ιι.

612 4371 854 4430 Venti.
899 4369 1304 4441 Tempestiritas
1337 4366 1605 4439 pariendi,
1646 4374 1715 4437 et,
1742 4365 2118 4436 tempestivitas

2291 4360 2506 4430 Καιρὸς
2535 4360 2645 4415 τοῦ
2674 4360 2893 4431 τεκεῖν,
2925 4362 3026 4418 καὶ
3059 4363 3256 4434 καιρὸς
3292 4363 3399 4419 τοῦ
3428 4363 3793 4420 ἀποθανεῖν’

534 4466 795 4522 moriendi
832 4479 853 4521 :
884 4462 1260 4533 tempestivitas
1305 4460 1608 4531 plantandi,
1638 4469 1688 4515 et
1734 4458 2112 4526 tempestivitas

532 4557 783 4614 evellendt'
804 4555 945 4628 quod
967 4553 1270 4624 plumatum
1296 4560 1373 4606 est
1400 4550 1504 4623 (7).

507 4704 515 4713 ,
606 4649 818 4706 Obvius
847 4645 1068 4718 quidem
1098 4644 1299 4699 horum
1325 4642 1620 4699 verborum
1661 4655 1859 4698 sensus
1891 4651 2115 4697 natura-

532 4743 638 4799 lem
690 4740 1010 4805 hominum,
1054 4734 1295 4792 fortasse
1330 4741 1386 4790 et
1432 4741 1757 4791 caterorum
1809 4733 1941 4788 item
1996 4732 2117 4789 ani-

538 4833 815 4893 mentium
868 4828 1314 4902 procreationem
1369 4825 1574 4882 indicat
1641 4835 1807 4896 atque
1850 4824 2114 4891 exhibet,

536 4925 816 4996 simulque
868 4930 1083 4978 natura:
1138 4932 1497 5010 progressum
1550 4927 1717 4990 atque
1780 4916 1946 4972 finem
1995 4915 2111 4988 (8);

605 5127 687 5195 (5)
715 5123 1319 5195 Aristotelem,_opinor,
1346 5121 1700 5195 potissimum
1719 5118 1991 5191 designat,
2012 5134 2114 5195 _cu-

529 5188 622 5324 ius
655 5188 1162 5283 auctoritateinfra
1213 5188 1376 5269 etiam
1412 5192 1599 5247 utitur.
1645 5188 1738 5245 Sic
1774 5188 1956 5245 autem
2012 5190 2114 5246 hoc

557 5282 712 5324 nsum
741 5267 829 5321 Ille
854 5274 1033 5324 attlmt
1062 5282 1077 5320 :
1134 5265 1231 5318 Οτι
1266 5264 1366 5324 μὲν
1394 5263 1575 5317 τοίνυν
1602 5260 1632 5312 ὁ
1658 5260 1848 5324 χρόνος
1879 5259 2113 5324 ἀριθμὸς

557 5282 712 5354 psum
740 5264 1033 5354 i'lle‘attigit
1062 5282 1077 5320 :
1106 5265 1239 5354 "Ott
1266 5260 1575 5354 μὲνιτοίνυν
1602 5260 1848 5354 exp-free

532 5332 804 5409 κινήσεώς
831 5332 983 5402 itm;
1008 5335 1152 5389 κατὰ
1181 5333 1245 5388 τδ
1268 5332 1550 5404 πρότερον
1586 5332 1679 5384 καὶ
1720 5332 1970 5399 ὕστερον,
2020 5333 2114 5383 καὶ

533 5410 777 5480 συνεχέςο
804 5404 1061 5477 συνεχοῦς
1087 5406 1228 5475 γάρ’
1252 5402 1509 5483 φανερόν.
1543 5400 1597 5455 ld
1618 5408 1729 5483 est,
1753 5400 1977 5483 Tempus
2006 5401 2110 5483 igi-

532 5490 623 5535 tur
651 5471 765 5535 ease
795 5471 1070 5534 numerum
1101 5471 1275 5529 motus
1316 5471 1525 5526 ratione
1544 5471 1742 5540 prioris
1773 5478 1823 5524 et
1847 5471 2106 5540 posterio-

530 5549 630 5617 ris,
658 5559 707 5606 et
741 5564 851 5603 esse
887 5546 1215 5617 continuum,
1250 5559 1369 5617 eum
1397 5542 1633 5596 continui
1673 5542 1760 5608 sit,
1793 5543 1974 5612 liquet.
2005 5539 2106 5612 (De

532 5612 972 5691 natur.__princip.
1003 5615 1040 5669 l.
1068 5630 1155 5691 tv,
1179 5628 1229 5669 c.
1265 5612 1377 5691 ιβ.)
1575 5682 1586 5691 1
1724 5654 1727 5655 ν

534 5674 539 5675 ί
602 5688 683 5770 (ti)
710 5674 856 5749 ll'lutl
890 5674 971 5757 τῖῖι
1002 5674 1166 5759 παντὶ
1205 5674 1512 5819 tmperi,
1543 5682 1659 5755 sive
1697 5681 1841 5764 omni
1879 5680 1953 5734 rei
1999 5674 2104 5732 He-

533 5758 774 5815 bratcam
804 5769 989 5815 rm
1020 5757 1142 5831 van
1173 5769 1236 5831 re
1288 5812 1293 5815 λ
1340 5769 1394 5808 re
1423 5763 1583 5823 negat
1623 5749 1846 5806 iit-umis
1877 5748 2101 5818 (Quart.

2218 4454 2426 4523 καιρὸς
2448 4453 2556 4509 τοῦ
2583 4453 2904 4524 φυτεῦσαι,
2937 4456 3040 4510 καί
3068 4456 3272 4527 καιρὸς
3312 4456 3416 4512 τοῦ
3453 4457 3688 4512 autem
3726 4459 3796 4513 τὸ

2219 4546 2695 4616 πεφυτευμένον.

2310 4638 2368 4691 '0
2399 4637 2498 4709 μὲν
2528 4637 2820 4710 πρόχειρος
2845 4637 2972 4703 νοῦς
3010 4639 3120 4693 τῶν
3161 4639 3446 4711 παρόντων
3481 4637 3662 4709 ῥητῶν
3701 4638 3796 4710 τὴν

2223 4731 2459 4804 φυσικὴν
2485 4732 2699 4801 γένεσιν
2727 4731 2836 4786 τῶν
2863 4733 3189 4805 ἀνθρώπων,
3213 4735 3359 4811 τάχα
3382 4734 3437 4788 δὲ
3467 4734 3690 4788 καὶτῶν
3712 4733 3799 4788 ἀλ-

2220 4825 2328 4880 λων
2358 4824 2537 4889 ζώων,
2566 4822 2866 4878 αίνίττεται
2906 4826 2997 4880 καὶ
3032 4825 3357 4899 παρίστησι,
3391 4828 3489 4880 καὶ
3524 4823 3631 4909 μὴν
3666 4825 3794 4879 ἀκο-

2219 4915 2437 4973 λουθίαν
2479 4917 2579 4990 τῆς
2619 4917 2833 4987 φύσεως
2864 4918 2961 4973 καὶ⁸
2983 4917 3084 4989 τὴν
3108 4916 3368 4990 τελευτήν
3390 4930 3406 4946 ⁸
3446 4915 3707 4981 ὡσαύτως
3730 4931 3794 4986 γε

2220 5118 2387 5204 Hebr.
2420 5120 2518 5205 ιιι).
2551 5136 2637 5205 ψ,
2667 5108 2725 5176 n.
2757 5121 2899 5205 8_l)r:
2942 5141 2961 5174 ι
2991 5120 3501 5205 (τοῖο-εἰιηίηᾳιιίι,
3522 5127 3649 5205 γει-ι
3687 5135 3789 5175 non

2217 5206 2305 5246 res
2328 5191 2671 5262 simpliciter,
2692 5192 2787 5248 sed
2817 5204 2906 5247 res
2928 5192 3109 5263 cupita
3134 5191 3656 5254 desideratavefaut
3677 5207 3790 5261 qua

2218 5261 2378 5315 alicui
2413 5263 2816 5316 oblectamento
2849 5272 2951 5316 est.
2985 5281 3004 5315 ι

2273 5278 2378 5315 lClil
2413 5278 2816 5317 ODleClallleDlo
2849 5278 2951 5318 CSI.
2985 5281 3004 5315 ι

2289 5331 2366 5402 (7)
2396 5330 2455 5386 1η
2485 5332 2717 5403 vulgatis
2764 5331 2860 5386 τοῦ
2903 5334 3085 5387 τεκεῖν
3111 5331 3362 5403 redditur
3393 5328 3669 5403 nascendi,
3704 5327 3789 5384 cui

2220 5397 2357 5473 sane
2409 5397 2606 5473 melius
2659 5403 2954 5473 respondet
3002 5403 3286 5465 moriendi,
3325 5402 3509 5471 itaque
3550 5401 3604 5455 in
3634 5397 3791 5454 Para-

2221 5471 2406 5539 plirasi
2438 5487 2536 5527 sua
2565 5471 2820 5529 Petavius
2854 5473 3073 5536 cecinit,
3468 5513 3470 5515 μ

2216 5543 2360 5612 ’Ὠρη
2404 5542 2511 5598 τοῦ
2543 5541 2827 5613 τεχθέντα
2862 5543 3086 5612 φόωσδ’
3111 5544 3181 5598 ὲκ
3207 5541 3467 5613 γαστρὸς
3498 5539 3754 5594 ίκέσθαι’

2321 5614 2468 5681 Ὦρη
2498 5610 2836 5682 φθιὶοὐαης
2868 5610 2968 5665 καὶ
3004 5610 3237 5682 θανάτῳ
3270 5610 3509 5678 βιοτῆς.

2286 5682 2362 5752 (8)
2389 5677 2741 5737 Βίε⁷οωιιίηο
2769 5690 2943 5735 ιοιυηι
2972 5683 3120 5737 luim-
3141 5677 3489 5752 Ecclesiastes
3521 5679 3700 5752 locum
3724 5677 3788 5732 de

2214 5744 2364 5806 sai-ia
2398 5767 2579 5808 rerum
2614 5752 3034 5822 tempestivitate
3068 5753 3277 5823 accepit
3318 5749 3617 5822 Gregorius
3646 5744 3785 5803 Neo-
