4076 6284
525 335 562 396 ‘f
578 330 636 394 $7

1665 330 1748 418 8..
1766 329 2145 394 GREGORII
2181 329 2694 416 AGRIGENTINI

3699 334 3828 399 848

533 441 658 497 tur!
699 439 928 509 jamque
973 433 1270 509 intelligas,
1323 436 1418 508 qui
1468 437 1537 494 ad
1588 439 1882 512 imaginem
1929 443 2023 500 Dei
2059 452 2106 500 et

2214 446 2349 502 Θεοῦ
2377 448 2472 502 καὶ
2506 447 2768 518 ὁμοίωσιν
2802 419 3060 516 γεγονὼς,
3096 445 3192 502 καὶ
3223 445 3400 520 ψυχὴν
3444 446 3628 520 λαχὼν
3659 449 3826 502 αὐτ·-

533 531 953 591 similitudinem
1004 529 1283 596 conditus,
1337 530 1585 586 animum
1639 535 1850 590 arbitrii
1887 551 2112 608 compo-

535 638 640 682 tem
690 635 890 678 nactus
927 639 988 680 es
1013 664 1027 690 ,
1069 629 1334 692 quantum
1375 625 1591 679 auctori
1637 633 1733 682 tuo
1775 642 1876 697 pro
1925 629 2110 684 collati

533 716 758 772 honoris
786 715 1042 787 portione
1069 715 1268 771 debeas
1295 714 1621 786 obsequium
1651 731 1718 772 ac
1747 717 2107 775 famulatum!

530 811 666 865 Nam
702 809 747 864 si
777 808 963 864 omnia
997 821 1154 862 suam
1185 821 1216 861 a
1247 806 1546 864 Conditore
1579 809 1701 880 ipso
1731 813 2113 882 opportunita-

531 913 640 958 tem
682 901 881 958 sortita
924 909 1076 966 sunt,
1123 898 1316 970 quidni
1357 900 1572 958 tribuas
1604 909 1660 958 tu
1701 918 1924 976 quoque
1950 919 2110 976 sepa-

531 1003 710 1050 ratum
759 991 983 1062 aliquod
1044 991 1306 1062 temporis
1351 993 1460 1063 72
1489 993 1840 1050 intervallum
1896 996 2108 1051 auctori

531 1097 646 1150 tuo,
685 1095 746 1140 ut
799 1085 1066 1142 meditere
1117 1092 1172 1140 et
1216 1099 1482 1156 agnoscas
1522 1085 1699 1156 ipsum
1745 1102 1868 1144 esse
1914 1087 2108 1153 Deum,

528 1186 695 1248 atque
725 1175 865 1232 adeo
916 1183 978 1230 ut
1028 1175 1312 1245 praeceptis
1359 1175 1480 1246 ejus
1511 1185 1702 1233 sancte
1747 1178 2108 1249 obtemperes,

528 1273 583 1318 et
623 1269 771 1318 recte
805 1262 966 1317 factis
1013 1263 1082 1318 ad
1125 1263 1388 1319 bonitatis
1425 1264 1546 1334 ejus
1591 1265 1914 1337 dignitatem
1951 1282 2111 1324 acce-

528 1355 672 1410 das?
717 1371 843 1410 cum
891 1365 942 1409 te
985 1363 1177 1410 contra
1227 1371 1442 1411 summa
1484 1359 1766 1414 temeritas
1806 1360 2018 1416 caeteris
2053 1360 2108 1415 in

528 1448 694 1502 rebus
728 1455 782 1501 et
831 1462 860 1500 a
894 1453 1108 1500 naturae
1146 1439 1406 1516 operibus
1439 1447 1789 1505 aberrantem
1839 1459 1895 1506 et
1935 1465 1964 1506 a
2013 1465 2108 1507 vo-

525 1538 782 1594 luntariis
821 1538 1112 1594 hominum
1156 1539 1355 1595 studiis
1385 1548 1760 1598 transversum
1804 1553 1952 1615 agat.
1982 1543 2110 1602 Haec

528 1628 812 1695 nimirum,
859 1642 984 1698 quae
1035 1628 1180 1684 dicta
1226 1637 1376 1694 sunt,
1419 1629 1528 1686 nisi
1575 1633 1796 1703 sapiens
1838 1632 2110 1693 Ecclesia-

529 1727 643 1772 stes
683 1719 738 1772 in
772 1718 883 1772 illis
910 1717 1092 1774 verbis
1122 1728 1443 1790 spectasset,
1475 1721 1681 1778 frustra
1707 1724 1867 1794 plane
1895 1741 1960 1782 ac
1989 1727 2108 1784 sine

439 1877 447 1885 θ
531 1823 700 1863 causa
758 1824 822 1863 ea
876 1809 1219 1878 protulisset,
1269 1826 1395 1882 quae
1440 1825 1634 1869 omnes
1687 1823 1918 1871 norunt.
1967 1815 2106 1873 Cum

531 1916 659 1954 vero
697 1909 752 1956 et
798 1901 982 1971 partui
1025 1910 1080 1956 et
1111 1905 1277 1958 morti
1317 1917 1476 1960 suam
1518 1919 1640 1961 esse
1667 1905 1860 1962 horam
1903 1909 2108 1964 consti-

528 2003 698 2048 tutam
733 2009 896 2050 nemo
941 1993 1247 2051 viventium
1284 1996 1522 2068 ignoret,
1565 1998 1634 2054 ad
1665 1999 2103 2072 objurgationem

527 2101 754 2153 eorum,
807 2085 923 2156 qui.
957 2101 1177 2156 semper
1229 2087 1286 2142 in
1344 2088 1557 2158 peccati
1605 2091 2106 2152 sordibusmisere

524 2186 836 2242 versantur,
880 2177 1154 2248 ejusmodi
1191 2179 1356 2238 dictis
1383 2197 1518 2241 usus
1555 2190 1661 2240 est.

596 2266 921 2339 Quanquam
965 2269 1270 2340 elegantior
1315 2285 1508 2328 eorum
1559 2274 1858 2332 verborum
1905 2293 2103 2335 sensus

524 2371 579 2415 et
610 2362 839 2432 mystice
866 2371 1121 2432 sumptus
1143 2362 1268 2420 talis
1293 2372 1412 2419 est:
1445 2363 1866 2436 Tempestivitas
1892 2379 1976 2425 est
2002 2385 2104 2426 sua

524 2453 708 2507 timori
773 2452 889 2520 Dei,
943 2461 1208 2522 tanquam
1257 2453 1314 2508 in
1377 2463 1555 2522 utero,
1607 2455 1662 2510 in
1697 2465 1878 2514 mente
1915 2459 2103 2516 conci-

523 2542 748 2614 piendo,
799 2541 1194 2614 pariendisque
1235 2551 1388 2600 recte
1425 2543 1603 2602 factis
1633 2546 1875 2604 divinam
1919 2549 2104 2605 chari-

525 2644 694 2691 tatem
715 2649 828 2706 prae
843 2650 902 2691 se
925 2634 1232 2691 ferentibus
1249 2651 1264 2690 :
1281 2635 1747 2706 quemadmodum
1783 2637 1954 2696 lsaias
1979 2655 2105 2710 pro-

525 2724 686 2794 pheta
717 2724 858 2780 dixit
895 2741 910 2780 :
957 2743 977 2778 ι
1013 2723 1157 2790 Quia
1203 2723 1258 2778 in
1300 2731 1458 2781 utero
1497 2727 1852 2798 concepimus
1885 2738 1942 2786 et
1972 2745 2102 2801 par-

527 2815 826 2872 turivimus
857 2823 1022 2887 atque
1066 2815 1360 2887 genuimus
1387 2817 1641 2890 spiritum
1669 2819 1906 2888 salutis,
1938 2836 2101 2892 quem

526 2912 865 2982 geSIavimu's
911 2926 1078 2981 super
1119 2917 1322 2966 terram
1347 2909 1499 2985 (ll);
1535 2930 1556 2965 ι
1595 2927 1662 2969 ac
1691 2913 1925 2970 subinde
1977 2931 2101 2971 cor-

524 3006 679 3077 poris
735 3003 1074 3075 protervitati
1123 3011 1430 3075 opportune
1477 3003 1876 3072 interimenda,
1925 3021 2101 3062 mem-

526 3097 750 3168 brisque
782 3096 888 3162 bis,
929 3096 1133 3165 quibus
1168 3096 1496 3189 premimur,
1534 3097 1946 3166 perdomandis.
1991 3098 2101 3154 Sua
2132 3131 2176 3189 α

527 3201 657 3244 ιιιιιι
692 3189 1076 3259 opportunitas
1105 3197 1210 3254 est,
1252 3195 1316 3243 ut
1347 3187 1664 3258 quicunque
1693 3189 1822 3244 recti
1857 3189 2102 3246 honesti-

525 3298 633 3352 que
665 3281 850 3337 studio
875 3288 1114 3348 tenetur,
1145 3280 1306 3352 quasi
1346 3281 1402 3336 in
1431 3291 1608 3350 prato,
1642 3291 1791 3338 serat
1826 3282 1880 3338 in
1916 3283 2102 3338 animo

527 3390 628 3428 suo
667 3375 977 3444 plantarum
1003 3371 1186 3426 instar
1215 3371 1508 3443 praeclaras
1539 3387 1786 3443 quasque
1813 3381 1876 3427 et
1897 3373 2102 3430 virtute

432 3471 438 3480 ‘
501 3460 852 3535 ‘paestautes
896 3466 1151 3520 actiones
1187 3482 1201 3518 :
1237 3473 1290 3518 et
1339 3479 1440 3520 sua
1491 3463 1626 3519 item
1679 3465 2102 3535 tempestivitate

526 3566 954 3612 eunscntnneam
973 3555 1072 3610 his
1097 3554 1338 3624 quietem
1371 3555 1633 3626 assignet,
1667 3570 1970 3626 earumque
1993 3556 2101 3610 vim

526 3663 578 3705 t'l.
624 3660 884 3705 conatum
930 3648 1326 3704 convenienter
1371 3647 1686 3713 imminuat,
1725 3627 1886 3719 quasi
1931 3651 2102 3705 otium

527 3756 736 3798 natura:
781 3741 1295 3812 impertitusrcum
1343 3755 1504 3797 secus
1553 3741 1598 3796 si
1653 3742 1768 3813 liat,
1810 3741 1867 3796 in
1909 3742 2106 3798 volun-

526 3839 668 3892 taria
717 3836 842 3905 ipsa
900 3819 1429 3906 boni-appetitione
1481 3833 1742 3890 humanae
1795 3834 1942 3891 vires
2010 3836 2104 3891 diu

532 3925 876 3982 cmitcntioni
913 3940 1073 3994 pares
1103 3939 1226 3981 esse
1268 3941 1375 3980 non
1423 3927 1656 3996 possint.
1701 3926 1783 3981 lta
1811 3941 1914 3982 nos
1953 3925 2104 3996 ejus-

525 4018 675 4072 modi
707 4016 869 4072 ell‘ata
888 4016 1292 4072 consideranda
1314 4017 1657 4082 censuimus,
1678 4025 1738 4070 ut
1761 4025 1815 4070 et
1833 4016 2102 4072 naturalis

525 4111 660 4162 ordo
693 4115 748 4163 et
784 4107 1014 4179 mystica
1067 4109 1210 4162 ratio
1259 4106 1490 4161 ferebat.
1546 4104 1724 4172 Quam
1775 4105 2102 4176 interpreta-

527 4203 731 4256 tionem
767 4216 830 4286 ea
863 4214 1087 4272 quoque
1123 4198 1410 4268 adjuvant,
1459 4214 1581 4268 qua:
1619 4207 1968 4269 sequuntur;
2009 4198 2104 4254 ad-

525 4294 603 4348 dit
635 4295 804 4362 enim,
837 4302 999 4364 atque
1027 4293 1142 4348 ait:

2213 537 2478 604 εξούσιον,
2507 536 2702 609 ἡλίκην
2735 535 2972 607 ὀφείλεις
3005 535 3152 608 ἔχειν
3194 537 3336 591 κατά
3366 537 3464 608 τὴν
3499 537 3821 607 ἀναλογίαν

2209 630 2312 700 τῆς
2335 627 2630 700 δεδομένης
2661 644 2741 680 σοι
2767 627 2932 698 τιμῆς
2969 627 3068 699 τὴν
3108 627 3244 697 πρὸς
3267 626 3358 682 τὸν
3393 627 3522 682 ῖδιον
3559 628 3816 699 ποιητὴν

2213 717 2494 788 ὑποταγὴν
2533 717 2631 770 καὶ
2673 715 2915 786 θητείαν.
2957 716 3023 770 Ei
3055 716 3164 786 γὰρ
3193 716 3372 770 πάντα
3395 715 3486 770 τὸν
3515 715 3648 770 ῖδιον
3681 716 3814 786 ἔχει

2213 809 2430 880 καιρὸν,
2459 807 2520 862 δν
2551 808 2580 862 ό
2603 806 2948 879 Δημιουργδς
2971 807 3154 872 αὐτοῖς
3179 807 3598 879 ἀπεκλήρωσεν,
3625 809 3691 862 οὔ
3721 807 3814 862 δί-

2211 899 2318 962 δως
2365 900 2430 952 σὺ
2475 896 2554 968 τῷ
2601 899 2800 969 ποιητῇ
2845 897 2941 950 σού
2992 914 3114 952 τινα
3163 897 3356 968 καιρὸν
3409 899 3811 970 ἀφωρισμένον

2213 987 2350 1058 πρὸς
2399 985 2461 1040 τὸ
2508 987 2768 1058 σχολάσαι
2811 987 2906 1040 καὶ
2949 986 3174 1056 γνῶναι,
3222 988 3305 1040 ὅτι
3341 987 3457 1042 ἔστι
3501 989 3655 1054 Θεὸς.
3701 991 3809 1044 καὶ

2211 1081 2356 1137 κατά
2404 1070 2481 1135 sb.
2509 1079 2804 1136 ἀκόλουθον
2851 1081 2952 1144 τὰς
3001 1081 3222 1146 ἐντολὰς
3269 1081 3435 1136 αὐτοῦ
3479 1083 3801 1152 φυλάττειν,

2210 1172 2508 1228 κάντεῦθεν
2543 1170 3026 1242 προσοικειοῦσθαι
3071 1175 3138 1245 τῇ
3165 1171 3292 1245 δόξῃ
3328 1173 3429 1244 τῆς
3455 1174 3804 1246 ἀγαθότητος

2210 1262 2380 1318 αὐτοῦ
2403 1262 2493 1318 διὰ
2521 1263 2828 1317 σπουδαίων
2853 1262 3142 1335 πράξεων;
3168 1264 3304 1319 ἀλλά
3331 1265 3532 1336 χείρων
3563 1265 3657 1320 καὶ
3679 1266 3804 1318 τῶν

2211 1353 2457 1426 φυσικῶν
2496 1353 2788 1427 ἐνεργειῶν
2830 1356 2926 1408 καὶ
2965 1354 3077 1408 τῶν
3106 1356 3401 1426 γνωμικῶν
3430 1357 3803 1426 ἐπιτηδευμά-

2209 1464 2320 1502 των
2349 1447 2550 1511 ἐντοῖς
2581 1445 2762 1522 ἀλλοις
2791 1445 3022 1519 εὑρίσκῃ
3066 1446 3157 1500 διά
3183 1447 3382 1519 πολλὴν
3414 1447 3692 1504 ἀϐουλίαν.
3732 1448 3801 1502 Εἰ

2213 1538 2291 1612 μὴ
2315 1539 2424 1612 γὰρ
2446 1537 2774 1594 ἀποϐλέπων
2801 1537 2938 1609 πρὸς
2961 1538 3054 1593 τὸν
3073 1537 3314 1592 τοιοῦτον
3341 1539 3542 1592 σκοπὸν
3571 1541 3600 1592 ό
3629 1540 3800 1609 σοφὸς

2224 1631 2658 1704 Ἐκκλησιαστὴς
2695 1625 2820 1684 εἷπε
2863 1628 2931 1686 τά
2959 1628 3244 1701 εἰρημένα,
3287 1629 3466 1700 μάτην
3494 1629 3667 1683 ταῦτα
3695 1630 3799 1685 καὶ

2213 1725 2486 1798 περιττῶς
2513 1718 2688 1790 εἷπεν,
2719 1722 2858 1792 ὅπερ
2883 1721 3126 1786 ἅπαντες
3156 1721 3326 1776 ἴσασι.
3373 1721 3484 1774 Καὶ
3501 1721 3602 1786 ,τὸν
3629 1721 3794 1775 τόκον

2215 1817 2324 1886 γάρ
2383 1815 2478 1870 καὶ
2537 1814 2766 1869 θάνατον
2817 1813 2993 1876 οὐδεὶς
3037 1814 3223 1882 ἀγνοεῖ
3263 1812 3372 1866 τῶν
3408 1813 3796 1884 μετασχόντων

2211 1909 2306 1964 τοῦ
2334 1907 2474 1980 βίου,
2505 1905 2696 1978 καιρὸν
2718 1904 2848 1960 ῐδιον
2883 1904 3029 1976 ἔχειν
3047 1920 3062 1934 ο
3085 1904 3224 1961 ἀλλά
3253 1905 3391 1975 πρὸς
3423 1904 3646 1975 ἔλεγχον
3679 1904 3795 1958 τῶν

2211 2000 2300 2054 ἀεὶ
2357 2001 2424 2070 τῇ
2479 1995 2716 2068 δυσωδίᾳ
2785 1995 2890 2066 τῆς
2947 1995 3226 2068 ἁμαρτίας
3283 1995 3792 2066 ὲγκαλινδουμένων

2210 2090 2433 2159 ἀθλίως,
2469 2090 2740 2162 ἐχρήσατο
2771 2089 2883 2152 τοῖς
2909 2087 3173 2152 τοιούτοις
3205 2089 3410 2158 ῥητοῖς.

2291 2269 2352 2322 '0
2389 2269 2572 2342 μέντοι
2603 2264 3028 2340 γλαφυρώτερος
3073 2266 3198 2330 νοῦς
3241 2267 3336 2322 καὶ
3371 2267 3790 2338 λαμϐανόμενος

2209 2358 2570 2430 ἀναγωγικῶς
2613 2357 2723 2411 τῶν
2765 2356 3075 2428 εἰρημένων
3109 2356 3350 2420 τοιοῦτός
3379 2358 3496 2410 ἐστι
3519 2373 3534 2388 ο
3579 2357 3788 2426 Καιρός

2208 2452 2357 2506 ἑστιν
2394 2450 2527 2513 ἴδιος
2569 2448 2664 2503 τοῦ
2717 2447 3000 2502 συλλαϐεῖν
3051 2449 3108 2501 ἐν
3159 2447 3379 2519 γαστρὶ,
3427 2447 3668 2518 δηλονότι
3714 2451 3785 2519 τῇ

2207 2546 2396 2616 νοητῇ,
2424 2541 2587 2612 φόϐον
2612 2540 2773 2605 Θεοῦ,
2799 2539 2898 2595 καὶ
2925 2543 3104 2595 τεκεῖν
3131 2541 3360 2614 πράξεις
3389 2541 3610 2610 ἀγάπης
3633 2539 3788 2602 Θείας

2211 2636 2574 2708 σημαντικὰς,
2639 2632 2826 2697 καθώς
2875 2650 3044 2705 φησιν
3098 2635 3127 2687 ό
3187 2635 3474 2705 προφήτης
3518 2634 3782 2697 Ἡσαΐας·

2215 2745 2234 2779 ι
2263 2725 2386 2780 Ὅτι
2417 2727 2474 2780 ὲν
2507 2725 2710 2798 γαστρὶ
2733 2723 3004 2794 ἐλάϐομεν
3039 2725 3131 2778 καὶ
3157 2724 3500 2796 ὠδινησαμεν
3541 2723 3633 2776 καὶ
3664 2723 3787 2778 ἑτέ-

2209 2835 2378 2888 κομεν
2433 2817 2654 2888 πνεῦμα
2703 2816 3002 2888 σωτηρίας,
3057 2814 3462 2888 δΔὲκυήσαμεν
3525 2817 3618 2870 ἐπὶ
3681 2816 3784 2886 τῆς

2207 2871 2313 2981 γῆς
2391 2927 2412 2960 ι
2447 2871 2741 2963 κάντεῦθεν
2766 2871 3077 2970 ἀκολούθως
3098 2871 3159 2959 tv
3192 2871 3308 2976 ἰδίῷ
3336 2871 3512 2976 καιρῷ
3541 2871 3786 2960 θανατῶί

2211 3018 2301 3054 σαι
2331 3000 2392 3054 τὸ
2426 2999 2684 3071 φρόνημα
2717 2998 2818 3069 τῆς
2853 2997 3076 3068 σαρκὸς,
3107 2997 3205 3050 καὶ
3235 2997 3512 3071 νεκρῶσαι
3547 2998 3618 3052 τά
3647 2998 3787 3068 μέλη

2207 3092 2280 3145 τὰ
2307 3092 2400 3144 ἐπὶ
2425 3092 2523 3162 τῆς
2551 3091 2676 3160 γῆς.
2705 3088 2914 3160 Καιρός
2949 3089 3098 3142 ἐστιν
3127 3087 3256 3152 ίδιυς
3286 3081 3331 3156 ᾧ
3357 3091 3464 3153 πᾶς
3497 3089 3526 3142 ὁ
3556 3089 3744 3146 φιλδκα
3765 3119 3786 3130 -

2209 3183 2300 3236 λον
2332 3181 2426 3236 καὶ
2456 3179 2751 3234 σπουδαίαν
2778 3179 2917 3250 ἔχων
2943 3179 3262 3250 προαίρεσιν
3299 3181 3522 3252 φυτεύει
3559 3179 3638 3251 τῷ
3671 3180 3778 3234 λει-

2213 3271 2352 3342 μῶνι
2381 3271 2480 3341 τῆς
2508 3269 2735 3341 καρδίας
2763 3269 2834 3323 τά
2855 3269 3172 3334 παντοδαπά
3204 3269 3350 3335 φυτά
3376 3268 3484 3323 τῶν
3513 3269 3636 3324 κατ’
3661 3269 3789 3341 ἀρε-

2207 3363 2307 3436 τὴν
2337 3361 2918 3434 παραλαμϐανομένων
2963 3361 3444 3438 κατορθωμάτων
3479 3363 3575 3416 καὶ
3624 3363 3788 3416 πάλιν

2208 3457 2267 3510 ὲν
2308 3456 2422 3526 ἰδίῳ
2462 3453 2642 3526 και·ρῷ
2685 3453 2902 3526 τίθησιν
2951 3452 3038 3506 ἐπ’
3069 3454 3254 3516 αὐτοῖς
3307 3454 3407 3525 τὴν
3453 3455 3786 3526 κατάλληλον

2209 3537 2444 3613 παῦλαν,
2468 3547 2564 3600 καὶ
2586 3545 2683 3616 τὴν
2712 3544 2862 3611 σφῶν
2895 3543 3134 3598 ὲκτίλλει
3156 3544 3478 3616 προσφόρως
3508 3547 3788 3615 ἐνέργειαν

2211 3639 2306 3693 καὶ
2359 3637 2580 3710 πρᾶξιν,
2611 3637 2688 3700 ὡς
2725 3637 3032 3690 ἀνάπαυσιν
3079 3637 3144 3706 τῇ
3178 3635 3339 3705 φύσει
3379 3636 3574 3702 διδοὺς,
3609 3639 3698 3691 διὰ
3726 3639 3786 3692 τὸ

2217 3731 2480 3804 μηδαμῶς
2528 3730 2735 3801 ἰσχύειν
2789 3727 3146 3784 συντετάσθαι
3198 3731 3319 3793 ταῖς
3375 3733 3787 3802 προαιρετικαίς

2213 3823 2348 3894 πρὸς
2399 3822 2462 3876 τδ
2513 3819 2717 3890 ἀγαθὸν
2765 3819 2986 3888 ἐφέσεσι
3047 3820 3141 3873 καὶ
3202 3819 3542 3890 βουλήσεσιν.
3598 3819 3786 3883 Οὕτως

2211 3918 2372 3988 ἡμεῖς
2391 3915 2459 3968 τὰ
2477 3914 2724 3984 παρόντα
2747 3913 2886 3984 ρητά
2909 3911 3147 3965 νοεῖσθαι
3173 3912 3354 3976 καλῶς
3383 3911 3782 3982 ὑπειλήφαμεν,

2209 4007 2450 4082 δηλονότι
2501 4006 2596 4060 καὶ
2641 4003 2784 4058 κατά
2842 4003 3078 4073 φυσικὴν
3135 4003 3456 4058 ἀκολουθίαν
3503 4005 3594 4057 καὶ
3645 4005 3784 4058 κατὰ

2209 4101 2302 4156 τὸν
2357 4097 2652 4167 ἀναγωγῆς
2701 4095 2881 4164 λόγον.
2935 4095 3288 4172 Παρεμπεδοῖ
3339 4095 3396 4148 δὲ
3439 4093 3534 4165 τὴν
3583 4095 3783 4164 ἡμετέ-

2214 4210 2310 4264 ραν
2371 4190 2594 4260 ὲκδοχὴν
2639 4187 2729 4242 διὰ
2778 4187 2886 4242 τῶν
2934 4187 3253 4260 ἑπομένωνο
3288 4189 3477 4254 ἐπάγει
3529 4186 3634 4256 γὰρ
3683 4186 3778 4239 καί

2211 4302 2366 4359 φησιο

2114 4492 2250 4566 ςιιι.

601 4625 768 4680 Vens.
810 4623 900 4678 50.
947 4621 1348 4693 Tempeativitas
1396 4623 1689 4687 occidendi,
1735 4632 1784 4679 et
1836 4630 2094 4698 tempesti-

2275 4631 2494 4700 Καιρὸς
2549 4629 2657 4685 τοῦ
2717 4627 3086 4694 ἀποκτεῖναι,
3142 4626 3244 4682 καὶ
3301 4622 3509 4694 καιρὸς
3547 4621 3655 4676 τοῦ
3703 4621 3791 4676 ἰά-

523 4720 655 4772 w‘tas
685 4715 935 4772 sanandi.

596 4810 733 4866 Nam
773 4811 820 4868 si
866 4811 1036 4867 alium
1064 4809 1352 4867 occidendi
1392 4811 1544 4867 nulla
1579 4826 1821 4880 unquam
1849 4823 1934 4870 est
1965 4822 2103 4870 tem-

527 4904 834 4974 ρετ-ςιὶνίιες,
871 4905 1015 4976 quod
1051 4905 1325 4962 actionem
1359 4904 1633 4974 ejusmodi
1667 4905 1814 4962 Deus
1842 4906 2098 4974 vetuerit,

522 5014 585 5051 ac
622 4997 884 5052 detestari
915 4997 1151 5070 quisque
1183 5007 1238 5053 et
1267 4998 1452 5054 odisse
1484 4998 1710 5066 debeat;
1761 4999 1932 5070 liquet
1957 4999 2096 5070 jam,

2211 4725 2681 4883 σαὲίθςάρόύδεὶς
2713 4807 2904 4880 καιρὸς
2943 4807 3188 4878 πέφυκεν
3219 4804 3530 4876 ἐπιτήδειος
3559 4802 3697 4875 πρὸς
3733 4802 3794 4854 τὸ

2207 4901 2530 4959 ἀποκτεῖναί
2553 4919 2695 4966 τινα,
2724 4899 2824 4971 τῆς
2852 4899 3109 4970 τοιαύτης
3135 4896 3386 4969 πράξεως
3411 4894 3794 4966 ἀπηγορευμέ·

2205 5013 2303 5068 νης
2331 4994 2538 5058 θεόθεν,
2563 4993 2658 5046 καὶ
2683 4994 2850 5046 πᾶσιν
2873 4991 3218 5054 ἀπευκταίας
3243 4989 3338 5042 καὶ
3374 4985 3672 5059 στυγητῆς,
3705 4985 3794 5038 εῦ-

525 5088 630 5158 73
663 5089 732 5142 ab
768 5089 886 5159 ipso
917 5089 1167 5159 sapiente
1207 5087 1544 5146 Ecclesiaste
1581 5105 1773 5145 ansam
1817 5090 1910 5146 hic
1942 5090 2104 5148 nobis

2210 5087 2380 5160 Βηλον,
2409 5085 2485 5150 ὡς
2517 5081 2880 5154 ἀναγωγικῶς
2911 5082 3130 5136 δίδωσιν
3161 5083 3296 5152 ἡμῖν
3329 5080 3532 5134 ἐννοεῖν
3563 5079 3592 5130 ὁ
3626 5077 3792 5144 σοφὸς

525 5181 755 5250 praeberi
814 5181 1172 5252 mysticarum
1224 5183 1802 5262 .commentationum,
1860 5200 1986 5240 cum
2047 5191 2105 5240 et

2212 5177 2645 5248 Ἐκκλησιαστὴς
2673 5175 2765 5230 τοῦ
2800 5176 3123 5230 ἀποκτεῖναι
3147 5173 3241 5227 τὸν
3272 5171 3485 5244 καιρὸν,
3516 5173 3575 5224 ὲν
3605 5162 3650 5238 ᾧ
3683 5171 3791 5232 πᾶς

523 5272 816 5329 occidendi
873 5275 1356 5344 lempestivitatem
1429 5289 1554 5332 esse
1627 5275 1760 5331 dicit
1808 5295 1822 5332 :
1873 5291 2106 5347 eamque

2210 5272 2228 5324 5
2259 5269 2359 5342 ζῇν
2391 5268 2588 5324 ἐθέλων
2627 5267 3036 5340 πνευματικῶς
3073 5267 3142 5320 τά
3175 5264 3416 5340 σαρκικά
3459 5263 3788 5334 φρονήματα

520 5381 683 5431 esse,
729 5365 787 5421 in
822 5381 931 5438 qua
971 5367 1066 5437 qui
1115 5368 1282 5424 vitam
1331 5383 1496 5438 agere
1542 5367 1882 5440 spiritualem
1921 5369 2101 5440 cupit,

525 5457 783 5514 obscenis
834 5458 1232 5530 cupiditatibus
1277 5459 1576 5531 pravisque
1632 5461 1970 5532 voluptatum
2016 5457 2098 5514 af-

521 5751 604 5818 gis
637 5751 800 5806 etiam
829 5751 1164 5822 discrepant.

2200 5363 2296 5418 καὶ
2339 5363 2438 5428 τὰς
2471 5364 2789 5433 φιληδόνους
2821 5363 2918 5434 τῆς
2949 5359 3224 5432 ἁμαρτίας
3260 5357 3590 5420 ἀποκτείνας
3632 5355 3786 5426 κινὴ-

2207 5471 2343 5522 σεις,
2370 5454 2638 5526 λαμϐάνει
2667 5455 2978 5526 πρόσφορον
3026 5451 3221 5524 καιρὸν
3267 5448 3524 5505 ἰάσασθαι
3563 5447 3633 5501 τὰ
3660 5463 3786 5500 συν-

598 5679 894 5754 (lu-Isaiae
917 5697 1067 5745 XXVI,
1089 5673 1185 5751 '18,
1209 5681 1303 5740 sed
1333 5681 1475 5754 apud
1502 5679 1646 5736 LXX
1678 5680 2006 5751 legimus....
2030 5681 2106 5735 Σω

2210 5677 2313 5743 ›ίας
2344 5695 2458 5745 σου,
2478 5678 2504 5730 ὃ
2525 5678 2876 5750 ἐποιήσαμεν
2903 5673 2997 5727 ἐπὶ
3015 5671 3116 5746 τῆς
3145 5677 3268 5748 γῆς.
3295 5673 3486 5732 Latina
3507 5661 3639 5726 v'ero
3668 5683 3785 5724 ma-
