4076 6284
465 253 496 315 ἱ
506 249 565 316 51

1572 259 1612 321 S
1671 262 2046 326 GREGORII
2079 265 2590 332 AGRIGENTINI

3617 259 3737 328 852

471 380 654 422 minus
681 364 882 421 divina:
933 367 1249 438 respondet,
1289 383 1416 424 cum
1445 342 1578 424 illud
1636 373 1914 440 omnibus,
1957 375 2044 430 in-

2175 381 2246 433 ίτε
2273 379 2338 452 δή
2371 381 2506 434 πᾶσι
2557 379 2652 435 καὶ
2688 381 2803 444 τοῖς
2846 377 3085 450 ἀμαθέσι
3131 372 3547 444 διεγνωσμὲνον.
3588 367 3734 427 Εἶτά

406 545 418 557 .
471 458 648 514 doctis
680 472 923 530 quoque,
977 457 1241 516 adnotum
1271 459 1359 516 sit.
1393 463 1483 517 Ait
1514 463 1711 520 deinde
1771 463 2046 522 Ecclesia-

468 559 582 606 3lﬂ8
600 565 616 602 ε

2157 489 2320 544 φησιν
2347 475 2374 527 ό
2405 472 2843 543 Ἑκκλησιαστής
2869 485 2885 502 ⁸

2033 665 2162 738 5v.

543 773 710 833 Vens.
744 777 800 833 4.
843 775 1237 849 Tempestivt'tas
1269 778 1454 850 ﬂendi,
1483 789 1532 834 et
1575 781 1950 849 tempestivitas
1976 779 2047 832 ri-

471 868 630 924 dendi
647 885 666 926 :
701 873 1079 942 tempestivitas
1107 872 1420 944 plangendi,
1446 882 1496 927 et
1535 873 1908 942 tempestivitas
1938 871 2046 926 sal-

475 961 648 1016 tandi.

543 1053 752 1110 Auctor
781 1055 1027 1125 optimus
1057 1065 1111 1112 et
1137 1056 1326 1111 virtuti
1355 1056 1630 1112 tradendae
1657 1070 1894 1126 superna
1952 1064 2048 1110 nc-

457 1143 738 1223 _nignitate
762 1148 1090 1218 praepositus
1117 1133 1442 1202 mortalibus
1475 1147 1745 1202 universis
1779 1157 2048 1218 prmcepta

475 1235 588 1300 dat,
626 1251 693 1291 ne
727 1237 798 1291 ob
822 1252 885 1292 ea
917 1255 1039 1308 qua:
1084 1239 1136 1292 in
1163 1239 1267 1294 hoc
1295 1241 1419 1294 vita:
1449 1253 1512 1292 ac
1543 1239 2052 1294 tentationumcur-

473 1325 654 1380 riculo
709 1327 936 1382 adversa
973 1343 1038 1382 ac
1077 1328 1306 1382 molesta
1345 1328 1701 1396 contingunt,
1759 1341 2050 1382 maerorem

477 1431 719 1485 unquam
737 1417 1226 1488 aegritudinemque
1247 1418 1551 1488 suscipiant
1569 1435 1581 1470 :
1599 1433 1723 1474 cum
1739 1418 1871 1473 illud
1886 1418 2055 1488 probe

475 1509 750 1572 noverint,
786 1519 1107 1579 praesentem
1145 1511 1310 1591 vitam
1342 1525 1407 1565 ex
1433 1509 1728 1566 contrariis
1773 1519 2051 1576 constare,

2226 777 2439 846 Καιρὸς
2471 777 2578 832 τοῦ
2606 776 2896 843 κλαῦσαι,
2921 772 3020 830 καί
3055 770 3261 841 καιρὸς
3295 771 3402 826 τοῦ
3433 767 3696 840 maca
3719 785 3734 802 '

2154 867 2358 938 καιρὸς
2418 868 2526 923 τοῦ
2580 868 2922 937 κόψασθαι,
2971 864 3072 920 καί
3132 860 3336 931 καιρὸς
3391 861 3498 916 τοῦ
3546 859 3740 932 ὀρχή-

2155 961 2400 1013 σασθαι.
3373 981 3376 984 '

2229 1048 2538 1119 Κράτιστος
2578 1045 2874 1118 εἰσηγητής
2919 1045 3331 1119 προχειρισθεὶς
3386 1043 3488 1114 τῆς
3523 1041 3738 1115 ἀρετῆς

2158 1136 2264 1190 ὑπὸ
2305 1137 2405 1208 τῆς
2455 1136 2666 1192 ἀνωθεν
2710 1135 2952 1208 χάριτος,
2976 1137 3102 1200 τοὺς
3162 1135 3266 1190 ἀνά
3318 1134 3417 1206 τὴν
3461 1131 3552 1202 ὑφ’
3579 1131 3740 1203 ἥλιον

2156 1227 2367 1290 πάντας
2418 1226 2657 1282 διδάσκει
2711 1225 2982 1298 μηδαμῶς
3027 1226 3348 1280 ἀποκναίειν
3403 1225 3496 1278 καὶ
3537 1223 3741 1292 δυσχε-

2159 1319 2367 1389 ραίνειν
2400 1319 2458 1372 ἐν
2497 1321 2610 1382 τοῖς
2640 1317 3004 1388 συμϐαίνουσι
3030 1317 3302 1389 λυπηροῖς
3328 1317 3406 1380 εἰς
3451 1315 3516 1367 τὸ
3546 1312 3742 1384 βιωτι-

2157 1409 2254 1464 κὺν
2281 1409 2442 1464 τοῦτο
2473 1411 2572 1474 τῆς
2602 1410 2748 1481 ζωῆς
2777 1409 2936 1480 ήμῶν
2971 1409 3333 1480 πειρατήριον
3361 1422 3375 1435 ο
3417 1405 3514 1460 ἅτε
3549 1403 3614 1474 δὴ
3635 1419 3742 1456 σα-

2160 1501 2278 1572 φῶς
2311 1502 2718 1572 ἐπισταμένους
2739 1501 2811 1565 ὡς
2843 1503 2908 1554 ἐκ
2939 1501 3048 1554 τῶν
3075 1499 3334 1553 ἐναντίων
3363 1497 3484 1568 ἔχει
3515 1496 3614 1567 τὴν
3638 1495 3743 1549 σύ·-

478 1601 531 1654 ἰιι
557 1612 752 1666 e5t,ex
795 1602 863 1656 iis
916 1617 1038 1672 quae
1077 1586 1379 1656 humanum
1436 1601 1682 1656 animum
1723 1607 1931 1671 angunt
1991 1593 2068 1654 ae'

2175 1612 2352 1648 ττασιν
2379 1597 2406 1650 ὁ
2433 1594 2622 1666 παρὼν
2655 1593 2768 1662 βίος
2788 1610 2801 1624 ·
2838 1593 3084 1662 δηλονότι
3126 1591 3236 1645 τῶν
3286 1589 3598 1659 ἀλγούντων
3639 1586 3742 1642 καὶ

479 1695 752 1758 cruciant,
793 1702 855 1747 ut
880 1693 1008 1748 ﬂere
1075 1694 1265 1763 perdiu
1305 1703 1359 1748 et
1407 1693 1515 1748 vim
1563 1692 1932 1765 lacrymarum
1991 1706 2059 1746 ex

481 1784 662 1838 oculis
693 1792 954 1854 tanquam
991 1801 1054 1838 ex
1093 1784 1336 1840 fontibus
1361 1784 1617 1840 emittere
1662 1798 1970 1854 cogamur;
2007 1791 2061 1839 et

486 1889 557 1928 cx
610 1875 679 1930 iis
733 1891 858 1945 quae
915 1875 1226 1930 exhilarant
1281 1891 1346 1930 ac
1405 1877 1621 1930 laetandi
1675 1874 2060 1946 gaudendique

485 1976 808 2034 argumenta
837 1965 1108 2035 praebent.
1138 1963 1273 2018 Nam
1301 1965 1407 2020 hoc
1450 1964 1654 2019 diserte
1708 1947 2077 2034 signiﬁcavit,-

487 2076 612 2118 cum
641 2060 824 2115 dixit:
857 2078 876 2112 ι
907 2058 1326 2128 'l‘empestivitas
1355 2057 1592 2114 ridendi.
1635 2075 1654 2110 ι
1690 2056 1754 2112 Ει
1814 2037 2055 2127 oportet,

483 2167 631 2216 cum,
659 2150 753 2220 qui
783 2150 950 2204 vitam
980 2165 1134 2204 suam
1167 2147 1468 2219 prudenter
1498 2147 1838 2210 moderatur,
1885 2163 2064 2217 neque

486 2245 542 2297 in
591 2242 700 2300 illis
731 2243 1024 2312 desperare
1057 2239 1450 2296 consolationis
1482 2238 1647 2304 diem,
1675 2253 1855 2308 neque
1886 2238 1940 2292 in
1978 2238 2065 2292 his

485 2331 624 2387 adeo
683 2331 888 2387 eﬂ‘undi
943 2346 1008 2388 ac
1071 2332 1274 2387 laetitia:
1331 2331 1610 2402 voluptate
1663 2329 1864 2395 eﬂ‘erri,
1899 2329 2060 2399 quasi

487 2423 626 2478 nihil
654 2423 766 2494 jam
795 2424 952 2478 triste
977 2423 1196 2478 evenire
1253 2424 1449 2492 possit.
1501 2420 1734 2475 Paratos
1788 2419 1972 2490 potius
2008 2419 2063 2474 in

487 2527 786 2586 utrumque
828 2532 928 2571 nos
963 2530 1086 2572 esse
1128 2515 1405 2580 convenit,
1461 2523 1623 2583 atque
1689 2513 1764 2568 ita
1824 2512 2066 2583 cogitare

489 2610 784 2679 mimuque
806 2609 1143 2679 perpendere
1172 2617 1484 2676 temporum
1519 2606 1688 2671 vices,
1735 2613 1794 2660 ut
1819 2613 1944 2674 post
1971 2605 2068 2657 tri-

399 2739 420 2754 .
489 2701 654 2756 stium
682 2712 734 2754 et
759 2701 1116 2754 molestarum
1143 2712 1323 2752 rerum
1367 2695 1472 2765 75
1507 2703 1738 2750 eventus
1761 2695 1882 2750 laata
1925 2708 2064 2763 prir-

491 2794 784 2855 stolemur,
818 2792 1096 2860 iidemque
1126 2798 1249 2859 post
1278 2788 1455 2844 fausta
1490 2786 1915 2856 atquejucunda
1964 2799 2067 2854 op-

453 2873 798 2952 "positorum
831 2881 1058 2948 illapsus
1083 2879 1500 2950 prospiciamus.
1537 2877 1649 2931 Hac
1677 2876 1823 2931 enim
1855 2876 2066 2930 ratione

492 2971 584 3040 qui
618 2986 676 3026 se
707 2971 1023 3024 instruxerit
1051 2986 1114 3024 ac
1134 2967 1881 3040 prieparaverit,vitamillum
1909 2981 2066 3020 suam

375 3134 384 3144 .
495 3059 771 3130 sapienter
820 3058 1226 3128 prudenterque
1277 3056 1565 3110 traducere
1609 3054 2014 3123 comperiemus
2053 3070 2066 3106 :

493 3157 554 3204 ut
605 3165 782 3218 neque
817 3149 869 3202 in
901 3148 1038 3204 lictis
1063 3146 1431 3217 jucundisque
1485 3145 1723 3200 exsultet
1779 3143 2067 3208 audacius,

495 3249 663 3310 atque
689 3242 756 3294 ad
786 3240 1072 3295 inhonesta
1111 3245 1460 3292 convertatur
1485 3253 1500 3302 ;
1529 3250 1708 3305 neque
1739 3235 1792 3288 in
1821 3233 2072 3289 adversis

496 3348 562 3387 ac
585 3332 836 3387 tristibus
867 3331 1024 3401 plane
1053 3320 1305 3384 animum
1323 3327 1567 3398 abjiciat,
1597 3333 1652 3380 et
1679 3325 1746 3380 ad
1777 3323 2070 3380 indecoras

421 3442 442 3457 ο
497 3419 872 3492 querimonias
905 3417 1220 3474 descendat.

2160 1687 2467 1742 κατώδυνον
2489 1687 2786 1740 ποιούντων
2817 1685 2916 1758 τὴν
2965 1683 3323 1757 ἀνθρωπίνην
3377 1681 3626 1754 καρδίαν,
3658 1679 3742 1742 ὡς

2159 1777 2220 1843 ἐξ
2250 1778 2496 1848 ἀνάγκης
2527 1777 2622 1832 καὶ
2661 1777 2804 1831 κατὰ
2829 1776 2891 1830 τὸ
2929 1775 3225 1830 ἀκόλουθον
3274 1771 3485 1826 κλαίειν
3517 1769 3611 1824 καὶ
3639 1768 3742 1821 δα-

2161 1871 2345 1942 κρύων
2393 1869 2524 1942 ῥοὰς
2560 1868 2839 1940 πηγάξειν
2885 1850 3017 1922 ἀπὸ.
3047 1865 3156 1919 τῶν
3199 1861 3495 1934 ὀφθαλμῶν
3517 1877 3534 1892 ο
3566 1859 3742 1912 Eat-ca

2161 1960 2271 2014 τῶν
2293 1959 2694 2030 εὖφραινόντων
2756 1957 2850 2010 καὶ
2873 1953 3172 2024 γάννυσθαι
3207 1949 3742 2023 παρασκευαζόντων

2163 2051 2258 2104 καὶ
2288 2051 2522 2121 χαίρειν.
2563 2046 2738 2102 Τοῦτο
2769 2047 2880 2118 γάρ
2931 2045 3180 2116 ἐσήμαινε
3217 2041 3501 2113 προδήλως
3529 2038 3616 2092 διὰ
3641 2035 3740 2092 τοῦ

2166 2141 2356 2210 φάναι,
2391 2157 2410 2190 ι
2450 2139 2654 2210 Καιρδς
2703 2135 2799 2191 τυῦ
2827 2135 3077 2206 γελάσαι.
3112 2151 3130 2185 ι
3157 2131 3268 2186 Kal.
3297 2129 3404 2202 χρὴ
3431 2129 3523 2182 τον
3549 2127 3740 2198 φρονί-

2169 2250 2286 2305 μως
2315 2230 2620 2286 διῖθύνοντα
2670 2229 2769 2298 τὴν
2805 2227 2943 2292 ἰδίαν
2989 2223 3155 2294 ζωὴν,
3206 2221 3346 2292 μήτε
3398 2218 3486 2271 ἐπ’
3511 2215 3744 2305 ἐκείνοις

2165 2303 2484 2384 ἀπελπίζειν
2512 2317 2702 2387 καιρὸν
2737 2314 3160 2384 παρακλήσεως,
3210 2307 3337 2380 μήτ’
3375 2306 3471 2359 ἐπὶ
3528 2303 3745 2365 τούτοις

2165 2409 2518 2483 διακεχύσθαι
2563 2407 2816 2462 τοσοῦτον
2865 2406 2922 2458 ἐν
2952 2405 3064 2467 τοῖς
3107 2401 3490 2470 εὐφραίνουσι,
3521 2395 3621 2450 καὶ
3646 2395 3746 2448 δα-

2165 2502 2336 2572 ψιλῶς
2377 2495 2848 2569 κατεμφορεῖσθαι
2907 2493 3012 2564 τῆς
3073 2489 3364 2562 θυμηδίας,
3415 2487 3490 2552 ὡς
3543 2486 3747 2556 ἥκιστα

2169 2591 2598 2664 συμϐησομένων
2625 2589 2731 2642 τῶν
2761 2585 3019 2658 λυπηρῶν
3040 2601 3056 2616 '
3089 2582 3226 2638 ἀλλὰ
3255 2579 3547 2650 σωφρόνως
3573 2591 3748 2648 προσο

2171 2684 2344 2738 ίεσθαι
2393 2683 2488 2736 καὶ
2542 2680 2749 2734 τούτων
2815 2677 3085 2731 κάκείνων
3151 2674 3252 2744 τὴν
3304 2669 3613 2741 σύμϐασιν,
3661 2669 3750 2720 ἐν·

2169 2773 2422 2834 νοοῦντας
2473 2769 2568 2822 καὶ
2608 2765 3106 2836 διενθυμουμένους
3153 2763 3250 2834 τὴν
3289 2761 3428 2833 πρὸς
3483 2758 3750 2828 ἀλλήλους

2173 2861 2476 2934 μεταϐολὴν
2505 2859 2615 2911 τῶν
2645 2855 2886 2927 καιρῶν,
2919 2855 3016 2909 καὶ
3060 2851 3498 2924 καραδοκοῦντας
3540 2848 3610 2901 τά
3655 2863 3750 2900 κε-

2171 2951 2418 3026 χαρμένα
2447 2949 2586 3020 μετά
2614 2949 2712 3018 τὴν
2743 2946 3022 3017 σύμϐασιν
3054 2945 3165 2998 τῶν
3211 2941 3488 2997 ἀνιὼντων
3508 2941 3604 2993 καὶ
3632 2937 3750 2991 θλι-

2174 3045 2408 3098 ϐόντων·
2457 3043 2552 3096 καὶ
2585 3039 2746 3096 πάλιν
2771 3039 2836 3094 ἐκ
2867 3037 2977 3092 τῶν
3007 3035 3412 3108 εύφραινόντων
3451 3032 3546 3086 καὶ
3594 3031 3738 3101 θυμ-

2174 3135 2332 3206 ηδίας
2370 3131 2694 3205 ποιητικῶν,
2721 3130 2820 3204 τὴν
2850 3129 2960 3184 τῶν
2981 3125 3376 3197 ἀντικειμένων
3404 3122 3750 3195 σύμπτωσιν.

2175 3227 2240 3279 Εἰ
2265 3225 2374 3296 γὰρ
2397 3221 2624 3278 τοιῶσδε
2651 3219 2960 3278 διακεῖσθαὶ
2985 3235 3070 3282 τις
3109 3215 3400 3286 ἄνθρωπος
3435 3209 3750 3283 βουληθείη,

2181 3315 2316 3388 μετά
2347 3313 2616 3378 συνέσεως
2645 3314 2741 3366 καὶ
2763 3311 3079 3384 φρονήσεως
3113 3307 3472 3379 εὑρεθήσεται
3490 3302 3589 3372 τὴν
3615 3300 3754 3353 ίδίαν

2177 3405 2430 3462 διῖθύνων
2481 3404 2665 3476 ζωὴν,
2693 3403 2819 3458 οὔτε
2870 3405 2984 3465 τοῖς
3039 3399 3394 3472 εὐφραίνουσι
3451 3395 3548 3450 καὶ
3591 3408 3759 3464 χαρο·

501 3486 678 3576 ποιοῖς
724 3511 1156 3580 ὑπεραιρόμενος
1179 3551 1196 3576 ,
1231 3509 1328 3563 καὶ
1366 3507 1502 3580 πρὸς
1548 3506 1584 3561 ἀ
1619 3505 1694 3576 μὴ
1733 3503 1892 3575 θέμις
1931 3498 2473 3574 παρεκτρεπόμενος,
2531 3497 2654 3551 οὔτε
2715 3497 2826 3558 τοῖς
2881 3491 3150 3564 ἀδικοῦσι.
3181 3489 3278 3546 καὶ
3307 3487 3583 3542 θλίϐουσιν
3599 3486 3760 3552 ἀγεν-

499 3605 608 3668 νῶς
632 3601 1062 3672 ταπεινούμενος
1091 3603 1186 3655 καὶ
1224 3603 1362 3673 πρὸς
1403 3601 1677 3672 ἀπρεπεῖς
1721 3597 2074 3668 ἐξελκόμενος
2107 3595 2324 3662 λόγους.

574 3694 688 3751 lloe
719 3697 885 3766 igitur
909 3695 1181 3765 praecipue
1208 3702 1405 3752 natura
1435 3706 1616 3746 rerum
1650 3690 1928 3760 suSpicari
1982 3705 2082 3743 nos

503 3790 650 3859 cogit
691 3807 706 3844 :
741 3787 996 3856 deinceps
1035 3801 1164 3841 vero
1189 3784 1502 3855 persuadet,
1532 3791 1596 3839 ut
1623 3783 1689 3838 ad
1751 3783 2080 3850 interpreta-

506 3883 709 3938 tionem
760 3881 925 3934 etiam
950 3878 1124 3947 magis
1158 3877 1502 3948 spiritualem
1526 3883 1894 3930 transeamus.
1944 3871 2081 3926 Nam

505 3991 644 4040 quos
674 3974 764 4029 hic
786 3974 1056 4036 ducimus,
1086 3971 1204 4026 dies
1258 3984 1382 4024 esse
1445 3968 1629 4024 luctus
1674 3967 1849 4033 dicit;
1899 3965 2084 4035 itaque

507 4067 744 4124 ﬂendum
779 4066 867 4121 hic
894 4079 1016 4120 esse
1039 4079 1103 4118 ac
1142 4061 1471 4131 plorandum
1534 4058 1966 4126 ululandumque
2003 4057 2072 4112 iis

400 4153 409 4162 ’
509 4158 787 4222 omnibus,
825 4157 918 4227 qui
962 4156 1016 4209 in
1057 4150 1216 4208 fletus
1241 4153 1364 4208 loco
1389 4152 1696 4206 etiamnum
1749 4158 2079 4204 versantur:

510 4263 619 4319 quo
644 4249 699 4302 in
737 4247 918 4300 futura
949 4245 1085 4306 vita,
1151 4257 1276 4297 cum
1317 4239 1542 4311 praemia
1567 4251 1756 4292 eorum
1808 4250 1930 4306 qua:
1966 4247 2088 4305 ges-

511 4342 707 4403 serint,
737 4338 898 4394 laturi
931 4343 1082 4398 sunt,
1119 4333 1300 4387 ridere
1328 4341 1534 4386 aeterno
1577 4329 1834 4400 possint;
1895 4341 2088 4396 quein-

511 4433 806 4489 admodum
833 4427 946 4484 veri
973 4433 1170 4481 auctor
1192 4423 1448 4478 Christus
1479 4429 1534 4476 et
1581 4420 1729 4476 Deus
1789 4427 1975 4474 noster
2033 4417 2087 4470 in

2201 3737 2216 3754 χ
2260 3681 2430 3735 Τοῦτο
2461 3682 2562 3752 μὲν
2585 3675 2678 3734 οὗν
2725 3674 3152 3749 προηγουμένως
3207 3674 3355 3744 ήμᾶς
3400 3669 3756 3741 ὑπειληφέναι

2191 3773 2603 3842 καταναγκάζει
2642 3771 2750 3826 τῶν
2801 3768 3145 3841 πραγμάτων
3171 3768 3204 3836 ἡ
3238 3764 3400 3834 φύσις
3424 3780 3439 3794 ·
3472 3762 3666 3816 ἒπειτα
3701 3759 3758 3814 δέ

2191 3869 2288 3920 καὶ⁹
2325 3866 2462 3937 πρὸς
2489 3861 3008 3934 πνευματικωτέραν
3034 3859 3262 3930 ἐκδοχὴν
3301 3857 3394 3911 τὸν
3424 3855 3582 3926 λόγον
3633 3869 3761 3924 μετ-

2193 3960 2424 4028 αγαγεῖν
2463 3957 2790 4027 εἰσηγεῖται.
2811 3952 3018 4025 Καιρὸν
3049 3951 3158 4021 γὰρ
3198 3943 3339 4004 εἶναι
3366 3944 3647 4016 κλαυθμοῦ
3671 3945 3762 3997 τὸν

2187 4048 2286 4118 τῆς
2317 4047 2553 4102 ἐνταῦθα
2585 4045 2882 4116 παροικίας
2925 4042 3081 4113 φησὶ,
3109 4042 3206 4096 καὶ
3257 4039 3366 4111 χρὴ
3415 4037 3624 4092 κλαίειν
3665 4035 3760 4088 καὶ

2185 4135 2654 4207 κατολοφύρεσθαι
2709 4133 2808 4187 καὶ
2846 4129 3234 4194 κατολολύζειν
3267 4131 3325 4182 ἐν
3373 4123 3537 4180 παντὶ
3584 4121 3758 4192 καιρῷ

2185 4229 2315 4288 τοὺς
2349 4224 2431 4277 ἔτι
2487 4225 2546 4276 ἐν
2567 4222 2646 4294 τῷ
2671 4222 2824 4292 τόπῳ
2851 4219 2947 4272 τοῦ
2969 4217 3332 4287 κλαυθμῶνος
3373 4213 3711 4294 ὑπάρχοντας
3735 4223 3752 4236 ·

2189 4316 2276 4369 ἵνα
2301 4313 2441 4368 κατά
2469 4313 2568 4383 τὴν
2603 4311 2907 4382 μέλλουσαν
2934 4306 3081 4378 ζωὴν
3107 4308 3168 4360 ἐν
3211 4303 3292 4376 τῷ
3321 4298 3494 4373 καιρῷ
3517 4297 3620 4368 τῆς
3649 4293 3757 4348 τῶν

2190 4403 2541 4473 βεϐιωμένων
2583 4398 2996 4461 ἀνταποδόσεως
3044 4395 3280 4458 αἰωνίως
3322 4391 3632 4462 γελάσωσισ
3665 4403 3764 4440 κα·

512 4522 823 4594 Evangeliis
850 4517 1112 4583 ostendit,
1163 4529 1287 4570 cum
1346 4513 1457 4567 ait:
1519 4529 1538 4563 ι
1581 4509 1730 4566 Beati
1787 4509 1882 4578 qui
1939 4522 2068 4561 num

2195 4494 2302 4560 θὼς
2326 4495 2356 4547 ὁ
2402 4491 2750 4564 ταυταληθὴς
2785 4489 3019 4562 Χριστὸς
3071 4487 3168 4542 καὶ
3211 4485 3346 4548 Θεὸς
3381 4478 3769 4594 ήμιῦνιάπεφήζ

513 4617 753 4690 plorant,
800 4611 930 4683 quia
983 4608 1244 4666 ridebunt
1289 4605 1449 4678 (15);
1509 4623 1526 4656 ο
1597 4613 1652 4660 et
1695 4621 1708 4658 :
1763 4621 1784 4656 ι
1823 4600 1970 4656 Beati
1996 4600 2091 4671 qui

515 4714 724 4780 lugent,
755 4702 1013 4776 quoniam
1053 4699 1160 4770 ipsi
1189 4695 1622 4754 consolabuntur
1655 4693 1722 4726 ⁸⁷⁸
1753 4709 1768 4759 ;
1810 4711 1828 4744 ι
1867 4700 1922 4747 et
1971 4706 2094 4746 tur-

516 4815 653 4856 sus:
695 4817 712 4851 ι
761 4795 1006 4854 Gaudete
1036 4801 1091 4848 et
1139 4790 1413 4848 exsultate
1445 4788 1710 4860 quoniam
1737 4797 1950 4840 merces
2001 4795 2093 4837 ve-

517 4902 630 4951 stra
653 4890 874 4962 cepiosa
906 4887 1072 4944 estin
1103 4885 1261 4942 caelis
1294 4883 1368 4972 “..
1400 4901 1420 4934 ι

589 5047 852 5106 Fortasse
876 5059 1004 5123 vero
1033 5053 1086 5100 et
1112 5041 1218 5100 alio
1249 5053 1410 5096 sensu
1451 5036 1624 5108 accipi
1681 5049 1744 5089 ea
1800 5031 1966 5088 verba
1996 5045 2094 5100 par

491 5142 618 5204 \sit.
675 5139 812 5196 Nam
875 5153 998 5194 eum
1056 5137 1234 5192 virtus
1296 5145 1525 5203 quaeque
1586 5130 1642 5183 in
1692 5125 1872 5182 medio
1943 5132 2096 5188 stet,

2197 4599 2326 4642 νατο
2366 4584 2592 4656 φάσκων
2635 4584 2694 4638 ἐν
2757 4583 2872 4644 τοῖς
2921 4577 3313 4649 Εὐαγγελίοις,
3345 4593 3364 4627 ι
3400 4569 3680 4639 Μακάριοι
3721 4567 3769 4619 oi

2197 4677 2480 4740 κλαίοντες
2506 4675 2621 4740 νῦν,
2644 4675 2728 4729 ὅτι
2758 4673 3116 4742 γελάσονται·
3158 4688 3177 4720 ι
3218 4667 3336 4731 καὶ,
3368 4684 3388 4721 ι
3417 4663 3696 4732 Μακάριοι
3719 4659 3767 4711 οἱ
3845 4691 3851 4696 η

2201 4767 2546 4830 πενθοῦντες,
2574 4767 2658 4819 ὅτι
2683 4764 2840 4818 αὐτοὶ
2890 4759 3413 4833 παρακληθήσονται
3437 4768 3452 4784 '
3493 4771 3512 4804 ι
3551 4751 3646 4806 καὶ
3668 4749 3768 4804 πάν

2198 4860 2304 4922 λιν,
2347 4877 2364 4910 ι
2402 4858 2638 4930 Χαίρετε
2666 4855 2760 4910 καὶ
2797 4851 3152 4920 ἀγαλλιᾶσθε,
3181 4851 3263 4904 ὅτι
3311 4849 3340 4901 ό
3374 4843 3567 4917 μισθδς
3622 4839 3770 4910 ὑμῶν

2211 4950 2376 5014 πολὺς
2404 4951 2461 5003 ἐν
2500 4951 2612 5012 τοῖς
2633 4947 2906 5018 οὐρανοῖς.
2937 4963 2957 4997 ι
3136 5008 3144 5016 ι

2277 5043 2434 5112 Τάχα
2455 5042 2512 5097 δὲ
2535 5041 2630 5095 καὶ
2652 5039 2825 5101 ἄλλως
2857 5034 3178 5104 ἐκδέξασθαι
3210 5033 3280 5086 τά
3315 5027 3586 5102 εἰρημένα
3619 5039 3780 5096 προσ-

2207 5135 2328 5206 ῆκε.
2371 5135 2482 5188 Καὶ
2511 5132 2620 5202 γάρ
2673 5130 2861 5200 ἐπειδὴ
2915 5128 3150 5200 μεσότης
3193 5122 3343 5177 ἐστὶν
3395 5119 3570 5190 ἀρετὴ
3613 5117 3775 5180 πάσα,

523 5249 590 5290 ac
619 5233 929 5308 proximum
984 5228 1088 5285 sibi
1134 5241 1420 5284 excessum
1487 5237 1642 5290 astute
1697 5234 1760 5274 ac
1821 5215 2068 5272 deiectun

2209 5227 2309 5300 τὴν
2357 5221 2888 5296 συμπαρακειμὲνην
2940 5217 3280 5288 ἑκατέρωθεν
3329 5209 3640 5284 ὑπερϐολὴν
3689 5208 3781 5308 καὶ

523 5299 725 5391 evitet;
771 5323 928 5382 multi
980 5337 1118 5378 vero
1165 5319 1313 5376 etin
1373 5314 1675 5388 ploratibus
1715 5319 1788 5368 .et
1839 5309 1894 5363 in
1965 5307 2068 5362 laeti

2215 5299 2442 5392 μείωσιν
2499 5313 2944 5389 παρεκκλίνουσιν.
2964 5328 2978 5342 ⁸
3017 5309 3204 5366 πολλοὶ
3231 5308 3288 5364 δέ
3331 5308 3398 5377 τῇ
3427 5301 3668 5374 ἀμετρίᾳ
3690 5299 3778 5392 κί-

523 5417 602 5471 tia
655 5415 965 5488 gaudioque
1025 5411 1250 5468 modum
1327 5411 1655 5462 transeant:
1713 5399 1903 5471 quidni
1982 5410 2068 5452 eo

601 5501 672 5537 δ”·
715 5502 908 5550 Matth-
947 5501 1096 5550 v-15.
1171 5497 1218 5530 “
1264 5495 1397 5550 ibid.
1433 5493 1520 5548 η.
1822 5517 1835 5528 -

2211 5427 2443 5484 χρηνται
2474 5409 2569 5464 καὶ
2605 5410 2674 5479 τῇ
2707 5403 2981 5478 ὑπερϐολῇ
3034 5405 3139 5458 κάν
3185 5400 3300 5463 τοῖς
3345 5395 3645 5484 κλαυθμοῖς
3681 5391 3780 5443 κάν

601 5501 672 5537 δ’·
715 5502 908 5560 Matth.
947 5517 1004 5569 ν,
1029 5501 1096 5557 ’5.
1171 5497 1218 5530 “
1264 5496 1397 5552 ibid.
1433 5496 1520 5548 ﬂ.

606 5680 719 5746 (is)
773 5679 906 5736 Luc.
979 5693 1052 5743 γι,
1092 5674 1194 5740 25,
1249 5669 1453 5728 nostris
1496 5668 1552 5724 in
1603 5663 1868 5735 exemplis
1903 5669 1987 5718 est
2017 5659 2098 5714 ὅτι
2141 5653 2420 5730 γελάσετε.
