4076 6284
316 242 423 309 853

1368 258 1443 318 Ι..
1503 256 2089 328 ΕυιιμΕΞΙᾹΞΤΕΝο
2123 295 2194 306 -
2235 272 2389 333 LIB.
2422 269 2545 329 III.
2630 326 2633 329 ,

3479 271 3591 341 θδδ

314 357 434 421 ταῖς
496 356 862 431 εὐφροσύναις
922 362 1015 417 καὶΙ
1086 363 1411 438 θυμηδίαις*
1479 373 1691 442 μήποτε
1779 375 1891 429 τῶν

2014 380 2089 451 [ui
2112 382 2371 438 virtutem
2414 382 2759 453 proﬁtentur,
2814 381 3023 437 hortari
3044 382 3263 455 sapiens
3313 385 3586 447 Ecclesia-

310 449 574 503 τοιούτων
601 450 923 522 ΰπερϐολῶν
963 455 1264 526 ἀπέχεσθαι
1310 461 1436 525 τοὺς
1505 462 1710 535 ἀρετῆς
1768 466 1895 520 ἀντ-

312 541 612 612 εχομένους
654 543 685 596 ὸ
742 544 906 613 σοφὸς
943 546 1377 621 Ἐκκλησιαστὴς
1429 555 1776 625 είσηγεῖται,
1802 558 1898 611 καὶ

312 636 457 691 κατὰ
485 638 549 691 τὸ
578 639 790 710 πρέπον
819 641 913 695 καὶ
946 642 1038 696 τὸν
1085 645 1320 700 κοπετὸν
1366 647 1776 706 ἐπιδείκνυσθαι
1802 652 1899 705 καὶ

312 727 415 800 τὴν
436 729 796 800 ἀγαλλίασιν;
832 734 971 788 Οὔτε
995 735 1105 808 γὰρ
1138 736 1459 809 ἀναλγήτως
1483 740 1660 813 πάντη
1692 741 1902 809 δια,κεί-

316 822 445 876 σθαι
497 824 593 878 καὶ
629 824 911 896 διαμένειν
951 829 1009 880 ὲν
1040 831 1155 893 τοῖς
1206 829 1482 899 βιωτικοῖς
1519 834 1903 905 πειρατηρίοις

286 912 646 985 ’ὀφείλομεν
680 915 801 969 ἀλλ’
830 919 881 970 εί
925 918 1000 989 μὴ
1044 919 1113 973 δι’
1137 921 1402 988 ἑαυτοὺς,
1427 922 1517 976 διὰ
1558 924 1654 986 τὰς
1691 940 1902 996 συμφο-

320 1011 423 1078 ρὰς
446 1007 558 1061 τῶν
591 1008 760 1072 πέλας
793 1010 1181 1066 συνοδύνεσθαι
1223 1013 1318 1067 καὶ
1362 1014 1744 1070 συνθλίόεσθαι
1774 1017 1901 1071 τού-

316 1118 432 1165 τοις
457 1100 657 1172 χρεὼν,
687 1103 784 1157 καὶ
803 1103 969 1156 πάλιν
993 1105 1052 1156 ὲν
1081 1106 1207 1167 ταῖς
1224 1105 1558 1179 εὐημερίαις
1599 1107 1901 1177 γάννυσθαι

319 1193 416 1247 καὶ
450 1194 768 1265 συγχαίρειν
824 1196 1031 1258 αὐτοῖς.
1067 1195 1225 1250 Οὕτω
1250 1197 1359 1269 γὰρ
1402 1199 1504 1270 τῆς
1532 1200 1905 1273 ὰποστολικῆς

324 1284 612 1355 ὑποθήκης
645 1285 1062 1355 φυλαχθήσεται
1102 1287 1198 1341 καὶ
1240 1289 1371 1359 παρ’
1398 1289 1558 1359 ἡμῶν
1582 1292 1611 1345 ό
1633 1291 1860 1360 φάσκων
1885 1308 1902 1324 ⁶

328 1395 348 1429 ι
383 1376 610 1430 Κλαίειν
641 1375 779 1447 μετὰ
806 1375 1128 1443 κλαιόντων,
1158 1378 1254 1432 καὶ
1284 1379 1499 1453 χαίρειν
1518 1381 1658 1452 μετὰ
1686 1382 1906 1455 χαιρόν-

318 1484 431 1522 των
453 1482 467 1496 '
500 1485 519 1519 ι
551 1467 637 1521 ἵνα
678 1465 754 1539 μὴ
777 1468 888 1522 καὶ
936 1468 1036 1538 τῆς
1089 1469 1457 1543 εύαγγελικῆς
1525 1471 1844 1544 παραϐολῆς
1877 1473 1911 1526 δ

318 1557 481 1627 λόγος
524 1558 941 1629 καθαπτόμενος
997 1559 1157 1630 ἡμῶν
1199 1561 1293 1614 καὶ
1319 1562 1750 1630 καταγινώσκων
1805 1564 1904 1634 ρη-

321 1648 442 1720 θείη
465 1648 806 1723 πρδςκήμᾶς,
833 1667 853 1701 ι
889 1649 1209 1721 Ηύλίσαμεν
1242 1653 1394 1724 ὑμῖν,
1438 1638 1671 1707 καὶόύκ
1719 1653 1904 1726 ὠρχή-

1997 481 2110 529 stes
2137 473 2410 540 videatur,
2447 474 2585 529 lines
2616 481 2674 528 ut
2727 482 2973 541 servent,
3028 476 3323 548 ipsumque
3375 479 3584 536 luctum

1999 573 2162 637 atque
2190 569 2441 623 laetitiam
2468 580 2597 623 cum
2625 566 2892 637 dignitate
2924 583 3035 638 prae
3058 583 3121 624 se
3154 568 3375 626 ferant?
3395 570 3583 643 Neque

1999 656 2144 710 enim
2166 658 2220 712 in
2249 665 2331 713 tot
2350 656 2512 724 hujus
2539 657 2667 712 vitae
2686 657 3082 714 tentationibus
3097 658 3309 716 doloris
3332 672 3584 733 expertes

2001 760 2103 799 nos
2151 761 2274 803 esse
2322 758 2542 817 oportet
2579 749 2717 820 :qui
2747 750 2795 804 si
2855 750 3041 807 minus
3089 761 3280 808 nostra
3334 754 3581 824 ipsorum

2001 851 2191 902 causa,
2220 846 2276 893 at
2306 849 2455 894 certe
2486 841 2556 896 ob
2579 841 2963 910 proximorum
2996 841 3342 901 calamitates
3396 845 3586 902 dolere

2002 916 2127 984 cum
2157 930 2244 985 his
2272 932 2511 1003 angique
2536 934 2806 990 debemus
2843 955 2854 988 :
2887 918 3357 1005 quemadmodum
3418 946 3475 993 et
3527 940 3582 994 iu

2002 1023 2258 1079 secundis
2292 1024 2456 1081 rebus
2490 1025 2662 1082 laetari
2721 1040 2848 1082 cum
2897 1026 3033 1098 ipsis
3071 1036 3140 1083 ‘et
3196 1029 3434 1099 gaudere
3483 1046 3604 1088 nos'

2003 1115 2293 1181 convenit;
2331 1126 2390 1172 ut
2426 1117 2575 1183 illam
2609 1118 2861 1188 Apostoli
2901 1119 3149 1189 regulam
3203 1137 3306 1178 nos
3361 1138 3585 1194 quoque

2004 1218 2308 1271 servemus,
2357 1222 2467 1279 qua
2529 1210 2828 1265 edoeemur
2880 1229 2900 1263 ι
2941 1210 3075 1265 llere
3116 1225 3242 1266 cum
3301 1211 3582 1277 ﬂentibus.

2003 1303 2057 1349 et
2082 1297 2322 1367 gaudere
2343 1313 2470 1354 eum
2503 1300 2871 1370 gaudentibus
2897 1285 3022 1374 ’(16)
3051 1319 3066 1367 ;
3107 1322 3126 1355 ι
3160 1318 3225 1358 ac
3252 1318 3324 1360 ne
3389 1304 3584 1360 adver-

2005 1401 2101 1442 sus
2128 1402 2226 1443 uos
2256 1388 2401 1443 dicta
2466 1390 2723 1447 ferantur
2788 1393 2879 1448 illa
2937 1395 3266 1465 evangelicae
3310 1396 3586 1465 parabolae

2005 1476 2214 1532 verba:
2256 1498 2274 1530 ι
2314 1475 2675 1537 Cantavimus
2704 1483 2856 1540 vobis
2888 1485 3000 1556 76
3049 1484 3220 1550 tibiis,
3259 1493 3313 1541 et
3340 1501 3449 1542 non
3473 1488 3585 1544 sal-
3659 1534 3668 1556 ,

2007 1568 2198 1635 lastis;
2240 1568 2520 1625 lamentati
2548 1584 2759 1636 sumus,
2792 1583 2846 1628 et
2877 1589 2986 1630 non
3012 1575 3270 1645 plorastis
3293 1574 3380 1644 ";
3412 1596 3432 1629 ο
3464 1593 3587 1646 quae

2007 1673 2074 1712 eo
2101 1661 2396 1728 pertinent,
2428 1671 2486 1715 ut
2506 1663 2789 1731 praeduros
2807 1666 3043 1729 animos.
3076 1668 3169 1735 qui
3197 1683 3374 1737 neque
3405 1667 3587 1723 alieno

323 1741 493 1795 σασθε
516 1756 532 1775 ο
565 1721 949 1813 ἐθρηνήσαμεν
979 1741 1129 1812 ὑμῖν,
1166 1742 1259 1795 καὶ
1282 1721 1384 1797 οὐκ
1414 1743 1713 1814 ἐκόψασθε,

2014 1747 2158 1801 luctu
2197 1748 2497 1819 quidquam
2523 1759 2618 1805 aut
2666 1766 2905 1809 niterore
2935 1763 3378 1823 commoventur,
3408 1770 3587 1825 neque

323 1829 738 1901 ἀπεσκληκυίας
793 1830 1022 1900 καρδίας
1062 1831 1158 1884 καὶ
1209 1831 1478 1903 μηδαμῶς
1517 1835 1631 1897 τοῖς
1674 1834 1901 1905 ἀλγοῦσι

323 1925 420 1977 καὶ
464 1921 828 1994 λυπουμένοις
869 1921 1322 1994 συλλυπουμένας
1370 1925 1465 1978 καὶ
1507 1926 1902 1995 συναλγούσας,

2009 1838 2202 1896 faustis
2253 1842 2639 1912 quadantenus
2678 1846 3073 1917 prosperisque
3129 1846 3360 1902 fratrum
3418 1855 3587 1919 atque

2009 1932 2310 1988 amicorum
2372 1933 2539 1991 rebus
2599 1938 2920 1993 consociare
2967 1937 3209 2020 laetitiam
3264 1940 3463 2008 solent,
3515 1941 3586 1996 ad

327 2015 469 2086 μήτε
498 2016 612 2078 τοῖς
636 2012 781 2067 κατά
825 2029 945 2066 τινα
984 2013 1188 2085 τρόπον
1242 2014 1608 2085 εύημεροῠσιν
1650 2016 1900 2085 ἀδελφοῖς

2014 2023 2180 2090 iustos
2221 2022 2449 2081 aﬁ‘ectu‘s
2488 2025 2784 2082 deducant.
2815 2025 2908 2083 Ait
2940 2014 3141 2085 deinde
3176 2047 3192 2085 :

324 2106 418 2159 καὶ
438 2104 612 2174 φίλοις
639 2103 1042 2175 συγχαιρούσας
1062 2106 1155 2159 καὶ
1182 2106 1738 2178 συνευφραινομένας,
1760 2108 1898 2178 πρὸς

324 2194 427 2259 τὰς
489 2194 804 2267 πρεπούσας
862 2193 1130 2259 διαθέσεις
1200 2195 1696 2269 ἐπανορθούμενος.
1746 2195 1880 2254 Εἷτά
1918 2215 2080 2270 φησιν
2109 2217 2126 2232 ο

1871 2291 1899 2365 5
1936 2292 2023 2352 Vl.

326 2383 544 2454 Καιρὸς
585 2384 692 2439 τοῦ
723 2383 948 2449 ,βαλεῖν
996 2383 1228 2450 λίθους,
1260 2383 1357 2440 καὶ
1386 2384 1589 2456 καιρὸς
1617 2387 1726 2442 τοῦ
1747 2403 1889 2442 συν·

873 2478 1121 2547 arceri-:77-
1148 2478 1379 2545 λίθους.

400 2563 571 2639 Οἶμαι
596 2567 778 2634 λίθους
802 2569 1040 2624 ἐνταῦθα
1074 2570 1262 2625 καλεῖν
1305 2573 1432 2635 τοὺς
1456 2572 1786 2635 ἀντιτύπους
1810 2575 1906 2642 καλ⁵

334 2661 607 2733 σκληροὺς
637 2662 852 2731 λόγους,
878 2660 971 2726 οὒς
1008 2662 1093 2717 δεῖ
1137 2661 1354 2735 βάλλειν
1393 2664 1536 2719 κατὰ
1564 2655 1895 2737 τῶνφρονη·

337 2754 522 2825 μάτων
573 2756 670 2810 καὶ
722 2755 1102 2826 προαιρέσεων
1150 2755 1258 2809 τῶν
1287 2755 1496 2810 δεῖσθαι
1520 2757 1631 2810 τῶν
1654 2756 1911 2810 τοιούτων

336 2846 801 2917 ὑπειλημμένωνο
836 2846 934 2900 καλ⁸
995 2846 1161 2901 πάλιν
1205 2846 1519 2903 ἀναστεῖλαι
1578 2846 1804 2911 τούτους
1850 2848 1915 2902 ἐκ

335 2935 445 2991 τῶν
479 2937 759 3004 τοιούτων,
799 2938 931 2990 ὅταν
962 2938 1061 3008 τῆς
1086 2939 1320 2992 ἐκείνων
1350 2936 1641 3002 αὐθαδείας
1656 2954 1907 3009 καταμα-

335 3028 707 3099 λακισθείσης,
764 3028 860 3083 καὶ
918 3029 1021 3101 τῆς
1082 3016 1399 3100 ἀγερωχίας
1440 3028 1905 3101 καταϐληθείσης,

333 3120 544 3174 δέονται
601 3121 767 3174 πάλιν
818 3120 956 3191 πρὸς
1001 3119 1372 3191 ’ψυχαγωγίαν
1420 3120 1784 3192 ἡμερωτέρας
1814 3120 1909 3173 καὶ

334 3209 646 3283 πραοτέρας
674 3210 1027 3275 διδασκαλίας
1050 3224 1063 3241 ⁸
1104 3210 1192 3265 ἵνα
1320 3208 1401 3282 τῷ
1425 3210 1603 3282 πολλῷ
1633 3210 1790 3282 βάρει
1810 3211 1911 3283 τῆς

334 3302 682 3374 ἑπιπλήξεως
716 3302 750 3373 ἢ
793 3304 862 3374 τῇ
889 3300 1493 3376 λύπῃ-καταποθῶσιν,
1524 3301 1557 3372 ἥ
1587 3302 1727 3372 πρὸς
1747 3301 1908 3372 χαλε-

334 3392 592 3465 πωτέραν
616 3391 858 3464 ἀρθῶσιν
887 3393 1200 3447 αὐθάδειαν.
1232 3392 1389 3446 Οὕτω
1430 3393 1491 3446 τὸ
1533 3394 1709 3464 παρὸν
1749 3395 1911 3463 ῥητὸν

333 3488 526 3557 νοῆσαι
551 3486 647 3539 καὶ
668 3485 1005 3553 διασαφῆσαι
1031 3482 1391 3553 προήχθημεν
1411 3500 1425 3514 ·
1458 3483 1634 3545 οὐδεὶς
1656 3484 1768 3553 γάρ
1790 3476 1905 3534 ἐστὶ

334 3578 527 3647 καιρδς
550 3573 646 3628 τοῦ
678 3575 820 3628 κατὰ
845 3590 990 3637 τινος
1022 3573 1204 3635 λίθους
1235 3572 1472 3641 βάλλειν.
1502 3574 1565 3625 Ei
1593 3572 1650 3625 δὲ
1688 3573 1784 3625 καὶ
1812 3573 1907 3640 γέ-

336 3664 499 3736 νηταί
529 3682 660 3718 ποτε
687 3664 781 3716 τοῦ
808 3662 1027 3732 βάλλειν
1060 3661 1245 3725 λίθους
1280 3662 1421 3716 κατὰ
1444 3661 1551 3715 τῶν
1580 3659 1705 3725 ἄξια
1738 3678 1911 3731 πρατ-

334 3758 545 3812 τόντων
602 3755 741 3827 ἔργα
784 3754 1344 3824 λιθοϐολευστήσεως,
1380 3752 1523 3806 κατὰ
1565 3752 1694 3816 τοὺς
1741 3752 1910 3807 πάλαι

338 3847 542 3917 νόμους
596 3844 690 3899 τοῦ
754 3843 1118 3914 θεοφάντορος
1182 3841 1487 3907 Μωῦσέως,
1518 3840 1634 3896 ἀλλ’
1660 3841 1912 3912 οὐδαμῶς

312 3936 758 4006 -ἀκολουθήσεως
783 3934 972 4005 ἔχεται
1003 3934 1064 3986 τδ
1092 3933 1429 4003 συναγαγεῖν
1459 3932 1589 3996 τοὺς
1605 3930 1793 3996 λίθους
1817 3927 1915 3986 αὖ·

341 4025 429 4094 θις
451 4027 518 4082 ἐκ
540 4026 651 4081 τῶν
672 4024 873 4102 αὐτῶν.
907 4021 1042 4077 Εἷτᾶ
1068 4037 1253 4094 φησιν·

2072 2389 2242 2447 Vsus.
2275 2391 2328 2446 5.
2366 2389 2767 2463 Tempestivitas
2796 2394 3036 2463 jaciendi
3069 2393 3309 2465 lapides,
3344 2405 3394 2452 et
3456 2406 3588 2454 lern-

2002 2482 2269 2552 pesliritas
2302 2483 2584 2553 colligendi
2617 2481 2843 2553 lapides.

2079 2572 2309 2643 Lapides
2348 2574 2453 2629 hoc
2514 2575 2636 2629 loco
2697 2576 2961 2646 appellari
3018 2576 3260 2632 arbitror
3299 2592 3460 2635 acres
3518 2590 3583 2633 ac

2009 2666 2177 2721 duros
2238 2679 2543 2754 sermones,
2606 2681 2746 2736 quos
2788 2665 2974 2737 jacere
3025 2677 3276 2740 oporteat
3325 2668 3590 2724 adversus

2013 2757 2373 2827 cogitationes
2402 2764 2565 2826 atque
2616 2758 2845 2813 consilia
2901 2773 3091 2814 eorum
3148 2760 3244 2831 qui
3289 2773 3448 2830 egere
3503 2757 3591 2814 his

2015 2855 2313 2918 putantur;
2356 2857 2411 2903 et
2452 2862 2594 2917 quos
2651 2848 2935 2904 continuere
2980 2849 3111 2906 item
3169 2859 3410 2922 praestat,
3463 2865 3590 2906 cum

2018 2936 2318 3005 pertinacia
2348 2935 2664 2991 eorumdem
2701 2936 2962 3003 edomita,
2997 2940 3363 3011 depressaque
3392 2952 3591 3011 super-

2014 3028 2123 3091 bia,
2146 3027 2256 3099 jam
2291 3028 2459 3083 animi
2485 3028 2699 3084 solandi
2729 3045 2900 3086 causa
2933 3033 3366 3088 mansuetiorem
3397 3031 3587 3088 mitio-

2015 3134 2240 3190 remque
2272 3119 2581 3175 doctrinam
2618 3122 2906 3192 requiruut
2942 3139 2956 3176 :
2995 3137 3065 3177 ne
3112 3123 3283 3178 nimia
3331 3123 3592 3196 objurga-

2015 3211 2181 3266 tionis
2207 3210 2497 3267 severitate
2525 3222 2619 3266 aut
2648 3212 2855 3269 doloris
2885 3214 2935 3267 vi
2964 3225 3254 3280 corruant,
3309 3215 3395 3270 vel
3444 3213 3590 3271 dim-

2016 3301 2193 3356 ciliori
2219 3313 2511 3373 assurgant
2545 3303 2798 3359 audacia.
2838 3303 2930 3360 Sie
2963 3304 3184 3362 ell‘atum
3224 3308 3329 3362 hoc
3392 3306 3594 3364 intellio

2016 3405 2143 3460 gere
2174 3399 2338 3461 atque
2404 3392 2681 3463 explicare
2736 3409 2960 3455 necesse
3002 3395 3153 3459 fuit:
3200 3397 3352 3452 nulla
3394 3399 3595 3470 quippe

2018 3487 2413 3553 tempestivitas
2445 3494 2553 3551 est,
2593 3503 2701 3557 qua
2730 3489 2900 3544 alium
2928 3489 3201 3559 lapidibus
3235 3500 3430 3562 petas;
3464 3507 3530 3548 ac
3546 3492 3595 3547 si

2017 3572 2120 3628 fuit
2149 3575 2304 3640 olim,
2332 3590 2441 3644 qua
2463 3563 2674 3645 lapides
2731 3578 2784 3632 in
2837 3594 2935 3636 eos
2999 3581 3337 3653 iacerentur,
3371 3582 3467 3653 qui
3507 3582 3596 3638 di-

2017 3679 2184 3734 gnum
2214 3665 2544 3734 lapidatione
2578 3665 2794 3725 facinus
2821 3678 3253 3741 perpetrassent,
3285 3681 3344 3727 ut
3389 3681 3598 3730 veteres

2020 3754 2258 3825 theologi
2290 3755 2491 3826 Moysis
2522 3757 2671 3829 leges
2711 3758 2962 3816 ferebant
3020 3762 3133 3833 (l7)
3166 3801 3182 3828 ,
3219 3762 3449 3820 minime
3513 3772 3597 3819 ta-

2025 3847 2145 3901 men
2168 3862 2231 3902 ea
2262 3842 2553 3929 quadram,
2586 3866 2709 3921 quae
2751 3852 2819 3908 de
2850 3852 3135 3923 lapidibus
3179 3860 3401 3910 rursum
3440 3856 3596 3912 colli-

2021 3935 2210 4008 gendis
2241 3938 2477 3999 subinde
2498 3941 2794 3998 adduntur.
2820 3942 3080 4000 Protinus
3105 3946 3185 4001 uit
3211 3964 3225 4000 :

1885 4118 1915 4189 ς
1958 4117 2066 4176 vn.

339 4210 560 4312 Καιρὸς
584 4241 695 4297 τοῦ
725 4239 1090 4310 περιλαϐεῖν,
1122 4240 1224 4296 καί
1265 4240 1471 4310 καιρὸς
1519 4241 1627 4295 τοῦ
1651 4255 1907 4309 μακρυν-

2096 4241 2203 4313 77
2234 4240 2401 4298 Vens.
2432 4242 2486 4296 6.
2512 4241 2908 4311 Tempeslirilas
2966 4242 3328 4312 antplexandi,
3375 4254 3422 4299 et
3465 4254 3600 4299 teru-

728 4334 906 4404 θῆναι
937 4333 1055 4390 ἀπὸ
1079 4331 1547 4404 περιλήμματος.

412 4444 459 4481 δ’
496 4445 663 4500 Matth
695 4460 773 4511 τι,
809 4445 916 4513 l7;
960 4443 1092 4500 Luc.
1122 4460 1222 4512 vn,
1254 4443 1347 4499 32.

238 4612 244 4619 .
415 4558 528 4632 (l6)
562 4559 724 4615 Rom.
774 4573 903 4632 ξιιμ,
964 4557 1054 4613 15.
1111 4555 1216 4632 sed
1275 4554 1586 4632 iu_nostris
1650 4551 1915 4632 exemplis

345 4621 619 4700 scriptum
641 4637 745 4692 est,
773 4626 1002 4699 Χαίρειν
1047 4626 1188 4699 μετὰ
1220 4625 1519 4697 χαιρόντων
1538 4665 1552 4692 ,
1586 4626 1682 4679 καὶ
1708 4621 1916 4675 κλαίειν

349 4698 833 4773 μετα-κλαιόντων.

419 4769 532 4838 (17)
564 4767 967 4838 Suppliciorum
991 4768 1132 4837 apud
1158 4763 1441 4838 Hebraeos
1475 4772 1713 4838 quatuor
1748 4763 1917 4838 fuisse

347 4833 581 4911 genera,
622 4833 849 4911 adnotat
887 4833 1118 4911 Drusius
1148 4835 1239 4906 (ad
1267 4833 1439 4911 Levit.
1468 4833 1560 4898 is,
1594 4833 1704 4911 l9),
1725 4837 1918 4911 _s_uli'o-

349 4903 641 4969 rationem.
672 4907 1134 4972 eoinbustiouem,
1158 4903 1600 4972 suspensionem,
1632 4903 1918 4975 lapidatio-

349 4993 509 5033 nem:
541 4978 876 5032 levissimum
918 4977 1115 5031 horum
1162 4974 1574 5047 sull'ocationem
1600 5017 1615 5043 ,
1663 4974 1919 5047 gravissi-

352 5062 503 5116 mum
536 5047 952 5116 lapidationem,
989 5049 1173 5115 itaque
1213 5059 1336 5116 cum
1388 5044 1564 5116 sacris
1601 5044 1918 5102 iu'Litteris

352 5113 619 5186 legimus:
655 5115 824 5170 Morte
864 5113 1199 5186 multabitur,
1217 5114 1285 5169 de
1312 5113 1678 5186 ‘su_ﬂocatione
1704 5129 1919 5171 sermo-

352 5184 484 5240 nem
511 5200 649 5248 esse,
693 5193 882 5241 contra
909 5201 1032 5241 cum
1076 5185 1326 5241 additur:
1363 5184 1595 5254 Sanguis
1623 5184 1738 5254 ejus
1762 5201 1921 5254 super

351 5270 495 5319 eum,
519 5254 1239 5327 lapidationem‘designari.
1264 5254 1423 5310 Tales
1456 5253 1634 5309 autem
1671 5253 1919 5312 formqu

353 5334 645 5380 occurrent
676 5324 771 5378 tibi
798 5324 970 5380 Levit.
1006 5324 1097 5387 xi.
1131 5335 1184 5380 et
1213 5325 1366 5380 Deut.
1395 5340 1529 5380 xxu.

426 5393 498 5466 At
525 5395 756 5465 quaestio
782 5404 866 5466 est
884 5395 1218 5466 subobscura
1244 5396 1313 5451 de
1336 5397 1704 5466 adulterarum
1731 5410 1914 5466 plena,

358 5465 503 5533 quod
542 5461 755 5535 ’nempe
794 5465 860 5537 in
905 5461 1134 5537 Joannis
1196 5464 1486 5537 Evangelia
1533 5461 1796 5536 scriptum
1846 5461 1918 5523 sit

2025 4331 2317 4400 pestivitas,
2345 4348 2451 4404 qua
2488 4332 2673 4404 procul
2704 4333 2769 4387 ab
2816 4333 3148 4403 amplexibus
3200 4332 3413 4389 recedas
3456 4335 3593 4406 (18).

2023 4560 2144 4630 tu_ta_
2167 4554 2382 4623 legitur,
2419 4557 2513 4630 sed
2558 4557 2618 4630 in
2641 4571 2970 4630 novercam,
3006 4572 3128 4630 quae
3178 4572 3301 4630 cum
3344 4557 3596 4630 privigno

2021 4623 2420 4693 adulterasset;
2452 4626 2580 4682 item
2608 4629 2662 4698 in
2698 4623 3126 4683 Deuteronoinio
3154 4623 3418 4683 adversus
3433 4623 3598 4698 spon-

2024 4707 2138 4757 sam
2172 4703 2405 4766 tantum,
2435 4711 2558 4765 quae
2584 4697 2653 4752 ab
2699 4698 2879 4753 alieno
2916 4711 3231 4766 compressa
3276 4697 3596 4758 esset.’nec

2021 4764 2280 4836 cum‘vim
2311 4764 2362 4817 ei
2406 4764 2618 4821 adulter
2649 4767 2901 4830 all‘erret.
2946 4764 3238 4822 clamasset
3265 4805 3280 4829 ,
3323 4766 3593 4836 siquidem

2025 4831 2080 4885 in
2117 4832 2336 4888 civitate
2358 4836 2688 4907 versaretur.
2712 4836 2893 4903 Quare
2919 4837 3142 4907 quidam
3168 4831 3417 4907 arbitrati
3442 4845 3591 4897 sunt.

2026 4915 2338 4976 sermonem
2389 4905 2443 4959 in
2491 4903 2955 4976 Evangelia-esse
3013 4905 3080 4961 de
3111 4905 3380 4976 Wadultera
3409 4944 3424 4971 ,
3473 4920 3597 4975 qute

2027 4985 2230 5039 sponsa
2264 4972 2547 5029 etiamtum
2583 4972 2760 5032 esset:
2814 4977 2907 5031 alii
2940 4991 3067 5030 vero
3107 4975 3386 5045 Evangelii
3431 4972 3595 5031 verba

2028 5045 2109 5114 s_i_c
2138 5055 2260 5096 esse
2297 5045 2559 5114 sumenda
2584 5046 2898 5113 duxerunt,
2932 5044 3089 5114 quasi
3140 5044 3346 5099 dictum
3409 5053 3595 5100 esset:

2028 5109 2201 5164 Moses
2243 5111 2374 5167 tales
2411 5115 2650 5183 praecipit
2692 5124 2858 5169 morte
2884 5109 3336 5184 'puniri,iquam
3377 5124 3600 5169 mortem

2024 5191 2320 5254 postremus
2364 5200 2491 5238 usus
2528 5184 2653 5253 fecit
2699 5184 3101 5254 lapidationem.
3144 5183 3414 5239 Nimirum
3456 5185 3603 5240 obtio

2028 5250 2215 5306 nuisse
2240 5266 2358 5310 mos
2379 5250 2592 5323 videtur
2626 5250 2936 5323 aliquando,
2962 5263 3026 5310 ut
3060 5254 3308 5308 adultera
3343 5255 3597 5323 quaelibet

2026 5335 2091 5375 ea
2124 5329 2301 5377 morte
2347 5322 2669 5380 afficeretur.
2715 5321 2849 5379 Nam
2900 5324 3198 5379 Ezechielis
3239 5321 3596 5382 illae—eanlira

2018 5400 2172 5464 ruant
2196 5391 2378 5459 minae,
2411 5409 2530 5463 cap.
2569 5411 2678 5460 xvr,
2711 5409 2762 5447 v.
2786 5394 2888 5448 58:
2925 5391 3270 5464 Etjudicabo
3301 5392 3587 5464 te‘judicil'l

2017 5459 2383 5522 adulterarum
2406 5472 2458 5518 et
2482 5459 2866 5533 eﬂ‘undentium
2897 5459 3300 5533 sanguinem...
3329 5460 3395 5513 Et
3418 5460 3580 5533 aridu-

360 5528 505 5607 (τερ.
539 5551 658 5607 vm,
687 5528 755 5591 ἰ
791 5535 882 5607 5))
924 5532 993 5607 in
1022 5534 1136 5607 lege
1166 5528 1376 5607 autem-
1391 5533 1596 5607 Moyses
1642 5528 1915 5592 inundavit
2017 5542 2131 5607 (erit
2158 5548 2315 5606 super
2355 5543 2401 5588 te
2449 5528 2841 5589 multitudinem
2868 5575 2883 5600 ,
2927 5542 2977 5588 et
3000 5528 3330 5601 Vlapidabunl
3362 5538 3411 5584 te
3447 5528 3571 5599 lupi

365 5602 512 5659 nobis
558 5602 861 5675 hajasmodi
924 5602 1183 5675 lapidare.
1220 5608 1280 5661 ιη
1322 5602 1562 5661 Levitico
1624 5614 1802 5662 autem
1849 5622 1914 5663 ea
2012 5602 2234 5660 dibus.’
2288 5634 2293 5637 -

373 5690 529 5745 plena
554 5692 659 5731 nou
691 5675 955 5732 adversus
996 5675 1269 5733 adulteras
1297 5691 1652 5748 cuiuscunque
1704 5679 1911 5732 consti-

2088 5675 2197 5749 (l8)
2226 5673 2367 5731 LXX
2398 5675 2595 5732 habent
2629 5675 2735 5731 ἀπὸ
2765 5669 3134 5744 περιλήψεως.
