4076 6284
420 200 529 269 861

1480 215 1566 279 ΙΝ
1605 219 2186 296 ECCLESIASTEN.
2228 254 2296 264 —
2329 229 2476 289 LIB.
2511 227 2628 290 III.

3582 241 3688 305 86!

420 312 673 414 Sxétpstnv
699 314 822 414 παῖ-
965 316 1247 414 ἀντίληψιν
1289 323 1425 396 πρὸς
1471 325 1612 380 αὐτὰ
1649 327 1742 382 καὶ
1768 329 1866 400 τὴν
1894 346 1985 400 κη-

2097 345 2203 402 est,
2239 336 2292 390 in
2321 337 2727 404 sollicitudine;
2753 337 2845 408 qui
2875 337 3185 404 miseretur,
3208 340 3261 395 in
3285 341 3559 402 hilaritate
3575 351 3676 414 ⁸⁸.»

411 401 674 472 δεμονίαν
696 401 1096 475 ἑπιδειξὼμεθα
1129 408 1224 463 καὶ
1251 410 1352 482 τὴν
1384 411 1642 484 πρόνοιαν
1661 429 1674 444 ·
1707 433 1727 467 t
1780 416 1838 470 '0
1867 434 2000 488 προ-

413 493 714 564 ϊστάμενος
754 513 774 546 ι
814 497 946 569 γὰρ,
979 516 1000 550 t
1039 499 1098 552 ὲν
1123 500 1350 572 σπουδῇ,
1383 503 1412 556 ὁ
1457 502 1658 569 ἐλεῶν,
1707 505 1765 560 ἐν
1813 507 1997 578 ἱλαρό-

413 601 563 657 τητι,
603 605 624 639 ι
662 587 798 657 φησί
851 604 958 642 που
997 588 1210 656 Παῦλος
1243 591 1273 645 6
1299 591 1478 663 μέγας
1507 594 1829 662 ἁπόστολος.
1858 595 1992 654 Εἶτά

415 693 586 750 φησιν
621 677 1079 752 Ἐκκλησιαστής·

2106 427 2244 481 dixit
2289 429 2529 496 quodam
2579 428 2634 482 in
2681 427 2804 484 loco
2850 427 3057 486 Paulus
3103 445 3334 504 magnus
3381 439 3684 506 apostolus.

2105 518 2270 573 Addit
2296 519 2490 576 deinde
2516 518 2882 577 Ecclesiastes
2913 537 2930 576 :

1969 795 2156 872 μιν

482 909 700 978 Καρὸς
738 909 846 966 τοῦ
875 908 1082 981 σιγᾷν,
1115 911 1220 966 καὶ
1246 913 1454 982 καιρὸς
1479 913 1590 968 τοῦ
1614 914 1851 970 λαλεῖν.

483 999 692 1066 Ταῦτα,
722 1000 784 1054 τὸ
816 999 1002 1070 σιγᾷν
1033 1001 1278 1072 δηλονότι
1309 1003 1406 1056 καὶ
1437 1003 1498 1056 τὸ
1552 1006 1789 1072 λαλεῖν,
1855 1023 1990 1076 συμ-

411 1091 917 1162 περιλαμϐάνονται
945 1094 1040 1147 καὶ
1071 1095 1664 1164 συμπριέχονταιταῖς
1692 1095 1994 1168 διαιρέσεσι

411 1185 508 1235 καὶ
539 1185 662 1246 ταῖς
691 1183 1102 1254 ἁπαριθμήσεσι
1129 1184 1237 1238 τῶν
1267 1185 1579 1255 εἰρημένων
1612 1185 1828 1244 ἀνόπιν,
1876 1187 1992 1240 Πᾶν

413 1273 546 1342 γὰρ,
579 1273 608 1326 ὃ
641 1290 806 1344 φησιν
837 1276 924 1326 ἐπ’
959 1276 1210 1340 ἐκείνοις,
1247 1275 1468 1344 Καιρὸς
1494 1276 1602 1330 τοῦ
1625 1275 1833 1346 ῥῆξαι,
1894 1277 1991 1331 καὶ

409 1364 610 1430 καιρὸς
653 1363 756 1416 τοῦ
795 1363 1085 1432 φυλάξαι,
1121 1365 1219 1418 καὶ
1253 1365 1463 1433 καιρὸς
1515 1366 1624 1420 τοῦ
1682 1366 1986 1432 ἐκϐαλεῖν,

412 1456 508 1507 καὶ
533 1456 736 1522 καιρὸς
771 1454 878 1509 τοῦ
906 1452 1176 1522 ζητῆσαι,
1207 1457 1304 1511 καὶ
1348 1457 1556 1526 καιρὸς
1609 1457 1720 1512 τοῦ
1769 1455 1991 1512 ἀπολέ-

413 1561 543 1606 σαι,
578 1546 672 1598 καὶ
705 1545 777 1598 τά
814 1545 1116 1614 λελεγμένα
1141 1544 1356 1611 τούτοις
1391 1547 1811 1618 παραπλησίως,
1853 1548 1994 1618 μετά

409 1633 508 1688 τοῦ
540 1635 701 1707 σιγᾷν
723 1634 757 1706 ἢ
783 1634 878 1688 τοῦ
905 1635 1087 1690 λαλεῖν
1117 1637 1370 1706 γίνεσθαι
1399 1636 1688 1710 προδήλως
1737 1638 1992 1708 πεφύκα-

413 1744 521 1780 σιν.
560 1727 748 1792 Οὐδεὶς
781 1728 890 1800 γάρ
953 1723 1067 1792 οἶός
1103 1731 1164 1782 τέ
1195 1731 1312 1783 ἐστι
1372 1729 1506 1800 δρᾷν
1536 1728 1572 1800 ἢ
1625 1725 1912 1800 διάρρηξιν
1952 1728 1985 1800 ἢ

413 1817 794 1898 συνάφειαν,ῆ
873 1819 1121 1890 φυλακὴν
1173 1819 1207 1891 ἢ
1280 1819 1535 1892 ἐκϐολὴν,
1581 1819 1616 1890 ἢ
1674 1821 1905 1892 ζήτησιν
1953 1819 1990 1890 ἢ

414 1907 716 1973 ἀπώλειαν,
747 1908 781 1980 ἢ
811 1909 1106 1980 περίληψιν
1135 1909 1169 1980 ἢ
1201 1910 1524 1982 μακρυσμδν
1567 1909 1675 1964 ἀπὸ
1709 1911 1980 1983 περιλήμ-

415 2013 606 2063 ματος,
633 1997 755 2050 οὐδέ
786 2015 837 2050 τι
867 1999 976 2052 τῶν
1007 1999 1088 2052 ἔτι
1119 1999 1551 2070 προειρημένων,
1573 2001 1623 2052 εί
1661 1999 1736 2070 μὴ
1762 2003 1994 2071 σιγήσας

411 2085 538 2143 καθ’
563 2087 811 2142 ἑκούσιον
841 2088 1114 2160 βούλησιν,
1145 2088 1178 2160 ἥ
1213 2089 1288 2159 μὴ
1313 2089 1556 2160 λαλήσας
1586 2088 1748 2144 πάλιν
1803 2089 1992 2142 εὐκαί-

415 2189 544 2246 ρως.
579 2173 750 2247 Εἴπερ
777 2177 884 2247 γὰρ
911 2176 1038 2240 ἄνευ
1070 2176 1165 2228 τοῦ
1201 2175 1361 2245 σιγᾷν
1389 2174 1423 2244 ἦ
1453 2175 1552 2228 τοῦ
1585 2173 1772 2228 λαλεῖν
1800 2174 1861 2226 οὐ
1909 2173 1988 2226 δι-

411 2265 684 2334 έγνωσταί
712 2283 784 2332 τι,
811 2268 893 2331 τίς
915 2265 976 2320 τὺ
1007 2267 1229 2341 σύνολον
1263 2267 1439 2320 ποιεῖν
1471 2267 1589 2338 ἐρεῖ
1611 2281 1663 2318 τι
1692 2265 1803 2318 τῶν
1854 2281 1989 2334 προ-

413 2355 758 2424 λελεγμένων
799 2355 1108 2422 συζυγιῶν;
1143 2356 1204 2408 Εἰ
1233 2357 1292 2409 δὲ
1333 2353 1513 2418 τοῦτο,
1570 2355 1687 2417 πῶς
1722 2353 1993 2418 ἰδιάζοντα

298 2444 306 2453 ”
413 2449 604 2518 καιρὸν
635 2447 711 2516 τῷ
751 2448 911 2521 σιγᾷν
944 2447 1144 2517 καὶτῷ
1175 2447 1357 2500 λαλεῖν
1401 2447 1430 2498 ὁ
1480 2446 1642 2514 σοφὸς
1693 2445 1992 2514 ἀπένειμεν

426 2540 860 2612 Ἐκκλησιαστής
883 2559 898 2608 ;
925 2541 975 2594 si
1004 2541 1123 2612 ,γὰρ
1153 2525 1385 2595 ἕκαστον
1413 2540 1522 2594 τῶν
1546 2539 1686 2594 κατὰ
1731 2538 1992 2606 συζυγίαν

415 2635 568 2704 παρὰ
617 2633 714 2688 τοῦ
785 2631 1216 2696 Ἐκκλησιαστοῦ
1277 2631 1622 2700 λελεγμένων
1659 2629 1722 2682 οὐ
1777 2628 1991 2696 πέφυκε

415 2725 662 2792 γίνεσθαι
683 2725 848 2796 χωρὶς
875 2724 968 2778 τοῦ
997 2723 1156 2793 σιγᾷν
1183 2723 1216 2792 ἢ
1247 2721 1343 2775 τοῦ
1365 2721 1566 2782 λαλεῖν,
1587 2721 1640 2772 τί
1671 2719 1872 2786 δήποτε
1896 2719 1992 2772 νῦν

2135 910 2536 980 Tempestivitas
2584 913 2820 976 tacendi,
2850 921 2901 967 et
2943 914 3322 982 tempestivitas
3366 915 3641 987 loquendi,

2164 999 2313 1056 Istud
2365 1009 2539 1056 tacere
2571 1011 2737 1072 atque
2785 1003 2936 1068 jstud
2989 1001 3136 1073 loqui
3191 1003 3246 1058 in
3294 1005 3680 1076 superioribus

2095 1088 2464 1146 divisionibus
2509 1099 2678 1161 atque
2719 1091 3236 1154 enumerationibus
3276 1095 3679 1165 comprehensa

2096 1177 2288 1245 utique
2334 1177 2656 1247 inclusaque
2707 1188 2877 1234 sunt:
2911 1194 3038 1233 nam
3069 1194 3192 1249 qua:
3227 1182 3409 1240 verbis
3447 1181 3558 1240 illis
3597 1183 3678 1241 si-

2096 1266 2464 1336 gniﬁcantur,
2515 1269 2890 1337 tempestivitas
2922 1268 3225 1337 avellendi;
3279 1281 3356 1337 et,
3401 1273 3675 1342 tempesti-

2097 1357 2232 1411 vitas
2275 1357 2642 1429 custodiendi;
2689 1367 2763 1422 et,
2801 1361 3177 1427 tempestivitas
3223 1360 3540 1427 emittendi;
3591 1369 3668 1428 et,

2097 1444 2474 1512 tempestivitas
2503 1445 2816 1515 acquirendi
2840 1461 2860 1510 ,°
2881 1457 2957 1513 et,
2989 1449 3364 1516 tempestivitas
3392 1449 3670 1520 perdendi,

2095 1545 2326 1602 quaeque
2359 1532 2446 1588 his
2475 1533 2679 1589 similia
2714 1535 2986 1591 hactenus
3013 1536 3328 1602 retulimus,
3357 1539 3543 1593 omnia
3594 1539 3674 1594 si-

2095 1623 2268 1678 lentio
2300 1633 2396 1680 aut
2442 1625 2662 1695 loquela
2713 1627 2900 1696 peragi
2935 1627 3291 1682 manifestum
3337 1635 3443 1684 est.
3485 1628 3676 1699 Neque

2092 1713 2240 1770 enim
2273 1715 2564 1786 quisquam
2597 1718 2731 1772 dare
2755 1729 2982 1787 Operam
3033 1726 3231 1786 potest,
3261 1727 3320 1772 ut
3353 1719 3551 1774 avellat
3579 1729 3676 1776 aut

2093 1816 2346 1872 consuat,
2375 1806 2652 1862 custodiat
2673 1814 2770 1862 aut
2791 1807 3028 1872 emittat,
3057 1807 3306 1876 acquirat
3331 1818 3427 1864 aut
3457 1811 3670 1880 perdat,

2105 1895 2446 1966 amplexetur
2477 1905 2572 1952 aut
2616 1897 2685 1952 ab
2729 1898 3072 1968 amplexibus
3109 1899 3348 1964 recedat,
3392 1900 3479 1955 vel
3517 1901 3674 1956 deni-

2102 2001 2209 2056 que
2237 1987 2384 2042 aliud
2425 1988 2553 2058 quid
2595 1997 2722 2058 agat
2753 2003 3112 2059 corum-quae
3152 1991 3259 2045 huc
3313 2005 3489 2060 usque
3524 1991 3672 2048 dicta

2093 2084 2248 2140 sunt,
2280 2076 2414 2146 quin
2441 2085 2496 2132 et
2520 2077 2716 2134 silendi
2753 2093 2920 2149 quam
2970 2077 3207 2134 voluerit
3253 2077 3434 2148 legem
3470 2089 3668 2144 servet,
3717 2119 3751 2146 ,ι

2089 2174 2145 2220 et
2171 2165 2312 2222 idem
2340 2179 2534 2222 rursus
2557 2181 2624 2220 ex
2653 2165 3061 2236 opportunitate
3093 2165 3374 2237 loquatur.
3399 2163 3670 2220 Nimirum

2093 2257 2142 2316 si
2188 2257 2326 2312 nihil
2363 2256 2482 2313 sine
2522 2257 2738 2313 silentio
2777 2267 2832 2312 et
2869 2256 3082 2329 loquela
3127 2255 3333 2312 factum
3379 2257 3668 2323 novimus,

2097 2347 2223 2416 quis
2247 2347 2350 2402 hoc
2387 2347 2491 2402 sibi
2523 2349 2748 2410 tribuat,
2780 2356 2842 2402 ut
2863 2347 3090 2403 omnino
3131 2347 3338 2417 aliquid
3367 2363 3434 2402 ex
3462 2348 3530 2403 iis
3549 2363 3673 2418 quae

2092 2436 2385 2506 conjuncta
2425 2438 2829 2504 recensuimus,
2861 2447 3124 2507 praestare
3154 2438 3262 2493 alia
3295 2438 3508 2494 ratione
3535 2453 3668 2509 pos-

2091 2527 2166 2584 sit
2195 2527 2218 2580 ?
2248 2527 2304 2582 ld
2331 2543 2463 2583 vero
2497 2527 2541 2581 si
2579 2529 2653 2582 ita
2683 2539 2789 2593 est,
2835 2529 3114 2600 quomodo
3151 2545 3310 2584 suam
3357 2529 3578 2584 silentio
3615 2537 3672 2584 et

2095 2617 2334 2687 loquelae
2365 2618 2842 2689 tctnpestivitatem
2867 2619 3088 2689 sapiens
3127 2618 3486 2676 Ecclesiastes
3515 2620 3673 2674 attri-

2093 2710 2242 2766 buit?
2271 2726 2503 2780 cumque
2534 2711 2762 2767 nihilex
2795 2711 2864 2767 iis
2908 2726 3031 2782 quae
3063 2710 3153 2766 ille
3181 2710 3669 2776 commemoravit,

421 2813 728 2880 ἰδιαζόντως
772 2816 926 2888 φησὶ,
958 2832 979 2868 ι
1019 2813 1226 2884 Καιρὸς
1254 2811 1350 2864 τοῦ
1379 2813 1539 2883 σιγᾷν
1565 2813 1661 2866 καὶ⁸
1685 2809 1876 2884 καιρὸς
1893 2809 1985 2864 τοῦ

2093 2801 2213 2858 sine
2257 2801 2476 2858 silentio
2510 2811 2564 2856 et
2601 2802 2817 2873 loquela
2853 2801 2970 2857 fieri
3005 2803 3119 2857 ullo
3159 2803 3321 2858 modo
3348 2802 3541 2872 possit,
3569 2816 3672 2857 cur

416 2903 598 2956 λαλεῖν
615 2921 632 2971 ;
673 2922 694 2956 s

493 3073 634 3127 Ἀλλ’
666 3072 781 3144 ἔχει
808 3072 966 3126 λύσιν
994 3073 1028 3143 ή
1056 3071 1260 3142 ἀπορία
1284 3071 1546 3140 τοιαύτην
1573 3087 1587 3100 ο
1607 3071 1722 3135 ,ὅτι
1753 3069 1988 3124 ἕκαστον

415 3165 515 3237 μὲν
542 3165 652 3219 τῶν
682 3163 1134 3236 προλελεγμένων
1161 3162 1457 3232 συζυγῶν,
1491 3163 1540 3215 εί
1571 3163 1665 3218 καὶ
1685 3167 1760 3233 μὴ
1773 3163 1987 3228 πέφυκε

410 3258 582 3328 χωρὶς
619 3257 714 3311 τοῦ
746 3257 904 3328 σιγᾷν
933 3255 1086 3328 ἢτοῦ
1119 3253 1321 3320 λαλεῖν,
1347 3253 1462 3308 ἀλλ’
1495 3255 1554 3320 ἐξ
1599 3255 1801 3324 ἐτέρων
1855 3253 1989 3306 ὐπο-

407 3347 678 3416 κειμένων
706 3345 1050 3417 πραγμάτων
1073 3343 1350 3416 λαμϐάνον
1379 3345 1474 3398 καὶ
1493 3345 1590 3405 τὰς
1617 3343 1812 3414 ἀρχάς,
1845 3341 1988 3395 οὕτω

406 3437 621 3492 δίδωσιν
650 3435 870 3505 εὔλογον
909 3436 1185 3506 πρόφασιν
1215 3436 1294 3506 τῷ
1346 3434 1618 3506 ἀνθρώπῳ
1677 3433 1772 3488 τοῦ
1827 3435 1986 3504 σιγᾷν

407 3527 441 3598 ἢ
470 3528 564 3581 τοῦ
595 3527 778 3581 λαλεῖν
798 3542 812 3556 ⁸
847 3529 941 3580 καὶ
967 3529 1290 3597 προηγεῖται
1323 3525 1422 3594 μὲν
1451 3527 1486 3594 ἡ
1519 3523 1657 3592 πρὸς
1680 3524 1744 3575 τὸ
1773 3523 1988 3576 ὑποκει-

412 3627 572 3685 μένον
608 3613 839 3682 πρᾶγμα
868 3611 1052 3681 κρίσις
1080 3612 1178 3680 τῆς
1227 3611 1622 3682 προαιρέσεως,
1680 3610 1872 3664 ἕπεται
1927 3611 1986 3664 δὲ

407 3700 546 3770 πρὸς
592 3699 692 3770 τὴν
723 3703 782 3753 ἑν
819 3698 896 3769 τῷ
930 3701 1216 3771 πράγματι
1263 3699 1518 3770 βούλησιν
1545 3699 1608 3755 τὸ
1641 3701 1799 3770 σιγᾷν
1843 3699 1879 3769 ἢ
1924 3698 1986 3752 τὸ

421 3787 625 3841 λαλεῖψ
665 3783 799 3856 οἷον,
827 3788 1017 3859 καιρός
1045 3791 1162 3842 ἐστι
1191 3788 1283 3842 τοῦ
1311 3786 1543 3858 ζητῆσαι
1562 3803 1578 3819 ·
1613 3786 1790 3846 λαλῶν
1811 3791 1986 3840 ποιεῖ-

407 3897 497 3936 ται
524 3880 618 3936 τοῦ
655 3871 1019 3952 προκειμένου
1044 3881 1141 3952 τὴν
1183 3881 1412 3950 ζήτησιν
1442 3895 1458 3910 ⁶
1507 3883 1705 3951 καιρός
1729 3881 1844 3934 ἐστι
1887 3880 1980 3934 τοῦ

386 3971 699 4026 .ἀπολέσαιο
731 3971 902 4041 σιγῶν
947 3971 1044 4045 καὶ
1077 3970 1452 4042 παρωιωπῶν
1481 3973 1720 4024 ποιεῖται
1743 3970 1834 4026 διὰ
1883 3972 1982 4042 τῆς

406 4063 806 4134 παραόλέψεως
845 4063 938 4118 καὶ
978 4064 1458 4133 παρασιωπήσεως
1524 4061 1619 4114 τοῦ
1655 4063 1981 4134 πράγματος

2093 2899 2276 2946 tamen
2314 2891 2404 2946 hic
2435 2891 2714 2962 sigillatim
2773 2893 3142 2962 pronuntiat:
3182 2911 3202 2946 t
3251 2891 3671 2964 Tempestivitas

2089 2983 2304 3052 tacendi
2331 2992 2386 3038 et
2415 2983 2814 3054 tempestivitas
2847 2984 3144 3054 loquendi?
3179 3003 3198 3039 ι

2161 3071 2326 3142 Atqui
2347 3073 2750 3128 dubitationem
2779 3075 2942 3128 istam
2976 3073 3158 3136 tollas,
3189 3073 3234 3130 si
3267 3070 3670 3130 animadverte-

2089 3162 2190 3230 ris,
2231 3163 2446 3232 singula
2492 3163 2579 3217 illa
2609 3166 2781 3234 paria,
2805 3179 2926 3235 qua:
2965 3164 3220 3234 superius
3241 3163 3666 3230 enuntiavimus,

2087 3252 2192 3306 etsi
2225 3251 2328 3306 huc
2373 3263 2566 3308 natura
2616 3255 2928 3323 requirunt,
2973 3263 3032 3308 ut
3064 3253 3296 3308 omnino
3327 3252 3544 3307 silentio
3575 3260 3671 3306 aut

2085 3340 2303 3410 loquela
2333 3342 2442 3412 82
2468 3342 2602 3398 ﬁant
2621 3384 2637 3411 ,
2665 3344 2745 3400 sic
2763 3353 2947 3400 tamen
2978 3342 3186 3398 homini
3220 3341 3424 3412 justam
3458 3340 3669 3396 tacendi

2088 3441 2186 3484 aut
2217 3430 2473 3500 loquendi
2499 3434 2844 3487 occasionem
2870 3433 3020 3500 dare,
3048 3441 3110 3488 ut
3139 3431 3253 3503 ipsa
3279 3431 3383 3487 hoc
3411 3437 3506 3485 aut
3535 3421 3671 3485 illud

2087 3521 2372 3576 exordium
2425 3523 2550 3578 aliis
2595 3539 2660 3577 ex
2702 3523 2870 3578 rebus
2906 3525 3148 3594 capiant,
3199 3538 3338 3593 quas
3391 3519 3669 3592 subiectas

2087 3610 2292 3664 habent
2325 3627 2339 3663 :
2377 3619 2488 3663 tum
2526 3609 2799 3680 judicium
2852 3613 3070 3682 quidem
3121 3612 3270 3666 circa
3313 3625 3430 3664 rem
3483 3609 3670 3679 subje-

2088 3709 2229 3754 ctam
2259 3700 2580 3754 antecedere
2623 3701 2928 3768 voluntati;
2969 3701 3145 3771 ipsum
3185 3710 3368 3754 autem
3404 3708 3584 3754 tacere
3613 3707 3669 3752 et

2088 3791 2239 3861 loqui
2271 3801 2384 3846 tum
2416 3793 2704 3862 consequi,
2731 3807 2856 3846 cum
2883 3793 2996 3860 jam
3028 3789 3284 3844 voluntas
3313 3789 3366 3843 in
3389 3803 3450 3842 re
3477 3787 3666 3857 subje-

2087 3891 2171 3938 cta
2233 3891 2534 3938 versatur:
2577 3891 2636 3936 ut
2683 3883 2728 3936 si
2765 3881 3269 3952 tempestivitas.sit
3311 3879 3666 3950 acquirendi,

2085 3973 2316 4042 loquens
2360 3971 2439 4027 rei
2489 3972 2754 4042 subjectae
2803 3971 3228 4042 inquisitionem
3287 3969 3575 4026 instituit:
3616 3971 3666 4027 si

2085 4063 2478 4131 tempestivitas
2507 4063 2576 4118 sit
2604 4061 2890 4132 perdendi,
2925 4062 3146 4117 silentio
3185 4072 3374 4118 tacens
3402 4078 3502 4134 per
3528 4077 3668 4118 con-

407 4155 504 4226 τὴν
562 4153 872 4226 ἀπώλειαν.
915 4155 1150 4224 Ὁμοίως
1178 4153 1234 4206 δὲ
1267 4153 1362 4207 καὶ
1393 4153 1478 4222 ἐφ’
1509 4155 1724 4224 ἑκάστῳ
1747 4154 1857 4207 τῶν
1881 4155 1979 4208 ἄλ-

2089 4153 2380 4207 niventiam
2405 4168 2471 4208 ac
2492 4145 2834 4208 reticentiam
2863 4153 2940 4208 rei
2961 4152 3316 4208 amissionem
3345 4153 3499 4208 facit.
3533 4151 3662 4208 Pari

405 4243 510 4299 λων
547 4245 878 4318 φιλοκρινεῖν
909 4263 994 4310 τις
1033 4246 1108 4320 τά.
1131 4243 1357 4298 τοιαῦτα
1406 4244 1753 4314 βουλόμενος,
1811 4246 1978 4316 εὑρή-

405 4352 490 4391 σει
516 4339 617 4407 τὴν
650 4337 774 4408 ῑσην
811 4338 905 4392 καὶ
935 4337 1036 4408 τὴν
1064 4335 1239 4405 αὐτὴν
1260 4335 1536 4390 ἀπόδοσιν.
1583 4335 1848 4390 Ἐνταῦθα
1900 4335 1978 4403 δὲ,

403 4427 572 4501 χωρὶς
604 4426 766 4482 ἄλλου
796 4429 942 4492 τινὸς
977 4426 1447 4499 προῦποκειμένου
1507 4426 1832 4496 πράγματος
1888 4425 1981 4480 τοῦ

403 4516 914 4586 καταναγκάζοντος
941 4519 1102 4590 σιγᾷν
1130 4517 1164 4590 ἢ
1204 4517 1407 4579 λαλεῖν,
1438 4516 1570 4570 ῖδιον
1603 4515 1718 4587 ἔχει
1763 4516 1974 4588 καιρόν.

406 4609 518 4662 Καὶ
543 4607 692 4662 δοκεῖ
731 4607 892 4661 τοῦτό
927 4625 1044 4672 πως
1082 4602 1222 4662 εἶναι
1267 4607 1705 4663 καθολικώτατον
1763 4608 1980 4664 πάντων

407 4699 516 4754 τῶν
546 4701 604 4754 ὲν
637 4698 714 4764 τῷ
759 4699 861 4772 βίῳ
893 4699 1256 4770 πραγμάτων.
1319 4700 1656 4771 Ἐνεργεῖται
1717 4699 1816 4769 μὲν
1871 4699 1980 4772 γὰρ

417 4791 510 4846 καὶ
539 4791 630 4844 ἐπὶ
663 4790 864 4855 πάσαις
893 4793 1015 4856 ταῖς
1066 4790 1497 4864 προειρημέναις
1545 4791 1851 4859 συζυγίαις,
1902 4791 1980 4854 ὼς

379 4881 652 4954 τιφθημεν
685 4883 1084 4948 εῖπόντεςηοῖς
1117 4881 1242 4936 νοῦν
1271 4881 1487 4952 ἔχουσιν
1520 4881 1854 4955 ἐρρωμένον,
1883 4883 1979 4938 καὶ

406 4973 473 5028 τά
501 4974 784 5047 φωνητικὰ
801 4975 904 5048 τῆς
918 4973 1204 5040 διαλέξεως
1222 4974 1430 5046 ὄργανα
1449 4975 1684 5046 πάμπαν
1698 4973 1975 5044 άλώὅηταο

411 5067 898 5138 παραλαμϐάνεται
923 5067 984 5121 δὲ
1011 5067 1107 5121 καὶ
1135 5068 1230 5120 ἐπὶ
1265 5067 1436 5120 πᾶσιν
1467 5065 1645 5130 ἄλλοις
1675 5067 1768 5121 καὶ
1819 5083 1982 5121 πνευ-

412 5162 660 5228 ματικοῖς
676 5161 768 5214 καὶ
791 5161 1146 5230 σωματικοῖς,
1177 5157 1274 5213 καὶ
1293 5157 1460 5223 θείοις
1484 5157 1580 5212 καὶ
1596 5157 1975 5230 ἀνθρωπίνοις.

407 5249 646 5321 Πάρεστι
683 5251 779 5311 τοῦ
829 5239 1160 5320 καθευδῆσαι
1213 5249 1450 5322 καιρός;
1499 5249 1780 5304 ἀκολουθεῖ
1829 5269 1980 5322 τηνι-

408 5342 578 5396 καῦτα
603 5343 667 5395 τδ
695 5343 856 5413 σιγᾷν
875 5341 1112 5404 πάντως.
1140 5340 1466 5412 Ἐξανέστης
1489 5341 1583 5396 τοῦ
1608 5339 1776 5396 ῦπνου
1811 5359 1826 5407 ;
1857 5342 1977 5396 τότε

405 5432 596 5504 καιρός
621 5435 737 5487 ἔστι
765 5433 860 5488 τοῦ
891 5433 1092 5488 λαλεῖν.
1117 5432 1534 5506 Προσελήλυθας
1555 5433 1614 5488 ιν
1647 5434 1978 5507 προσήκοντι

473 5587 520 5619 ⁸⁸
552 5585 716 5642 Rom.
752 5602 850 5651 xit.
880 5588 932 5642 8.

2086 4251 2269 4298 autem
2299 4243 2464 4299 modo
2501 4243 2556 4298 in
2590 4244 2828 4298 aliorum
2867 4243 3120 4316 singulis,
3156 4243 3204 4301 si
3236 4237 3372 4313 quis
3398 4243 3527 4300 talla
3550 4246 3664 4308 fex-

2083 4335 2321 4405 pendere
2368 4334 2626 4398 voluerit,
2685 4335 2922 4390 similem
2958 4335 3316 4406 eamdemque
3365 4333 3662 4390 convenire

2083 4429 2524 4498 explanationem
2562 4430 2889 4501 comperiet.
2923 4429 3025 4487 Hic
3065 4445 3217 4498 vero,
3255 4429 3385 4500 quin
3415 4428 3524 4484 alia
3567 4442 3660 4484 res

2083 4519 2193 4575 ulla
2231 4519 2480 4589 subjecta
2521 4519 2619 4586 sit,
2645 4537 2768 4592 qua;
2797 4521 3186 4579 necessitatem
3221 4518 3417 4576 aderat
3441 4517 3656 4575 tacendi

2082 4619 2179 4667 aut
2215 4610 2501 4682 loquendi,
2530 4613 2752 4682 propria
2779 4613 2999 4684 utrique
3019 4613 3108 4685 rel.
3131 4609 3533 4682 tempestivitas
3569 4622 3660 4665 as-

2086 4703 2354 4774 signatur.
2374 4701 2556 4772 Atque
2577 4704 2692 4760 haec
2717 4704 2828 4760 duo
2850 4706 2902 4760 in
2935 4704 3220 4760 hominum
3243 4703 3350 4757 vita
3375 4698 3508 4755 illud
3533 4713 3659 4754 esse

2081 4796 2488 4866 quodammodo
2544 4795 2820 4864 videntur,
2885 4795 3034 4868 quod
3081 4810 3150 4852 ex
3207 4793 3465 4849 omnibus
3493 4791 3661 4846 rebus

2081 4887 2330 4942 maxime
2365 4894 2568 4958 pateat.
2617 4885 2753 4944 Cum
2785 4888 2930 4943 enim
2969 4887 3024 4942 in
3073 4886 3302 4958 paribus
3333 4883 3444 4940 illis
3474 4883 3657 4939 omnl-

2087 4979 2191 5036 bus
2234 4995 2357 5050 qua:
2379 4988 2538 5036 antea
2558 4981 2956 5046 recensuimus,
2981 4977 3250 5049 siquidem
3269 4985 3324 5034 et
3343 4991 3476 5032 sana
3501 4990 3660 5031 mens

2081 5071 2174 5138 sit,
2202 5078 2258 5126 et
2278 5071 2538 5142 loquendi
2571 5070 2804 5127 facultas
2825 5071 3068 5142 innoxia,
3101 5069 3400 5140 plurimum
3432 5066 3656 5132 valent;

2080 5171 2195 5218 tum
2229 5173 2282 5216 et
2301 5163 2482 5220 locum
2498 5163 2585 5219 his
2603 5177 2726 5220 esse
2745 5163 2957 5218 caeteris
2995 5161 3050 5216 in
3074 5161 3238 5218 rebus
3265 5165 3509 5232 apparet,
3543 5159 3660 5214 sive

2081 5256 2421 5328 spiritalibus
2450 5257 2567 5314 sive
2591 5253 2892 5326 corporeis,
2923 5253 3038 5310 sive
3077 5251 3282 5307 divinis
3321 5251 3435 5307 sive
3465 5249 3660 5337 huma-

2082 5347 2191 5402 nis.
2230 5346 2396 5418 Finge
2432 5347 2742 5404 dormiendi
2791 5347 2982 5402 horam
3024 5345 3216 5401 adesse
3252 5343 3403 5412 :jam
3462 5336 3660 5395 et’tibi’

2083 5437 2301 5508 penitus
2333 5439 2622 5495 tacendum
2661 5448 2763 5496 est.
2795 5438 2862 5494 At
2914 5436 2960 5493 si
3002 5449 3196 5493 sontuo
3243 5430 3659 5502 expergefactus
