4076 6284
457 329 564 394 ΐῦτ

1589 334 1651 394 S-
1668 333 2066 432 ’GREGORII
2101 333 2612 397 AGRIGENTINI

3599 334 3704 402 868

459 454 656 512 parer
705 439 969 512 sapientis
1009 441 1354 500 Ecclesiaste
1379 484 1396 512 ,
1445 443 1790 501 admonentis
1807 445 2038 524 _seilieet

2145 444 2365 502 σιαστοῦ
2398 446 2497 517 τὴν
2527 443 2696 515 σοφὴν
2725 441 3062 514 παραίνεσιν,
3093 440 3336 512 δηλονότι
3385 441 3486 514 τὴν
3513 442 3710 511 λέγουο

461 532 937 604 tempestivitatem
959 547 1083 590 esse
1103 535 1347 602 amandi,
1370 548 1425 591 et
1441 537 1908 607 tempestivitatetu
1918 537 2044 594 odio

455 623 718 702 habendi.
743 624 800 679 In
839 640 948 680 uno
994 625 1138 680 enim
1163 626 1466 698 eodemque
1492 627 1730 691 homine,
1757 631 1850 700 qui
1877 630 2034 685 bonis

459 712 753 778 adha-reat,
781 723 836 770 et
874 716 1154 770 veritatem
1187 716 1566 788 iustitiamque
1591 719 1737 774 colat
1761 759 1776 783 ,
1808 735 1872 774 ac
1906 735 2032 772 rur-

461 819 584 861 sum
625 805 876 862 inversus
906 808 1300 878 traductusque
1324 809 1398 864 sit
1427 811 1492 864 ad
1515 809 1794 878 Oppositas
1818 811 2032 880 opinio-

465 914 562 954 nes
587 909 750 970 atque
782 900 1077 955 sententias
1101 940 1117 966 ,
1149 901 1369 972 propria
1407 909 1464 957 et
1513 903 1770 958 distincta
1816 905 2031 958 amandi

461 998 625 1058 atque
679 989 806 1044 odio
863 978 1094 1046 habendi
1147 993 1355 1048 eminet
1399 995 1814 1064 tempestivitas.
1871 995 2035 1048 Addit

463 1081 657 1136 deinde
688 1097 702 1134 :

2140 551 2262 598 σαν,
2352 535 2559 606 Καιρδς
2585 533 2680 587 τοῦ
2712 532 2959 602 φιλῆσαι,
2990 532 3085 586 καὶ
3117 530 3306 602 καιρὸς
3324 529 3423 604 τοῦ
3454 531 3706 603 μισῆσαι.

2141 627 2285 697 Πρὸς
2310 627 2420 698 γὰρ
2449 625 2540 681 τὸν
2565 625 2663 679 ἕνα
2691 625 2787 678 καὶ
2817 623 2909 678 τὸν
2935 621 3097 678 αὑτὸν
3148 621 3436 691 ἱστάμενον
3481 623 3542 674 ὲν
3597 623 3710 686 τοῖς

2145 719 2374 788 ἀγαθοῖς
2415 719 2510 771 καὶ
2533 715 2837 788 φρονοῦντα
2885 715 2955 769 τὰ
3001 715 3100 785 τῆς
3162 713 3420 784 ἀληθείας
3453 712 3550 766 καὶ
3606 710 3710 780 τῆς

2140 807 2512 879 δικαιοσύνης,
2550 809 2644 861 καὶ
2672 805 2836 861 πάλιν
2875 804 3238 858 ἀλλοιωθέντα
3295 803 3389 856 καὶ
3438 801 3708 872 μεταϐληο

2151 899 2314 954 θέντα
2341 901 2478 970 πρὸς
2522 900 2622 963 τὰς
2649 897 3029 968 ἀντικειμένας
3061 894 3363 966 ὑπολήψεις
3408 895 3499 946 καὶ
3528 893 3705 956 δόξας,

2141 989 2282 1059 ἔχεις
2313 988 2520 1044 καὶτοῦ
2553 989 2726 1058 φιλεῖν
2755 988 2848 1041 καὶ
2877 985 2972 1039 τοῦ
3027 986 3206 1056 μισεῖν
3255 982 3580 1056 διῃρημένον
3614 979 3710 1032 καὶ

2141 1081 2451 1152 πρόσφορον
2485 1081 2574 1134 τὸν
2599 1079 2810 1151 καιρόν.
2844 1073 2980 1132 Εἷτά
3009 1091 3193 1148 φησιν·

2008 1192 2036 1262 5
2061 1191 2197 1247 xm.

538 1315 934 1384 Tempestivilas
970 1312 1114 1378 belli,
1150 1313 1523 1383 tempestivitas
1553 1313 1698 1382 pacis
1737 1311 1872 1382 (£9).

535 1407 650 1461 Hoc
673 1418 894 1475 quoque
923 1403 1244 1459 sententiam
1265 1403 1430 1457 habet
1461 1402 1729 1455 eamdem.
1758 1399 2036 1456 Obluctari

460 1500 608 1552 enim
645 1512 766 1561 nos,
807 1497 1121 1566 bellumque
1145 1509 1332 1564 gerere
1365 1510 1488 1550 cutn
1519 1494 1848 1550 adversariis
1877 1505 2038 1566 atque

467 1589 717 1644 hostibus
747 1588 966 1666 pietatis
986 1602 1085 1657 par
1114 1585 1296 1642 fuerit.
1325 1588 1392 1640 At
1423 1587 1514 1640 ubi
1545 1586 1884 1657 resipiscere,
1908 1587 2039 1657 piis-

2213 1306 2432 1374 Καιρὸς
2465 1303 2754 1370 πολέμου,
2797 1303 3004 1374 καιρὸς
3039 1303 3304 1372 εἰρήνης.

2211 1395 2323 1448 Καὶ
2357 1395 2512 1449 τοῦτο
2541 1395 2642 1463 τῆς
2681 1395 2850 1464 αὐτῆς
2903 1393 3087 1464 ἔχεται
3143 1393 3418 1453 διανοίας·
3473 1393 3713 1458 ἁνταγω·

2142 1485 2390 1551 νίζεσθαι
2417 1486 2522 1555 γὰρ
2558 1485 2801 1556 προσῆκε
2839 1485 2931 1539 καὶ
2959 1485 3216 1552 πολεμεῖν
3253 1486 3365 1546 τοῖς
3393 1481 3710 1546 ἀντιπάλοις

2141 1579 2238 1634 καὶ
2268 1577 2546 1648 πολεμίοις
2590 1579 2688 1648 τῆς
2720 1577 3019 1638 εὐσεϐείας.
3048 1571 3176 1629 Ἐὰν
3207 1575 3264 1629 δὲ
3307 1577 3577 1645 συνήσωσι
3617 1575 3710 1629 καὶ

466 1694 576 1748 qne
607 1677 953 1734 sermonibus
983 1692 1144 1732 aures
1203 1675 1445 1746 praebere
1497 1677 1780 1744 eruperint,
1821 1675 2037 1747 iamque

2147 1667 2557 1741 παραδέξωνται
2585 1669 2686 1736 τῆς
2714 1667 3002 1730 εὐσεϐείας
3040 1667 3130 1720 τὸν
3155 1667 3335 1735 λόγον,
3367 1667 3461 1720 καὶ
3487 1666 3588 1736 τῆς
3634 1669 3710 1720 εί·

475 1769 836 1839 prolessiouis
858 1775 1062 1822 nostrae
1083 1767 1343 1837 praeclara
1371 1774 1498 1822 nota
1521 1766 1782 1836 insignes,
1810 1767 1861 1822 in
1908 1782 2036 1822 vera

466 1861 714 1916 doctrina
740 1869 793 1914 et
831 1857 924 1914 Dei
966 1858 1208 1928 supremi
1257 1857 1404 1911 cultu
1449 1857 1734 1912 nobiscum
1764 1858 2036 1925 sentiant;

471 1961 586 2006 tum
623 1965 812 2020 pacem
846 1962 992 2006 recte
1030 1965 1152 2004 eum
1183 1949 1268 2004 his
1295 1957 1350 2002 et
1373 1948 1718 2003 concordiam
1754 1947 2022 2004 ineamus.

468 2041 610 2098 Ecce
636 2057 766 2096 vero
800 2042 888 2096 hic
912 2041 1075 2096 etiam
1110 2039 1506 2108 tempestivitas
1549 2038 1700 2108 pacis
1739 2048 1792 2092 et
1833 2048 2038 2107 tempe-

472 2131 689 2188 stivitas
712 2129 1034 2200 belli,.pacis
1061 2129 1274 2184 scilicet
1294 2143 1358 2184 ac
1382 2127 1508 2183 belli
1535 2143 1661 2197 erga
1694 2143 1857 2182 unam
1888 2144 2038 2182 eam-

469 2224 704 2291 demque
735 2235 1048 2292 personam.
1081 2218 1266 2274 lnnata
1311 2219 1508 2289 quippe
1545 2219 1828 2288 prudentia
1863 2229 1916 2274 et
1951 2221 2035 2274 di-

467 2313 724 2366 vinarum
765 2311 941 2380 legum
988 2309 1310 2378 praescripta
1351 2323 1417 2376 ac
1444 2307 1616 2361 multo
1666 2308 1837 2376 magis
1865 2308 2038 2377 gratia

467 2403 582 2464 illa,
613 2417 775 2470 quam
817 2401 1082 2472 singulari
1110 2400 1200 2456 Dei
1229 2399 1565 2468 benignitate
1610 2399 1646 2452 ii
1680 2400 1972 2469 accipiunt,
2007 2415 2040 2454 a

392 2535 398 2541 .
469 2495 674 2564 quibus
713 2512 734 2546 ι
772 2494 1026 2549 voluntas
1051 2492 1143 2548 Dei
1175 2493 1313 2548 bona
1347 2503 1401 2547 et
1423 2493 1560 2546 bene
1591 2491 1811 2562 plarens
1837 2502 1888 2546 et
1913 2508 2038 2561 per-

467 2583 612 2642 fecta
638 2585 686 2618 ³⁸
731 2604 751 2638 ι
807 2584 1129 2654 inquiritur,
1181 2591 1486 2651 opportune
1516 2596 1730 2649 semper
1768 2596 1868 2636 nos
1907 2583 2040 2636 edo-

464 2689 612 2740 cent.
635 2675 826 2746 quales
853 2675 1111 2731 exhibere
1145 2688 1244 2726 nos
1261 2672 1576 2734 debeamus,
1605 2681 1658 2726 et
1697 2689 1800 2741 qua
1833 2673 2042 2728 ratione

467 2767 702 2822 meliora
743 2780 771 2820 a
803 2763 1090 2836 peioribus
1116 2758 1487 2826 secer-nentes,
1520 2761 1779 2816 salutaria
1823 2762 2037 2834 Deoque

465 2867 693 2926 accepta
731 2865 1060 2926 praeoptare,
1110 2853 1438 2922 contemptis
1471 2852 1558 2918 iis,
1613 2867 1736 2921 quae
1771 2865 2034 2922 quantum

467 2962 498 3002 ι
535 2945 646 3002 Deo
675 2953 949 3011 avertunt,
981 2952 1189 2999 tantum
1219 2943 1332 3013 86
1363 2943 1430 2996 ad
1467 2940 1758 3011 perniciem
1797 2943 2039 3013 compel-

464 3038 606 3092 lunt.
640 3035 803 3092 Addit
839 3034 1075 3091 subinde
1099 3031 1458 3088 Ecclesiastes
1495 3050 1508 3086 :

2143 1757 2416 1828 λικρινοῦς
2456 1757 2612 1829 ἡμῶν
2644 1758 2880 1822 πίστεως
2918 1757 3398 1829 μεταμορφωθῶσι
3447 1761 3565 1822 τοῖς
3613 1773 3710 1827 χα-

2141 1853 2313 1923 ρακτῆ
2325 1868 2432 1920 ρσι,
2465 1851 2560 1906 καὶ
2589 1851 3030 1920 συμφωνήσωσιν
3059 1851 3192 1920 ἡμῖν
3215 1851 3298 1912 είς
3344 1848 3443 1911 τὰς
3492 1847 3712 1920 ἀληθεῖς

2139 1941 2437 2012 ὑπολήψεις
2468 1941 2564 2004 τὰς
2596 1941 2732 2012 πρὸς
2780 1940 2872 1994 τὸν
2915 1941 3009 1993 ἐπὶ
3047 1940 3266 1992 πάντων
3326 1939 3499 1992 Θεόνο
3556 1956 3708 2008 τηνιο

2138 2037 2316 2092 καῦτα
2341 2037 2434 2092 καὶ
2455 2035 2552 2108 τὴν
2583 2038 2804 2108 εἰρήνην
2833 2035 3210 2106 ἀσπασώμεθα
3239 2036 3334 2088 καὶ
3353 2036 3453 2106 τὴν
3483 2035 3709 2104 ἀγάπην

2140 2127 2238 2199 τὴν
2296 2129 2428 2199 προς
2487 2128 2704 2191 αὐτούς.
2747 2128 2880 2180 Ἰδοὺ
2921 2127 3200 2181 κάνταῦθα
3247 2129 3440 2198 καιρὸς
3484 2127 3711 2198 εἰρήνης

2152 2221 2246 2274 καὶ
2273 2219 2463 2290 καιρὸς
2491 2219 2752 2288 πολέμου.
2797 2219 3036 2290 δηλονότι
3065 2219 3160 2272 καὶ
3214 2219 3312 2288 τῆς
3345 2219 3569 2290 εἰρήνης
3619 2217 3712 2271 καὶ

2139 2312 2232 2366 τοῦ
2274 2312 2511 2383 πολέμου
2541 2311 2676 2382 πρὸς
2701 2312 2762 2365 τὸ
2793 2313 2925 2364 αὐτὸ
2956 2311 3048 2364 καὶ
3073 2311 3131 2364 ἓν
3157 2311 3516 2379 ὑποκείμενον
3543 2310 3714 2380 πρόσ-
3787 2335 3799 2344 -

2139 2418 2312 2456 ωπον.
2380 2401 2446 2453 Ἦ
2471 2401 2579 2470 γὰρ
2611 2400 2852 2471 ἔμφυτος
2885 2401 3147 2472 φρόνησις
3175 2403 3273 2454 καὶ
3305 2401 3411 2453 τῶν
3437 2400 3599 2454 θείων
3627 2399 3716 2453 νό-

2144 2510 2258 2562 μων
2309 2494 2365 2544 αί
2390 2491 2684 2568 ὑποθῆκαι,
2713 2493 2808 2546 καὶ
2835 2492 3014 2563 πολλῷ
3039 2492 3096 2546 δὲ
3124 2492 3323 2562 μᾶλλον
3358 2494 3390 2562 ἡ
3433 2495 3582 2562 παρᾶ
3613 2493 3715 2560 τῆς

2141 2583 2486 2652 θεοπρεποῦς
2547 2584 2880 2654 ἀγαθότητος
2934 2584 3192 2654 δεδομένη
3229 2577 3389 2654 χάρις
3440 2585 3553 2646 τοῖς
3607 2584 3716 2637 ἀπὸ

2142 2674 2368 2746 καρδίας
2398 2676 2686 2746 ὲκζητοῦσι
2719 2694 2736 2726 ι
2773 2676 2833 2730 τὸ
2863 2675 3076 2746 θέλημα
3109 2664 3204 2728 τοῦ
3233 2675 3368 2728 Θεοῦ
3416 2675 3476 2728 τὸ
3508 2675 3713 2742 ἀγαθὸν

2143 2767 2236 2819 καὶ
2291 2767 2582 2839 εὐάρεστον
2637 2768 2731 2820 καὶ
2792 2769 3018 2830 τέλειον,
3057 2787 3075 2818 ι
3115 2767 3526 2821 ἐκδιδάσκουσιν
3565 2769 3714 2839 ἡμᾶς

2144 2855 2227 2924 ἐφ’
2255 2857 2470 2926 ἑκάστῳ
2499 2857 2676 2928 καιρῷ
2701 2856 2886 2922 ποίαις
2925 2857 3212 2926 ὀφείλομεν
3240 2857 3544 2928 κεχρῆσθαι
3572 2874 3715 2926 γνω-

2147 2951 2335 3016 μικαῖς
2367 2947 2636 3002 διαθέσεσι
2681 2952 2801 3012 ταῖς
2857 2949 3294 3012 διαστελλούσαις
3355 2950 3414 3004 τὸ
3469 2953 3716 3021 κρεῖττον

2067 3018 2114 3079 C
2144 3037 2252 3089 ἀπὸ
2281 3036 2375 3090 τοῦ
2417 3039 2677 3108 χείρονος,
2725 3040 2818 3092 καὶ
2871 3041 2930 3093 τὸ
2977 3041 3244 3094 σωστικδν
3297 3043 3392 3094 καὶ
3451 3018 3711 3110 πρόξενον

463 3133 566 3204 τῆς
592 3131 733 3204 πρὸς
761 3129 894 3184 Θεδν
939 3127 1278 3200 οἰκειότητος
1305 3126 1416 3182 ἀπὸ
1444 3125 1538 3180 τοῦ
1587 3127 1956 3202 μακρύνοντος
1982 3129 2048 3184 ὲκ
2083 3131 2243 3196 Θεοῦ,
2292 3135 2384 3186 καὶ
2421 3134 2558 3204 πρὸς
2621 3136 2898 3189 ἀπώλειαν
2963 3134 3350 3200 συνωθοῦντος.
3389 3129 3524 3189 Εἴτά
3553 3151 3718 3205 φησιν

461 3229 492 3282 ό
535 3225 964 3298 Ἐκκλησιαστὴς
985 3239 1001 3256 ο

536 3407 704 3464 Vitas.
749 3407 784 3462 9
817 3406 912 3462 10.
965 3403 1096 3471 Qui:
1148 3403 1478 3458 abundantia
1507 3415 1584 3460 est
1637 3406 1926 3476 facientis,
1995 3411 2050 3464 in

465 3502 654 3574 quibus
676 3502 783 3570 ipse
803 3499 1008 3554 laborat
1032 3499 1058 3553 ?
1097 3492 1220 3553 Vidi
1236 3513 1440 3552 onmem
1477 3498 1869 3561 distentionem,
1887 3517 2046 3572 quam

462 3594 612 3650 dedit
661 3592 798 3647 Deus
845 3591 976 3662 ﬁliis
1025 3590 1314 3656 hominum,
1365 3597 1425 3642 ut
1472 3591 1846 3645 distendantur
1873 3592 1934 3646 in
1960 3609 2043 3648 ea.

471 3685 732 3742 Universa
758 3701 874 3756 qua
891 3683 1015 3754 fecit
1037 3681 1174 3736 bona
1197 3683 1253 3736 in
1284 3683 1688 3750 tempestivitate
1709 3683 1876 3751 ipsius
1905 3685 2040 3754 (50).

533 3775 654 3831 Erit
693 3772 948 3838 fortasse,
973 3771 1081 3842 qui
1113 3770 1230 3826 haec
1262 3779 1523 3840 reputans
1553 3772 1774 3834 haereat.
1799 3781 1852 3828 et
1891 3789 1922 3829 a
1952 3788 2042 3829 sa-

465 3867 652 3937 piente
689 3863 1025 3920 Ecclesiaste
1054 3861 1239 3918 iterari
1269 3861 1373 3919 hoc
1411 3861 1533 3918 loco
1567 3861 1737 3925 dicat,
1773 3879 1894 3934 quae
1922 3863 2036 3934 jam

469 3956 755 4012 enuntiata
787 3962 936 4010 sunt.
968 3951 1106 4008 Nam
1134 3953 1183 4008 si
1219 3951 1545 4022 huiusmodi.
1565 3952 1742 4008 eﬂ‘atis
1776 3955 2037 4024 superius

459 4063 684 4118 quoque
715 4062 850 4102 usus
891 4053 998 4118 est,
1027 4058 1152 4100 cum
1183 4041 1260 4098 ait
1296 4060 1310 4097 :
1351 4061 1370 4094 ι
1408 4042 1550 4110 Quid
1597 4043 1756 4099 habet
1803 4045 2040 4116 amplius

463 4140 630 4192 homo
677 4136 746 4192 de
795 4136 1058 4192 universo
1106 4133 1294 4190 labore
1343 4149 1468 4198 suo,
1519 4149 1632 4204 quo
1682 4135 1895 4191 laborat
1935 4137 2040 4194 sub

463 4226 579 4283 sole
604 4227 650 4260 "
668 4227 719 4280 τι
755 4235 810 4281 et
837 4241 1051 4282 rursum
1089 4242 1103 4280 :
1137 4243 1156 4277 ι
1190 4223 1462 4290 Quoniam
1492 4222 1876 4280 distentionem
1919 4242 2040 4283 ma-

462 4311 570 4372 lam
601 4316 752 4371 dedit
781 4314 926 4370 Deus
959 4313 1088 4369 ﬁliis
1123 4313 1432 4380 hominum,
1475 4322 1538 4370 ut
1567 4315 1950 4372 distendantur
1984 4318 2039 4372 in

461 4407 589 4462 ea“
613 4425 628 4475 ;
656 4425 676 4458 ι
715 4406 846 4476 quid
881 4404 1028 4460 nunc
1056 4405 1280 4460 demum
1305 4404 1500 4460 eadem
1533 4407 1806 4478 usurpat?
1843 4409 1913 4463 At
1939 4425 2040 4464 nos

458 4499 655 4572 iudicii
685 4498 806 4566 ejus
835 4495 1156 4555 defensione
1185 4507 1463 4568 suscepta,
1499 4498 1746 4555 dicemus
1772 4499 2062 4571 appositeh

2009 3312 2040 3382 ᾗ
2065 3265 2218 3374 Χινξ

2231 3411 2329 3478 Τίς
2360 3413 2670 3481 περίσσεια
2707 3415 2813 3468 τοῦ
2842 3415 3160 3484 ποιοῦντος
3187 3417 3260 3471 ἐν
3285 3415 3374 3484 οἷς
3403 3421 3590 3486 αὐτὸς
3607 3438 3718 3490 μο-

2142 3501 2304 3572 χθεῖ;
2357 3500 2539 3559 Εἶδον
2577 3505 2698 3559 σὺν
2753 3506 2861 3560 τὸν
2900 3509 3344 3578 περισπασμὸν,
3383 3509 3457 3565 ὃν
3496 3511 3718 3567 ἔδωκεν

2144 3595 2177 3647 ὀ
2207 3594 2350 3660 Θεὸς
2389 3593 2542 3660 υἱοῖς
2575 3594 2692 3648 τῶν
2719 3595 3048 3664 ἀνθρώπων
3077 3595 3184 3650 τοῦ
3218 3597 3621 3666 περισπᾶσθαι
3647 3599 3720 3653 ἐν

2142 3681 2322 3748 αὐτῷ.
2345 3683 2668 3752 Σύμπαντα
2689 3683 2728 3738 d
2745 3685 2994 3753 ἐποίησε
3018 3687 3175 3740 καλὰ
3203 3687 3275 3740 ἐν
3308 3687 3488 3756 καιρῷ
3505 3689 3713 3746 αὑτοῦ.

2233 3774 2387 3844 Τάχα
2409 3792 2490 3839 τις
2523 3776 2746 3848 ἀπορῶν
2777 3777 2968 3847 λόγους
2994 3780 3228 3851 οἰηθείη,
3258 3783 3352 3835 καὶ
3379 3759 3566 3853 φήσειε
3597 3799 3724 3837 ταυ-

2160 3863 2404 3934 τολογεῖν
2428 3869 2486 3921 ὲν
2517 3870 2632 3932 τοῖς
2663 3871 2848 3940 ῥητοῖς
2879 3869 3090 3934 τούτοις
3147 3871 3239 3926 τὸν
3274 3873 3436 3940 σοφὸν
3483 3873 3718 3938 Ἐκκλη-

2151 3960 2400 4027 σιαστήν.
2453 3959 2516 4011 El
2549 3960 2659 4030 γὰρ
2686 3963 2800 4024 τοῖς
2837 3962 3076 4030 παροῦσι
3109 3965 3294 4032 ῥητοῖς
3323 3965 3594 4035 ἐχρήσατο
3625 3968 3718 4020 καὶ

2147 4049 2432 4121 πρότερον,
2462 4051 2590 4104 ὅταν
2621 4051 2794 4120 ἔλεγε,
2832 4070 2850 4102 ι
2893 4052 2990 4117 Τίς
3016 4053 3300 4120 περίσσεια
3325 4053 3402 4124 τῷ
3439 4054 3716 4124 ἀνθρώπῳ

2149 4139 2209 4192 ἐν
2257 4141 2421 4195 παντὶ
2454 4141 2638 4212 μόχθῳ
2667 4141 2854 4205 αὐτοῦ,
2892 4135 2937 4208 ᾧ
2985 4142 3176 4212 μοχθεῖ
3236 4142 3341 4196 ὑπὸ
3386 4142 3668 4210 τδνῆλιονς
3695 4159 3712 4190 ι

2143 4231 2240 4284 καὶ
2299 4231 2496 4294 πάλιν,
2535 4251 2555 4283 ‹
2597 4233 2720 4286 Ὅτι
2778 4233 3155 4302 περισπασμὺν
3207 4233 3444 4301 πονηρὸν
3501 4231 3704 4285 ἔδωκεν

2143 4319 2174 4370 ὁ
2203 4319 2336 4382 Θεὸς
2373 4323 2486 4383 τοῖς
2527 4323 2662 4384 υἱοῖς
2704 4319 2810 4373 τῶν
2847 4317 3146 4391 ἀνθρώπιον
3195 4318 3288 4372 τοῦ
3333 4317 3711 4394 περισπᾶσθαι

2146 4412 2203 4462 ἑν
2251 4410 2432 4481 αὐτῷ·
2471 4431 2490 4463 ι
2524 4412 2577 4465 τί
2630 4413 2828 4482 δήποτε
2868 4413 2980 4464 ’νῦν
3032 4413 3302 4482 ἐχρήσατο
3337 4415 3450 4475 τοῖς
3485 4411 3670 4471 αὐτοῖς
3701 4429 3716 4477 ;

2144 4502 2284 4556 Ἀλλ’
2307 4505 2466 4573 ἡμεῖς
2488 4503 2828 4574 ὑπεραπολοτ
2837 4503 2896 4556 οὐ
2904 4521 3054 4572 μενοι
3070 4501 3168 4574 τῆς
3183 4504 3506 4575 ὑπολήψεως
3526 4503 3716 4570 αὑτοῦ,

458 4592 655 4650 iterata
699 4606 809 4646 non
848 4591 1042 4657 videri,
1074 4606 1195 4662 qua!
1237 4591 1447 4646 eisdem
1484 4591 1942 4661 appellationibus
1975 4604 2038 4644 ac

2145 4594 2386 4663 φαίημεν
2457 4593 2522 4648 ἂν
2583 4593 2741 4648 τοῦτο
2767 4595 3139 4666 χρεωστικῶς,
3171 4595 3246 4660 ὼς
3277 4597 3378 4651 οὐκ
3414 4596 3530 4649 ἐστι
3585 4612 3718 4650 ταυ-

460 4684 716 4739 formulis
745 4698 859 4738 rem
889 4683 1048 4754 plane
1076 4684 1348 4739 diversam
1376 4681 1833 4738 considerandam
1881 4679 2039 4733 exhi-

459 4779 644 4835 beant.
675 4777 813 4833 Tum
863 4778 910 4835 si
941 4778 1218 4834 sententia
1267 4777 1456 4840 etiam,
1507 4791 1631 4846 quae
1665 4773 1800 4845 ipsis
1830 4773 1882 4828 in
1913 4789 2038 4829 ver-

459 4873 547 4928 bis
601 4872 766 4934 inest,
831 4870 942 4926 vim
998 4866 1413 4939 quodammodo
1465 4873 1520 4920 et
1579 4863 2036 4936 signiﬁcationem

457 4965 707 5020 eamdem
740 4963 942 5018 habere
989 4975 1210 5016 rursum
1259 4958 1550 5024 videatur;
1603 4973 1714 5012 non
1752 4957 1805 5012 id
1841 4956 2036 5012 absur—

458 5057 589 5112 dum
637 5071 779 5122 esse,
839 5052 1114 5124 siquidem
1166 5051 1275 5108 illis
1329 5061 1442 5106 tum
1495 5051 1691 5117 utaris,
1740 5064 1866 5106 cum
1921 5065 2032 5115 res,

458 5161 580 5219 quae
632 5153 940 5200 tractantur
985 5154 1040 5198 et
1083 5137 1354 5212 ’ρει-βοτηε
1402 5141 1734 5212 requirunt;
1777 5139 2042 5210 quemad-

459 5237 679 5295 modum
739 5236 844 5290 hoe
893 5234 1018 5289 loco
1073 5225 1280 5290 factum
1336 5241 1443 5289 est.
1495 5231 1627 5311 Nam
1690 5231 1736 5286 si
1781 5231 2037 5300 superius

455 5329 644 5396 etiam,
683 5343 808 5384 eum
863 5325 1064 5383 similia
1099 5325 1188 5382 his
1237 5323 1624 5396 perpendenda
1686 5329 2038 5393 proponeret,

455 5421 732 5481 dictiones
764 5405 1058 5491 usurpavit
1084 5417 1306 5475 easdem
1336 5435 1352 5486 ;
1410 5416 1478 5472 iis
1509 5431 1657 5471 nunc
1703 5414 1838 5484 ipsis
1861 5413 2038 5484 potis-

524 5557 572 5594 ιι
602 5528 745 5646 βξ)ηὲ
791 5568 892 5620 ru,
919 5554 976 5610 ε.
1051 5554 1097 5588 ιι
1123 5553 1301 5610 Eccle.
1335 5569 1396 5616 ιι,
1426 5552 1517 5607 22.
1555 5551 1600 5581 ιο
1619 5549 1750 5604 ibid.
1782 5547 1872 5603 eo.

523 5651 638 5720 (29)
669 5651 818 5720 Apud
849 5649 1009 5720 LXX,
1032 5650 1125 5705 καὶ
1165 5648 1355 5720 καιρὸς
1385 5647 1628 5720 εἰρήνης.

2144 4683 2362 4752 τολογία
2385 4686 2448 4741 τὸ
2495 4686 2798 4758 κεχρῆσθαι
2823 4689 2948 4750 ταῖς
2997 4687 3195 4751 αὐταῖς
3252 4687 3572 4758 ὀνομασίαις
3624 4686 3720 4741 καὶ

2143 4773 2378 4840 λέξεσιν,
2411 4777 2540 4830 ὅταν
2586 4775 2911 4848 εὑρίσκηται
2968 4775 3226 4846 διάφορος
3277 4777 3311 4847 ἡ
3379 4774 3558 4829 ἔννοια
3609 4774 3718 4827 τῶν

2147 4865 2362 4940 ῥητῶνι
2383 4869 2444 4920 El
2473 4867 2530 4920 δὲ
2567 4869 2661 4921 καὶ
2688 4869 2790 4938 τῆς
2820 4869 2990 4938 αὐτῆς
3043 4867 3254 4930 ἐννοίας
3301 4865 3718 4937 ἐνυπαρχούσης

2141 4960 2254 5023 τοῖς
2280 4961 2464 5031 ῥητοῖς
2487 4959 2628 5026 δόξει
2677 4977 2793 5022 πως
2819 4961 2853 5030 ή
2891 4960 2991 5030 τῆς
3023 4955 3379 5028 ταυτολογίας
3435 4957 3700 5028 ὀνομασία

2141 5047 2204 5100 τὸ
2234 5047 2400 5121 κῦρος
2429 5047 2594 5120 ἔχειν,
2645 5043 2760 5102 ὢν
2786 5049 2942 5102 οὐδὲν
2970 5047 3192 5114 ἄτοπον,
3223 5050 3274 5103 si
3303 5049 3529 5120 γένηται
3559 5047 3718 5119 χρεία

2144 5137 2279 5207 πρὸς
2310 5138 2410 5209 τὴν
2435 5141 2544 5194 τῶν
2572 5140 2952 5212 δποκειμένων
3001 5140 3346 5212 πραγμάτων
3407 5140 3502 5194 καὶ
3551 5155 3715 5211 προσ-

2141 5230 2308 5284 ώπων
2332 5231 2606 5298 ὑπόθεσιν,
2625 5232 2940 5306 χρήσασθαι
2965 5236 3077 5296 τοῖς
3107 5235 3308 5298 αὐτοῖς,
3325 5221 3458 5305 ὅπερ
3479 5232 3719 5287 κὰνταΰο

2142 5322 2212 5376 θα
2247 5324 2619 5397 συμϐέϐηκεν.
2655 5328 2718 5380 Εἰ
2738 5326 2849 5396 γὰρ
2883 5328 2978 5380 καὶ
3007 5327 3272 5397 πρότερον
3298 5326 3386 5378 διὰ
3418 5327 3516 5388 τὰς
3545 5325 3716 5388 αὑτὰς

2141 5413 2352 5478 ἑννοίας
2378 5417 2472 5468 καὶ
2508 5419 2626 5481 ταῖς
2672 5417 2867 5481 αὐταῖς
2891 5420 3166 5490 ἐχρησατο
3197 5416 3426 5484 λέξεσιν,
3452 5415 3591 5470 ἁλλὶι
3613 5415 3711 5470 νῦν

670 5707 818 5792 Apud
847 5707 1008 5786 LXX;
1036 5721 1106 5774 τὰ
1133 5707 1422 5791 σύμπαντα
1439 5707 2008 5785 δὲποίησι...01)νηιρ.
2049 5714 2143 5768 τοῦ
2177 5712 2454 5778 ποιοῦντος
2485 5713 2542 5766 δν
2568 5713 2750 5778 αὐτοῖς
2785 5707 2864 5775 οἷς
2893 5713 3055 5777 αὑτῊς
3091 5713 3312 5782 μοχθεῖς
