4076 6284
336 429 443 495 881

1390 431 1472 491 IN
1515 391 2093 494 ECCLESMSTEN.
2135 462 2200 470 —
2236 435 2380 494 LIB.
2436 434 2544 494 m.

3488 433 3598 497 8'82

329 540 748 610 κατακρίνοντες
783 541 988 603 πάντας
1016 543 1142 605 τοὺς
1163 541 1378 604 ἀσεϐεῖς
1403 543 1498 595 καὶ
1528 541 1626 612 τὴν
1657 559 1903 612 κορυςρω-
1941 591 1944 600 ,

2054 557 2134 596 uae
2193 543 2260 597 ad
2313 556 2590 596 summum
2643 554 2764 595 sese
2799 536 3074 607 fastigium
3116 538 3412 608 extulerat,
3453 539 3603 610 deje-

329 633 516 686 θεῖσαν
565 633 1009 704 εἰδωλολατρείαν
1049 635 1490 704 καταράσσοντες
1543 634 1622 696 είς
1664 633 1763 702 τὴν
1807 634 1909 702 γῆν

332 725 426 780 ut
457 725 688 793 φροῦδον
714 724 1152 788 ἀποδεικνύντες.

403 815 499 878 Et;
527 814 616 868 τὸν
647 815 812 868 τόπον
837 811 931 870 οῦν
972 815 1070 884 τῆς
1101 815 1335 885 κρίσεως
1363 808 1502 868 εἶδεν
1532 816 1558 868 6
1584 814 1746 882 σοφὸς
1793 816 1913 868 Ἐκ-

331 908 670 978 κλησιαστὴς
699 909 790 962 τὸν
816 907 990 978 ἀσεϐῆ
1023 907 1572 977 καταδεδικασμένον,
1605 909 1700 971 καὶ
1742 926 1914 960 κατα-

335 1001 681 1070 κεκριμένον,
714 1001 788 1062 ῶς
820 1000 1066 1069 ἔφθημεν
1099 1001 1368 1064 εἰπόντες,
1394 1003 1486 1053 τὸν
1517 1001 1786 1065 διάϐολον,
1823 1005 1917 1056 καὶ

338 1095 548 1154 πάντας
591 1093 717 1154 τοὺς
745 1095 810 1162 τῇ
849 1093 1083 1164 πονηρίᾳ
1122 1093 1214 1145 καὶ
1241 1092 1530 1163 δυσσεϐείᾳ
1565 1094 1662 1162 τῆς
1703 1095 1916 1146 ἐκείνου

337 1179 430 1234 λύτ
449 1199 543 1247 της
569 1181 1134 1254 γ-ιτηκολουθηκότας.
1171 1177 1290 1235 Εἷδε
1313 1181 1369 1236 δὲ
1395 1187 1486 1235 καὶ
1523 1183 1684 1237 τόπον
1715 1184 1807 1237 τοῦ
1836 1185 1916 1238 δι-

337 1275 494 1326 καίου
512 1316 527 1339 ,
557 1277 804 1328 τουτέστι
829 1275 923 1328 τοῦ
953 1277 1238 1346 μέλλοντος
1267 1275 1609 1330 δικαιοῦσθαι
1643 1277 1796 1348 παρὰ
1822 1277 1918 1330 τοῦ

339 1364 578 1435 Χριστοῦ
613 1367 707 1420 καὶ
735 1369 985 1439 Σωτῆρος
1008 1369 1166 1438 ἡμῶν
1191 1369 1278 1424 διὰ
1307 1372 1406 1440 τῆς
1438 1371 1574 1442 πρὸς
1605 1371 1768 1426 αὐτὸν
1791 1391 1921 1427 κατ-

343 1455 755 1528 ακολουθήσεως
797 1459 893 1512 καὶ
947 1461 1045 1528 τῆς
1087 1461 1223 1529 πρὸς
1269 1463 1361 1514 τὸν
1401 1462 1534 1515 Θεὸν
1579 1463 1672 1517 καὶ
1703 1465 1924 1536 Πατέρα

346 1547 579 1610 πίστεως
611 1548 970 1628 ἀκραιφνοῦς.
1009 1549 1108 1602 Διὰ
1135 1551 1292 1604 τοῦτό
1314 1569 1500 1621 φησιν,
1539 1571 1556 1602 ι
1599 1553 1797 1608 Ἐκετὸ
1831 1556 1923 1607 εὐ-

347 1639 535 1704 σεϐής.
569 1659 584 1688 ι
617 1640 678 1692 Et
707 1639 816 1710 γὰρ
844 1640 1078 1710 εὐσεϐής
1104 1645 1248 1694 ἐστιν
1279 1646 1306 1696 6
1334 1643 1432 1706 τὰς
1465 1645 1765 1713 ὑπολήψεις
1796 1647 1927 1714 ἀγα-

348 1728 446 1792 θὰς
475 1729 616 1800 ἔχων
645 1730 779 1801 πρὸς
809 1731 902 1786 τὸν
939 1733 1032 1784 ἐπὶ
1063 1733 1280 1786 πάντων
1309 1733 1463 1796 Θεὸν,
1501 1734 1598 1788 καὶ
1627 1734 1734 1788 τῶν
1766 1736 1923 1807 ὀρθο-

345 1821 511 1886 δόξων
541 1821 830 1892 δογμάτων
869 1824 968 1894 τὴν
1002 1825 1304 1894 ἀσφάλειαν
1346 1827 1632 1895 φυλάττων
1668 1828 1763 1880 καὶ
1797 1846 1928 1882 συν-

2019 643 2160 686 ctum
2202 641 2256 689 et
2303 633 2452 686 humi
2493 631 2772 696 alllietam,
2808 629 2965 699 plane
3004 627 3222 682 inanem
3256 629 3604 686 demonstra-

2024 735 2160 780 Icnt.

2091 815 2262 872 Porro
2292 816 2358 872 ad
2396 815 2588 886 judicii
2625 816 2806 870 locum
2831 814 2968 870 vidit
2997 813 3218 884 sapiens
3244 812 3606 868 Ecclesiastes

2022 911 2444 964 condemnatum
2479 908 2729 977 impium,
2785 917 2969 979 atque,
3025 917 3082 961 ut
3141 905 3302 959 modo
3343 905 3604 970 diximus,

2025 1003 2341 1072 perculsum
2375 1001 2676 1066 diabolum,
2719 1011 2773 1055 et
2813 1015 3025 1062 omnes,
3059 999 3152 1068 qui
3197 999 3605 1068 improbitatem

2027 1095 2558 1164 perversitatemque
2605 1093 2806 1147 ftn'oris
2857 1093 3004 1146 illius
3039 1091 3334 1146 consectati
3368 1089 3604 1145 fuerunt.

2026 1163 2173 1240 Vidit
2206 1197 2388 1240 autem
2419 1163 2479 1239 et
2499 1185 2677 1238 locum
2700 1183 2859 1261 justi,
2893 1183 3010 1236 sive
3031 1163 3170 1252 ejus,
3199 1181 3292 1251 qui
3319 1179 3456 1251 justi
3485 1195 3608 1235 san-

2025 1278 2344 1334 ctimoniam
2380 1293 2409 1332 a
2448 1277 2669 1332 Christo
2714 1287 2769 1330 et
2805 1275 3099 1330 Servatore
3147 1281 3342 1328 nostro
3377 1273 3612 1326 haustu-

2031 1387 2126 1426 rus
2176 1379 2314 1436 erat,
2351 1369 2624 1440 siquidem
2663 1369 2765 1440 ipsi
2813 1368 3136 1432 adluereret,
3183 1375 3240 1420 et
3289 1366 3456 1420 Deum
3506 1363 3612 1418 Pa-

2031 1475 2280 1533 tremque
2358 1463 2481 1532 ejus
2554 1463 2768 1516 sincera
2836 1459 3174 1530 professione
3235 1464 3608 1512 veneraretur.

2033 1553 2218 1626 Itaque
2249 1556 2381 1610 dicit
2411 1574 2422 1608 :
2475 1573 2494 1606 ι
2529 1553 2644 1608 lllic
2673 1553 2829 1623 pius;
2876 1571 2896 1604 ι
2932 1553 2978 1608 si
3028 1551 3174 1606 enim
3212 1550 3337 1618 pius
3366 1557 3472 1614 est,
3519 1549 3611 1618 qui

2034 1659 2209 1702 rectas
2237 1648 2304 1702 de
2334 1646 2443 1702 Deo
2473 1646 2718 1701 universi
2747 1644 3038 1714 Opiniones
3069 1643 3252 1707 habet,
3279 1643 3487 1711 quique
3517 1641 3614 1694 do-

2033 1746 2221 1796 ctrinae
2257 1739 2575 1794 orthodoxae
2613 1738 2959 1793 sanctitatem
3003 1735 3250 1788 custodit
3303 1741 3468 1801 atque
3498 1741 3616 1784 tue-

2036 1845 2144 1897 tur,
2163 1833 2406 1904 proferto
2439 1846 2634 1885 omnes
2657 1844 2900 1900 quoque,
2933 1828 3026 1898 qui
3050 1825 3330 1882 Christum
3357 1826 3614 1877 Servato-

347 1908 553 1984 τηρῶν,
584 1913 766 1984 δῆλον,
797 1916 878 1968 ὅτι
922 1917 1018 1968 καὶ
1059 1917 1262 1980 πάντες
1296 1920 1345 1969 οἱ
1384 1919 1810 1983 πεπιστευκότες
1848 1923 1928 1983 είς

2047 1943 2145 1980 ‘cln
2177 1925 2364 1979 mundi
2398 1924 2889 1991 Liberatoremque
2915 1927 3280 1992 agnoverunt,
3301 1925 3356 1972 et
3381 1916 3452 1970 oh
3476 1915 3616 1969 hanc

349 1993 584 2074 Χριστὸν
617 2005 708 2057 τὸν
729 2006 962 2076 Σωτῆρα
989 2006 1082 2058 τοῦ
1117 2007 1327 2078 κόσμου
1358 2010 1454 2062 καὶ
1484 2010 1806 2079 Λυτρωτὴν,
1836 2013 1929 2064 καὶ
1976 2005 1992 2018 ’

349 2095 441 2148 διὰ
481 2093 640 2149 τοῦτο
673 2097 804 2166 παρ’
831 2095 996 2151 αὑτοῦ
1035 2097 1422 2163 δικαιωθέντες
1463 2101 1527 2152 ἐκ
1569 2102 1826 2166 πίστεως,
1863 2106 1928 2173 τῇ

353 2190 702 2260 προσηγορίᾳ
751 2188 843 2242 τοῦ
895 2191 1470 2261 προκαταγγελθέντος
1501 2191 1733 2248 δικαίου
1784 2196 1932 2264 παρὰ

351 2278 444 2330 τοῦ
489 2279 919 2349 Ἐκκλησιαστοῦ
965 2283 1491 2355 παραληφθήσονται
1524 2287 1930 2356 προσηκόντως.

425 2369 540 2423 Μία
579 2371 682 2440 μὲν
709 2369 802 2426 οῦν
838 2373 975 2445 αὕτη
1018 2374 1125 2428 τῶν
1165 2377 1471 2446 εἰρημένων
1515 2379 1647 2450 ἡμῖν
1690 2377 1935 2448 θεωριῶν

358 2462 603 2528 πέφυκεν
628 2479 642 2494 ο
680 2463 841 2535 ἑτέρα
865 2465 920 2518 δὲ
964 2468 1104 2520 κατᾶ
1135 2467 1194 2520 τὸ
1221 2467 1517 2523 ἀκόλουθον
1555 2470 1692 2540 αὐτῇ
1732 2489 1928 2540 καταγ-

358 2554 705 2624 γελθὴσεται.
741 2557 910 2626 Δῆλον
933 2558 1062 2628 γὰρ,
1091 2558 1166 2623 ὡς
1193 2561 1293 2630 τῆς
1327 2563 1386 2612 ὲν
1430 2563 1494 2631 τῇ
1531 2561 1765 2634 δευτέρᾳ
1798 2581 1938 2631 παρ-

357 2642 516 2714 ουσίᾳ
554 2644 651 2706 τοῦ
682 2645 920 2716 Χριστοῦ
953 2649 1048 2702 καὶ
1079 2649 1214 2702 Θεοῦ
1249 2651 1344 2702 καὶ
1377 2650 1632 2720 Σωτῆρος
1659 2652 1816 2721 ἡμῶν
1847 2669 1938 2719 γε-

359 2737 666 2806 νησομένης
694 2739 929 2808 κρίσεως
954 2741 1046 2792 καὶ
1073 2740 1170 2808 τῆς
1190 2740 1299 2796 τῶν
1327 2741 1678 2810 βεϐιωμένων
1705 2744 1938 2799 ἀνταπο-

361 2828 578 2892 δόσεως,
601 2829 926 2882 διατείνεται
951 2831 1042 2883 τὸν
1077 2831 1242 2888 τόπον
1277 2833 1406 2886 ἰδεῖν
1451 2833 1478 2886 6
1509 2833 1668 2900 σοφὸς
1713 2835 1941 2903 Ἐκκλη-

369 2919 613 2989 σιαστὴς.
655 2920 848 2976 Ἔσται
873 2921 1182 2993 δὲ’κάκείνη
1215 2924 1434 2987 πάντως
1462 2925 1557 2978 ἐπὶ
1587 2925 1684 2994 τῆς
1715 2925 1836 2993 γῆς,
1867 2925 1942 2988 ὡς

370 3009 656 3080 ἐλπίζομεν
682 3014 775 3066 καὶ
802 3013 1153 3085 πιστεύομεν,
1180 3015 1318 3084 πρὸς
1352 3014 1420 3084 ἣν
1457 3015 1485 3066 6
1513 3015 1718 3084 κρίνων
1762 3017 1944 3068 πᾶσαν

367 3101 466 3173 τὴν
495 3102 596 3170 γῆν
631 3104 726 3158 καὶ
753 3104 962 3169 δίκαιος
999 3106 1194 3178 κριτὴς
1232 3107 1290 3158 ὲν
1319 3106 1446 3178 δόξῃ
1470 3111 1536 3178 τῇ
1565 3111 1805 3178 πατρικῇ
1841 3125 1943 3161 κα-

365 3195 535 3258 ταϐὰς
570 3199 748 3267 κρινεῖ
773 3199 980 3262 πάντας
1003 3197 1346 3268 ἀνθρώπους,
1374 3199 1470 3252 καὶ
1506 3199 1631 3262 τοὺς
1663 3216 1946 3269 προσηκα-

2033 2018 2432 2088 professionem
2484 2014 2554 2068 ab
2599 2029 2666 2068 eo
2711 2013 2937 2082 justitiae
2989 2007 3411 2066 sanctimoniam
3457 2020 3614 2060 acce-

2035 2125 2182 2178 pere,
2219 2107 2418 2161 merito
2457 2108 2527 2159 ab
2563 2105 2888 2159 Ecclesiaste
2925 2101 3071 2154 Jusli
3113 2099 3478 2170 appellatione
3522 2098 3619 2152 de—

2035 2201 2232 2272 signati
2267 2209 2598 2254 censeantur
2637 2197 2770 2267 (45).

2109 2379 2554 2451 951labesjam
2585 2377 2816 2446 primum
2857 2391 3047 2430 earum
3086 2371 3618 2431 considerationmn,

2037 2489 2176 2542 quas
2212 2471 2370 2524 initio
2403 2468 2852 2522 memoravimus.
2883 2467 3065 2520 Altera
3099 2477 3267 2525 nmic,
3305 2469 3362 2515 ut
3388 2474 3486 2528 par
3515 2467 3621 2526 est,

2041 2563 2367 2634 proferetur.
2424 2559 2620 2629 Liquet
2667 2559 2950 2621 nimirum,
3001 2557 3301 2625 sapientem
3351 2551 3625 2607 Ecclesia.

2041 2668 2161 2710 slen
2193 2654 2543 2716 contendere,
2591 2661 2651 2706 ut
2684 2651 2862 2706 locum
2905 2649 3086 2704 videat
3120 2647 3337 2715 judicii,
3377 2643 3522 2713 quod
3569 2642 3622 2695 in

2043 2749 2213 2802 altero
2243 2746 2449 2801 Christi
2481 2755 2535 2800 et
2564 2745 2654 2799 Dei
2697 2759 2761 2799 ac
2811 2741 3122 2798 Servatoris
3154 2739 3326 2794 nostri
3365 2739 3623 2799 adventu,

2044 2850 2150 2888 non
2193 2835 2312 2888 sine
2337 2848 2529 2887 eorum
2558 2848 2680 2901 quae
2711 2831 2763 2886 in
2797 2832 2906 2886 vita
2953 2841 3172 2899 peracta
3209 2826 3415 2894 fuerint
3443 2840 3626 2879 remu-

2045 2925 2349 2990 neratione,
2383 2923 2692 2977 faciendum
2724 2933 2825 2978 est.
2864 2920 2980 2975 Erit
3003 2935 3128 2974 vero
3161 2927 3216 2973 et
3242 2918 3371 2972 illud
3402 2917 3628 2972 omnino

2046 3018 2097 3070 in
2126 3027 2290 3084 terra,
2318 3017 2394 3071 uti
2419 3031 2706 3086 speramus
2727 3026 2890 3090 atque
2915 3013 3225 3069 credimus:
3256 3009 3418 3080 cujus
3438 3023 3626 3072 causa,

2045 3109 2138 3179 qui
2164 3107 2352 3163 orbein
2392 3107 2709 3162 universum
2747 3105 2978 3176 judical,
2999 3104 3184 3172 justus
3211 3101 3376 3170 iudex
3404 3108 3626 3170 paterna

2047 3217 2186 3280 cum.
2226 3199 2397 3271 gloria
2426 3199 2704 3270 delapsus,
2749 3197 2942 3252 omnes
2975 3196 3224 3252 homines
3266 3193 3322 3248 in
3361 3191 3627 3262 judicium

369 3284 565 3352 μένους
596 3285 658 3340 τδ
689 3287 786 3358 τῆς
826 3291 1102 3360 σωτηρίας
1127 3291 1284 3360 ἡμῶν
1311 3289 1669 3359 Εὐαγγέλιον,
1702 3291 1795 3344 καὶ
1822 3293 1944 3352 τοὺς

2051 3275 2286 3354 vocabit,
2319 3299 2426 3344 tam
2450 3305 2546 3344 eos
2574 3288 2667 3358 qui
2697 3287 2890 3342 salutis
2917 3296 3118 3341 nostrae
3149 3283 3498 3352 Evangelium
3535 3281 3631 3334 ad-

363 3376 566 3444 ἥκιστα
616 3377 710 3432 τοῦ
765 3381 1125 3448 εὐαγγελικοῦ
1173 3381 1536 3455 κηρύγματος
1576 3386 1640 3453 τῇ
1692 3383 1948 3452 σωτηρίῳ

367 3465 570 3544 ζεύγλῃ
600 3470 1086 3540 καθυποταγέντας
1119 3474 1208 3530 διὰ
1242 3476 1445 3546 πολλὴν
1486 3476 1747 3530 ἀϐουλίαν
1775 3495 1787 3508 ·
1823 3479 1949 3546 περὶ

366 3554 442 3612 ὧν
469 3578 604 3632 φησι
627 3563 722 3616 καὶ
749 3563 916 3616 Δαϐὶδ
941 3566 969 3618 6
991 3570 1282 3637 προφήτης
1301 3583 1312 3595 ·
1354 3586 1373 3618 ι
1413 3567 1950 3638 Ἀποστραφήτωσοιν

368 3653 419 3705 οἱ
450 3653 770 3722 ἁμαρτωλοὶ
815 3657 895 3720 εἰς
933 3656 1026 3708 τὸν
1062 3656 1214 3726 ᾅδην,
1252 3657 1431 3710 πάντα
1463 3659 1532 3710 τὰ
1565 3657 1690 3727 ἔθνη
1723 3660 1790 3710 τὰ
1833 3661 1952 3711 ἐπιφ

368 3743 748 3812 λανθανόμενα
775 3744 866 3798 τοῦ
893 3745 1048 3800 Θεοῦ.
1085 3767 1102 3798 ι
1141 3749 1264 3801 Εἴτε
1292 3749 1472 3801 τοίνυν
1496 3749 1815 3818 ἀμφοτέρας
1839 3749 1955 3802 dvo-.-

375 3833 540 3899 μάζει
567 3831 664 3896 τὰς
700 3833 935 3904 κρίσεις,
967 3836 1042 3904 ῶς
1075 3839 1238 3906 ἡμεῖς
1264 3837 1671 3910 ὑπειλήφαμεν,
1712 3839 1824 3894 εἴτε
1859 3839 1954 3893 θα-

371 3925 536 3994 τέραν
557 3941 570 3954 ·
603 3925 760 3990 τέως,
791 3925 1070 3997 ἄνθρωπε,
1101 3930 1163 3982 σὺ
1186 3929 1353 3998 γνῶθι
1377 3932 1560 4002 κρίσιν
1588 3932 1952 4002 ὀνομάζεσθαι

371 4019 468 4070 καὶ
505 4017 1080 4086 προκαταγγέλλεσθαι
1132 4021 1285 4091 παρᾶ
1312 4021 1404 4074 τοῦ
1435 4022 1603 4090 σοφοῦ
1654 4024 1954 4094 προφανῶς

385 4107 840 4178 Ἐκκλησιαστοῦ,
885 4109 982 4163 καὶ
1009 4111 1285 4182 διάκρισιν
1319 4115 1412 4167 καὶ
1451 4113 1738 4186 διαστολὴν
1786 4117 1952 4170 τόπου

375 4199 466 4250 καὶ
523 4199 709 4262 τόπου,
768 4201 863 4254 καὶ
917 4202 1169 4280 ἅσεϐοῦςῤ
1204 4203 1300 4258 καὶ
1361 4205 1620 4270 εὐσεϐοῦς
1682 4207 1819 4280 πρὸς
1868 4209 1950 4271 τὸ,

375 4289 520 4342 κατὰ
562 4289 660 4362 τὴν
707 4287 974 4362 διαφορὰν
1031 4292 1142 4347 τῶν
1185 4293 1508 4364 ὑπολήψεων
1553 4298 1814 4368 ἑκατέρου
1865 4300 1954 4352 καὶ

376 4382 476 4450 τῆς
524 4377 669 4452 ζωῆς
722 4383 816 4436 καὶ
875 4383 1170 4451 πολιτείας,
1220 4386 1470 4458 ἑκατέρῳ
1519 4388 1614 4442 καὶ
1654 4389 1746 4443 τὸν
1793 4392 1954 4443 τόπον

379 4471 770 4544 κληρώσασθαι
815 4475 968 4547 παρὰ
1009 4477 1119 4532 τῶν
1165 4477 1488 4550 θεοπρεπῶν
1534 4481 1626 4532 καὶ
1660 4480 1956 4554 θεοκρίτων

379 4563 582 4632 ζυγῶν.

463 4656 744 4710 Ἐντεῦθεν
772 4654 865 4713 οὖν
899 4660 1277 4718 ἀποδέδεικται
1324 4661 1466 4724 κατὰ
1516 4661 1577 4714 τὸ
1620 4661 1820 4732 μᾶλλον
1861 4664 1957 4718 καὶ

379 4751 876 4822 καταφανεστέρως
942 4753 1110 4824 μηδὲν
1172 4756 1231 4806 ὲν
1297 4755 1571 4826 ἀποδοχῆς
1637 4757 1792 4827 μέρει
1852 4757 1960 4809 τῶν

381 4842 574 4894 ἀνόπιν
617 4844 762 4915 αὐτῷ
803 4845 1167 4916 λελεγμένων,
1207 4847 1240 4918 ἢ
1285 4850 1512 4900 κατόπιν
1546 4849 1960 4919 λεχθησομένων

383 4932 644 5001 περὶτῶν
677 4935 968 5007 μοχθηρῶν
1006 4937 1223 5006 μόχθων
1253 4937 1347 4990 καὶ
1376 4938 1561 4990 κόπων
1605 4940 1696 4992 καὶ
1729 4940 1835 4992 τῶν
1863 4939 1960 4994 ἆλ-

384 5022 492 5075 λων
532 5025 629 5094 τῆς
675 5030 938 5098 πονηρίας
982 5029 1076 5082 καὶ
1125 5029 1462 5102 φαυλότητος
1507 5032 1959 5100 ἐπιτηδευμάτων

483 5159 528 5190 ⁸⁸
561 5158 704 5215 Psal.
737 5178 811 5228 Ix,
857 5164 945 5220 Π.

459 5294 730 5375 (451)]φο
752 5296 1045 5375 quadrent,
1071 5299 1128 5375 _si
1153 5315 1287 5375 eum
1307 5298 1447 5375 LXX
1481 5300 1710 5375 legimus
1752 5301 1846 5375 καὶ
1875 5303 1964 5355 τό-

389 5385 491 5441 πον
521 5365 612 5441 τοῦ
637 5365 868 5441 δικαίου.
901 5367 1020 5419 ἐκεῖ
1061 5371 1090 5420 ό
1124 5371 1378 5439 εὐσεϐής,
1408 5365 1869 5438 quemadmodum
1911 5381 1966 5427 et

391 5439 444 5508 in
471 5436 658 5508 codice
701 5433 1253 5508 V'aticanoscriptnm
1283 5433 1382 5503 est,
1409 5433 1461 5493 et
1483 5441 1604 5493 aliis
1634 5443 1962 5508 quibusdam

394 5506 447 5580 in
481 5505 654 5580 libris,
675 5513 738 5580 _ut
763 5505 833 5580 ἰιιΔ
851 5505 1360 5580 θάίιέοιιείιὶοιιιοιιιι
1391 5505 1718 5577 adnotatur;
1747 5513 1877 5580 quin
1914 5524 1968 5566 et

393 5577 470 5630 ita
501 5575 627 5647 ιοῃι
671 5572 903 5647 _Lucifer
934 5575 1159 5630 Caralit.
1195 5579 1286 5632 lib.
1315 5595 1331 5632 ι
1376 5595 1472 5647 pro
1507 5572 1968 5636 sancto'A'thana-

393 5647 516 5719 sio:
551 5644 619 5696 Et
646 5645 1042 5719 _locum_just_i_;
1076 5647 1188 5699 illic
1216 5650 1333 5714 pius
1367 5644 1385 5702 ἑ
1423 5667 1520 5702 nec
1570 5654 1728 5704 aliter
1772 5651 1969 5719 legisse

395 5716 609 5770 videtur
638 5712 933 5784 Gregorius
977 5712 1245 5784 Neuctch;
1283 5720 1361 5770 sic
1401 5720 1545 5772 enim
1593 5725 1737 5774 hunc
1781 5712 1958 5774 locum

395 5784 703 5858 explanavit
730 5780 932 5858 :‘Eiﬂov
1087 5789 1196 5847 τοῖς
1234 5780 1400 5840 ’κάτω
1447 5789 1636 5858 μέρεσι
1685 5791 1960 5853 κολάσεως

401 5857 498 5934 μὲν
529 5853 800 5924 βάραθρον
830 5854 953 5916 τοὺς
981 5856 1256 5920 ὁυσσεϐεἰς
1287 5853 1592 5928 δεχόμενον,
1625 5860 1872 5912 εὐσεϐέσι
1901 5861 1956 5914 δὲ

2052 3385 2273 3442 misere,
2314 3397 2478 3451 quam
2518 3382 2662 3446 illos,
2709 3380 2803 3450 qni
2853 3380 3094 3434 salutare
3131 3375 3459 3447 evangelicae
3493 3387 3632 3442 prte-

2049 3475 2342 3531 dicationis
2373 3475 2564 3542 jugum
2600 3483 2804 3527 temere
2844 3471 3264 3538 inconsulteque
3293 3468 3636 3524 detrectave-

2052 3573 2224 3618 runt:
2261 3563 2330 3619 de
2359 3565 2562 3634 quibus
2594 3574 2650 3618 et
2687 3562 2854 3616 David
2900 3563 3167 3632 propheta
3203 3561 3334 3614 dicit
3378 3574 3392 3610 :
3434 3576 3452 3609 ι
3488 3557 3635 3611 Con-

2051 3665 2336 3711 vertantur
2370 3667 2686 3724 peccatores
2738 3655 2792 3708 in
2827 3655 3122 3716 infernum,
3183 3666 3378 3705 omnes
3423 3656 3630 3718 gentes.

2053 3761 2174 3815 quae
2203 3745 2603 3800 obliviscuntur
2634 3745 2800 3798 Deum
2832 3743 2897 3797 ⁵³.
2937 3761 2955 3796 ι
2992 3731 3118 3796 Sive
3147 3743 3313 3811 igitur
3341 3748 3634 3806 utrumque

2056 3839 2145 3894 ille
2172 3838 2444 3908 judicium
2491 3836 2746 3906 appellat,
2793 3835 2869 3887 uti
2913 3850 3011 3888 nos
3045 3834 3358 3904 Opinamur,
3406 3830 3522 3884 sive
3557 3827 3636 3881 al-

2056 3941 2363 3996 terutrum;
2397 3929 2530 3985 illud
2562 3937 2618 3983 tu
2651 3929 2856 3982 interea
2895 3941 3150 3998 agnosce,
3181 3940 3214 3980 ο
3245 3923 3508 3986 mortalis,
3543 3921 3634 3990 jn-

2055 4025 2259 4081 dicium
2283 4038 2312 4076 a
2341 4021 2588 4092 sapiente
2621 4019 2949 4075 Ecclesiaste
2982 4017 3276 4082 nominari,
3312 4013 3634 4070 manifeszo-

2055 4131 2162 4186 que
2186 4114 2429 4185 praedici,
2454 4129 2517 4168 ac
2541 4113 2900 4168 secretionem
2927 4109 3090 4165 simul
3113 4107 3635 4175 distinctionemqim

2057 4210 2159 4264 loci
2211 4223 2241 4260 a
2270 4208 2390 4260 loco
2420 4215 2474 4261 et
2507 4206 2658 4275 impii
2698 4221 2726 4260 a
2761 4205 2870 4274 pio,
2919 4213 2980 4258 ut
3011 4218 3106 4272 pro
3153 4201 3360 4255 ra'ionc
3395 4201 3634 4268 susct'pli

2057 4301 2275 4355 consilii
2304 4311 2360 4354 ct
2391 4311 2526 4355 actae
2568 4301 2692 4352 vitae
2731 4314 2856 4352 cum
2911 4296 3108 4350 habeat
3156 4304 3386 4363 uterque
3430 4293 3633 4352 locum,

2059 4408 2222 4462 quem
2251 4393 2580 4462 aequissima:
2602 4391 3032 4462 justissitmcque
3064 4388 3156 4444 Dei
3202 4388 3385 4442 lances
3420 4387 3638 4454 utrique

2058 4484 2425 4554 attribuerim,

2139 4663 2272 4730 Quae
2305 4678 2430 4716 cum
2459 4663 2532 4716 ita
2565 4661 2694 4741 siqt,
2737 4661 2782 4717 si
2825 4661 3089 4732 potiorem
3124 4657 3639 4714 manifestatiorem-

2067 4769 2174 4824 que
2217 4769 2440 4810 sensum
2473 4769 2788 4824 sequamur,
2825 4753 2938 4823 jam
2974 4754 3028 4808 in
3069 4764 3348 4820 comperto
3374 4757 3477 4814 est,
3509 4746 3641 4802 nihil

2066 4863 2256 4902 eorum
2283 4847 2684 4916 qum'superius
2722 4846 2866 4901 dicta
2891 4857 3042 4906 sunt,
3074 4861 3263 4913 qttaeve
3289 4842 3427 4897 inl'ra
3454 4843 3645 4896 diccn—
3739 4845 3746 4855 '

2067 4949 2157 4992 tur
2184 4938 2253 4993 de
2275 4937 2562 5008 ﬂagitiosis
2582 4937 2863 4992 laboribus
2887 4949 2943 4992 et
2965 4936 3454 5006 defatigationihus
3485 4941 3644 4986 cavit--

2070 5033 2254 5100 risque
2292 5029 2580 5100 pravitatis
2612 5030 3091 5104 improbitatisque
3129 5027 3566 5107 professionibu:
3595 5035 3645 5080 cl

2070 5304 2248 5377 χῶρον
2273 5304 2460 5375 ἕτερον
2486 5306 2789 5377 ἀνειμένον.
2807 5305 3031 5376 Nempe,
3059 5306 3092 5358 ι’
3104 5306 3176 5358 itli
3193 5321 3354 5377 porro
3375 5305 3427 5356 in
3458 5305 3642 5366 inferis

2067 5375 2308 5443 partibus
2347 5376 2590 5444 supplicii
2615 5375 3161 5446 ‘barathrumimpios
3183 5375 3447 5446 excipiens
3471 5392 3502 5446 7:
3543 5378 3643 5442 piis

2069 5457 2254 5498 contra
2290 5447 2463 5498 aedem
2491 5446 2715 5500 alteram
2751 5444 3098 5516 putefablam.
3133 5448 3194 5498 At
3223 5448 3314 5513 qni
3350 5444 3641 5516 editionem

2072 5517 2375 5568 [tertianam
2415 5527 2701 5578 curarunt,
2751 5511 2994 5572 ram—title
3037 5511 3339 5580 ascripsere
3376 5527 3390 5564 :
3427 5511 3492 5565 In
3537 5515 3634 5581 ple-

2071 5587 2246 5656 risque
2283 5601 2402 5638 vero
2461 5585 2606 5639 libris
2645 5597 2742 5650 est,
2775 5587 2881 5640 Καὶ
2907 5587 3069 5639 τόπον
3099 5583 3196 5656 τοῦ
3220 5583 3450 5656 δικαίου,
3476 5583 3593 5656 έκεῖ
3618 5587 3648 5639 6

2073 5651 2318 5724 ἀσεϐής·
2375 5663 2486 5726 tuin
2541 5666 2596 5708 et
2653 5657 3042 5726 Hieronymum
3097 5651 3432 5726 legisse,_Et
3469 5653 3644 5726 {ecum

2058 5722 2313 5800 justiiite,
2370 5725 2458 5800 ubi
2507 5726 2780 5795 iniquitas,
2835 5722 2955 5795 qua:
3007 5725 3187 5780 \erior
3233 5723 3392 5780 lectio
3434 5722 3645 5786 videtur

2070 5799 2282 5852 Drusio.
