4076 6284
330 349 434 412 88ἲ

1381 356 1464 418 IN
1507 320 2089 423 ECCILESIAsIEN.
2135 385 2199 394 —-
2226 359 2374 420 LIB.
2409 359 2522 420 IlI.

3505 354 3614 419 886

331 467 530 532 κόσμον
585 461 1030 537 αὑτεξουσιότητι
1065 463 1247 536 ψυχῆς
1297 463 1528 536 λογικῆς
1580 469 1676 521 καὶ
1723 469 1914 538 νοερᾶς

2038 470 2188 524 ibero
2219 467 2504 523 rationalis
2543 464 3004 536 intelligentisque
3045 462 3214 518 animi
3247 462 3479 519 arbitrio
3515 480 3612 517 ex-

329 553 731 624 ὲτιμήθη.οὖτε
774 556 909 627 πρὸς
957 557 1145 624 κρίσιν
1185 556 1488 628 ἀχθήσεται
1532 559 1595 612 τδ
1625 561 1908 630 παράπαν,

329 647 437 700 οὐδ’
467 647 818 718 ἀνταμείψεις
862 649 976 714 ἕξει
1013 635 1290 720 πράξεων⁸
1316 649 1538 720 ἀγαθῶν
1587 652 1620 722 ἢ
1671 652 1908 721 φαύλων.

331 739 544 794 Οὐκοῦν
583 741 611 793 ὃ
649 757 814 810 φησιν
847 742 876 794 6
908 741 1364 814 Ἐκκλησιαστὴς,
1399 762 1418 796 ι
1449 746 1576 799 Ὀτι
1602 745 1791 816 καιρὸς
1835 744 1914 816 τῷ

325 833 496 886 παντὶ
549 833 840 903 πράγματι
893 835 990 888 καί⁸
1032 837 1126 890 ἐπὶ
1182 838 1346 890 παντὶ
1380 839 1673 907 ποιήματι,
1708 856 1726 888 ι
1767 837 1917 908 δηλοί

334 926 628 994 προφανῶς
657 926 754 997 τὴν
782 926 1092 998 ὡρισμένην
1119 929 1178 982 ἐν
1210 929 1347 998 τῷδε
1371 929 1450 998 τῷ
1485 929 1584 998 βίῳ
1624 927 1772 998 ζωὴν
1821 931 1915 982 καὶ

331 1015 608 1086 διαγωγὴν
649 1019 744 1070 καὶ
776 1017 1035 1089 διαμονὴν
1067 1019 1163 1072 καὶ
1195 1018 1302 1071 τῶν
1335 1019 1640 1090 ἀνθρώπων
1681 1021 1778 1074 καὶ
1808 1021 1914 1072 τῶν

333 1102 504 1155 ἄλλων
539 1104 696 1168 ζώων
723 1105 978 1158 ἁπάντων
1003 1121 1014 1132 ·
1051 1105 1133 1158 ἔτι
1171 1106 1230 1159 δὲ
1262 1107 1360 1160 καὶ
1395 1109 1494 1177 τῆς
1527 1109 1786 1179 οὐρανίας
1823 1111 1916 1162 καὶ

335 1195 852 1266 κυκλοφορουμένης
882 1199 1149 1266 κινήσεως
1184 1201 1280 1253 καὶ
1313 1201 1412 1270 τῆς
1440 1201 1541 1271 γῆς
1568 1201 1625 1254 δὲ
1676 1203 1767 1255 καὶ
1815 1203 1916 1273 τῆς

338 1285 644 1354 Midea-qq;
679 1285 848 1342 Ὅταν
899 1289 957 1342 δὲ
1010 1289 1176 1359 πέρας
1217 1291 1434 1362 δέξηται
1481 1293 1575 1346 καὶ
1621 1293 1831 1346 παῦλαν
1883 1297 1916 1364 ἡ

338 1377 592 1442 σύστασις
622 1379 723 1448 τῆς
755 1381 1059 1451 ἐνεστώσης
1093 1381 1237 1452 ζωῆς
1257 1399 1270 1413 ’
1303 1385 1603 1454 τηνικαῦτα
1628 1387 1808 1458 κρίσις
1837 1389 1916 1441 δι·

339 1469 468 1524 καία
499 1475 786 1541 γενήσεται
817 1477 910 1528 καὶ
947 1475 1281 1544 κατάλληλος
1324 1479 1702 1544 ἅνταπόδοσις,
1730 1481 1918 1550 ,μόνοις

335 1563 534 1633 δηλαδὴ
562 1567 673 1628 τοῖς
701 1565 928 1635 λαχοῦσι
955 1566 1110 1635 παρὰ
1137 1567 1232 1620 τοῦ
1255 1570 1602 1642 Δημιουργοῦ
1632 1571 1810 1644 ψυχὴν
1834 1573 1920 1626 λο-

337 1653 501 1723 γικήν
531 1671 590 1707 τε
631 1657 725 1707 καὶ
771 1656 986 1726 νοεράν,
1021 1659 1097 1720 ὡς
1127 1659 1224 1730 τὴν
1257 1660 1341 1728 ἐφ’
1367 1663 1604 1733 ἑκάτερα
1647 1664 1919 1734 κεκτημὲ-
1947 1684 1953 1691 ·

339 1761 450 1818 νοις
492 1746 833 1818 προαίρεσιν.
867 1750 1037 1803 Τοῦτο
1076 1750 1185 1821 γὰρ
1227 1754 1453 1822 ἑμπεδοῐ
1481 1757 1726 1824 φάσκων,
1765 1776 1783 1809 ι
1814 1758 1918 1811 Σὺν

2020 571 2272 617 ornatum
2311 571 2415 626 est,
2451 571 2615 630 atque
2655 559 2788 614 adeo
2831 573 2927 613 nec
2955 557 3152 628 judicii
3189 571 3328 612 onus
3379 555 3608 620 subibit.

2021 669 2120 708 nec
2155 653 2294 707 male
2327 659 2422 706 aut
2453 659 2604 705 recte
2637 648 2909 705 factorum
2937 646 3422 717 compensationes
3451 645 3606 699 feret.

2017 742 2138 798 Jam
2172 741 2320 812 quod
2351 743 2426 796 ait
2459 741 2845 801 Ecclesiastes.
2889 757 2907 791 ι
2939 736 3422 807 tempestivitatem
3459 735 3607 790 omni

2021 836 2096 889 rei
2121 850 2262 896 esse,
2291 842 2345 888 et
2387 847 2552 902 super
2583 845 2747 886 omne
2784 827 3012 894 factum,
3047 847 3065 880 ι
3104 842 3286 882 nonne
3315 821 3608 881 manifesto

2020 927 2283 990 declarat,
2313 924 2592 980 deﬁnitam
2630 921 2773 992 apud
2810 936 2910 976 nos
2941 921 3105 974 vitam
3138 928 3191 974 et
3235 917 3527 973 stationem
3555 926 3608 971 et

2021 1032 2231 1072 moram
2267 1032 2392 1072 cum
2443 1013 2726 1070 hominum
2779 1021 2892 1067 tum
2929 1021 3250 1067 camerarum
3293 1008 3454 1064 etiam
3488 1010 3608 1063 ani-

2024 1111 2288 1164 mantium
2323 1127 2338 1164 :
2383 1109 2606 1178 insuper
2637 1105 2942 1162 caelestium
2978 1105 3104 1158 item
3143 1099 3602 1163 'conversionut'n,

2020 1216 2088 1257 ac
2119 1211 2276 1255 terrae
2309 1201 2473 1256 etiam
2505 1209 2559 1255 et
2601 1199 2806 1254 maris?
2832 1197 2994 1268 porro
3039 1197 3128 1252 ubi
3163 1194 3446 1266 przesentis
3480 1194 3605 1248 vitae

2024 1294 2339 1348 constitutio
2373 1293 2534 1347 ﬁnem
2560 1292 2912 1362 quietemque
2940 1291 3229 1355 habuerit;
3263 1299 3375 1342 tum
3395 1288 3602 1356 justum

2025 1387 2114 1442 ﬁet
2139 1386 2406 1458 judicium
2443 1396 2496 1441 et
2527 1394 2894 1440 consentanea
2931 1382 3300 1436 remuneratio
3333 1379 3466 1452 (47),
3495 1381 3604 1433 uti-

2025 1497 2131 1550 que
2164 1488 2383 1549 propter
2413 1492 2508 1533 eos
2541 1486 2772 1540 tantum,
2809 1475 2902 1544 qui
2936 1475 3006 1529 ab
3049 1482 3272 1528 auctore
3299 1488 3402 1528 suo
3435 1471 3606 1524 ratio:
3657 1488 3662 1492 ’

2027 1574 2202 1626 ualent
2237 1580 2292 1624 et
2319 1569 2708 1639 intelligentem
2747 1567 2992 1621 animum
3031 1565 3174 1618 nacti
3208 1573 3366 1630 sunt;
3407 1562 3605 1632 quippe

2025 1669 2118 1735 qui
2163 1659 2610 1733 libera'eligendi.
2651 1661 2796 1730 quod
2831 1659 3072 1721 mallent,
3111 1656 3367 1711 facultate
3396 1655 3602 1722 prtediti

2027 1760 2266 1815 filerunt.
2306 1759 2440 1814 Nam
2482 1757 2532 1812 id
2583 1755 2938 1810 Ecclesiastes
2978 1751 3286 1814 confirmat,
3320 1765 3442 1804 cum
3473 1748 3546 1802 ait
3587 1767 3600 1800 :

338 1836 431 1888 τὸν
453 1836 660 1890 δίκαιον
691 1839 905 1894 καὶτὸν
930 1842 1100 1913 ἀσεϐῆ
1139 1847 1316 1914 κρινεῖ
1357 1847 1384 1898 6
1422 1845 1578 1908 Θεός.
1618 1867 1637 1899 ›
1691 1849 1920 1920 Ἀσεϐὴς

2036 1874 2048 1906 ι
2077 1851 2294 1908 iustum
2324 1861 2379 1906 et
2410 1848 2636 1920 impium
2665 1846 2936 1918 iudicabit
2977 1844 3141 1899 Deus.
3177 1861 3196 1894 ι
3248 1840 3433 1912 Neque
3459 1840 3602 1894 enim

341 1928 449 1996 γὰρ
483 1927 576 1980 καὶ
608 1927 818 1993 δίκαιος
844 1933 1020 1994 οὐδεὶς
1049 1931 1208 1998 ἄλλος
1235 1935 1462 2006 εὕρηται
1492 1937 1552 1990 τὸ
1575 1939 1853 2008 παράπαν,
1887 1939 1919 2010 ἢ

342 2023 813 2093 προσαγορεύεται
838 2024 944 2078 τῶν
974 2025 1294 2096 πεφυκότων
1323 2028 1474 2097 παρὰ
1493 2027 1584 2082 τὸν
1613 2031 1917 2100 ἄνθρωπον.

343 2112 514 2164 Τοῦτο
570 2113 679 2184 γὰρ
729 2115 1028 2170 αἰνίττεται
1076 2119 1180 2172 κάν
1231 2121 1346 2182 τοῖς
1393 2119 1921 2190 ἐπομένοιςέίπὼν,

348 2221 368 2252 ι
400 2200 545 2258 Εἶπα
579 2204 689 2274 ἐγὼ
715 2207 774 2258 ὲν
804 2207 1003 2278 καρδίᾳ
1036 2224 1138 2278 μου
1172 2209 1302 2282 περὶ
1333 2209 1521 2274 λαλιᾶς
1551 2212 1683 2265 υἱῶν
1717 2212 1924 2283 ἀνθρώ-

345 2311 470 2361 που,
506 2297 588 2350 ὅτι
627 2297 899 2370 διακρινεῖ
938 2301 1138 2366 αὐτοὺς
1165 2304 1193 2355 6
1221 2301 1376 2367 Θεὸς,
1410 2321 1429 2354 ι
1459 2302 1784 2374 ἀνθρώπους
1813 2308 1925 2358 εἰσ-

347 2383 494 2451 άγων
525 2387 806 2457 πανταχοῦ
850 2388 980 2451 τοὺς
1007 2390 1586 2462 είσπραχθησομὲνους
1619 2393 1716 2458 τὰς
1745 2393 1923 2460 δίκας,

347 2475 441 2528 καὶ
484 2474 915 2548 κριθησομένους
958 2479 1089 2551 περὶ
1133 2472 1210 2534 ὧν
1255 2481 1613 2552 διεπράξαντο
1652 2484 1796 2540 κατὰ
1826 2485 1926 2555 τῆς

347 2564 576 2636 γνώμης
605 2568 950 2640 αὐθαίρετον.

425 2658 491 2711 ⁸0
517 2658 576 2714 δέ
606 2675 760 2731 φησι,
793 2677 815 2712 ι
850 2662 988 2732 Περὶ
1017 2661 1229 2728 λαλιᾶς,
1292 2682 1310 2716 ι
1347 2664 1443 2718 τοῦ
1475 2666 1679 2738 Κυρίου
1709 2669 1926 2740 προδια-

353 2750 553 2820 γράφει
575 2751 666 2804 τὸν
686 2751 852 2831 λόγον
873 2755 964 2806 τὸν
996 2756 1451 2828 ἀποφαινόμενον,
1485 2758 1578 2812 κάὶ
1605 2762 1730 2828 περὶ
1754 2761 1926 2830 ἀργοῦ

355 2841 514 2910 λόγου
558 2841 739 2896 δοῦναι
777 2843 934 2913 λόγον
966 2847 1024 2900 ἐν
1054 2847 1237 2919 ἡμέρᾳ
1283 2851 1382 2920 τῆς
1415 2851 1648 2916 κρίσεως
1675 2853 1800 2915 τοὺς
1833 2853 1929 2906 ἁν-

361 2931 626 3002 θρώπους.
679 2933 736 2989 '0
789 2933 971 3004 μέντοι
1022 2941 1308 3009 προφήτης
1353 2939 1516 2994 Δαόὶδ
1563 2945 1621 2999 ὲν
1655 2945 1928 3015 πνεύματι

363 3023 500 3091 ἁγιῳ
528 3027 618 3080 καὶ
640 3027 821 3082 πλεῖον
845 3025 964 3082 εἷπε
993 3029 1100 3083 τῶν
1129 3033 1436 3104 εἰρημένων
1457 3051 1470 3065 ·
1497 3036 1630 3106 φησὶ
1659 3037 1766 3108 γὰρ
1793 3039 1930 3108 πρὸς

2023 1945 2228 2014 impius
2278 1951 2332 1998 et
2375 1942 2560 2012 justus
2617 1937 2850 1993 inveniri
2891 1937 3032 1991 alius
3071 1933 3344 2005 quispiam
3401 1939 3600 2001 potest.

2024 2047 2116 2091 ant
2139 2051 2204 2090 eo
2254 2035 2476 2089 nomine
2507 2040 2704 2102 praeter
2745 2015 3024 2083 hominem
3077 2027 3131 2080 in
3175 2039 3355 2080 rerum
3409 2032 3602 2078 natura

2024 2127 2301 2200 appellari.
2339 2125 2496 2192 Quod
2543 2123 2612 2178 iis
2657 2122 2822 2176 etiam
2857 2119 3150 2190 signiﬁcat,
3181 2131 3302 2187 qua:
3330 2114 3601 2182 subjecit:

2032 2239 2050 2272 ι
2081 2217 2201 2274 Dixi
2241 2233 2339 2290 ego
2368 2217 2421 2272 in
2467 2214 2631 2271 corde
2664 2227 2784 2266 meo
2819 2212 2888 2266 de
2923 2209 3134 2280 loquela
3163 2207 3397 2266 ﬁliorum
3425 2207 3604 2261 homi-

2026 2311 2134 2375 nis.
2165 2310 2293 2382 quia
2327 2308 2604 2379 separabit
2637 2305 2759 2360 illos
2797 2302 2966 2368 Deus,
2994 2322 3014 2354 ι
3061 2300 3308 2356 homines
3342 2299 3606 2353 inducens

2029 2399 2291 2470 untdique,
2325 2399 2419 2470 qui
2467 2411 2659 2469 poenas
2689 2393 2920 2460 solvere,
2954 2402 3006 2446 et
3029 2391 3296 2461 judicium
3325 2389 3510 2444 subire
3538 2391 3605 2442 de

2029 2493 2096 2550 iis
2125 2491 2348 2556 debent,
2381 2505 2503 2562 quae
2527 2503 2594 2545 ex
2627 2487 2798 2542 libero
2831 2483 3000 2541 animi
3030 2481 3258 2538 arbitrio
3280 2482 3562 2538 admisere.

2095 2671 2255 2738 Quou
2305 2682 2434 2723 vero
2482 2664 2617 2721 dicit
2647 2682 2665 2716 ι
2692 2663 2769 2718 De
2810 2661 3054 2732 loquela,
3084 2679 3103 2714 ι
3157 2661 3222 2715 ad
3255 2657 3470 2714 Domini
3526 2658 3609 2713 di-

2029 2774 2174 2818 ctum
2211 2759 2452 2830 pertinet
2481 2755 2852 2821 admonentis,
2880 2755 2934 2810 in
2963 2755 3058 2832 illo
3085 2753 3278 2824 judicii
3309 2753 3397 2806 die
3432 2749 3610 2805 homi-

2030 2868 2128 2908 nes
2162 2852 2243 2908 vel
2289 2851 2356 2906 de
2385 2849 2550 2904 verbo
2582 2847 2762 2903 otioso
2810 2847 3076 2920 rationem
3114 2859 3236 2900 esse
3280 2841 3606 2911 reddituros.

2031 2941 2353 3011 Quanquam
2405 2939 2572 2994 David
2608 2941 2872 3010 propheta
2921 2942 3116 2992 sancto
3150 2931 3355 3004 Spiritu
3399 2933 3610 2988 adlatus

2033 3033 2120 3087 bis
2169 3032 2305 3102 ipsis
2334 3031 2459 3102 plus
2511 3029 2714 3101 aliquid
2755 3027 3100 3085 enuntiavit:
3129 3026 3210 3081 sic
3253 3024 3398 3078 enim
3443 3023 3607 3079 Deum

359 3116 588 3209 τὸντῶν
627 3120 764 3173 ὅλων
791 3119 945 3187 Θεὸν,
982 3139 1001 3173 ι
1043 3123 1163 3180 ’Ότι
1203 3125 1459 3194 ἐνθύμιον
1495 3127 1782 3198 ἀνθρώπου
1842 3131 1929 3198 ἐξ-

2036 3125 2280 3182 universi
2323 3125 2668 3193 alloquitur:
2709 3139 2726 3172 ι
2763 3119 3034 3188 Quoniam
3075 3117 3332 3190 cogitatio
3371 3116 3612 3170 hominis

357 3208 753 3281 ομολογήσεταί
783 3229 886 3266 σοι.
927 3231 944 3263 ι
979 3215 1284 3286 Παρίστησι
1310 3234 1373 3286 γε
1408 3219 1515 3290 μὴν
1545 3221 1756 3282 καὶτὰς
1803 3225 1933 3294 περὶ

359 3299 546 3364 λαλιᾶς
574 3303 682 3355 τῶν
711 3303 840 3357 υἱῶν
868 3307 962 3360 τοῦ
1007 3305 1294 3378 ἀνθρώπου
1339 3311 1639 3374 καταδίκας
1690 3315 1784 3366 καὶ
1835 3332 1934 3369 κα-

359 3393 640 3462 τακρίσεις
681 3397 784 3448 κάν
816 3399 928 3462 τοῖς
971 3400 1324 3470 Εὑαγγελίοις
1359 3403 1583 3472 φάσκων
1625 3407 1653 3458 6
1692 3404 1928 3475 Κύριοςο

367 3501 385 3531 ι
435 3483 528 3539 Ἐκ
554 3485 662 3538 τῶν
690 3487 864 3554 λόγων
896 3505 986 3542 σου
1017 3490 1375 3563 δικαιωθήσῃ,
1413 3493 1506 3546 καὶ
1533 3495 1599 3546 ὲκ
1627 3493 1734 3545 τῶν
1761 3493 1935 3561 λόγων

363 3591 458 3628 σου
504 3577 971 3650 καταδικασθήσῃ.
1017 3599 1035 3630 ι
1079 3581 1153 3633 T6
1193 3581 1270 3645 δὲ,
1305 3601 1325 3632 ι
1363 3584 1641 3651 Διακρινεῖ
1687 3585 1881 3646 αὐτοὺς
1906 3586 1936 3636 6

363 3667 521 3728 Θεὸς,
575 3685 594 3717 ι
633 3669 776 3721 κατὰ
827 3671 924 3737 μὲν
953 3669 1046 3722 τὸν
1088 3671 1279 3741 καιρὸν
1327 3673 1426 3738 τῆς
1475 3672 1938 3744 ἐνανθρωπήσεως

363 3757 460 3831 τοῦ
511 3757 747 3826 Χριστοῦ
803 3759 895 3812 καὶ
951 3760 1200 3830 Σωτῆρος
1252 3761 1430 3831 ἡμῶν,
1488 3761 1728 3816 δείκνυσι
1783 3757 1940 3818 καὶὸ

367 3845 680 3918 Βαπτιστὴς
738 3847 988 3920 Ἰωάννης
1038 3852 1166 3920 περὶ
1217 3851 1382 3905 αὑτοῦ
1434 3853 1628 3920 λέγων,
1681 3874 1698 3903 ι
1755 3849 1829 3908 Οὖ
1879 3857 1940 3910 τὸ

369 3937 538 3990 πτύον
559 3939 616 3990 ὲν
642 3941 707 4010 τῇ
738 3940 880 4010 χειρὶ
909 3940 1094 4007 αὐτοῦ,
1130 3943 1224 3996 καὶ
1256 3943 1601 4014 διακαθαριεῖ
1627 3949 1724 4017 τὴν
1756 3949 1940 4002 ἅλωνα

369 4027 554 4092 αὑτοῦ,
584 4029 678 4081 καὶ
725 4029 942 4094 συνάξει
970 4032 1060 4085 τὸν
1099 4035 1246 4088 σῖτον
1285 4035 1448 4088 αὑτοῦ
1496 4039 1574 4100 εἰς
1601 4038 1700 4107 τὴν
1731 4041 1941 4112 ἀποθή-

369 4138 492 4191 κην,
532 4122 594 4175 τὸ
643 4123 699 4178 δὲ
753 4125 956 4195 ἄχυρον
1012 4127 1348 4182 κατακαύσει
1399 4131 1533 4201 πυρὶ
1584 4132 1854 4204 ἀσϐέστῳ.
1917 4154 1936 4187 ι

347 4215 527 4268 Κατὰ
559 4213 615 4267 δὲ
641 4215 731 4269 τὸν
766 4219 954 4289 καιρὸν
986 4220 1082 4290 τῆς
1113 4219 1324 4286 ἐνδόξου
1359 4222 1452 4276 καὶ
1486 4223 1722 4295 φοϐερᾶς
1760 4227 1942 4282 δευτέ-

373 4323 474 4376 ρας
529 4307 694 4360 αὑτοῦ
746 4311 1054 4380 παρουσίας
1117 4313 1389 4368 δείκνυσιν
1443 4315 1607 4377 αὐτὸς
1661 4317 1868 4382 ἐκεῖνος
1917 4322 1945 4374 ὁ

372 4398 802 4470 θεαρχικώτατος
830 4401 1002 4471 Λόγος
1040 4405 1136 4457 καὶ
1165 4405 1398 4474 Χριστὸς
1437 4407 1530 4460 καὶ
1563 4407 1752 4480 Σωτὴρ
1786 4411 1945 4480 ἡμῶν

2035 3219 2384 3275 conﬁtebitur
2433 3217 2529 3271 tibi
2553 3217 2620 3268 τί.
2657 3235 2675 3266 ι
2712 3215 3010 3272 Enimvero
3053 3213 3118 3266 ad
3151 3225 3366 3280 pinnam
3399 3218 3452 3263 et
3476 3223 3611 3262 con-

2034 3312 2436 3367 demnationem
2472 3309 2691 3379 loquela:
2715 3309 2950 3362 ﬁliorum
2982 3304 3096 3378 98
3124 3303 3366 3359 hominis
3389 3317 3452 3356 ea
3476 3317 3614 3369 quo~

2035 3421 2144 3473 que
2167 3411 2439 3474 spectant,
2470 3417 2592 3480 quae
2615 3399 2879 3456 Dominus
2912 3401 2968 3454 in
2995 3397 3300 3469 Evangeliis
3333 3396 3409 3450 ait
3439 3413 3452 3450 :
3485 3413 3504 3446 ι
3535 3394 3611 3448 Ex

2036 3497 2218 3549 verbis
2251 3495 2359 3548 tuis
2380 3491 2794 3562 justiticaberis,
2825 3500 2879 3546 et
2908 3507 2972 3544 ex
3001 3491 3184 3545 verbis
3215 3491 3324 3542 tuis
3363 3488 3617 3543 condem-

2038 3585 2350 3640 naberis".
2391 3603 2410 3634 ι
2456 3582 2594 3638 Tum
2625 3582 2756 3635 illud
2791 3601 2804 3636 :
2845 3601 2864 3632 ι
2897 3579 3184 3649 Separabit
3227 3579 3349 3632 illos
3393 3579 3553 3637 Dens,
3591 3598 3606 3626 ι

2040 3679 2085 3732 si
2143 3677 2208 3730 ad
2265 3685 2482 3744 tempus
2525 3671 2732 3727 referas
2787 3671 3258 3726 inhumanalionis
3306 3670 3507 3722 (thrisli
3565 3679 3616 3720 et

2043 3767 2359 3825 Servatoris
2389 3763 2585 3829 nostri,
2613 3762 2853 3818 ostendit
2876 3762 3042 3816 etiam
3073 3760 3316 3816 Joannes
3347 3759 3612 3832 Baptista,

2041 3874 2164 3914 cum
2199 3857 2280 3912 de
2321 3857 2439 3928 ipso
2473 3856 2648 3910 dicit:
2686 3873 2703 3906 ι
2733 3853 2903 3924 Cujus
2943 3853 3306 3908 ventilabrum
3362 3855 3414 3907 in
3454 3869 3614 3908 manu

2043 3952 2182 4016 ejus,
2216 3958 2268 4004 et
2307 3946 2558 4016 purgabit
2597 3959 2780 4000 aream
2814 3959 2994 4006 suam,
3037 3952 3093 3998 et
3125 3942 3482 4013 congregabit
3523 3946 3619 3994 ιιι-

2045 4043 2213 4096 tirum
2265 4055 2424 4094 suum
2472 4040 2525 4092 in
2563 4038 2843 4101 horreum,
2897 4035 3080 4106 paleas
3123 4033 3619 4088 autem'combuiet

2045 4135 2169 4201 igne
2207 4130 2642 4200 inexstinguibili
2665 4129 2731 4182 ".
2765 4145 2783 4181 ι
2826 4129 2921 4183 Sin
2951 4142 3078 4181 vero
3109 4136 3322 4194 tempus
3359 4127 3620 4196 respicias

2046 4226 2273 4298 gloriosi
2319 4223 2482 4279 simul
2533 4231 2696 4292 atque
2746 4219 3007 4276 terribilis
3049 4218 3485 4298 adventusejus
3532 4233 3620 4270 sv-

2045 4293 2238 4383 cnndi,
2276 4317 2512 4371 Verbum
2552 4316 2731 4384 ipsum
2767 4312 3012 4368 divinum
3055 4293 3427 4381 attcrnumque
3465 4309 3622 4365 Chri-

2047 4421 2167 4465 stus
2209 4417 2265 4464 et
2301 4410 2562 4464 Servator
2598 4417 2788 4462 noster
2833 4407 3097 4470 declarat,
3147 4404 3237 4458 ubi
3285 4404 3397 4458 ait:
3434 4423 3452 4452 ι
3486 4405 3617 4458 Cum

372 4489 514 4544 οὕτω
555 4491 780 4562 φάσκων
803 4511 818 4526 ο
859 4515 878 4547 ι
919 4496 1084 4550 Ὅταν
1119 4497 1174 4550 δὲ
1229 4496 1356 4569 ἔλθῃ
1398 4501 1427 4552 6
1454 4499 1581 4562 Υἱὸς
1609 4499 1704 4552 τοῦ
1735 4500 1935 4570 ἀνθρώ·

2047 4510 2232 4556 autem
2271 4499 2484 4556 venerit
2514 4495 2970 4554 Filius'bominis
3005 4497 3058 4552 in
3093 4497 3379 4566 majestate
3413 4509 3534 4554 sua,
3571 4505 3623 4548 et

375 4599 476 4636 που
509 4585 568 4637 ὲν
611 4587 676 4654 τῇ
712 4586 838 4658 δόξῃ
871 4589 1056 4648 αὐτοῦ,
1084 4589 1178 4642 καὶ
1220 4590 1421 4654 πάντες
1461 4591 1510 4643 oi
1548 4593 1694 4658 ἅγιοι
1723 4595 1944 4661 ἄγγελοι

379 4675 495 4744 μετ’
525 4677 713 4740 αὐτοῦ,
754 4679 874 4730 τότε
910 4679 1124 4732 καθίσει
1171 4682 1266 4733 ἐπὶ
1301 4680 1490 4749 θρόνου
1536 4683 1692 4753 δόξης
1738 4685 1904 4738 αὑτοῦ
1927 4701 1940 4715 ·

378 4771 472 4822 καὶ
506 4771 929 4844 συναχθήσονται
959 4773 1266 4844 ἔμπροσθεν
1297 4775 1461 4828 αὐτοῦ
1499 4777 1676 4830 πάντα
1701 4777 1768 4831 τὰ
1795 4778 1945 4848 ἔθνη,

381 4861 476 4914 καὶ
519 4862 736 4934 ἀφοριεῖ
765 4864 961 4926 αὐτοὺς
1004 4864 1100 4918 ἀπ’
1147 4863 1413 4934 ἀλλήλων,
1458 4865 1647 4936 ὥσπερ
1677 4871 1703 4922 6
1744 4869 1946 4939 ποιμὴν

2049 4607 2241 4648 omnes
2283 4591 2456 4648 sancti
2508 4590 2685 4660 angeli
2730 4604 2854 4644 cum
2893 4603 2982 4654 eo,
3029 4600 3160 4644 tunc
3208 4587 3414 4642 sedebit
3461 4602 3621 4654 snp-r

2053 4686 2234 4740 sedem
2289 4683 2593 4752 majestatis
2654 4697 2801 4746 suae;
2859 4689 2912 4736 et
2968 4680 3446 4750 congregabuntur
3499 4691 3624 4732 autc

2052 4790 2177 4828 eum
2213 4789 2404 4828 omnes
2444 4782 2658 4844 gentes,
2706 4779 2761 4825 et
2805 4769 3081 4840 separabit
3122 4783 3219 4822 eos
3253 4769 3322 4821 ab
3366 4767 3621 4827 invicem,

2055 4868 2201 4922 sicut
2245 4873 2431 4934 pastor
2480 4871 2728 4934 segregat
2771 4875 2904 4918 oves
2954 4861 3023 4916 ab
3073 4859 3242 4916 hzedis
3273 4878 3287 4924 ε,
3319 4866 3373 4912 et
3421 4864 3626 4915 statuet

453 5086 496 5117 ἰ
529 5083 674 5141 Psal.
707 5103 846 5142 Lxxv
875 5129 888 5151 ,
916 5089 1005 5147 11.
1077 5089 1124 5120 ⁷¹
1164 5085 1352 5147 Matth.
1383 5103 1480 5156 xu,
1513 5088 1601 5145 37.
1677 5089 1722 5122 ⁷³
1747 5087 1876 5153 Luc.
1905 5105 1988 5158 tu,
2022 5090 2107 5156 i7,

456 5334 568 5410 (47)
590 5337 925 5410 Εειίὶιξιηγιιεεε
955 5337 1117 5394 refert
1149 5338 1547 5410 Hieronymus;
1577 5341 1658 5396 sic
1695 5342 1836 5396 enim
1861 5340 1965 5395 Ec-

384 5407 673 5462 clesiasten
715 5407 922 5463 inducit
957 5425 1116 5465 sensa
1157 5425 1252 5464 sua
1303 5407 1662 5480 explicantem
1692 5429 1736 5466 ει
1771 5411 1960 5466 Postea

384 5493 514 5550 vero
544 5493 666 5532 cum
711 5480 874 5532 corde
913 5494 1032 5532 meo
1059 5480 1376 5550 colloquens
1400 5487 1455 5535 et
1483 5492 1760 5548 reputans.
1799 5482 1960 5538 intel-

387 5547 514 5628 ιιι-ἱ..
565 5563 670 5600 non
707 5563 802 5628 per
830 5561 1024 5628 partes
1073 5547 1238 5604 Deum
1291 5559 1343 5604 et
1390 5565 1488 5620 per
1515 5547 1762 5619 singulos
1813 5566 1958 5628 nunc

383 5617 658 5697 judicare,
703 5616 796 5674 sed
828 5619 883 5671 in
934 5616 1194 5697 [uti-trum.
1233 5616 1446 5697 tempus
1497 5616 1774 5674 reservare
1811 5620 1959 5697 judi—

387 5687 556 5756 rium.
609 5696 668 5740 ut
699 5701 890 5741 omnes
933 5687 1133 5756 pariter
1175 5687 1508 5754 judicentur,
1553 5699 1607 5744 et
1654 5687 1954 5744 secundum

387 5755 721 5820 voluntatem
753 5765 808 5812 et
837 5755 999 5833 opera
1024 5771 1121 5812 sua
1153 5757 1224 5815 ibi
1256 5759 1536 5839 recipiant.
1566 5758 1677 5816 Hoc
1707 5771 1792 5816 est
1815 5759 1958 5818 enim

2060 5342 2200 5410 quod
2235 5341 2350 5394 ait:
2387 5340 2451 5396 Et
2483 5349 2684 5410 tempus
2715 5340 2858 5394 omni
2891 5338 3149 5410 uoluntati
3185 5345 3260 5410 et_
3281 5351 3438 5410 super
3480 5349 3629 5386 omne

2061 5403 2262 5480 factum
2295 5411 2392 5472 ibi,
2426 5412 2478 5465 id
2503 5403 2595 5466 est'
2619 5413 2672 5466 in
2702 5411 2928 5480 judicio,
2961 5407 3183 5480 quando
3227 5403 3496 5480 Dominus
3515 5417 3630 5480 cfe-

2061 5471 2199 5550 perit
2229 5471 2498 5550 judicare.
2530 5489 2661 5536 tunc
2690 5471 2871 5535 futura
2915 5471 3256 5550 (ξεί-νοτίαις.⁸
3281 5486 3444 5550 nunc
3484 5471 3630 5550 inj‘u-

2059 5541 2204 5606 stitia
2229 5541 2584 5606 'dominatur'
2623 5551 2675 5604 in
2712 5551 2934 5604 mundo.
2989 5546 3119 5600 Tale
3166 5543 3295 5613 quid
3329 5552 3385 5613 et
3431 5541 3487 5594 in
3533 5541 3631 5595 Sa-

2056 5622 2280 5743 pientia,
2305 5637 2426 5690 quze
2473 5619 2565 5674 ﬁlii
2601 5619 2789 5703 Sirac'h
2824 5617 3140 5702 inscribitur
3186 5611 3386 5682 ’(Eccli.
3437 5625 3628 5692 xttxnt.

2095 5691 2148 5743 ω
2176 5692 2402 5743 Ιιεαιιηιιε
2433 5709 2446 5743 :
2481 5689 2564 5743 Ne
2591 5689 2790 5743 dixeris
2815 5705 2834 5743 :
2859 5687 3000 5743 Οιιιιι
3025 5696 3104 5740 ρει
3132 5684 3246 5743 hoc,
3271 5691 3364 5736 aut
3403 5682 3530 5743 qutd
3555 5690 3628 5733 est

2095 5691 2148 5756 6)
2176 5682 2402 5761 legimus
2433 5709 2446 5746 :
2481 5689 2564 5745 Ne
2591 5689 2790 5744 dixeris
2815 5705 2834 5744 :
2859 5687 3000 5754 Quid
3025 5696 3104 5740 est
3132 5684 3246 5761 hoc,
3271 5691 3364 5736 aut
3403 5682 3530 5748 quid
3555 5690 3629 5733 est

2060 5761 2192 5818 illud
2213 5757 2441 5820 fomnt'a
2476 5761 2612 5819 enim
2649 5768 2877 5826 tempore
2906 5774 3000 5813 suo
3029 5757 3376 5826 requirentur.
3418 5771 3437 5805 ι
