4076 6284
349 376 458 441 839

1389 382 1470 441 1N
1529 359 2108 442 scotnsusrm.
2146 407 2203 415 —
2243 381 2383 440 Lm.
2433 379 2550 440 ιῐῐ.

3505 375 3610 447 8ῧο

349 487 865 559 παντοκρατορικῆς
898 486 1164 556 Προνοίας
1199 489 1392 558 λόγους
1443 491 1795 560 ἡθετηκότες,
1830 491 1926 545 καὶ

2030 489 2132 544 bus
2159 498 2302 544 totos
2346 504 2405 544 se
2435 488 2788 550 addixerunt,
2823 496 2882 541 ut
2937 499 3045 540 non
3081 485 3258 540 solum
3293 487 3506 540 consilii
3546 504 3611 543 ac

351 581 554 644 πάσαις
585 578 1048 651 πονηροπραξίαις
1079 579 1325 642 ἐκδότους
1381 583 1521 650 σφᾶς
1551 581 1751 643 αὐτοὺς
1789 581 1924 634 ἀποο

349 671 640 740 φήναντες,
677 669 772 722 καὶ
819 669 1028 738 σφόδρα
1074 669 1182 722 τῶν
1219 671 1542 742 ἀκαθάρτων
1580 671 1781 738 ἡδονῶν
1825 673 1924 740 ὲμ-

349 759 698 830 φορηθέντες,
734 759 810 823 ὡς
841 758 1049 826 ἀλόγως
1097 761 1192 812 καὶ
1241 762 1604 830 παραφρόνως
1650 760 1925 813 διατεθέν-

347 867 460 916 τες,
512 851 606 904 καὶ
655 851 823 920 μηδὲν
857 851 1008 916 ἄξιον
1055 851 1278 921 λογικῆς
1317 850 1496 920 ψυχῆς
1547 852 1924 920 ὲννοήσαντες,

348 927 572 996 ἀλλάτὸ
605 942 678 1011 μὴ
707 945 766 996 ὃν
804 944 896 995 καὶ
928 943 989 996 τι
1019 941 1213 1014 ψεῦδος
1241 943 1313 1004 ὡς
1347 939 1607 1012 ἀλήθειαν
1633 942 1926 1010 καταγγεί-

303 1089 310 1097 ,
348 1035 561 1098 λαντες,
594 1035 688 1086 καὶ
735 1035 794 1086 τὸ
827 1033 942 1102 φῶς
991 1034 1202 1096 σκότος,
1239 1034 1334 1087 καὶ
1369 1035 1435 1087 τὸ
1483 1035 1649 1088 καλὸν
1685 1036 1925 1105 πονηρὴν

349 1123 744 1192 ὀνομάσαντεςο
793 1123 994 1190 ὁμοίως
1023 1124 1252 1186 ἐκείνοις
1287 1124 1424 1192 πρὸς
1465 1124 1528 1176 τὸ
1556 1124 1650 1177 τοῦ
1691 1124 1924 1178 θανάτου

349 1214 749 1283 καταντήσουσι
789 1213 955 1276 τέλος,
991 1215 1248 1284 οὐδεμίαν
1278 1215 1486 1285 ἀγαθὴν
1537 1216 1728 1273 ἐλπίδα
1773 1235 1924 1286 χειρί

349 1301 670 1368 αγωγοῦσαν
698 1303 896 1364 αὐτοὺς
924 1302 1141 1371 ἔχοντες
1173 1305 1310 1378 πρὸς
1355 1305 1452 1375 τὴν
1484 1305 1632 1376 ζωὴν
1669 1307 1769 1378 τὴν
1797 1307 1926 1360 αἰώ-

348 1407 462 1442 νιον
481 1406 496 1421 ·
526 1389 641 1445 ἀλλ’
677 1392 751 1454 ὡς
777 1393 838 1458 ἐξ
866 1390 982 1445 ξ’σου
1016 1395 1110 1446 καὶ
1143 1395 1537 1466 παραπλησίως
1563 1399 1676 1460 τοῖς
1704 1399 1924 1467 κτήνεσι

347 1480 648 1551 ζήσαντες,
703 1481 845 1535 οὕτω
907 1486 1000 1536 καὶ
1055 1482 1400 1552 θνήσκοντες.
1467 1485 1684 1557 Ἐπειδὴ
1744 1503 1763 1538 ι
1833 1487 1925 1539 καὶ

348 1569 566 1641 πνεῦμα
609 1573 666 1626 ἓν
717 1575 852 1627 πᾶσι
891 1593 910 1626 ι
945 1573 1155 1642 πέφυκε
1181 1579 1298 1639 τοῖς
1327 1577 1610 1640 τοιούτοις.
1661 1579 1787 1632 Εἴτε
1815 1577 1924 1648 γὰρ

347 1663 439 1718 τὸν
467 1663 604 1733 ἀέρα
635 1663 874 1733 πνεῦμά
905 1683 1060 1736 φησι,
1100 1667 1393 1732 δείκνυσιν,
1427 1667 1504 1730 ὡς
1543 1670 1730 1722 τοῦτον
1766 1669 1924 1740 μόνον

348 1754 650 1826 εὑρέθησαν
691 1755 1050 1818 ἀναπνέοντες
1097 1756 1187 1810 τὸν
1232 1757 1370 1826 ἀέρα
1409 1757 1506 1810 καὶ
1551 1759 1601 1811 οἱ
1649 1759 1797 1814 ἄθεοι
1830 1759 1924 1812 καὶ

2032 581 2232 634 mentis
2261 588 2516 650 expertes
2544 577 2680 632 nihil
2711 577 2962 631 rationali
2993 576 3218 646 dignum
3251 578 3438 630 animo
3464 579 3613 649 cogi-

2033 680 2167 736 tent,
2203 671 2297 724 sed
2327 671 2490 724 etiam
2533 670 2680 739 quod
2717 668 2941 722 minime
2981 679 3063 722 est
3106 675 3160 721 et
3207 669 3354 737 quod
3387 670 3608 730 falsum,

2031 761 2188 830 quasi
2221 778 2403 816 verum
2432 761 2681 826 eﬂ'erant,
2715 761 3010 830 lumenque
3037 761 3290 816 tenebras
3318 768 3374 815 et
3405 761 3608 814 bonum

2032 853 2389 908 denominant
2428 853 2630 906 malum
2663 872 2676 906 :
2710 854 2900 922 utique
2955 853 2992 906 ii
3045 868 3199 922 aeque
3239 867 3304 907 ac
3337 851 3608 920 iumenta,

2031 961 2158 1003 eum
2208 945 2399 999 mortis
2454 943 2663 999 exitum
2705 943 3007 1007 habebunt,
3047 943 3190 998 bona
3229 952 3290 998 ut
3328 958 3446 1014 spe,
3487 957 3610 1013 quae

2032 1046 2293 1089 aeternam
2347 1035 2414 1089 ad
2465 1037 2632 1089 vitam
2680 1034 2936 1099 deducat,
2991 1023 3142 1089 omni
3195 1051 3262 1090 ex
3308 1043 3464 1104 parte
3515 1050 3610 1089 ca-

2034 1138 2226 1192 reant;
2285 1139 2338 1180 et
2384 1143 2618 1198 quorum
2653 1127 2887 1182 vivendo
2929 1141 3243 1194 expressere
3285 1131 3474 1192 vitam,
3517 1141 3613 1181 eo-

2034 1221 2280 1274 rumdcm
2326 1227 2384 1274 ut
2430 1229 2662 1276 mortem
2696 1220 3009 1274 decedendo
3062 1219 3362 1278 imitentur.
3399 1217 3612 1287 Quippe

2031 1322 2084 1366 et
2133 1331 2152 1362 ι
2181 1312 2421 1381 Spiritus
2467 1312 2551 1367 his
2603 1328 2746 1368 unus
2797 1311 3058 1366 omnibus
3102 1321 3186 1366 est
3217 1329 3231 1371 ;
3267 1331 3284 1363 ι
3340 1310 3608 1380 siquidem

2031 1405 2177 1459 enim
2199 1421 2380 1458 aerem
2410 1403 2674 1476 Spiritum
2698 1403 2850 1466 dicit,
2881 1403 3012 1458 illud
3034 1402 3390 1462 demonstrat,
3415 1403 3608 1456 atheos

2032 1496 2168 1551 istos
2217 1504 2271 1549 et
2327 1496 2524 1565 impios
2565 1496 2921 1564 impurosque
2968 1495 3222 1548 homines
3275 1493 3408 1546 nihil
3458 1491 3606 1545 aliud

2030 1588 2372 1658 praestitisse,
2425 1602 2590 1656 quam
2645 1596 2704 1640 ut
2747 1586 3110 1640 animantium
3161 1584 3406 1638 omnium
3458 1597 3610 1636 more

2028 1693 2208 1732 aerem
2257 1679 2610 1746 respirarent,
2651 1677 2799 1730 nulla
2833 1677 3060 1729 omnino
3103 1675 3218 1728 veri
3270 1671 3604 1742 agnoscendi

2031 1786 2164 1826 cura
2195 1779 2446 1838 suscepta
2477 1768 2612 1838 (50).
2651 1767 2744 1822 Sin
2792 1778 2970 1822 autem
3001 1766 3260 1834 Spiritum
3297 1765 3383 1818 hic
3413 1764 3611 1816 volun-

347 1844 648 1909 δυσσεϐεῖς,
697 1845 791 1899 καὶ
837 1846 887 1898 οἱ
931 1845 1125 1914 φαῦλοι
1159 1847 1252 1900 καὶ
1295 1847 1536 1916 βέϐηλοι,
1574 1847 1709 1919 πρὸς
1739 1847 1797 1902 ὃν
1829 1849 1924 1903 καὶ

2030 1871 2190 1915 tatem
2242 1860 2479 1923 vocavit,
2537 1858 3002 1928 quemadmodum
3057 1855 3216 1925 100
3264 1853 3434 1909 Osvas
3483 1868 3608 1922 pro-

347 1937 455 1989 τῶν
485 1937 698 2006 κτηνῶν
735 1939 764 1989 ό
813 1937 1134 2006 κατάλογος,
1185 1938 1445 2008 οὐδεμίαν
1492 1940 1750 2009 φροντίδα
1797 1942 1926 2012 περὶ

347 2026 448 2097 τῆς
476 2028 584 2080 τῶν
615 2030 956 2098 πραγμάτων
979 2029 1232 2099 ἀληθείας
1255 2029 1514 2094 λαϐόντες
1531 2047 1543 2060 ·
1572 2033 1680 2083 εἴτε
1708 2051 1726 2083 ι
1759 2032 1926 2086 πνεῦ-

351 2133 430 2186 μα
479 2137 498 2169 ι
552 2118 651 2191 τὴν
697 2120 1016 2190 προαίρεσιν
1061 2121 1315 2192 ὠνόμασε
1361 2124 1478 2186 νῦν,
1527 2121 1711 2186 καθώς
1761 2141 1927 2194 φησιν

360 2210 522 2280 Ὠσηὲ
553 2213 581 2264 ὀ
609 2214 920 2283 προφήτηςο
955 2231 974 2264 ι
1009 2213 1132 2267 Ὀτι
1166 2215 1439 2283 πνεύματι
1476 2217 1730 2286 πορνείας
1761 2216 1928 2270 ὲπλα-

347 2300 624 2370 νήθησαν’
660 2321 678 2352 ι
708 2303 802 2356 καὶ
829 2303 1014 2366 πάλιν,
1044 2323 1064 2357 ι
1105 2305 1226 2360 Ὅτι
1257 2304 1476 2374 πνεῦμα
1503 2307 1758 2376 πορνείας
1777 2306 1927 2359 ἐστὶν

347 2393 407 2443 ὲν
433 2391 635 2456 αὐτοῖς,
668 2411 686 2444 ι
716 2394 817 2464 τὴν
845 2395 1198 2467 ἀνθρωπίνην
1227 2399 1548 2468 προαίρεσιν
1575 2401 1664 2452 καὶ
1698 2398 1926 2470 γνώμην

347 2479 494 2533 οὕτω
537 2485 1012 2556 προσαγορεύσας·
1065 2488 1166 2558 τὴν
1215 2489 1384 2558 αὐτὴν
1427 2495 1540 2554 τοῖς
1589 2489 1928 2560 βοσκήμασιν

350 2571 495 2644 ἔχειν
541 2575 833 2641 ἀϐουλίαν,
893 2577 1076 2649 ἔργοις
1127 2580 1311 2644 αὐτοῖς
1341 2583 1930 2664 νπαρεμπεδώσαντες,

2031 1953 2186 2022 pheta
2249 1953 2348 2016 ait,
2409 1971 2427 2002 ι
2461 1949 2698 2020 Spiritus
2754 1952 2900 2004 enim
2951 1948 3342 2012 fornicationis
3394 1945 3610 2012 decepit

2027 2061 2124 2100 eos
2145 2045 2228 2110 7';
2260 2063 2279 2096 ›
2319 2060 2383 2098 ac
2415 2061 2634 2098 rursum
2672 2063 2685 2098 :
2727 2061 2746 2094 ι
2774 2043 2913 2109 Quia
2971 2043 3199 2112 spiritus
3231 2039 3611 2096 fornicationis

2032 2136 2084 2188 in
2128 2135 2306 2188 medio
2337 2149 2526 2186 eorum
2571 2133 2757 2196 est";
2787 2151 2805 2183 ι
2841 2133 3139 2186 liumanum
3183 2145 3380 2198 nempe
3407 2143 3609 2198 prepo-

2029 2227 2195 2280 situm
2243 2234 2297 2278 et
2325 2225 2662 2278 voluntatem
2697 2225 2778 2278 sic
2824 2224 3146 2294 appellans;
3191 2223 3319 2274 illud
3349 2219 3612 2272 Ecclesia-

2031 2325 2142 2369 stes
2166 2316 2430 2380 declarat,
2465 2330 2559 2369 eos
2602 2331 2710 2368 non
2755 2316 2937 2368 minus
2967 2331 3129 2384 quam
3165 2313 3400 2383 pecudes
3427 2310 3610 2378 inopia

2032 2405 2247 2460 consilii
2279 2406 2582 2470 laborasse,
2615 2407 2706 2475 qui
2745 2404 2905 2459 factis
2933 2419 3090 2474 pares
3123 2419 3181 2458 se
3211 2413 3375 2470 atque
3399 2400 3610 2454 similes

2033 2497 2447 2552 irrationalibus
2485 2497 2752 2566 jumentis
2799 2512 2922 2552 esse
2970 2495 3375 2550 conﬁrmarint.
3421 2492 3612 2562 Itaque

2035 2585 2102 2640 de
2126 2586 2209 2639 his
2241 2588 2430 2657 utique
2460 2587 2594 2656 ipsis
2625 2588 2822 2654 adjecit
2856 2604 2868 2640 :
2997 2597 3039 2627 ο

353 2668 910 2738 παρασυμϐληθὲντες
961 2673 1070 2734 τοῖς
1103 2658 1474 2746 κτήνεσιτοῖς
1519 2675 1788 2746 ἀνοήτοις,
1829 2677 1923 2736 καὶ
1970 2658 2337 2752 ⁸ὁμοιωθέντες
2403 2678 2607 2745 αὐτοῖς.
2651 2679 2872 2756 Ἀμέλει
2905 2679 3082 2734 τοίνυν
3150 2673 3410 2748 περὶτῶν
3439 2671 3614 2726 τοιού-

352 2781 458 2821 των
492 2765 740 2834 ἐπήγαγε
769 2781 782 2797 ·

1942 2863 2084 2920 XXI.

427 2951 534 3006 Kal
567 2951 623 3005 τί
653 2952 1098 3023 ἐπερίσσευσεν
1128 2957 1440 3026 ἅνθρωπος
1468 2959 1626 3027 παρὰ
1667 2960 1733 3014 τὸ
1780 2865 1924 3030 unig-

2030 2865 2268 3016 J.Vens.
2323 2959 2411 3014 19.
2453 2956 2524 3012 Ει
2569 2958 2696 3030 quid
2746 2957 3035 3012 abundavit
3084 2957 3238 3016 homo
3285 2971 3319 3012 a
3369 2953 3615 3026 pecude?

358 3060 462 3109 νος
483 3061 502 3107 ;
533 3044 733 3099 οὐδέν.

425 3131 516 3204 Τῷ
556 3134 782 3205 ὀνόματι
833 3135 982 3214 μόνῳ
1025 3136 1592 3210 παραλαμϐανόμενον
1617 3139 1922 3211 ἄνθρωπον,

321 3223 504 3278 ιούδὲν
530 3227 587 3280 δὲ
615 3226 715 3297 τῆς
741 3229 1001 3300 τοιαύτης
1051 3229 1421 3302 προσηγορίας
1465 3230 1553 3286 διά
1597 3231 1708 3285 τῶν
1751 3233 1926 3304 ἔργων

352 3318 792 3391 ἐπιδεικνύμενον
830 3321 999 3389 ἀξιον,
1057 3323 1223 3395 μηδὲν
1255 3324 1400 3394 ἔχειν
1449 3324 1777 3380 διατείνεται
1831 3325 1926 3379 τοῦ

351 3411 583 3482 κτήνους
609 3411 864 3483 περισσὸν
886 3415 966 3477 εἰς
991 3413 1257 3483 ὠφέλειαν
1283 3415 1377 3470 καὶ
1408 3416 1684 3487 σωτηρίαν
1711 3416 1888 3488 ψυχῆς
1909 3433 1922 3444 ·

351 3501 444 3554 ἅτε
480 3502 544 3574 δὴ
581 3505 720 3557 κατά
749 3504 818 3558 τὰ
850 3505 991 3581 αὐτὰ
1022 3508 1115 3562 καὶ
1145 3507 1407 3569 ὡσαύτως
1453 3509 1645 3578 ἐκείνῳ
1677 3507 1927 3559 πολιτευ-

354 3595 608 3665 σάμενον.
659 3596 806 3667 Πλὴν
855 3601 904 3650 εί
941 3599 1015 3666 μή
1069 3614 1152 3660 τις
1203 3597 1439 3666 ἔμπαλιν
1483 3598 1745 3668 περισσὸν
1797 3598 1926 3670 εἴπῃ

355 3687 586 3756 κτήνους
609 3685 752 3756 ἔχειν
779 3688 868 3738 τὸν
891 3687 1111 3740 τοιῶσδε
1138 3687 1382 3756 ζήσαντα
1413 3689 1777 3758 παραφρόνως
1823 3687 1926 3757 τὴν

273 3785 286 3794 ‘
355 3775 740 3846 διαδεξομένην
771 3778 936 3832 αὐτὸν
971 3781 1029 3832 ἐν
1059 3780 1124 3848 τῇ
1155 3779 1262 3831 τῶν
1302 3777 1650 3849 βεϐιωμένων
1693 3780 1931 3832 ἀνταπο-

355 3866 500 3921 δόσει
548 3868 812 3939 τιμωρίαν
862 3869 956 3922 καὶ
999 3869 1220 3923 κόλασιν
1265 3869 1646 3940 ἀτελεύτητον.
1709 3869 1925 3940 Ἀμέλει

354 3957 533 4010 τοίνυν
559 3958 862 4024 ταλανίζων
885 3958 978 4013 τοῦ
1005 3959 1245 4012 τοιούτου
1293 3958 1582 4031 ἀνθρώπου
1607 3958 1705 4039 τὴν
1727 3959 1927 4028 διαγωο

355 4049 460 4118 τὴν
488 4067 580 4104 και
617 4052 782 4122 ζωὴν,
819 4053 1040 4122 ἁμέσως
1069 4053 1346 4124 ἐπήγαγεν
1373 4068 1389 4088 .

2028 3052 2164 3106 nihil
2195 3050 2332 3122 (si).

2097 3141 2389 3198 Hominem
2432 3143 2658 3197 nomine
2689 3151 2848 3198 tenus
2891 3152 3204 3212 acceptum,
3239 3154 3292 3196 et
3316 3142 3409 3211 qui
3449 3141 3613 3198 factis

2027 3248 2086 3290 se
2141 3233 2308 3288 nullis
2359 3232 2450 3286 tali
2502 3233 2726 3302 dignum
2782 3233 3152 3302 appellatione
3214 3230 3503 3296 ostendat,
3565 3231 3609 3284 si

2026 3327 2195 3380 animi
2226 3325 2524 3380 utilitatem
2567 3309 2916 3394 salutemque
2958 3334 3195 3393 spectes,
3233 3323 3386 3386 nulla
3431 3337 3490 3376 re
3519 3337 3614 3392 po-

2027 3419 2224 3472 tiorem
2267 3431 2391 3472 esse
2439 3416 2725 3472 contendit
2763 3433 2928 3488 quam
2978 3418 3281 3488 pecudem;
3324 3423 3610 3486 postquam

2028 3522 2161 3563 sane
2179 3507 2326 3561 circa
2349 3506 2564 3571 eadem,
2601 3509 2908 3578 eodemque
2942 3509 3104 3562 modo
3130 3517 3294 3576 atque
3329 3522 3516 3575 pecus,
3555 3506 3609 3559 in

2027 3596 2140 3650 vita
2179 3607 2430 3652 versatus
2487 3606 2615 3652 est:
2649 3599 2753 3654 nisi
2809 3609 3004 3654 contra
3057 3601 3184 3668 quis
3234 3601 3426 3669 pecudi
3469 3615 3612 3669 prte—

2031 3695 2179 3743 stare
2215 3686 2384 3753 dicat,
2418 3687 2568 3757 quod
2599 3689 2710 3743 vita
2747 3699 2858 3743 tam
2891 3689 3057 3744 stulte
3087 3699 3229 3754 acta,
3263 3705 3420 3758 poena
3453 3691 3610 3744 illum

2029 3776 2372 3846 subsequens
2415 3791 2480 3831 ac
2530 3778 2860 3848 supplicium
2909 3788 3173 3834 aiternum
3221 3789 3458 3844 maneat,
3488 3794 3612 3834 cum

2028 3880 2224 3922 eorum
2258 3881 2382 3935 quae
2413 3869 2770 3937 gesserimus,
2803 3883 3014 3923 merces
3039 3869 3240 3938 cuique
3270 3885 3370 3924 sua
3402 3870 3612 3924 tribue-

2027 3967 2160 4024 tur;
2195 3967 2486 4028 propterea
2515 3959 2702 4031 utique
2743 3959 2984 4012 hominis
3024 3959 3294 4030 ejusmodi
3345 3959 3615 4014 conditio-

2028 4066 2153 4106 nem
2195 4052 2474 4122 vitamque
2505 4051 2952 4116 commiseratus,
2987 4051 3183 4121 adjecit
3218 4052 3505 4120 protinus:

1856 4167 1883 4238 5
1917 4165 2082 4222 xxu.

427 4261 550 4316 Ὅτι
573 4261 644 4316 τὰ
667 4263 866 4315 πάντα
891 4263 1220 4331 ματαιότης
1239 4277 1257 4296 ο
1292 4261 1365 4316 τὰ
1391 4261 1587 4316 πάντα
1615 4263 1926 4331 πορεύεται

2111 4259 2274 4317 Vens.
2309 4259 2397 4316 20.
2444 4259 2586 4325 Quia
2611 4259 2787 4314 omnia
2817 4257 3024 4311 vanitas
3049 4271 3068 4311 :
3095 4255 3271 4310 omnia
3291 4266 3510 4326 pergunt
3541 4259 3612 4310 ad

357 4355 506 4424 πρὸς
550 4355 738 4407 τόπον
785 4353 892 4408 ἕνα
916 4371 930 4384 ·
991 4353 1065 4408 τὰ
1117 4353 1315 4408 πάντα
1369 4354 1606 4423 ἐγένετο
1650 4355 1770 4409 ἀπὸ
1824 4353 1930 4408 τοῦ

359 4447 520 4518 χοὸς,
559 4447 654 4500 κα)
687 4447 759 4500 τὰ
802 4446 998 4499 πάντα
1035 4447 1378 4516 ἐπιστρέφει
1431 4446 1580 4514 πρὸς
1614 4447 1722 4500 τὸν
1752 4445 1927 4516 χοῦν.

427 4536 510 4589 Ta
553 4535 752 4600 πάντα,
803 4535 963 4599 ποῖα;
1021 4535 1261 4604 δηλονότι
1311 4536 1380 4590 τὰ
1437 4534 1785 4598 κακοϐούλως
1834 4537 1930 4588 καὶ

357 4627 706 4696 κακοφρόνως
737 4623 1006 4693 λεγόμενα
1051 4625 1144 4677 καὶ
1172 4623 1519 4694 διοικούμενα
1569 4627 1662 4678 καὶ
1697 4626 1929 4696 πραττό·

361 4735 498 4788 μενα
550 4717 700 4788 παρά
749 4716 858 4770 τῶν
909 4717 1217 4786 μισοκὰλων
1264 4714 1600 4788 ἀνθρώπων,
1652 4716 1762 4769 τῶν
1808 4718 1929 4770 κατ’

358 4811 542 4864 εἰκόνα
571 4811 669 4880 μὲν
693 4807 828 4862 Θεοῦ
862 4809 956 4862 καὶ
992 4808 1252 4878 ὁμοίωσιν
1285 4807 1608 4876 γεγονότων,
1641 4811 1708 4884 τῇ
1737 4808 1795 4862 δὲ
1822 4809 1930 4866 τῶν

359 4901 654 4972 κτημάτων
705 4900 932 4965 ἀϐουλίᾳ
980 4899 1074 4952 καὶ
1126 4899 1238 4970 ζωῇ
1269 4900 1364 4952 καὶ
1397 4899 1640 4970 διαγωγῇ
1674 4901 1813 4969 σφᾶς
1841 4902 1932 4956 αύ-

358 4995 484 5056 τοὺς
515 4993 996 5064 άφομοιωσάντων,
1023 4989 1118 5042 καὶ
1151 4990 1544 5062 παραπλησίως
1578 4991 1807 5055 ἐκείνοις
1831 4991 1932 5062 ζη-

363 5090 569 5143 σάντων
591 5106 606 5120 ·
643 5086 739 5140 καὶ
766 5083 854 5138 διά
889 5081 1046 5137 τοῦτο
1079 5084 1175 5136 σὺν
1221 5083 1404 5144 αὐτοῖς
1435 5082 1930 5154 ἀποστρεφομένων

363 5183 444 5243 εἱς
472 5179 562 5234 τὸν
591 5179 719 5249 χοῦν
751 5179 932 5249 μόνον,
967 5179 1024 5242 ἐξ
1053 5170 1114 5229 οὗ
1155 5176 1249 5227 καὶ
1293 5175 1580 5243 γεγόνασιν
1599 5190 1612 5204 ·
1653 5175 1718 5227 ού·
1745 5173 1931 5243 μέντοι

361 5272 420 5329 δὲ
449 5272 708 5343 καὶπρὸς
749 5271 849 5340 τὴν
899 5268 1156 5340 οὐρανίαν
1204 5266 1350 5338 ζωὴν
1393 5265 1646 5319 ἀνιόντων
1693 5267 1786 5319 καὶ
1831 5267 1934 5339 τῆς

433 5446 482 5480 ⁷⁸
507 5444 644 5500 Osee
691 5461 766 5510 iv,
802 5443 884 5498 l2.
962 5443 1006 5474 "
1037 5447 1176 5501 Osee
1204 5459 1259 5504 ν,
1285 5444 1332 5498 ι.

435 5583 550 5652 (50)
590 5585 680 5641 Sic
729 5584 1076 5657 in.Vu|gatis
1123 5587 1374 5654 legimus,
1421 5586 1680 5642 Similiter
1723 5587 1925 5656 spirant

364 5660 584 5720 omnia;
641 5666 694 5710 et
743 5655 1108 5726 Symmachus
1160 5658 1454 5721 transtulit,
1521 5659 1615 5710 καὶ
1684 5655 1927 5726 ἀναπνοὴ

363 5729 525 5799 ὁμοία
552 5728 749 5799 πᾶσινη
772 5741 963 5794 nempe
991 5740 1160 5780 aerem
1191 5727 1368 5780 omnia
1404 5727 1577 5780 eodem
1607 5727 1758 5781 modo
1793 5733 1932 5782 acci-

370 5797 514 5865 piunt
541 5807 588 5851 et
626 5797 864 5850 reddunt.

2028 4352 2203 4408 locum
2229 4365 2432 4414 unum;
2467 4351 2647 4404 omnia
2677 4348 2824 4419 facta
2849 4358 2973 4402 sunt
3004 4354 3068 4402 de
3095 4347 3329 4418 pulvere,
3363 4357 3411 4402 et
3432 4351 3610 4402 omnia

2030 4454 2368 4500 revertuntur
2403 4445 2457 4496 in
2483 4443 2748 4512 pulverem
2774 4440 2908 4512 (52).

2097 4534 2317 4598 Omnia,
2378 4534 2584 4604 inquit;
2641 4541 2699 4590 at
2741 4533 3037 4602 quamam?
3085 4531 3160 4587 Ea
3209 4533 3440 4597 scilicet,
3491 4549 3614 4602 quae

2028 4641 2284 4698 perverse
2315 4627 2618 4694 insaneque
2650 4625 2930 4690 dicuntur,
2959 4624 3435 4686 administrantur,
3477 4626 3610 4679 ﬁunt

2029 4721 2098 4776 ab
2131 4719 2452 4774 hominibus
2490 4719 2832 4772 honestatem
2865 4718 3100 4787 perosis,
3125 4719 3218 4788 qui
3246 4719 3347 4772 etsi
3374 4719 3441 4773 ad
3480 4719 3610 4771 ima-

2030 4812 2210 4882 ginem
2258 4809 2790 4880 similitudinemque
2821 4809 2916 4864 Dei
2970 4808 3097 4864 facti
3161 4818 3312 4873 sunt,
3333 4809 3609 4880 jumento-

2034 4920 2154 4958 rum
2184 4885 2362 4957 tamen
2393 4901 2767 4970 stupiditatem
2791 4910 2846 4956 et
2874 4901 3044 4956 vitam
3071 4909 3124 4956 et
3154 4903 3524 4958 conditionem
3556 4908 3606 4956 iu

2036 5007 2097 5048 se
2131 4993 2262 5061 ipsis
2299 4991 2693 5060 exprimentes,
2729 4989 3049 5044 eorumdem
3089 4988 3200 5043 fere
3238 4991 3482 5058 vestigiis
3528 4991 3607 5042 in-

2037 5083 2260 5138 sistunt.
2296 5082 2483 5152 Itaque
2528 5097 2650 5134 cum
2686 5081 2792 5135 illis
2823 5097 2950 5136 eum
2977 5083 3356 5136 tantummodo
3402 5083 3454 5137 in
3492 5083 3608 5152 pul-

2037 5190 2220 5231 verem
2267 5176 2627 5244 rediguntur.
2679 5174 2823 5229 unde
2866 5175 3028 5229 etiam
3075 5177 3457 5252 exstiterunt_:
3507 5192 3608 5230 nec

2037 5267 2315 5324 caelestem
2368 5267 2434 5326 ad
2483 5267 2648 5324 vitam
2698 5267 2996 5339 progressi,
3050 5268 3364 5324 beatitatem
3418 5270 3606 5322 aeterni

2105 5583 2217 5656 (
2258 5583 2468 5656 ()lyﬁmp.
2510 5583 2612 5656 καὶ-
2627 5583 2794 5656 ούδὲν
2814 5582 3223 5656 περιέσσευσεν.

2105 5649 2217 5723 (59.)
2258 5649 2362 5708 Sed
2408 5649 2548 5721 apud
2597 5653 2734 5706 LXX
2767 5649 3104 5723 desideratur
3133 5649 3447 5723 πορεύεται,
3487 5658 3600 5723 tum

2036 5721 2132 5793 pro
2163 5724 2476 5794 ἐπιστρέφει
2511 5724 2704 5790 legitur
2730 5722 3059 5792 ἐπιστρέψει.
3092 5723 3304 5793 Oiytup.
3333 5722 3411 5783 είς
3439 5721 3603 5774 τόπον

2037 5797 2134 5850 ἕνα
2164 5798 2228 5848 τὰ
2256 5796 2430 5848 πάντα
2475 5795 2738 5860 ἐγένοντο.
2767 5829 2781 5844 .
2811 5831 2826 5845 .
