4076 6284
295 309 396 376 8-37

1351 300 1436 372 IN
1478 308 2061 371 ECCLESIASTEN.
2090 332 2158 341 —
2198 307 2346 368 LIB.
2387 304 2506 370 Ili.

3441 309 3548 376 898

298 425 456 496 μερθς
487 423 674 478 αὑτοῦ.
717 443 736 476 ι
773 423 1052 494 Λαμϐάνει
1087 423 1199 493 γὰρ
1241 425 1269 478 ὁ
1297 423 1582 494 ἄνθρωπος
1613 423 1866 492 καὶπρὸς

1975 429 2086 471 tmn
2123 432 2364 486 quoque,
2394 434 2521 474 cum
2546 418 2612 474 ad
2651 417 2774 474 vitae
2803 430 2998 474 metam
3027 421 3354 489 pervenerit,
3384 423 3582 477 veluti.

295 517 355 568 τὸ
399 515 491 568 τοῦ
523 515 640 586 βίου
675 517 846 586 πέρας
877 514 1047 570 ἐλθὼν
1081 511 1192 569 οἷόν
1224 533 1348 570 τινα
1379 515 1572 586 μερίδα
1603 515 1695 567 καὶ
1737 515 1870 584 κλη-

297 615 555 678 ρονομίαν
600 624 698 670 τις
736 608 875 672 ἰδίας
911 609 1140 676 πράξεις
1173 608 1292 677 μεθ’
1337 607 1532 661 ἑαυτοῦ
1557 623 1570 635 ·
1614 606 1872 678 ταύτητοι

297 695 417 772 μετ’
446 693 806 766 εὐφροσύνης
835 697 1160 766 μεθίσταται
1207 697 1307 768 τῆς
1350 697 1872 768 πολυαμαρτήμονος

295 785 389 837 καὶ
449 787 940 857 πολυπαθεστὰτης
995 790 1090 842 καὶ
1140 789 1504 843 πολυθλίπτου
1559 789 1727 858 ζωῆς,
1779 789 1874 842 καὶ

291 876 390 944 τὴν
436 879 716 949 μακαρίαν
748 879 994 950 εὑρίσκει
1023 880 1174 950 λῆξιν
1205 879 1316 932 τῶν
1345 880 1406 944 ἐξ
1439 879 1636 942 αἰῶνος
1677 878 1867 947 ἁγίων.

293 970 452 1020 Πᾶσα
497 970 604 1040 γὰρ
657 972 689 1040 ἡ
743 971 945 1041 σπουδὴ
996 973 1070 1040 τῷ
1132 971 1528 1042 Ἐκκλησιαστῇ
1580 971 1872 1040 πρόκειται

292 1060 408 1118 νῦν,
450 1061 756 1130 ἀποστῆσαι
806 1063 900 1116 τὸν
951 1061 1290 1132 ἀνθρώπινον
1343 1061 1470 1116 νοῦν
1517 1061 1618 1133 τῆς
1681 1061 1874 1132 ὑλικῆς

295 1153 669 1222 προσπαθείας
703 1153 920 1222 καὶτῆς
953 1153 1048 1207 τοῦ
1077 1155 1282 1223 κόσμου
1330 1154 1537 1222 φιλίας,
1565 1154 1659 1208 καὶ
1685 1153 1874 1223 πόρρω

293 1246 388 1298 καὶ
420 1247 639 1315 μακρὰν
684 1247 959 1317 ἀποφῆναι
1001 1246 1110 1299 τῶν
1150 1247 1418 1317 ὲμπαθῶν
1464 1245 1742 1318 σαρκικῶν
1777 1245 1874 1299 καὶ

293 1337 600 1407 βδελυκτῶν
653 1337 878 1408 ἡδονῶν.
944 1339 1244 1410 Μονονουχὶ
1297 1339 1405 1410 γάρ
1461 1355 1631 1409 φησι·
1683 1337 1871 1404 Σύνες,

290 1428 569 1498 ἄνθρωπε,
619 1428 674 1480 τί
721 1427 950 1496 ἀγαθὸν,
981 1429 1074 1483 καὶ
1117 1431 1348 1500 ποίησον
1400 1429 1553 1496 αὐτὸ,
1605 1431 1702 1484 καὶ
1741 1429 1871 1484 λάϐε

289 1519 387 1572 καὶ
439 1519 504 1572 σὺ
547 1517 706 1572 τοῦτο
741 1519 942 1590 μερίδα
971 1520 1252 1591 φρονίμως
1293 1521 1352 1588 ὲξ
1400 1517 1478 1576 ὧν
1514 1521 1870 1593 συνήθροισας

289 1608 472 1680 ἐαυτῷ
499 1609 866 1666 παντοδαπῶν
900 1611 1056 1664 είδῶν
1079 1611 1174 1665 τοῦ
1207 1611 1441 1666 πλούτου
1466 1612 1554 1665 διὰ
1584 1612 1690 1664 τῶν
1725 1611 1870 1664 ἰδίων

289 1699 478 1753 κόπων
505 1701 598 1754 καὶ
631 1701 870 1771 μόχθων,
905 1701 994 1755 ἵνα
1027 1702 1367 1773 θησαυρίσας
1397 1705 1456 1756 ὲν
1483 1705 1732 1773 οὐρανοῖς
1763 1701 1870 1755 τῶν

1974 515 2182 575 partem
2217 509 2511 576 quamdam
2557 509 2672 564 sive
2706 510 3070 564 [nereditatem
3111 509 3252 565 facta
3299 526 3396 566 sua
3429 530 3443 567 :
3474 514 3554 566 id-l

1974 599 2121 652 circo
2145 614 2209 652 ex
2243 599 2346 654 hac
2371 601 2502 664 vita,
2539 616 2701 670 quam
2735 602 2922 656 nutltis
2947 603 3239 656 obnoxiam
3270 604 3552 658 erroribus

1973 700 2026 743 et
2059 691 2218 745 malis
2248 691 2510 761 eurisque
2537 675 2913 764 com-pluribus
2944 693 3202 749 referiam
3229 697 3404 762 novit,
3424 712 3549 752 cum

1975 781 2162 835 laetitia
2219 784 2592 854 lransmigral,
2650 785 2971 856 beatamque
3020 786 3228 841 invenit
3283 789 3550 858 requiem,

1974 890 2079 944 qua
2122 876 2334 930 cmlites
2375 885 2634 944 perpetua
2673 876 2952 932 fruuntur.
2991 876 3162 933 Totus
3207 879 3354 933 enim
3393 879 3447 934 in
3487 899 3554 935 eo

1975 967 2066 1020 hic
2099 977 2183 1022 est
2216 969 2438 1037 sapiens
2467 967 2858 1046 Ecclesiastes,
2887 981 2945 1022 ut
2985 969 3280 1024 humanam
3313 981 3551 1026 mentem

1975 1073 2005 1112 a
2054 1060 2389 1114 caducarum
2441 1075 2626 1114 rerum
2674 1060 2977 1129 cupiditate
3025 1075 3079 1116 et
3127 1063 3316 1117 mundi
3369 1079 3556 1118 amore

1974 1149 2232 1215 abducat,
2259 1159 2422 1222 atque
2453 1151 2523 1205 ab
2547 1151 2697 1206 omni
2731 1151 3098 1207 immoderato
3126 1151 3320 1207 aﬂ‘ectu
3359 1154 3554 1210 obsce-

1974 1243 2170 1311 nisque
2211 1243 2462 1311 corporis
2493 1242 2868 1312 voluptati-bus
2897 1241 3094 1296 eﬂiciat
3129 1257 3297 1313 quam
3330 1243 3554 1299 alienis-

1973 1335 2190 1390 simam.
2225 1334 2353 1390 Haec
2385 1337 2532 1390 enim
2568 1336 2978 1406 quodammodo
3017 1335 3256 1390 eli'atur:
3289 1337 3551 1408 intellige.

1972 1443 2007 1482 ο
2037 1430 2302 1501 mortalis,
2344 1430 2476 1500 quid
2523 1431 2594 1486 sit
2641 1431 2868 1497 bonum,
2903 1441 3069 1500 atque
3103 1429 3260 1502 105
3291 1431 3342 1486 id
3394 1445 3552 1502 urge.

1973 1519 2026 1574 id
2065 1521 2162 1574 tibi
2196 1522 2413 1590 sapiens
2444 1523 2602 1592 quasi
2644 1531 2852 1593 partem
2898 1524 3102 1579 sumito
3129 1539 3194 1578 ex
3224 1526 3402 1580 iismet
3433 1539 3554 1579 Otu-

1975 1610 2060 1665 nis
2092 1612 2312 1680 generis
2361 1613 2588 1677 divitiis,
2641 1629 2782 1682 quas
2829 1615 2981 1670 curis
3029 1625 3084 1670 et
3125 1615 3409 1671 laboribus
3445 1617 3555 1670 tuis

1973 1702 2197 1772 coegisti
2231 1721 2244 1756 :
2275 1719 2406 1773 quo,
2459 1712 2748 1774 postquam
2778 1705 2846 1759 de
2886 1716 3030 1761 recte
3075 1705 3237 1762 factis
3279 1706 3552 1776 ejusmodi

287 1789 552 1844 τοιούτων
596 1807 679 1844 σοι
708 1791 1032 1862 ποιημάτων
1069 1793 1164 1846 καὶ
1191 1791 1366 1864 ἔργων
1391 1793 1491 1864 τὴν
1521 1791 1730 1862 ἀγαθὴν
1759 1809 1867 1860 με-

1973 1792 2172 1846 bonam
2213 1793 2267 1846 in
2319 1795 2491 1848 caelos
2527 1805 2736 1862 partem
2789 1795 3144 1864 praemiseris,
3196 1793 3445 1850 eamdem
3496 1793 3552 1848 in

289 1882 436 1954 ρίδα,
467 1882 639 1954 λάϐῃς
683 1883 854 1954 αὐτὴν
905 1885 963 1936 ἐν
1007 1885 1194 1956 ἡμέρᾳ
1245 1887 1345 1956 τῆς
1377 1886 1611 1956 κρίσεως
1641 1886 1734 1937 καὶ
1774 1885 1871 1954 τῆς

1973 1880 2158 1950 iudicii
2195 1891 2252 1934 et
2303 1883 2614 1951 promeritae
2663 1883 3125 1938 remunerationis
3159 1884 3250 1964 die
3295 1884 3551 1952 recipias.

285 1971 403 2024 τῶν
431 1970 784 2042 βεϐιωμένων
815 1975 1249 2040 ἀνταποδόσεως.
1287 1975 1445 2030 Οὕτω
1475 1975 1538 2046 δὴ
1567 1977 1661 2030 καὶ
1691 1979 1718 2029 ὁ
1761 1975 1873 2028 Κύ-

289 2081 411 2133 ριος
461 2065 849 2135 παρεγγύησεν
895 2069 955 2119 ὲν
992 2067 1348 2136 Εὐαγγελίοις
1398 2067 1604 2120 είπὼν·
1653 2085 1673 2118 ι
1716 2065 1876 2137 Ποιή-

288 2171 426 2209 σατε
455 2155 550 2210 οὖν
583 2157 740 2226 ὑμεῖς
787 2157 976 2225 φίλους
1004 2159 1068 2211 ἐκ
1099 2159 1190 2212 τοῦ
1223 2159 1481 2227 Μαμωνᾶ
1510 2159 1610 2225 τῆς
1641 2157 1871 2221 ἀδικίας,

287 2244 381 2298 ῐνα
435 2239 694 2312 δέξωνται
747 2247 892 2317 ὑμᾶς
946 2249 1026 2310 είς
1073 2249 1175 2312 τὰς
1235 2249 1440 2316 σκηνὰς
1502 2247 1600 2318 τῆς
1652 2245 1871 2300 αἰωνίου

289 2333 463 2404 ζωῆς.
507 2355 526 2388 ι
562 2335 695 2389 Εἶτά
735 2352 901 2406 φησιν
925 2323 976 2391 ’ό
1015 2337 1444 2408 Ἐκκλησιαστής
1469 2352 1485 2368 ⁶

1971 1969 2048 2023 Ita
2090 1985 2222 2025 sane
2251 1979 2305 2024 et
2342 1969 2604 2026 Dominus
2639 1971 2691 2024 in
2736 1971 3046 2041 Evangeliis
3077 1971 3386 2036 admonuit,
3425 1986 3551 2027 cum

1971 2058 2050 2110 ait
2105 2074 2120 2110 :
2178 2078 2194 2109 ι
2230 2057 2420 2114 Facite
2460 2059 2626 2129 igitur
2677 2074 2774 2115 vos
2819 2060 2889 2115 de
2933 2059 3186 2114 Mamona
3242 2061 3551 2132 iniquitatis

1972 2155 2225 2219 amicos,
2298 2162 2358 2207 ut
2412 2155 2679 2224 recipiant
2743 2171 2841 2211 vos
2903 2156 2956 2212 in
3015 2157 3360 2212 tabernacula
3431 2157 3554 2211 vita:

1979 2252 2196 2298 wterna:
2225 2242 2360 2314 (62).
2393 2263 2410 2296 ι
2449 2244 2614 2300 Addit
2645 2246 2852 2328 deinde
2887 2248 3104 2316 sapiens
3137 2245 3498 2302 Ecclesiastes
3532 2263 3546 2300 :

1815 2447 1844 2520 ς
1879 2444 2042 2501 xxv.

365 2539 499 2593 Ὀτι
539 2541 630 2605 τίς
657 2541 786 2606 ἄξει
824 2541 1010 2596 αὐτὸν
1057 2542 1163 2597 τοῦ
1210 2541 1381 2608 ἰδεῖν,
1440 2544 1512 2596 ἐν
1541 2535 1590 2610 ᾧ
1633 2543 1874 2613 γένηται

286 2633 421 2701 μετ’
453 2632 642 2684 αὐτόν
661 2649 682 2697 ;
1301 2640 1308 2644 “

363 2723 629 2777 Τουτέστι
651 2765 665 2789 ,
704 2724 800 2788 Τίς
833 2723 952 2792 ἄξει
977 2727 1070 2780 τὸν
1097 2725 1354 2779 πλούσιον
1385 2727 1521 2797 μετὰ
1539 2725 1652 2798 ,τὴν
1687 2725 1874 2778 τελευ-

291 2815 397 2886 τὴν
419 2817 513 2869 καὶ
545 2816 645 2885 τὴν
671 2815 996 2883 ἀποῦίωσιν,
1037 2817 1135 2870 ἐὰν
1163 2819 1238 2889 μὴ
1271 2819 1478 2890 συνήσῃ
1508 2817 1617 2882 ζῶν
1645 2816 1730 2870 ἔτι
1761 2817 1876 2871 δια-

2049 2536 2214 2592 Vens.
2247 2537 2338 2591 2‘2.
2372 2537 2508 2602 Quia
2531 2537 2646 2606 quis
2669 2537 2896 2590 adducet
2928 2553 3067 2601 eum,
3099 2546 3157 2590 ut
3193 2537 3360 2592 videat
3395 2538 3447 2591 in
3479 2537 3552 2591 ii-

1975 2627 2088 2694 lud,
2129 2629 2270 2699 quod
2304 2629 2546 2697 futurum
2573 2638 2650 2681 est
2679 2637 2798 2696 post
2837 2628 3010 2696 ipsum
3049 2629 3200 2700 (65)?

2041 2717 2176 2784 Quis
2222 2718 2436 2774 scilicet
2481 2705 2714 2771 divitem
2761 2725 2886 2786 post
2951 2717 3111 2772 linem
3161 2719 3550 2792 interitumque

1973 2811 2092 2882 ejus
2115 2853 2130 2876 ,
2167 2812 2271 2866 nisi
2305 2827 2429 2867 cum
2462 2811 2706 2876 viveret,
2750 2810 2934 2880 egenis
2973 2811 3088 2880 ipse
3113 2821 3168 2868 et
3215 2815 3550 2884 pauperibus

297 2909 482 2974 νεῖμαι
510 2907 698 2960 τοῦτον
737 2911 850 2972 τοῖς
884 2908 1090 2962 ὲνδεέσι
1127 2911 1224 2964 καὶ
1254 2909 1489 2979 πένησι,
1521 2906 1617 2961 τοῦ
1660 2907 1789 2962 ίδείν
1817 2908 1872 2961 ἐν

1973 2904 2188 2958 divitias
2223 2903 2633 2958 distribuendas
2653 2903 2928 2958 curaverit
2955 2921 2971 2970 ;
3005 2905 3150 2974 quis,
3179 2904 3424 2976 inquam,
3452 2908 3550 2962 ad-

297 2997 494 3067 ἐκείνῳ
513 2999 588 3069 τῷ
611 2998 888 3070 ἀνθρώπῳ
915 2999 995 3071 τῷ
1029 3000 1147 3071 μετ’
1169 3001 1333 3056 αὑτὸν
1363 3001 1726 3072 διαδεξομένῳ
1747 3001 1872 3065 τοὺς

1974 2995 2136 3050 ducet
2175 3005 2234 3049 ut
2262 3011 2329 3050 eo
2385 2995 2442 3049 in
2476 2996 2729 3059 homine,
2765 2995 2858 3064 qui
2898 3007 3020 3064 post
3053 2997 3230 3066 ipsum
3264 2999 3550 3056 haeredita-

293 3086 508 3139 ἐκείνου
569 3087 806 3158 μόχθους
872 3091 967 3142 καὶ
1009 3091 1246 3157 κόπους,
1299 3092 1352 3146 τί
1396 3095 1726 3166 γενήσεται,
1778 3094 1872 3146 καὶ

1975 3094 2084 3140 tem
2135 3086 2416 3141 laboribus
2455 3085 2575 3154 ejus
2635 3095 2690 3138 et
2728 3085 3024 3140 sudoribus
3066 3097 3279 3157 partam
3331 3089 3551 3159 adierit,

293 3179 461 3232 ποίαν
488 3179 599 3243 ἔξει
630 3171 966 3234 κατάστασιν
995 3183 1322 3248 διοικήσεως
1340 3180 1507 3256 ;τΑρα
1532 3187 1642 3256 γὰρ
1665 3187 1694 3239 ὁ
1718 3186 1876 3241 πλοῦ-

288 3286 388 3334 τος
422 3273 571 3342 παρὰ
599 3273 694 3325 τοῦ
719 3273 862 3326 κατά
891 3274 1146 3345 διαδοχὴν
1179 3276 1591 3348 παραλαϐόντος
1612 3281 1693 3342 είς
1715 3279 1871 3348 ἐλεη-

291 3361 540 3433 μοσύνας
578 3363 674 3414 καὶ
711 3361 976 3434 διανομὰς
1021 3365 1257 3434 πτωχῶν
1297 3367 1392 3420 καὶ
1423 3365 1616 3438 χρείαν
1648 3367 1757 3422 τῶν
1787 3369 1874 3420 ὲν-

286 3452 432 3516 δεῶς
471 3453 703 3524 ἑχόντων
750 3454 1111 3526 εὑρεθήσεται
1169 3457 1578 3528 διοικούμενος;
1623 3457 1658 3528 ἢ
1697 3459 1876 3512 ταῦτα

289 3543 399 3614 μὲν
437 3543 691 3612 οὐδαμῶς
729 3543 920 3610 ἔσται,
956 3546 1094 3614 μετὰ
1127 3545 1380 3614 μεθύσων
1406 3547 1463 3599 δὲ
1509 3547 1606 3602 καὶ
1635 3563 1874 3616 κραιπα-

286 3633 514 3702 ληστῶν
548 3633 641 3685 καὶ
692 3634 907 3702 πορνῶν
931 3636 1026 3687 καὶ
1065 3633 1450 3705 πορνοϐοσκῶν
1484 3635 1874 3706 καταναλωθῆ-

289 3734 456 3775 σεται
509 3722 646 3791 πρὸς
691 3723 914 3776 πλείονα
957 3723 1287 3795 κατάκρισιν
1333 3725 1430 3778 τοῦ
1476 3726 1670 3797 πρώην
1710 3729 1875 3781 αὑτὸν

286 3810 518 3882 ἔχοντος
563 3813 656 3864 καὶ
687 3813 763 3884 μὴ
812 3813 1306 3884 διασκορπίσαντος
1337 3815 1740 3886 φιλανθρώπως
1780 3817 1876 3872 καὶ

287 3900 568 3963 θεοσεϐῶς
616 3901 870 3956 κατὰιτὸ
935 3905 1354 3974 γεγραμμένον·
1411 3923 1430 3956 ι
1479 3907 1872 3977 Ἐσκόρπισεν,

285 3992 468 4047 ἔδωκε
501 3995 614 4056 τοῖς
650 3995 917 4064 πένησιν·
948 3997 982 4066 ἡ
1023 3995 1342 4066 δικαιοσύνη
1393 3999 1559 4052 αὑτοῦ
1599 3999 1755 4068 μένει
1793 4003 1874 4066 είς

285 4085 388 4138 τὸν
431 4084 605 4138 αἰῶνα
651 4085 744 4138 τοῦ
799 4087 1034 4153 αἰῶνος,
1069 4107 1088 4139 ι
1134 4088 1250 4142 ἀλλ’
1293 4089 1531 4160 ἔμπαλιν
1569 4092 1750 4146 αἰτίαν
1779 4095 1875 4146 καὶ

288 4177 574 4248 πρόφασιν
602 4180 980 4249 παρασχόντος
1002 4181 1096 4235 καὶ¹
1126 4183 1236 4245 τοῖς
1265 4185 1746 4256 μεταγενεστέρως
1777 4187 1873 4240 αὐο

285 4268 393 4322 τὸν
445 4269 705 4338 ἐσχηκόσι
751 4271 888 4343 πρὸς
934 4274 1322 4345 ἀνοσιουργίας
1371 4276 1466 4329 καὶ
1516 4293 1872 4350 πονηροπρα-

1976 3177 2104 3230 illud
2136 3176 2346 3241 videat,
2399 3177 2544 3245 quod
2579 3177 2704 3238 (iet,
2745 3187 2798 3230 et
2825 3191 2989 3246 quam
3019 3177 3066 3231 is
3096 3195 3277 3234 rerum
3315 3182 3549 3237 admini-

1972 3269 2296 3325 strationem
2345 3267 2630 3324 instituet?
2666 3269 2812 3324 Num
2845 3268 2992 3322 enim
3035 3270 3139 3326 iste
3165 3288 3304 3342 quas
3329 3273 3552 3330 divitias

1973 3364 2346 3420 successionis
2367 3364 2490 3431 jure
2517 3363 2748 3432 accepit,
2784 3378 2878 3418 eas
2907 3362 2960 3416 in
2991 3364 3246 3421 solatium
3271 3368 3548 3438 egentium

1972 3452 2350 3518 distribuisse,
2395 3464 2562 3523 atque
2626 3453 2680 3506 in
2729 3468 2890 3508 nsunt
2941 3455 3278 3509 miserorum-
3319 3455 3554 3511 admini-

1973 3549 2182 3596 strasse
2215 3541 2561 3596 invenietur?
2587 3543 2668 3596 An
2698 3544 2831 3598 nihil
2858 3545 3053 3600 horum
3087 3546 3246 3614 plane
3279 3545 3550 3609 futurum,

1973 3646 2179 3700 easque
2211 3647 2336 3686 cum
2368 3632 2537 3686 ebriis
2579 3633 2760 3702 potius
2791 3645 2846 3689 et
2882 3635 3384 3701 comessatoribus,
3425 3651 3547 3690 cum

1974 3721 2174 3776 scortis
2224 3723 2624 3791 lenonibusque
2663 3723 2753 3779 ille
2796 3725 3076 3788 absumet,
3129 3724 3196 3778 ad
3241 3725 3551 3796 graviorem

1973 3811 2094 3882 ejus
2118 3813 2630 3868 condemnationem
2655 3855 2670 3880 ,
2701 3815 2794 3884 qui
2829 3816 2982 3884 prius
3013 3816 3285 3884 possedit,
3312 3815 3547 3870 nec-hu-

1973 3905 2209 3959 maniter
2235 3920 2329 3961 eas
2375 3905 2572 3975 pieque
2593 3907 2874 3976 dispersit,
2905 3907 3368 3976 quemadmodum
3409 3909 3545 3963 scri-

1972 4001 2124 4064 ptum
2153 4002 2241 4048 est
2275 4009 2288 4045 :
2329 4011 2346 4046 ι
2380 3993 2690 4064 Dispersit,
2734 3995 2881 4050 dedit
2926 3994 3290 4065 pauperibus;
3331 3997 3542 4064 justitia

1971 4087 2092 4155 ejus
2132 4095 2316 4140 manet
2341 4086 2396 4140 in
2429 4087 2690 4141 saeculum
2726 4087 3383 4154 sweuli";isedcausam
3413 4103 3548 4142 conv-

1974 4186 2055 4231 tra
2073 4179 2135 4231 Et
2163 4178 2509 4234 occasionem
2540 4179 2772 4249 posteris
2800 4193 3019 4250 quoque
3045 4177 3297 4248 praebuit,
3319 4179 3383 4234 ad
3408 4195 3550 4250 quos

1973 4270 2079 4326 illa:
2122 4285 2420 4341 pervenere
2444 4312 2460 4338 ,
2494 4280 2554 4324 ut
2589 4271 2812 4340 impiam
2854 4271 3268 4340 pessimamque‘
3299 4272 3426 4324 vitae
3465 4285 3548 4324 ra-

290 4359 444 4425 ξίας,
487 4363 1032 4432 παρεκτρεπομένοις
1073 4364 1129 4418 δὲ
1176 4367 1272 4419 καλ⁸
1318 4368 1457 4438 πρὸς
1486 4369 1739 4441 ἁρπαγὰς
1773 4371 1868 4424 καὶ

1973 4372 2176 4424 tionem
2230 4368 2469 4433 inirent,
2509 4381 2608 4420 nec
2637 4366 2923 4435 rapiendi,
2957 4363 3422 4434 concupiscendi,
3464 4378 3551 4418 ca~

287 4451 614 4518 πλεονεξίας
640 4455 733 4507 καὶ
767 4457 1140 4524 συκοφαντίας
1170 4459 1252 4512 ἔτι
1283 4461 1428 4514 κατὰ
1458 4462 1520 4514 τὸ
1553 4462 1774 4532 μᾶλλον,
1792 4462 1870 4526 ὡς

285 4543 401 4596 οὐκ
455 4543 816 4614 ἐξαρκοῦντος
865 4544 960 4599 τοῦ
1029 4551 1482 4620 περιενεχθέντος
1537 4553 1618 4614 είς
1669 4552 1869 4614 αὐτοὺς

287 4632 533 4687 πλούτου
563 4637 894 4706 παραλόγως
922 4641 1016 4692 καὶ
1044 4640 1327 4712 δυστυχῶς
1359 4643 1495 4711 πρὸς
1529 4643 1866 4716 ὲξυπηρέτηο

291 4741 383 4776 σιν
425 4723 526 4792 τῆς
568 4723 854 4796 φιληδόνου
889 4727 1057 4798 ζωῆς,
1107 4729 1280 4784 Τοῦτο
1307 4731 1416 4801 γὰρ
1445 4732 1747 4786 αἰνίττεται
1785 4733 1872 4786 διὰ

286 4817 404 4870 τῶν
433 4819 720 4889 ἑπομένων
742 4835 758 4852 ·
792 4823 928 4892 φησὶ
955 4825 1063 4894 γάρ
1087 4839 1101 4853 ε
1409 4840 1415 4846 -

384 5024 762 5095 Ἐπέστρεψα
815 5027 964 5098 ἐγὼ,
1011 5031 1112 5084 καί
1159 5027 1326 5086 εἶδον
1377 5033 1712 5102 συμπάσας
1765 5037 1872 5098 τὰς

290 5116 712 5181 συκοφαντίας
739 5117 846 5182 τὰς
874 5117 1190 5186 γινομένας·
1211 5122 1343 5175 ’ὑπὸ
1377 5123 1484 5176 τὸν
1515 5123 1695 5190 ἣλιον
1715 5140 1729 5154 ’
1770 5124 1869 5176 καὶ

288 5199 464 5256 εἶδον
496 5201 761 5270 δάκρυον
807 5205 925 5259 τῶν
968 5211 1580 5280 συκοφαντουμένων,
1617 5214 1714 5269 καί
1759 5217 1870 5268 οὐκ

287 5294 472 5346 ἐστιν
495 5293 698 5360 αὐτοῖς
727 5299 761 5349 ό
796 5298 1192 5366 παρακαλῶν-ο
1239 5303 1340 5355 καί
1369 5302 1486 5356 ἀπὸ
1517 5305 1716 5371 χειρὸς
1753 5321 1867 5358 συ-

370 5421 418 5454 ⁸⁰
445 5421 592 5479 Psal.
624 5421 757 5494 exn,
798 5425 851 5481 9.

373 5558 484 5628 (62)
526 5559 659 5614 Luc.
689 5576 799 5628 xw,
830 5559 882 5616 9.
923 5560 1015 5616 Sic
1045 5571 1226 5616 tamen
1268 5560 1323 5614 in
1349 5561 1556 5632 Graecis
1596 5564 1871 5632 exempla-

291 5632 450 5684 ribus
481 5631 624 5698 lcges
660 5647 672 5682 :
715 5633 984 5700 Ποιήσατε
1031 5633 1244 5693 ἑαυτοῖς
1284 5631 1470 5698 φίλους
1507 5636 1570 5686 ὲκ
1611 5633 1705 5685 τοῦ
1749 5631 1868 5686 Mat-

291 5701 458 5772 μωνᾶ
485 5700 582 5768 τῆς
612 5701 846 5764 ἀδικίας,
875 5701 959 5754 ἵνα
981 5703 1108 5754 ὅταν
1139 5701 1421 5768 ἐκλίπητε,
1446 5702 1701 5766 δέξωνται
1730 5705 1873 5767 ὑμᾶς

1971 4459 2274 4516 lumniandi
2312 4457 2480 4512 ullum
2527 4455 2771 4513 facerent
2805 4455 3006 4512 linem:
3036 4455 3194 4528 quasi
3240 4469 3395 4525 opes,
3425 4471 3546 4526 qua:

1975 4565 2180 4608 temere
2212 4551 2321 4606 illis
2361 4549 2761 4619 infeliciterque
2787 4549 3137 4604 obvenissent
3159 4588 3175 4612 ,
3209 4549 3273 4603 ad
3300 4549 3548 4617 volupta-

1976 4645 2072 4698 rize
2099 4643 2222 4696 vita
2255 4639 2556 4694 ministeria
2583 4639 2743 4708 plane
2775 4653 2883 4692 non
2917 4639 3238 4693 suliicerent.
3261 4637 3378 4692 Hoc
3399 4639 3546 4692 enim

1979 4737 2046 4791 iis
2078 4737 2372 4806 signiﬁcat,
2405 4749 2527 4804 quae
2555 4743 2892 4802 sequuntur;
2923 4735 3122 4802 quippe
3157 4733 3232 4788 ait
3262 4749 3274 4784 :

1681 4941 1839 5010 ιοε
1874 4869 2128 5011 glxxw.

2049 5030 2180 5083 CAP.
2211 5027 2299 5084 IV.
2335 5045 2489 5084 νειιε.
2534 5029 2647 5082 1-5.
2680 5027 2922 5084 Canverti
2958 5043 3050 5100 ego
3080 5043 3181 5094 me,
3215 5037 3264 5082 et
3291 5027 3396 5080 vidi
3428 5027 3568 5088 nniy

1976 5141 2148 5178 versas
2167 5127 2458 5178 calumnias
2475 5142 2593 5195 qua:
2615 5126 2750 5194 ﬁunt
2777 5125 2871 5178 sub
2891 5124 3034 5188 sole;
3055 5125 3233 5178 et-vidi
3255 5123 3548 5194 lacrymam

1973 5205 2185 5279 eorum,
2241 5221 2328 5287 qui
2378 5218 2698 5271 calumniam
2732 5218 3026 5280 sustinent,
3083 5230 3130 5270 et
3181 5233 3283 5270 non
3327 5225 3401 5270 est
3459 5216 3548 5284 qui

1973 5313 2272 5368 consoletur
2303 5331 2389 5368 eos
2419 5331 2436 5368 :
2467 5324 2513 5367 et
2545 5313 2608 5367 de
2649 5329 2810 5367 manu
2841 5313 3280 5368 calumniantium
3308 5328 3393 5366 eos
3433 5310 3544 5380 [or—

1981 5575 2058 5638 είς
2085 5573 2184 5635 τὰς
2211 5575 2458 5646 αἰωνίους
2483 5578 2707 5646 σκηνάς.

2051 5647 2160 5716 ((ὲό)
2201 5644 2412 5716 01)·ιιιρ.
2439 5650 2495 5698 ἐν
2525 5641 2585 5713 ἐρ’
2605 5648 2668 5699 ἂν
2693 5647 2934 5716 γένηται.
