4076 6284
501 305 604 369 993
1638 304 1700 362 S.
1743 303 2069 362 GREUORJ

2173 303 2660 364 lGRIGENTINI
3670 305 3780 374 904

502 410 692 478 poris;
731 417 784 463 et
819 407 1134 477 quicunque
1177 410 1245 462 ab
1278 409 1398 478 ipso
1439 411 1667 479 puerilis
1701 413 1879 465 aetatis
1919 412 2069 467 ﬂore.

2181 412 2397 482 ἡλικίας
2426 413 2516 466 τὸν
2551 412 2732 480 ἄζυγα
2770 411 2884 482 βίον
2920 413 3347 482 προελομένους,
3379 414 3477 467 καὶ
3505 415 3596 466 τδν
3631 435 3775 486 χρη-

501 501 712 554 ςαιιίὺὶε
739 499 861 554 vitae
889 500 1187 554 consilium
1222 500 1421 564 St'cull,
1453 515 1621 555 suave
1653 500 1867 556 Domini
1888 503 2069 571 jugnn'

2190 503 2311 556 στὸν
2350 503 2513 572 ζυγὸν
2547 504 2786 574 ἄραντας
2821 503 2918 557 τοῦ
2963 505 3170 576 Κυρίου
3193 545 3208 568 ,
3257 507 3352 558 καὶ
3398 506 3778 574 πορευθέντας

503 593 821 653 toleravere,
851 599 906 644 et
936 591 1003 644 ad
1034 591 1340 644 solitarium
1375 590 1466 645 Dei
1501 589 1827 645 famulatum
1858 608 1916 647 se
1949 609 2084 646 con-

503 683 766 737 tulerunt.
819 681 929 737 Hos
991 683 1179 752 utique
1228 684 1401 738 bonos
1449 683 1539 738 ille
1587 683 1724 737 dixit
1775 695 1830 736 et
1859 680 2086 738 caeteris

501 774 758 828 omnibus
809 775 1008 828 virtute
1062 783 1424 844 praestantes,
1495 776 1676 844 qualis
1731 791 1925 844 nempe
1983 773 2084 828 fuit

439 855 454 864 ’
499 865 740 918 Joannes
770 851 1045 931 Baptista,
1085 866 1368 935 multoque
1409 865 1562 934 prius
1593 865 1741 920 Elias
1767 864 2082 929 Tbesbites,

501 967 554 1010 et
586 967 706 1024 post
739 956 860 1011 illos
890 971 1082 1026 agmen
1139 972 1328 1012 eorum
1366 959 1787 1022 innunicrabile,
1823 957 1915 1026 qui
1957 972 2082 1011 cum

502 1049 1071 1103 summis‘ttelcstimn
1099 1051 1418 1119 angelorum
1447 1051 1738 1104 ordinibus
1769 1052 1848 1102 vel
1882 1050 1934 1103 in
1964 1050 2080 1117 ipsa

507 1142 759 1193 humana:
825 1141 1160 1194 conditionis
1221 1140 1593 1196 imbecillitate
1655 1143 2078 1195 contenderunt.

502 1228 610 1282 Eos
635 1239 816 1282 autem
851 1230 997 1293 dico,
1028 1231 1120 1300 qui
1149 1231 1302 1284 Pauli
1332 1232 1579 1284 Thebani
1611 1242 1665 1286 et
1693 1232 1872 1301 magni
1905 1231 2076 1284 Anto-

505 1318 576 1370 nii
613 1327 862 1386 tempore
896 1317 1049 1372 fuere
1071 1357 1086 1382 ,
1119 1327 1174 1372 et
1201 1319 1293 1389 qui
1337 1320 1456 1389 pari
1485 1335 1606 1373 cum
1642 1319 1728 1373 his
1759 1319 2083 1374 strennitate

503 1411 848 1464 adversarios
861 1419 1026 1479 atque
1052 1411 1236 1464 hostes
1251 1425 1572 1464 communes
1589 1410 1932 1464 debellarunt
1947 1410 2078 1482 (68).

506 1500 743 1554 Rursum
771 1516 902 1554 vero
948 1499 1018 1554 ad
1053 1501 1456 1556 mundanorum
1491 1500 1652 1570 109
1704 1500 1986 1555 hominum
2028 1509 2082 1554 et

503 1605 792 1644 avarorum
845 1592 1358 1646 condemnationem
1409 1595 1732 1656 revertitur,
1785 1601 1839 1646 et
1891 1592 2080 1646 inanes

502 1695 693 1733 eorum
748 1680 964 1735 labores
1012 1677 1331 1749 singillatim
1397 1679 1698 1750 perpendit.
1737 1679 1875 1744 Jltcc
1931 1682 2078 1735 enim

503 1769 653 1824 addit
686 1787 699 1821 :

2188 595 2283 647 καὶ
2310 595 2624 664 καταμόνας
2646 595 2722 665 τῷ
2751 596 2942 666 Κυρίῳ
2967 595 3380 659 δουλεύσαντας.
3413 597 3653 660 Τούτους
3678 595 3772 650 οῦν

2186 685 2428 752 ἀγαθοὺς
2461 681 2880 756 ὁνομάσαςὸιαὶ
2931 686 3040 740 τῶν
3072 687 3248 741 ἄλλων
3293 687 3552 742 ἁπάντων
3599 691 3773 760 ὑπερ-

2186 779 2462 848 ηρμένους
2492 779 2614 831 κατ’
2645 778 2848 848 ἀρετὴν
2884 773 3020 848 (οἷος
3075 779 3319 848 δηλονότι
3349 781 3574 848 γέγονεν
3605 781 3633 832 ὁ
3666 781 3773 833 Βα.

2188 869 2419 939 πτιστὴς
2456 869 2713 936 Ἰωάννης
2736 907 2751 933 ,
2781 868 2874 920 xai.
2903 866 3084 936 πολλῷ
3111 867 3165 921 δὲ
3197 867 3392 938 πρώην
3433 869 3772 938 ὀ,Θεσ6ίτης

2201 960 2409 1024 Ἠλίας,
2444 962 2540 1014 καὶ
2567 960 2676 1012 τῶν
2704 959 2821 1029 μετ’
2854 960 3096 1023 ἐκείνους
3123 960 3515 1032 ἀναριθμήτων
3544 965 3572 1015 ὁ
3603 964 3772 1017 κατά-

2185 1052 2364 1120 λογος,
2395 1053 2503 1105 τῶν
2528 1055 2646 1116 ταῖς
2680 1051 3109 1122 ὑπερουρανίαις
3131 1051 3241 1105 τῶν
3265 1053 3514 1120 ἀγγέλων
3541 1053 3762 1117 τάξεσιν

2187 1142 2596 1214 ἀμιλληθέντων
2637 1145 2694 1194 ὲν
2731 1144 2796 1213 τῇ
2823 1145 2924 1213 τῆς
2964 1141 3316 1214 ἀνθρωπίνης
3345 1143 3558 1212 φύσεως
3599 1144 3762 1196 ἀσθε-

2185 1235 2305 1304 νείᾳ
2325 1251 2340 1265 ο
2364 1235 2506 1302 φημὶ
2535 1233 2592 1285 δὲ
2623 1232 2734 1287 τῶν
2763 1235 2891 1303 περὶ
2915 1233 3008 1286 τὸν
3031 1233 3273 1304 Θηϐαῖον
3303 1233 3511 1286 Παῦλον
3537 1235 3629 1286 καὶ
3669 1235 3763 1286 τὸν

2189 1324 2366 1393 μέγαν
2403 1321 2710 1386 Ἀντώνιον,
2747 1323 2842 1376 καὶ
2868 1323 2979 1375 τῶν
3023 1323 3240 1386 τούτοις
3286 1323 3592 1394 ίσορῤόπως
3633 1340 3766 1375 κατ-

2191 1415 2620 1484 ἀγωνισαμένων
2650 1415 2777 1478 τοὺς
2809 1416 3136 1478 ἀντιπάλους
3165 1414 3262 1468 καὶ
3309 1416 3523 1478 κοινοὺς
3553 1415 3756 1482 δυσμε-

2185 1505 2345 1571 νεῖς),
2378 1504 2658 1557 ἐπάνεισιν
2706 1501 2862 1568 αὖθις
2911 1506 3048 1575 πρὸς
3108 1505 3206 1576 τὴν
3254 1507 3364 1558 τῶν
3409 1505 3757 1574 φιλοκόσμων

2149 1653 2154 1658 ,
2186 1597 2279 1648 καὶ
2303 1595 2674 1664 φιλοπλούτων
2707 1597 3054 1666 κατάγνωσιν
3104 1596 3499 1668 ὲμφιλοχωρῶν
3531 1597 3609 1649 ἔτι
3639 1600 3755 1659 ταῖς

2187 1687 2310 1740 κατ’
2336 1682 2476 1750 εἶδος
2505 1689 2920 1757 ματαιοπονίαις
2952 1689 3153 1742 αὐτῶν.
3185 1689 3326 1760 Φησὶ
3355 1690 3462 1758 γάρ
3484 1706 3497 1720 ⁸

1983 1881 2258 1958 gxxvu.

573 1975 740 2030 Vens.
770 1974 822 2028 4.
859 1973 926 2028 Et
949 1975 1051 2028 vidi
1078 1991 1172 2046 ego
1193 1977 1490 2030 universum
1517 1977 1765 2043 laborem,
1788 1985 1838 2029 et
1873 1991 2073 2029 onmem

503 2073 751 2122 virtutem
790 2068 1004 2136 operis;
1033 2069 1160 2136 quia
1201 2069 1373 2137 ipsum
1412 2070 1681 2124 mutuatio
1705 2069 1804 2122 viri
1837 2085 1871 2121 a
1903 2068 2076 2122 sodali

501 2155 638 2216 eius.
686 2153 750 2207 Et
795 2156 1006 2224 quidem
1035 2155 1132 2209 hoc
1163 2158 1371 2210 vanitas
1394 2165 1424 2222 ,'
1461 2170 1508 2211 et
1539 2158 1880 2228 prwaumptio
1914 2159 2073 2228 spiri-

505 2257 588 2299 tus
615 2246 762 2318 (69)..

577 2340 862 2405 Virtutem,
895 2341 1094 2410 inquit,
1123 2350 1289 2411 atque
1329 2343 1437 2396 vim
1481 2357 1720 2406 onmem,
1765 2357 1928 2412 quam
1974 2357 2073 2396 na-

503 2439 622 2484 tura
661 2431 892 2485 habebat
922 2433 992 2486 ab
1023 2443 1245 2502 auctore
1270 2419 1450 2488 datam
1487 2451 1610 2499 suo,
1642 2445 1698 2487 nt
1729 2435 2076 2504 praescriptas

501 2523 570 2576 ab
603 2537 668 2576 eo
699 2521 845 2592 leges
877 2533 1138 2588 servaret,
1166 2524 1418 2578 homines
1449 2525 1636 2577 mutuli
1684 2533 1982 2580 sectatores
2021 2534 2075 2578 et

500 2614 1164 2684 corporis'voluptatibus
1203 2625 1366 2682 atque
1427 2614 1819 2684 cupiditatibus
1866 2614 2070 2669 addicti

501 2705 785 2774 perdidt-re
814 2707 970 2760 vanis
1001 2705 1054 2758 in
1087 2705 1532 2772 cogitationibus,
1561 2720 1626 2760 ac
1669 2705 1827 2758 malis
1854 2705 1906 2758 in
1941 2720 2073 2758 con-

501 2795 640 2848 siliis
665 2806 828 2862 atque
857 2793 1016 2848 factis
1044 2793 1240 2847 misere
1261 2795 1716 2864 absumpserunt:
1739 2797 1880 2851 alius
1903 2797 2068 2850 alium

503 2887 782 2943 laboribus
827 2894 882 2940 et
936 2885 1248 2939 divitiarum
1298 2888 1653 2956 congestione
1683 2903 1945 2956 superare
1984 2903 2070 2959 af

499 2975 694 3045 gressi,
725 2975 775 3028 id
805 2991 969 3028 unum
999 2977 1350 3031 aemulatione
1378 2986 1541 3047 atque
1570 2979 1753 3034 studio
1785 2989 2064 3050 urgentes,

503 3067 651 3120 nullo
703 3066 1066 3122 contentionis
1118 3067 1318 3132 modo,
1359 3069 1510 3123 nullo
1555 3071 1828 3125 consilio:
1878 3078 1936 3122 ut
1973 3084 2068 3123 eos

501 3174 676 3228 neque
726 3158 900 3212 noctis
945 3159 1103 3229 gelu,
1146 3175 1321 3230 neque
1364 3162 1474 3216 diei
1508 3169 1676 3216 :estus
1720 3161 2064 3214 retardaret:

2249 1971 2360 2028 Kal
2405 1967 2572 2028 εἶδον
2621 1972 2736 2044 ἐγὼ
2788 1975 3110 2043 σύμπαντα
3180 1977 3285 2029 τὸν
3333 1979 3598 2046 μόχθον,
3652 1976 3750 2029 καὶ

2177 2063 2514 2132 σύμπασαν
2572 2063 2856 2131 ἀνδρείαν
2905 2063 3011 2117 τοῦ
3061 2065 3418 2133 ποιήματος·
3455 2065 3543 2118 ὅτι
3599 2065 3748 2119 αὐτὸ

2177 2153 2357 2222 ζῆλος
2402 2153 2626 2222 ἀνδρὸς
2667 2153 2786 2208 ἀπὸ
2832 2154 2936 2207 τοῦ
2975 2154 3212 2221 ἑταίρου
3260 2155 3466 2210 αὐτοῦ.
3523 2157 3634 2208 Καί
3679 2169 3747 2224 γε

2175 2244 2353 2299 τοῦτο
2375 2247 2708 2312 ματαιότης
2739 2245 2833 2296 καὶ
2859 2261 2928 2310 πί
2941 2245 3210 2312 οαΙρεσις
3235 2246 3590 2313 πνεύματος.

2246 2341 2455 2403 Πᾶσαν,
2491 2341 2658 2409 φησὶ,
2689 2339 2786 2407 τὴν
2818 2337 3105 2408 δεδομένην
3143 2344 3210 2412 τῇ
3254 2341 3415 2409 φύσει
3454 2339 3602 2410 παρὰ
3640 2338 3737 2392 τοῦ

2173 2434 2573 2494 διαπλάσαντος
2599 2432 2765 2498 αὐτὴν
2793 2430 3045 2500 ἀνδρείαν
3083 2433 3177 2486 καὶ
3200 2433 3429 2500 δύναμιν
3460 2433 3540 2492 είς
3567 2430 3746 2499 φυλα-

2175 2526 2277 2593 κὴν
2317 2525 2426 2577 τῶν
2451 2523 2714 2576 δοθέντων
2740 2526 2872 2594 παρ’
2899 2522 3064 2577 αὐτοῦ
3089 2523 3286 2590 νόμων,
3321 2522 3370 2573 οἱ
3422 2519 3746 2588 φιλόκοσμοι

2173 2615 2269 2668 καὶ
2312 2613 2584 2684 φιλήδονοι
2630 2615 2725 2666 καὶ
2756 2611 3118 2684 φιλεμπαθεῖς
3147 2613 3204 2664 ὲν
3249 2608 3746 2680 ματαιοφροσύναις

2173 2708 2268 2760 καὶ
2299 2705 2683 2769 κακοϐουλίαις
2733 2707 2830 2760 xal.
2865 2701 3332 2774 πονηροπραξίαις
3382 2692 3746 2754 κατεδάλοντο

2173 2800 2269 2852 καὶ
2318 2797 2504 2861 κακῶς
2544 2797 2973 2864 κατηνάλωσαν·
3020 2795 3177 2856 ἄλλος
3228 2795 3320 2846 τὸν
3366 2793 3526 2846 ἄλλον
3570 2793 3745 2862 ὑπερ-

2170 2890 2430 2944 ϐαλέσθαι
2465 2889 2559 2942 καὶ
2592 2890 2706 2948 τοῖς
2748 2886 2972 2957 μόχθοις
3016 2886 3113 2938 καὶ
3159 2889 3223 2954 τῇ
3262 2883 3610 2954 συναθροίσει
3646 2880 3742 2934 τοῦ

2173 2979 2404 3032 πλούτου
2443 2977 2852 3047 κατερεθισθε“ις
2879 2976 2971 3028 καὶ
2999 2974 3250 3039 ζηλώσας
3287 2973 3382 3026 καὶ
3409 2972 3738 3036 σπουδάσας,

2171 3072 2264 3121 καὶ
2299 3069 2434 3138 πρὸς
2463 3067 2597 3121 αὐτὸ
2630 3067 2788 3120 τοῦτο
2826 3065 3026 3134 πολλὴν
3069 3066 3168 3135 τὴν
3201 3065 3430 3134 ἅμιλλαν
3475 3061 3738 3114 ἐπιδεδει-

2168 3161 2370 3228 γμένος
2419 3159 2505 3211 διὰ
2554 3157 2754 3226 πολλὴν
2785 3155 3076 3209 ἀϐουλίανο
3109 3156 3204 3207 καὶ
3247 3155 3383 3224 μήτε
3411 3152 3490 3223 τῷ
3520 3151 3742 3222 παγιτῷ

499 3251 618 3304 ausi
651 3265 870 3320 quoque
901 3251 1038 3306 mari
1071 3267 1130 3308 se
1161 3252 1433 3320 profundo
1460 3255 1822 3316 committere,
1857 3261 1909 3304 et
1942 3251 2063 3304 lon-

2173 3249 2266 3316 τῆς
2311 3248 2538 3312 νυκτὸς,
2595 3248 2733 3316 μήτε
2782 3245 2859 3316 τῷ
2911 3245 3152 3298 καύσωνι
3202 3247 3300 3314 τῆς
3343 3245 3554 3314 ἡμέρας
3601 3243 3740 3298 καθ-

499 3341 849 3409 gissiinorum
883 3342 1138 3396 itinerum
1183 3343 1400 3398 labores
1432 3353 1758 3397 mercaturae
1803 3339 2065 3394 faciendae

499 3447 668 3485 causa
717 3443 1103 3500 contemnere,
1165 3450 1268 3489 nec
1327 3435 1491 3488 ullam
1539 3433 1764 3487 omnino
1813 3431 2067 3500 defugere

499 3539 820 3592 arumnam,
848 3540 911 3580 ac
951 3527 1155 3580 nullam
1191 3543 1296 3580 non
1329 3528 1514 3580 subire
1545 3526 1846 3579 molestiam
1875 3539 1888 3576 :
1919 3522 2067 3576 defa-

389 3664 408 3684 ,
502 3617 775 3684 ligationis
803 3617 940 3671 adeo
967 3628 1020 3672 et
1053 3632 1309 3672 curarum
1338 3618 1625 3686 patientes,
1647 3625 1703 3670 ut
1725 3616 1881 3675 dolos
1901 3615 2064 3670 etiam

499 3719 551 3761 et
582 3705 852 3762 fallaciam
881 3720 933 3762 et
959 3708 1291 3763 Caluutniam
1322 3707 1546 3774 ferrent,
1583 3709 1712 3764 dum
1754 3707 1950 3778 Opibus
1976 3722 2068 3775 po-

499 3803 731 3853 tirenlur
775 3817 788 3852 :
840 3816 962 3869 quae
1033 3801 1218 3854 omnia
1275 3816 1504 3855 summa:
1547 3801 1801 3855 vanitatis
1865 3800 2066 3854 iudicia

499 3900 646 3946 sunt.
697 3891 862 3945 Addit
905 3893 1050 3945 enim
1097 3887 1130 3946 ξ’
1171 3913 1188 3944 ι
1225 3891 1288 3946 Ει
1336 3894 1555 3963 quidem
1609 3894 1710 3946 hoc
1761 3894 1973 3946 vanitas
2015 3901 2069 3945 et

500 3985 852 4052 praesumptio
886 3986 1132 4053 spiritus,
1159 4004 1177 4034 ι
1211 3987 1450 4040 studium
1480 3999 1672 4050 nempe
1718 3984 1846 4036 illud
1879 3985 2070 4038 inutile

497 4089 661 4147 atque
709 4080 905 4145 inane,
944 4091 997 4134 et
1029 4096 1154 4134 enm
1177 4079 1254 4134 ad
1287 4079 1482 4132 animae
1528 4078 1760 4129 salutem
1798 4077 2064 4144 ineptum,

499 4181 610 4223 tum
649 4186 704 4224 re
735 4171 848 4240 ipsa
895 4172 1222 4241 ﬂagitiosum
1249 4208 1265 4232 ,
1309 4185 1461 4222 more
1491 4183 1594 4222 suo
1629 4171 1913 4220 vanitatem
1953 4167 2069 4221 sive

501 4277 697 4316 ianum
742 4264 979 4316 laborem
1013 4261 1312 4330 appellans,
1345 4271 1394 4313 et
1431 4261 1650 4339 spiritus
1696 4259 2069 4328 prwsnmptio-

497 4371 614 4409 nem
643 4396 656 4415 ,
690 4365 748 4409 nt
780 4370 972 4422 nempe
1006 4353 1232 4407 lmmani
1266 4352 1475 4406 arbitrii
1512 4368 1653 4419 opus
1690 4357 1801 4406 haec
1831 4368 1951 4406 esse
1990 4351 2065 4404 εἰ-

496 4447 798 4516 gnihcaret.

569 4710 678 4765 Hos
717 4720 897 4766 autem
941 4712 1088 4782 ipsos
1115 4713 1410 4782 designans
1447 4724 1609 4782 atque
1646 4705 1944 4781 depingcns
1979 4707 2069 4765 Dei

497 4819 718 4875 quoque
755 4804 922 4859 frater
971 4821 1201 4874 magnus
1253 4803 1525 4868 Jacobns,
1576 4804 1655 4857 sic
1691 4805 1810 4856 ait:
1859 4820 1879 4853 ι
1915 4803 2072 4871 Agite

500 4911 646 4951 nunc
665 4898 757 4966 qui
792 4897 1008 4952 dicitis:
1035 4897 1204 4950 llodie
1230 4907 1322 4951 aut
1350 4897 1592 4951 crastino
1613 4895 1817 4949 ibimus
1839 4893 1892 4946 in
1925 4894 2069 4946 illam

496 4988 793 5050 civitatem,
832 4998 886 5042 et
920 4990 1184 5044 faciemus
1223 4990 1294 5042 ibi
1327 4990 1546 5058 quidem
1583 5001 1810 5050 annum,
1843 4995 1898 5040 et
1927 4999 2068 5039 mer-

496 5080 769 5144 cabimur,
805 5091 856 5134 et
903 5083 1114 5135 lucrum
1151 5083 1412 5136 faciemus
1448 5098 1462 5132 :
1500 5081 1593 5149 qni
1641 5080 1905 5148 ignoratis
1939 5078 2068 5147 quid

495 5173 600 5225 erit
628 5171 682 5224 in
713 5174 972 5228 crastino.
1011 5175 1142 5240 Quae
1174 5187 1257 5230 est
1288 5175 1435 5229 enim
1475 5175 1584 5226 vita
1618 5171 1843 5226 vestra?
1900 5185 2068 5238 vapor

569 5281 680 5354 (68)
721 5279 857 5334 Dum
883 5287 1046 5354 apud
1089 5285 1304 5338 Crmros
1353 5285 1696 5354 presbyteros
1738 5281 2062 5354 castimonia

496 5352 750 5414 lababat,
779 5365 832 5405 et.
868 5351 1137 5408 Trullana:
1178 5351 1366 5424 synodi
1402 5351 1630 5406 licentia:
1668 5355 1749 5405 via
1783 5351 2063 5404 munieba-

495 5431 618 5487 tur,
661 5439 786 5476 ecce
822 5425 916 5478 tibi
965 5423 1262 5494 Gregorius
1317 5438 1499 5478 uoster
1531 5423 1806 5494 cmlibatns
1845 5435 2050 5488 praten-

497 5495 646 5548 nium
685 5495 924 5562 peragit,
950 5491 1108 5562 quem
1146 5497 1256 5564 ipse
1285 5497 1444 5548 etiam
1479 5503 1697 5548 Secutus
1749 5491 1956 5564 fuerat.
1999 5499 2049 5564 et.

496 5580 618 5617 cum
645 5560 906 5632 singulari
935 5560 1146 5619 morum
1167 5560 1460 5620 sanctitate
1477 5565 1852 5632 conjunxeral.
1877 5560 2048 5612 Simul

495 5643 676 5688 autem
713 5646 834 5702 post
862 5634 1030 5689 Etiam
1074 5647 1126 5689 ct
1165 5637 1424 5690 Joannem
1446 5675 1458 5696 ,
1489 5637 1596 5686 duo
1627 5633 1713 5686 illa
1742 5639 2048 5685 ascetainm

502 5705 744 5766 lumina,
791 5705 926 5760 duos
981 5709 1424 5776 pt'a‘clarissimos
1470 5704 1670 5758 (:‘t'lllds
1727 5704 1844 5754 vita)
1891 5709 2050 5767 atque

2168 3337 2351 3406 υφείς’
2373 3336 2508 3390 ἀλλὰ
2537 3338 2629 3389 καὶ
2656 3335 2910 3403 πελαγῶν
2935 3335 3240 3389 θαλαττίων
3264 3335 3738 3404 κατατολμῶντες,

2167 3430 2262 3483 καὶ
2295 3427 2654 3498 μακροτάτων
2707 3428 2843 3480 ὁδῶν
2880 3429 3008 3490 τοὺς
3039 3429 3240 3490 κόπους
3267 3430 3324 3481 ὲν
3350 3431 3472 3492 ταῖς
3504 3431 3738 3500 ἐμπορι-

2167 3525 2288 3584 καῖς
2311 3521 2600 3573 ὑποθέσεσι
2628 3519 3084 3590 περιφρονοῦντες
3135 3521 3230 3574 καὶ
3273 3521 3735 3593 παραδλέποντες,

2167 3616 2262 3667 καί
2310 3614 2490 3666 πᾶσαν
2540 3612 2875 3677 ἁπαξαπλῶς
2929 3613 3176 3666 κάκωσιν
3221 3615 3316 3666 καὶ
3363 3617 3738 3686 ταλαιπωρίαν

2168 3705 2554 3776 ἀναδεχόμενοι
2610 3709 2703 3760 καὶ
2757 3704 3050 3774 μογοῦντες
3097 3707 3192 3758 καὶ
3240 3707 3483 3777 σφοδρῶς
3532 3709 3738 3778 τληπα-

2170 3799 2423 3862 θοῦντες·
2473 3798 2567 3852 καὶ
2614 3797 2894 3867 δολιότητα
2942 3801 3034 3850 καί
3075 3797 3598 3870 ψευδοῤῥημοσύνην
3649 3801 3740 3853 καὶ

2171 3891 2539 3958 συκοφαντίαν
2586 3889 3054 3960 ἀναλαμϐάνοντες
3118 3889 3206 3943 διὰ
3271 3891 3439 3960 μόνην
3490 3891 3587 3962 τὴν
3645 3891 3737 3944 τοῦ

2171 3983 2404 4035 πλούτου
2431 3981 2776 4052 συνάθροισιν
2801 3980 2865 4034 ’ἃ
2891 3981 3068 4033 πάντα
3087 3981 3270 4048 πάσης
3295 3983 3402 4034 alat
3428 3999 3492 4052 οη
3502 3985 3737 4052 μαντικὰ

2173 4073 2556 4143 ματαιότητος.
2601 4073 2737 4142 Φησὶ
2763 4071 2894 4143 γὰρ,
2947 4090 2964 4121 ι
2998 4070 3106 4124 Καί
3147 4088 3208 4139 γε
3251 4071 3411 4125 τοῦτο
3445 4076 3739 4144 ματαιότης

2170 4166 2266 4218 καὶ
2328 4165 2646 4234 προαίρεσις
2717 4163 3056 4232 πνεύματος,
3104 4181 3122 4214 ι
3185 4162 3282 4233 τὴν
3333 4164 3589 4232 ἀνόνητον
3647 4169 3738 4218 καὶ

2171 4256 2432 4326 περιττὴν
2495 4256 2590 4307 καὶ
2655 4253 2787 4325 πρὸς
2843 4253 3116 4322 μηδεμίαν
3172 4255 3448 4324 σωτηρίαν
3500 4255 3737 4326 ψυχικὴν

2172 4345 2531 4401 συντελοῦσαν
2560 4344 2793 4414 σπουδὴν
2837 4343 3140 4414 μοχθηράν,
3167 4346 3554 4414 ματαιότητα,
3580 4365 3737 4401 τουτ-

2169 4440 2286 4494 έστι
2324 4436 2716 4509 ματαιοπονίαν
2736 4435 3029 4504 ὀνομάσας,
3057 4437 3198 4490 κατὰ
3241 4437 3301 4488 τὸ
3353 4438 3604 4510 σύνηθες,
3645 4443 3737 4494 καὶ

2107 4563 2147 4614 υ
2173 4533 2524 4601 προαίρεσιν
2565 4529 2932 4597 πνεύματοςο
2966 4531 3087 4582 ἀντὶ
3132 4527 3264 4596 τοῦ,
3301 4530 3614 4603 Βουλήσεως
3653 4535 3737 4588 ἀν-

2175 4625 2449 4697 θρωπίνης
2476 4624 2634 4695 ἔργον
2659 4623 2830 4676 ταῦτα
2861 4621 3159 4691 πεφύκασι.

2242 4718 2378 4777 Τοὺς
2406 4719 2462 4770 δὲ
2491 4717 2766 4779 τοιούτους
2799 4718 3168 4786 αἰνιττόμενος
3199 4720 3293 4770 καὶ
3320 4713 3736 4788 χαρακτηρίζων

2171 4812 2264 4864 xal.
2290 4813 2318 4864 ὁ
2347 4807 2664 4876 ἁδελφόθεος
2702 4807 2796 4860 καὶ
2829 4807 2998 4876 μέγας
3033 4806 3290 4870 Ἰάκωϐος
3334 4809 3533 4861 οὑτωσί
3565 4821 3730 4878 φησι·

2175 4920 2194 4951 ‹
2231 4901 2366 4968 Ἀγε
2391 4897 2506 4962 νῦν,
2528 4899 2577 4950 οἱ
2604 4897 2852 4966 λέγοντες
2870 4935 2886 4960 ,
2917 4898 3163 4968 Σήμερον
3190 4900 3285 4953 καὶ
3321 4898 3510 4967 αὔριον
3544 4916 3734 4968 πορευ-

2173 4991 2376 5060 σόμεθα
2427 4991 2507 5052 είς
2550 4988 2708 5059 τήνδε
2747 4989 2845 5057 τὴν
2899 4990 3073 5052 πόλιν,
3126 4989 3220 5042 καὶ
3273 4991 3574 5060 ποιήσομεν
3621 4991 3734 5044 ἐκεῖ

2168 5081 2416 5134 ἐνιαυτὸν
2463 5080 2579 5147 ἕνα,
2611 5080 2706 5134 καὶ
2740 5081 3192 5150 ἐμπορευσόμεθα
3226 5083 3318 5134 καὶ
3377 5081 3727 5153 κερδήσομεν,

2168 5175 2361 5235 οἵτινες
2421 5172 2521 5225 οὑκ
2595 5171 2892 5225 ἐπίστασθε
2940 5171 3000 5225 τὸ
3047 5172 3146 5241 τῆς
3189 5172 3406 5241 αὔριον·
3459 5173 3587 5226 ποία
3625 5177 3730 5242 γάρ

2167 5287 2408 5341 ouminm
2446 5287 2702 5339 virtutum
2751 5286 3042 5354 magistros
3073 5301 3136 5340 ac
3168 5285 3334 5340 duces
3363 5287 3726 5347 commendat,

2168 5371 2306 5417 quos
2362 5357 2556 5409 Oriens
2612 5356 2811 5424 pariter
2859 5357 3231 5424 Occidensque
3274 5356 3454 5408 omnis
3503 5357 3728 5411 miratus

2168 5437 2270 5488 est,
2311 5425 2611 5492 dignosque
2642 5441 2856 5493 semper
2891 5425 3110 5488 habuit,
3144 5440 3376 5492 quorum
3415 5424 3726 5479 memoriam

2168 5497 2540 5549 anniversaria
2568 5496 2926 5548 celebratione
2955 5495 3186 5562 posteris
3213 5495 3468 5548 traderet.

2235 5567 2346 5635 ((59)
2388 5567 2596 5635 Ulymp.
2627 5565 2706 5617 ὃτι
2747 5565 2878 5618 αὐτὸ
2907 5561 3065 5634 ζῆλος
3107 5565 3280 5634 ἀνδρὶ,
3313 5563 3474 5616 τοῦτο
3501 5561 3712 5631 ματαιό·

2165 5653 2326 5706 της...
