4076 6284
343 379 445 450 9-17

1407 383 1489 444 IN
1531 382 2110 444 ECCLESIASTEN.
2151 409 2216 418 -
2244 381 2392 442 LIB.
2426 382 2516 441 IV.

3483 358 3584 426 918

348 493 422 544 ἑτέ
435 506 532 560 ραν
554 491 931 562 ἁπειρημένην
948 490 1365 562 κατο).ισ¹ἷῆσαν,
1386 493 1462 557 ὡς
1487 491 1919 563 ὕπενηνεγμένον

2036 493 2195 557 lium,
2234 493 2318 545 vel
2379 491 2432 544 in
2499 488 2718 542 vetitam
2770 481 2932 538 aliam
2986 479 3252 534 actionem
3334 487 3600 529 corruens
3647 481 3652 488 '

333 585 453 647 ταῖς
503 583 698 652 ῥοπαῖς
751 583 846 636 καὶ
903 582 1191 654 βουλήσεσι
1241 588 1340 655 τῆς
1384 583 1581 655 ψυχῆς.
1618 584 1832 653 Ταύτης
1865 584 1920 636 δὲ

335 674 819 746 προπεπτωκυίας,
851 675 944 726 καὶ
967 673 1060 728 τοῦ
1084 673 1334 744 σώματος
1366 675 1806 746 συμπτωθέντος,
1824 674 1922 726 οὐκ

337 768 446 836 ἔχει
477 768 664 839 χώραν
693 769 784 820 τὸν
812 767 910 820 ἕνα
937 767 1117 836 λέγειν
1151 769 1358 831 πεσεῖν,
1392 767 1526 820 ἀλλὰ
1563 769 1690 830 τοὺς
1733 769 1911 837 ἀμφο-

337 879 365 914 τ
378 860 530 932 έρους
549 876 563 891 ⁸
593 861 920 931 ἀμςοοτέρων
938 859 993 912 δὲ
1015 859 1403 922 πεπτωκότων,
1428 857 1543 922 πῶς
1560 862 1586 911 6
1617 855 1922 920 πεπτωκὼς

336 954 428 1005 τὴν
483 953 716 1006 πεσόντα
761 951 1092 1022 διαναστήσῃ
1135 950 1275 1003 κατὰ
1315 949 1405 1002 τὸν
1455 949 1918 1017 Ἐγκλησιαστὴν;

341 1043 536 1096 Τοίνυν
575 1043 835 1114 ἐκατέρου
898 1043 1151 1105 πεσόντος
1189 1041 1466 1113 οὐδέτερος
1517 1041 1780 1111 διεγεῖραι
1831 1040 1922 1092 τὸν

339 1136 526 1207 ἕτερον
559 1131 668 1198 οἷός
694 1134 752 1186 τέ
781 1135 896 1186 ἐστι
928 1133 1064 1204 πρὸς
1103 1133 1201 1202 τὴν
1239 1133 1345 1186 τῶν
1384 1131 1564 1186 καλῶν
1593 1132 1800 1185 στάσιν.
1849 1130 1922 1184 Τδ

344 1223 503 1296 σῶμα
528 1227 634 1294 γὰρ
663 1225 720 1278 οὐ
759 1225 1028 1294 πέφυκεν·
1057 1226 1090 1294 ἡ
1122 1225 1180 1292 δὲ,
1202 1224 1348 1295 ψυχὴ
1387 1224 1486 1278 κᾶν
1527 1224 1765 1292 πέφυκεν
1787 1223 1922 1276 ἀλλὰ

341 1316 763 1388 προηγουμένως
781 1315 978 1386 ἑαυτὴν
999 1315 1239 1388 ἐξεγερεῖ
1256 1317 1353 1386 τῆς
1371 1316 1752 1386 ἁμαρτητικῆς
1782 1333 1923 1386 συμ-

343 1407 601 1468 πτώσεως
622 1407 710 1459 διὰ
747 1408 844 1477 τῆς
881 1407 1193 1477 μετανοίας·
1231 1407 1419 1460 ἔπειτα
1451 1407 1507 1459 δὲ
1553 1407 1646 1460 καὶ
1672 1407 1732 1459 τὸ
1765 1406 1924 1476 σῶμα

343 1497 802 1570 συνεγερθήσεται
851 1500 1068 1562 πάντως
1113 1499 1250 1570 αὐτῇ
1289 1499 1385 1562 τὰς
1422 1497 1575 1570 ἡνίας
1603 1497 1799 1570 ἐχούσῃ
1832 1501 1924 1551 καὶ

341 1589 400 1642 τὸ
421 1589 617 1660 κράτος
641 1590 739 1659 τῆς
770 1589 864 1642 ἐπὶ
899 1589 958 1642 τὺ
981 1592 1227 1659 κρεῖττον
1257 1590 1289 1661 ἢ
1324 1589 1384 1642 τὸ
1412 1590 1595 1660 χεῖρον
1633 1587 1825 1658 ῥοπῆς.

412 1770 474 1822 El
526 1769 583 1822 δέ
635 1787 718 1833 τις
763 1769 1052 1841 βουληθείη
1098 1769 1195 1839 τῆς
1251 1769 1544 1840 ἀναγωγῆς
1587 1771 1706 1834 ιτοῖς
1744 1769 1923 1838 λόγοις

341 1857 847 1928 ἀλληγορικὼτερον
902 1858 1241 1928 ἑρμηνεῦσαι
1291 1859 1352 1911 τὸ
1403 1859 1716 1929 είρημένον,
1765 1860 1924 1913 τοῦτο
1953 1833 1996 1888 Β

345 1949 544 2018 μᾶλλον
563 1949 966 2020 προαχθήσεται
997 1951 1090 2002 καὶ
1109 1952 1301 2020 νοῆσαι
1335 1951 1428 2004 καὶ
1458 1953 1664 2004 εἰπεῖν’
1693 1950 1769 2014 ὡς
1801 1969 1922 2022 τρι-

345 2039 546 2110 μεροῦς
579 2041 677 2111 τῆς
697 2041 878 2112 ψυχῆς
914 2041 1402 2112 ὑπαρχούσης.ἆτε
1439 2041 1503 2113 δὴ
1533 2042 1592 2094 τὸ
1620 2042 1925 2110 λογιστικὸν

345 2133 438 2185 καὶ
467 2131 528 2184 τὸ
565 2131 962 2202 ἐπιθυμητικόν
987 2149 1044 2185 τε
1073 2133 1166 2186 καὶ
1197 2131 1431 2201 θυμικὸν
1460 2133 1645 2202 σαφῶς
1673 2133 1922 2204 ἐχούσης,

340 2220 539 2288 ἀγαθοὶ
591 2221 1117 2292 παραληφθήσονται
1157 2222 1304 2276 κατὰ
1347 2224 1408 2276 τὸ
1445 2223 1648 2293 μᾶλλον
1681 2223 1776 2278 τοῦ
1810 2226 1927 2288 ἑνὸς

339 2310 548 2364 τούτων
569 2351 584 2375 ,
625 2313 670 2366 οί
700 2311 954 2382 δύοπρὸς
988 2313 1046 2365 τὸ
1073 2313 1276 2380 ἀγαθὸν
1311 2315 1798 2384 συμφωνήσαντες,
1833 2317 1928 2369 καὶ

341 2401 421 2472 τῷ
453 2404 750 2474 λογιστικῷ
785 2406 940 2475 μέρει
971 2404 1062 2457 τοῦ
1089 2405 1492 2476 ἐπιθυμητικοῦ
1523 2408 1927 2480 κατακολουθή-

344 2510 538 2557 σαντος
566 2495 658 2548 ἐπὶ
688 2499 804 2558 ταῖς
843 2495 952 2548 τῶν
979 2495 1265 2566 βελτιόνων
1295 2498 1548 2565 ἐκλογαῖς
1580 2500 1674 2552 καὶ
1695 2501 1892 2568 ῥοπαῖς
1910 2518 1923 2531 ο

344 2585 484 2638 ἀλλα
530 2587 626 2640 καὶ
675 2586 907 2658 θατέρου
947 2587 1176 2652 τούτων,
1216 2589 1336 2657 ἦτοι
1379 2589 1474 2643 τοῦ
1530 2591 1927 2662 ἐπιθυμητικοῦ

347 2677 485 2746 πρὸς
510 2676 546 2730 ἃ
585 2679 660 2748 μὴ
688 2677 848 2746 θέμις
879 2679 1382 2752 παρεκτραπέντος,
1404 2682 1602 2754 ῥᾳδίως
1635 2683 1767 2736 αὐτὸ
1794 2685 1928 2752 πρὸς

349 2769 411 2821 τὸ
440 2769 647 2836 βέλτιον
685 2769 984 2836 ὲπανάξει·
1019 2769 1113 2834 τοῦ
1154 2770 1465 2840 λογιστικοῦ
1507 2773 1641 2843 πρὸς
1690 2773 1930 2844 ἐνθυμήο

355 2876 467 2922 σεις
485 2859 869 2930 ὑπενεχθέντος
895 2861 1152 2925 ἀτόπους,
1167 2861 1260 2915 καὶ¹
1286 2865 1660 2934 παραρυὲντος
1681 2865 1782 2934 τῆς
1803 2865 1932 2936 ἁλη-

360 2949 482 3013 Θοῦς
517 2951 876 3028 καταλήψεως
907 2953 1014 3006 τῶν
1043 2955 1406 3025 πραγμάτων,
1438 2957 1499 3008 τὸ
1529 2957 1930 3028 ἐπιθυμητικὸν

362 3044 522 3113 μέρος
555 3045 651 3116 τῆς
692 3045 828 3115 πρὸς
859 3045 947 3099 τὸν
977 3046 1070 3098 ἐπὶ
1106 3047 1323 3100 πάντων
1351 3047 1480 3100 Θεδν
1532 3049 1770 3118 ἐφέσεως
1802 3053 1928 3104 ἀντ-

355 3136 629 3205 εχόμενον,
659 3138 750 3190 καὶ
795 3136 893 3206 τῆς
927 3135 1159 3207 ἀληθοῦς
1187 3137 1548 3206 διαγνώσεως,
1569 3141 1931 3194 ἁνασκευᾶισει

351 3227 448 3282 τοῦ
481 3229 788 3296 λογιστικοῦ
819 3230 918 3300 τὴν
949 3231 1312 3299 παρέγκλισιν
1373 3233 1464 3285 καὶ
1518 3237 1935 3305 παρεκτροπήν.

355 3319 468 3375 Καὶ
494 3319 727 3384 σώζεται
771 3321 832 3373 τὸ
883 3321 1069 3391 ῥητὸν,
1101 3321 1174 3385 ὡς
1205 3321 1468 3393 ἑκατέρου
1513 3323 1644 3390 παρ’
1671 3324 1936 3395 ἑκατέρου

351 3411 749 3481 διεγερθέντος.
784 3414 923 3466 Οὐαὶ
955 3415 1010 3468 δὲ
1049 3415 1266 3485 θατέρῳ
1300 3417 1506 3469 τούτων
1539 3417 1658 3484 ἤτοι
1695 3418 1774 3486 τῷ
1814 3418 1936 3470 ἐπι-

355 3503 664 3577 θυμητικῷ,
697 3506 826 3560 ὃταν
858 3510 958 3561 οὐκ
989 3509 1084 3580 ἔχῃ
1118 3509 1214 3580 τὴν
1245 3510 1354 3562 ἀπὸ
1383 3509 1474 3562 τοῦ
1505 3510 1812 3577 λογιστικοῦ
1844 3512 1938 3580 μέ-

359 3614 486 3668 ρους
525 3597 777 3666 βοήθειαν
801 3599 898 3651 καὶ
935 3601 1070 3670 πρὸς
1103 3600 1170 3652 τὰ
1201 3600 1434 3671 κρείττω
1469 3601 1760 3669 διέγερσιν.
1792 3603 1936 3654 Κατ·

354 3685 648 3740 ολισθαίνει
697 3689 806 3760 γὰρ
858 3690 998 3758 πρὸς
1036 3690 1341 3759 βλαπτικὰς
1376 3690 1670 3760 ἐπιθυμίας
1709 3693 1802 3743 καὶ
1835 3691 1940 3760 ψυ-

351 3779 658 3849 χοιρθόρους
703 3781 920 3851 μυρίας.
959 3783 1128 3836 Τοῦτο
1159 3783 1214 3836 δὲ
1249 3783 1546 3852 πάσχουσιν
1585 3784 1635 3836 οἱ
1684 3783 1937 3853 λωϐησά-

361 3871 513 3941 μένοι
548 3873 640 3924 καὶ
677 3872 1090 3942 διαφθείραντες
1133 3874 1472 3946 αὐθαιρέτως
1505 3874 1600 3946 τὴν
1633 3874 1815 3945 κρίσιν
1845 3875 1938 3930 τοῦ

355 3961 668 4029 λογιστικοῦ
698 3963 921 4033 μέρους,
948 3964 1043 4017 καὶ
1073 3963 1267 4036 νεκρὸν
1295 3965 1389 4018 καὶ
1417 3965 1700 4030 παντελῶς
1721 3967 1941 4035 ἁνενέρ-

355 4068 524 4124 γητον
567 4053 970 4124 ἀποφήναντες.
1019 4055 1179 4110 Ἀλλὰ
1217 4056 1314 4109 καὶ
1343 4056 1404 4108 τὸ
1449 4055 1684 4127 ἔμπαλιν
1713 4059 1836 4112 οὐαὶ
1861 4059 1940 4130 τῷ

356 4143 656 4220 λογιστικῷ
698 4147 852 4217 μέρει
883 4148 979 4216 τῆς
1007 4147 1207 4218 ψυχῆς,
1238 4148 1366 4202 ὅταν
1396 4148 1496 4200 οὐκ
1535 4147 1634 4222 ἔχῃ
1659 4151 1718 4202 τὸ
1750 4149 1941 4203 ἐπιθυ-

363 4237 594 4307 μητικὸν
624 4239 958 4309 τεταγμένον
992 4240 1127 4310 πρὸς
1153 4241 1251 4310 τὴν
1275 4239 1426 4292 θείαν
1481 4241 1791 4312 ἀγάπησιν·
1845 4241 1939 4296 ἅτε

357 4329 424 4397 δὴ
457 4330 906 4401 πυρπολούμενον
941 4333 1004 4401 τῇ
1042 4331 1280 4402 συντόνῳ
1321 4331 1507 4400 ἐφέσει
1553 4333 1648 4402 τῆς
1709 4333 1844 4404 πρὸς
1873 4335 1941 4388 τὰ

360 4421 528 4492 νοητὰ
561 4421 654 4474 καὶ
683 4421 801 4474 θεῖα
829 4421 1111 4491 βελτίστης
1148 4421 1549 4490 προσνεύσεως.
1581 4423 1804 4476 ῐΙεσόντι
1831 4425 1940 4496 γὰρ

2026 594 2285 652 tanquam
2321 581 2516 636 anima:
2548 577 2914 650 prepensione
2941 587 3005 627 ac
3027 571 3308 623 voluntate
3334 565 3598 620 delatum.

2021 674 2219 728 Anima
2266 687 2396 725 vero
2443 669 2732 738 praelapsa,
2782 664 3131 732 collapsoque
3187 672 3296 711 una
3347 668 3598 724 corpore,

2022 767 2126 822 dici
2185 765 2408 835 nequit,
2472 779 2639 818 unum
2698 754 3082 816 tantummodo
3149 750 3450 814 cecidisse,
3509 746 3602 801 sed

2022 868 2319 927 utrumque
2363 855 2654 911 dicendum
2706 861 2789 906 est
2831 869 2846 904 :
2889 858 3128 916 utroque
3180 851 3362 897 autem
3427 842 3600 908 lapso,

2023 949 2300 1021 quomodo
2325 947 2419 1017 qui
2459 944 2679 1008 cecidit,
2727 951 2785 997 ut
2815 939 3174 994 Ecclesiastes
3203 934 3302 999 ait,
3327 934 3601 1002 jaceutem

2024 1041 2238 1113 erigat?
2269 1039 2412 1108 Quin
2445 1039 2606 1092 etiam
2641 1035 2909 1089 alterutro
2949 1039 3162 1084 tantum
3203 1027 3376 1095 lapso,
3410 1031 3606 1080 neuter

2025 1136 2089 1190 ad
2125 1135 2480 1188 honestarum
2512 1143 2695 1187 rerum
2725 1133 2924 1180 statum
2951 1133 3211 1176 revocare
3247 1117 3477 1172 alterum
3510 1130 3607 1185 po-

2027 1237 2150 1282 test.
2179 1225 2396 1295 Corpus
2429 1221 2576 1278 enim
2605 1221 2846 1290 ineptum
2883 1224 3077 1270 natura
3111 1219 3196 1268 est
3223 1229 3235 1264 :
3269 1209 3451 1278 anima
3477 1222 3607 1262 vero

2025 1333 2342 1390 quanquam
2390 1315 2586 1369 idonea
2621 1319 2726 1372 est,
2773 1307 3122 1376 semetipsam
3178 1311 3358 1358 tamen
3391 1299 3545 1370 prius
3573 1312 3606 1351 ι

2025 1411 2236 1484 peccati
2269 1411 2422 1478 lapsu
2459 1397 2781 1473 poenitentia
2811 1399 3093 1456 excitabit.
3120 1394 3260 1449 Tum
3289 1391 3527 1461 denique
3553 1399 3605 1443 et

2027 1518 2226 1572 corpus
2262 1501 2500 1570 erigetur
2530 1496 2755 1552 omnino
2787 1508 2911 1547 cum
2940 1491 3057 1560 ipsa
3087 1487 3331 1574 ha_benas
3360 1491 3603 1553 regente.

2027 1610 2092 1650 ac
2139 1591 2557 1663 propensionem
2613 1587 2678 1642 ad
2731 1587 2932 1640 bonum
2981 1589 3035 1637 et
3085 1577 3290 1633 malum
3346 1583 3607 1644 tanquam

2026 1685 2245 1739 domina
2283 1681 2620 1735 moderante.

2101 1775 2262 1845 119
2285 1773 2340 1828 Si
2377 1773 2500 1842 quis
2535 1783 2714 1825 autem
2739 1769 3042 1823 orationem
3079 1763 3346 1825 attollere,
3382 1768 3436 1814 et
3464 1759 3607 1814 dicta

2032 1862 2440 1936 interpretando
2481 1858 2794 1930 allegoriam
2831 1856 2983 1926 sequi
3022 1853 3295 1916 maluerit,
3333 1850 3467 1904 illud
3511 1865 3609 1917 po-

2034 1960 2144 2015 tius
2167 1957 2411 2028 cogltare
2443 1963 2606 2022 atque
2639 1951 2822 2007 dicere
2861 1961 3087 2003 necesse
3119 1946 3218 2010 sit;
3250 1958 3374 1996 cum
3413 1941 3610 2007 tripar-

2033 2048 2132 2100 tito
2159 2026 2341 2098 auima
2385 2039 2788 2100 consideretur,
2837 2037 3037 2106 quippe
3070 2049 3192 2103 quae
3236 2029 3527 2084 manifesto
3556 2039 3610 2080 σι

2033 2140 2396 2202 rationem,et
2413 2135 2804 2207 appetitum,et
2829 2127 3178 2184 irascentiam
3209 2121 3609 2192 complectitur.

2033 2230 2208 2285 multo
2231 2228 2524 2282 validiores
2549 2220 2882 2293 deprehendi
2908 2219 3067 2273 binas
3091 2217 3210 2286 ejus
3241 2213 3398 2280 quasi
3432 2221 3612 2282 partes

2036 2322 2090 2375 in
2137 2322 2282 2376 bono
2327 2317 2756 2378 consentientes,
2803 2326 2968 2383 quam
3018 2324 3182 2364 unam
3219 2315 3450 2370 tantum,
3487 2319 3610 2358 cum

2035 2427 2232 2482 nempe
2288 2410 2557 2464 rationem
2616 2409 2672 2460 in
2733 2406 3000 2460 bonarum
3051 2415 3233 2456 rerum
3293 2399 3504 2452 delectu
3561 2406 3632 2450 et-

1991 2503 2447 2562 .conseetatioue
2505 2500 2781 2570 appetitus
2840 2495 3198 2564 subsequitur
3251 2491 3388 2562 (84).
3438 2489 3614 2556 Quiu-

2035 2596 2198 2650 etiam
2235 2595 2459 2648 alteram
2498 2591 2751 2654 istarum,
2806 2587 2852 2642 si
2903 2601 2964 2642 se
2998 2586 3065 2640 ad
3101 2583 3288 2638 illicita
3327 2589 3616 2636 converte-

2037 2685 2130 2752 rit,
2163 2683 2463 2756 appetitum
2513 2681 2742 2742 scilicet,
2776 2677 2934 2732 facile
2978 2676 3121 2730 ratio
3160 2673 3228 2728 ad
3257 2672 3482 2727 meliora
3531 2687 3616 2724 re-

2037 2779 2230 2841 ducet;
2261 2787 2314 2830 et
2364 2776 2408 2830 si
2453 2774 2592 2828 ratio
2623 2773 2688 2827 ad
2727 2771 2996 2827 absurdae
3039 2767 3406 2837 cogitationes
3439 2763 3616 2818 delata

2039 2870 2222 2930 fuerit,
2248 2880 2300 2924 ct
2347 2885 2374 2922 a
2412 2883 2536 2922 vera
2578 2881 2757 2922 rerum
2794 2861 3283 2932 comprehensione
3314 2855 3615 2916 deﬂexerit,

2041 2963 2334 3032 appetitus,
2381 2959 2474 3031 qui
2530 2960 2583 3013 in
2629 2957 2797 3012 Deum
2847 2954 3084 3010 universi
3137 2950 3412 3006 desiderio
3448 2947 3618 3002 fertur

2041 3068 2342 3120 verumque
2398 3059 2543 3105 amat
2570 3047 2861 3118 judicium,
2910 3044 3160 3120 rationis_
3192 3039 3615 3100 declinationem

2039 3156 2395 3212 erroremque
2440 3139 2772 3196 emendabit.
2821 3141 3001 3207 Atque
3057 3125 3196 3190 adeo
3231 3141 3352 3204 stat_
3381 3132 3636 3192 dictum,,

2041 3244 2232 3304 nempe
2273 3235 2504 3288 alterum
2537 3232 2606 3286 ab
2633 3232 2806 3286 altero
2831 3229 3027 3284 attolli.
3067 3225 3160 3294 Vin
3200 3235 3382 3281 autem
3413 3225 3618 3278 alteru-

2041 3327 2108 3380 tri
2141 3341 2354 3393 earum,
2381 3327 2497 3380 sive
2540 3323 2830 3395 appetitui,
2865 3321 3302 3392 quotiescunque
3339 3319 3414 3372 illi
3451 3318 3619 3372 ratio-

2040 3418 2126 3472 nis
2153 3417 2422 3470 auxilium
2463 3426 2518 3469 et
2551 3417 2962 3469 incitamentum
3010 3413 3077 3466 ad
3116 3413 3331 3482 potiora
3363 3409 3617 3465 defuerit.

2044 3509 2122 3562 Ad
2151 3510 2318 3564 noxia
2344 3509 2490 3562 enim
2525 3508 2791 3562 desideria
2827 3516 2882 3560 et
2921 3507 3198 3574 quaslibet
3227 3503 3395 3558 animi
3428 3519 3620 3558 corru—

2041 3599 2218 3669 ptelas
2271 3599 2560 3653 delabitur.
2612 3599 2790 3667 Atque
2839 3598 2953 3651 lucc
3004 3597 3072 3651 iis
3122 3595 3470 3662 contingunt,
3525 3595 3618 3662 qui

2041 3699 2234 3760 sponte
2259 3704 2356 3744 sua
2384 3689 2613 3742 rationis
2636 3689 2901 3757 judicium
2948 3686 3278 3740 contumelia
3318 3685 3467 3738 illata
3501 3700 3624 3753 per-

2041 3788 2344 3844 verteruut,
2384 3781 2668 3849 ipsamque
2696 3779 2845 3832 velut
2878 3786 3148 3832 mortuam
3195 3785 3360 3844 atque
3397 3774 3623 3842 omnino

2041 3871 2270 3926 inertem
2303 3869 2611 3923 reddidere.
2653 3867 2721 3924 At
2757 3882 2786 3922 e
2829 3866 3111 3921 centrario
3153 3880 3234 3918 vae
3265 3865 3364 3932 ipsi
3401 3862 3622 3926 rationi,

2041 3965 2478 4032 quotiescunque
2507 3960 2806 4030 appetitum
2839 3959 2942 4014 sibi
2969 3958 3248 4012 addictum
3277 3973 3383 4012 non
3419 3957 3624 4010 habue-

2040 4055 2136 4121 rit,
2167 4053 2326 4123 cujus
2357 4069 2460 4124 ope
2485 4054 2551 4108 ad
2583 4053 2830 4107 divinam
2859 4052 3182 4107 charitatem
3211 4051 3417 4120 aspiret
3446 4066 3459 4101 :
3496 4065 3621 4103 cum

2042 4153 2091 4206 is
2122 4150 2472 4220 potissimum
2505 4149 2816 4203 vehementi
2845 4147 3036 4200 ardeat
3061 4145 3357 4208 desiderio,
3385 4153 3438 4199 ιιι
3468 4145 3534 4198 ad
3561 4159 3622 4197 ea

2043 4245 2398 4299 inclinatione
2442 4241 2645 4314 optima
2694 4242 2898 4303 tendat,
2933 4256 3054 4310 qua:
3095 4249 3274 4294 mente
3319 4237 3628 4308 percipiun-

2045 4345 2155 4398 tur,
2183 4342 2237 4387 et
2269 4333 2450 4387 divina
2492 4342 2640 4387 sunt.
2677 4332 2893 4386 [talioni
2925 4331 3194 4400 siquidem
3244 4331 3298 4383 in
3337 4328 3627 4384 irrationa-

2042 4427 2181 4482 biles
2215 4427 2545 4496 cupiditates
2589 4425 2824 4494 delapsze
2865 4425 3069 4478 nullam
3104 4425 3376 4494 appetitus
3421 4423 3627 4476 utilita-

361 4516 441 4576 cl;
472 4513 812 4583 παραλόγους
853 4511 1179 4583 ἐνθυμήσεις
1216 4513 1292 4584 τῷ
1329 4513 1622 4584 λογιστικῷ
1661 4513 1840 4587 μέρει,
1882 4517 1935 4567 τὴ

2047 4527 2155 4572 tem
2187 4517 2576 4587 suppeditabit.
2615 4530 2903 4586 postquam
2939 4517 3044 4568 vim
3077 4531 3232 4569 suam
3263 4513 3627 4592 virtutemqu-

363 4602 763 4674 ἐπιθυμητικὸν
798 4601 1052 4672 οὐδεμίαν
1083 4602 1351 4671 ὠφέλειαν
1396 4603 1798 4674 πρυτανεύσει·
1847 4605 1945 4658 ἆτε

361 4693 426 4764 δὴ
446 4695 542 4770 τὴν
585 4693 720 4746 ἰδίαν
757 4693 1031 4746 ἀπολέσαν
1061 4695 1474 4763 ἐνέργειανητὸ
1505 4695 1639 4754 αὐτὸ
1685 4695 1740 4748 δὲ
1791 4695 1948 4750 τοῦτο

364 4785 626 4856 θεώρημα
657 4785 996 4855 ληφθήσεται
1031 4788 1164 4840 κάπὶ
1197 4788 1294 4856 τῆς
1328 4788 1432 4839 τῶν
1482 4787 1806 4860 ἀμφοτέρων
1844 4807 1944 4842 κα-

365 4877 687 4948 θευδήσεως,
721 4879 814 4932 καὶ
867 4880 966 4948 τῆς
991 4880 1084 4933 τοῦ
1115 4881 1262 4944 ἑνός’
1295 4882 1322 4932 ὁ
1353 4879 1406 4932 δέ
1438 4897 1571 4950 φησι
1601 4899 1615 4914 ·
1650 4900 1667 4930 ε
1709 4882 1819 4934 Καὶ
1851 4884 1946 4937 ἐὰν

365 4971 777 5044 ἐπικραταιωθῇ
808 4973 836 5025 ό
869 4969 972 5039 εἷς,
1001 4975 1049 5026 oi
1078 4972 1170 5024 δύο
1201 4973 1492 5046 στήσονται
1530 4973 1816 5034 κατέναντι
1848 4976 1946 5028 a6"-

365 5064 481 5130 τοῦ,
523 5083 538 5115 ι
585 5065 764 5119 καὶτὸ
793 5065 1394 5136 θυμικὸνπαρεισάγει
1433 5066 1530 5128 τῆς
1552 5065 1732 5136 ψυχῆς
1763 5068 1969 5138 μέρος,-

368 5157 447 5217 εἰς
495 5155 746 5224 βοήθειαν
773 5157 1166 5227 εὑρισκόμενον
1192 5156 1285 5210 τοῦ
1314 5156 1625 5223 λογιστικοῦ
1666 5159 1946 5226 πολλάκις,

369 5243 402 5315 ἢ
430 5245 522 5304 τοῦ
557 5245 958 5318 ἐπιθυμητικοῦ
995 5249 1128 5320 πρὸς
1161 5250 1260 5319 τὴν
1285 5248 1378 5301 τοῦ
1417 5249 1666 5304 διαϐόλου
1711 5251 1806 5306 καί⁵
1838 5252 1947 5306 τῶν

369 5336 544 5408 ἔργων
574 5338 738 5392 αὐτοῦ
769 5342 1094 5412 κινουμένην
1127 5343 1317 5413 ὀργὴν,
1362 5343 1392 5412 ἢ
1430 5343 1577 5412 παρὰ
1609 5343 1704 5397 τοῦ
1738 5333 1966 5412 λογιζο-”

375 5429 534 5496 μένου
580 5430 640 5484 τὸ
681 5434 1011 5504 κρεῖττον,ἢ
1051 5433 1202 5504 παρὰ
1249 5433 1346 5486 τοῦ
1398 5433 1796 5504 ἐπιθυμοῦντος
1836 5435 1946 5489 τῶν

371 5521 690 5592 ἀμεινόνων.
723 5524 844 5577 Τῶν
877 5525 932 5577 δὲ
980 5525 1147 5594 τριῶν
1207 5527 1412 5578 τούτων
1463 5525 1562 5595 τὴν
1622 5527 1942 5597 συμφωνίαν

442 5677 554 5762 (84)
597 5680 696 5762 Hie
744 5697 873 5762 vero
917 5681 1288 5762 Olympiodori
1338 5685 1738 5762 auctoritatem
1767 5687 1951 5762 ct-do-

374 5753 603 5826 ctrinam
627 5753 936 5826 clanculum
969 5753 1330 5824 amplevatur.
1367 5758 1455 5826 qui
1486 5755 1608 5809 aliis
1628 5757 1810 5810 verbis
1835 5773 1950 5812 rem

375 5822 621 5881 eamdem
669 5823 1036 5892 persequitur,
1064 5822 1238 5896 atque
1279 5844 1308 5882 c
1353 5822 1474 5882 dum
1495 5843 1583 5880 um
1635 5827 1790 5900 quasi
1832 5844 1950 5898 par-

2046 4609 2358 4682 perdiderit.
2392 4609 2682 4663 Enimvero
2720 4608 3101 4663 consideratio
3128 4607 3442 4674 hujus-:nodi
3478 4605 3528 4658 in
3561 4607 3629 4660 iis

2045 4717 2266 4773 quoque
2287 4703 2468 4755 locum
2497 4701 2717 4765 habeat,
2744 4717 2866 4770 quae
2893 4700 2958 4752 de
2983 4699 3317 4752 dormitione
3341 4697 3626 4750 amborum

2043 4804 2098 4849 et
2152 4795 2316 4847 unius
2363 4793 2572 4863 prolata
2609 4803 2756 4846 sunt.
2795 4791 2950 4857 Quod
2995 4799 3176 4844 autem
3215 4789 3360 4843 dicat
3397 4810 3407 4842 :
3441 4807 3457 4838 ι
3489 4788 3552 4840 Et
3583 4789 3626 4842 si

2045 4885 2338 4939 invaluerit
2386 4900 2547 4946 unus,
2582 4884 2692 4938 duo
2735 4885 2959 4937 stabunt
2989 4883 3249 4937 adversus
3276 4897 3435 4943 cum,
3468 4901 3486 4933 ι
3526 4883 3632 4934 ira-

2050 4975 2315 5030 sr-eutiam
2346 4988 2565 5043 quoque
2610 4982 2869 5040 tauquam
2899 4972 3098 5026 aninue
3135 4982 3344 5040 partem
3388 4969 3632 5024 introdu-

2048 5067 2142 5132 cit,
2173 5081 2296 5135 qua:
2325 5078 2466 5133 saepe
2493 5063 2694 5118 rationi
2723 5063 2806 5117 vel
2838 5063 3106 5132 appetitui
3147 5061 3352 5116 auxilio
3377 5061 3526 5114 venit
3563 5059 3631 5113 ad

2047 5159 2184 5213 iram
2213 5156 2481 5211 adversus
2511 5153 2791 5208 diabolum
2833 5153 3063 5223 ejusque
3113 5163 3288 5223 erepta
3326 5152 3628 5210 incitatam,

2047 5253 2162 5308 sive
2198 5251 2346 5320 quis,
2403 5248 2533 5317 quid
2573 5247 2922 5318 prmstantius
2968 5246 3038 5300 sit
3072 5276 3076 5279 -
3110 5249 3332 5315 cogitet,
3389 5244 3502 5298 sive
3543 5258 3627 5302 ca,

2045 5361 2166 5415 qua:
2190 5342 2402 5412 potiora
2423 5347 2591 5406 sunt,
2609 5341 2986 5406 concupiscat.
3017 5338 3222 5393 llarum
3248 5350 3432 5392 autem
3466 5335 3627 5388 triqu

2047 5436 2208 5490 veluti
2259 5433 2457 5486 animm
2483 5431 2720 5499 partium
2761 5431 2922 5500 120
2947 5428 3242 5483 concordia
3281 5435 3332 5479 et
3386 5423 3626 5478 funiculo

2051 5526 2252 5598 triplici
2295 5524 2635 5595 designatur,
2687 5523 2778 5594 qui
2816 5522 3030 5577 dillicile
3079 5519 3396 5588 rumpitur:
3431 5516 3630 5586 quippe

2045 5685 2178 5739 tium
2211 5683 2508 5739 concordia
2560 5684 2672 5752 ipsc
2709 5684 2872 5737 etiam
2912 5678 3024 5752 fieri
3071 5677 3169 5752 ait,
3213 5685 3280 5752 ut_
3314 5675 3468 5752 tertia
3495 5691 3628 5752 suo.

2042 5757 2326 5894 ριιιὲἑἪιή
2365 5770 2427 5810 ac
2476 5744 2639 5825 penes
2701 5755 2910 5825 priores
2961 5750 3050 5808 illa
3095 5748 3317 5804 victoria
3359 5747 3431 5801 sit
3471 5744 3624 5816 (ibid.

2044 5842 2095 5894 p.
2166 5843 2196 5879 ο
2291 5864 2302 5878 ,
2337 5864 2350 5878 .

2044 5842 2095 5896 p.
2129 5842 2232 5881 oou
2265 5842 2350 5894 ιι).
