4076 6284
474 338 582 403 943
1581 330 1650 388 -S.
1677 324 2055 388 GREGORII

2157 322 2613 384 GRIGENTINI
3637 321 3748 386 944

551 453 738 510 Melius
770 450 934 514 igitur
963 452 1067 510 est,
1131 445 1346 516 inquit,
1400 458 1508 497 non
1540 456 1776 506 vovere,
1825 447 1880 494 at
1939 452 2048 494 non

2224 437 2482 506 Ἀμεινον
2521 430 2614 489 οὖν
2653 435 2713 487 τὸ
2756 433 2831 504 μὴ
2875 431 3134 497 εὔξασθαί
3162 451 3347 504 φησιν,
3377 435 3476 504 οὐχ
3505 437 3616 489 ἀ.πὲ
3630 437 3744 500 ὦς’

476 544 838 616 simpliciter;
866 549 951 596 est
982 540 1126 594 enim
1158 538 1261 592 hoc
1287 551 1504 606 quoque
1531 548 1768 604 superna
1791 532 2050 588 condem-

2154 529 2265 582 Εστι
2295 529 2404 600 γὰρ
2435 529 2529 581 καὶ
2561 527 2718 582 τοῦτο
2749 529 3149 596 καταγνώσεως
3197 533 3290 600 τῆς
3330 531 3606 584 ἀνωτάτω
3649 533 3748 585 καὶ

479 636 701 690 natione
729 647 997 704 omnaque
1019 631 1264 702 dignum,
1291 644 1416 684 cum
1448 641 1648 682 vovere
1687 623 1798 679 Deo
1846 622 2046 692 possis,

2154 620 2532 690 κατακρίσεως
2574 619 2725 685 ἀξιον
2781 623 2894 684 τοῖς
2939 620 3260 692 δυναμένοις
3326 621 3596 692 εὔχεσθαι
3665 624 3745 695 τῷ

477 736 534 782 et
564 729 704 780 hanc
726 728 891 779 etiam
925 722 1128 778 amoris
1153 721 1228 776 tui
1265 728 1429 791 atque
1460 719 1640 776 cultus
1685 716 2048 788 signiﬁcatio-

2154 709 2291 781 Θεῷ,
2329 709 2424 762 καὶ
2451 709 2518 762 τὰ
2548 711 2860 780 σημαντικά
2897 711 2994 779 τῆς
3030 711 3164 783 πρὸς
3194 712 3354 764 αὐτὸν
3385 713 3618 784 ἀγάπης
3651 715 3746 768 καὶ

482 833 604 873 nem
639 818 769 872 dare
799 831 984 886 queas.
1025 813 1093 868 At
1121 828 1243 866 cum
1279 811 1574 880 opponitur
1613 819 1670 864 et
1702 815 2052 876 comparatur

2154 801 2408 870 λατρείας
2435 801 2784 872 προσφέρειν.
2816 801 2971 856 Κατά
3004 801 3263 872 πρόθεσιν
3291 803 3347 856 δὲ
3371 804 3465 856 καὶ
3497 805 3710 877 σύγκρι
3728 836 3740 846 -

483 925 605 963 cum
631 917 758 960 voto
783 915 1036 974 suscepto
1076 919 1176 959 nec
1215 902 1446 969 reddito,
1489 911 1602 955 tum
1639 899 1818 970 136
1862 897 2051 968 utique

2155 909 2239 944 σιν
2286 891 2381 944 τοῦ
2415 891 2694 956 εΰξασθαι,
2731 892 2826 945 καὶ
2857 893 3123 978 μηδαμῴς
3165 893 3481 957 ἀποδοῦναι,
3517 895 3743 964 βέλτιόν

481 998 678 1053 melius
707 1006 790 1052 est
837 995 1064 1050 omnino
1121 1009 1229 1048 non
1281 994 1515 1048 vovisse.
1570 990 1866 1060 Propterea
1916 987 2052 1043 dicit

2154 986 2264 1036 ἐστι
2314 983 2374 1036 τὸ
2417 983 2682 1054 μηδαμῶς
2713 983 2978 1050 εὔξασθαι
3026 986 3088 1036 τὸ
3130 987 3414 1056 παράπαν.
3443 988 3544 1041 Διά
3579 989 3741 1042 τοῦτό

481 1087 844 1144 Ecclesiastes
875 1104 888 1138 :
925 1104 944 1138 ι
981 1085 1192 1139 Bonum
1225 1093 1308 1140 est
1345 1099 1454 1139 non
1487 1081 1683 1138 vovere
1734 1090 1783 1136 te
1817 1119 1832 1144 ,
1887 1095 2048 1152 quam

2154 1095 2311 1147 φησιν
2352 1079 2382 1129 ό
2415 1077 2872 1148 Ἐκκλησιαστὴς,
2907 1095 2926 1127 ι
2971 1077 3200 1144 Ἀγαθὸν
3243 1078 3304 1131 τὸ
3353 1083 3428 1149 μὴ
3469 1079 3739 1143 εὔξασθαί

479 1192 678 1234 vovere
703 1185 758 1231 et
796 1192 902 1230 non
929 1176 1190 1242 reddere;
1213 1194 1232 1228 ι
1259 1191 1382 1230 cum
1412 1175 1576 1236 enim,
1611 1174 1806 1243 inquit,
1839 1180 2052 1227 utrum-

2154 1187 2231 1234 σε,
2258 1169 2292 1242 ἢ
2323 1168 2383 1222 τὸ
2407 1168 2668 1234 εὖξασθαι
2697 1169 2789 1221 καὶ
2921 1169 3236 1223 ἀποδοῦναι.
3271 1189 3290 1222 ι
3337 1173 3458 1223 Tum
3483 1172 3738 1240 ἀμφοτέ-

481 1284 588 1338 que
657 1267 1062 1322 incommodum
1133 1267 1205 1322 sit
1267 1281 1333 1321 ac
1396 1281 1622 1336 prorsus
1682 1264 2048 1336 fugiendum,

2154 1277 2260 1332 Ρων
2303 1261 2470 1331 φησὶν
2514 1261 2847 1314 ἀλυσιτελῶν
2889 1263 3212 1330 πεφυκότων
3257 1267 3350 1316 καὶ
3393 1267 3570 1334 πάντη
3607 1253 3733 1333 (Rw

479 1358 797 1414 existimare
822 1358 1107 1422 debemus,
1130 1371 1241 1427 prae
1270 1357 1412 1411 malo
1433 1357 1680 1428 graviore
1699 1355 1844 1424 quod
1877 1354 2049 1409 levius

2156 1351 2322 1416 κτῶν,
2345 1351 2710 1422 αἱρετώτερον
2735 1353 2792 1406 δὲ
2817 1355 2911 1408 καὶ
2930 1353 3372 1426 λυσιτελέστερον
3395 1357 3608 1424 οἰητέον
3635 1357 3728 1409 τοῦ

480 1457 582 1514 est,
623 1449 826 1504 rectius
850 1459 1013 1518 atque
1042 1448 1228 1503 utilius
1251 1447 1396 1518 eligi.
1430 1446 1592 1500 Addit
1621 1446 1836 1500 deinde:

2161 1443 2467 1514 βαρυτέρου
2498 1443 2668 1498 κακοῦ
2697 1445 2756 1497 τὸ
2786 1445 3137 1516 κουφότερον.
3175 1440 3311 1500 Εἶτά
3339 1464 3490 1518 φησι,

1979 1557 2008 1629 5
2046 1555 2183 1611 vui.

556 1671 726 1727 Vens.
758 1670 811 1726 6.
845 1669 926 1724 Ne
953 1669 1045 1724 des
1065 1686 1123 1722 os
1151 1678 1320 1733 tuum,
1351 1679 1416 1722 ut
1464 1683 1680 1738 peccare
1730 1667 1903 1736 facias
1933 1681 2052 1720 car-

2225 1665 2322 1733 Μὴ
2374 1666 2478 1731 δὸς
2540 1666 2606 1719 τὸ
2659 1667 2854 1736 στόμα
2900 1683 3018 1721 σου
3065 1667 3174 1722 τοῦ
3217 1668 3569 1738 ἐξαμαρτεῖν
3612 1671 3724 1740 τὴν

484 1778 600 1816 nem
633 1771 804 1826 tuam;
829 1772 874 1814 et
909 1777 970 1814 ne
991 1761 1189 1814 dixeris
1215 1761 1269 1814 in
1299 1769 1576 1828 conspectu
1604 1757 1720 1822 Dei,
1749 1759 1874 1828 quia
1900 1759 2052 1828 igno-

2154 1755 2351 1825 σάρκα
2399 1773 2554 1812 σου·
2589 1759 2686 1812 καὶ
2743 1758 2829 1827 μὴ
2871 1759 3047 1826 εἴπῃς
3083 1761 3234 1828 πρὸς
3258 1764 3580 1828 πρόσωπον
3615 1763 3722 1818 τοῦ

486 1853 668 1907 rantia
691 1860 808 1914 est;
840 1868 903 1906 ne
942 1852 1211 1905 irascatur
1236 1850 1381 1904 Deus
1419 1866 1576 1920 super
1607 1864 1779 1902 vocem
1809 1859 1977 1912 tuam;
2003 1857 2052 1902 et

2155 1848 2326 1913 Θεοῦ,
2392 1848 2482 1901 ὅτι
2547 1849 2757 1914 ἇγνοιιί
2823 1849 3020 1902 ἐστιν’
3089 1851 3189 1903 ἵνα
3239 1851 3327 1919 μὴ
3393 1852 3639 1922 ὀργισθῇ
3685 1857 3719 1908 ό

487 1944 752 2012 disperdat
778 1958 935 2009 opera
962 1959 1212 1994 manuum
1245 1951 1480 1994 tuarum.
1521 1939 1660 2006 Quia
1690 1941 1742 1993 in
1804 1941 2050 1993 multitu-

2154 1941 2299 2002 Θεὸς
2349 1938 2449 1992 ἐπὶ
2487 1937 2657 2008 φωνῇ
2688 1956 2826 2005 σου,
2869 1939 2967 1992 καί
2993 1939 3303 2008 διαφθείρῃ
3333 1942 3405 1996 τὰ
3426 1942 3718 2012 ποιήματα

488 2035 614 2087 dine
640 2035 970 2088 somniorum
1001 2044 1050 2088 et
1078 2033 1374 2088 vanitalum
1396 2043 1444 2086 et
1473 2033 1746 2086 verborum
1792 2031 2050 2101 plurimo-

2154 2029 2365 2100 χειρῶν
2413 2047 2552 2084 σου.
2599 2015 2720 2083 ’ὅτι
2763 2031 2834 2084 ἐν
2879 2031 3094 2100 πλήθει
3144 2032 3446 2086 ἐνυπνίων
3485 2036 3574 2088 καί
3601 2053 3714 2103 μα·

486 2137 643 2176 rum:
672 2138 835 2192 quare
865 2132 920 2174 tu
961 2121 1127 2176 Deum
1160 2123 1284 2174 time
1311 2121 1444 2192 (15).

555 2298 711 2365 Quod
749 2299 894 2352 varia
924 2297 1230 2366 diversique
1261 2297 1475 2367 generis
1501 2303 1723 2366 peccata
1756 2301 1904 2360 sunt,
1934 2310 2052 2364 qun

486 2389 554 2445 ab
582 2403 679 2444 ore
735 2387 1195 2458 proﬁciscuntur;
1246 2404 1370 2442 nam
1411 2392 1464 2442 et
1491 2389 1585 2457 qui
1643 2387 1906 2442 adversus
1959 2386 2050 2440 Dei

487 2479 826 2550 maiestatem
851 2479 1217 2550 blaspliemias
1248 2480 1572 2549 loquuntur,
1596 2487 1689 2532 aut
1712 2476 1882 2532 falsas
1904 2477 1969 2532 de
1987 2490 2053 2530 eo

486 2575 772 2642 opiniones
791 2572 1167 2634 disseminant,
1193 2579 1244 2625 et
1261 2572 1355 2641 qui
1376 2571 1442 2624 ad
1473 2571 1608 2623 iram
1631 2579 1684 2622 et
1700 2567 2050 2638 petulantiam

489 2666 696 2720 celeres
724 2667 992 2736 pronique
1018 2673 1168 2727 sunt,
1211 2679 1275 2718 ac
1329 2663 1610 2732 proximos
1641 2661 1903 2717 conviciis
1949 2659 2052 2714 im-

489 2754 818 2823 pudentibus
850 2761 1084 2823 petunt,
1133 2761 1186 2808 et
1237 2753 1330 2822 qui
1383 2752 1675 2808 calumniis
1733 2752 2052 2806 innocentes
2106 2811 2122 2821 κ

489 2846 800 2909 traducunt,
827 2856 880 2899 et
905 2845 998 2914 qui
1036 2845 1171 2900 bene
1196 2845 1263 2899 de
1291 2859 1350 2899 se
1391 2845 1616 2898 meritos
1671 2859 1767 2913 per
1815 2851 2055 2897 contem-

487 2949 639 3008 ptum
665 2937 1044 3008 proscindunt,
1075 2937 1260 3006 utique
1295 2945 1576 3005 peccatum
1614 2949 1711 2988 ore
1743 2934 2048 3002 perﬁciunt.

2150 2121 2474 2190 ταιοτήτων
2512 2121 2611 2174 καὶ
2641 2121 2842 2189 λόγων
2868 2122 3120 2191 πολλῷν
3143 2139 3158 2154 ο
3198 2124 3288 2176 ὅτι
3321 2125 3403 2177 σὺ
3433 2127 3531 2180 τόν
3557 2129 3711 2181 Θεὸν

2151 2213 2362 2279 φοϐοῦ.

2223 2303 2482 2372 Ποικίλης
2530 2304 2626 2356 καὶ
2668 2303 3016 2374 παντοδαπῆς
3050 2307 3346 2373 πεφυκυίας
3377 2308 3472 2376 τῆς
3496 2305 3578 2360 διὰ
3601 2309 3691 2361 τοῦ

2153 2393 2422 2462 στόματος
2451 2393 2724 2465 ἁμαρτίας
2751 2409 2764 2424 ·
2804 2394 2859 2447 οἵ
2889 2412 2946 2448 τε
2987 2396 3096 2466 γὰρ
3123 2397 3458 2466 βλασφημίας
3484 2397 3700 2452 λαλοῦν-

2149 2498 2240 2545 τες
2276 2483 2356 2546 είς
2397 2483 2458 2536 τὸ
2493 2483 2628 2553 ὕψος
2658 2483 2754 2538 τοῦ
2795 2485 2929 2539 Θεοῦ
2976 2488 3070 2540 καὶ
3095 2489 3194 2550 τὰς
3222 2488 3434 2556 ψευδεῖς
3463 2491 3582 2560 περὶ
3614 2490 3710 2543 αὐ-

2149 2573 2244 2628 τοῦ
2270 2575 2634 2646 κηρύττοντες
2654 2577 2832 2644 δόξας,
2859 2578 2983 2632 οἵτε
3010 2585 3308 2651 προπετεῖς
3325 2585 3418 2636 καί
3439 2586 3616 2652 ταχεῖς
3634 2584 3710 2644 εἰς

2150 2665 2318 2736 ὀργὰς
2365 2667 2461 2718 καὶ
2503 2667 2790 2736 παροινίας
2819 2668 3154 2738 ὑπάρχοντες
3199 2671 3295 2724 καὶ
3333 2670 3458 2734 τοὺς
3495 2670 3708 2740 πλησίον

2152 2755 2374 2826 ῦὸρεσιν
2405 2758 2684 2828 ἀπρεπέσι
2713 2758 3240 2824 καθυποεάλλοντες,
3275 2763 3332 2815 οῖ
3355 2779 3416 2814 τε
3453 2779 3706 2832 συκοφανι

2147 2845 2370 2908 τοῦντες
2393 2847 2518 2908 τοὺς
2539 2847 2866 2914 ἀνευθύνους
2896 2850 2992 2904 καὶ
3013 2851 3418 2918 διαϐάλλοντες,
3445 2852 3500 2907 οἵ
3514 2869 3573 2906 τε
3599 2853 3709 2906 δια-

2151 2935 2552 3006 λοιδορούμενοι
2575 2941 2670 2992 καί⁵
2692 2940 3121 3006 καταλαλοῦντες
3143 2943 3272 3006 τοὺς
3290 2943 3706 3016 εὐπραγοῦντας.

487 3029 644 3095 Quod
673 3037 729 3083 et
771 3042 1001 3096 magnus
1039 3025 1280 3080 Jucobus
1335 3024 1431 3078 Dei
1482 3023 1654 3078 frater
1712 3023 1822 3076 illis
1867 3023 2050 3078 verbis

2154 3025 2240 3079 διά
2282 3025 2378 3079 τοῦ
2435 3027 2706 3098 στόματος
2746 3029 3028 3084 ἐκτελοῦσι
3070 3030 3170 3102 τὴν
3205 3033 3500 3104 ἁμαρτίαν.
3549 3035 3713 3102 Ὅπερ

489 3117 780 3188 expressit:
819 3134 837 3166 ι
873 3115 962 3171 Sic
996 3125 1052 3170 et
1096 3115 1280 3185 lingua
1309 3113 1587 3168 modicum
1622 3113 1842 3182 quidem
1876 3128 2048 3168 mem-

489 3209 648 3264 brum
679 3215 782 3271 est,
828 3215 882 3262 et
925 3221 1122 3275 magna
1152 3207 1391 3270 exaltat,
1451 3217 1579 3259 ecce
1623 3213 1860 3273 quantus
1911 3203 2054 3272 ignis

487 3310 653 3371 quam
689 3313 941 3370 magnam
983 3298 1176 3353 silvam
1205 3295 1464 3362 incendit,
1502 3303 1554 3350 et
1586 3293 1935 3365 linguaignis
1971 3304 2054 3350 est

489 3391 820 3446 universitas
851 3386 1158 3456 iniquitatis
1179 3387 1255 3441 ⁸.»
1296 3384 1476 3452 Quare
1523 3384 1590 3440 ad
1620 3398 1880 3454 procaces
1908 3383 2054 3452 ejus-

489 3478 638 3534 modi
689 3479 905 3548 liuguas
943 3475 1278 3531 cobibendas
1321 3475 1764 3544 coercendasque
1785 3473 1882 3528 ait:
1919 3491 1938 3524 ι
1971 3471 2053 3526 Sit

489 3571 669 3624 omnis
699 3568 868 3622 homo
897 3566 1052 3621 velox
1082 3567 1149 3620 ad
1177 3565 1530 3628 audiendum,
1553 3565 1742 3620 tardus
1771 3573 1952 3619 autem
1985 3563 2053 3618 ad

489 3660 846 3731 loquendum.
874 3665 930 3712 et
958 3657 1144 3711 tardus
1170 3657 1236 3710 ad
1281 3655 1418 3709 iram
1447 3657 1490 3708 '.
1544 3673 1564 3706 ι
1599 3654 1806 3710 Idcirco
1865 3653 2052 3708 Eccle-

489 3753 686 3808 siastes
723 3751 1020 3805 multorum
1073 3745 1465 3802 maleﬁciorum
1527 3760 1750 3800 causam
1789 3760 1854 3802 os
1904 3745 2050 3798 fecit.

489 3843 694 3900 Verum
736 3836 860 3896 cum
892 3840 1036 3895 idem
1081 3838 1168 3894 hic
1197 3838 1360 3892 addat
1399 3856 1412 3893 :
1453 3855 1470 3888 ι
1505 3837 1578 3892 Ut
1623 3852 1847 3906 peccare
1886 3835 2054 3893 facias

486 3949 707 3992 carnem
751 3943 924 3998 tuam,
976 3949 996 3983 ι
1053 3932 1314 3985 amatoria
1362 3929 1453 3984 hic
1491 3929 1759 3997 colloquia
1804 3945 1926 3998 qua:
1961 3944 2056 3986 ore

488 4031 646 4092 ﬁunt,
683 4035 738 4081 et
766 4037 1098 4094 congressus
1124 4037 1248 4076 cum
1273 4021 1466 4074 alienis
1503 4020 1769 4074 uxoribus
1807 4020 2056 4075 inhibere

489 4121 622 4176 mihi
691 4119 924 4172 videtur.
1001 4113 1181 4169 Facile
1239 4113 1465 4167 omnino
1507 4111 1792 4182 indulgent
1841 4111 2057 4168 feminae

489 4209 705 4266 blandis
734 4207 1077 4263 sermonibus
1106 4219 1229 4258 cum
1260 4203 1409 4256 viris.
1443 4200 1524 4256 Tu
1558 4217 1686 4258 vero
1715 4219 1776 4257 os
1811 4211 1962 4257 tuum
1987 4205 2056 4259 ab

491 4297 758 4369 ejusmodi
795 4294 1018 4350 nefariis
1043 4293 1184 4362 iocis
1221 4300 1276 4345 et
1307 4290 1798 4361 signiﬁcationibus
1831 4307 2052 4348 coerce-

2152 3116 2523 3186 αἰνιττόμενος
2556 3117 2653 3170 καὶ
2681 3119 2710 3171 ό
2737 3119 3058 3190 ἀδελφόθεος
3102 3122 3198 3174 καὶ
3249 3123 3424 3192 μέγας
3469 3122 3711 3184 Ἰάκωϐος

2150 3199 2254 3260 ὧδέ
2286 3207 2389 3259 πού
2425 3225 2589 3279 φησιν
2610 3225 2626 3240 ·
2671 3229 2691 3262 ι
2717 3210 2907 3274 Οὕτως
2944 3213 3040 3265 καὶ
3077 3213 3111 3282 ή
3151 3213 3374 3280 γλῶσσα
3405 3215 3600 3286 μικρὸν
3627 3214 3714 3282 μέ-

2151 3297 2242 3361 λος
2287 3299 2426 3360 ὲστὶ,
2470 3303 2566 3354 καὶ
2620 3303 2992 3374 μεγαλαυχεῖ’
3052 3304 3161 3358 ίδοὺ
3205 3305 3390 3373 ὀλίγον
3445 3307 3560 3378 πῦρ
3609 3307 3714 3376 ἡλί·

2152 3405 2256 3455 κην
2299 3389 2472 3458 φλόγα
2522 3392 2754 3446 ἀναπτει
2779 3409 2794 3424 '
2827 3396 2919 3448 καὶ
2960 3395 2994 3466 ἡ
3037 3396 3256 3464 γλῶσσα
3297 3399 3408 3470 πῦρ
3450 3401 3478 3451 ό
3523 3400 3714 3468 κόσμος

2152 3479 2251 3548 τῆς
2294 3479 2526 3544 ἀδικίας.
2565 3501 2584 3534 ο
2655 3483 2748 3536 Διὸ
2800 3485 2896 3538 καὶ
2950 3485 3050 3550 τὰς
3105 3489 3362 3552 τοιαύτας
3429 3493 3714 3559 προπετεῖς

2152 3570 2404 3640 γλώσσας
2425 3575 2789 3645 ἀναχαιτίζων
2809 3578 2904 3632 καὶ
2923 3581 3266 3635 ἀναστέλλων
3285 3583 3469 3651 φησίν·
3501 3602 3522 3634 ε
3547 3584 3716 3637 Ἔστω

2154 3663 2264 3724 πᾶς
2287 3662 2571 3735 ἄνθρωπος
2607 3667 2776 3738 ταχὺς
2809 3669 2891 3732 είς
2921 3669 2982 3722 τὸ
3014 3669 3266 3736 ἀκοῦσαι,
3297 3674 3392 3726 καὶ
3417 3672 3619 3744 βραδὺς
3643 3675 3714 3735 εἰς

2152 3755 2214 3808 τδ
2267 3756 2518 3826 λαλῆσαι,
2571 3758 2771 3830 βραδὺς
2825 3763 2907 3824 εἰς
2940 3763 3114 3834 ὀργήν
3137 3781 3151 3796 ο
3186 3783 3207 3816 ι
3244 3765 3455 3818 πολλῶν
3489 3767 3594 3837 μὲν
3632 3761 3713 3819 οὖν

2155 3845 2572 3918 ἁμαρτημάτων
2623 3849 2686 3902 τὸ
2743 3851 2920 3921 στόμα
2968 3853 3308 3924 καθέστηκεν
3350 3855 3554 3912 αἴτιον.
3581 3857 3713 3925 Πλὴν

2153 3936 2290 3990 ἀλλά
2328 3938 2436 4010 γὰρ
2479 3939 2574 3993 νῦν
2625 3941 2799 3995 είπὼν
2840 3945 2870 3996 ό
2915 3943 3386 4016 Ἐκκλησιαστής’
3429 3964 3448 3998 ι
3477 3946 3591 4001 Τοῦ
3635 3944 3711 4012 ἐξ·

2155 4033 2424 4101 αμαρτεῖν
2452 4030 2550 4102 τὴν
2578 4032 2760 4101 σάρκα
2789 4051 2905 4100 σου,
2937 4054 2956 4088 ι
2982 4033 3136 4103 οἶμαι
3161 4039 3260 4102 τὰς
3289 4038 3377 4091 διὰ
3403 4041 3500 4092 τοῦ
3529 4039 3713 4108 στόμα-

2155 4137 2246 4183 τος
2279 4121 2498 4189 φιλικὰς
2535 4123 2752 4192 ὁμιλίας
2788 4125 2886 4178 καὶ
2927 4127 3221 4196 συντυχίας
3265 4129 3402 4198 πρὸς
3433 4129 3537 4192 τὰς
3570 4129 3710 4184 ἀλλο-

2154 4209 2316 4280 τρίας
2362 4215 2627 4278 γυναῖκας
2668 4216 2968 4286 ἀπείργειν.
3007 4218 3296 4272 Εύόλισθον
3340 4221 3436 4271 καὶ
3479 4221 3544 4272 τὸ
3593 4219 3711 4291 θῆλυ

2158 4300 2369 4370 πέφυκε
2397 4305 2515 4366 ταῖς
2539 4304 2856 4370 θελκτικαῖς
2879 4310 3298 4379 προσφωνήσεσι
3323 4311 3432 4364 τῶν
3456 4313 3708 4383 ἀρρένων.

485 4401 566 4458 ιο,
593 4400 701 4444 tam
726 4387 814 4448 iis.
847 4400 970 4456 quae
1003 4399 1099 4454 per
1148 4383 1494 4452 interpretem
1518 4423 1532 4444 ,
1560 4399 1724 4452 quam
1771 4384 1840 4438 iis
1870 4423 1885 4446 ,
1933 4399 2056 4453 qua!

2158 4390 2230 4444 Σὺ
2265 4391 2320 4444 δὲ
2351 4394 2413 4446 τὸ
2447 4395 2618 4466 στόμα
2651 4397 2894 4452 κώλυσον
2918 4399 3025 4454 ἀπὺ
3058 4401 3314 4471 τοιαύτης
3339 4401 3599 4472 ἀθεμίτου
3631 4401 3712 4465 δη·
3781 4413 3784 4416 ’

490 4489 641 4535 recta
663 4485 718 4532 et
741 4490 924 4532 coram
954 4473 1114 4528 ﬁunt.
1147 4471 1332 4540 Neque
1361 4472 1506 4526 enim
1553 4473 1694 4542 apud
1733 4474 1899 4528 Deum
1959 4491 2052 4530 ex-

491 4582 686 4625 cusare
721 4575 772 4621 te
809 4565 1033 4634 peteris,
1065 4562 1212 4633 quod
1253 4563 1412 4617 talem
1447 4564 1498 4616 in
1547 4565 1759 4632 culpam
1781 4579 1856 4618 ex
1902 4565 2060 4636 igno-

492 4660 672 4715 rantia
703 4655 981 4712 incideris.
1005 4655 1220 4710 Audisti
1251 4655 1397 4709 enim
1426 4655 1576 4708 illum
1617 4654 1872 4710 Mosaicis
1901 4657 1954 4710 in
1985 4657 2062 4711 le-

495 4751 655 4824 gibus
686 4751 805 4804 sine
835 4749 1064 4818 ambage
1087 4747 1376 4802 dicentem:
1415 4746 1571 4818 137
1604 4767 1622 4800 ι
1658 4747 1775 4802 Non
1815 4749 2058 4804 moecha-

497 4843 664 4910 beris,
700 4857 809 4898 non
839 4839 1202 4896 fornicaberis
1237 4839 1370 4910 (l6),
1396 4857 1418 4896 ι
1449 4851 1503 4895 et
1534 4850 1815 4909 peccatum
1848 4851 2062 4898 utrum-

567 4959 590 4991 ⁸
617 4956 734 5012 Jac.
769 4970 850 5022 ιιι,
883 4955 938 5009 5.
1011 4956 1032 4987 ⁸
1059 4951 1176 5008 Jac.
1209 4967 1249 5019 ι,
1293 4951 1372 5006 l9.

496 5077 818 5148 gnoscerelt:
846 5077 1034 5136 utpote
1057 5068 1312 5141 quoniam
1349 5067 1497 5147 solus
1519 5073 1683 5134 atque
1721 5077 1834 5148 piae
1881 5063 2058 5117 omni-

495 5134 600 5203 bus
623 5139 868 5195 creditus
911 5134 1004 5192 est
1056 5134 1221 5206 atque
1281 5137 1528 5206 accipere
1583 5134 1784 5206 meruit
1845 5149 1890 5206 e_
1932 5147 2094 5202 rege.

495 5225 687 5284 regum
725 5207 944 5262 Christo
980 5203 1301 5284 Deoflaves
1331 5203 1480 5284 regni
1513 5205 1808 5284 caelorum,
1826 5203 2058 5282 ad_ape~

494 5270 749 5342 t-ie’udum
801 5285 947 5332 recte
981 5277 1327 5332 credentibus
1372 5270 1424 5328 in
1460 5273 1711 5328 eumdem
1771 5270 2058 5326 Dominum

496 5341 776 5411 nostrum.
828 5355 884 5401 et
939 5346 1298 5401 claudendum
1353 5341 1996 5411 infidelibushzereticis.
2035 5359 2054 5392 ι
2113 5347 2124 5358 ·

498 5409 713 5492 Quibus
743 5417 930 5492 Graeca
952 5419 1124 5492 plane
1139 5415 1467 5492 respondent
1492 5429 1506 5467 :
1529 5410 1735 5492 'l‘ginbv
1778 5409 1836 5492 δὲ
1881 5409 2063 5492 λέγειν

501 5481 714 5562 iis-.900
756 5487 852 5541 τοῦ
888 5481 1188 5556 κορυφαίου
1213 5481 1322 5538 τῶν
1377 5481 1712 5548 ἀποστόλων,
1763 5481 1836 5543 ὡς
1894 5482 2058 5548 μόνου

503 5559 860 5612 πιστευθῆναί
891 5565 952 5609 τε
978 5560 1074 5611 καὶ
1101 5556 1284 5610 λαϐεῖν
1310 5555 1449 5612 ὑπὲρ
1485 5552 1693 5612 πάντας
1739 5549 2061 5612 ἀξιωθέντος

503 5555 860 5627 πιστευθῆναί
891 5555 1074 5611 τεκαὶ
1101 5556 1284 5610 λαϐεῖν
1310 5555 1449 5622 ὑπὲρ
1485 5555 1693 5614 πάντας
1739 5555 2061 5612 ἀξιωθέντος

505 5631 658 5695 παρά
697 5627 792 5680 τοῦ
823 5627 1088 5696 βασιλέως
1115 5627 1222 5680 τῶν
1263 5623 1658 5696 βασιλευόντων.
1685 5617 2061 5696 Χριστοῦ-τοῦ

507 5689 646 5754 Θεοῦ
663 5697 757 5759 τὰς
771 5689 918 5758 κλεῖς
933 5697 1029 5766 τῆς
1047 5689 1156 5750 τῶν
1176 5689 1420 5766 οὐρανῶν
1452 5691 1723 5763 βασιλείας
1741 5689 1820 5750 είς
1844 5689 1905 5740 τὸ
1931 5689 2072 5742 ἀνοί-

2157 4479 2376 4546 λώσεως
2410 4485 2504 4538 καὶ⁹
2531 4491 2936 4559 παρεμφάσεως
2959 4492 3018 4544 ἐν
3048 4491 3200 4561 μέσῳ
3221 4495 3537 4563 γινομένης,
3567 4495 3598 4566 ἢ
3629 4491 3710 4544 πά-

2155 4575 2238 4624 λιν
2263 4574 2482 4642 ἀμέσως
2512 4580 2606 4630 και
2637 4579 2780 4632 κατὰ
2810 4581 3120 4652 πρόσωπον.
3147 4583 3222 4636 υύ
3241 4583 3349 4655 γὰρ
3371 4584 3515 4654 ἔχεις
3543 4583 3710 4656 χώραν

2154 4660 2331 4730 λέγειν
2363 4667 2498 4735 πρὸς
2519 4667 2610 4722 τδν
2639 4669 2791 4730 Θεὸν.
2818 4672 2900 4724 ὃτι
2946 4671 3106 4726 τοῦτο
3148 4674 3208 4726 τὸ
3233 4676 3394 4746 ἔργον
3423 4676 3482 4742 es
3505 4674 3710 4744 ἀγνοίας

2158 4772 2248 4825 μοι
2295 4759 2539 4826 γέγονεν.
2579 4763 2856 4826 Ἤκουσας
2903 4764 3012 4835 γὰρ
3052 4763 3218 4818 αὑτοῦ
3266 4769 3376 4831 τοῖς
3413 4767 3710 4824 Μωσαίκοῐς

2155 4844 2346 4916 νόμοις
2392 4850 2696 4918 φάσκοντος
2744 4853 3064 4925 διαρρήδην,
3118 4873 3137 4906 ι
3169 4856 3246 4908 Οὐ
3296 4857 3618 4928 μοιχεύσεις,
3655 4852 3708 4905 οὗ

2166 5082 2288 5132 γειν
2309 5071 2481 5139 αὐτὴν
2509 5071 2734 5136 δικαίως
2761 5076 2874 5140 τοῖς
2911 5079 2992 5141 εἰς
3021 5080 3184 5133 αὐτὸν
3209 5080 3300 5134 τὸν
3331 5082 3535 5154 Κύριον
3571 5077 3710 5150 ὀρθο-

2157 5136 2325 5214 δόξως
2339 5140 2725 5214 πιστεύουσιν,
2761 5145 3074 5200 ἀποκλείειν
3113 5149 3169 5202 δὲ
3202 5151 3337 5203 πᾶσι
3363 5155 3476 5214 τοῖς
3506 5148 3710 5206 κακοδό-

2161 5204 2278 5290 ξοιγξ
2297 5209 2592 5290 ξιιῑρξτεκοῖς
2631 5213 2696 5290 τῇ
2711 5204 2906 5290 ζαύ-τῷν
2931 5218 3140 5290 αἱρέσει
3168 5204 3586 5290 προσμένουσιν,

2233 5277 2484 5360 ς15)“8ε‹1
2535 5277 3329 5360 τρυᾴιΧΧῌεοτῖριιιιιιμέειξ
3375 5289 3466 5359 Μὴ
3513 5288 3612 5359 δῷς
3659 5284 3710 5360 τό

2165 5344 2341 5434 στόμα
2371 5363 2466 5434 σου
2490 5344 2586 5402 τοῦ
2613 5349 2993 5434 ἐξαμαρτῆςαι
3013 5344 3112 5434 τῂν
3129 5344 3322 5434 σάρκα
3349 5344 3466 5434 seu:
3501 5344 3606 5412 κάν
3635 5353 3707 5434 ﬁt

2165 5372 2341 5416 υιυμα
2371 5372 2466 5400 σου
2490 5372 2586 5402 TOU
2613 5372 2993 5434 εςαμαρτηςαι
3013 5372 3112 5437 την
3141 5372 3322 5428 σαρκα
3349 5375 3466 5420 σου,
3501 5372 3593 5412 καὶ
3677 5372 3707 5422 η

2165 5413 2347 5500 iam
2369 5416 2478 5500 προ
2506 5421 2802 5500 προσώπου
2831 5441 2924 5478 του
2957 5426 3092 5500 βεου
3126 5427 3208 5500 ὅτι
3238 5465 3253 5480 .
3284 5466 3300 5480 .
3321 5468 3340 5500 Α.
3365 5427 3576 5500 Olymp.
3633 5372 3708 5487 ﬁ‘l

2165 5483 2358 5567 δίῖδςξξέ
2380 5483 2561 5567 ςὶτάμτίί
2579 5505 2675 5542 σου
2702 5493 3111 5567 ἐξεμαρτδενειιι
3144 5497 3244 5566 τὴν
3273 5483 3454 5567 σάρκί
3510 5483 3598 5549 ἀου
3619 5534 3633 5548 ο
3655 5483 3704 5545 σέ

2167 5551 2565 5687 “gained.
2605 5574 2713 5630 xx,
2743 5551 2833 5619 i3.
2871 5551 2938 5619 A't
2971 5551 3116 5619 LXX
3140 5551 3250 5620 non
3283 5551 3485 5622 habent
3511 5567 3568 5619 οὑ
3588 5577 3707 5630 mp-
