4076 6284
354 299 461 364 945

1405 313 1494 376 ΙΝ
1540 317 2123 379 ECCLESIASTEN.
2162 317 2397 380 -LlB.
2439 316 2540 376 1V.

3505 309 3610 375 946

355 407 696 476 πορνεύσεις,
722 427 741 460 ι
771 409 865 462 καὶ
889 411 1142 468 τοσοῦτον
1170 413 1440 488 ἑκατέραν
1461 421 1744 492 ἁμαρτίαν
1768 439 1934 476 κατα-

2047 437 2142 492 que
2173 424 2310 478 adeo
2339 423 2787 487 damnantem,ut
2819 419 3074 476 feminam
3101 435 3158 475 se
3191 420 3607 491 prostitueutmn

351 495 693 564 δικάσαντος,
719 497 863 554 ὥστε
905 503 1215 571 προστάξαι
1259 509 1354 563 καὶ
1384 509 1783 567 λιθοϐολεῖσθαι
1832 513 1934 585 μὲν

352 587 959 678 τὴνμπροπορνευκυῖαν
995 595 1102 653 ὑπὸ
1133 599 1354 656 πάντων
1394 601 1504 658 τῶν
1537 603 1684 659 ἰδίων
1725 623 1938 678 συμποι-

352 675 546 729 λιτῶνο
582 677 674 731 τὸν
699 679 758 734 δὲ
790 683 979 754 μοιχὸν
1005 685 1374 746 θανατοῦσθαι
1403 693 1542 762 μετὰ
1568 693 1670 760 τῆς
1696 675 1935 766 μοιχαλί-

293 823 300 830 ,
352 766 462 830 δος.
491 769 553 822 Εἰ
577 770 760 826 τοίνυν
794 775 855 828 οὐ
881 775 1107 833 δύνασαι
1151 781 1339 855 φάναι,
1375 783 1548 840 Τοῦτο
1574 786 1636 840 τὸ
1679 787 1842 858 ἔργον
1875 790 1935 858 ἐξ

310 904 318 910 _
355 859 582 926 ἀγνοίας
615 879 706 932 μοι
731 864 942 933 γέγονε,
972 867 1217 939 δηλονότι
1246 872 1309 926 τὸ
1331 873 1432 942 τῆς
1463 877 1711 946 μοιχείας
1735 878 1768 946 ἢ
1801 895 1938 949 πορ-

355 951 508 1013 νείας
531 968 544 982 ο
577 954 873 1010 ἐπίστασαι
897 959 1004 1029 γὰρ
1037 961 1500 1036 ἀπηγορευμένην
1537 969 1808 1040 ἑκατέραν
1831 971 1938 1024 ὑπὸ

355 1041 492 1096 Θεοῦ
522 1045 613 1098 διὰ
639 1046 736 1099 τοῦ
766 1049 1033 1114 Μωσέως,
1061 1051 1113 1104 τί
1145 1052 1345 1123 δήποτε
1373 1057 1508 1127 πρὸς
1543 1059 1644 1129 τὴν
1667 1077 1937 1129 γινωσκο-

313 1170 320 1196 ,
361 1139 532 1203 μένην
561 1139 839 1209 ἁμαρτίαν
867 1143 1325 1212 κατολισθαίνεις,
1350 1149 1434 1202 ὅτι
1475 1153 1814 1222 πανταχόθεν
1840 1157 1940 1209 ἀν-

359 1227 697 1318 απολόγητος
732 1225 803 1290 εἶ,
835 1234 934 1286 καὶ
978 1235 1312 1308 συγγνώμης
1341 1241 1594 1310 ἀνάξιος;
1639 1246 1704 1298 Εἰ
1734 1247 1842 1318 γὰρ
1879 1249 1940 1301 ὲν

357 1316 559 1382 γνώσει
594 1323 768 1383 ποιεῖς
793 1323 892 1394 τὴν
921 1324 1224 1397 ἁμαρτίαν,
1247 1329 1525 1402 ἑπομένην
1545 1333 1694 1405 ἔχεις
1721 1316 1939 1402 πάντως

358 1405 454 1498 καί
481 1405 578 1476 τὴν
615 1409 966 1480 κατάκρισιν.
995 1415 1057 1470 Εἰ
1084 1416 1141 1469 δὲ
1173 1419 1340 1488 φάναι
1365 1423 1664 1494 τολμήσεις
1690 1428 1826 1498 πρὸς
1848 1431 1940 1482 τὸν

354 1495 514 1559 Θεὸν,
555 1499 636 1553 ὅτι
689 1500 860 1556 Τοῦτό
918 1523 1011 1574 μοι
1057 1508 1286 1576 γέγονεν
1329 1512 1388 1579 ἐξ
1435 1515 1684 1583 ἀγνοίας,
1785 1518 1953 1582 Oetae,-

361 1588 513 1680 ιτῶν
548 1589 804 1656 γνώσεων
846 1595 1054 1665 Κύριος
1087 1597 1184 1665 ὢν,
1225 1621 1243 1654 ι
1283 1601 1480 1672 διπλῆν
1516 1621 1599 1658 σοι
1630 1607 1731 1676 τὴν
1771 1608 1942 1680 ὀργὴν

353 1678 552 1773 ἐπάξει
600 1683 694 1735 καὶ
731 1683 829 1755 τὴν
877 1689 1229 1759 κατάκρισιν,
1261 1694 1346 1773 ὅτι
1387 1695 1487 1768 τὴν
1521 1678 1816 1771 ἁμαρτίαν
1837 1719 1940 1754 πε-

2036 513 2106 568 ab
2131 513 2390 568 omnibus
2425 512 2638 568 civibus
2671 511 2792 580 ejus
2821 511 2979 566 obrui
3011 511 3286 580 lapidibus
3335 511 3571 580 jusserit
3592 533 3608 566 :

2036 605 2312 659 mtechum
2357 619 2490 658 vero
2527 618 2652 658 cum
2713 603 2964 658 adultera
3031 602 3371 657 multandum
3436 613 3612 661 morte

2037 696 2280 750 sanxerit
2312 693 2448 765 (l7).
2485 693 2622 750 Cum
2665 694 2834 764 igitur
2881 708 3124 762 nequeas
3160 693 3346 748 dicere
3382 710 3397 748 :
3434 692 3552 748 Hoc
3580 708 3612 746 a

2035 802 2124 842 me
2151 785 2368 842 facinus
2397 801 2467 842 ex
2499 787 2802 857 ignorantia
2831 787 3131 842 admissum
3158 794 3262 852 est,
3281 785 3611 841 adulterium

2035 891 2232 948 nempe
2253 887 2348 933 aut
2379 877 2707 942 fornicatio;
2743 880 2943 949 quippe
2986 879 3080 950 qui
3121 886 3416 948 utrumque
3445 892 3476 931 a
3509 875 3612 932 Deo
3719 938 3733 948 ,

2036 983 2133 1039 per
2157 967 2380 1041 Moysen
2415 969 2643 1025 vetitum
2669 967 2842 1026 fuisse
2887 969 3070 1026 scias:
3099 969 3376 1040 quomodo
3404 969 3458 1024 in
3493 982 3614 1024 sce-

2038 1061 2124 1116 lus
2151 1060 2492 1130 prolaberis,
2533 1060 2682 1130 quod
2731 1060 2830 1116 tibi
2870 1061 3032 1130 plane
3072 1062 3351 1132 cognitum
3387 1069 3506 1127 est,
3553 1067 3614 1114 ut

2036 1153 2450 1206 excusationem
2487 1151 2690 1207 habeas
2731 1151 2978 1215 nullam,
3041 1161 3096 1208 et
3128 1152 3288 1206 venia
3349 1151 3613 1222 indignus

2041 1244 2268 1300 omnino
2297 1243 2416 1299 sis?
2456 1241 2514 1298 Si
2544 1242 2690 1298 enim
2720 1250 3004 1313 peccatum
3034 1242 3218 1298 sciens
3267 1241 3426 1309 facis,
3477 1257 3610 1298 con-

2041 1334 2444 1390 demnationem
2488 1343 2669 1388 tecum
2706 1331 2824 1403 ipse
2869 1333 3028 1404 plane
3079 1333 3328 1389 adducis.
3369 1332 3526 1400 Quod
3566 1333 3613 1388 si

2043 1424 2211 1480 Deum
2241 1425 2447 1494 alloqui
2507 1425 2712 1480 audeas
2737 1464 2753 1488 ,
2787 1433 2842 1480 et
2881 1439 2996 1479 rem
3033 1424 3130 1480 tibi
3189 1439 3255 1479 ex
3308 1425 3614 1501 ignorantia

2042 1517 2340 1588 contigisse
2372 1525 2669 1586 praetean;
2712 1513 2890 1579 Deus,
2927 1515 3026 1584 qui
3069 1533 3088 1566 ι
3143 1515 3326 1569 omnis
3373 1513 3618 1570 scientiae

2045 1607 2310 1662 Dominus
2331 1615 2416 1663 est
2439 1607 2507 1672 ιο,
2545 1625 2566 1659 ι
2604 1609 2740 1660 iram
2779 1607 3044 1660 adversus
3095 1613 3146 1659 te
3179 1619 3337 1660 suam
3373 1604 3618 1675 duplica-

2046 1695 2209 1748 bitac
2255 1707 2512 1762 pmnam,
2549 1693 2695 1763 quod
2739 1702 2795 1747 et
2833 1704 3118 1762 peccatum
3156 1693 3464 1762 patraveris
3496 1732 3511 1756 ,
3564 1701 3620 1747 et

355 1767 618 1860 ποίηκας,
667 1773 760 1825 καὶ
807 1774 891 1828 ὅτι
944 1775 1120 1849 ψευδῆ
1167 1766 1353 1852 φωνὴν
1398 1766 1796 1860 ἀφῆκας-πρὸς
1851 1792 1942 1845 τὸν

2047 1785 2360 1840 mendaeem
2387 1785 2454 1839 ad
2491 1799 2618 1839 eum
2659 1797 2848 1839 vocem
2897 1774 3138 1848 miseris,
3181 1782 3274 1853 qui
3305 1791 3358 1838 et
3403 1793 3620 1838 secreta

352 1857 494 1952 gain:
520 1863 612 1914 τὸν
637 1863 978 1932 γινώσκοντα
1008 1872 1102 1924 καὶ
1131 1873 1200 1926 τά
1229 1875 1521 1950 ἀπόρρητα
1547 1881 1649 1950 τῆς
1674 1857 1774 1950 ei};
1802 1900 1944 1952 καρ-

353 1948 500 2046 οίας.
529 1952 710 2046 ῙΓοῦτο
733 1955 843 2028 γάρ
871 1961 1131 2030 σημαίνει
1162 1967 1348 2035 σαςρῶς
1374 1948 1402 2020 ὅ
1435 1948 1623 2040 φησιν,
1661 1993 1681 2024 ι
1709 1948 1831 2028 ἰνα
1869 1948 1944 2046 μὴ

354 2040 638 2138 ὁργισθῇῌὸ
661 2045 798 2110 Θεὸς
821 2049 914 2102 ἐπὶ
938 2055 1090 2124 φωνῇ
1123 2071 1240 2118 σου,
1267 2059 1362 2112 καὶ
1381 2059 1672 2137 διαφθείρῃ
1694 2064 1764 2118 τὰ
1785 2040 1944 2138 ποιήλ

361 2148 514 2202 ματα
541 2134 652 2188 τῶν
685 2139 884 2208 χειρῶν
915 2159 1012 2195 σου
1031 2160 1046 2175 ο
1081 2164 1099 2196 ι
1143 2146 1388 2216 δηλονότι
1413 2150 1484 2204 τὰ
1522 2134 1670 2221 λὴἳα,
1695 2157 1765 2207 τὰ
1788 2134 1946 2226 eiu-ii-

360 2241 535 2293 ματα,
579 2227 704 2292 τοὺς
745 2231 1140 2302 παραδείσους,
1171 2239 1300 2302 τοὺς
1343 2241 1674 2311 ἀμπελῶνας
1732 2245 1802 2298 δι’
1855 2247 1948 2298 ἁν-

357 2317 598 2388 ομϐρίας
635 2321 729 2375 καὶ
759 2324 1068 2396 ἐπομϐρίας
1103 2330 1573 2406 ὑπερϐαλλούσης,
1613 2336 1646 2405 ἢ
1685 2336 1941 2408 δῃώσεως

357 2411 456 2464 καὶ
502 2410 733 2482 ληῖσεως
777 2415 1117 2486 ἀλλοφύλων.
1158 2421 1315 2476 οὕτω
1352 2425 1463 2498 γὰρ
1501 2429 1594 2481 καὶ
1635 2429 1723 2482 διὰ
1757 2431 1946 2499 φωνῆς

369 2499 604 2555 Ἦσαῖου
635 2504 804 2572 φησὶν
829 2508 857 2559 ό
888 2507 1000 2562 τῶν
1029 2511 1166 2564 ὅλων
1191 2513 1323 2578 Θεός
1346 2533 1358 2545 ·
1405 2535 1427 2568 ι
1469 2517 1596 2571 Ἐάν
1625 2519 1817 2591 θέλητε
1851 2522 1946 2575 καὶ

356 2591 727 2664 είσακοῠσητέ
751 2614 875 2666 μου,
897 2600 966 2654 τὰ
995 2601 1176 2670 ἀγαθά
1202 2605 1302 2674 τῆς
1329 2607 1430 2676 γῆς
1460 2609 1706 2678 φάγεσθε
1729 2629 1741 2642 ·
1771 2613 1869 2667 ὲάν
1891 2613 1947 2667 δὲ

295 2689 306 2698 .
361 2682 440 2752 μὴ
485 2683 706 2775 θέλητε,
741 2689 876 2759 μηδὲ
919 2693 1279 2768 είσακούσητέ
1333 2715 1457 2769 μου,
1497 2703 1750 2773 μάχαιρα
1801 2705 1949 2775 ὑμᾶς

359 2773 668 2830 κατέδεταιέ
699 2795 720 2829 ι
1575 2819 1581 2824 -

431 2863 546 2928 Τάς
577 2866 634 2919 δὲ
665 2871 939 2935 κιναίδους
977 2874 1207 2944 πράξεις
1233 2877 1328 2931 καὶ
1366 2880 1467 2942 τὰς
1491 2881 1807 2952 άμαρτικάς
1847 2887 1943 2940 καὶ

343 2955 732 3027 ’παρανόμους
773 2960 882 3016 τῶν
919 2964 1134 3034 ἀνδρῶν
1191 2967 1330 3036 μετά
1361 2968 1472 3022 τῶν
1509 2972 1792 3038 γυναικῶν
1818 2991 1945 3028 συν-

363 3045 579 3112 ουσίας,
619 3051 846 3116 καὶτὰς
897 3053 1188 3126 θελκτικάς
1243 3057 1467 3130 ὁμιλίας
1509 3063 1604 3117 καὶ
1653 3066 1946 3135 συντυχίας

365 3136 640 3229 ἀνυπνίων
669 3141 825 3213 ἐσμῷ
859 3145 952 3198 καὶ
979 3151 1361 3220 ματαιοτήτων
1397 3155 1698 3208 ἀπείκασεν
1728 3160 1755 3209 ὁ
1782 3158 1944 3226 σοφὸς
1989 3208 2012 3229 ,

377 3224 820 3302 Ἐκκλησιαστὴς
845 3235 904 3288 ἐν
933 3235 1009 3307 τῷ
1047 3239 1246 3303 εἰπεῖν,
1289 3258 1308 3292 ι
1346 3241 1472 3296 Ὅτι
1499 3247 1559 3298 ὲν
1608 3245 1804 3316 πλήθει
1859 3224 1946 3302 έν-

363 3317 579 3373 υπνίων
609 3321 704 3374 καὶ
735 3327 1121 3398 ματαιοτήτων
1160 3331 1257 3384 καὶ
1307 3331 1482 3402 λόγων
1517 3330 1764 3389 πολλῶν’·
1795 3355 1812 3388 ι
1847 3341 1946 3393 ἀν-

362 3407 418 3462 τὶ
436 3407 566 3500 τοῦ,
594 3412 762 3482 Δίκην
791 3417 1062 3475 ἐνυπνίων
1083 3421 1514 3491 συμπιπτόντων
1549 3429 1671 3489 ταῖς
1692 3445 1949 3500 νυκτερι-

363 3499 484 3562 vat;
519 3501 870 3568 φαντασίαις,
907 3509 997 3558 καὶ
1023 3508 1299 3579 μηδεμίαν
1355 3513 1590 3582 ἐχόντων
1620 3499 1946 3586 ὓπαρξινὲν

363 3593 481 3652 τοῖς
513 3591 861 3661 πράγμασιν,
893 3595 1054 3650 ἐτι-δὲ
1089 3601 1186 3652 καὶ
1215 3601 1328 3655 τῶν
1349 3602 1528 3656 ἄλλων
1569 3609 1952 3677 ματαιοτήτων

367 3681 464 3732 καὶ
501 3679 611 3732 τῶν
649 3681 759 3734 σῶν
789 3683 988 3753 λόγων,
1015 3687 1299 3758 ἄνθρωπε,
1331 3691 1441 3744 τῶν
1460 3693 1670 3746 πολλῶν
1703 3696 1799 3748 καὶ
1829 3695 1952 3748 θελ-

369 3770 582 3822 κτικῶν
615 3773 752 3842 πρὸς
785 3775 886 3837 τὰς
931 3778 1202 3842 κιναίδους
1231 3781 1416 3848 μίξεις
1459 3786 1560 3839 καὶ
1594 3789 1952 3858 παρανόμους

368 3861 683 3929 συνουσίας,
715 3866 748 3936 ἡ
791 3865 1026 3924 δοκοῦσά
1055 3887 1114 3924 σε
1173 3873 1270 3925 καὶ
1313 3875 1646 3947 νομιζομένη
1679 3879 1951 3949 παρελεύ-

364 3969 527 4006 σεται
585 3953 778 4010 θίττον
826 3958 1154 4025 ἀπόλαυσις,
1192 3961 1400 4034 ἔρημόν
1448 3983 1512 4020 σε
1571 3969 1952 4026 καταλιποῦσα

367 4044 558 4115 πάσης
623 4047 991 4121 νομιζομένης
1039 4052 1240 4124 ἡδονῆς
1289 4055 1392 4126 τῆς
1446 4059 1503 4111 έν
1533 4063 1654 4124 τοῖς.
1678 4063 1954 4127 ἐνυπνίοις

2039 1878 2208 1932 animi
2241 1877 2318 1930 tui
2365 1875 2535 1932 novit.
2576 1873 2714 1951 Eam
2755 1875 2861 1930 hoc
2905 1875 3106 1930 diserte
3137 1874 3451 1945 significant
3497 1870 3620 1946 qua:

2040 1967 2304 2038 subjecit:
2342 1987 2363 2020 ι
2398 1965 2476 2022 Ne
2511 1966 2781 2022 irascatur
2815 1965 2959 2022 Deus
3003 1981 3172 2036 super
3211 1979 3400 2022 vocem
3440 1979 3618 2034 tuam,

2039 2070 2096 2116 et
2119 2059 2400 2129 disperdat
2423 2072 2586 2130 opera
2619 2071 2884 2112 manuum
2921 2067 3159 2122 tuarum,
3207 2077 3226 2109 ι
3266 2053 3479 2128 segetes
3512 2059 3622 2114 sci-

2041 2155 2191 2216 licet,
2221 2153 2438 2218 domos,
2470 2151 2756 2212 viridaria,
2791 2149 2972 2204 vineta
3004 2149 3091 2204 vel
3119 2150 3370 2206 siccitate
3399 2149 3484 2206 vel
3511 2149 3618 2205 im-

2042 2245 2222 2299 brium
2252 2242 2408 2314 copia
2435 2240 2858 2310 superveniente
2886 2277 2902 2302 ,
2941 2249 3037 2294 aut
3065 2239 3255 2296 hostili
3286 2239 3471 2310 aliqua
3523 2255 3621 2295 va-

2039 2338 2274 2394 statione
2302 2344 2467 2405 atque
2486 2335 2660 2390 clade.
2687 2332 2780 2388 Sic
2807 2347 3044 2402 namque
3105 2331 3260 2388 Isaia:
3293 2347 3426 2388 voce
3477 2331 3620 2388 Deus

2043 2427 2280 2483 universi
2299 2425 2536 2482 effatur:
2580 2443 2599 2478 ι
2641 2423 2701 2479 Si
2747 2424 3035 2480 volueritis
3077 2432 3133 2478 et
3175 2424 3466 2480 audieritis
3510 2440 3618 2489 me,

2042 2521 2183 2576 bona
2232 2529 2390 2575 terra:
2442 2517 2775 2574 comedetis:
2813 2517 2898 2572 sin
2939 2531 3071 2571 vero
3104 2515 3392 2572 nolueritis
3442 2533 3622 2588 neque

2041 2610 2326 2666 audieritis
2357 2623 2462 2676 me,
2495 2607 2710 2678 gladius
2733 2621 2832 2662 vos
2861 2605 3147 2661 devorabit
3168 2606 3233 2662 υ.
3279 2625 3298 2658 ι

2115 2871 2392 2930 Obscenae
2411 2881 2592 2928 alitem
2628 2873 2872 2930 actiones
2906 2880 2962 2928 et
2995 2871 3212 2926 letltalia
3245 2885 3311 2926 ac
3340 2871 3507 2927 vetita
3537 2872 3624 2926 vi-

2045 2979 2232 3020 rorum
2263 2979 2387 3019 cum
2416 2962 2638 3018 feminis
2669 2962 3023 3026 commercia,
3071 2961 3519 3032 voluptariosque
3555 2962 3623 3017 ad
3662 3005 3664 3013 .

2045 3055 2508 3112 confabulandum
2529 3069 2862 3127 congressus
2881 3049 3226 3109 sornnibrum
3249 3063 3305 3108 et
3322 3055 3622 3108 vanitatum

2045 3151 2286 3206 examini
2307 3150 2664 3219 comparavit
2689 3149 2913 3216 sapiens
2947 3145 3328 3212 Ecclesiastes,
3356 3158 3482 3200 cum
3515 3145 3622 3199 ait:

2053 3259 2072 3292 ι
2105 3239 2244 3306 Quia
2277 3240 2329 3294 in
2385 3238 2732 3294 multitudine
2771 3239 3112 3292 somniorum
3154 3243 3208 3290 et
3247 3233 3547 3290 vanitatum
3573 3245 3627 3287 et

2048 3334 2339 3386 verborum
2371 3331 2768 3398 plurimorum;
2803 3346 2822 3380 ι
2847 3329 2898 3382 id
2921 3335 3028 3390 est,
3054 3327 3229 3382 lnstar
3257 3327 3624 3388 somniorum,

2049 3438 2172 3492 qua:
2199 3437 2296 3492 per
2319 3430 2536 3476 noctem
2569 3422 2824 3474 visuntur
2873 3418 3060 3473 inania
3115 3419 3276 3488 plane
3334 3425 3390 3472 et
3442 3431 3624 3471 rerum

2051 3515 2296 3569 omnium
2358 3528 2550 3576 vacua,
2581 3521 2635 3566 et
2667 3511 2970 3564 sanitatum
3028 3519 3374 3570 ceterarum,
3407 3523 3473 3562 ac
3503 3517 3623 3562 tuo-

2053 3619 2174 3658 rum
2208 3617 2428 3673 quoque
2467 3601 2784 3667 verborum,
2811 3617 2846 3654 ο
2875 3599 3144 3662 mortalis,
3195 3613 3320 3666 quae
3372 3599 3542 3652 multa
3574 3609 3628 3651 et

2055 3691 2251 3747 blanda
2283 3691 2514 3745 adhibes
2560 3688 2804 3758 turpium
2858 3687 3316 3744 commerciorum
3355 3697 3410 3742 et
3449 3689 3629 3743 vetita:

2054 3779 2471 3841 consuetudinis
2493 3793 2684 3838 causa,
2707 3776 2969 3846 quidquid
2989 3777 3170 3830 inesse
3199 3774 3498 3845 voluptatis
3529 3775 3626 3830 tibi

2056 3875 2290 3937 videtur,
2325 3878 2496 3926 totum
2535 3867 2786 3924 celeriter
2825 3865 3144 3936 praeteribit,
3183 3877 3340 3936 teque
3371 3867 3626 3948 ‘deserct,

2055 3967 2204 4023 omni
2227 3962 2388 4036 138
2402 3963 2490 4016 illa
2507 3961 2784 4029 voluptate
2803 3966 3102 4023 carentem,
3118 3972 3284 4026 quam
3302 3957 3630 4013 somniando

2057 4070 2411 4124 conceperas,
2441 4061 2498 4109 et
2523 4065 2708 4106 veram
2741 4048 2992 4119 putabas.
3053 4048 3228 4104 Simul
3265 4049 3414 4102 enim
3467 4057 3632 4116 atque

369 4153 455 4190 σοι
485 4140 914 4212 φαντασθείσης.
939 4143 1092 4213 Ἅμα
1129 4147 1240 4218 γὰρ
1264 4147 1342 4218 τῷ
1369 4152 1657 4220 γεγονέναι
1688 4157 1783 4208 καὶ
1806 4173 1949 4226 παρ-

2059 4159 2182 4205 nata
2209 4157 2312 4228 est,
2351 4144 2594 4206 evanuit,
2621 4150 2677 4196 et
2704 4155 2874 4196 unum
2915 4139 3172 4210 relinquit
3221 4139 3454 4204 crimen,
3484 4140 3632 4208 quod

365 4229 524 4300 ἦλθε,
559 4233 946 4289 καταλιποῦσα
995 4238 1164 4311 μόνην
1193 4241 1292 4310 τὴν
1346 4243 1626 4319 ἁμαρτίαν
1653 4249 1947 4302 ὲκκεντοῦ-

369 4336 474 4374 σαν
506 4322 601 4376 καὶ
657 4325 1129 4382 καταδαπανῶσαν
1171 4331 1270 4401 τὴν
1307 4331 1488 4405 ψυχήν
1541 4353 1636 4390 σου
1698 4340 1792 4392 καὶ
1848 4339 1950 4409 τὴν

368 4410 624 4482 καρδίαν.
649 4411 726 4476 ὡς
753 4414 1052 4487 μάχαιραν.
1078 4413 1212 4473 Εἶτά
1237 4437 1404 4491 φησιν
1421 4425 1449 4476 ὁ
1476 4424 1912 4497 Ἐκκλησιασιιής
1931 4445 1944 4456 ·

455 4603 618 4670 Ἐὰν⁸
640 4618 1062 4687 συκοφαντίαν
1084 4621 1349 4688 πένητος
1388 4625 1488 4680 καὶ
1517 4626 1803 4698 ἁρπαγὴν
1833 4631 1958 4698 κρί-

367 4721 563 4776 ματος
602 4705 704 4758 zeal
737 4705 1124 4778 δικαιοσύνης
1182 4711 1351 4780 ετδῃς
1374 4714 1444 4769 ἐν
1486 4716 1668 4786 χώρᾳ,
1696 4719 1784 4789 μὴ
1815 4723 1959 4774 θαυ-

368 4799 580 4870 μάσῃς
607 4800 706 4855 ἐπὶ
736 4799 816 4870 τῷ
859 4803 1155 4874 πράγματι
1184 4823 1199 4838 ο
1228 4805 1320 4860 ὅτι
1343 4811 1588 4878 ὑψηλὸς
1611 4811 1814 4867 ἐπάνω
1843 4813 1950 4868 τοῦ

372 4891 630 4960 ὑψηλοῦ
663 4891 986 4962 φυλάσσῃ,
1028 4895 1130 4950 καί
1165 4899 1395 4966 ὑψηλοί
1433 4900 1528 4954 ἐπ’
1580 4903 1788 4970 αὐτοῖς
1814 4919 1830 4936 ο
1863 4906 1962 4959 καὶ

376 4982 704 5050 aspidas-ta
729 4981 861 5054 γῆς.
905 4984 1032 5038 Ἐπὶ
1061 4985 1241 5040 παντὶ
1269 4990 1457 5057 αὐτός
1479 4991 1614 5051 ἐστι
1651 4995 1961 5064 ,ϐασιλεὺς

377 5073 455 5144 τῇ
489 5076 654 5147 χώρα
681 5079 1062 5149 “praefuim-

453 5189 498 5222 “
529 5187 552 5242 l
583 5188 714 5256 Reg.
753 5205 816 5257 ιι,
843 5191 898 5246 5.
977 5192 1018 5224 ’⁸
1050 5191 1156 5247 lsa.
1185 5209 1224 5258 ι,
1261 5193 1350 5249 19.

457 5279 572 5352 (l7)
613 5277 994 5356 linctrevoea,
1049 5298 1172 5356 qua:
1223 5284 1476 5356 superius
1525 5284 1590 5338 ad
1619 5283 1646 5356 ς
1673 5285 1724 5356 6,
1755 5285 1850 5340 lib.
1884 5301 1947 5341 ιιι

381 5351 530 5424 dicta
553 5350 711 5424 sunt.
747 5350 819 5424 De
841 5350 1123 5424 sententia!
1139 5350 1320 5424 autem
1353 5350 1804 5424 interpretatione
1829 5372 1963 5409 cono

383 5421 554 5496 sentit
591 5419 1034 5490 Olympiodorus.
1069 5422 1174 5496 sed
1203 5423 1300 5496 alii
1328 5424 1416 5496 illa
1447 5419 1628 5496 verba,
1655 5423 1720 5479 Ut
1745 5442 1962 5496 peccare

385 5489 558 5564 facias
605 5489 819 5564 carnem
875 5501 1046 5553 tuam,
1079 5495 1180 5557 sic,
1229 5493 1407 5564 inquit
1466 5494 1706 5550 Isidorus
1745 5489 1962 5552 Clarius

385 5560 524 5614 civis
583 5574 760 5625 meus,
787 5560 1257 5633 interpretantur:
1298 5560 1321 5614 ἕ
1358 5562 1428 5618 Ut
1454 5579 1561 5618 non
1593 5565 1772 5619 solum
1801 5581 1964 5633 super

388 5639 691 5704 te_,_vcrum
721 5637 809 5704 Aet‘
826 5647 989 5700 super
1025 5631 1165 5686 lilios
1219 5641 1362 5700 tuos,
1381 5633 1486 5704 qui
1521 5643 1650 5690 sunt
1685 5644 1777 5689 tua
1809 5631 1958 5701 caro,

391 5698 662 5754 ultionem
701 5698 940 5756 divinam
997 5713 1286 5770 provoces.
1327 5698 1497 5775 i'lpse
1523 5704 1630 5760 hoc
1661 5704 1821 5762 modo
1869 5698 1962 5762 ex;

2059 4242 2300 4296 animum
2339 4247 2395 4291 et
2427 4251 2522 4290 cor
2555 4233 2715 4304 quasi
2757 4230 2943 4302 cuspis
2994 4239 3201 4301 pungat
3227 4238 3388 4302 atque
3415 4231 3630 4288 exedat.

2059 4330 2224 4384 Addit
2251 4324 2446 4384 deinde
2483 4322 2841 4378 Ecclesiastes
2877 4340 2890 4375 :

1925 4517 1952 4589 §
1989 4514 2081 4570 IX.

2126 4623 2296 4678 Vsus.
2323 4620 2439 4676 7-9.
2461 4618 2519 4674 Si
2563 4617 2890 4672 calumniam
2941 4613 3189 4686 pauperis
3212 4624 3258 4668 et
3287 4612 3632 4683 direptionem

2048 4717 2246 4788 judicii
2275 4723 2323 4769 el
2341 4713 2570 4784 justitiaz
2591 4709 2784 4763 videris
2815 4707 2870 4760 in
2905 4707 3132 4777 regione,
3159 4721 3222 4759 ne
3243 4705 3453 4758 mireris
3479 4720 3634 4772 super

2057 4827 2119 4864 ea
2146 4825 2199 4863 re
2217 4825 2236 4862 :
2259 4807 2384 4878 quia
2411 4801 2648 4858 excelsus
2684 4815 2841 4870 super
2877 4797 3143 4853 excelsum
3169 4794 3469 4851 custodiam
3501 4798 3634 4866 agit,

2057 4915 2105 4959 et
2132 4903 2325 4958 excelsi
2355 4915 2512 4970 super
2537 4913 2622 4952 eos
2641 4913 2660 4952 :
2687 4904 2738 4950 et
2760 4895 3074 4966 prtestantia
3099 4903 3273 4949 term.
3298 4891 3470 4963 Super
3485 4907 3637 4946 omne

2059 4995 2172 5066 ipse
2199 5001 2274 5050 est
2302 5005 2394 5051 rea;
2417 4989 2616 5060 regioni
2641 4987 2802 5044 culta:
2829 4984 2963 5058 (l8).

2064 5285 2263 5356 plicat:
2296 5280 2454 5346 Cave,
2485 5297 2547 5336 ne
2567 5275 2762 5350 lingua:
2782 5281 3014 5352 [utilitas
3037 5293 3207 5340 totum
3227 5295 3278 5340 te
3301 5294 3518 5355 peccato
3551 5285 3636 5339 in-

2059 5354 2252 5496 Ῠοῗῗὲί
2287 5421 2442 5496 Apud
2500 5421 2641 5496 Lxx
2697 5425 2999 5496 legimus...
3051 5422 3158 5477 Τοῦ
3189 5423 3424 5496 *ὑψηλοῇ
3460 5423 3642 5496 φιλά-

2063 5493 2300 5564 ieiunet
2330 5494 2440 5564 ᾕαὶ
2470 5495 2755 5564 περίσσεια
2785 5494 2888 5564 γῆς
2921 5495 3016 5547 ἐπὶ
3036 5493 3198 5564 παντί
3231 5493 3642 5564 ὲστιίβασιλεὺς

2060 5563 2156 5618 τοῦ
2183 5561 2356 5634 ἀγροῦ
2378 5561 2778 5634 εἰργασμένου.
2813 5563 3024 5634 Ulymp.
3066 5563 3286 5617 Ἐπάνω
3310 5561 3518 5634 ὑψηλοῦ
3541 5580 3643 5634 (pu-

2063 5631 2324 5727 gnanti...
2358 5631 2560 5689 Athan.
2585 5631 2640 5690 in
2672 5635 2830 5706 Apol.
2867 5631 2935 5690 ad
2969 5631 3257 5692 Constant.
3292 5631 3418 5689 ιω-
3446 5631 3642 5704 ὑψηλοί

2065 5721 2150 5760 επ
2181 5721 2369 5776 αντης.
