4076 6310
310 242 412 304 1253

1373 241 1455 300 ΙΝ
1504 231 2087 306 ECCLESIASTEN.
2131 272 2198 280 —
2247 245 2393 308 LIB.
2437 247 2504 310 V.

3441 237 3553 310 ’954

313 358 448 411 πᾶσι
481 356 594 420 τοῖς
627 353 990 424 κεκτημένοις
1019 351 1168 423 ἔχειν
1198 353 1296 421 τῆς
1317 353 1574 421 ἀνδρείας
1611 353 1713 423 τὴν
1755 353 1888 406 καύ-

2019 357 2152 411 nodo
2177 367 2342 429 atque
2375 359 2650 414 fructuum
2695 358 2906 430 copiam
2956 359 3133 416 oculis
3161 359 3276 414 suis
3306 373 3554 416 contem-

313 464 496 519 χησιν,
527 449 585 500 ἐν
619 445 698 516 τῷ
730 447 891 516 μόνον
916 445 1134 514 δέρκειν
1187 446 1298 506 τοῖς
1353 443 1652 514 ὀφθαλμοῖς
1707 445 1887 497 αὐτῶν

314 539 376 592 τὸ
407 538 612 606 πλῆθος
645 536 741 590 τοῦ
772 534 1040 606 ἀργυρίου
1075 534 1173 587 καὶ
1199 533 1292 586 τοῦ
1325 535 1674 605 γεννήματος
1695 551 1708 564 ·
1731 535 1890 588 τοῦτο

315 627 424 698 γὰρ
452 627 718 696 ἐδήλωσεν
745 623 916 678 εἰπών
939 639 950 652 ·
982 640 1001 674 ι
1031 623 1139 676 Καὶ
1169 623 1256 684 τίς
1279 621 1504 692 ἀνδρεία
1531 623 1669 692 παρ’
1695 621 1888 689 αὐτῆς,

316 719 401 773 ὅτι
431 717 547 774 ἀλλ’
579 716 696 786 ἢτδ
725 717 859 786 ὀρᾷν
889 713 1192 784 ὀφθαλμοῖς
1227 712 1432 778 αὐτοῦς
1472 731 1492 764 ι
1771 725 1774 730 ·
1876 705 1878 708 ’

389 803 503 874 Τὴν
535 803 590 856 δὲ
631 801 887 871 τοιαύτην
949 799 1178 871 ἐκδοχὴν
1236 800 1583 870 παρεμπεδοϊ
1636 797 1780 853 κατά
1833 793 1894 853 τὸ

325 891 526 962 μᾶλλον
551 891 579 944 6
608 891 908 960 Σύμμαχος
953 879 1196 954 είπὼν,ἰ
1230 888 1295 941 Τί
1339 887 1448 958 γὰρ
1497 886 1893 958 ἀνδραγάθημα

319 981 400 1052 τῷ
429 981 608 1052 ἔχοντι
635 980 824 1045 αὐτὸν,
847 982 898 1034 εί
925 979 1000 1050 μὴ
1027 980 1190 1049 μόνον
1221 977 1430 1049 θεωρία
1475 977 1776 1047 ὀφθαλμῶν
1799 979 1894 1030 αύ-

321 1072 468 1138 τῶνς
497 1071 598 1144 τὴν
627 1075 692 1125 ὲκ
720 1071 815 1124 τοῦ
842 1071 910 1124 τὰ
951 1069 1178 1123 τοιαῦτα
1237 1067 1456 1139 βλέπειν
1501 1067 1698 1140 τέρψιν
1749 1067 1895 1138 ἔχειν

322 1163 572 1234 οἰόμενος
599 1164 678 1226 είς
705 1162 976 1230 καύχησιν
1006 1159 1103 1212 καὶ
1130 1159 1484 1230 παράκλησιν
1509 1159 1612 1230 τῆς
1630 1159 1895 1230 ἁνηλεοῦς

323 1255 502 1326 ψυχῆς
539 1253 708 1307 αὐτοῦ
733 1253 827 1306 καὶ
855 1249 1120 1320 φειδωλοῦ
1157 1249 1384 1322 καρδίας
1404 1267 1419 1282 ·
1457 1251 1580 1304 ἐκεῖ
1606 1250 1699 1302 καὶ
1731 1249 1896 1319 μόνος

322 1346 718 1418 εὑρισκόμενος
745 1343 887 1414 ἔχων
917 1343 1016 1414 τὴν
1043 1341 1326 1412 ἀσχολίαν,
1369 1343 1505 1396 ὅπου
1534 1341 1644 1394 τῶν
1679 1341 1898 1410 χρημὰο

323 1456 433 1492 των
465 1439 564 1492 καὶ
593 1437 700 1491 τῶν
728 1437 1092 1506 γεννημάτων
1121 1437 1272 1488 ἐστὶν
1304 1435 1334 1487 6
1362 1434 1638 1506 θησαυρὺς
1670 1433 1900 1487 ἀποκεί-

327 1545 512 1601 μενος,
541 1529 619 1592 ὡς
647 1529 784 1600 μηδὲ
823 1527 1109 1582 καθεύδειν
1141 1527 1314 1597 χωρὶς
1350 1526 1676 1596 ἀδολεσχίας
1692 1524 1782 1578 τὸν
1810 1525 1900 1578 λο-

325 1622 528 1692 γισμὸν
546 1622 640 1674 καὶ
664 1619 948 1692 μοχθηρᾶς
973 1620 1246 1690 μερίμνης
1265 1633 1280 1647 ⁸
1307 1617 1490 1682 καθὼς
1513 1621 1568 1670 ἐν
1589 1619 1702 1680 τοῖς
1725 1617 1898 1684 Εὐαγ-

1989 449 2222 518 plcutur.
2264 451 2315 506 Id
2342 454 2488 507 enim
2515 452 2752 508 ostendit
2773 453 3103 520 subiiciens:
3143 471 3162 505 ι
3197 451 3261 508 Ει
3289 468 3410 523 qua:
3441 451 3554 506 ior-

1991 537 2164 594 titudo
2195 541 2268 605 ei,
2293 543 2387 611 qui
2423 542 2491 597 ab
2520 543 2622 596 ea?
2655 559 2784 598 num
2838 543 2945 598 alia
2977 532 3141 612 quam
3180 543 3362 600 videre
3381 543 3556 600 oculis

1989 629 2153 682 suis?
2187 649 2206 682 ι

2061 805 2246 862 Talem
2295 825 2425 864 vero
2471 810 2978 881 interpretationem
3029 809 3204 882 magis
3237 809 3560 878 comprobat

1994 897 2383 968 Symmachus,
2409 901 2502 970 qui
2533 901 2636 954 ait:
2681 919 2700 951 ι
2747 901 2964 971 Ecquod
3003 900 3150 956 enim
3179 899 3398 954 virtutis
3431 913 3558 967 spe-

1992 991 2169 1044 cimen
2201 991 2254 1044 in
2285 1007 2370 1052 eo.
2394 993 2488 1062 qui
2518 991 2621 1045 ista
2651 991 2910 1061 possidet,
2948 1000 3309 1062 praeterquam
3335 999 3395 1044 ut
3429 1007 3562 1046 ocu-

1993 1082 2062 1136 lis
2099 1081 2214 1136 suis
2250 1083 2492 1152 spectet?
2529 1101 2547 1134 ι
2585 1083 2723 1137 Cum
2757 1081 2822 1166 ‘is
2887 1083 3015 1138 talia
3067 1083 3366 1152 spectando
3419 1083 3562 1136 bane

1994 1167 2098 1222 sibi
2131 1177 2374 1238 paratam
2440 1159 2771 1238 voluptatem
2811 1179 2979 1237 putet,
3011 1179 3070 1224 ut
3120 1172 3338 1240 gloriari
3372 1159 3558 1226 secum

1996 1263 2050 1310 et
2098 1257 2361 1310 immitem
2397 1258 2642 1311 animum
2674 1273 2835 1312 suum
2887 1273 3224 1327 avorumque
3279 1258 3560 1328 ingenium

1996 1360 2246 1404 recreare
2275 1348 2488 1417 possit:
2521 1348 2778 1417 idemque
2828 1349 3243 1417 occupationem
3290 1363 3562 1418 nusquam

1997 1437 2198 1492 habere
2228 1436 2499 1503 videatur,
2523 1437 2622 1492 nisi
2651 1437 2742 1492 ubi
2771 1438 3040 1506 sepositus
3063 1447 3144 1492 est
3165 1452 3327 1506 opum
3365 1445 3420 1490 ct
3442 1451 3566 1504 pru-

2003 1538 2256 1584 ventuuut
2307 1529 2598 1584 thesaurus
2656 1538 2714 1582 ut
2763 1545 2831 1584 ne
2892 1543 2989 1600 per
3045 1543 3296 1582 somnum
3345 1529 3564 1598 quidem

2001 1621 2282 1690 quiescere
2349 1636 2502 1674 mens
2525 1619 2698 1688 possit
2732 1621 2850 1674 sine
2899 1619 3268 1674 sollicitudine
3316 1621 3568 1689 malaque

325 1689 529 1784 γελίοις
555 1689 917 1782 κατήγγειλεν
947 1712 976 1764 6
1006 1689 1214 1780 Κύριος
1248 1709 1429 1780 φήσας
1456 1725 1469 1739 ·
1503 1727 1522 1760 ι
1565 1709 1738 1760 Ὅπου
1790 1707 1900 1779 γὰρ

2019 1726 2168 1776 :ura;
2201 1711 2656 1780 quemadmodum
2684 1711 2736 1764 in
2767 1711 3072 1779 Evangeliis
3104 1708 3368 1765 Dominus
3391 1725 3568 1764 enun-

328 1803 606 1873 θησαυρὺς
631 1801 809 1870 ὑμῶν,
846 1801 966 1853 ἐκεῖ
1012 1798 1169 1852 ἔσται
1215 1798 1312 1851 καὶ
1339 1799 1374 1868 ἡ
1426 1796 1624 1868 καρδία
1667 1795 1840 1866 ὑμῶν.
1883 1814 1903 1847 ι

1999 1801 2176 1865 tiavit,
2209 1815 2333 1856 cum
2357 1800 2530 1855 dixit:
2567 1820 2584 1850 ι
2627 1800 2730 1855 Ubi
2765 1801 2912 1854 enim
2939 1803 3228 1856 thesaurus
3257 1809 3457 1866 vester,
3493 1799 3568 1853 ibi

329 1893 432 1946 Διά
461 1891 623 1946 τοῦτό
654 1908 822 1961 φησιν
870 1891 899 1943 6
937 1888 1374 1958 Ἐκκλησιαστής
1404 1905 1418 1918 ο
1451 1905 1469 1939 ι
1510 1886 1622 1940 Καί
1653 1902 1716 1952 γε
1745 1885 1906 1940 τοῦτο

2019 1895 2060 1946 :t‘
2075 1907 2169 1946 cor
2197 1902 2433 1946 vestrum
2454 1893 2558 1945 erit
2579 1891 2647 1943 ¹⁷.
2676 1910 2694 1942 ι
2716 1891 3010 1960 Propterea
3037 1891 3114 1945 ait
3172 1889 3564 1945 Ecclesiastes:

336 1983 679 2052 ματαιότης·
720 1999 740 2034 ι
774 1981 876 2049 τὴν
917 1979 1174 2050 ἀνόνητον
1219 1978 1462 2032 διάθεσιν
1502 1977 1598 2031 καὶ
1633 1977 1908 2047 μηδεμίαν

2019 2004 2025 2036 l
2063 1983 2170 2038 Sed
2197 1993 2251 2038 et
2286 1983 2392 2038 hoc
2417 1988 2666 2049 vanitas;
2707 2001 2725 2034 ι
2777 1983 2992 2038 inanem
3031 1983 3298 2052 ejusmodi
3335 1997 3570 2052 propen-

331 2075 672 2129 λυσιτέλειαν
725 2071 955 2144 ἔχουσαν
1001 2071 1375 2146 παρεμφήνας
1413 2069 1504 2124 διὰ
1543 2071 1644 2140 τῆς
1677 2069 1906 2138 ματαιό-

2019 2073 2208 2128 sionem
2239 2082 2294 2128 et
2328 2072 2508 2127 omnis
2538 2071 2786 2128 utilitatis
2824 2063 2980 2144 153
3016 2082 3289 2142 expertem
3338 2074 3575 2144 appella-

333 2177 518 2240 τητος.
552 2162 690 2220 Εἶτά
718 2183 884 2237 φησιν
904 2183 920 2197 ’

2021 2165 2146 2219 ione
2181 2164 2438 2218 vanitatis
2469 2163 2780 2234 designans.
2819 2165 2982 2217 Addit
3011 2163 3208 2218 deinde
3243 2181 3256 2218 :

1899 2275 1926 2348 §
1967 2277 2030 2332 ιι.

409 2397 653 2463 Γλυκὺς
672 2396 866 2462 ὕπνος
910 2394 1018 2452 τοῦ
1071 2393 1324 2456 δούλου,
1356 2395 1410 2446 εί
1458 2394 1690 2462 ὀλίγον,
1724 2394 1822 2447 καὶ
1859 2397 1914 2448 si

2043 2389 2067 2418 ⁸
2083 2397 2246 2452 Vsus.
2284 2398 2370 2453 i2.
2400 2398 2581 2452 Dulcis
2603 2413 2818 2452 somnus
2845 2399 2998 2465 servi,
3023 2399 3129 2454 sive
3149 2397 3443 2468 paululum,
3471 2399 3577 2454 sive

337 2489 500 2544 πολὺ
543 2488 791 2556 φάγεται
816 2503 830 2518 ο
859 2483 958 2539 καὶ
987 2483 1066 2550 τῷ
1103 2483 1516 2552 ἐμπλησθέντι
1561 2485 1669 2539 τοῦ
1725 2489 1914 2538 πλου-

2011 2489 2236 2542 multum
2281 2492 2684 2544 comederitet
2721 2492 2790 2555 ei,
2841 2491 2929 2560 qui
2979 2501 3253 2544 saturatas
3319 2501 3395 2544 est
3445 2489 3578 2544 dite-

339 2578 522 2646 τῆσαι
547 2620 565 2644 ,
607 2580 720 2631 οὐκ
762 2576 935 2631 ἐστιν
999 2577 1034 2628 ό
1079 2573 1275 2641 ἀερίων
1317 2573 1506 2628 αὑτὸν
1553 2573 1662 2628 τοῦ
1713 2573 1916 2628 ὑπνῶ-

347 2686 480 2726 σαι.

426 2761 734 2830 Ἐξιλέγχει
769 2761 864 2814 καὶ
892 2757 989 2814 νῦν
1023 2755 1201 2825 αὖθις,
1235 2751 1456 2827 διὰ’τῆς
1499 2757 1797 2830 ὀωμασὲας
1817 2719 1946 2810 τοῦ⁸

347 2855 534 2910 δούλου
559 2853 654 2906 καὶ
685 2853 785 2922 τῆς
814 2851 1176 2922 συγκρίσεως,
1199 2851 1308 2904 τῶν
1337 2849 1683 2918 ἀγαπώντων
1718 2849 1779 2902 τὸ
1810 2849 1912 2917 ἁρ-

2007 2580 2220 2644 scendo,
2249 2596 2353 2634 non
2383 2592 2459 2636 est
2493 2583 2583 2651 qui
2609 2581 2747 2636 sinat
2782 2583 2964 2671 ipsum‘
2981 2583 3214 2635 dormire
3243 2581 3378 2653 (‘25).

2085 2764 2240 2820 Nunc
2267 2778 2483 2835 quoque
2507 2765 2648 2818 seni
2679 2765 2900 2818 nomine
2917 2771 2968 2818 et
2993 2763 3402 2830 comparatione
3427 2778 3580 2824 usus,

2018 2857 2364 2928 reprehendit
2423 2872 2644 2910 rursum
2693 2857 2788 2926 qui
2818 2857 3114 2925 cupiditate
3145 2855 3456 2924 inexplebili
3489 2871 3585 2923 pe-

353 2945 538 3016 γὺριον
558 2943 654 2997 καὶ
696 2943 763 2996 τὸ
797 2943 1046 3013 γέννημα
1101 2942 1220 2994 κατ’
1251 2941 1551 3010 ἐπιθυμίαν
1595 2937 1916 3008 ἀκόρεστον,

2020 2949 2236 3004 cuniam
2305 2957 2358 3001 et
2423 2947 2635 3002 fructus
2698 2959 2904 3010 amant,
2944 2955 3108 3016 atque
3137 2946 3274 3000 adeo
3302 2959 3580 3014 nunquam

354 3038 451 3094 καὶ
474 3037 560 3094 διὰ
589 3035 753 3091 τοῦτο
780 3033 1050 3105 μηδαμῶς
1078 3031 1510 3103 ἐμφορουμένων
1533 3045 1548 3059 ·
1577 3029 1653 3091 ὡς
1677 3028 1772 3081 τοῦ
1799 3027 1920 3080 δούο

351 3131 466 3194 λου,
493 3127 594 3182 κᾶν
621 3125 796 3198 βραχύ
825 3141 881 3178 τι
907 3123 1051 3194 λάϐῃ
1083 3121 1316 3194 τροφῆς,
1361 3120 1463 3174 κᾶν
1492 3120 1574 3183 είς
1603 3117 1922 3190 πλησμονὴν

348 3219 492 3272 κατά
523 3234 648 3272 τινα
704 3215 1002 3286 σύμδασιν,
1031 3212 1190 3282 ἡδέος
1235 3213 1390 3274 ὄντος
1445 3211 1540 3264 τοῦ
1577 3209 1750 3263 ὕπνου
1773 3226 1788 3240 θ
1824 3209 1921 3264 ἅτε

349 3308 416 3382 δὴ
445 3309 631 3380 πάσης
685 3305 1003 3375 ἀδολεσχίας
1053 3303 1474 3374 ἀπηλλαγμένου
1516 3301 1612 3355 καὶ
1661 3303 1922 3372 περιττῆς

351 3400 654 3472 φροντίδος.
681 3399 758 3452 Οὐ
787 3399 897 3469 γάρ
934 3398 1016 3460 είς
1057 3396 1184 3458 τοὺς
1216 3388 1683 3464 ἑναποκειμὲνους
1720 3394 1779 3446 ὲν
1809 3390 1922 3454 τοῖς

352 3489 624 3560 ταμιείοις
651 3485 748 3540 τοῦ
777 3487 1041 3556 ἀργυρίου
1092 3487 1188 3539 καὶ
1215 3483 1311 3538 τοῦ
1345 3483 1570 3554 χρυσίου
1616 3481 1923 3550 θησαυροὺς

353 3582 450 3635 καὶ
483 3579 595 3632 τῶν
651 3578 827 3634 ἄλλων
874 3577 984 3629 τῶν
1032 3573 1332 3628 πολυειδῶύ
1350 3577 1600 3642 κτήσεων
1620 3573 1722 3640 τὴν
1758 3571 1924 3623 ποσό-

353 3689 495 3742 τητα
521 3669 620 3724 καὶ
645 3668 856 3738 πληθὺν
883 3665 1200 3726 ἀποϐλέπει,
1226 3665 1314 3718 ἵνα
1335 3661 1779 3732 συμπιεζομένην
1803 3662 1924 3712 ἑπι-

359 3761 661 3832 φερόμενος
688 3757 791 3828 τὴν
841 3755 1067 3826 καρδίαν
1104 3757 1228 3816 ταῖς
1272 3755 1552 3815 τοιαύταις
1597 3751 1926 3822 ὲνθυμήσεσι

360 3853 456 3906 καὶ
484 3849 798 3923 μερίμναις,
827 3844 1120 3915 ὲναγιῦνιός
1151 3847 1290 3908 ἐστι,
1321 3847 1419 3898 καὶ
1458 3842 1555 3896 τοῦ
1583 3841 1753 3898 θπνου
1780 3858 1920 3892 παν-

357 3943 527 4006 τελῶς
559 3938 964 4011 ἀπαράδεκτος,
1005 3935 1084 4005 τῷ
1119 3933 1360 4006 πλουσίῳ
1397 3931 1831 4004 παραπλησίως,
1868 3929 1928 3982 ὃν

359 4029 758 4104 χαρακτηρίζει
785 4027 879 4082 καὶ
897 4024 1064 4081 Δαϐὶδ
1091 4027 1120 4079 6
1149 4025 1440 4096 προφήτης
1473 4020 1641 4076 είπών
1673 4037 1686 4052 ·
1716 4039 1736 4072 ι
1777 4019 1932 4073 Ἦδο-

359 4122 618 4194 λέσχησα,
654 4119 746 4172 καὶ
775 4115 1154 4187 ὠλιγοψύχησε
1188 4114 1249 4167 τὸ
1281 4111 1498 4182 πνεῦμά
1543 4127 1668 4182 μου,
1691 4125 1930 4178 προκατο

360 4213 614 4268 ε’άϐοντο
670 4207 916 4279 φύλακας
949 4207 1001 4260 oi
1037 4203 1308 4276 ὀφθαλμοί
1362 4220 1486 4274 μου.
1509 4221 1539 4254 ιι
1573 4203 1682 4255 Καὶ
1719 4199 1882 4259 πάλιν
1914 4219 1927 4232 ο

2021 3041 2491 3103 satianturgciini
2543 3053 2768 3101 sorvus,
2803 3039 2918 3093 sive
2969 3036 3164 3106 raptim
3219 3037 3324 3091 cibi
3385 3036 3586 3106 aliquid

2020 3131 2335 3200 sumpserit,
2371 3130 2484 3185 sive
2525 3131 2850 3198 quandoque
2891 3128 2956 3182 ad
3012 3128 3339 3192 satietatem,
3380 3127 3589 3197 placide

2020 3225 2246 3277 omnino
2275 3223 2530 3285 dormiat,
2561 3223 2760 3290 quippe
2791 3219 2882 3288 qui
2919 3220 3291 3274 sollicitudine
3336 3219 3484 3273 omni
3527 3235 3592 3275 ac

2021 3313 2295 3380 superﬂua
2331 3327 2460 3367 cura
2497 3312 2568 3366 sit
2595 3311 2748 3366 liber.
2799 3309 2988 3376 Neque
3031 3309 3174 3364 enim
3216 3310 3486 3378 repositus
3535 3310 3590 3362 in

2023 3400 2378 3455 conclavibus
2418 3399 2626 3468 argenti
2683 3411 2845 3468 atque
2873 3397 2996 3451 auri
3033 3398 3320 3453 thesauros
3350 3407 3404 3450 ct
3433 3406 3595 3452 caue-

2023 3506 2210 3544 rorum
2243 3491 2379 3544 varii
2437 3489 2652 3558 generis
2681 3488 2950 3542 bonorum
2993 3488 3098 3540 vim
3135 3503 3390 3558 magnam
3421 3495 3475 3542 et
3498 3502 3593 3542 co-

2025 3581 2170 3650 piam
2203 3589 2403 3642 tuetur,
2428 3581 2587 3648 cujus
2615 3577 2692 3632 rei
2725 3592 2890 3631 causa
2921 3578 3171 3630 animum
3210 3587 3362 3647 gerat
3391 3577 3597 3646 cogita-

2025 3671 2269 3726 tionibus
2317 3670 2626 3740 bujusmodi
2659 3677 2825 3738 atque
2873 3668 3026 3723 curis
3055 3683 3378 3736 oppressum
3397 3709 3412 3733 ,
3441 3678 3496 3744 et
3525 3659 3596 3724 ob

2028 3760 2430 3815 contentionem
2486 3774 2739 3813 somnum
2791 3771 2992 3826 capere
3038 3756 3246 3810 nullum
3283 3757 3478 3826 possit,
3513 3758 3597 3810 di-

2028 3851 2122 3906 viti
2159 3851 2236 3904 illi
2257 3849 2474 3914 similis,
2513 3863 2674 3918 quem
2722 3857 2777 3902 et
2813 3849 2979 3902 David
3015 3847 3278 3917 propheta
3317 3847 3595 3914 describit,

2029 3944 2122 4000 ubi
2153 3942 2262 3998 ait:
2292 3961 2310 3993 ι
2341 3941 2680 3996 Exercitatus
2706 3955 2852 4003 sum,
2871 3948 2925 3993 et
2941 3939 3139 3994 deiecit
3160 3939 3386 4010 spiritus
3410 3953 3596 3994 meus:

2029 4035 2462 4104 anticipaveruut
2522 4031 2732 4102 vigilias
2793 4030 2938 4084 oculi
2993 4031 3080 4084 nei
3107 4031 3175 4084 η.
3213 4049 3232 4081 ι
3267 4031 3324 4084 Et
3354 4031 3594 4084 itcrum:

2037 4147 2056 4179 ι
2092 4127 2262 4182 Nocte
2291 4139 2414 4180 cum
2439 4122 2602 4178 corde
2627 4136 2750 4176 meo
2785 4121 3100 4184 exercebar,
3124 4131 3179 4176 et
3198 4119 3470 4176 fodiebant
3489 4121 3600 4189 spi-

2037 4219 2200 4274 ritum
2228 4231 2408 4272 meum
2434 4217 2476 4248 ¹⁹
2493 4213 2698 4280 ςιοιιτὶε
2725 4213 3128 4283 circumseptus
3159 4227 3339 4266 rerum
3357 4215 3596 4281 omnige-

369 4323 387 4357 ι
427 4303 642 4366 Νυκτὸς
677 4301 818 4372 μετά
869 4298 972 4370 τῆς
1000 4297 1225 4370 καρδίας
1287 4313 1389 4367 μου
1441 4281 1808 4366 ὴδολέσχουν’,
1841 4292 1916 4346 καὶ

2038 4327 2256 4375 narum,
2297 4323 2436 4378 quas
2489 4321 2687 4377 magna
2715 4305 2981 4359 varietate
3005 4305 3279 4374 sepositas
3315 4303 3600 4358 habebam.

363 4395 618 4450 εσκαλλον
653 4393 716 4446 τδ
741 4392 961 4462 πνεῦμά
992 4386 1118 4461 μου,
1164 4408 1184 4440 ι
1218 4390 1338 4451 ταῖς
1389 4387 1518 4457 περὶ
1569 4386 1674 4438 τῶν
1704 4387 1930 4439 ἀποκει-

368 4485 543 4558 μένων
569 4481 927 4541 παντοδαπῶν
949 4481 1044 4534 καὶ
1076 4479 1339 4534 ποικίλων
1365 4477 1520 4530 εἰδῶν
1561 4475 1810 4547 φροντίσι
1841 4491 1936 4528 πει

369 4577 833 4650 ριστοιχούμενος.
867 4571 1041 4626 Τοῦτο
1073 4571 1182 4643 γὰρ
1225 4571 1467 4640 ὲσήμανε
1523 4569 1618 4622 καὶ
1651 4566 1746 4620 νῦν
1783 4567 1810 4619 6
1845 4583 1932 4618 σο-

369 4670 468 4742 φδς
503 4663 940 4738 Ἐκκλησιαστὴς
981 4663 1240 4718 είπώνοιι
1278 4662 1388 4714 Καὶ
1437 4659 1515 4730 τῷ
1563 4657 1936 4730 ἐμπλησθέντι

367 4761 463 4816 τοῦ
483 4760 788 4831 πλουτῆσαι
809 4756 910 4810 οὐκ
929 4754 1044 4810 ἐστι
1068 4755 1096 4806 ὁ
1116 4752 1291 4822 ἀερίων
1308 4751 1471 4806 αὐτὸν
1494 4749 1588 4804 τοῦ
1614 4748 1882 4804 ὑπνῶσαικ
1913 4767 1932 4801 ι

2035 4391 2156 4457 Hoc
2170 4405 2314 4456 enim
2350 4397 2671 4468 signiﬁcavit
2701 4412 2844 4452 nunc
2873 4397 3038 4451 etiam
3077 4395 3294 4464 sapiens
3333 4393 3606 4450 Ecciesia-

2031 4505 2146 4551 stes
2192 4494 2298 4550 illis
2327 4491 2541 4548 verbis:
2571 4509 2590 4542 ι
2633 4489 2698 4544 Et
2730 4490 2803 4553 ei,
2857 4488 2950 4558 qui
2999 4494 3278 4542 saturatas
3306 4491 3418 4542 'est
3460 4486 3604 4538 dite-

2037 4586 2262 4651 sceudo,
2314 4599 2421 4639 non
2451 4592 2536 4640 est
2565 4589 2656 4653 qui
2690 4583 2836 4639 sinat
2867 4583 3045 4650 ipsum
3078 4579 3335 4634 dormire.
3367 4595 3386 4628 ι
3425 4576 3606 4630 Animi

2038 4691 2274 4748 namque
2300 4675 2737 4736 exercitationes,
2774 4671 3285 4728 eLmeditationum
3334 4685 3480 4724 cura:
3509 4669 3610 4722 mi-

2040 4770 2185 4822 niuie
2251 4767 2572 4836 patiuntur,
2639 4772 2700 4818 ιιι
2750 4777 2985 4826 somno,
3047 4769 3308 4830 quantum
3363 4765 3612 4826 oporteat

381 4852 446 4904 Ἦ
475 4851 582 4921 γὰρ
608 4849 710 4918 τῆς
735 4846 960 4918 καρδίας
985 4842 1274 4912 ἀδολεσχία
1300 4841 1398 4894 καὶ
1429 4839 1538 4892 τῶν
1569 4837 1916 4908 διαλογισμῶε

2037 4869 2091 4914 et
2143 4859 2308 4924 velit,
2367 4855 2667 4926 indugeat.
2737 4850 2916 4919 Quare
2998 4851 3297 4906 deteriores
3352 4847 3414 4924 lii
3462 4859 3611 4912 sunt,

371 4945 429 4998 ai
455 4939 737 5013 φροντίδες
761 4939 821 4992 ού
879 4933 1256 5008 συγχωροῦσιν
1285 4932 1452 4986 αὐτὸν
1484 4929 1770 4984 καθεύδειν
1803 4927 1946 5000 μετά

371 5035 470 5104 τῆς
497 5029 818 5102 πρεπούσης
855 5025 1187 5097 ἐλευθερίας.
1219 5024 1384 5076 Ὥστε
1427 5021 1633 5092 μᾶλλον
1676 5020 1785 5074 τῶν
1833 5019 1948 5072 δού-

373 5122 480 5179 λων
503 5123 556 5178 oi.
577 5118 809 5174 τοιοῦτοι
850 5116 1174 5190 θητεύοντες
1203 5113 1465 5188 εὕρηνται
1505 5115 1600 5166 καὶ
1625 5109 1839 5184 χείρους
1865 5108 1950 5162 ὃν·

373 5230 472 5276 τες
490 5213 736 5266 ἐκείνων.

446 5366 696 5424 "Matth.
726 5381 800 5432 vi,
823 5365 913 5420 2i.
947 5363 990 5397 ⁸⁸
1028 5361 1170 5418 Psal.
1207 5375 1395 5424 Lxxvi,
1430 5359 1482 5412 5.
1562 5358 1604 5390 “
1635 5356 1769 5412 ibid.
1810 5355 1863 5410 Ἰ.

471 5477 563 5548 25)
591 5475 806 5548 Qlymp.
839 5475 869 5531 6
898 5473 1095 5548 {inpiati
1130 5470 1506 5548 sedbmﬁcgt
1539 5469 1726 5548 αύτέν.

471 5481 563 5548 25)
591 5481 806 5548 Olymp.
839 5481 869 5531 ο
898 5481 1082 5544 ἀφιεὶς
1130 5481 1228 5526 του
1261 5481 1506 5526 ὑπνωσαι
1539 5481 1726 5522 αυτον.

448 5481 558 5618 ίίξθ)
603 5545 784 5618 Utitur
815 5545 1002 5618 eodem
1056 5542 1572 5618 Ecclesiasttedicto
1621 5541 1942 5618 Cbrysostof

382 5610 651 5684 mus,'sed
669 5615 736 5670 ad
765 5614 1114 5668 sobrietatem
1141 5610 1648 5684 commendandam,
1676 5619 1839 5684 atque
1877 5614 1940 5661 ut

383 5677 580 5750 divites
613 5685 786 5742 servis
835 5685 1148 5739 miseriores
1179 5682 1448 5748 ostendat,
1473 5678 1674 5752 quibus
1699 5677 1927 5742 scilicet.

2041 4966 2204 5021 quam
2235 4948 2378 5004 servi
2431 4947 2554 5018 ipsi,
2579 4953 2634 5004 et
2685 4943 3001 5002 servitutem
3049 4943 3298 5000 serviunt
3357 4937 3614 4996 miserio-

2043 5057 2161 5096 rem
2193 5039 2328 5110 (26).

2041 5463 2170 5535 quia
2200 5459 2436 5535 modum_
2453 5459 2510 5512 in
2561 5454 2870 5535 rebusnon
2909 5457 3148 5535 servant,
3167 5444 3619 5535 βμετ-ἐπιρρέῃ)

2187 5512 2476 5587 aliide—idea
2499 5526 2630 5596 nulli
2669 5524 3068 5596 oblectamento
3095 5512 3244 5596 sunt.
3275 5513 3451 5596 étén‘ti
3480 5512 3612 5580 γὰρ,

2470 5598 2498 5650 6
2514 5593 2784 5672 .2101quwa
2795 5593 2906 5672 ,τὸν
2947 5589 2976 5641 ὓ
2987 5605 3124 5672 πνονι
3137 5582 3618 5672 e061-

2299 5651 2442 5740 ’ἡδύν
2465 5683 2480 5733 ;
2511 5660 2619 5736 ἆρα
2645 5651 2729 5717 δίἀ
2757 5661 2854 5733 τὴν
2883 5657 3172 5730 στρωμνὴν
3198 5653 3296 5725 τὴν
3325 5651 3541 5720 ἁπαλήν
3567 5666 3584 5714 ;
