  <div class='ocr_page' id='page_1' title='image "/cluster/home/n/w/nwhite01/storage/ocr_20150623/98/mdp.39015005675650/494.png"; bbox 0 0 4076 6310; ppageno 0'>
   <div class='ocr_carea' id='block_1_1' title="bbox 222 273 365 338">
    <p class='ocr_par' dir='ltr' id='par_1_1' title="bbox 222 273 365 338">
     <span class='ocr_line' id='line_1_1' title="bbox 222 273 365 338; baseline -0.021 1"><span class='ocrx_word' id='word_1_1' title='bbox 222 273 365 338; x_wconf 79' lang='lat'><strong>951</strong></span> 
     </span>
    </p>
   </div>
   <div class='ocr_carea' id='block_1_2' title="bbox 1323 248 2416 342">
    <p class='ocr_par' dir='ltr' id='par_1_2' title="bbox 1323 248 2416 342">
     <span class='ocr_line' id='line_1_2' title="bbox 1323 248 2416 342; baseline 0.002 -2"><span class='ocrx_word' id='word_1_2' title='bbox 1323 280 1403 341; x_wconf 87' lang='lat' dir='ltr'><strong>IN</strong></span> <span class='ocrx_word' id='word_1_3' title='bbox 1437 279 2022 342; x_wconf 83' lang='lat' dir='ltr'><strong>ECCLESIASTEN.</strong></span> <span class='ocrx_word' id='word_1_4' title='bbox 2061 305 2132 316; x_wconf 91' lang='lat'><strong>—</strong></span> <span class='ocrx_word' id='word_1_5' title='bbox 2165 248 2314 342; x_wconf 71' lang='lat' dir='ltr'><strong>me.</strong></span> <span class='ocrx_word' id='word_1_6' title='bbox 2348 283 2416 342; x_wconf 93' lang='lat' dir='ltr'><strong>v.</strong></span> 
     </span>
    </p>
   </div>
   <div class='ocr_carea' id='block_1_3' title="bbox 3401 269 3510 334">
    <p class='ocr_par' dir='ltr' id='par_1_3' title="bbox 3401 269 3510 334">
     <span class='ocr_line' id='line_1_3' title="bbox 3401 269 3510 334; baseline 0 0"><span class='ocrx_word' id='word_1_7' title='bbox 3401 269 3510 334; x_wconf 76' lang='lat'><strong>958</strong></span> 
     </span>
    </p>
   </div>
   <div class='ocr_carea' id='block_1_4' title="bbox 229 379 1868 458">
    <p class='ocr_par' dir='ltr' id='par_1_4' title="bbox 229 382 1868 455">
     <span class='ocr_line' id='line_1_4' title="bbox 229 382 1868 455; baseline 0.004 -15"><span class='ocrx_word' id='word_1_8' title='bbox 229 401 418 452; x_wconf 76' lang='grc' dir='ltr'>νετο,</span> <span class='ocrx_word' id='word_1_9' title='bbox 452 382 640 450; x_wconf 79' lang='grc' dir='ltr'>οὕτως</span> <span class='ocrx_word' id='word_1_10' title='bbox 669 385 764 437; x_wconf 77' lang='grc' dir='ltr'><strong>καί</strong></span> <span class='ocrx_word' id='word_1_11' title='bbox 791 385 1249 452; x_wconf 72' lang='grc' dir='ltr'>παρελεύσεται.</span> <span class='ocrx_word' id='word_1_12' title='bbox 1279 388 1388 441; x_wconf 74' lang='grc' dir='ltr'><strong>Καὶ</strong></span> <span class='ocrx_word' id='word_1_13' title='bbox 1428 389 1518 454; x_wconf 81' lang='grc' dir='ltr'><strong>τίς</strong></span> <span class='ocrx_word' id='word_1_14' title='bbox 1562 389 1602 455; x_wconf 78' lang='grc' dir='ltr'><strong><em>ἠ</em></strong></span> <span class='ocrx_word' id='word_1_15' title='bbox 1636 399 1868 455; x_wconf 78' lang='grc' dir='ltr'>περισ-.</span> 
     </span>
    </p>
   </div>
   <div class='ocr_carea' id='block_1_5' title="bbox 1969 379 3514 458">
    <p class='ocr_par' dir='ltr' id='par_1_5' title="bbox 1969 379 3514 458">
     <span class='ocr_line' id='line_1_5' title="bbox 1969 379 3514 458; baseline -0.003 -20"><span class='ocrx_word' id='word_1_16' title='bbox 1969 404 2028 441; x_wconf 72' lang='lat' dir='ltr'><strong>res</strong></span> <span class='ocrx_word' id='word_1_17' title='bbox 2050 388 2158 442; x_wconf 77' lang='lat' dir='ltr'><strong>dies</strong></span> <span class='ocrx_word' id='word_1_18' title='bbox 2183 388 2297 458; x_wconf 74' lang='lat' dir='ltr'><strong>ejus</strong></span> <span class='ocrx_word' id='word_1_19' title='bbox 2321 391 2376 442; x_wconf 80' lang='lat' dir='ltr'><strong>in</strong></span> <span class='ocrx_word' id='word_1_20' title='bbox 2401 388 2626 443; x_wconf 74' lang='lat' dir='ltr'><strong>tenebris</strong></span> <span class='ocrx_word' id='word_1_21' title='bbox 2646 397 2695 443; x_wconf 79' lang='lat' dir='ltr'><strong>et</strong></span> <span class='ocrx_word' id='word_1_22' title='bbox 2726 389 2782 442; x_wconf 79' lang='lat' dir='ltr'><strong>in</strong></span> <span class='ocrx_word' id='word_1_23' title='bbox 2801 387 2946 442; x_wconf 81' lang='lat' dir='ltr'><strong>luctu</strong></span> <span class='ocrx_word' id='word_1_24' title='bbox 2966 393 3015 440; x_wconf 80' lang='lat' dir='ltr'><strong>et</strong></span> <span class='ocrx_word' id='word_1_25' title='bbox 3037 379 3316 436; x_wconf 73' lang='lat' dir='ltr'><strong>iracundia</strong></span> <span class='ocrx_word' id='word_1_26' title='bbox 3342 380 3514 434; x_wconf 79' lang='lat' dir='ltr'><strong>multa</strong></span> 
     </span>
    </p>
   </div>
   <div class='ocr_carea' id='block_1_6' title="bbox 162 471 1844 551">
    <p class='ocr_par' dir='ltr' id='par_1_6' title="bbox 162 471 1844 551">
     <span class='ocr_line' id='line_1_6' title="bbox 162 471 1844 551; baseline -0.002 -15"><span class='ocrx_word' id='word_1_27' title='bbox 162 539 166 542; x_wconf 31' lang='grc' dir='ltr'><strong>η</strong></span> <span class='ocrx_word' id='word_1_28' title='bbox 229 479 400 537; x_wconf 68' lang='lat' dir='ltr'><strong>asia</strong></span> <span class='ocrx_word' id='word_1_29' title='bbox 424 477 631 542; x_wconf 83' lang='grc' dir='ltr'>αὐτοῦ,</span> <span class='ocrx_word' id='word_1_30' title='bbox 659 471 699 548; x_wconf 80' lang='grc' dir='ltr'><em>ᾗ</em></span> <span class='ocrx_word' id='word_1_31' title='bbox 732 478 950 546; x_wconf 81' lang='grc' dir='ltr'>μοχθεῖ</span> <span class='ocrx_word' id='word_1_32' title='bbox 985 481 1074 544; x_wconf 78' lang='grc' dir='ltr'>εἰς</span> <span class='ocrx_word' id='word_1_33' title='bbox 1115 479 1509 550; x_wconf 76' lang='grc' dir='ltr'>ἄνεμον;“καί</span> <span class='ocrx_word' id='word_1_34' title='bbox 1545 497 1612 551; x_wconf 75' lang='grc' dir='ltr'><strong>γε</strong></span> <span class='ocrx_word' id='word_1_35' title='bbox 1647 478 1844 536; x_wconf 77' lang='grc' dir='ltr'>πᾶσαι</span> 
     </span>
    </p>
   </div>
   <div class='ocr_carea' id='block_1_7' title="bbox 231 570 1843 641">
    <p class='ocr_par' dir='ltr' id='par_1_7' title="bbox 231 570 1843 641">
     <span class='ocr_line' id='line_1_7' title="bbox 231 570 1843 641; baseline -0.003 -13"><span class='ocrx_word' id='word_1_36' title='bbox 231 575 312 631; x_wconf 75' lang='lat' dir='ltr'><strong><em>al</em></strong></span> <span class='ocrx_word' id='word_1_37' title='bbox 363 571 575 641; x_wconf 71' lang='grc' dir='ltr'>ἡμέραι</span> <span class='ocrx_word' id='word_1_38' title='bbox 607 570 796 625; x_wconf 78' lang='grc' dir='ltr'>αὑτοῦ</span> <span class='ocrx_word' id='word_1_39' title='bbox 823 571 893 624; x_wconf 74' lang='grc' dir='ltr'><strong>ἐν</strong></span> <span class='ocrx_word' id='word_1_40' title='bbox 933 572 1142 626; x_wconf 84' lang='grc' dir='ltr'>σκότει</span> <span class='ocrx_word' id='word_1_41' title='bbox 1169 573 1266 626; x_wconf 77' lang='grc' dir='ltr'><strong>καί</strong></span> <span class='ocrx_word' id='word_1_42' title='bbox 1305 572 1376 627; x_wconf 79' lang='grc' dir='ltr'><strong>ἐν</strong></span> <span class='ocrx_word' id='word_1_43' title='bbox 1411 573 1614 626; x_wconf 73' lang='grc' dir='ltr'>πένθει</span> <span class='ocrx_word' id='word_1_44' title='bbox 1647 571 1744 624; x_wconf 80' lang='grc' dir='ltr'><strong>καί</strong></span> <span class='ocrx_word' id='word_1_45' title='bbox 1772 570 1843 624; x_wconf 72' lang='grc' dir='ltr'><strong>ἐν</strong></span> 
     </span>
    </p>
   </div>
   <div class='ocr_carea' id='block_1_8' title="bbox 235 659 1512 734">
    <p class='ocr_par' dir='ltr' id='par_1_8' title="bbox 235 659 1512 734">
     <span class='ocr_line' id='line_1_8' title="bbox 235 659 1512 734; baseline -0.001 -16"><span class='ocrx_word' id='word_1_46' title='bbox 235 661 428 734; x_wconf 80' lang='grc' dir='ltr'>θυμῷ</span> <span class='ocrx_word' id='word_1_47' title='bbox 459 659 670 726; x_wconf 71' lang='grc' dir='ltr'>πολλῷ</span> <span class='ocrx_word' id='word_1_48' title='bbox 701 661 801 716; x_wconf 77' lang='grc' dir='ltr'><strong>καί</strong></span> <span class='ocrx_word' id='word_1_49' title='bbox 843 661 1146 730; x_wconf 78' lang='grc' dir='ltr'>ἀρῤωστίᾳ</span> <span class='ocrx_word' id='word_1_50' title='bbox 1178 663 1278 716; x_wconf 82' lang='grc' dir='ltr'><strong>καί</strong></span> <span class='ocrx_word' id='word_1_51' title='bbox 1327 667 1512 732; x_wconf 75' lang='grc' dir='ltr'>χόλῳ.</span> 
     </span>
    </p>
   </div>
   <div class='ocr_carea' id='block_1_9' title="bbox 326 743 1840 825">
    <p class='ocr_par' dir='ltr' id='par_1_9' title="bbox 326 743 1840 825">
     <span class='ocr_line' id='line_1_9' title="bbox 326 743 1840 825; baseline -0.003 -16"><span class='ocrx_word' id='word_1_52' title='bbox 326 755 445 825; x_wconf 80' lang='grc' dir='ltr'>Τὴν</span> <span class='ocrx_word' id='word_1_53' title='bbox 493 752 844 824; x_wconf 82' lang='grc' dir='ltr'><strong>ἀνθρωπίνην</strong></span> <span class='ocrx_word' id='word_1_54' title='bbox 886 754 1316 824; x_wconf 76' lang='grc' dir='ltr'><strong>παραφροσύνην</strong></span> <span class='ocrx_word' id='word_1_55' title='bbox 1363 755 1456 808; x_wconf 77' lang='grc' dir='ltr'>καὶ</span> <span class='ocrx_word' id='word_1_56' title='bbox 1497 743 1840 817; x_wconf 86' lang='grc' dir='ltr'>δυσϐουλίαν,</span> 
     </span>
    </p>
   </div>
   <div class='ocr_carea' id='block_1_10' title="bbox 236 838 1846 916">
    <p class='ocr_par' dir='ltr' id='par_1_10' title="bbox 236 838 1846 916">
     <span class='ocr_line' id='line_1_10' title="bbox 236 838 1846 916; baseline 0.001 -22"><span class='ocrx_word' id='word_1_57' title='bbox 236 841 322 898; x_wconf 83' lang='grc' dir='ltr'><strong>δι’</strong></span> <span class='ocrx_word' id='word_1_58' title='bbox 367 838 434 914; x_wconf 79' lang='grc' dir='ltr'>ἦς</span> <span class='ocrx_word' id='word_1_59' title='bbox 463 843 515 895; x_wconf 81' lang='grc' dir='ltr'>οἱ</span> <span class='ocrx_word' id='word_1_60' title='bbox 549 843 772 908; x_wconf 89' lang='grc' dir='ltr'>πλείους</span> <span class='ocrx_word' id='word_1_61' title='bbox 803 845 937 916; x_wconf 84' lang='grc' dir='ltr'>πρὸς</span> <span class='ocrx_word' id='word_1_62' title='bbox 967 843 1002 898; x_wconf 75' lang='grc' dir='ltr'><strong>ἃ</strong></span> <span class='ocrx_word' id='word_1_63' title='bbox 1033 843 1108 915; x_wconf 78' lang='grc' dir='ltr'>μὴ</span> <span class='ocrx_word' id='word_1_64' title='bbox 1144 843 1306 914; x_wconf 80' lang='grc' dir='ltr'><strong>θέμις</strong></span> <span class='ocrx_word' id='word_1_65' title='bbox 1337 845 1716 913; x_wconf 77' lang='grc' dir='ltr'><strong>ἐκτρέπονται,</strong></span> <span class='ocrx_word' id='word_1_66' title='bbox 1749 841 1846 896; x_wconf 61' lang='grc' dir='ltr'><strong>καὶ¹</strong></span> 
     </span>
    </p>
   </div>
   <div class='ocr_carea' id='block_1_11' title="bbox 245 922 1848 1008">
    <p class='ocr_par' dir='ltr' id='par_1_11' title="bbox 245 922 1848 1008">
     <span class='ocr_line' id='line_1_11' title="bbox 245 922 1848 1008; baseline -0.001 -21"><span class='ocrx_word' id='word_1_67' title='bbox 245 935 504 1006; x_wconf 82' lang='grc' dir='ltr'><strong>μόχθους</strong></span> <span class='ocrx_word' id='word_1_68' title='bbox 558 935 866 1008; x_wconf 79' lang='grc' dir='ltr'>μοχθηροὺς</span> <span class='ocrx_word' id='word_1_69' title='bbox 913 937 1284 1006; x_wconf 80' lang='grc' dir='ltr'><strong>ἀναδέχονται,</strong></span> <span class='ocrx_word' id='word_1_70' title='bbox 1337 935 1435 988; x_wconf 81' lang='grc' dir='ltr'>καὶ</span> <span class='ocrx_word' id='word_1_71' title='bbox 1468 922 1672 995; x_wconf 83' lang='grc' dir='ltr'>κόπους</span> <span class='ocrx_word' id='word_1_72' title='bbox 1717 935 1848 986; x_wconf 83' lang='grc' dir='ltr'>ἀνα-</span> 
     </span>
    </p>
   </div>
   <div class='ocr_carea' id='block_1_12' title="bbox 238 1025 1846 1097">
    <p class='ocr_par' dir='ltr' id='par_1_12' title="bbox 238 1025 1846 1097">
     <span class='ocr_line' id='line_1_12' title="bbox 238 1025 1846 1097; baseline 0 -19"><span class='ocrx_word' id='word_1_73' title='bbox 238 1027 436 1080; x_wconf 83' lang='grc' dir='ltr'>τλῶσι</span> <span class='ocrx_word' id='word_1_74' title='bbox 470 1027 752 1090; x_wconf 81' lang='grc' dir='ltr'><strong>παντελῶς</strong></span> <span class='ocrx_word' id='word_1_75' title='bbox 781 1029 1095 1096; x_wconf 79' lang='grc' dir='ltr'>ἀνονήτους,</span> <span class='ocrx_word' id='word_1_76' title='bbox 1127 1026 1220 1080; x_wconf 86' lang='grc' dir='ltr'>καὶ</span> <span class='ocrx_word' id='word_1_77' title='bbox 1265 1025 1632 1097; x_wconf 86' lang='grc' dir='ltr'>τληπαθοῦσιν</span> <span class='ocrx_word' id='word_1_78' title='bbox 1665 1025 1846 1091; x_wconf 74' lang='grc' dir='ltr'>ἀσυμο</span> 
     </span>
    </p>
   </div>
   <div class='ocr_carea' id='block_1_13' title="bbox 244 1114 1846 1188">
    <p class='ocr_par' dir='ltr' id='par_1_13' title="bbox 244 1114 1846 1188">
     <span class='ocr_line' id='line_1_13' title="bbox 244 1114 1846 1188; baseline -0.002 -20"><span class='ocrx_word' id='word_1_79' title='bbox 244 1117 452 1188; x_wconf 79' lang='grc' dir='ltr'>φόρως</span> <span class='ocrx_word' id='word_1_80' title='bbox 501 1119 594 1170; x_wconf 80' lang='grc' dir='ltr'><strong>καὶ</strong></span> <span class='ocrx_word' id='word_1_81' title='bbox 637 1117 908 1188; x_wconf 74' lang='grc' dir='ltr'>περιττῶς</span> <span class='ocrx_word' id='word_1_82' title='bbox 957 1116 1092 1186; x_wconf 80' lang='grc' dir='ltr'>πρὸς</span> <span class='ocrx_word' id='word_1_83' title='bbox 1146 1115 1401 1185; x_wconf 80' lang='grc' dir='ltr'>οὐδεμίαν</span> <span class='ocrx_word' id='word_1_84' title='bbox 1446 1114 1846 1177; x_wconf 80' lang='grc' dir='ltr'>ἀποϐλέποντες</span> 
     </span>
    </p>
   </div>
   <div class='ocr_carea' id='block_1_14' title="bbox 242 1206 1847 1281">
    <p class='ocr_par' dir='ltr' id='par_1_14' title="bbox 242 1206 1847 1281">
     <span class='ocr_line' id='line_1_14' title="bbox 242 1206 1847 1281; baseline -0.001 -21"><span class='ocrx_word' id='word_1_85' title='bbox 242 1209 629 1274; x_wconf 77' lang='grc' dir='ltr'>λυσιτέλειαν,</span> <span class='ocrx_word' id='word_1_86' title='bbox 663 1209 981 1281; x_wconf 75' lang='grc' dir='ltr'>ἀρρωστίαν</span> <span class='ocrx_word' id='word_1_87' title='bbox 1028 1207 1149 1278; x_wconf 75' lang='grc' dir='ltr'>ἦτοι</span> <span class='ocrx_word' id='word_1_88' title='bbox 1181 1209 1336 1260; x_wconf 85' lang='grc' dir='ltr'>νόσον</span> <span class='ocrx_word' id='word_1_89' title='bbox 1365 1207 1543 1278; x_wconf 78' lang='grc' dir='ltr'>ψυχῆς</span> <span class='ocrx_word' id='word_1_90' title='bbox 1577 1206 1847 1278; x_wconf 86' lang='grc' dir='ltr'>προσαγό-</span> 
     </span>
    </p>
   </div>
   <div class='ocr_carea' id='block_1_15' title="bbox 245 1295 1850 1370">
    <p class='ocr_par' dir='ltr' id='par_1_15' title="bbox 245 1295 1850 1370">
     <span class='ocr_line' id='line_1_15' title="bbox 245 1295 1850 1370; baseline -0.002 -19"><span class='ocrx_word' id='word_1_91' title='bbox 245 1315 487 1370; x_wconf 74' lang='grc' dir='ltr'>ρευσεν.</span> <span class='ocrx_word' id='word_1_92' title='bbox 527 1298 740 1368; x_wconf 82' lang='grc' dir='ltr'>Ὥσπερ</span> <span class='ocrx_word' id='word_1_93' title='bbox 787 1297 898 1366; x_wconf 84' lang='grc' dir='ltr'>γὰρ</span> <span class='ocrx_word' id='word_1_94' title='bbox 939 1297 1002 1350; x_wconf 87' lang='grc' dir='ltr'>τὸ</span> <span class='ocrx_word' id='word_1_95' title='bbox 1049 1297 1213 1368; x_wconf 79' lang='grc' dir='ltr'>σῶμα</span> <span class='ocrx_word' id='word_1_96' title='bbox 1259 1296 1318 1350; x_wconf 74' lang='grc' dir='ltr'>τὸ</span> <span class='ocrx_word' id='word_1_97' title='bbox 1351 1296 1695 1368; x_wconf 81' lang='grc' dir='ltr'>ἀνθρώπινον</span> <span class='ocrx_word' id='word_1_98' title='bbox 1742 1295 1850 1349; x_wconf 83' lang='grc' dir='ltr'>ἀπό</span> 
     </span>
    </p>
   </div>
   <div class='ocr_carea' id='block_1_16' title="bbox 241 1386 1851 1460">
    <p class='ocr_par' dir='ltr' id='par_1_16' title="bbox 241 1386 1851 1460">
     <span class='ocr_line' id='line_1_16' title="bbox 241 1386 1851 1460; baseline -0.002 -18"><span class='ocrx_word' id='word_1_99' title='bbox 241 1407 414 1453; x_wconf 83' lang='grc' dir='ltr'>τινος</span> <span class='ocrx_word' id='word_1_100' title='bbox 435 1389 744 1460; x_wconf 81' lang='grc' dir='ltr'>ὑπερϐολῆς</span> <span class='ocrx_word' id='word_1_101' title='bbox 773 1388 806 1460; x_wconf 82' lang='grc' dir='ltr'>ἢ</span> <span class='ocrx_word' id='word_1_102' title='bbox 841 1387 1130 1456; x_wconf 76' lang='grc' dir='ltr'>ἐλλείψεως</span> <span class='ocrx_word' id='word_1_103' title='bbox 1161 1388 1270 1442; x_wconf 89' lang='grc' dir='ltr'><strong>τῶν</strong></span> <span class='ocrx_word' id='word_1_104' title='bbox 1297 1388 1674 1444; x_wconf 83' lang='grc' dir='ltr'>συνιστώντων</span> <span class='ocrx_word' id='word_1_105' title='bbox 1699 1386 1851 1456; x_wconf 80' lang='grc' dir='ltr'>αὐτῷ</span> 
     </span>
    </p>
   </div>
   <div class='ocr_carea' id='block_1_17' title="bbox 246 1479 1851 1552">
    <p class='ocr_par' dir='ltr' id='par_1_17' title="bbox 246 1479 1851 1552">
     <span class='ocr_line' id='line_1_17' title="bbox 246 1479 1851 1552; baseline -0.001 -18"><span class='ocrx_word' id='word_1_106' title='bbox 246 1481 464 1552; x_wconf 82' lang='grc' dir='ltr'>χυμῶν</span> <span class='ocrx_word' id='word_1_107' title='bbox 494 1480 750 1551; x_wconf 79' lang='grc' dir='ltr'>χαλεποῖς</span> <span class='ocrx_word' id='word_1_108' title='bbox 783 1479 1109 1552; x_wconf 81' lang='grc' dir='ltr'><strong>περιπίπτει</strong></span> <span class='ocrx_word' id='word_1_109' title='bbox 1133 1481 1432 1550; x_wconf 82' lang='grc' dir='ltr'>νοσήμασι,</span> <span class='ocrx_word' id='word_1_110' title='bbox 1455 1479 1551 1532; x_wconf 74' lang='grc' dir='ltr'>καὶ</span> <span class='ocrx_word' id='word_1_111' title='bbox 1577 1479 1666 1532; x_wconf 79' lang='grc' dir='ltr'>διὰ</span> <span class='ocrx_word' id='word_1_112' title='bbox 1693 1479 1851 1532; x_wconf 88' lang='grc' dir='ltr'>τοῦτο</span> 
     </span>
    </p>
   </div>
   <div class='ocr_carea' id='block_1_18' title="bbox 245 1571 1852 1645">
    <p class='ocr_par' dir='ltr' id='par_1_18' title="bbox 245 1571 1852 1645">
     <span class='ocr_line' id='line_1_18' title="bbox 245 1571 1852 1645; baseline -0.003 -17"><span class='ocrx_word' id='word_1_113' title='bbox 245 1575 536 1645; x_wconf 85' lang='grc' dir='ltr'>κέχρηται</span> <span class='ocrx_word' id='word_1_114' title='bbox 580 1575 882 1644; x_wconf 86' lang='grc' dir='ltr'>τηνικαῦτα</span> <span class='ocrx_word' id='word_1_115' title='bbox 911 1573 1005 1626; x_wconf 78' lang='grc' dir='ltr'><strong>καὶ</strong></span> <span class='ocrx_word' id='word_1_116' title='bbox 1035 1575 1263 1644; x_wconf 76' lang='grc' dir='ltr'>τροφαῖς</span> <span class='ocrx_word' id='word_1_117' title='bbox 1296 1571 1690 1641; x_wconf 74' lang='grc' dir='ltr'>ἀκαταλλήλως</span> <span class='ocrx_word' id='word_1_118' title='bbox 1710 1589 1723 1602; x_wconf 90' lang='grc'><strong>·</strong></span> <span class='ocrx_word' id='word_1_119' title='bbox 1756 1571 1852 1624; x_wconf 77' lang='grc' dir='ltr'><strong>άτε</strong></span> 
     </span>
    </p>
   </div>
   <div class='ocr_carea' id='block_1_19' title="bbox 245 1663 1850 1738">
    <p class='ocr_par' dir='ltr' id='par_1_19' title="bbox 245 1663 1850 1738">
     <span class='ocr_line' id='line_1_19' title="bbox 245 1663 1850 1738; baseline -0.003 -18"><span class='ocrx_word' id='word_1_120' title='bbox 245 1667 322 1735; x_wconf 81' lang='grc' dir='ltr'>δὴ</span> <span class='ocrx_word' id='word_1_121' title='bbox 390 1666 492 1730; x_wconf 86' lang='grc' dir='ltr'>τὰς</span> <span class='ocrx_word' id='word_1_122' title='bbox 542 1666 796 1738; x_wconf 80' lang='grc' dir='ltr'><strong>συνήθεις</strong></span> <span class='ocrx_word' id='word_1_123' title='bbox 848 1665 942 1720; x_wconf 79' lang='grc' dir='ltr'>καὶ</span> <span class='ocrx_word' id='word_1_124' title='bbox 995 1665 1298 1728; x_wconf 83' lang='grc' dir='ltr'>λυσιτελεῖς</span> <span class='ocrx_word' id='word_1_125' title='bbox 1349 1665 1560 1736; x_wconf 82' lang='grc' dir='ltr'>τροφάς</span> <span class='ocrx_word' id='word_1_126' title='bbox 1607 1663 1698 1719; x_wconf 82' lang='grc' dir='ltr'><strong>διὰ</strong></span> <span class='ocrx_word' id='word_1_127' title='bbox 1751 1665 1850 1734; x_wconf 86' lang='grc' dir='ltr'>τὴν</span> 
     </span>
    </p>
   </div>
   <div class='ocr_carea' id='block_1_20' title="bbox 250 1756 1849 1829">
    <p class='ocr_par' dir='ltr' id='par_1_20' title="bbox 250 1756 1849 1829">
     <span class='ocr_line' id='line_1_20' title="bbox 250 1756 1849 1829; baseline -0.003 -18"><span class='ocrx_word' id='word_1_128' title='bbox 250 1757 580 1829; x_wconf 80' lang='grc' dir='ltr'>μεταϐολὴν</span> <span class='ocrx_word' id='word_1_129' title='bbox 611 1757 714 1827; x_wconf 77' lang='grc' dir='ltr'>τῆς</span> <span class='ocrx_word' id='word_1_130' title='bbox 766 1757 1006 1828; x_wconf 79' lang='grc' dir='ltr'>φυσικῆς</span> <span class='ocrx_word' id='word_1_131' title='bbox 1041 1756 1208 1821; x_wconf 75' lang='grc' dir='ltr'>ἕξεως</span> <span class='ocrx_word' id='word_1_132' title='bbox 1237 1757 1437 1826; x_wconf 62' lang='grc' dir='ltr'>ἥκιστα</span> <span class='ocrx_word' id='word_1_133' title='bbox 1467 1756 1849 1826; x_wconf 79' lang='grc' dir='ltr'>προσιέμενον,</span> 
     </span>
    </p>
   </div>
   <div class='ocr_carea' id='block_1_21' title="bbox 249 1844 1852 1917">
    <p class='ocr_par' dir='ltr' id='par_1_21' title="bbox 249 1844 1852 1917">
     <span class='ocr_line' id='line_1_21' title="bbox 249 1844 1852 1917; baseline -0.004 -15"><span class='ocrx_word' id='word_1_134' title='bbox 249 1848 570 1902; x_wconf 82' lang='grc' dir='ltr'>κάντεῦθεν</span> <span class='ocrx_word' id='word_1_135' title='bbox 615 1846 916 1917; x_wconf 71' lang='grc' dir='ltr'>προσαύξει</span> <span class='ocrx_word' id='word_1_136' title='bbox 975 1845 1178 1916; x_wconf 80' lang='grc' dir='ltr'>μᾶλλον</span> <span class='ocrx_word' id='word_1_137' title='bbox 1233 1845 1326 1898; x_wconf 73' lang='grc' dir='ltr'>καὶ</span> <span class='ocrx_word' id='word_1_138' title='bbox 1372 1844 1700 1914; x_wconf 87' lang='grc' dir='ltr'>προστίθησι</span> <span class='ocrx_word' id='word_1_139' title='bbox 1752 1844 1852 1917; x_wconf 81' lang='grc' dir='ltr'>τὰς</span> 
     </span>
    </p>
   </div>
   <div class='ocr_carea' id='block_1_22' title="bbox 250 1913 1854 2006">
    <p class='ocr_par' dir='ltr' id='par_1_22' title="bbox 250 1913 1854 2006">
     <span class='ocr_line' id='line_1_22' title="bbox 250 1913 1854 2006; baseline -0.004 -12"><span class='ocrx_word' id='word_1_140' title='bbox 250 1939 454 2002; x_wconf 73' lang='grc' dir='ltr'>αἰτίας</span> <span class='ocrx_word' id='word_1_141' title='bbox 485 1937 594 1991; x_wconf 89' lang='grc' dir='ltr'><strong>τῶν</strong></span> <span class='ocrx_word' id='word_1_142' title='bbox 622 1913 988 2006; x_wconf 55' lang='grc' dir='ltr'>νοσημάτωνλ</span> <span class='ocrx_word' id='word_1_143' title='bbox 1039 1935 1182 1989; x_wconf 78' lang='grc' dir='ltr'>οὕτω</span> <span class='ocrx_word' id='word_1_144' title='bbox 1212 1935 1306 1992; x_wconf 81' lang='grc' dir='ltr'>καὶ</span> <span class='ocrx_word' id='word_1_145' title='bbox 1340 1913 1490 2006; x_wconf 58' lang='grc' dir='ltr'>ψυχὴ</span> <span class='ocrx_word' id='word_1_146' title='bbox 1537 1913 1854 2006; x_wconf 63' lang='grc' dir='ltr'>παρεκτραῖ</span> 
     </span>
    </p>
   </div>
   <div class='ocr_carea' id='block_1_23' title="bbox 249 2025 1852 2100">
    <p class='ocr_par' dir='ltr' id='par_1_23' title="bbox 249 2025 1852 2100">
     <span class='ocr_line' id='line_1_23' title="bbox 249 2025 1852 2100; baseline -0.004 -15"><span class='ocrx_word' id='word_1_147' title='bbox 249 2033 441 2085; x_wconf 56' lang='lat' dir='ltr'><strong>mica.</strong></span> <span class='ocrx_word' id='word_1_148' title='bbox 472 2029 568 2084; x_wconf 80' lang='grc' dir='ltr'>καὶ</span> <span class='ocrx_word' id='word_1_149' title='bbox 600 2031 988 2100; x_wconf 78' lang='grc' dir='ltr'>παραρῤυεῖσα</span> <span class='ocrx_word' id='word_1_150' title='bbox 1029 2028 1140 2082; x_wconf 91' lang='grc' dir='ltr'><strong>τῶν</strong></span> <span class='ocrx_word' id='word_1_151' title='bbox 1171 2027 1586 2096; x_wconf 81' lang='grc' dir='ltr'>καθεστηκυιῶν</span> <span class='ocrx_word' id='word_1_152' title='bbox 1614 2025 1852 2098; x_wconf 84' lang='grc' dir='ltr'>φρενῶν,</span> 
     </span>
    </p>
   </div>
   <div class='ocr_carea' id='block_1_24' title="bbox 251 2114 1856 2190">
    <p class='ocr_par' dir='ltr' id='par_1_24' title="bbox 251 2114 1856 2190">
     <span class='ocr_line' id='line_1_24' title="bbox 251 2114 1856 2190; baseline -0.005 -14"><span class='ocrx_word' id='word_1_153' title='bbox 251 2119 522 2184; x_wconf 85' lang='grc' dir='ltr'>ἀϐούλως</span> <span class='ocrx_word' id='word_1_154' title='bbox 559 2119 791 2190; x_wconf 85' lang='grc' dir='ltr'>πράττει</span> <span class='ocrx_word' id='word_1_155' title='bbox 819 2118 980 2172; x_wconf 85' lang='grc' dir='ltr'>τοῦτο</span> <span class='ocrx_word' id='word_1_156' title='bbox 1009 2119 1231 2172; x_wconf 78' lang='grc' dir='ltr'>κάκεῖνο</span> <span class='ocrx_word' id='word_1_157' title='bbox 1263 2117 1402 2188; x_wconf 82' lang='grc' dir='ltr'>πρὸς</span> <span class='ocrx_word' id='word_1_158' title='bbox 1433 2116 1586 2169; x_wconf 80' lang='grc' dir='ltr'>οὐδὲν</span> <span class='ocrx_word' id='word_1_159' title='bbox 1617 2114 1856 2169; x_wconf 81' lang='grc' dir='ltr'>ἀποϐλέ-</span> 
     </span>
    </p>
   </div>
   <div class='ocr_carea' id='block_1_25' title="bbox 250 2205 1856 2280">
    <p class='ocr_par' dir='ltr' id='par_1_25' title="bbox 250 2205 1856 2280">
     <span class='ocr_line' id='line_1_25' title="bbox 250 2205 1856 2280; baseline -0.004 -17"><span class='ocrx_word' id='word_1_160' title='bbox 250 2227 454 2264; x_wconf 84' lang='grc' dir='ltr'>πουσα</span> <span class='ocrx_word' id='word_1_161' title='bbox 479 2209 633 2272; x_wconf 85' lang='grc' dir='ltr'>τέλος</span> <span class='ocrx_word' id='word_1_162' title='bbox 663 2208 1009 2280; x_wconf 83' lang='grc' dir='ltr'>ὀνησιφόρον.</span> <span class='ocrx_word' id='word_1_163' title='bbox 1059 2209 1123 2262; x_wconf 79' lang='grc' dir='ltr'>Εί</span> <span class='ocrx_word' id='word_1_164' title='bbox 1148 2207 1282 2279; x_wconf 88' lang='grc' dir='ltr'>γὰρ,</span> <span class='ocrx_word' id='word_1_165' title='bbox 1318 2207 1508 2276; x_wconf 75' lang='grc' dir='ltr'>φησὶν,</span> <span class='ocrx_word' id='word_1_166' title='bbox 1537 2205 1856 2276; x_wconf 85' lang='grc' dir='ltr'>ἀποθησαυ-</span> 
     </span>
    </p>
   </div>
   <div class='ocr_carea' id='block_1_26' title="bbox 253 2296 1854 2376">
    <p class='ocr_par' dir='ltr' id='par_1_26' title="bbox 253 2296 1854 2376">
     <span class='ocr_line' id='line_1_26' title="bbox 253 2296 1854 2376; baseline -0.005 -20"><span class='ocrx_word' id='word_1_167' title='bbox 253 2303 488 2376; x_wconf 73' lang='grc' dir='ltr'>ρίζεται</span> <span class='ocrx_word' id='word_1_168' title='bbox 527 2302 624 2372; x_wconf 81' lang='grc' dir='ltr'>μὲν</span> <span class='ocrx_word' id='word_1_169' title='bbox 664 2301 693 2353; x_wconf 85' lang='grc' dir='ltr'><strong>ό</strong></span> <span class='ocrx_word' id='word_1_170' title='bbox 727 2299 958 2364; x_wconf 85' lang='grc' dir='ltr'>πλοῦτος</span> <span class='ocrx_word' id='word_1_171' title='bbox 989 2299 1094 2354; x_wconf 76' lang='grc' dir='ltr'><strong>ὑπὸ</strong></span> <span class='ocrx_word' id='word_1_172' title='bbox 1125 2297 1224 2352; x_wconf 87' lang='grc' dir='ltr'><strong>τοῦ</strong></span> <span class='ocrx_word' id='word_1_173' title='bbox 1267 2297 1723 2370; x_wconf 75' lang='grc' dir='ltr'>συναθροίσαντος</span> <span class='ocrx_word' id='word_1_174' title='bbox 1755 2296 1854 2350; x_wconf 83' lang='grc' dir='ltr'><strong>αὑ-</strong></span> 
     </span>
    </p>
   </div>
   <div class='ocr_carea' id='block_1_27' title="bbox 252 2389 1858 2464">
    <p class='ocr_par' dir='ltr' id='par_1_27' title="bbox 252 2389 1858 2464">
     <span class='ocr_line' id='line_1_27' title="bbox 252 2389 1858 2464; baseline -0.005 -14"><span class='ocrx_word' id='word_1_175' title='bbox 252 2395 360 2450; x_wconf 82' lang='grc' dir='ltr'>τὸν</span> <span class='ocrx_word' id='word_1_176' title='bbox 383 2433 402 2458; x_wconf 89' lang='grc'><strong>,</strong></span> <span class='ocrx_word' id='word_1_177' title='bbox 459 2394 547 2448; x_wconf 74' lang='grc' dir='ltr'><strong>διὰ</strong></span> <span class='ocrx_word' id='word_1_178' title='bbox 601 2392 813 2464; x_wconf 80' lang='grc' dir='ltr'>μυρίων</span> <span class='ocrx_word' id='word_1_179' title='bbox 869 2391 1084 2462; x_wconf 87' lang='grc' dir='ltr'>μόχθων</span> <span class='ocrx_word' id='word_1_180' title='bbox 1131 2392 1226 2445; x_wconf 73' lang='grc' dir='ltr'>καὶ</span> <span class='ocrx_word' id='word_1_181' title='bbox 1273 2391 1460 2446; x_wconf 88' lang='grc' dir='ltr'>κόπων</span> <span class='ocrx_word' id='word_1_182' title='bbox 1505 2391 1600 2444; x_wconf 79' lang='grc' dir='ltr'>καὶ</span> <span class='ocrx_word' id='word_1_183' title='bbox 1653 2389 1858 2458; x_wconf 85' lang='grc' dir='ltr'>πολλῆς</span> 
     </span>
    </p>
   </div>
   <div class='ocr_carea' id='block_1_28' title="bbox 257 2480 1860 2557">
    <p class='ocr_par' dir='ltr' id='par_1_28' title="bbox 257 2480 1860 2557">
     <span class='ocr_line' id='line_1_28' title="bbox 257 2480 1860 2557; baseline -0.006 -17"><span class='ocrx_word' id='word_1_184' title='bbox 257 2484 595 2557; x_wconf 79' lang='grc' dir='ltr'>φειδωλίας,</span> <span class='ocrx_word' id='word_1_185' title='bbox 629 2484 946 2556; x_wconf 85' lang='grc' dir='ltr'>εὑρίσκεται</span> <span class='ocrx_word' id='word_1_186' title='bbox 980 2483 1037 2537; x_wconf 83' lang='grc' dir='ltr'>δὲ</span> <span class='ocrx_word' id='word_1_187' title='bbox 1063 2483 1461 2553; x_wconf 76' lang='grc' dir='ltr'>ταμιευόμενος</span> <span class='ocrx_word' id='word_1_188' title='bbox 1489 2480 1754 2544; x_wconf 84' lang='grc' dir='ltr'>πολλάκις</span> <span class='ocrx_word' id='word_1_189' title='bbox 1778 2481 1860 2544; x_wconf 86' lang='grc' dir='ltr'><strong>είς</strong></span> 
     </span>
    </p>
   </div>
   <div class='ocr_carea' id='block_1_29' title="bbox 257 2571 1860 2640">
    <p class='ocr_par' dir='ltr' id='par_1_29' title="bbox 257 2571 1860 2640">
     <span class='ocr_line' id='line_1_29' title="bbox 257 2571 1860 2640; baseline -0.004 -9"><span class='ocrx_word' id='word_1_190' title='bbox 257 2575 526 2632; x_wconf 80' lang='grc' dir='ltr'>κάκωσιν</span> <span class='ocrx_word' id='word_1_191' title='bbox 552 2573 649 2626; x_wconf 89' lang='grc' dir='ltr'><strong>τοῦ</strong></span> <span class='ocrx_word' id='word_1_192' title='bbox 677 2572 1047 2640; x_wconf 79' lang='grc' dir='ltr'>φυλάσσοντος</span> <span class='ocrx_word' id='word_1_193' title='bbox 1079 2571 1314 2640; x_wconf 78' lang='grc' dir='ltr'>(κακίαν</span> <span class='ocrx_word' id='word_1_194' title='bbox 1339 2571 1448 2640; x_wconf 84' lang='grc' dir='ltr'>γὰρ</span> <span class='ocrx_word' id='word_1_195' title='bbox 1487 2571 1586 2640; x_wconf 86' lang='grc' dir='ltr'>τὴν</span> <span class='ocrx_word' id='word_1_196' title='bbox 1615 2571 1860 2624; x_wconf 79' lang='grc' dir='ltr'>κάκωσιν</span> 
     </span>
    </p>
   </div>
   <div class='ocr_carea' id='block_1_30' title="bbox 259 2658 1862 2740">
    <p class='ocr_par' dir='ltr' id='par_1_30' title="bbox 259 2658 1862 2740">
     <span class='ocr_line' id='line_1_30' title="bbox 259 2658 1862 2740; baseline -0.005 -18"><span class='ocrx_word' id='word_1_197' title='bbox 259 2665 566 2740; x_wconf 75' lang='grc' dir='ltr'>προδήλως</span> <span class='ocrx_word' id='word_1_198' title='bbox 596 2661 903 2736; x_wconf 68' lang='grc' dir='ltr'>ὠνόμασεν)</span> <span class='ocrx_word' id='word_1_199' title='bbox 925 2679 939 2692; x_wconf 87' lang='grc'><strong>·</strong></span> <span class='ocrx_word' id='word_1_200' title='bbox 971 2658 1091 2716; x_wconf 87' lang='grc' dir='ltr'>εἷτα</span> <span class='ocrx_word' id='word_1_201' title='bbox 1124 2661 1433 2734; x_wconf 81' lang='grc' dir='ltr'>πειρασμοῦ</span> <span class='ocrx_word' id='word_1_202' title='bbox 1454 2678 1602 2726; x_wconf 88' lang='grc' dir='ltr'>τινος</span> <span class='ocrx_word' id='word_1_203' title='bbox 1619 2660 1862 2731; x_wconf 81' lang='grc' dir='ltr'>συμϐάν-</span> 
     </span>
    </p>
   </div>
   <div class='ocr_carea' id='block_1_31' title="bbox 263 2753 1862 2826">
    <p class='ocr_par' dir='ltr' id='par_1_31' title="bbox 263 2753 1862 2826">
     <span class='ocr_line' id='line_1_31' title="bbox 263 2753 1862 2826; baseline -0.006 -12"><span class='ocrx_word' id='word_1_204' title='bbox 263 2777 390 2825; x_wconf 86' lang='grc' dir='ltr'>τος,</span> <span class='ocrx_word' id='word_1_205' title='bbox 420 2757 678 2819; x_wconf 82' lang='grc' dir='ltr'>ἀπώλετο</span> <span class='ocrx_word' id='word_1_206' title='bbox 705 2755 998 2826; x_wconf 80' lang='grc' dir='ltr'>δεξάμενος</span> <span class='ocrx_word' id='word_1_207' title='bbox 1026 2753 1127 2824; x_wconf 83' lang='grc' dir='ltr'>τὴν</span> <span class='ocrx_word' id='word_1_208' title='bbox 1159 2755 1242 2816; x_wconf 86' lang='grc' dir='ltr'><strong>είς</strong></span> <span class='ocrx_word' id='word_1_209' title='bbox 1264 2753 1459 2815; x_wconf 76' lang='grc' dir='ltr'>ἄλλους</span> <span class='ocrx_word' id='word_1_210' title='bbox 1490 2755 1862 2823; x_wconf 84' lang='grc' dir='ltr'>μετάπτωσιν,</span> 
     </span>
    </p>
   </div>
   <div class='ocr_carea' id='block_1_32' title="bbox 271 2843 1866 2920">
    <p class='ocr_par' dir='ltr' id='par_1_32' title="bbox 271 2843 1866 2920">
     <span class='ocr_line' id='line_1_32' title="bbox 271 2843 1866 2920; baseline -0.008 -13"><span class='ocrx_word' id='word_1_211' title='bbox 271 2853 374 2908; x_wconf 70' lang='grc' dir='ltr'>καὶ</span> <span class='ocrx_word' id='word_1_212' title='bbox 421 2849 632 2920; x_wconf 82' lang='grc' dir='ltr'>γυμνὸν</span> <span class='ocrx_word' id='word_1_213' title='bbox 663 2847 758 2901; x_wconf 80' lang='grc' dir='ltr'>τὸν</span> <span class='ocrx_word' id='word_1_214' title='bbox 798 2845 1141 2917; x_wconf 84' lang='grc' dir='ltr'>κεκτημένον</span> <span class='ocrx_word' id='word_1_215' title='bbox 1187 2843 1505 2898; x_wconf 86' lang='grc' dir='ltr'>καταλιπὼν</span> <span class='ocrx_word' id='word_1_216' title='bbox 1551 2845 1645 2898; x_wconf 68' lang='grc' dir='ltr'>καὶ</span> <span class='ocrx_word' id='word_1_217' title='bbox 1684 2843 1866 2913; x_wconf 88' lang='grc' dir='ltr'>πάσης</span> 
     </span>
    </p>
   </div>
   <div class='ocr_carea' id='block_1_33' title="bbox 276 2931 1867 3009">
    <p class='ocr_par' dir='ltr' id='par_1_33' title="bbox 276 2931 1867 3009">
     <span class='ocr_line' id='line_1_33' title="bbox 276 2931 1867 3009; baseline -0.007 -16"><span class='ocrx_word' id='word_1_218' title='bbox 276 2938 734 3009; x_wconf 76' lang='grc' dir='ltr'>ἀπεστερημένον</span> <span class='ocrx_word' id='word_1_219' title='bbox 762 2933 1138 3006; x_wconf 85' lang='grc' dir='ltr'>παραμυθίας.</span> <span class='ocrx_word' id='word_1_220' title='bbox 1173 2935 1242 2987; x_wconf 86' lang='grc' dir='ltr'><em>Ἢ</em></span> <span class='ocrx_word' id='word_1_221' title='bbox 1271 2933 1380 3002; x_wconf 80' lang='grc' dir='ltr'><strong>γὰρ</strong></span> <span class='ocrx_word' id='word_1_222' title='bbox 1411 2933 1627 2986; x_wconf 80' lang='grc' dir='ltr'>ἐκείνου</span> <span class='ocrx_word' id='word_1_223' title='bbox 1661 2931 1867 3002; x_wconf 84' lang='grc' dir='ltr'>φθορη-</span> 
     </span>
    </p>
   </div>
   <div class='ocr_carea' id='block_1_34' title="bbox 1939 482 2746 556">
    <p class='ocr_par' dir='ltr' id='par_1_34' title="bbox 1939 482 2746 556">
     <span class='ocr_line' id='line_1_34' title="bbox 1939 482 2746 556; baseline 0.002 -20"><span class='ocrx_word' id='word_1_224' title='bbox 1939 491 1988 536; x_wconf 78' lang='lat' dir='ltr'><strong>et</strong></span> <span class='ocrx_word' id='word_1_225' title='bbox 2019 483 2272 554; x_wconf 83' lang='lat' dir='ltr'><strong>languore</strong></span> <span class='ocrx_word' id='word_1_226' title='bbox 2295 493 2345 538; x_wconf 82' lang='lat' dir='ltr'><strong>et</strong></span> <span class='ocrx_word' id='word_1_227' title='bbox 2371 485 2581 538; x_wconf 77' lang='lat' dir='ltr'><strong>insania</strong></span> <span class='ocrx_word' id='word_1_228' title='bbox 2611 482 2746 556; x_wconf 73' lang='lat'><strong>(27).</strong></span> 
     </span>
    </p>
   </div>
   <div class='ocr_carea' id='block_1_35' title="bbox 3475 682 3510 720">
    <p class='ocr_par' dir='ltr' id='par_1_35' title="bbox 3475 682 3510 720">
     <span class='ocr_line' id='line_1_35' title="bbox 3475 682 3510 720; baseline 0 0"><span class='ocrx_word' id='word_1_229' title='bbox 3475 682 3510 720; x_wconf 62' lang='grc' dir='ltr'><strong>κ</strong></span> 
     </span>
    </p>
   </div>
   <div class='ocr_carea' id='block_1_36' title="bbox 2014 735 3515 819">
    <p class='ocr_par' dir='ltr' id='par_1_36' title="bbox 2014 735 3515 819">
     <span class='ocr_line' id='line_1_36' title="bbox 2014 735 3515 819; baseline -0.01 -17"><span class='ocrx_word' id='word_1_230' title='bbox 2014 748 2324 804; x_wconf 84' lang='lat' dir='ltr'><strong>Humanam</strong></span> <span class='ocrx_word' id='word_1_231' title='bbox 2357 737 2728 819; x_wconf 83' lang='lat' dir='ltr'><strong>insipientiam</strong></span> <span class='ocrx_word' id='word_1_232' title='bbox 2754 753 3182 818; x_wconf 86' lang='lat' dir='ltr'><strong>perversumque</strong></span> <span class='ocrx_word' id='word_1_233' title='bbox 3201 735 3515 798; x_wconf 80' lang='lat' dir='ltr'><strong>consilium,</strong></span> 
     </span>
    </p>
   </div>
   <div class='ocr_carea' id='block_1_37' title="bbox 1943 833 3513 913">
    <p class='ocr_par' dir='ltr' id='par_1_37' title="bbox 1943 833 3513 913">
     <span class='ocr_line' id='line_1_37' title="bbox 1943 833 3513 913; baseline -0.015 -15"><span class='ocrx_word' id='word_1_234' title='bbox 1943 858 2177 913; x_wconf 89' lang='lat' dir='ltr'><strong>quorum</strong></span> <span class='ocrx_word' id='word_1_235' title='bbox 2229 857 2394 898; x_wconf 88' lang='lat' dir='ltr'><strong>causa</strong></span> <span class='ocrx_word' id='word_1_236' title='bbox 2445 841 2691 910; x_wconf 83' lang='lat' dir='ltr'><strong>plerique</strong></span> <span class='ocrx_word' id='word_1_237' title='bbox 2742 839 2809 892; x_wconf 91' lang='lat' dir='ltr'><strong>ad</strong></span> <span class='ocrx_word' id='word_1_238' title='bbox 2859 835 3048 890; x_wconf 88' lang='lat' dir='ltr'><strong>illicita</strong></span> <span class='ocrx_word' id='word_1_239' title='bbox 3099 833 3513 887; x_wconf 82' lang='lat' dir='ltr'><strong>convertuntur,</strong></span> 
     </span>
    </p>
   </div>
   <div class='ocr_carea' id='block_1_38' title="bbox 1943 917 3516 1000">
    <p class='ocr_par' dir='ltr' id='par_1_38' title="bbox 1943 917 3516 1000">
     <span class='ocr_line' id='line_1_38' title="bbox 1943 917 3516 1000; baseline -0.013 -14"><span class='ocrx_word' id='word_1_240' title='bbox 1943 922 2264 1000; x_wconf 78' lang='lat' dir='ltr'><strong>laboresque</strong></span> <span class='ocrx_word' id='word_1_241' title='bbox 2295 931 2562 1000; x_wconf 81' lang='lat' dir='ltr'><strong>pessimos</strong></span> <span class='ocrx_word' id='word_1_242' title='bbox 2607 926 2936 996; x_wconf 89' lang='lat' dir='ltr'><strong>suscipiunt,</strong></span> <span class='ocrx_word' id='word_1_243' title='bbox 2985 935 3040 977; x_wconf 87' lang='lat' dir='ltr'><strong>et</strong></span> <span class='ocrx_word' id='word_1_244' title='bbox 3081 917 3364 974; x_wconf 74' lang='lat' dir='ltr'><strong>molestias</strong></span> <span class='ocrx_word' id='word_1_245' title='bbox 3393 927 3516 968; x_wconf 87' lang='lat' dir='ltr'><strong>om-</strong></span> 
     </span>
    </p>
   </div>
   <div class='ocr_carea' id='block_1_39' title="bbox 1946 1010 3520 1087">
    <p class='ocr_par' dir='ltr' id='par_1_39' title="bbox 1946 1010 3520 1087">
     <span class='ocr_line' id='line_1_39' title="bbox 1946 1010 3520 1087; baseline -0.013 -9"><span class='ocrx_word' id='word_1_246' title='bbox 1946 1025 2079 1078; x_wconf 83' lang='lat' dir='ltr'><strong>nino</strong></span> <span class='ocrx_word' id='word_1_247' title='bbox 2109 1022 2333 1077; x_wconf 82' lang='lat' dir='ltr'><strong>inutiles</strong></span> <span class='ocrx_word' id='word_1_248' title='bbox 2366 1022 2622 1082; x_wconf 83' lang='lat' dir='ltr'><strong>tolerant,</strong></span> <span class='ocrx_word' id='word_1_249' title='bbox 2658 1031 2894 1087; x_wconf 80' lang='lat' dir='ltr'><strong>cumque</strong></span> <span class='ocrx_word' id='word_1_250' title='bbox 2925 1015 3136 1070; x_wconf 91' lang='lat' dir='ltr'><strong>nullum</strong></span> <span class='ocrx_word' id='word_1_251' title='bbox 3178 1010 3336 1080; x_wconf 85' lang='lat' dir='ltr'><strong>plane</strong></span> <span class='ocrx_word' id='word_1_252' title='bbox 3365 1020 3520 1060; x_wconf 87' lang='lat' dir='ltr'><strong>com-</strong></span> 
     </span>
    </p>
   </div>
   <div class='ocr_carea' id='block_1_40' title="bbox 1947 1097 3522 1183">
    <p class='ocr_par' dir='ltr' id='par_1_40' title="bbox 1947 1097 3522 1183">
     <span class='ocr_line' id='line_1_40' title="bbox 1947 1097 3522 1183; baseline -0.013 -15"><span class='ocrx_word' id='word_1_253' title='bbox 1947 1115 2172 1170; x_wconf 88' lang='lat' dir='ltr'><strong>modum</strong></span> <span class='ocrx_word' id='word_1_254' title='bbox 2219 1120 2486 1183; x_wconf 90' lang='lat' dir='ltr'><strong>spectent,</strong></span> <span class='ocrx_word' id='word_1_255' title='bbox 2529 1111 2765 1164; x_wconf 87' lang='lat' dir='ltr'><strong>inaniter</strong></span> <span class='ocrx_word' id='word_1_256' title='bbox 2799 1122 2862 1162; x_wconf 92' lang='lat' dir='ltr'><strong>ac</strong></span> <span class='ocrx_word' id='word_1_257' title='bbox 2891 1116 3229 1173; x_wconf 89' lang='lat' dir='ltr'><strong>supervacue</strong></span> <span class='ocrx_word' id='word_1_258' title='bbox 3257 1097 3522 1152; x_wconf 68' lang='lat' dir='ltr'><strong>adﬂictan-</strong></span> 
     </span>
    </p>
   </div>
   <div class='ocr_carea' id='block_1_41' title="bbox 1949 1187 3519 1275">
    <p class='ocr_par' dir='ltr' id='par_1_41' title="bbox 1949 1187 3519 1275">
     <span class='ocr_line' id='line_1_41' title="bbox 1949 1187 3519 1275; baseline -0.016 -12"><span class='ocrx_word' id='word_1_259' title='bbox 1949 1216 2058 1272; x_wconf 90' lang='lat' dir='ltr'><strong>tur,</strong></span> <span class='ocrx_word' id='word_1_260' title='bbox 2122 1207 2440 1275; x_wconf 74' lang='lat' dir='ltr'><strong>languorem</strong></span> <span class='ocrx_word' id='word_1_261' title='bbox 2494 1205 2609 1258; x_wconf 87' lang='lat' dir='ltr'><strong>sive</strong></span> <span class='ocrx_word' id='word_1_262' title='bbox 2681 1200 2849 1256; x_wconf 85' lang='lat' dir='ltr'><strong>animi</strong></span> <span class='ocrx_word' id='word_1_263' title='bbox 2907 1197 3156 1252; x_wconf 86' lang='lat' dir='ltr'><strong>morbum</strong></span> <span class='ocrx_word' id='word_1_264' title='bbox 3211 1187 3519 1260; x_wconf 81' lang='lat' dir='ltr'><strong>appellavit.</strong></span> 
     </span>
    </p>
   </div>
   <div class='ocr_carea' id='block_1_42' title="bbox 1948 1281 3524 1364">
    <p class='ocr_par' dir='ltr' id='par_1_42' title="bbox 1948 1281 3524 1364">
     <span class='ocr_line' id='line_1_42' title="bbox 1948 1281 3524 1364; baseline -0.016 -10"><span class='ocrx_word' id='word_1_265' title='bbox 1948 1297 2418 1364; x_wconf 84' lang='lat' dir='ltr'><strong>Quemadmodum</strong></span> <span class='ocrx_word' id='word_1_266' title='bbox 2465 1297 2613 1349; x_wconf 91' lang='lat' dir='ltr'><strong>enim</strong></span> <span class='ocrx_word' id='word_1_267' title='bbox 2653 1306 2856 1362; x_wconf 88' lang='lat' dir='ltr'><strong>corpus</strong></span> <span class='ocrx_word' id='word_1_268' title='bbox 2905 1289 3208 1342; x_wconf 89' lang='lat' dir='ltr'><strong>humanum</strong></span> <span class='ocrx_word' id='word_1_269' title='bbox 3241 1297 3304 1334; x_wconf 81' lang='lat' dir='ltr'><strong>ex</strong></span> <span class='ocrx_word' id='word_1_270' title='bbox 3329 1281 3524 1333; x_wconf 85' lang='lat' dir='ltr'><strong>immo-</strong></span> 
     </span>
    </p>
   </div>
   <div class='ocr_carea' id='block_1_43' title="bbox 1949 1365 3522 1454">
    <p class='ocr_par' dir='ltr' id='par_1_43' title="bbox 1949 1365 3522 1454">
     <span class='ocr_line' id='line_1_43' title="bbox 1949 1365 3522 1454; baseline -0.016 -13"><span class='ocrx_word' id='word_1_271' title='bbox 1949 1401 2094 1447; x_wconf 89' lang='lat' dir='ltr'><strong>rum,</strong></span> <span class='ocrx_word' id='word_1_272' title='bbox 2125 1385 2218 1454; x_wconf 90' lang='lat' dir='ltr'><strong>qui</strong></span> <span class='ocrx_word' id='word_1_273' title='bbox 2248 1384 2300 1437; x_wconf 88' lang='lat' dir='ltr'><strong>in</strong></span> <span class='ocrx_word' id='word_1_274' title='bbox 2331 1397 2398 1437; x_wconf 90' lang='lat' dir='ltr'><strong>eo</strong></span> <span class='ocrx_word' id='word_1_275' title='bbox 2429 1383 2636 1446; x_wconf 89' lang='lat' dir='ltr'><strong>insunt,</strong></span> <span class='ocrx_word' id='word_1_276' title='bbox 2669 1391 2902 1434; x_wconf 82' lang='lat' dir='ltr'><strong>excessu</strong></span> <span class='ocrx_word' id='word_1_277' title='bbox 2933 1373 3172 1445; x_wconf 88' lang='lat' dir='ltr'><strong>quodam</strong></span> <span class='ocrx_word' id='word_1_278' title='bbox 3198 1367 3282 1423; x_wconf 84' lang='lat' dir='ltr'><strong>vel</strong></span> <span class='ocrx_word' id='word_1_279' title='bbox 3309 1365 3522 1420; x_wconf 77' lang='lat' dir='ltr'><strong>defectu</strong></span> 
     </span>
    </p>
   </div>
   <div class='ocr_carea' id='block_1_44' title="bbox 1951 1456 3526 1539">
    <p class='ocr_par' dir='ltr' id='par_1_44' title="bbox 1951 1456 3526 1539">
     <span class='ocr_line' id='line_1_44' title="bbox 1951 1456 3526 1539; baseline -0.017 -8"><span class='ocrx_word' id='word_1_280' title='bbox 1951 1479 2008 1532; x_wconf 90' lang='lat' dir='ltr'><strong>in</strong></span> <span class='ocrx_word' id='word_1_281' title='bbox 2047 1473 2294 1528; x_wconf 79' lang='lat' dir='ltr'><strong>dilﬁeiles</strong></span> <span class='ocrx_word' id='word_1_282' title='bbox 2337 1471 2526 1526; x_wconf 85' lang='lat' dir='ltr'><strong>incidit</strong></span> <span class='ocrx_word' id='word_1_283' title='bbox 2557 1469 2803 1529; x_wconf 88' lang='lat' dir='ltr'><strong>morbos,</strong></span> <span class='ocrx_word' id='word_1_284' title='bbox 2836 1477 2999 1534; x_wconf 88' lang='lat' dir='ltr'><strong>atque</strong></span> <span class='ocrx_word' id='word_1_285' title='bbox 3025 1462 3096 1516; x_wconf 87' lang='lat' dir='ltr'><strong>ob</strong></span> <span class='ocrx_word' id='word_1_286' title='bbox 3137 1473 3233 1515; x_wconf 87' lang='lat' dir='ltr'><strong>eos</strong></span> <span class='ocrx_word' id='word_1_287' title='bbox 3268 1456 3526 1539; x_wconf 84' lang='lat' dir='ltr'><strong>alimenta</strong></span> 
     </span>
    </p>
   </div>
   <div class='ocr_carea' id='block_1_45' title="bbox 1952 1551 3530 1638">
    <p class='ocr_par' dir='ltr' id='par_1_45' title="bbox 1952 1551 3530 1638">
     <span class='ocr_line' id='line_1_45' title="bbox 1952 1551 3530 1638; baseline -0.018 -15"><span class='ocrx_word' id='word_1_288' title='bbox 1952 1567 2164 1638; x_wconf 87' lang='lat' dir='ltr'><strong>appetit</strong></span> <span class='ocrx_word' id='word_1_289' title='bbox 2213 1565 2439 1618; x_wconf 86' lang='lat' dir='ltr'><strong>minime</strong></span> <span class='ocrx_word' id='word_1_290' title='bbox 2477 1563 2709 1626; x_wconf 89' lang='lat' dir='ltr'><strong>idonea;</strong></span> <span class='ocrx_word' id='word_1_291' title='bbox 2741 1557 2888 1628; x_wconf 89' lang='lat' dir='ltr'><strong>quod</strong></span> <span class='ocrx_word' id='word_1_292' title='bbox 2919 1567 3116 1623; x_wconf 81' lang='lat' dir='ltr'><strong>nempe</strong></span> <span class='ocrx_word' id='word_1_293' title='bbox 3153 1555 3444 1605; x_wconf 85' lang='lat' dir='ltr'><strong>consuetos</strong></span> <span class='ocrx_word' id='word_1_294' title='bbox 3473 1551 3530 1596; x_wconf 92' lang='lat' dir='ltr'><strong>et</strong></span> 
     </span>
    </p>
   </div>
   <div class='ocr_carea' id='block_1_46' title="bbox 1951 1633 3528 1714">
    <p class='ocr_par' dir='ltr' id='par_1_46' title="bbox 1951 1633 3528 1714">
     <span class='ocr_line' id='line_1_46' title="bbox 1951 1633 3528 1714; baseline -0.017 -1"><span class='ocrx_word' id='word_1_295' title='bbox 1951 1633 2114 1714; x_wconf 42' lang='lat' dir='ltr'><strong>uti—les</strong></span> <span class='ocrx_word' id='word_1_296' title='bbox 2135 1655 2293 1710; x_wconf 84' lang='lat' dir='ltr'><strong>cibos</strong></span> <span class='ocrx_word' id='word_1_297' title='bbox 2314 1652 2523 1708; x_wconf 67' lang='lat' dir='ltr'><strong>affectae</strong></span> <span class='ocrx_word' id='word_1_298' title='bbox 2548 1649 2878 1706; x_wconf 80' lang='lat' dir='ltr'><strong>valetudinis</strong></span> <span class='ocrx_word' id='word_1_299' title='bbox 2899 1643 3276 1701; x_wconf 87' lang='lat' dir='ltr'><strong>imbecillitate</strong></span> <span class='ocrx_word' id='word_1_300' title='bbox 3304 1633 3528 1692; x_wconf 88' lang='lat' dir='ltr'><strong>minime</strong></span> 
     </span>
    </p>
   </div>
   <div class='ocr_carea' id='block_1_47' title="bbox 1953 1725 3530 1814">
    <p class='ocr_par' dir='ltr' id='par_1_47' title="bbox 1953 1725 3530 1814">
     <span class='ocr_line' id='line_1_47' title="bbox 1953 1725 3530 1814; baseline -0.017 -9"><span class='ocrx_word' id='word_1_301' title='bbox 1953 1748 2210 1812; x_wconf 85' lang='lat' dir='ltr'><strong>admittit,</strong></span> <span class='ocrx_word' id='word_1_302' title='bbox 2261 1754 2426 1814; x_wconf 86' lang='lat' dir='ltr'><strong>atque</strong></span> <span class='ocrx_word' id='word_1_303' title='bbox 2472 1743 2610 1798; x_wconf 87' lang='lat' dir='ltr'><strong>adeo</strong></span> <span class='ocrx_word' id='word_1_304' title='bbox 2641 1750 2804 1811; x_wconf 83' lang='lat' dir='ltr'><strong>auget</strong></span> <span class='ocrx_word' id='word_1_305' title='bbox 2851 1739 3026 1803; x_wconf 80' lang='lat' dir='ltr'><strong>magis</strong></span> <span class='ocrx_word' id='word_1_306' title='bbox 3061 1750 3127 1789; x_wconf 90' lang='lat' dir='ltr'><strong>ac</strong></span> <span class='ocrx_word' id='word_1_307' title='bbox 3176 1743 3347 1786; x_wconf 85' lang='lat' dir='ltr'><strong>novas</strong></span> <span class='ocrx_word' id='word_1_308' title='bbox 3381 1725 3530 1781; x_wconf 88' lang='lat' dir='ltr'><strong>addit</strong></span> 
     </span>
    </p>
   </div>
   <div class='ocr_carea' id='block_1_48' title="bbox 1953 1830 3530 1912">
    <p class='ocr_par' dir='ltr' id='par_1_48' title="bbox 1953 1830 3530 1912">
     <span class='ocr_line' id='line_1_48' title="bbox 1953 1830 3530 1912; baseline -0.014 -16"><span class='ocrx_word' id='word_1_309' title='bbox 1953 1840 2268 1912; x_wconf 75' lang='lat' dir='ltr'><strong>morborum</strong></span> <span class='ocrx_word' id='word_1_310' title='bbox 2325 1850 2522 1892; x_wconf 88' lang='lat' dir='ltr'><strong>causas</strong></span> <span class='ocrx_word' id='word_1_311' title='bbox 2569 1851 2586 1889; x_wconf 87' lang='lat'><strong>:</strong></span> <span class='ocrx_word' id='word_1_312' title='bbox 2645 1834 2728 1888; x_wconf 88' lang='lat' dir='ltr'><strong>sic</strong></span> <span class='ocrx_word' id='word_1_313' title='bbox 2779 1841 2834 1886; x_wconf 89' lang='lat' dir='ltr'><strong>et</strong></span> <span class='ocrx_word' id='word_1_314' title='bbox 2884 1830 3103 1884; x_wconf 87' lang='lat' dir='ltr'><strong>animus</strong></span> <span class='ocrx_word' id='word_1_315' title='bbox 3155 1831 3530 1878; x_wconf 86' lang='lat' dir='ltr'><strong>transversum</strong></span> 
     </span>
    </p>
   </div>
   <div class='ocr_carea' id='block_1_49' title="bbox 1954 1910 3626 1996">
    <p class='ocr_par' dir='ltr' id='par_1_49' title="bbox 1954 1910 3626 1996">
     <span class='ocr_line' id='line_1_49' title="bbox 1954 1910 3626 1996; baseline -0.017 -7"><span class='ocrx_word' id='word_1_316' title='bbox 1954 1910 2132 1996; x_wconf 79' lang='lat' dir='ltr'><strong>actus,</strong></span> <span class='ocrx_word' id='word_1_317' title='bbox 2191 1930 2281 1984; x_wconf 91' lang='lat' dir='ltr'><strong>ubi</strong></span> <span class='ocrx_word' id='word_1_318' title='bbox 2339 1928 2594 1982; x_wconf 85' lang='lat' dir='ltr'><strong>stabilem</strong></span> <span class='ocrx_word' id='word_1_319' title='bbox 2652 1922 2867 1980; x_wconf 87' lang='lat' dir='ltr'><strong>consilii</strong></span> <span class='ocrx_word' id='word_1_320' title='bbox 2915 1919 3229 1975; x_wconf 80' lang='lat' dir='ltr'><strong>ﬁrmitatem</strong></span> <span class='ocrx_word' id='word_1_321' title='bbox 3263 1910 3530 1974; x_wconf 87' lang='lat' dir='ltr'><strong>amiserit,</strong></span> <span class='ocrx_word' id='word_1_322' title='bbox 3614 1960 3626 1966; x_wconf 85' lang='lat'><em>_</em></span> 
     </span>
    </p>
   </div>
   <div class='ocr_carea' id='block_1_50' title="bbox 1955 2003 3532 2086">
    <p class='ocr_par' dir='ltr' id='par_1_50' title="bbox 1955 2003 3532 2086">
     <span class='ocr_line' id='line_1_50' title="bbox 1955 2003 3532 2086; baseline -0.017 -6"><span class='ocrx_word' id='word_1_323' title='bbox 1955 2035 2158 2080; x_wconf 81' lang='lat' dir='ltr'><strong>temere</strong></span> <span class='ocrx_word' id='word_1_324' title='bbox 2196 2023 2298 2077; x_wconf 84' lang='lat' dir='ltr'><strong>hoc</strong></span> <span class='ocrx_word' id='word_1_325' title='bbox 2335 2029 2389 2074; x_wconf 86' lang='lat' dir='ltr'><strong>et</strong></span> <span class='ocrx_word' id='word_1_326' title='bbox 2438 2017 2570 2073; x_wconf 85' lang='lat' dir='ltr'><strong>illud</strong></span> <span class='ocrx_word' id='word_1_327' title='bbox 2621 2015 2952 2086; x_wconf 76' lang='lat' dir='ltr'><strong>aggreditur,</strong></span> <span class='ocrx_word' id='word_1_328' title='bbox 3015 2022 3190 2078; x_wconf 88' lang='lat' dir='ltr'><strong>neque</strong></span> <span class='ocrx_word' id='word_1_329' title='bbox 3243 2003 3532 2058; x_wconf 84' lang='lat' dir='ltr'><strong>utilitatem</strong></span> 
     </span>
    </p>
   </div>
   <div class='ocr_carea' id='block_1_51' title="bbox 1956 2097 3536 2185">
    <p class='ocr_par' dir='ltr' id='par_1_51' title="bbox 1956 2097 3536 2185">
     <span class='ocr_line' id='line_1_51' title="bbox 1956 2097 3536 2185; baseline -0.018 -11"><span class='ocrx_word' id='word_1_330' title='bbox 1956 2119 2122 2174; x_wconf 91' lang='lat' dir='ltr'><strong>ullam</strong></span> <span class='ocrx_word' id='word_1_331' title='bbox 2154 2112 2490 2185; x_wconf 89' lang='lat' dir='ltr'><strong>propositam</strong></span> <span class='ocrx_word' id='word_1_332' title='bbox 2531 2110 2713 2164; x_wconf 89' lang='lat' dir='ltr'><strong>habet.</strong></span> <span class='ocrx_word' id='word_1_333' title='bbox 2743 2105 2876 2160; x_wconf 83' lang='lat' dir='ltr'><strong>Nam</strong></span> <span class='ocrx_word' id='word_1_334' title='bbox 2911 2105 2958 2158; x_wconf 89' lang='lat' dir='ltr'><strong>si</strong></span> <span class='ocrx_word' id='word_1_335' title='bbox 2991 2116 3144 2172; x_wconf 89' lang='lat' dir='ltr'><strong>opes,</strong></span> <span class='ocrx_word' id='word_1_336' title='bbox 3188 2097 3384 2166; x_wconf 83' lang='lat' dir='ltr'><strong>inquit,</strong></span> <span class='ocrx_word' id='word_1_337' title='bbox 3417 2107 3536 2185; x_wconf 86' lang='lat' dir='ltr'><strong>ma-</strong></span> 
     </span>
    </p>
   </div>
   <div class='ocr_carea' id='block_1_52' title="bbox 1957 2184 3538 2280">
    <p class='ocr_par' dir='ltr' id='par_1_52' title="bbox 1957 2184 3538 2280">
     <span class='ocr_line' id='line_1_52' title="bbox 1957 2184 3538 2280; baseline -0.018 -16"><span class='ocrx_word' id='word_1_338' title='bbox 1957 2209 2080 2280; x_wconf 88' lang='lat' dir='ltr'><strong>gnis</strong></span> <span class='ocrx_word' id='word_1_339' title='bbox 2114 2184 2237 2276; x_wconf 74' lang='lat' dir='ltr'><strong>ejus</strong></span> <span class='ocrx_word' id='word_1_340' title='bbox 2270 2203 2552 2258; x_wconf 87' lang='lat' dir='ltr'><strong>laboribus</strong></span> <span class='ocrx_word' id='word_1_341' title='bbox 2599 2199 2691 2269; x_wconf 89' lang='lat' dir='ltr'><strong>qui</strong></span> <span class='ocrx_word' id='word_1_342' title='bbox 2741 2195 3006 2264; x_wconf 79' lang='lat' dir='ltr'><strong>congerit,</strong></span> <span class='ocrx_word' id='word_1_343' title='bbox 3040 2201 3093 2246; x_wconf 90' lang='lat' dir='ltr'><strong>et</strong></span> <span class='ocrx_word' id='word_1_344' title='bbox 3123 2189 3322 2258; x_wconf 74' lang='lat' dir='ltr'><strong>sudore</strong></span> <span class='ocrx_word' id='word_1_345' title='bbox 3362 2184 3538 2240; x_wconf 88' lang='lat' dir='ltr'><strong>multo</strong></span> 
     </span>
    </p>
   </div>
   <div class='ocr_carea' id='block_1_53' title="bbox 1957 2281 3538 2370">
    <p class='ocr_par' dir='ltr' id='par_1_53' title="bbox 1957 2281 3538 2370">
     <span class='ocr_line' id='line_1_53' title="bbox 1957 2281 3538 2370; baseline -0.018 -13"><span class='ocrx_word' id='word_1_346' title='bbox 1957 2317 2022 2356; x_wconf 90' lang='lat' dir='ltr'><strong>ac</strong></span> <span class='ocrx_word' id='word_1_347' title='bbox 2049 2295 2389 2370; x_wconf 87' lang='lat' dir='ltr'><strong>parcimonia</strong></span> <span class='ocrx_word' id='word_1_348' title='bbox 2422 2298 2855 2362; x_wconf 67' lang='lat' dir='ltr'><strong>comparantur;</strong></span> <span class='ocrx_word' id='word_1_349' title='bbox 2903 2301 3046 2354; x_wconf 65' lang='lat' dir='ltr'><strong>saepe</strong></span> <span class='ocrx_word' id='word_1_350' title='bbox 3077 2283 3237 2338; x_wconf 83' lang='lat' dir='ltr'><strong>etiam</strong></span> <span class='ocrx_word' id='word_1_351' title='bbox 3266 2281 3320 2333; x_wconf 89' lang='lat' dir='ltr'><strong>in</strong></span> <span class='ocrx_word' id='word_1_352' title='bbox 3352 2283 3538 2332; x_wconf 89' lang='lat' dir='ltr'><strong>custo-</strong></span> 
     </span>
    </p>
   </div>
   <div class='ocr_carea' id='block_1_54' title="bbox 1957 2367 3534 2460">
    <p class='ocr_par' dir='ltr' id='par_1_54' title="bbox 1957 2367 3534 2460">
     <span class='ocr_line' id='line_1_54' title="bbox 1957 2367 3534 2460; baseline -0.018 -13"><span class='ocrx_word' id='word_1_353' title='bbox 1957 2367 2369 2460; x_wconf 42' lang='lat' dir='ltr'><strong>dis—perniciem</strong></span> <span class='ocrx_word' id='word_1_354' title='bbox 2427 2383 2679 2454; x_wconf 76' lang='lat' dir='ltr'><strong>sepositas</strong></span> <span class='ocrx_word' id='word_1_355' title='bbox 2712 2379 3094 2448; x_wconf 88' lang='lat' dir='ltr'><strong>reperiuntur;</strong></span> <span class='ocrx_word' id='word_1_356' title='bbox 3153 2372 3348 2427; x_wconf 83' lang='lat' dir='ltr'><strong>malum</strong></span> <span class='ocrx_word' id='word_1_357' title='bbox 3393 2367 3534 2423; x_wconf 88' lang='lat' dir='ltr'><strong>enim</strong></span> 
     </span>
    </p>
   </div>
   <div class='ocr_carea' id='block_1_55' title="bbox 1959 2461 3540 2550">
    <p class='ocr_par' dir='ltr' id='par_1_55' title="bbox 1959 2461 3540 2550">
     <span class='ocr_line' id='line_1_55' title="bbox 1959 2461 3540 2550; baseline -0.017 -11"><span class='ocrx_word' id='word_1_358' title='bbox 1959 2482 2248 2539; x_wconf 77' lang='lat' dir='ltr'><strong>manifesto</strong></span> <span class='ocrx_word' id='word_1_359' title='bbox 2290 2495 2390 2550; x_wconf 90' lang='lat' dir='ltr'><strong>pro</strong></span> <span class='ocrx_word' id='word_1_360' title='bbox 2439 2476 2670 2548; x_wconf 79' lang='lat' dir='ltr'><strong>pernicie</strong></span> <span class='ocrx_word' id='word_1_361' title='bbox 2705 2471 3029 2541; x_wconf 81' lang='lat' dir='ltr'><strong>usurpavit:</strong></span> <span class='ocrx_word' id='word_1_362' title='bbox 3065 2477 3178 2522; x_wconf 89' lang='lat' dir='ltr'><strong>tum</strong></span> <span class='ocrx_word' id='word_1_363' title='bbox 3241 2461 3540 2519; x_wconf 84' lang='lat' dir='ltr'><strong>tentatione</strong></span> 
     </span>
    </p>
   </div>
   <div class='ocr_carea' id='block_1_56' title="bbox 1961 2547 3540 2642">
    <p class='ocr_par' dir='ltr' id='par_1_56' title="bbox 1961 2547 3540 2642">
     <span class='ocr_line' id='line_1_56' title="bbox 1961 2547 3540 2642; baseline -0.016 -13"><span class='ocrx_word' id='word_1_364' title='bbox 1961 2575 2143 2642; x_wconf 79' lang='lat' dir='ltr'><strong>aliqua</strong></span> <span class='ocrx_word' id='word_1_365' title='bbox 2189 2547 2396 2636; x_wconf 78' lang='lat' dir='ltr'><strong>oblata,</strong></span> <span class='ocrx_word' id='word_1_366' title='bbox 2451 2575 2672 2636; x_wconf 87' lang='lat' dir='ltr'><strong>repente</strong></span> <span class='ocrx_word' id='word_1_367' title='bbox 2715 2563 3052 2630; x_wconf 87' lang='lat' dir='ltr'><strong>dispereunt,</strong></span> <span class='ocrx_word' id='word_1_368' title='bbox 3097 2553 3439 2610; x_wconf 68' lang='lat' dir='ltr'><strong>transmissae</strong></span> <span class='ocrx_word' id='word_1_369' title='bbox 3469 2547 3540 2602; x_wconf 91' lang='lat' dir='ltr'><strong>ad</strong></span> 
     </span>
    </p>
   </div>
   <div class='ocr_carea' id='block_1_57' title="bbox 1963 2644 3542 2731">
    <p class='ocr_par' dir='ltr' id='par_1_57' title="bbox 1963 2644 3542 2731">
     <span class='ocr_line' id='line_1_57' title="bbox 1963 2644 3542 2731; baseline -0.017 -10"><span class='ocrx_word' id='word_1_370' title='bbox 1963 2666 2121 2728; x_wconf 84' lang='lat' dir='ltr'><strong>alios,</strong></span> <span class='ocrx_word' id='word_1_371' title='bbox 2151 2674 2387 2731; x_wconf 89' lang='lat' dir='ltr'><strong>eumque</strong></span> <span class='ocrx_word' id='word_1_372' title='bbox 2439 2657 2494 2712; x_wconf 91' lang='lat' dir='ltr'><strong>in</strong></span> <span class='ocrx_word' id='word_1_373' title='bbox 2528 2657 2688 2723; x_wconf 85' lang='lat' dir='ltr'><strong>cujus</strong></span> <span class='ocrx_word' id='word_1_374' title='bbox 2729 2650 3006 2720; x_wconf 88' lang='lat' dir='ltr'><strong>mancipio</strong></span> <span class='ocrx_word' id='word_1_375' title='bbox 3042 2655 3219 2712; x_wconf 89' lang='lat' dir='ltr'><strong>erant,</strong></span> <span class='ocrx_word' id='word_1_376' title='bbox 3252 2644 3456 2698; x_wconf 87' lang='lat' dir='ltr'><strong>nudum</strong></span> <span class='ocrx_word' id='word_1_377' title='bbox 3487 2649 3542 2694; x_wconf 89' lang='lat' dir='ltr'><strong>et</strong></span> 
     </span>
    </p>
   </div>
   <div class='ocr_carea' id='block_1_58' title="bbox 1964 2731 3543 2814">
    <p class='ocr_par' dir='ltr' id='par_1_58' title="bbox 1964 2731 3543 2814">
     <span class='ocr_line' id='line_1_58' title="bbox 1964 2731 3543 2814; baseline -0.018 -1"><span class='ocrx_word' id='word_1_378' title='bbox 1964 2757 2115 2814; x_wconf 91' lang='lat' dir='ltr'><strong>omni</strong></span> <span class='ocrx_word' id='word_1_379' title='bbox 2150 2753 2346 2810; x_wconf 86' lang='lat' dir='ltr'><strong>solatio</strong></span> <span class='ocrx_word' id='word_1_380' title='bbox 2393 2751 2644 2804; x_wconf 87' lang='lat' dir='ltr'><strong>orbatum</strong></span> <span class='ocrx_word' id='word_1_381' title='bbox 2703 2745 3038 2814; x_wconf 88' lang='lat' dir='ltr'><strong>relinquunt.</strong></span> <span class='ocrx_word' id='word_1_382' title='bbox 3087 2739 3198 2792; x_wconf 82' lang='lat' dir='ltr'><strong>Aut</strong></span> <span class='ocrx_word' id='word_1_383' title='bbox 3241 2735 3409 2797; x_wconf 90' lang='lat' dir='ltr'><strong>enim,</strong></span> <span class='ocrx_word' id='word_1_384' title='bbox 3449 2731 3543 2785; x_wconf 90' lang='lat' dir='ltr'><strong>illo</strong></span> 
     </span>
    </p>
   </div>
   <div class='ocr_carea' id='block_1_59' title="bbox 1965 2832 3544 2918">
    <p class='ocr_par' dir='ltr' id='par_1_59' title="bbox 1965 2832 3544 2918">
     <span class='ocr_line' id='line_1_59' title="bbox 1965 2832 3544 2918; baseline -0.018 -12"><span class='ocrx_word' id='word_1_385' title='bbox 1965 2851 2036 2906; x_wconf 90' lang='lat' dir='ltr'><strong>ob</strong></span> <span class='ocrx_word' id='word_1_386' title='bbox 2064 2850 2212 2918; x_wconf 89' lang='lat' dir='ltr'><strong>ipsas</strong></span> <span class='ocrx_word' id='word_1_387' title='bbox 2237 2845 2456 2901; x_wconf 90' lang='lat' dir='ltr'><strong>divitias</strong></span> <span class='ocrx_word' id='word_1_388' title='bbox 2485 2843 2860 2898; x_wconf 86' lang='lat' dir='ltr'><strong>circumvento</strong></span> <span class='ocrx_word' id='word_1_389' title='bbox 2881 2847 2936 2893; x_wconf 89' lang='lat' dir='ltr'><strong>et</strong></span> <span class='ocrx_word' id='word_1_390' title='bbox 2963 2832 3255 2890; x_wconf 86' lang='lat' dir='ltr'><strong>calumniis</strong></span> <span class='ocrx_word' id='word_1_391' title='bbox 3279 2839 3544 2909; x_wconf 70' lang='lat' dir='ltr'><strong>oppresso</strong></span> 
     </span>
    </p>
   </div>
   <div class='ocr_carea' id='block_1_60' title="bbox 1968 2925 3546 3010">
    <p class='ocr_par' dir='ltr' id='par_1_60' title="bbox 1968 2925 3546 3010">
     <span class='ocr_line' id='line_1_60' title="bbox 1968 2925 3546 3010; baseline -0.018 -14"><span class='ocrx_word' id='word_1_392' title='bbox 1968 2941 2266 3010; x_wconf 83' lang='lat' dir='ltr'><strong>capitisque</strong></span> <span class='ocrx_word' id='word_1_393' title='bbox 2307 2937 2587 2998; x_wconf 88' lang='lat' dir='ltr'><strong>damnato,</strong></span> <span class='ocrx_word' id='word_1_394' title='bbox 2632 2938 2899 3002; x_wconf 84' lang='lat' dir='ltr'><strong>quantum</strong></span> <span class='ocrx_word' id='word_1_395' title='bbox 2949 2925 3186 2980; x_wconf 88' lang='lat' dir='ltr'><strong>habebat</strong></span> <span class='ocrx_word' id='word_1_396' title='bbox 3220 2934 3382 2989; x_wconf 89' lang='lat' dir='ltr'><strong>opum</strong></span> <span class='ocrx_word' id='word_1_397' title='bbox 3413 2930 3546 2986; x_wconf 88' lang='lat' dir='ltr'><strong>pro-</strong></span> 
     </span>
    </p>
   </div>
   <div class='ocr_carea' id='block_1_61' title="bbox 279 3010 1868 3127">
    <p class='ocr_par' dir='ltr' id='par_1_61' title="bbox 279 3024 1866 3099">
     <span class='ocr_line' id='line_1_61' title="bbox 279 3024 1866 3099; baseline -0.006 -14"><span class='ocrx_word' id='word_1_398' title='bbox 279 3032 476 3093; x_wconf 76' lang='grc' dir='ltr'>θέντος</span> <span class='ocrx_word' id='word_1_399' title='bbox 519 3031 615 3094; x_wconf 75' lang='grc' dir='ltr'>καὶ</span> <span class='ocrx_word' id='word_1_400' title='bbox 665 3029 1170 3099; x_wconf 80' lang='grc' dir='ltr'>συκοφαντηθέντος</span> <span class='ocrx_word' id='word_1_401' title='bbox 1217 3027 1306 3080; x_wconf 77' lang='grc' dir='ltr'><strong>διὰ</strong></span> <span class='ocrx_word' id='word_1_402' title='bbox 1357 3027 1450 3080; x_wconf 82' lang='grc' dir='ltr'>τὸν</span> <span class='ocrx_word' id='word_1_403' title='bbox 1483 3025 1735 3090; x_wconf 88' lang='grc' dir='ltr'>πλοῦτον,</span> <span class='ocrx_word' id='word_1_404' title='bbox 1771 3024 1866 3078; x_wconf 73' lang='grc' dir='ltr'><strong>καὶ</strong></span> 
     </span>
    </p>
   </div>
   <div class='ocr_carea' id='block_1_62' title="bbox 1969 3010 3541 3127">
    <p class='ocr_par' dir='ltr' id='par_1_62' title="bbox 1970 3010 3541 3098">
     <span class='ocr_line' id='line_1_62' title="bbox 1970 3010 3541 3098; baseline -0.018 -10"><span class='ocrx_word' id='word_1_405' title='bbox 1970 3033 2246 3095; x_wconf 86' lang='lat' dir='ltr'><strong>scribitur,</strong></span> <span class='ocrx_word' id='word_1_406' title='bbox 2278 3037 2332 3084; x_wconf 83' lang='lat' dir='ltr'><strong>et</strong></span> <span class='ocrx_word' id='word_1_407' title='bbox 2370 3027 2550 3098; x_wconf 83' lang='lat' dir='ltr'><strong>regios</strong></span> <span class='ocrx_word' id='word_1_408' title='bbox 2583 3027 2638 3078; x_wconf 94' lang='lat' dir='ltr'><strong>in</strong></span> <span class='ocrx_word' id='word_1_409' title='bbox 2685 3024 2848 3078; x_wconf 83' lang='lat' dir='ltr'><strong>ﬁscos</strong></span> <span class='ocrx_word' id='word_1_410' title='bbox 2895 3017 3130 3074; x_wconf 77' lang='lat' dir='ltr'><strong>infertur</strong></span> <span class='ocrx_word' id='word_1_411' title='bbox 3163 3033 3178 3069; x_wconf 89' lang='lat'><strong>:</strong></span> <span class='ocrx_word' id='word_1_412' title='bbox 3233 3020 3328 3067; x_wconf 89' lang='lat' dir='ltr'><strong>aut</strong></span> <span class='ocrx_word' id='word_1_413' title='bbox 3354 3010 3541 3064; x_wconf 81' lang='lat' dir='ltr'><strong>eodem</strong></span> 
     </span>
    </p>
   </div>
   <div class='ocr_carea' id='block_1_63' title="bbox 276 3103 1868 3192">
    <p class='ocr_par' dir='ltr' id='par_1_63' title="bbox 276 3117 1866 3192">
     <span class='ocr_line' id='line_1_63' title="bbox 276 3117 1866 3192; baseline -0.007 -14"><span class='ocrx_word' id='word_1_414' title='bbox 276 3123 387 3192; x_wconf 74' lang='grc' dir='ltr'>τὴν</span> <span class='ocrx_word' id='word_1_415' title='bbox 417 3122 654 3192; x_wconf 78' lang='grc' dir='ltr'>ἐσχάτην</span> <span class='ocrx_word' id='word_1_416' title='bbox 674 3121 948 3191; x_wconf 88' lang='grc' dir='ltr'>τιμωρίαν</span> <span class='ocrx_word' id='word_1_417' title='bbox 979 3119 1430 3189; x_wconf 78' lang='grc' dir='ltr'>κατακριθέντος,</span> <span class='ocrx_word' id='word_1_418' title='bbox 1461 3117 1735 3188; x_wconf 78' lang='grc' dir='ltr'>ἐδημεύθη</span> <span class='ocrx_word' id='word_1_419' title='bbox 1772 3117 1866 3168; x_wconf 77' lang='grc' dir='ltr'>καὶ</span> 
     </span>
    </p>
   </div>
   <div class='ocr_carea' id='block_1_64' title="bbox 1969 3103 3546 3192">
    <p class='ocr_par' dir='ltr' id='par_1_64' title="bbox 1970 3103 3546 3192">
     <span class='ocr_line' id='line_1_64' title="bbox 1970 3103 3546 3192; baseline -0.018 -14"><span class='ocrx_word' id='word_1_420' title='bbox 1970 3124 2022 3178; x_wconf 92' lang='lat' dir='ltr'><strong>in</strong></span> <span class='ocrx_word' id='word_1_421' title='bbox 2075 3121 2373 3192; x_wconf 86' lang='lat' dir='ltr'><strong>piratarum</strong></span> <span class='ocrx_word' id='word_1_422' title='bbox 2420 3114 2651 3170; x_wconf 86' lang='lat' dir='ltr'><strong>insidias</strong></span> <span class='ocrx_word' id='word_1_423' title='bbox 2701 3121 2756 3168; x_wconf 91' lang='lat' dir='ltr'><strong>ct</strong></span> <span class='ocrx_word' id='word_1_424' title='bbox 2808 3110 3125 3182; x_wconf 68' lang='lat' dir='ltr'><strong>praedonum</strong></span> <span class='ocrx_word' id='word_1_425' title='bbox 3178 3103 3546 3158; x_wconf 87' lang='lat' dir='ltr'><strong>incursionem</strong></span> 
     </span>
    </p>
   </div>
   <div class='ocr_carea' id='block_1_65' title="bbox 277 3203 1868 3280">
    <p class='ocr_par' dir='ltr' id='par_1_65' title="bbox 277 3203 1868 3280">
     <span class='ocr_line' id='line_1_65' title="bbox 277 3203 1868 3280; baseline -0.006 -14"><span class='ocrx_word' id='word_1_426' title='bbox 277 3215 398 3276; x_wconf 78' lang='grc' dir='ltr'>τοῖς</span> <span class='ocrx_word' id='word_1_427' title='bbox 452 3211 754 3280; x_wconf 86' lang='grc' dir='ltr'>βασιλικοῖς</span> <span class='ocrx_word' id='word_1_428' title='bbox 788 3209 1052 3280; x_wconf 72' lang='grc' dir='ltr'>ἐνεϐλήθη</span> <span class='ocrx_word' id='word_1_429' title='bbox 1091 3207 1364 3278; x_wconf 83' lang='grc' dir='ltr'>ταμιείοις</span> <span class='ocrx_word' id='word_1_430' title='bbox 1395 3208 1424 3262; x_wconf 88' lang='grc' dir='ltr'><strong>ό</strong></span> <span class='ocrx_word' id='word_1_431' title='bbox 1451 3205 1672 3272; x_wconf 87' lang='grc' dir='ltr'>προσὼν</span> <span class='ocrx_word' id='word_1_432' title='bbox 1715 3203 1868 3276; x_wconf 82' lang='grc' dir='ltr'>αύτῷ</span> 
     </span>
    </p>
   </div>
   <div class='ocr_carea' id='block_1_66' title="bbox 281 3294 1870 3374">
    <p class='ocr_par' dir='ltr' id='par_1_66' title="bbox 281 3294 1870 3374">
     <span class='ocr_line' id='line_1_66' title="bbox 281 3294 1870 3374; baseline -0.004 -16"><span class='ocrx_word' id='word_1_433' title='bbox 281 3303 522 3367; x_wconf 89' lang='grc' dir='ltr'>πλοῦτος</span> <span class='ocrx_word' id='word_1_434' title='bbox 541 3319 556 3334; x_wconf 77' lang='grc' dir='ltr'><strong><em>ο</em></strong></span> <span class='ocrx_word' id='word_1_435' title='bbox 586 3303 620 3374; x_wconf 80' lang='grc' dir='ltr'>ἢ</span> <span class='ocrx_word' id='word_1_436' title='bbox 652 3301 927 3374; x_wconf 88' lang='grc' dir='ltr'>πειρατῶν</span> <span class='ocrx_word' id='word_1_437' title='bbox 955 3301 1048 3355; x_wconf 79' lang='grc' dir='ltr'><strong>καὶ</strong></span> <span class='ocrx_word' id='word_1_438' title='bbox 1072 3294 1287 3372; x_wconf 71' lang='grc' dir='ltr'>λῃστῶν</span> <span class='ocrx_word' id='word_1_439' title='bbox 1318 3300 1527 3369; x_wconf 78' lang='grc' dir='ltr'>ἐφόδοις</span> <span class='ocrx_word' id='word_1_440' title='bbox 1553 3297 1648 3353; x_wconf 78' lang='grc' dir='ltr'>καὶ</span> <span class='ocrx_word' id='word_1_441' title='bbox 1675 3297 1870 3368; x_wconf 84' lang='grc' dir='ltr'>λεηλα-</span> 
     </span>
    </p>
   </div>
   <div class='ocr_carea' id='block_1_67' title="bbox 283 3389 1870 3464">
    <p class='ocr_par' dir='ltr' id='par_1_67' title="bbox 283 3389 1870 3464">
     <span class='ocr_line' id='line_1_67' title="bbox 283 3389 1870 3464; baseline -0.007 -13"><span class='ocrx_word' id='word_1_442' title='bbox 283 3397 437 3458; x_wconf 87' lang='grc' dir='ltr'>σίαις</span> <span class='ocrx_word' id='word_1_443' title='bbox 463 3394 892 3464; x_wconf 82' lang='grc' dir='ltr'>κατηντηκότος,</span> <span class='ocrx_word' id='word_1_444' title='bbox 925 3393 1020 3446; x_wconf 75' lang='grc' dir='ltr'>καὶ</span> <span class='ocrx_word' id='word_1_445' title='bbox 1048 3392 1335 3461; x_wconf 76' lang='grc' dir='ltr'>γεγονότος</span> <span class='ocrx_word' id='word_1_446' title='bbox 1379 3390 1419 3461; x_wconf 63' lang='grc' dir='ltr'>ἢ</span> <span class='ocrx_word' id='word_1_447' title='bbox 1455 3389 1619 3460; x_wconf 76' lang='grc' dir='ltr'>ἔργου</span> <span class='ocrx_word' id='word_1_448' title='bbox 1663 3389 1870 3460; x_wconf 79' lang='grc' dir='ltr'>αἰχμῆς</span> 
     </span>
    </p>
   </div>
   <div class='ocr_carea' id='block_1_68' title="bbox 283 3478 1870 3560">
    <p class='ocr_par' dir='ltr' id='par_1_68' title="bbox 283 3478 1870 3560">
     <span class='ocr_line' id='line_1_68' title="bbox 283 3478 1870 3560; baseline -0.007 -19"><span class='ocrx_word' id='word_1_449' title='bbox 283 3489 319 3560; x_wconf 84' lang='grc' dir='ltr'>ἢ</span> <span class='ocrx_word' id='word_1_450' title='bbox 350 3487 597 3541; x_wconf 82' lang='grc' dir='ltr'>θανάτου</span> <span class='ocrx_word' id='word_1_451' title='bbox 631 3484 1005 3554; x_wconf 86' lang='grc' dir='ltr'>φευκτοτέρας</span> <span class='ocrx_word' id='word_1_452' title='bbox 1035 3483 1341 3552; x_wconf 81' lang='grc' dir='ltr'><strong>ἀπαγωγῆς</strong></span> <span class='ocrx_word' id='word_1_453' title='bbox 1375 3481 1468 3534; x_wconf 79' lang='grc' dir='ltr'>καὶ</span> <span class='ocrx_word' id='word_1_454' title='bbox 1504 3479 1766 3543; x_wconf 86' lang='grc' dir='ltr'>δουλείας,</span> <span class='ocrx_word' id='word_1_455' title='bbox 1793 3478 1870 3548; x_wconf 83' lang='grc' dir='ltr'><strong>τῷ</strong></span> 
     </span>
    </p>
   </div>
   <div class='ocr_carea' id='block_1_69' title="bbox 287 3569 1871 3647">
    <p class='ocr_par' dir='ltr' id='par_1_69' title="bbox 287 3569 1871 3647">
     <span class='ocr_line' id='line_1_69' title="bbox 287 3569 1871 3647; baseline -0.008 -15"><span class='ocrx_word' id='word_1_456' title='bbox 287 3577 570 3647; x_wconf 83' lang='grc' dir='ltr'>συμϐάντι</span> <span class='ocrx_word' id='word_1_457' title='bbox 605 3575 896 3645; x_wconf 86' lang='grc' dir='ltr'>πειρασμῷ</span> <span class='ocrx_word' id='word_1_458' title='bbox 933 3575 1029 3628; x_wconf 78' lang='grc' dir='ltr'>καὶ</span> <span class='ocrx_word' id='word_1_459' title='bbox 1055 3576 1120 3644; x_wconf 78' lang='grc' dir='ltr'><strong>τῇ</strong></span> <span class='ocrx_word' id='word_1_460' title='bbox 1151 3571 1382 3643; x_wconf 78' lang='grc' dir='ltr'>τοιαύτῃ</span> <span class='ocrx_word' id='word_1_461' title='bbox 1410 3571 1665 3640; x_wconf 82' lang='grc' dir='ltr'>συμφορᾷ</span> <span class='ocrx_word' id='word_1_462' title='bbox 1693 3569 1787 3621; x_wconf 70' lang='grc' dir='ltr'>καὶ</span> <span class='ocrx_word' id='word_1_463' title='bbox 1810 3569 1871 3620; x_wconf 78' lang='grc' dir='ltr'>τὸ</span> 
     </span>
    </p>
   </div>
   <div class='ocr_carea' id='block_1_70' title="bbox 287 3657 1873 3729">
    <p class='ocr_par' dir='ltr' id='par_1_70' title="bbox 287 3657 1873 3729">
     <span class='ocr_line' id='line_1_70' title="bbox 287 3657 1873 3729; baseline -0.007 -9"><span class='ocrx_word' id='word_1_464' title='bbox 287 3667 390 3720; x_wconf 84' lang='grc' dir='ltr'><strong>τοῦ</strong></span> <span class='ocrx_word' id='word_1_465' title='bbox 422 3665 658 3718; x_wconf 84' lang='grc' dir='ltr'>πλούτου</span> <span class='ocrx_word' id='word_1_466' title='bbox 693 3664 944 3715; x_wconf 85' lang='grc' dir='ltr'>πλεῖστον</span> <span class='ocrx_word' id='word_1_467' title='bbox 993 3661 1302 3728; x_wconf 84' lang='grc' dir='ltr'>συναπῆλθε</span> <span class='ocrx_word' id='word_1_468' title='bbox 1345 3661 1440 3714; x_wconf 78' lang='grc' dir='ltr'>καὶ</span> <span class='ocrx_word' id='word_1_469' title='bbox 1490 3657 1873 3729; x_wconf 86' lang='grc' dir='ltr'>συμμετῆλθεν</span> 
     </span>
    </p>
   </div>
   <div class='ocr_carea' id='block_1_71' title="bbox 291 3737 1874 3824">
    <p class='ocr_par' dir='ltr' id='par_1_71' title="bbox 291 3737 1874 3824">
     <span class='ocr_line' id='line_1_71' title="bbox 291 3737 1874 3824; baseline -0.008 -12"><span class='ocrx_word' id='word_1_470' title='bbox 291 3760 376 3820; x_wconf 82' lang='grc' dir='ltr'><strong>είς</strong></span> <span class='ocrx_word' id='word_1_471' title='bbox 404 3755 508 3818; x_wconf 79' lang='grc' dir='ltr'>τὰς</span> <span class='ocrx_word' id='word_1_472' title='bbox 537 3755 762 3809; x_wconf 76' lang='grc' dir='ltr'>ἐκείνων</span> <span class='ocrx_word' id='word_1_473' title='bbox 797 3737 1006 3824; x_wconf 81' lang='grc' dir='ltr'>χεῖρας.</span> <span class='ocrx_word' id='word_1_474' title='bbox 1033 3751 1189 3822; x_wconf 81' lang='grc' dir='ltr'>Τάχα</span> <span class='ocrx_word' id='word_1_475' title='bbox 1212 3751 1268 3804; x_wconf 84' lang='grc' dir='ltr'>δὲ</span> <span class='ocrx_word' id='word_1_476' title='bbox 1293 3751 1388 3804; x_wconf 78' lang='grc' dir='ltr'>καὶ</span> <span class='ocrx_word' id='word_1_477' title='bbox 1410 3748 1554 3804; x_wconf 85' lang='grc' dir='ltr'>κατά</span> <span class='ocrx_word' id='word_1_478' title='bbox 1585 3765 1706 3802; x_wconf 89' lang='grc' dir='ltr'>τινα</span> <span class='ocrx_word' id='word_1_479' title='bbox 1737 3749 1874 3818; x_wconf 85' lang='grc' dir='ltr'>σύμ-</span> 
     </span>
    </p>
   </div>
   <div class='ocr_carea' id='block_1_72' title="bbox 293 3835 1878 3913">
    <p class='ocr_par' dir='ltr' id='par_1_72' title="bbox 293 3835 1878 3913">
     <span class='ocr_line' id='line_1_72' title="bbox 293 3835 1878 3913; baseline -0.004 -15"><span class='ocrx_word' id='word_1_480' title='bbox 293 3847 462 3899; x_wconf 84' lang='grc' dir='ltr'>ϐασιν</span> <span class='ocrx_word' id='word_1_481' title='bbox 490 3845 774 3912; x_wconf 83' lang='grc' dir='ltr'>γεγονότος</span> <span class='ocrx_word' id='word_1_482' title='bbox 800 3841 1134 3913; x_wconf 72' lang='grc' dir='ltr'>ἐμπρησμοῦ</span> <span class='ocrx_word' id='word_1_483' title='bbox 1159 3881 1176 3906; x_wconf 90' lang='grc'><strong>,</strong></span> <span class='ocrx_word' id='word_1_484' title='bbox 1216 3841 1340 3895; x_wconf 84' lang='grc' dir='ltr'>κατ’</span> <span class='ocrx_word' id='word_1_485' title='bbox 1386 3839 1538 3893; x_wconf 81' lang='grc' dir='ltr'>οὐδὲν</span> <span class='ocrx_word' id='word_1_486' title='bbox 1565 3835 1729 3910; x_wconf 85' lang='grc' dir='ltr'>ἧττον</span> <span class='ocrx_word' id='word_1_487' title='bbox 1773 3840 1878 3892; x_wconf 85' lang='grc' dir='ltr'>άπ-</span> 
     </span>
    </p>
   </div>
   <div class='ocr_carea' id='block_1_73' title="bbox 293 3930 1879 4006">
    <p class='ocr_par' dir='ltr' id='par_1_73' title="bbox 293 3930 1879 4006">
     <span class='ocr_line' id='line_1_73' title="bbox 293 3930 1879 4006; baseline -0.006 -15"><span class='ocrx_word' id='word_1_488' title='bbox 293 3938 472 3991; x_wconf 85' lang='grc' dir='ltr'>ὡλετο</span> <span class='ocrx_word' id='word_1_489' title='bbox 501 3933 867 4006; x_wconf 78' lang='grc' dir='ltr'>συμφλεχθεὶς</span> <span class='ocrx_word' id='word_1_490' title='bbox 889 3934 924 4006; x_wconf 77' lang='grc' dir='ltr'>ἢ</span> <span class='ocrx_word' id='word_1_491' title='bbox 952 3932 1226 4004; x_wconf 76' lang='grc' dir='ltr'>συληθεὶς,</span> <span class='ocrx_word' id='word_1_492' title='bbox 1261 3933 1357 3990; x_wconf 83' lang='grc' dir='ltr'>καὶ</span> <span class='ocrx_word' id='word_1_493' title='bbox 1386 3933 1416 3984; x_wconf 85' lang='grc' dir='ltr'>ὁ</span> <span class='ocrx_word' id='word_1_494' title='bbox 1443 3930 1671 3994; x_wconf 87' lang='grc' dir='ltr'>πλοῦτος</span> <span class='ocrx_word' id='word_1_495' title='bbox 1705 3945 1879 3998; x_wconf 81' lang='grc' dir='ltr'>πεφυ-</span> 
     </span>
    </p>
   </div>
   <div class='ocr_carea' id='block_1_74' title="bbox 294 4019 1878 4098">
    <p class='ocr_par' dir='ltr' id='par_1_74' title="bbox 294 4019 1878 4098">
     <span class='ocr_line' id='line_1_74' title="bbox 294 4019 1878 4098; baseline -0.008 -16"><span class='ocrx_word' id='word_1_496' title='bbox 294 4027 576 4098; x_wconf 82' lang='grc' dir='ltr'>λαγμένος</span> <span class='ocrx_word' id='word_1_497' title='bbox 620 4025 702 4089; x_wconf 86' lang='grc' dir='ltr'><strong>είς</strong></span> <span class='ocrx_word' id='word_1_498' title='bbox 735 4025 978 4094; x_wconf 84' lang='grc' dir='ltr'>κάκωσιν</span> <span class='ocrx_word' id='word_1_499' title='bbox 1017 4024 1112 4078; x_wconf 78' lang='grc' dir='ltr'>καὶ</span> <span class='ocrx_word' id='word_1_500' title='bbox 1163 4021 1344 4092; x_wconf 71' lang='grc' dir='ltr'>θλίψιν</span> <span class='ocrx_word' id='word_1_501' title='bbox 1387 4019 1483 4074; x_wconf 85' lang='grc' dir='ltr'><strong>τοῦ</strong></span> <span class='ocrx_word' id='word_1_502' title='bbox 1531 4019 1878 4090; x_wconf 79' lang='grc' dir='ltr'>κτησαμένου</span> 
     </span>
    </p>
   </div>
   <div class='ocr_carea' id='block_1_75' title="bbox 295 4107 1880 4190">
    <p class='ocr_par' dir='ltr' id='par_1_75' title="bbox 295 4107 1880 4190">
     <span class='ocr_line' id='line_1_75' title="bbox 295 4107 1880 4190; baseline -0.008 -14"><span class='ocrx_word' id='word_1_503' title='bbox 295 4121 396 4176; x_wconf 77' lang='grc' dir='ltr'>καὶ</span> <span class='ocrx_word' id='word_1_504' title='bbox 418 4119 639 4190; x_wconf 75' lang='grc' dir='ltr'>ἔχοντος</span> <span class='ocrx_word' id='word_1_505' title='bbox 667 4116 810 4172; x_wconf 84' lang='grc' dir='ltr'>κατὰ</span> <span class='ocrx_word' id='word_1_506' title='bbox 839 4116 939 4187; x_wconf 85' lang='grc' dir='ltr'>τὴν</span> <span class='ocrx_word' id='word_1_507' title='bbox 971 4115 1308 4189; x_wconf 69' lang='grc' dir='ltr'>ἀρρωστίαν,</span> <span class='ocrx_word' id='word_1_508' title='bbox 1335 4115 1403 4185; x_wconf 69' lang='grc' dir='ltr'>ἢν</span> <span class='ocrx_word' id='word_1_509' title='bbox 1429 4107 1587 4168; x_wconf 75' lang='grc' dir='ltr'>εἶπεν</span> <span class='ocrx_word' id='word_1_510' title='bbox 1615 4110 1742 4168; x_wconf 75' lang='grc' dir='ltr'><strong>ἰδεῖν</strong></span> <span class='ocrx_word' id='word_1_511' title='bbox 1773 4111 1880 4170; x_wconf 76' lang='grc' dir='ltr'><strong>ὑπὸ</strong></span> 
     </span>
    </p>
   </div>
   <div class='ocr_carea' id='block_1_76' title="bbox 296 4207 1313 4283">
    <p class='ocr_par' dir='ltr' id='par_1_76' title="bbox 296 4207 1313 4283">
     <span class='ocr_line' id='line_1_76' title="bbox 296 4207 1313 4283; baseline -0.004 -17"><span class='ocrx_word' id='word_1_512' title='bbox 296 4213 391 4268; x_wconf 79' lang='grc' dir='ltr'>τὸν</span> <span class='ocrx_word' id='word_1_513' title='bbox 417 4212 571 4283; x_wconf 75' lang='grc' dir='ltr'>ἥλιον</span> <span class='ocrx_word' id='word_1_514' title='bbox 598 4211 628 4264; x_wconf 85' lang='grc' dir='ltr'>ὁ</span> <span class='ocrx_word' id='word_1_515' title='bbox 656 4209 817 4278; x_wconf 77' lang='grc' dir='ltr'>σοφὸς</span> <span class='ocrx_word' id='word_1_516' title='bbox 853 4207 1313 4279; x_wconf 81' lang='grc' dir='ltr'>Ἐκκλησιαστής.</span> 
     </span>
    </p>
   </div>
   <div class='ocr_carea' id='block_1_77' title="bbox 373 4294 1884 4374">
    <p class='ocr_par' dir='ltr' id='par_1_77' title="bbox 373 4294 1884 4374">
     <span class='ocr_line' id='line_1_77' title="bbox 373 4294 1884 4374; baseline -0.007 -15"><span class='ocrx_word' id='word_1_517' title='bbox 373 4307 440 4359; x_wconf 79' lang='lat' dir='ltr'><strong>El</strong></span> <span class='ocrx_word' id='word_1_518' title='bbox 463 4305 526 4359; x_wconf 74' lang='grc' dir='ltr'>δὲ</span> <span class='ocrx_word' id='word_1_519' title='bbox 548 4302 645 4357; x_wconf 78' lang='grc' dir='ltr'>καὶ</span> <span class='ocrx_word' id='word_1_520' title='bbox 670 4301 839 4374; x_wconf 74' lang='grc' dir='ltr'>μηδὲν</span> <span class='ocrx_word' id='word_1_521' title='bbox 867 4299 1110 4370; x_wconf 84' lang='grc' dir='ltr'>συμϐαίη</span> <span class='ocrx_word' id='word_1_522' title='bbox 1135 4297 1398 4361; x_wconf 88' lang='grc' dir='ltr'>τοιοῦτον,</span> <span class='ocrx_word' id='word_1_523' title='bbox 1420 4295 1536 4351; x_wconf 78' lang='grc' dir='ltr'>ἀλλ’</span> <span class='ocrx_word' id='word_1_524' title='bbox 1555 4296 1706 4350; x_wconf 76' lang='grc' dir='ltr'>ἔστιν</span> <span class='ocrx_word' id='word_1_525' title='bbox 1733 4294 1884 4366; x_wconf 83' lang='grc' dir='ltr'>αὐτῷ</span> 
     </span>
    </p>
   </div>
   <div class='ocr_carea' id='block_1_78' title="bbox 1965 3189 3548 3286">
    <p class='ocr_par' dir='ltr' id='par_1_78' title="bbox 1965 3189 3548 3286">
     <span class='ocr_line' id='line_1_78' title="bbox 1965 3189 3548 3286; baseline -0.016 -18"><span class='ocrx_word' id='word_1_526' title='bbox 1965 3189 2242 3286; x_wconf 73' lang='lat' dir='ltr'><strong>prolapso,</strong></span> <span class='ocrx_word' id='word_1_527' title='bbox 2271 3225 2337 3266; x_wconf 90' lang='lat' dir='ltr'><strong>ac</strong></span> <span class='ocrx_word' id='word_1_528' title='bbox 2369 3209 2423 3262; x_wconf 93' lang='lat' dir='ltr'><strong>in</strong></span> <span class='ocrx_word' id='word_1_529' title='bbox 2458 3222 2640 3277; x_wconf 80' lang='lat' dir='ltr'><strong>pugna</strong></span> <span class='ocrx_word' id='word_1_530' title='bbox 2668 3205 2874 3272; x_wconf 82' lang='lat' dir='ltr'><strong>occiso,</strong></span> <span class='ocrx_word' id='word_1_531' title='bbox 2900 3202 3006 3268; x_wconf 85' lang='lat' dir='ltr'><strong>vel,</strong></span> <span class='ocrx_word' id='word_1_532' title='bbox 3058 3196 3218 3268; x_wconf 62' lang='lat'><strong>146</strong></span> <span class='ocrx_word' id='word_1_533' title='bbox 3256 3191 3402 3264; x_wconf 88' lang='lat' dir='ltr'><strong>quod</strong></span> <span class='ocrx_word' id='word_1_534' title='bbox 3437 3189 3548 3286; x_wconf 59' lang='grc' dir='ltr'><strong>(ἓξ)</strong></span> 
     </span>
    </p>
   </div>
   <div class='ocr_carea' id='block_1_79' title="bbox 1969 3284 3550 3367">
    <p class='ocr_par' dir='ltr' id='par_1_79' title="bbox 1969 3284 3550 3367">
     <span class='ocr_line' id='line_1_79' title="bbox 1969 3284 3550 3367; baseline -0.016 -4"><span class='ocrx_word' id='word_1_535' title='bbox 1969 3284 2148 3362; x_wconf 76' lang='lat' dir='ltr'><strong>morte</strong></span> <span class='ocrx_word' id='word_1_536' title='bbox 2199 3303 2441 3358; x_wconf 85' lang='lat' dir='ltr'><strong>deterius</strong></span> <span class='ocrx_word' id='word_1_537' title='bbox 2498 3309 2618 3367; x_wconf 91' lang='lat' dir='ltr'><strong>est,</strong></span> <span class='ocrx_word' id='word_1_538' title='bbox 2669 3300 2726 3352; x_wconf 90' lang='lat' dir='ltr'><strong>in</strong></span> <span class='ocrx_word' id='word_1_539' title='bbox 2782 3295 3100 3352; x_wconf 84' lang='lat' dir='ltr'><strong>servitutem</strong></span> <span class='ocrx_word' id='word_1_540' title='bbox 3159 3289 3429 3350; x_wconf 88' lang='lat' dir='ltr'><strong>abducto,</strong></span> <span class='ocrx_word' id='word_1_541' title='bbox 3494 3284 3550 3338; x_wconf 91' lang='lat' dir='ltr'><strong>in</strong></span> 
     </span>
    </p>
   </div>
   <div class='ocr_carea' id='block_1_80' title="bbox 1970 3378 3552 3468">
    <p class='ocr_par' dir='ltr' id='par_1_80' title="bbox 1970 3378 3552 3468">
     <span class='ocr_line' id='line_1_80' title="bbox 1970 3378 3552 3468; baseline -0.015 -15"><span class='ocrx_word' id='word_1_542' title='bbox 1970 3399 2090 3468; x_wconf 88' lang='lat' dir='ltr'><strong>ipso</strong></span> <span class='ocrx_word' id='word_1_543' title='bbox 2147 3397 2394 3468; x_wconf 88' lang='lat' dir='ltr'><strong>periculo</strong></span> <span class='ocrx_word' id='word_1_544' title='bbox 2444 3404 2498 3448; x_wconf 90' lang='lat' dir='ltr'><strong>ct</strong></span> <span class='ocrx_word' id='word_1_545' title='bbox 2555 3392 2866 3448; x_wconf 83' lang='lat' dir='ltr'><strong>calamitate</strong></span> <span class='ocrx_word' id='word_1_546' title='bbox 2913 3401 3038 3458; x_wconf 85' lang='lat' dir='ltr'><strong>pars</strong></span> <span class='ocrx_word' id='word_1_547' title='bbox 3090 3396 3256 3453; x_wconf 88' lang='lat' dir='ltr'><strong>opum</strong></span> <span class='ocrx_word' id='word_1_548' title='bbox 3312 3378 3552 3433; x_wconf 82' lang='lat' dir='ltr'><strong>maxima</strong></span> 
     </span>
    </p>
   </div>
   <div class='ocr_carea' id='block_1_81' title="bbox 1972 3466 3554 3556">
    <p class='ocr_par' dir='ltr' id='par_1_81' title="bbox 1972 3466 3554 3556">
     <span class='ocr_line' id='line_1_81' title="bbox 1972 3466 3554 3556; baseline -0.013 -16"><span class='ocrx_word' id='word_1_549' title='bbox 1972 3466 2326 3556; x_wconf 72' lang='lat' dir='ltr'><strong>disperditur,</strong></span> <span class='ocrx_word' id='word_1_550' title='bbox 2360 3492 2414 3537; x_wconf 86' lang='lat' dir='ltr'><strong>et</strong></span> <span class='ocrx_word' id='word_1_551' title='bbox 2459 3483 2516 3536; x_wconf 91' lang='lat' dir='ltr'><strong>in</strong></span> <span class='ocrx_word' id='word_1_552' title='bbox 2567 3482 2784 3535; x_wconf 89' lang='lat' dir='ltr'><strong>illorum</strong></span> <span class='ocrx_word' id='word_1_553' title='bbox 2843 3474 3094 3548; x_wconf 84' lang='lat' dir='ltr'><strong>pervenit</strong></span> <span class='ocrx_word' id='word_1_554' title='bbox 3149 3487 3365 3528; x_wconf 89' lang='lat' dir='ltr'><strong>manus.</strong></span> <span class='ocrx_word' id='word_1_555' title='bbox 3416 3466 3554 3522; x_wconf 86' lang='lat' dir='ltr'><strong>For-</strong></span> 
     </span>
    </p>
   </div>
   <div class='ocr_carea' id='block_1_82' title="bbox 1977 3557 3555 3640">
    <p class='ocr_par' dir='ltr' id='par_1_82' title="bbox 1977 3557 3555 3640">
     <span class='ocr_line' id='line_1_82' title="bbox 1977 3557 3555 3640; baseline -0.011 -10"><span class='ocrx_word' id='word_1_556' title='bbox 1977 3587 2124 3630; x_wconf 86' lang='lat' dir='ltr'><strong>tasse</strong></span> <span class='ocrx_word' id='word_1_557' title='bbox 2174 3575 2339 3629; x_wconf 87' lang='lat' dir='ltr'><strong>etiam</strong></span> <span class='ocrx_word' id='word_1_558' title='bbox 2392 3589 2524 3628; x_wconf 89' lang='lat' dir='ltr'><strong>casu</strong></span> <span class='ocrx_word' id='word_1_559' title='bbox 2581 3572 2766 3640; x_wconf 90' lang='lat' dir='ltr'><strong>aliquo</strong></span> <span class='ocrx_word' id='word_1_560' title='bbox 2816 3557 3009 3622; x_wconf 75' lang='lat' dir='ltr'><strong>exorto</strong></span> <span class='ocrx_word' id='word_1_561' title='bbox 3067 3562 3341 3626; x_wconf 84' lang='lat' dir='ltr'><strong>incendio,</strong></span> <span class='ocrx_word' id='word_1_562' title='bbox 3383 3557 3555 3614; x_wconf 82' lang='lat' dir='ltr'><strong>nihilo</strong></span> 
     </span>
    </p>
   </div>
   <div class='ocr_carea' id='block_1_83' title="bbox 1975 3648 3555 3733">
    <p class='ocr_par' dir='ltr' id='par_1_83' title="bbox 1975 3648 3555 3733">
     <span class='ocr_line' id='line_1_83' title="bbox 1975 3648 3555 3733; baseline -0.013 -13"><span class='ocrx_word' id='word_1_563' title='bbox 1975 3665 2156 3720; x_wconf 88' lang='lat' dir='ltr'><strong>secius</strong></span> <span class='ocrx_word' id='word_1_564' title='bbox 2188 3672 2413 3733; x_wconf 89' lang='lat' dir='ltr'><strong>pereunt</strong></span> <span class='ocrx_word' id='word_1_565' title='bbox 2447 3663 2531 3715; x_wconf 85' lang='lat' dir='ltr'><strong>vel</strong></span> <span class='ocrx_word' id='word_1_566' title='bbox 2563 3663 2684 3730; x_wconf 83' lang='lat' dir='ltr'><strong>igne</strong></span> <span class='ocrx_word' id='word_1_567' title='bbox 2723 3659 3024 3725; x_wconf 74' lang='lat' dir='ltr'><strong>absumpta:</strong></span> <span class='ocrx_word' id='word_1_568' title='bbox 3048 3654 3131 3708; x_wconf 91' lang='lat' dir='ltr'><strong>vel</strong></span> <span class='ocrx_word' id='word_1_569' title='bbox 3158 3653 3382 3719; x_wconf 78' lang='lat' dir='ltr'><strong>direptae</strong></span> <span class='ocrx_word' id='word_1_570' title='bbox 3415 3648 3555 3702; x_wconf 84' lang='lat' dir='ltr'><strong>divi-</strong></span> 
     </span>
    </p>
   </div>
   <div class='ocr_carea' id='block_1_84' title="bbox 1977 3739 3556 3822">
    <p class='ocr_par' dir='ltr' id='par_1_84' title="bbox 1977 3739 3556 3822">
     <span class='ocr_line' id='line_1_84' title="bbox 1977 3739 3556 3822; baseline -0.013 -11"><span class='ocrx_word' id='word_1_571' title='bbox 1977 3757 2086 3820; x_wconf 70' lang='lat' dir='ltr'><strong>tiae,</strong></span> <span class='ocrx_word' id='word_1_572' title='bbox 2141 3765 2481 3822; x_wconf 68' lang='lat' dir='ltr'><strong>quaecunque</strong></span> <span class='ocrx_word' id='word_1_573' title='bbox 2528 3764 2756 3804; x_wconf 83' lang='lat' dir='ltr'><strong>servatae</strong></span> <span class='ocrx_word' id='word_1_574' title='bbox 2807 3747 3020 3800; x_wconf 81' lang='lat' dir='ltr'><strong>fuerant</strong></span> <span class='ocrx_word' id='word_1_575' title='bbox 3079 3743 3133 3796; x_wconf 91' lang='lat' dir='ltr'><strong>in</strong></span> <span class='ocrx_word' id='word_1_576' title='bbox 3173 3739 3467 3809; x_wconf 88' lang='lat' dir='ltr'><strong>perniciem</strong></span> <span class='ocrx_word' id='word_1_577' title='bbox 3503 3745 3556 3790; x_wconf 88' lang='lat' dir='ltr'><strong>et</strong></span> 
     </span>
    </p>
   </div>
   <div class='ocr_carea' id='block_1_85' title="bbox 1977 3829 3554 3910">
    <p class='ocr_par' dir='ltr' id='par_1_85' title="bbox 1977 3829 3554 3910">
     <span class='ocr_line' id='line_1_85' title="bbox 1977 3829 3554 3910; baseline -0.011 -10"><span class='ocrx_word' id='word_1_578' title='bbox 1977 3843 2282 3901; x_wconf 87' lang='lat' dir='ltr'><strong>cruciatum</strong></span> <span class='ocrx_word' id='word_1_579' title='bbox 2319 3841 2463 3910; x_wconf 87' lang='lat' dir='ltr'><strong>ejus,</strong></span> <span class='ocrx_word' id='word_1_580' title='bbox 2513 3839 2606 3909; x_wconf 92' lang='lat' dir='ltr'><strong>qui</strong></span> <span class='ocrx_word' id='word_1_581' title='bbox 2656 3836 2922 3908; x_wconf 89' lang='lat' dir='ltr'><strong>possedit,</strong></span> <span class='ocrx_word' id='word_1_582' title='bbox 2969 3841 3024 3888; x_wconf 90' lang='lat' dir='ltr'><strong>et</strong></span> <span class='ocrx_word' id='word_1_583' title='bbox 3052 3847 3118 3887; x_wconf 90' lang='lat' dir='ltr'><strong>eo</strong></span> <span class='ocrx_word' id='word_1_584' title='bbox 3169 3831 3430 3900; x_wconf 75' lang='lat' dir='ltr'><strong>languore</strong></span> <span class='ocrx_word' id='word_1_585' title='bbox 3461 3829 3554 3882; x_wconf 66' lang='lat' dir='ltr'><strong>ha«</strong></span> 
     </span>
    </p>
   </div>
   <div class='ocr_carea' id='block_1_86' title="bbox 1979 3919 3558 4005">
    <p class='ocr_par' dir='ltr' id='par_1_86' title="bbox 1979 3919 3558 4005">
     <span class='ocr_line' id='line_1_86' title="bbox 1979 3919 3558 4005; baseline -0.009 -14"><span class='ocrx_word' id='word_1_586' title='bbox 1979 3936 2122 3999; x_wconf 88' lang='lat' dir='ltr'><strong>buit,</strong></span> <span class='ocrx_word' id='word_1_587' title='bbox 2157 3949 2322 4005; x_wconf 87' lang='lat' dir='ltr'><strong>quem</strong></span> <span class='ocrx_word' id='word_1_588' title='bbox 2357 3932 2578 4002; x_wconf 89' lang='lat' dir='ltr'><strong>sapiens</strong></span> <span class='ocrx_word' id='word_1_589' title='bbox 2608 3928 2966 3984; x_wconf 85' lang='lat' dir='ltr'><strong>Ecclesiastes</strong></span> <span class='ocrx_word' id='word_1_590' title='bbox 3001 3923 3105 3980; x_wconf 90' lang='lat' dir='ltr'><strong>sub</strong></span> <span class='ocrx_word' id='word_1_591' title='bbox 3135 3922 3248 3978; x_wconf 87' lang='lat' dir='ltr'><strong>sole</strong></span> <span class='ocrx_word' id='word_1_592' title='bbox 3273 3936 3332 3976; x_wconf 87' lang='lat' dir='ltr'><strong>se</strong></span> <span class='ocrx_word' id='word_1_593' title='bbox 3357 3919 3558 3976; x_wconf 89' lang='lat' dir='ltr'><strong>vidisse</strong></span> 
     </span>
    </p>
   </div>
   <div class='ocr_carea' id='block_1_87' title="bbox 1981 4023 2288 4082">
    <p class='ocr_par' dir='ltr' id='par_1_87' title="bbox 1981 4023 2288 4082">
     <span class='ocr_line' id='line_1_87' title="bbox 1981 4023 2288 4082; baseline -0.02 0"><span class='ocrx_word' id='word_1_594' title='bbox 1981 4023 2288 4082; x_wconf 81' lang='lat' dir='ltr'><strong>alllrmavit.</strong></span> 
     </span>
    </p>
   </div>
   <div class='ocr_carea' id='block_1_88' title="bbox 2058 4276 3560 4356">
    <p class='ocr_par' dir='ltr' id='par_1_88' title="bbox 2058 4276 3560 4356">
     <span class='ocr_line' id='line_1_88' title="bbox 2058 4276 3560 4356; baseline -0.011 -11"><span class='ocrx_word' id='word_1_595' title='bbox 2058 4287 2213 4356; x_wconf 78' lang='lat' dir='ltr'><strong>Quod</strong></span> <span class='ocrx_word' id='word_1_596' title='bbox 2247 4286 2293 4342; x_wconf 89' lang='lat' dir='ltr'><strong>si</strong></span> <span class='ocrx_word' id='word_1_597' title='bbox 2331 4284 2466 4339; x_wconf 91' lang='lat' dir='ltr'><strong>nihil</strong></span> <span class='ocrx_word' id='word_1_598' title='bbox 2506 4283 2610 4339; x_wconf 87' lang='lat' dir='ltr'><strong>tale</strong></span> <span class='ocrx_word' id='word_1_599' title='bbox 2639 4280 2949 4352; x_wconf 57' lang='lat' dir='ltr'><strong>conlige-ﬁt,</strong></span> <span class='ocrx_word' id='word_1_600' title='bbox 2989 4288 3046 4336; x_wconf 85' lang='lat' dir='ltr'><strong>et</strong></span> <span class='ocrx_word' id='word_1_601' title='bbox 3079 4284 3307 4333; x_wconf 68' lang='lat' dir='ltr'><strong>servata:</strong></span> <span class='ocrx_word' id='word_1_602' title='bbox 3337 4276 3560 4332; x_wconf 91' lang='lat' dir='ltr'><strong>domino</strong></span> 
     </span>
    </p>
   </div>
   <div class='ocr_carea' id='block_1_89' title="bbox 303 4365 1868 4468">
    <p class='ocr_par' dir='ltr' id='par_1_89' title="bbox 303 4365 1868 4466">
     <span class='ocr_line' id='line_1_89' title="bbox 303 4365 1868 4466; baseline -0.009 -13"><span class='ocrx_word' id='word_1_603' title='bbox 303 4365 746 4466; x_wconf 48' lang='grc' dir='ltr'>πεφυλαγμένος.</span> <span class='ocrx_word' id='word_1_604' title='bbox 778 4393 810 4445; x_wconf 87' lang='grc' dir='ltr'>ὁ</span> <span class='ocrx_word' id='word_1_605' title='bbox 837 4365 1068 4459; x_wconf 82' lang='grc' dir='ltr'>πλοῦτος</span> <span class='ocrx_word' id='word_1_606' title='bbox 1097 4365 1224 4454; x_wconf 69' lang='grc' dir='ltr'><strong>⁷τοῖς</strong></span> <span class='ocrx_word' id='word_1_607' title='bbox 1256 4389 1348 4442; x_wconf 88' lang='grc' dir='ltr'><strong>ὑπ’</strong></span> <span class='ocrx_word' id='word_1_608' title='bbox 1398 4387 1564 4442; x_wconf 78' lang='grc' dir='ltr'>αὐτοῦ</span> <span class='ocrx_word' id='word_1_609' title='bbox 1607 4365 1868 4457; x_wconf 86' lang='grc' dir='ltr'>γεννηθεῖ-</span> 
     </span>
    </p>
   </div>
   <div class='ocr_carea' id='block_1_90' title="bbox 1969 4365 3561 4468">
    <p class='ocr_par' dir='ltr' id='par_1_90' title="bbox 1989 4365 3561 4447">
     <span class='ocr_line' id='line_1_90' title="bbox 1989 4365 3561 4447; baseline -0.011 -11"><span class='ocrx_word' id='word_1_610' title='bbox 1989 4387 2247 4436; x_wconf 90' lang='lat' dir='ltr'><strong>maneant</strong></span> <span class='ocrx_word' id='word_1_611' title='bbox 2280 4391 2434 4447; x_wconf 87' lang='lat' dir='ltr'><strong>opes,</strong></span> <span class='ocrx_word' id='word_1_612' title='bbox 2471 4389 2609 4444; x_wconf 88' lang='lat' dir='ltr'><strong>quas</strong></span> <span class='ocrx_word' id='word_1_613' title='bbox 2653 4372 2838 4427; x_wconf 88' lang='lat' dir='ltr'><strong>liberis</strong></span> <span class='ocrx_word' id='word_1_614' title='bbox 2875 4370 3216 4442; x_wconf 87' lang='lat' dir='ltr'><strong>posterisque</strong></span> <span class='ocrx_word' id='word_1_615' title='bbox 3260 4369 3470 4434; x_wconf 88' lang='lat' dir='ltr'><strong>tradat;</strong></span> <span class='ocrx_word' id='word_1_616' title='bbox 3505 4365 3561 4420; x_wconf 89' lang='lat' dir='ltr'><strong>bi</strong></span> 
     </span>
    </p>
   </div>
   <div class='ocr_carea' id='block_1_91' title="bbox 307 4479 1882 4557">
    <p class='ocr_par' dir='ltr' id='par_1_91' title="bbox 307 4479 1882 4557">
     <span class='ocr_line' id='line_1_91' title="bbox 307 4479 1882 4557; baseline -0.008 -12"><span class='ocrx_word' id='word_1_617' title='bbox 307 4507 413 4557; x_wconf 83' lang='grc' dir='ltr'>σιν,</span> <span class='ocrx_word' id='word_1_618' title='bbox 458 4489 691 4550; x_wconf 75' lang='grc' dir='ltr'>ἕκαστος</span> <span class='ocrx_word' id='word_1_619' title='bbox 722 4486 780 4540; x_wconf 74' lang='grc' dir='ltr'>δὲ</span> <span class='ocrx_word' id='word_1_620' title='bbox 830 4484 941 4540; x_wconf 82' lang='grc' dir='ltr'><strong>τῶν</strong></span> <span class='ocrx_word' id='word_1_621' title='bbox 983 4482 1357 4554; x_wconf 70' lang='grc' dir='ltr'>γεννηθέντων</span> <span class='ocrx_word' id='word_1_622' title='bbox 1400 4480 1606 4553; x_wconf 76' lang='grc' dir='ltr'>γυμνὸς</span> <span class='ocrx_word' id='word_1_623' title='bbox 1650 4479 1882 4534; x_wconf 82' lang='grc' dir='ltr'>εῐσεισιν</span> 
     </span>
    </p>
   </div>
   <div class='ocr_carea' id='block_1_92' title="bbox 384 4643 1339 4716">
    <p class='ocr_par' dir='ltr' id='par_1_92' title="bbox 384 4643 1339 4716">
     <span class='ocr_line' id='line_1_92' title="bbox 384 4643 1339 4716; baseline -0.004 -16"><span class='ocrx_word' id='word_1_624' title='bbox 384 4647 498 4716; x_wconf 74' lang='lat'><strong>(27)</strong></span> <span class='ocrx_word' id='word_1_625' title='bbox 536 4647 694 4716; x_wconf 83' lang='lat' dir='ltr'><strong>Apud</strong></span> <span class='ocrx_word' id='word_1_626' title='bbox 743 4644 884 4700; x_wconf 77' lang='lat' dir='ltr'><strong>LXX</strong></span> <span class='ocrx_word' id='word_1_627' title='bbox 931 4643 1162 4715; x_wconf 75' lang='lat' dir='ltr'><strong>legimus</strong></span> <span class='ocrx_word' id='word_1_628' title='bbox 1204 4684 1280 4716; x_wconf 86' lang='lat'><strong>._.</strong></span> <span class='ocrx_word' id='word_1_629' title='bbox 1325 4681 1339 4696; x_wconf 93' lang='lat'><strong>.</strong></span> 
     </span>
    </p>
   </div>
   <div class='ocr_carea' id='block_1_93' title="bbox 311 4708 1888 4787">
    <p class='ocr_par' dir='ltr' id='par_1_93' title="bbox 311 4708 1888 4787">
     <span class='ocr_line' id='line_1_93' title="bbox 311 4708 1888 4787; baseline -0.006 -16"><span class='ocrx_word' id='word_1_630' title='bbox 311 4708 542 4787; x_wconf 74' lang='grc' dir='ltr'>πλοῦτος</span> <span class='ocrx_word' id='word_1_631' title='bbox 573 4708 780 4787; x_wconf 74' lang='grc' dir='ltr'>ἐκεῖνος</span> <span class='ocrx_word' id='word_1_632' title='bbox 808 4717 865 4769; x_wconf 83' lang='grc' dir='ltr'>ὲν</span> <span class='ocrx_word' id='word_1_633' title='bbox 901 4708 1272 4787; x_wconf 72' lang='grc' dir='ltr'>περισπασμῷ</span> <span class='ocrx_word' id='word_1_634' title='bbox 1303 4709 1661 4787; x_wconf 45' lang='grc' dir='ltr'><strong>πονηρῷ.......</strong></span> <span class='ocrx_word' id='word_1_635' title='bbox 1707 4708 1888 4787; x_wconf 72' lang='grc' dir='ltr'>καθὼς</span> 
     </span>
    </p>
   </div>
   <div class='ocr_carea' id='block_1_94' title="bbox 311 4779 1886 4856">
    <p class='ocr_par' dir='ltr' id='par_1_94' title="bbox 311 4779 1886 4856">
     <span class='ocr_line' id='line_1_94' title="bbox 311 4779 1886 4856; baseline -0.006 -16"><span class='ocrx_word' id='word_1_636' title='bbox 311 4779 538 4856; x_wconf 63' lang='grc' dir='ltr'>ἐξῆλθεν</span> <span class='ocrx_word' id='word_1_637' title='bbox 588 4785 698 4856; x_wconf 73' lang='grc' dir='ltr'><strong>ἀπὸ</strong></span> <span class='ocrx_word' id='word_1_638' title='bbox 737 4779 990 4856; x_wconf 62' lang='grc' dir='ltr'>γαστρός</span> <span class='ocrx_word' id='word_1_639' title='bbox 1025 4779 1254 4856; x_wconf 69' lang='grc' dir='ltr'>μητρδς</span> <span class='ocrx_word' id='word_1_640' title='bbox 1277 4779 1716 4856; x_wconf 35' lang='grc' dir='ltr'>αὐτοῦ’-γυμνὸς,</span> <span class='ocrx_word' id='word_1_641' title='bbox 1747 4779 1886 4856; x_wconf 34' lang='grc' dir='ltr'>’ἐπι-</span> 
     </span>
    </p>
   </div>
   <div class='ocr_carea' id='block_1_95' title="bbox 315 4802 1890 4928">
    <p class='ocr_par' dir='ltr' id='par_1_95' title="bbox 315 4802 1890 4928">
     <span class='ocr_line' id='line_1_95' title="bbox 315 4802 1886 4906; baseline -0.007 -65"><span class='ocrx_word' id='word_1_642' title='bbox 315 4802 538 4856; x_wconf 70' lang='grc' dir='ltr'>εζηωεν</span> <span class='ocrx_word' id='word_1_643' title='bbox 588 4802 698 4839; x_wconf 89' lang='grc' dir='ltr'><strong>απο</strong></span> <span class='ocrx_word' id='word_1_644' title='bbox 737 4802 972 4906; x_wconf 59' lang='grc' dir='ltr'>γαστεος</span> <span class='ocrx_word' id='word_1_645' title='bbox 1025 4802 1232 4855; x_wconf 89' lang='grc' dir='ltr'>μητρος</span> <span class='ocrx_word' id='word_1_646' title='bbox 1277 4802 1442 4836; x_wconf 80' lang='grc' dir='ltr'>αυτου</span> <span class='ocrx_word' id='word_1_647' title='bbox 1487 4802 1716 4849; x_wconf 81' lang='grc' dir='ltr'>γυμνος,</span> <span class='ocrx_word' id='word_1_648' title='bbox 1766 4802 1886 4831; x_wconf 79' lang='grc' dir='ltr'>επι-</span> 
     </span>
     <span class='ocr_line' id='line_1_96' title="bbox 315 4847 1890 4928; baseline -0.007 -18"><span class='ocrx_word' id='word_1_649' title='bbox 315 4855 538 4928; x_wconf 80' lang='grc' dir='ltr'>στρέψει</span> <span class='ocrx_word' id='word_1_650' title='bbox 578 4853 674 4928; x_wconf 83' lang='grc' dir='ltr'><strong>τοῦ</strong></span> <span class='ocrx_word' id='word_1_651' title='bbox 705 4854 1061 4928; x_wconf 62' lang='grc' dir='ltr'>πορευθῆναι,</span> <span class='ocrx_word' id='word_1_652' title='bbox 1093 4853 1339 4928; x_wconf 33' lang='grc' dir='ltr'>ὡςᾼήκει,</span> <span class='ocrx_word' id='word_1_653' title='bbox 1385 4853 1482 4928; x_wconf 56' lang='grc' dir='ltr'><strong>και</strong></span> <span class='ocrx_word' id='word_1_654' title='bbox 1513 4849 1666 4928; x_wconf 65' lang='grc' dir='ltr'>οὐδὲν</span> <span class='ocrx_word' id='word_1_655' title='bbox 1708 4849 1776 4928; x_wconf 50' lang='grc' dir='ltr'><strong>οίί</strong></span> <span class='ocrx_word' id='word_1_656' title='bbox 1798 4847 1890 4917; x_wconf 86' lang='grc' dir='ltr'>λή-</span> 
     </span>
    </p>
   </div>
   <div class='ocr_carea' id='block_1_96' title="bbox 313 4917 1891 4995">
    <p class='ocr_par' dir='ltr' id='par_1_96' title="bbox 313 4917 1891 4995">
     <span class='ocr_line' id='line_1_97' title="bbox 313 4917 1891 4995; baseline -0.006 -15"><span class='ocrx_word' id='word_1_657' title='bbox 313 4917 475 4995; x_wconf 74' lang='grc' dir='ltr'><strong>ψεταὶ</strong></span> <span class='ocrx_word' id='word_1_658' title='bbox 506 4927 566 4979; x_wconf 73' lang='grc' dir='ltr'>ὲν</span> <span class='ocrx_word' id='word_1_659' title='bbox 609 4917 794 4995; x_wconf 79' lang='grc' dir='ltr'>μόχθιρ</span> <span class='ocrx_word' id='word_1_660' title='bbox 827 4917 1130 4995; x_wconf 36' lang='lat' dir='ltr'><strong>consum</strong></span> <span class='ocrx_word' id='word_1_661' title='bbox 1152 4917 1381 4995; x_wconf 18' lang='lat' dir='ltr'><strong>’Oiymp.</strong></span> <span class='ocrx_word' id='word_1_662' title='bbox 1419 4918 1650 4995; x_wconf 37' lang='lat' dir='ltr'><strong>nloﬂﬁrov</strong></span> <span class='ocrx_word' id='word_1_663' title='bbox 1685 4917 1891 4985; x_wconf 82' lang='grc' dir='ltr'>φυλασ-</span> 
     </span>
    </p>
   </div>
   <div class='ocr_carea' id='block_1_97' title="bbox 319 4988 1676 5066">
    <p class='ocr_par' dir='ltr' id='par_1_97' title="bbox 319 4988 1676 5066">
     <span class='ocr_line' id='line_1_98' title="bbox 319 4988 1676 5066; baseline -0.005 -17"><span class='ocrx_word' id='word_1_664' title='bbox 319 4988 650 5066; x_wconf 42' lang='grc' dir='ltr'>σόμενον-τῷ</span> <span class='ocrx_word' id='word_1_665' title='bbox 680 4988 811 5066; x_wconf 66' lang='grc' dir='ltr'>παρ’</span> <span class='ocrx_word' id='word_1_666' title='bbox 845 4993 995 5066; x_wconf 84' lang='grc' dir='ltr'>αὺτῷ</span> <span class='ocrx_word' id='word_1_667' title='bbox 1033 4988 1347 5066; x_wconf 18' lang='grc' dir='ltr'>είςᾉκακίαν</span> <span class='ocrx_word' id='word_1_668' title='bbox 1373 4988 1676 5066; x_wconf 79' lang='grc' dir='ltr'>αὐτοῦ.</span> 
     </span>
    </p>
   </div>
   <div class='ocr_carea' id='block_1_98' title="bbox 388 5057 1888 5134">
    <p class='ocr_par' dir='ltr' id='par_1_98' title="bbox 388 5057 1888 5134">
     <span class='ocr_line' id='line_1_99' title="bbox 388 5057 1888 5134; baseline -0.005 -16"><span class='ocrx_word' id='word_1_669' title='bbox 388 5057 500 5133; x_wconf 69' lang='grc' dir='ltr'><strong>ἰῖ8)</strong></span> <span class='ocrx_word' id='word_1_670' title='bbox 541 5057 670 5128; x_wconf 72' lang='grc' dir='ltr'>Ουίι,</span> <span class='ocrx_word' id='word_1_671' title='bbox 725 5057 978 5134; x_wconf 74' lang='grc' dir='ltr'><strong>ἰιὶίιιιίθε,’</strong></span> <span class='ocrx_word' id='word_1_672' title='bbox 996 5064 1308 5134; x_wconf 84' lang='lat' dir='ltr'><strong>servitutem</strong></span> <span class='ocrx_word' id='word_1_673' title='bbox 1348 5071 1524 5134; x_wconf 76' lang='lat' dir='ltr'><strong>morte</strong></span> <span class='ocrx_word' id='word_1_674' title='bbox 1567 5057 1888 5112; x_wconf 88' lang='lat' dir='ltr'><strong>deteriorem</strong></span> 
     </span>
    </p>
   </div>
   <div class='ocr_carea' id='block_1_99' title="bbox 321 5130 1893 5198">
    <p class='ocr_par' dir='ltr' id='par_1_99' title="bbox 321 5130 1893 5198">
     <span class='ocr_line' id='line_1_100' title="bbox 321 5130 1893 5198; baseline -0.006 -7"><span class='ocrx_word' id='word_1_675' title='bbox 321 5130 452 5191; x_wconf 80' lang='lat' dir='ltr'><strong>dicit</strong></span> <span class='ocrx_word' id='word_1_676' title='bbox 463 5130 491 5186; x_wconf 65' lang='grc' dir='ltr'><em>ἱ</em></span> <span class='ocrx_word' id='word_1_677' title='bbox 513 5149 638 5189; x_wconf 93' lang='lat' dir='ltr'><strong>cum</strong></span> <span class='ocrx_word' id='word_1_678' title='bbox 662 5149 759 5189; x_wconf 86' lang='lat' dir='ltr'><strong>nec</strong></span> <span class='ocrx_word' id='word_1_679' title='bbox 779 5130 888 5188; x_wconf 78' lang='lat' dir='ltr'><strong>vita</strong></span> <span class='ocrx_word' id='word_1_680' title='bbox 911 5141 1114 5198; x_wconf 87' lang='lat' dir='ltr'><strong>careat,</strong></span> <span class='ocrx_word' id='word_1_681' title='bbox 1142 5141 1197 5186; x_wconf 89' lang='lat' dir='ltr'><strong>et</strong></span> <span class='ocrx_word' id='word_1_682' title='bbox 1220 5130 1486 5186; x_wconf 81' lang='lat' dir='ltr'><strong>libertatis</strong></span> <span class='ocrx_word' id='word_1_683' title='bbox 1507 5143 1720 5198; x_wconf 90' lang='lat' dir='ltr'><strong>quoque</strong></span> <span class='ocrx_word' id='word_1_684' title='bbox 1730 5141 1893 5198; x_wconf 66' lang='lat' dir='ltr'><strong>spem</strong></span> 
     </span>
    </p>
   </div>
   <div class='ocr_carea' id='block_1_100' title="bbox 325 5195 1892 5274">
    <p class='ocr_par' dir='ltr' id='par_1_100' title="bbox 325 5195 1892 5274">
     <span class='ocr_line' id='line_1_101' title="bbox 325 5195 1892 5274; baseline -0.006 -16"><span class='ocrx_word' id='word_1_685' title='bbox 325 5219 482 5274; x_wconf 84' lang='lat' dir='ltr'><strong>servo</strong></span> <span class='ocrx_word' id='word_1_686' title='bbox 529 5203 766 5274; x_wconf 76' lang='lat' dir='ltr'><strong>aliquam</strong></span> <span class='ocrx_word' id='word_1_687' title='bbox 806 5195 1281 5274; x_wconf 62' lang='lat' dir='ltr'><strong>relinquat._Nota</strong></span> <span class='ocrx_word' id='word_1_688' title='bbox 1324 5195 1551 5274; x_wconf 71' lang='lat' dir='ltr'><strong>quidem</strong></span> <span class='ocrx_word' id='word_1_689' title='bbox 1583 5195 1678 5274; x_wconf 81' lang='lat' dir='ltr'><strong>illa</strong></span> <span class='ocrx_word' id='word_1_690' title='bbox 1729 5195 1892 5274; x_wconf 79' lang='lat' dir='ltr'><strong>Tullii</strong></span> 
     </span>
    </p>
   </div>
   <div class='ocr_carea' id='block_1_101' title="bbox 323 5267 1892 5343">
    <p class='ocr_par' dir='ltr' id='par_1_101' title="bbox 323 5267 1892 5343">
     <span class='ocr_line' id='line_1_102' title="bbox 323 5267 1892 5343; baseline -0.005 -15"><span class='ocrx_word' id='word_1_691' title='bbox 323 5267 1044 5343; x_wconf 9' lang='lat' dir='ltr'><strong>cohortatio&#39;Whilipp.Vin,</strong></span> <span class='ocrx_word' id='word_1_692' title='bbox 1085 5271 1172 5338; x_wconf 75' lang='lat' dir='ltr'><strong>M)</strong></span> <span class='ocrx_word' id='word_1_693' title='bbox 1203 5289 1216 5326; x_wconf 90' lang='lat'><strong>:</strong></span> <span class='ocrx_word' id='word_1_694' title='bbox 1257 5289 1277 5322; x_wconf 82' lang='grc' dir='ltr'><strong>ι</strong></span> <span class='ocrx_word' id='word_1_695' title='bbox 1314 5267 1468 5336; x_wconf 79' lang='lat' dir='ltr'><strong>Quod</strong></span> <span class='ocrx_word' id='word_1_696' title='bbox 1509 5269 1552 5343; x_wconf 91' lang='lat' dir='ltr'><strong>s_i</strong></span> <span class='ocrx_word' id='word_1_697' title='bbox 1576 5268 1710 5343; x_wconf 75' lang='lat' dir='ltr'><strong>iam,</strong></span> <span class='ocrx_word' id='word_1_698' title='bbox 1747 5267 1892 5337; x_wconf 83' lang='lat' dir='ltr'><strong>quod</strong></span> 
     </span>
    </p>
   </div>
   <div class='ocr_carea' id='block_1_102' title="bbox 327 5337 1893 5409">
    <p class='ocr_par' dir='ltr' id='par_1_102' title="bbox 327 5337 1893 5409">
     <span class='ocr_line' id='line_1_103' title="bbox 327 5337 1893 5409; baseline -0.004 -12"><span class='ocrx_word' id='word_1_699' title='bbox 327 5343 401 5398; x_wconf 84' lang='lat' dir='ltr'><strong>dii</strong></span> <span class='ocrx_word' id='word_1_700' title='bbox 437 5358 596 5397; x_wconf 92' lang='lat' dir='ltr'><strong>omen</strong></span> <span class='ocrx_word' id='word_1_701' title='bbox 620 5337 885 5407; x_wconf 79' lang='lat' dir='ltr'><strong>avertant,</strong></span> <span class='ocrx_word' id='word_1_702' title='bbox 917 5337 1086 5398; x_wconf 76' lang='lat' dir='ltr'><strong>fatum</strong></span> <span class='ocrx_word' id='word_1_703' title='bbox 1126 5337 1430 5397; x_wconf 73' lang='lat' dir='ltr'><strong>extremum</strong></span> <span class='ocrx_word' id='word_1_704' title='bbox 1459 5337 1771 5409; x_wconf 81' lang='lat' dir='ltr'><strong>reipublicae</strong></span> <span class='ocrx_word' id='word_1_705' title='bbox 1799 5352 1893 5390; x_wconf 88' lang='lat' dir='ltr'><strong>ve-</strong></span> 
     </span>
    </p>
   </div>
   <div class='ocr_carea' id='block_1_103' title="bbox 328 5407 1896 5482">
    <p class='ocr_par' dir='ltr' id='par_1_103' title="bbox 328 5407 1896 5482">
     <span class='ocr_line' id='line_1_104' title="bbox 328 5407 1896 5482; baseline -0.003 -16"><span class='ocrx_word' id='word_1_706' title='bbox 328 5412 450 5466; x_wconf 91' lang='lat' dir='ltr'><strong>nit:</strong></span> <span class='ocrx_word' id='word_1_707' title='bbox 484 5413 631 5482; x_wconf 90' lang='lat' dir='ltr'><strong>quod</strong></span> <span class='ocrx_word' id='word_1_708' title='bbox 677 5412 1002 5482; x_wconf 75' lang='lat' dir='ltr'><strong>gladiatores</strong></span> <span class='ocrx_word' id='word_1_709' title='bbox 1041 5411 1252 5482; x_wconf 87' lang='lat' dir='ltr'><strong>nobiles</strong></span> <span class='ocrx_word' id='word_1_710' title='bbox 1299 5407 1622 5482; x_wconf 63' lang='lat' dir='ltr'><strong>iaciunt,&#39;_ut</strong></span> <span class='ocrx_word' id='word_1_711' title='bbox 1670 5407 1896 5462; x_wconf 89' lang='lat' dir='ltr'><strong>honeste</strong></span> 
     </span>
    </p>
   </div>
   <div class='ocr_carea' id='block_1_104' title="bbox 328 5478 1892 5550">
    <p class='ocr_par' dir='ltr' id='par_1_104' title="bbox 328 5478 1892 5550">
     <span class='ocr_line' id='line_1_105' title="bbox 328 5478 1892 5550; baseline -0.004 -15"><span class='ocrx_word' id='word_1_712' title='bbox 328 5478 972 5547; x_wconf 55' lang='lat' dir='ltr'><strong>decumbant,&#39;faciamus</strong></span> <span class='ocrx_word' id='word_1_713' title='bbox 997 5497 1120 5544; x_wconf 88' lang='lat' dir='ltr'><strong>nos,</strong></span> <span class='ocrx_word' id='word_1_714' title='bbox 1151 5481 1424 5550; x_wconf 88' lang='lat' dir='ltr'><strong>principes</strong></span> <span class='ocrx_word' id='word_1_715' title='bbox 1443 5478 1594 5550; x_wconf 85' lang='lat' dir='ltr'><strong>orbis</strong></span> <span class='ocrx_word' id='word_1_716' title='bbox 1626 5488 1892 5550; x_wconf 73' lang='lat' dir='ltr'><strong>terrarum</strong></span> 
     </span>
    </p>
   </div>
   <div class='ocr_carea' id='block_1_105' title="bbox 332 5547 1892 5632">
    <p class='ocr_par' dir='ltr' id='par_1_105' title="bbox 332 5547 1892 5632">
     <span class='ocr_line' id='line_1_106' title="bbox 332 5547 1892 5632; baseline -0.004 -28"><span class='ocrx_word' id='word_1_717' title='bbox 332 5553 713 5632; x_wconf 83' lang='lat' dir='ltr'><strong>gentiumque_,</strong></span> <span class='ocrx_word' id='word_1_718' title='bbox 767 5563 828 5605; x_wconf 86' lang='lat' dir='ltr'><strong>ut</strong></span> <span class='ocrx_word' id='word_1_719' title='bbox 868 5569 1009 5632; x_wconf 40' lang='lat' dir='ltr'><strong>Icum</strong></span> <span class='ocrx_word' id='word_1_720' title='bbox 1065 5547 1346 5632; x_wconf 46' lang='lat' dir='ltr'><strong>dig—nitate</strong></span> <span class='ocrx_word' id='word_1_721' title='bbox 1369 5549 1562 5632; x_wconf 52' lang='lat' dir='ltr'><strong>potius</strong></span> <span class='ocrx_word' id='word_1_722' title='bbox 1615 5547 1892 5632; x_wconf 61' lang='lat' dir='ltr'><strong>catlamus,</strong></span> 
     </span>
    </p>
   </div>
   <div class='ocr_carea' id='block_1_106' title="bbox 333 5617 1898 5701">
    <p class='ocr_par' dir='ltr' id='par_1_106' title="bbox 333 5617 1898 5701">
     <span class='ocr_line' id='line_1_107' title="bbox 333 5617 1898 5701; baseline -0.002 -27"><span class='ocrx_word' id='word_1_723' title='bbox 333 5617 491 5701; x_wconf 66' lang='lat' dir='ltr'><strong>quam</strong></span> <span class='ocrx_word' id='word_1_724' title='bbox 523 5617 648 5701; x_wconf 70' lang='lat' dir='ltr'><strong>cum</strong></span> <span class='ocrx_word' id='word_1_725' title='bbox 681 5621 986 5701; x_wconf 63' lang='lat' dir='ltr'><strong>ignominia</strong></span> <span class='ocrx_word' id='word_1_726' title='bbox 1009 5617 1334 5701; x_wconf 56' lang='lat' dir='ltr'><strong>serviamus.</strong></span> <span class='ocrx_word' id='word_1_727' title='bbox 1367 5618 1512 5699; x_wconf 63' lang='lat' dir='ltr'><strong>niihil</strong></span> <span class='ocrx_word' id='word_1_728' title='bbox 1552 5625 1634 5672; x_wconf 89' lang='lat' dir='ltr'><strong>est</strong></span> <span class='ocrx_word' id='word_1_729' title='bbox 1664 5617 1898 5701; x_wconf 72' lang='lat' dir='ltr'><strong>detesta-</strong></span> 
     </span>
    </p>
   </div>
   <div class='ocr_carea' id='block_1_107' title="bbox 339 5686 1898 5771">
    <p class='ocr_par' dir='ltr' id='par_1_107' title="bbox 339 5686 1898 5771">
     <span class='ocr_line' id='line_1_108' title="bbox 339 5686 1898 5771; baseline -0.004 -23"><span class='ocrx_word' id='word_1_730' title='bbox 339 5686 518 5771; x_wconf 54' lang='lat' dir='ltr'><strong>bilius,</strong></span> <span class='ocrx_word' id='word_1_731' title='bbox 541 5686 824 5759; x_wconf 72' lang='lat' dir='ltr'><strong>dedecore,</strong></span> <span class='ocrx_word' id='word_1_732' title='bbox 857 5691 989 5745; x_wconf 86' lang='lat' dir='ltr'><strong>nihil</strong></span> <span class='ocrx_word' id='word_1_733' title='bbox 1038 5690 1235 5756; x_wconf 71' lang='lat' dir='ltr'><strong>ftpdius</strong></span> <span class='ocrx_word' id='word_1_734' title='bbox 1271 5689 1530 5751; x_wconf 86' lang='lat' dir='ltr'><strong>servitute</strong></span> <span class='ocrx_word' id='word_1_735' title='bbox 1568 5705 1581 5742; x_wconf 90' lang='lat'>:</span> <span class='ocrx_word' id='word_1_736' title='bbox 1625 5686 1692 5756; x_wconf 79' lang='lat' dir='ltr'><strong>ad</strong></span> <span class='ocrx_word' id='word_1_737' title='bbox 1733 5687 1898 5759; x_wconf 83' lang='lat' dir='ltr'><strong>decus</strong></span> 
     </span>
    </p>
   </div>
   <div class='ocr_carea' id='block_1_108' title="bbox 1393 4639 1887 4707">
    <p class='ocr_par' dir='ltr' id='par_1_108' title="bbox 1393 4639 1887 4707">
     <span class='ocr_line' id='line_1_109' title="bbox 1393 4639 1887 4707; baseline -0.008 -12"><span class='ocrx_word' id='word_1_738' title='bbox 1393 4642 1488 4695; x_wconf 75' lang='grc' dir='ltr'>καὶ</span> <span class='ocrx_word' id='word_1_739' title='bbox 1527 4639 1813 4707; x_wconf 79' lang='grc' dir='ltr'>ἀπολεῖται</span> <span class='ocrx_word' id='word_1_740' title='bbox 1857 4639 1887 4692; x_wconf 84' lang='grc' dir='ltr'><strong>ό</strong></span> 
     </span>
    </p>
   </div>
   <div class='ocr_carea' id='block_1_109' title="bbox 1990 4457 3564 4540">
    <p class='ocr_par' dir='ltr' id='par_1_109' title="bbox 1990 4457 3564 4540">
     <span class='ocr_line' id='line_1_110' title="bbox 1990 4457 3564 4540; baseline -0.011 -11"><span class='ocrx_word' id='word_1_741' title='bbox 1990 4484 2174 4528; x_wconf 91' lang='lat' dir='ltr'><strong>tamen</strong></span> <span class='ocrx_word' id='word_1_742' title='bbox 2201 4467 2398 4540; x_wconf 78' lang='lat' dir='ltr'><strong>singuli</strong></span> <span class='ocrx_word' id='word_1_743' title='bbox 2422 4478 2476 4522; x_wconf 89' lang='lat' dir='ltr'><strong>et</strong></span> <span class='ocrx_word' id='word_1_744' title='bbox 2501 4465 2632 4520; x_wconf 90' lang='lat' dir='ltr'><strong>nudi</strong></span> <span class='ocrx_word' id='word_1_745' title='bbox 2665 4464 2718 4519; x_wconf 90' lang='lat' dir='ltr'><strong>in</strong></span> <span class='ocrx_word' id='word_1_746' title='bbox 2759 4463 2924 4518; x_wconf 90' lang='lat' dir='ltr'><strong>vitam</strong></span> <span class='ocrx_word' id='word_1_747' title='bbox 2953 4461 3202 4526; x_wconf 85' lang='lat' dir='ltr'><strong>veniunt,</strong></span> <span class='ocrx_word' id='word_1_748' title='bbox 3231 4469 3283 4516; x_wconf 92' lang='lat' dir='ltr'><strong>et</strong></span> <span class='ocrx_word' id='word_1_749' title='bbox 3310 4459 3438 4514; x_wconf 90' lang='lat' dir='ltr'><strong>nudi</strong></span> <span class='ocrx_word' id='word_1_750' title='bbox 3467 4457 3564 4512; x_wconf 80' lang='lat' dir='ltr'><strong>ab-</strong></span> 
     </span>
    </p>
   </div>
   <div class='ocr_carea' id='block_1_110' title="bbox 1989 4621 3565 4696">
    <p class='ocr_par' dir='ltr' id='par_1_110' title="bbox 1989 4621 3565 4696">
     <span class='ocr_line' id='line_1_111' title="bbox 1989 4621 3565 4696; baseline -0.011 -9"><span class='ocrx_word' id='word_1_751' title='bbox 1989 4641 2044 4696; x_wconf 89' lang='lat' dir='ltr'><strong>et</strong></span> <span class='ocrx_word' id='word_1_752' title='bbox 2071 4629 2376 4684; x_wconf 89' lang='lat' dir='ltr'><strong>libertatem</strong></span> <span class='ocrx_word' id='word_1_753' title='bbox 2412 4623 2522 4678; x_wconf 89' lang='lat' dir='ltr'><strong>nati</strong></span> <span class='ocrx_word' id='word_1_754' title='bbox 2566 4636 2757 4696; x_wconf 84' lang='lat' dir='ltr'><strong>sumus</strong></span> <span class='ocrx_word' id='word_1_755' title='bbox 2790 4641 2802 4676; x_wconf 91' lang='lat'>:</span> <span class='ocrx_word' id='word_1_756' title='bbox 2837 4632 2932 4696; x_wconf 88' lang='lat' dir='ltr'><strong>au_t</strong></span> <span class='ocrx_word' id='word_1_757' title='bbox 2977 4621 3092 4696; x_wconf 72' lang='lat' dir='ltr'><strong>inec</strong></span> <span class='ocrx_word' id='word_1_758' title='bbox 3135 4627 3433 4696; x_wconf 60' lang='lat' dir='ltr'><strong>teneanlns.</strong></span> <span class='ocrx_word' id='word_1_759' title='bbox 3471 4626 3565 4670; x_wconf 84' lang='lat' dir='ltr'><strong>aut</strong></span> 
     </span>
    </p>
   </div>
   <div class='ocr_carea' id='block_1_111' title="bbox 1991 4687 3563 4765">
    <p class='ocr_par' dir='ltr' id='par_1_111' title="bbox 1991 4687 3563 4765">
     <span class='ocr_line' id='line_1_112' title="bbox 1991 4687 3563 4765; baseline -0.01 -10"><span class='ocrx_word' id='word_1_760' title='bbox 1991 4692 2114 4756; x_wconf 77' lang='lat' dir='ltr'><strong>cum</strong></span> <span class='ocrx_word' id='word_1_761' title='bbox 2163 4696 2426 4765; x_wconf 79' lang='lat' dir='ltr'><strong>dignitate</strong></span> <span class='ocrx_word' id='word_1_762' title='bbox 2471 4693 2789 4765; x_wconf 81' lang='lat' dir='ltr'><strong>moriamur.</strong></span> <span class='ocrx_word' id='word_1_763' title='bbox 2837 4709 2854 4741; x_wconf 74' lang='grc' dir='ltr'><strong>ι</strong></span> <span class='ocrx_word' id='word_1_764' title='bbox 2897 4690 3003 4744; x_wconf 88' lang='lat' dir='ltr'><strong>Sed</strong></span> <span class='ocrx_word' id='word_1_765' title='bbox 3040 4690 3151 4765; x_wconf 78' lang='lat' dir='ltr'><strong>ista</strong></span> <span class='ocrx_word' id='word_1_766' title='bbox 3202 4704 3266 4765; x_wconf 56' lang='lat' dir='ltr'><strong>es</strong></span> <span class='ocrx_word' id='word_1_767' title='bbox 3319 4687 3563 4765; x_wconf 76' lang='lat' dir='ltr'><strong>Romana</strong></span> 
     </span>
    </p>
   </div>
   <div class='ocr_carea' id='block_1_112' title="bbox 1991 4757 3567 4838">
    <p class='ocr_par' dir='ltr' id='par_1_112' title="bbox 1991 4757 3567 4838">
     <span class='ocr_line' id='line_1_113' title="bbox 1991 4757 3567 4838; baseline -0.009 -12"><span class='ocrx_word' id='word_1_768' title='bbox 1991 4757 2298 4838; x_wconf 59' lang='lat' dir='ltr'><strong>disciplina,</strong></span> <span class='ocrx_word' id='word_1_769' title='bbox 2345 4773 2400 4838; x_wconf 91' lang='lat' dir='ltr'><strong>e_t</strong></span> <span class='ocrx_word' id='word_1_770' title='bbox 2448 4763 2689 4838; x_wconf 81' lang='lat' dir='ltr'><strong>oratorio</strong></span> <span class='ocrx_word' id='word_1_771' title='bbox 2736 4777 2886 4838; x_wconf 75' lang='lat' dir='ltr'><strong>more</strong></span> <span class='ocrx_word' id='word_1_772' title='bbox 2938 4759 3168 4838; x_wconf 79' lang='lat' dir='ltr'><strong>prolata.</strong></span> <span class='ocrx_word' id='word_1_773' title='bbox 3222 4757 3335 4838; x_wconf 62' lang='lat' dir='ltr'><strong>Hoc</strong></span> <span class='ocrx_word' id='word_1_774' title='bbox 3388 4757 3567 4824; x_wconf 89' lang='lat' dir='ltr'><strong>potius</strong></span> 
     </span>
    </p>
   </div>
   <div class='ocr_carea' id='block_1_113' title="bbox 1967 4828 3567 4910">
    <p class='ocr_par' dir='ltr' id='par_1_113' title="bbox 1967 4828 3567 4910">
     <span class='ocr_line' id='line_1_114' title="bbox 1967 4828 3567 4910; baseline -0.013 -14"><span class='ocrx_word' id='word_1_775' title='bbox 1967 4828 2314 4910; x_wconf 56' lang='lat' dir='ltr'><strong>‘desig&#39;nabat</strong></span> <span class='ocrx_word' id='word_1_776' title='bbox 2358 4833 2674 4904; x_wconf 82' lang='lat' dir='ltr'><strong>Gregorius,</strong></span> <span class='ocrx_word' id='word_1_777' title='bbox 2726 4828 3042 4886; x_wconf 82' lang='lat' dir='ltr'><strong>servitutem</strong></span> <span class='ocrx_word' id='word_1_778' title='bbox 3091 4828 3339 4910; x_wconf 80' lang='lat' dir='ltr'><strong>cita_il|a</strong></span> <span class='ocrx_word' id='word_1_779' title='bbox 3391 4837 3567 4910; x_wconf 68' lang='lat' dir='ltr'><strong>morte</strong></span> 
     </span>
    </p>
   </div>
   <div class='ocr_carea' id='block_1_114' title="bbox 1993 4896 3566 4972">
    <p class='ocr_par' dir='ltr' id='par_1_114' title="bbox 1993 4896 3566 4972">
     <span class='ocr_line' id='line_1_115' title="bbox 1993 4896 3566 4972; baseline -0.011 -5"><span class='ocrx_word' id='word_1_780' title='bbox 1993 4896 2313 4967; x_wconf 58' lang='lat' dir='ltr'><strong>deteriorem</strong></span> <span class='ocrx_word' id='word_1_781' title='bbox 2347 4896 2494 4968; x_wconf 61' lang='lat' dir='ltr'><strong>esse,</strong></span> <span class='ocrx_word' id='word_1_782' title='bbox 2531 4917 2637 4972; x_wconf 90' lang='lat' dir='ltr'><strong>qua</strong></span> <span class='ocrx_word' id='word_1_783' title='bbox 2671 4911 2972 4972; x_wconf 81' lang='lat' dir='ltr'><strong>pugnantes</strong></span> <span class='ocrx_word' id='word_1_784' title='bbox 3009 4899 3390 4972; x_wconf 60' lang='lat' dir='ltr'><strong>occumbunt;</strong></span> <span class='ocrx_word' id='word_1_785' title='bbox 3420 4896 3566 4972; x_wconf 79' lang='lat' dir='ltr'><strong>quod</strong></span> 
     </span>
    </p>
   </div>
   <div class='ocr_carea' id='block_1_115' title="bbox 1995 4967 3568 5036">
    <p class='ocr_par' dir='ltr' id='par_1_115' title="bbox 1995 4967 3568 5036">
     <span class='ocr_line' id='line_1_116' title="bbox 1995 4967 3568 5036; baseline -0.011 0"><span class='ocrx_word' id='word_1_786' title='bbox 1995 4983 2049 5036; x_wconf 92' lang='lat' dir='ltr'><strong>in</strong></span> <span class='ocrx_word' id='word_1_787' title='bbox 2102 4977 2419 5035; x_wconf 84' lang='lat' dir='ltr'><strong>servitutem</strong></span> <span class='ocrx_word' id='word_1_788' title='bbox 2457 4967 2703 5028; x_wconf 79' lang='lat' dir='ltr'><strong>adductis</strong></span> <span class='ocrx_word' id='word_1_789' title='bbox 2748 4967 2818 5026; x_wconf 75' lang='lat' dir='ltr'><strong>ad</strong></span> <span class='ocrx_word' id='word_1_790' title='bbox 2879 4970 3225 5024; x_wconf 90' lang='lat' dir='ltr'><strong>dominorum</strong></span> <span class='ocrx_word' id='word_1_791' title='bbox 3279 4967 3568 5021; x_wconf 88' lang='lat' dir='ltr'><strong>arbitrium</strong></span> 
     </span>
    </p>
   </div>
   <div class='ocr_carea' id='block_1_116' title="bbox 1991 5038 3570 5108">
    <p class='ocr_par' dir='ltr' id='par_1_116' title="bbox 1991 5038 3570 5108">
     <span class='ocr_line' id='line_1_117' title="bbox 1991 5038 3570 5108; baseline -0.01 -2"><span class='ocrx_word' id='word_1_792' title='bbox 1991 5052 2283 5106; x_wconf 83' lang='lat' dir='ltr'><strong>vivendum</strong></span> <span class='ocrx_word' id='word_1_793' title='bbox 2335 5044 2740 5100; x_wconf 84' lang='lat' dir='ltr'><strong>moriendumve</strong></span> <span class='ocrx_word' id='word_1_794' title='bbox 2775 5051 2940 5106; x_wconf 86' lang='lat' dir='ltr'><strong>esset,</strong></span> <span class='ocrx_word' id='word_1_795' title='bbox 2982 5040 3076 5108; x_wconf 92' lang='lat' dir='ltr'><strong>qui</strong></span> <span class='ocrx_word' id='word_1_796' title='bbox 3131 5038 3233 5092; x_wconf 90' lang='lat' dir='ltr'><strong>sibi</strong></span> <span class='ocrx_word' id='word_1_797' title='bbox 3280 5038 3334 5090; x_wconf 90' lang='lat' dir='ltr'><strong>in</strong></span> <span class='ocrx_word' id='word_1_798' title='bbox 3381 5053 3570 5090; x_wconf 84' lang='lat' dir='ltr'><strong>servos</strong></span> 
     </span>
    </p>
   </div>
   <div class='ocr_carea' id='block_1_117' title="bbox 1994 5109 3571 5176">
    <p class='ocr_par' dir='ltr' id='par_1_117' title="bbox 1994 5109 3571 5176">
     <span class='ocr_line' id='line_1_118' title="bbox 1994 5109 3571 5176; baseline -0.011 0"><span class='ocrx_word' id='word_1_799' title='bbox 1994 5121 2129 5176; x_wconf 90' lang='lat' dir='ltr'><strong>nihil</strong></span> <span class='ocrx_word' id='word_1_800' title='bbox 2161 5133 2266 5173; x_wconf 90' lang='lat' dir='ltr'><strong>non</strong></span> <span class='ocrx_word' id='word_1_801' title='bbox 2305 5115 2469 5173; x_wconf 88' lang='lat' dir='ltr'><strong>licere</strong></span> <span class='ocrx_word' id='word_1_802' title='bbox 2495 5116 2776 5168; x_wconf 87' lang='lat' dir='ltr'><strong>ducerent.</strong></span> <span class='ocrx_word' id='word_1_803' title='bbox 2813 5111 2937 5166; x_wconf 75' lang='lat' dir='ltr'><strong>Haec</strong></span> <span class='ocrx_word' id='word_1_804' title='bbox 2967 5109 3112 5164; x_wconf 88' lang='lat' dir='ltr'><strong>enim</strong></span> <span class='ocrx_word' id='word_1_805' title='bbox 3147 5118 3261 5162; x_wconf 90' lang='lat' dir='ltr'><strong>tum</strong></span> <span class='ocrx_word' id='word_1_806' title='bbox 3295 5117 3410 5162; x_wconf 88' lang='lat' dir='ltr'><strong>erat</strong></span> <span class='ocrx_word' id='word_1_807' title='bbox 3439 5122 3571 5162; x_wconf 87' lang='lat' dir='ltr'><strong>eon-</strong></span> 
     </span>
    </p>
   </div>
   <div class='ocr_carea' id='block_1_118' title="bbox 1994 5183 3644 5252">
    <p class='ocr_par' dir='ltr' id='par_1_118' title="bbox 1994 5183 3644 5252">
     <span class='ocr_line' id='line_1_119' title="bbox 1994 5183 3644 5252; baseline -0.01 -8"><span class='ocrx_word' id='word_1_808' title='bbox 1994 5191 2129 5246; x_wconf 85' lang='lat' dir='ltr'><strong>ditio</strong></span> <span class='ocrx_word' id='word_1_809' title='bbox 2163 5201 2443 5244; x_wconf 84' lang='lat' dir='ltr'><strong>servorum</strong></span> <span class='ocrx_word' id='word_1_810' title='bbox 2475 5202 2488 5238; x_wconf 87' lang='lat'>:</span> <span class='ocrx_word' id='word_1_811' title='bbox 2527 5203 2545 5241; x_wconf 81' lang='grc' dir='ltr'><strong>ι</strong></span> <span class='ocrx_word' id='word_1_812' title='bbox 2587 5183 2742 5252; x_wconf 82' lang='lat' dir='ltr'><strong>Apud</strong></span> <span class='ocrx_word' id='word_1_813' title='bbox 2784 5196 2976 5234; x_wconf 88' lang='lat' dir='ltr'><strong>omnes</strong></span> <span class='ocrx_word' id='word_1_814' title='bbox 3021 5195 3271 5252; x_wconf 52' lang='lat' dir='ltr'><strong>peraeque</strong></span> <span class='ocrx_word' id='word_1_815' title='bbox 3299 5190 3566 5252; x_wconf 74' lang='lat' dir='ltr'><strong>gentes,_o</strong></span> <span class='ocrx_word' id='word_1_816' title='bbox 3635 5193 3644 5208; x_wconf 88' lang='grc'><strong>·</strong></span> 
     </span>
    </p>
   </div>
   <div class='ocr_carea' id='block_1_119' title="bbox 1994 5249 3570 5327">
    <p class='ocr_par' dir='ltr' id='par_1_119' title="bbox 1994 5249 3570 5327">
     <span class='ocr_line' id='line_1_120' title="bbox 1994 5249 3570 5327; baseline -0.011 -11"><span class='ocrx_word' id='word_1_817' title='bbox 1994 5262 2071 5316; x_wconf 88' lang='lat' dir='ltr'><strong>ait</strong></span> <span class='ocrx_word' id='word_1_818' title='bbox 2098 5260 2262 5313; x_wconf 84' lang='lat' dir='ltr'><strong>Caius</strong></span> <span class='ocrx_word' id='word_1_819' title='bbox 2293 5255 2379 5327; x_wconf 59' lang='grc' dir='ltr'>(ιι.</span> <span class='ocrx_word' id='word_1_820' title='bbox 2415 5272 2433 5312; x_wconf 86' lang='grc' dir='ltr'><strong>ι</strong></span> <span class='ocrx_word' id='word_1_821' title='bbox 2467 5257 2526 5319; x_wconf 79' lang='lat' dir='ltr'><strong>l),</strong></span> <span class='ocrx_word' id='word_1_822' title='bbox 2561 5249 2868 5327; x_wconf 45' lang='lat' dir='ltr'><strong>De&#39;lzt&#39;squi</strong></span> <span class='ocrx_word' id='word_1_823' title='bbox 2893 5252 2976 5327; x_wconf 65' lang='lat' dir='ltr'><strong>sui</strong></span> <span class='ocrx_word' id='word_1_824' title='bbox 2998 5249 3084 5327; x_wconf 64' lang='lat' dir='ltr'><strong>pel</strong></span> <span class='ocrx_word' id='word_1_825' title='bbox 3109 5250 3183 5305; x_wconf 81' lang='lat' dir='ltr'><strong>al.</strong></span> <span class='ocrx_word' id='word_1_826' title='bbox 3214 5249 3377 5327; x_wconf 84' lang='lat' dir='ltr'><strong>jur.)_,</strong></span> <span class='ocrx_word' id='word_1_827' title='bbox 3407 5265 3424 5297; x_wconf 84' lang='grc' dir='ltr'><strong>ι</strong></span> <span class='ocrx_word' id='word_1_828' title='bbox 3451 5249 3570 5301; x_wconf 88' lang='lat' dir='ltr'><strong>ani-</strong></span> 
     </span>
    </p>
   </div>
   <div class='ocr_carea' id='block_1_120' title="bbox 1995 5319 3572 5393">
    <p class='ocr_par' dir='ltr' id='par_1_120' title="bbox 1995 5319 3572 5393">
     <span class='ocr_line' id='line_1_121' title="bbox 1995 5319 3572 5393; baseline -0.011 -7"><span class='ocrx_word' id='word_1_829' title='bbox 1995 5319 2334 5386; x_wconf 80' lang='lat' dir='ltr'><strong>madvertere</strong></span> <span class='ocrx_word' id='word_1_830' title='bbox 2381 5338 2696 5393; x_wconf 81' lang='lat' dir='ltr'><strong>possumus,</strong></span> <span class='ocrx_word' id='word_1_831' title='bbox 2724 5319 2964 5393; x_wconf 75' lang='lat' dir='ltr'><strong>dominis</strong></span> <span class='ocrx_word' id='word_1_832' title='bbox 2997 5321 3048 5374; x_wconf 90' lang='lat' dir='ltr'><strong>in</strong></span> <span class='ocrx_word' id='word_1_833' title='bbox 3079 5336 3269 5393; x_wconf 80' lang='lat' dir='ltr'><strong>servos</strong></span> <span class='ocrx_word' id='word_1_834' title='bbox 3315 5319 3437 5393; x_wconf 70' lang='lat' dir='ltr'><strong>vitae</strong></span> <span class='ocrx_word' id='word_1_835' title='bbox 3478 5332 3572 5370; x_wconf 88' lang='lat' dir='ltr'><strong>ne-</strong></span> 
     </span>
    </p>
   </div>
   <div class='ocr_carea' id='block_1_121' title="bbox 1995 5390 3568 5468">
    <p class='ocr_par' dir='ltr' id='par_1_121' title="bbox 1995 5390 3568 5468">
     <span class='ocr_line' id='line_1_122' title="bbox 1995 5390 3568 5468; baseline -0.012 -11"><span class='ocrx_word' id='word_1_836' title='bbox 1995 5403 2184 5468; x_wconf 89' lang='lat' dir='ltr'><strong>cisque</strong></span> <span class='ocrx_word' id='word_1_837' title='bbox 2217 5390 2533 5468; x_wconf 78' lang='lat' dir='ltr'><strong>potestatem</strong></span> <span class='ocrx_word' id='word_1_838' title='bbox 2561 5393 2751 5468; x_wconf 64' lang='lat' dir='ltr'><strong>fuisse.</strong></span> <span class='ocrx_word' id='word_1_839' title='bbox 2793 5410 2812 5444; x_wconf 84' lang='grc'>›</span> <span class='ocrx_word' id='word_1_840' title='bbox 2851 5390 3030 5468; x_wconf 69' lang='lat' dir='ltr'><strong>Quare</strong></span> <span class='ocrx_word' id='word_1_841' title='bbox 3051 5391 3222 5468; x_wconf 80' lang='lat' dir='ltr'><strong>quiin</strong></span> <span class='ocrx_word' id='word_1_842' title='bbox 3249 5390 3568 5468; x_wconf 79' lang='lat' dir='ltr'><strong>praedonum</strong></span> 
     </span>
    </p>
   </div>
   <div class='ocr_carea' id='block_1_122' title="bbox 1993 5460 3569 5528">
    <p class='ocr_par' dir='ltr' id='par_1_122' title="bbox 1993 5460 3569 5528">
     <span class='ocr_line' id='line_1_123' title="bbox 1993 5460 3569 5528; baseline -0.013 -2"><span class='ocrx_word' id='word_1_843' title='bbox 1993 5460 2273 5526; x_wconf 77' lang='lat' dir='ltr'><strong>venissent</strong></span> <span class='ocrx_word' id='word_1_844' title='bbox 2319 5481 2534 5528; x_wconf 90' lang='lat' dir='ltr'><strong>manus,</strong></span> <span class='ocrx_word' id='word_1_845' title='bbox 2565 5462 2725 5518; x_wconf 85' lang='lat' dir='ltr'><strong>bonis</strong></span> <span class='ocrx_word' id='word_1_846' title='bbox 2769 5462 3026 5516; x_wconf 90' lang='lat' dir='ltr'><strong>omnibus</strong></span> <span class='ocrx_word' id='word_1_847' title='bbox 3071 5460 3312 5522; x_wconf 90' lang='lat' dir='ltr'><strong>amissis,</strong></span> <span class='ocrx_word' id='word_1_848' title='bbox 3346 5471 3569 5528; x_wconf 80' lang='lat' dir='ltr'><strong>usuram</strong></span> 
     </span>
    </p>
   </div>
   <div class='ocr_carea' id='block_1_123' title="bbox 1997 5527 3573 5611">
    <p class='ocr_par' dir='ltr' id='par_1_123' title="bbox 1997 5527 3573 5611">
     <span class='ocr_line' id='line_1_124' title="bbox 1997 5527 3573 5611; baseline -0.013 -15"><span class='ocrx_word' id='word_1_849' title='bbox 1997 5555 2214 5611; x_wconf 90' lang='lat' dir='ltr'><strong>quoque</strong></span> <span class='ocrx_word' id='word_1_850' title='bbox 2246 5536 2384 5611; x_wconf 84' lang='lat' dir='ltr'><strong>lucis</strong></span> <span class='ocrx_word' id='word_1_851' title='bbox 2408 5527 2570 5611; x_wconf 71' lang='lat' dir='ltr'><strong>nulla</strong></span> <span class='ocrx_word' id='word_1_852' title='bbox 2598 5533 2904 5611; x_wconf 69' lang='lat' dir='ltr'><strong>praestituta</strong></span> <span class='ocrx_word' id='word_1_853' title='bbox 2927 5531 3018 5585; x_wconf 88' lang='lat' dir='ltr'><strong>die</strong></span> <span class='ocrx_word' id='word_1_854' title='bbox 3039 5529 3221 5608; x_wconf 79' lang='lat' dir='ltr'><strong>datam</strong></span> <span class='ocrx_word' id='word_1_855' title='bbox 3249 5527 3490 5611; x_wconf 57' lang='lat' dir='ltr'><strong>inuluctu</strong></span> <span class='ocrx_word' id='word_1_856' title='bbox 3519 5535 3573 5611; x_wconf 73' lang='lat' dir='ltr'><strong>et</strong></span> 
     </span>
    </p>
   </div>
   <div class='ocr_carea' id='block_1_124' title="bbox 1998 5596 3572 5674">
    <p class='ocr_par' dir='ltr' id='par_1_124' title="bbox 1998 5596 3572 5674">
     <span class='ocr_line' id='line_1_125' title="bbox 1998 5596 3572 5674; baseline -0.013 -8"><span class='ocrx_word' id='word_1_857' title='bbox 1998 5596 2231 5666; x_wconf 49' lang='lat' dir='ltr'><strong>utter-ore</strong></span> <span class='ocrx_word' id='word_1_858' title='bbox 2251 5605 2573 5674; x_wconf 85' lang='lat' dir='ltr'><strong>capiebant:</strong></span> <span class='ocrx_word' id='word_1_859' title='bbox 2597 5596 2743 5672; x_wconf 59' lang='lat' dir='ltr'><strong>Quod</strong></span> <span class='ocrx_word' id='word_1_860' title='bbox 2775 5603 2901 5658; x_wconf 82' lang='lat' dir='ltr'><strong>vitae</strong></span> <span class='ocrx_word' id='word_1_861' title='bbox 2932 5615 3103 5671; x_wconf 81' lang='lat' dir='ltr'><strong>genus</strong></span> <span class='ocrx_word' id='word_1_862' title='bbox 3137 5599 3244 5654; x_wconf 90' lang='lat' dir='ltr'><strong>cita</strong></span> <span class='ocrx_word' id='word_1_863' title='bbox 3273 5596 3362 5650; x_wconf 84' lang='lat' dir='ltr'><strong>illa</strong></span> <span class='ocrx_word' id='word_1_864' title='bbox 3396 5603 3572 5649; x_wconf 85' lang='lat' dir='ltr'><strong>morte</strong></span> 
     </span>
    </p>
   </div>
   <div class='ocr_carea' id='block_1_125' title="bbox 1993 5675 2696 5751">
    <p class='ocr_par' dir='ltr' id='par_1_125' title="bbox 1993 5675 2696 5751">
     <span class='ocr_line' id='line_1_126' title="bbox 1993 5675 2696 5751; baseline -0.017 -14"><span class='ocrx_word' id='word_1_865' title='bbox 1993 5682 2117 5751; x_wconf 76' lang='lat' dir='ltr'><strong>jure</strong></span> <span class='ocrx_word' id='word_1_866' title='bbox 2151 5680 2368 5749; x_wconf 76' lang='lat' dir='ltr'><strong>gravius</strong></span> <span class='ocrx_word' id='word_1_867' title='bbox 2399 5675 2696 5731; x_wconf 81' lang='lat' dir='ltr'><strong>videbatur.</strong></span> 
     </span>
    </p>
   </div>
  </div>
