4076 6310
252 405 350 474 5‘61

1357 396 1443 464 ΙΝ
1496 399 2068 462 ECCLESIASTEN.
2109 423 2177 433 -
2209 397 2360 460 LIB.
2401 397 2470 456 V.

3389 391 3496 457 962

249 517 358 569 τῶν
388 513 625 585 μόχθων,
681 505 757 569 ὧν
811 511 1121 584 ὲμόχθησεν
1165 513 1245 578 si;
1297 513 1535 584 ἄνεμον;
1583 530 1602 564 ι
1652 511 1820 582 ἧγουν

1930 526 1951 565 a
1983 508 2280 572 laboribus,
2309 504 2512 575 quibus
2545 503 2757 556 laborat
2803 497 2858 554 in
2899 497 3157 554 ventum?
3203 515 3222 549 ι
3271 496 3497 562 Frustra

250 605 374 675 εξκῆ
409 603 509 656 καὶ
541 603 740 672 μάτην.
786 602 1056 675 Καθάπερ
1087 603 1196 676 γὰρ
1225 604 1255 656 ὀ
1282 603 1375 657 τὸν
1413 603 1552 675 ἀέρα
1585 601 1817 671 δέῥρων,

249 698 360 751 εἴτε
404 697 518 758 τοῖς
567 694 852 758 δακτύλοις
901 693 1156 766 κατέχειν
1197 693 1396 748 ἐθέλων
1441 693 1534 748 τὸν
1582 693 1819 765 ἄνεμον,

249 787 401 842 οὐδὲν
437 783 603 838 πλέον
643 784 874 856 εὓρηται
905 783 1069 856 δρῶν,
1105 785 1140 857 ἢ
1183 784 1382 848 κόπους
1423 776 1681 856 ματαίους
1725 783 1823 839 καὶ

249 871 536 946 πέριττούς
557 893 570 907 ·
605 877 750 930 οὔτω
782 878 878 932 καὶ
914 876 1030 932 τῶν
1056 877 1316 930 τοιούτων
1353 877 1382 928 ὀ
1425 875 1626 946 μόχθος
1652 876 1823 947 χωρὶς

248 967 348 1036 τῆς
378 965 640 1037 δαψιλοῦς
670 966 1041 1037 ὲλεημοσύνης
1063 965 1158 1020 καὶ
1183 965 1283 1036 τῆς
1312 965 1451 1036 πρὸς
1472 966 1600 1030 τοὺς
1625 965 1824 1030 ἐνδεεῖς

250 1059 348 1112 καὶ
386 1059 628 1130 πένητας
681 1059 1040 1129 μεταδόσεως,
1069 1059 1150 1120 εἰς
1179 1057 1384 1127 ἄνεμον
1415 1054 1646 1129 εὕρηται
1679 1057 1824 1126 γινό-

252 1167 412 1220 μενος
445 1150 762 1220 προφανῶς,
799 1149 896 1204 ἅτε
923 1149 986 1220 δὴ
1019 1148 1294 1203 κάνταῦθα
1327 1149 1481 1220 παρὰ
1529 1149 1707 1204 πάντα
1732 1149 1824 1202 τὸν

247 1243 459 1297 ἑαυτῶν
511 1241 627 1312 βίον
675 1242 1078 1312 κατειργμένην
1127 1241 1363 1311 ἐχόντων
1409 1243 1468 1295 ἑν
1513 1242 1696 1297 σκότει
1725 1241 1824 1312 τὴν

250 1332 386 1386 ἰδίαν
433 1333 636 1404 ψυχὴν,
669 1333 893 1387 καὶιδιὰ
935 1333 1094 1388 τοῦτο
1137 1334 1212 1404 μὴ
1254 1334 1562 1404 δυναμένην
1593 1334 1826 1389 ἀποϐλέ-

247 1440 372 1476 πειν
401 1424 539 1495 πρὸς
583 1423 646 1478 τὸ
675 1422 791 1494 φῶς
821 1425 921 1493 τῆς
961 1424 1234 1496 σωτηρίας
1279 1425 1373 1477 καὶ
1397 1424 1498 1495 τῆς
1536 1423 1704 1494 ζωῆς,
1729 1425 1825 1476 καὶ

243 1516 390 1584 χόλῳ
427 1515 522 1568 καὶ
567 1513 768 1586 πικρίᾳ
813 1514 910 1569 καὶ⁹
939 1513 1126 1568 πένθει
1172 1513 1414 1586 διηνεκεῖ
1457 1515 1825 1586 συνεχομένην

241 1609 299 1659 ὲν
323 1607 390 1677 τῇ
426 1605 717 1673 ἀποτεύξει
744 1605 976 1676 μάλιστα
999 1605 1108 1660 τῶν
1134 1605 1280 1660 ἰδίων
1309 1605 1663 1678 καταθυμίων
1680 1620 1696 1636 ⁸
1723 1606 1825 1661 κάν

239 1699 308 1767 τῇ
345 1695 621 1773 μελὶωύσῃ
653 1697 768 1769 ζωῇ
809 1697 1330 1768 παραπεμπομένην
1364 1717 1385 1750 ι
1420 1695 1501 1762 ile
1531 1697 1592 1752 τὺ
1629 1697 1825 1764 ἐξώτε-

247 1805 339 1859 ρον
371 1788 567 1852 σκότος
613 1788 708 1842 καὶ
739 1788 800 1841 1:b
830 1786 940 1860 πῦρ
980 1787 1044 1842 τὺ
1083 1786 1305 1842 αίὼνιον
1335 1789 1396 1841 τὸ
1423 1789 1826 1860 ἡτοιμασμένον

1923 615 2118 672 nempe
2162 613 2326 669 atque
2372 597 2628 652 inaniter.
2675 590 3147 660 Quemadmodum
3195 589 3342 645 enim
3399 591 3498 660 qui

1925 706 2106 748 aerem
2136 691 2409 754 verberat,
2437 685 2540 742 etsi
2573 681 2793 740 ventum
2825 681 3010 752 digitis
3037 680 3500 750 comprehendere

1923 783 2075 846 velit,
2107 781 2242 836 nihil
2261 779 2412 834 aliud
2437 784 2769 833 consecutus
2792 775 3064 837 videatur,
3087 787 3250 843 quam
3272 781 3332 826 ut
3349 770 3497 825 inani

1922 884 1976 930 et
2003 885 2408 944 supervacaneo
2445 869 2633 924 labore
2655 867 3054 930 delassaretur;
3077 865 3158 919 sic
3183 873 3237 918 et
3267 864 3496 918 istorum

1923 964 2225 1032 contentio,
2261 977 2383 1033 quae
2412 974 2538 1017 cum
2573 957 2830 1013 muniﬁca
2871 955 3251 1012 misericordia
3281 962 3336 1010 et
3362 969 3498 1025 pau-

1923 1073 2114 1129 perum
2153 1064 2326 1126 atque
2352 1052 2628 1124 egentium
2661 1049 2906 1106 subsidio
2932 1048 3227 1118 conjuncta
3265 1061 3372 1102 nou
3405 1047 3517 1112 sit,

1885 1190 1902 1196 -
1925 1149 2217 1205 manifesto
2247 1149 2301 1202 in
2340 1155 2563 1202 ventum
2605 1151 2858 1213 suscepta
2899 1141 3239 1212 reperiatur:
3265 1155 3500 1210 praeser-

1925 1243 2022 1296 tim
2073 1247 2198 1296 c‘um
2255 1240 2342 1296 hic
2371 1253 2590 1310 quoque
2639 1244 2753 1291 toto
2809 1235 2934 1296 vita
2983 1243 3227 1304 tempore
3254 1233 3497 1288 animum

1929 1333 2222 1389 habuerint
2270 1333 2324 1386 in
2358 1331 2596 1386 tenebris
2624 1329 2869 1385 clausum
2927 1326 3088 1400 158
3119 1334 3178 1382 ut
3206 1340 3380 1396 neque
3411 1339 3500 1380 sa-

1926 1424 2056 1478 lutis
2093 1421 2332 1492 vitisque
2379 1421 2562 1476 lumen
2593 1421 2835 1489 aspicere
2861 1424 3068 1488 posset,
3093 1423 3150 1472 et
3179 1417 3329 1471 rabie
3360 1415 3501 1471 assi-

1923 1517 2032 1572 dua
2059 1524 2112 1570 et
2139 1514 2456 1586 aegritudine
2477 1521 2532 1568 et
2563 1513 2750 1567 dolore
2775 1517 3140 1582 premeretur,
3169 1510 3239 1566 iis
3277 1508 3503 1580 potissi-

1924 1622 2096 1672 mum,
2132 1622 2254 1676 quae
2287 1605 2732 1674 concupiverunt,
2781 1603 3008 1657 minime
3053 1601 3498 1668 succedentibus;

1924 1707 2040 1753 tum
2075 1713 2204 1754 vero
2232 1699 2285 1752 in
2315 1697 2493 1752 futura
2521 1695 2632 1750 vita
2671 1693 3149 1750 transmittendum
3182 1693 3360 1748 sciant
3392 1713 3410 1744 ι
3446 1692 3502 1746 in

1925 1790 2178 1844 tenebras
2203 1789 2503 1844 exteriores
2531 1797 2586 1842 et
2631 1787 2808 1856 ignem
2836 1793 3122 1851 aeternum,
3158 1785 3248 1854 qui
3277 1791 3504 1854 paratus

243 1879 323 1950 τῷ
371 1879 608 1951 διαϐόλῳ
652 1881 748 1934 καὶ
777 1882 892 1944 τοῖς
943 1879 1196 1950 ἀγγέλοις
1237 1879 1428 1934 αὐτοῦ.
1465 1898 1486 1932 ι
1529 1881 1640 1934 Καὶ
1665 1881 1825 1935 τοῦτό

1930 1893 2003 1940 εει
2037 1883 2254 1937 diabolo
2278 1892 2331 1935 et
2359 1880 2566 1944 angelis
2603 1881 2723 1949 ejus
2749 1879 2840 1934 Ψ.
2871 1897 2892 1932 ι
2918 1879 3095 1948 Atque
3125 1878 3232 1933 hoc
3259 1877 3504 1948 profecto

247 1975 394 2026 ἐστιν
421 1971 532 2046 ἄρα
559 1971 746 2042 σαφῶς
789 1971 817 2025 ὃ
861 1988 1047 2042 φησιν,
1083 1989 1104 2024 ι
1149 1965 1306 2025 Εἶδον
1331 1970 1565 2025 πλοῦτον
1595 1971 1701 2025 ὐπδ
1727 1973 1821 2025 τὸν

1930 1984 2022 2040 est,
2053 1975 2196 2044 quod
2231 1974 2306 2027 ait
2333 1991 2346 2026 :
2387 1992 2406 2025 ι
2443 1971 2570 2028 Vidi
2599 1971 2815 2027 divitias
2843 1971 2947 2026 sub
2977 1971 3092 2026 sole
3122 1957 3422 2033 custoditus
3447 1971 3503 2026 in

247 2067 404 2136 ἥλιον
433 2065 841 2137 φυλασσόμενον
871 2064 952 2128 είς
981 2063 1228 2118 κάκωσιν
1261 2062 1356 2116 τοῦ
1405 2062 1758 2128 συνάξαντος.
1799 2082 1818 2116 ι

1930 2065 2038 2136 ejus
2065 2066 2383 2134 perniciem,
2420 2063 2510 2132 qui
2547 2063 2743 2130 coegit.
2771 2081 2790 2114 ι
2824 2059 2920 2116 Est
2949 2071 3130 2116 autem
3161 2060 3316 2126 illud,
3357 2059 3502 2126 Vidi,

245 2159 480 2228 Νοητῶς
509 2159 566 2212 δὲ
591 2156 655 2210 τὸ
680 2151 863 2211 Εἶδον
887 2155 1230 2226 ὑποληπτέον
1249 2168 1264 2184 ⁶
1307 2153 1548 2224 δηλονότι
1577 2157 1690 2218 τοῖς
1708 2172 1825 2209 νοε-

1930 2158 1990 2213 de
2013 2159 2212 2212 mentis
2241 2157 2450 2212 visione
2474 2153 2906 2224 intelligendum,
2931 2152 3045 2207 sive
3069 2155 3136 2208 de
3166 2153 3503 2224 spiritalibus

247 2253 362 2321 poi;
410 2247 718 2318 ὀφθαλμοῖς
760 2245 857 2300 καὶ
904 2247 969 2316 τῇ
1019 2243 1319 2316 καταλήψει
1351 2243 1462 2299 τῶν
1507 2245 1824 2313 γνωστικῶν

1930 2250 2098 2306 oculis
2119 2261 2170 2304 et
2194 2247 2704 2317 comprehensione,
2730 2261 2852 2316 quae
2873 2245 2940 2300 ad
2964 2245 3160 2300 animae
3183 2247 3290 2300 vim
3314 2245 3503 2315 cogni—

242 2340 534 2410 δυνάμεων
566 2337 669 2408 τῆς
697 2337 874 2407 ψυχῆς
894 2351 909 2368 ο
942 2335 1242 2408 ὀφθαλμοῖς
1271 2333 1380 2406 γὰρ
1410 2334 1690 2405 αἰσθητοῖς
1729 2335 1828 2408 τὴν

1930 2341 2243 2408 tionemque
2281 2340 2532 2410 pertinet.
2571 2339 2709 2392 Nam
2746 2337 3024 2406 corporeis
3053 2335 3270 2406 quidem
3303 2338 3500 2401 oculis,

247 2432 353 2486 ὑπὸ
384 2432 573 2486 πᾶσαν
607 2427 706 2500 τὴν
731 2429 822 2498 ὑφ’
845 2426 999 2496 ἥλιον
1029 2425 1456 2496 πολιτευομένην
1485 2425 1702 2488 κακίαν,
1729 2426 1827 2498 οὐχ

1931 2447 2052 2501 quae
2091 2447 2184 2500 per
2214 2433 2526 2484 universam
2559 2438 2756 2484 terram
2787 2439 3055 2494 versatur,
3097 2427 3378 2482 hominum
3409 2442 3505 2482 ne-

245 2517 356 2576 οἷόν
385 2520 447 2576 τέ
476 2522 627 2574 ἐστιν
663 2518 791 2571 ἰδεῖν
819 2515 1065 2572 ὁπωσοῦν
1085 2533 1098 2546 ·
1131 2509 1255 2569 εἷτά
1281 2531 1446 2584 φησιν
1469 2531 1482 2546 ·

1931 2522 2160 2592 quitiam
2189 2536 2330 2575 unus
2367 2520 2550 2576 videre
2580 2521 2705 2590 quis
2743 2517 2950 2590 possit?
2977 2517 3144 2574 Addit
3169 2518 3364 2574 deinde
3393 2535 3409 2573 :

1852 2654 1944 2712 IV.
3267 2709 3274 2714 .

320 2746 505 2804 Εἷδον
541 2745 658 2816 ἐγὼ
695 2743 945 2814 ἀγαθὸν,
999 2743 1034 2796 ὅ
1075 2743 1208 2798 ἐστι
1254 2743 1468 2810 καλὸν,
1505 2745 1570 2799 τὸ
1615 2654 1829 2817 φαγεῖὲ

1931 2696 1944 2712 ο
2000 2727 2164 2806 νέης.
2198 2750 2282 2814 18,
2310 2751 2395 2806 19.
2437 2749 2552 2804 Vidi
2574 2765 2666 2818 ego
2693 2749 2904 2810 bonum.
2933 2747 3073 2818 quod
3099 2756 3176 2803 est
3197 2700 3498 2814 pulsarum,

250 2841 350 2893 καὶ
379 2840 448 2893 τὸ
484 2836 660 2900 πιεῖν,
701 2835 800 2890 καὶ
831 2834 898 2890 τὸ
929 2832 1076 2888 ἰδεῖν
1111 2835 1510 2905 ἀγαθωσύνην
1553 2837 1623 2890 ἐν
1647 2837 1828 2892 παντὶ

1930 2841 2190 2894 comedere
2220 2851 2376 2910 atque
2411 2839 2602 2906 bibere,
2631 2849 2681 2894 et
2717 2855 2926 2894 cernere
2956 2839 3242 2894 bonitatem
3272 2840 3328 2894 in
3357 2837 3504 2896 omni

249 2929 455 2996 μόχθῳ
489 2924 694 2989 αὑτοῦ,
729 2916 776 2990 ᾧ
815 2922 893 2978 ἂν
911 2923 1194 2993 ιιοχθιζσῃ
1225 2923 1342 2978 ὐπὸ
1371 2924 1480 2978 τὸν
1510 2925 1706 2992 ἥλιον,
1735 2927 1828 2981 ἐπ’

1930 2931 2103 2986 labore
2143 2949 2260 2997 suo,
2293 2949 2595 3003 quocunque
2633 2933 2948 2987 laboraret-it
2983 2931 3079 2985 sub
3120 2932 3231 2988 sole
3275 2949 3368 3002 per
3395 2949 3500 2988 uu-

253 3018 510 3087 ἁριθμὰν
536 3015 770 3086 ἡμερῶν
811 3013 959 3082 ζωῆς
995 3015 1202 3076 αὐτοῦ,
1227 3009 1316 3068 ὧν
1345 3015 1568 3070 ἔδωκεν
1611 3019 1770 3085 αὐτῷ
1796 3023 1830 3074 ό

255 3110 434 3174 Θεόςο
467 3108 558 3161 ὅτι
590 3108 734 3160 αὐτὸ
761 3105 930 3176 μερὶς
968 3105 1174 3160 αὐτοῦ.
1224 3107 1336 3160 Καί
1361 3125 1427 3177 γε
1455 3106 1573 3174 πᾶς
1604 3108 1730 3178 ἄνθ]
1754 3128 1826 3164 ω-

251 3217 386 3266 πος,
415 3195 465 3269 ᾧ
506 3201 734 3254 ἔδωκεν
755 3197 922 3263 αὐτῷ
951 3199 1162 3268 ἀνθεὸς
1192 3199 1459 3254 πλοῦτον
1499 3201 1598 3254 καὶ
1635 3200 1824 3272 ὑπάρ-

252 3305 476 3358 χοντα,
533 3289 634 3344 καὶ
677 3289 1043 3375 ὲξουοίίασεν
1087 3289 1272 3342 αὐτόν
1321 3288 1428 3342 τοῦ
1471 3290 1684 3363 φαγεῖν
1724 3291 1824 3346 ἀπ’

251 3380 464 3444 αὐτοῦ,
506 3379 605 3434 καὶ
640 3379 850 3434 λαϐεῖν
890 3379 956 3434 τὸ
979 3378 1160 3450 μέρος
1195 3382 1404 3442 αὐτοῦ.
1446 3385 1540 3437 καὶ
1587 3385 1696 3440 τοῦ
1728 3387 1826 3438 εὐ-

250 3471 600 3542 φρανθῆναι
649 3472 721 3525 ἐν
755 3474 962 3540 μόχθῳ
1011 3472 1218 3536 αὑτοῦ,
1265 3475 1444 3528 τοῦτο
1483 3474 1636 3544 δόμα
1681 3475 1828 3530 Θεοῦ

249 3561 462 3614 ἐστιν·
500 3560 592 3612 ὅτι
635 3561 708 3612 οὐ
750 3558 990 3624 πολλὰς
1013 3561 1432 3628 μνησθήσεται
1470 3565 1575 3628 τὰς
1607 3553 1854 3631 ἡμέραξ

249 3650 368 3718 τῆς
417 3647 572 3716 ζωῆς
619 3648 826 3712 αὑτοῦ,
861 3648 951 3702 ὅτι
979 3651 1012 3702 ὀ
1049 3649 1194 3716 Θεὸς
1237 3649 1503 3719 περισπᾷ
1545 3653 1732 3706 αὐτὸν
1762 3653 1832 3706 ἐν

207 3757 226 3765 ‘
249 3739 584 3808 ἀφροσύνῃ
611 3739 859 3806 καρδίας
885 3739 1092 3794 αὑτοῦ.

337 3829 686 3901 Ἀῤῥωστίαν
715 3829 811 3883 τοῦ
851 3830 1066 3885 ἔνδοθεν
1090 3830 1250 3904 ἡμῶν
1273 3833 1560 3906 ἀνθρώπου
1587 3835 1832 3907 πονηρὰν

250 3919 545 3990 ὀνομάσας
597 3919 658 3972 τὸ
703 3918 1058 3993 θησαυρίζειν
1103 3923 1198 3976 καὶ
1240 3925 1530 3995 φυλάττειν
1573 3925 1667 3980 τὸν
1710 3943 1834 3982 συν-

251 4009 624 4082 αθροισθέντα
655 4009 884 4066 πλοῦτον
914 4015 970 4066 ὲν
992 4013 1206 4078 πολλοῖς
1249 4015 1469 4086 μόχθοις
1493 4019 1588 4071 καὶ
1608 4017 1832 4084 κόποις,

253 4103 354 4155 uel.
393 4101 646 4172 χαλεπὰς
677 4103 1110 4176 ἀντιπαρέχοντα
1133 4105 1210 4178 τῷ
1238 4107 1559 4178 φυλάττοντι
1604 4109 1704 4174 τὰς
1746 4109 1836 4166 διὰ

250 4194 358 4266 τὴν
411 4193 666 4264 φυλακὴν
704 4195 1096 4266 ὰνταμείψειςο
1149 4199 1230 4262 εἰς
1264 4199 1372 4270 γὰρ
1400 4199 1646 4256 κάκωσιν
1688 4201 1836 4274 εὑρί⁹

252 4305 477 4353 σκεται,
514 4287 672 4357 φησὶ,
705 4287 800 4341 τοῦ
824 4288 1183 4357 φυλάττοντος
1201 4305 1216 4320 °
1245 4291 1340 4371 καὶ
1367 4291 1672 4358 διεξοδικῶς
1700 4293 1836 4347 καθ-

247 4378 595 4451 υπογράψας
636 4379 737 4450 τὴν
794 4380 902 4434 τῶν
947 4379 1158 4434 πολλῶν
1203 4379 1508 4453 ἀνθρώπων
1560 4386 1617 4438 ὲν
1659 4385 1835 4456 τούτῳ

1927 3039 2124 3078 merum
2165 3025 2369 3078 dierum
2405 3025 2528 3079 vim:
2565 3041 2698 3090 sum,
2735 3039 2866 3095 quos
2911 3022 3054 3077 dedit
3095 3025 3143 3078 ei
3184 3023 3364 3088 Deus;
3402 3027 3500 3079 hoc

1927 3118 2115 3184 quippe
2137 3125 2213 3169 est
2239 3131 2363 3184 pars
2385 3117 2518 3186 ejus.
2543 3116 2611 3170 Et
2627 3118 2840 3187 quidem
2862 3117 3030 3172 omnis
3049 3117 3224 3181 homo,
3251 3117 3338 3171 cui
3357 3119 3502 3173 dedit

1927 3207 2030 3276 ipsi
2057 3205 2196 3260 Dcus
2227 3206 2441 3262 divitias
2471 3219 2518 3262 et
2549 3209 2923 3274 substantiam,
2959 3211 3314 3280 concessitque
3337 3210 3408 3274 ei,
3441 3222 3498 3264 ut

1925 3314 1990 3352 ea:
2019 3299 2134 3367 ipsa
2168 3311 2476 3368 nasceretur,
2506 3311 2555 3356 et
2588 3301 2792 3355 tolleret
2820 3313 3026 3370 partem
3062 3315 3236 3364 suam,
3267 3311 3318 3356 et
3353 3302 3504 3358 [atta-

1925 3401 2073 3443 rctur
2111 3393 2165 3443 in
2197 3391 2378 3446 labore
2404 3408 2520 3457 suo,
2550 3394 2647 3446 hoc
2692 3391 2786 3446 Dei
2816 3400 3015 3446 donum
3052 3404 3128 3448 est
3165 3411 3184 3448 :
3219 3411 3321 3448 non
3359 3395 3500 3449 enim

1927 3479 2132 3532 dierum
2163 3485 2454 3536 multorum
2479 3483 2598 3536 vita:
2635 3498 2745 3536 sua:
2784 3483 3168 3544 rccordabitur,
3195 3485 3322 3554 quia
3361 3485 3502 3540 Deus

1929 3577 2149 3634 occupat
2179 3587 2298 3624 eum
2327 3573 2379 3624 in
2407 3571 2599 3626 ltctitia
2629 3574 2801 3627 cordis
2829 3573 2946 3640 ejus
2975 3573 3108 3642 (5-1).

2004 3836 2299 3908 Postquam
2329 3835 2629 3892 ditescendi
2658 3835 2898 3892 studium
2933 3845 2986 3894 et
3015 3837 3343 3895 laboriosam
3379 3857 3500 3898 mo.
3554 3865 3562 3871 -

1933 3929 2238 3998 lestamque
2291 3935 2668 3996 congestarum
2731 3940 2896 3994 opum
2957 3927 3300 3993 custodiam,
3361 3933 3504 3987 unde

1933 4020 2128 4076 acerba
2159 4031 2384 4089 prorsus
2413 4015 2797 4073 sollicitudinis
2831 4031 3042 4072 merces
3063 4019 3272 4074 custodi
3310 4025 3504 4090 repen-

1934 4111 2104 4174 ditur,
2152 4109 2448 4178 pessimum
2491 4106 2660 4161 animi
2701 4107 2874 4162 nostri
2911 4107 3228 4179 languorem
3264 4114 3504 4182 appella-

1933 4203 2012 4258 vit
2043 4219 2058 4256 :
2089 4202 2290 4272 quippe
2321 4215 2442 4271 quae
2477 4201 2530 4254 in
2566 4199 2884 4269 perniciem,
2919 4200 3116 4271 inquit,
3149 4204 3505 4262 custodientis

1935 4309 2054 4350 esse
2085 4291 2420 4356 invenimus;
2449 4305 2514 4345 ac
2545 4298 2833 4360 postquam
2862 4307 2957 4362 per
2984 4291 3374 4364 digressionem
3407 4298 3502 4352 ho-

1936 4373 2144 4440 minum
2177 4383 2472 4437 multorum
2505 4381 2608 4436 hac
2637 4381 2691 4435 in
2719 4395 2778 4436 re
2797 4380 3066 4438 insaniam
3095 4384 3403 4456 descripsit,
3435 4388 3504 4442 ad

251 4469 655 4544 παραπληξίαν
679 4485 693 4500 ·
723 4472 1057 4540 ἀντιτίθησιν
1087 4473 1167 4528 ἔτι
1184 4473 1319 4546 πρὸς
1343 4475 1564 4548 ἔλεγχον
1608 4477 1830 4542 τούτων,

1935 4477 2251 4530 eorumdem
2305 4473 2783 4544 reprehensionem
2839 4474 3064 4544 opponit
3113 4484 3396 4545 praetcrea,
3447 4489 3508 4533 ut

252 4563 398 4616 κατὰ
449 4561 515 4616 τὸ
563 4563 1148 4634 προσυπηκουσμένον,
1247 4565 1342 4619 καὶ
1389 4567 1658 4622 πλοῦτον
1693 4569 1839 4639 ἁγα-

221 4649 385 4722 Ὤόν,
421 4655 486 4709 οὐ
540 4653 621 4726 τῷ
679 4653 879 4721 δοκεῖν,
909 4655 1046 4709 ἀλλὰ
1094 4655 1258 4711 καλὸν
1283 4657 1360 4722 ὡς
1403 4657 1621 4728 ἀληθῶς
1665 4676 1838 4730 πεφυ-

252 4745 390 4800 κότα
423 4747 522 4800 καὶ
554 4744 1144 4816 παραλαμϐανόμενον,
1174 4747 1416 4818 δηλονότι
1443 4749 1534 4803 τὸν
1575 4751 1717 4821 μετὰ
1739 4750 1840 4822 τὴν

252 4837 518 4908 αὐτάρκη
549 4831 744 4907 χρείαν
771 4835 959 4890 τοῦτον
1003 4837 1234 4892 πλοῦτον
1264 4839 1716 4911 συναθροίσαντος
1743 4841 1842 4896 καὶ

253 4929 654 4996 φυλάττοντος,
701 4927 881 4999 ἥνπερ
929 4928 1174 4998 ὲσήμανε
1223 4929 1310 4984 διὰ
1352 4929 1448 4984 τοῦ
1497 4930 1690 4998 φάναι,
1727 4950 1746 4984 ι
1778 4931 1841 4986 τὸ

254 5021 462 5089 φαγεῖν
491 5018 590 5070 καὶ
631 5017 693 5070 τὸ
725 5019 870 5070 πιεῖν
894 5034 908 5048 ·
946 5037 968 5071 ι
1005 5018 1314 5084 ἀκολούθως
1355 5023 1448 5076 καὶ
1483 5013 1604 5088 εοῖς
1635 5025 1841 5078 ἑνδεέσι

251 5107 656 5179 διανεμόμενον
683 5109 833 5178 παρὰ
853 5107 964 5162 τῶν
981 5109 1182 5180 χειρῶν
1201 5111 1297 5164 τοῦ
1321 5112 1642 5184 κατέχοντος
1661 5129 1676 5144 ο
1699 5113 1839 5168 ὥστε

254 5199 572 5254 θεάσασθαι
615 5201 710 5252 καὶ
751 5202 865 5264 τοῖς
911 5199 1062 5261 ιδίοις
1109 5201 1410 5273 ὀφθαλμοῖς
1470 5207 1549 5266 είς
1613 5205 1838 5274 ἀγαθω-

347 5381 396 5413 ²³
427 5383 442 5402 ⁶
476 5378 676 5434 Matth.
707 5397 836 5452 xxv,
868 5383 958 5438 Μ.

333 5492 450 5565 (51)
495 5491 604 5548 Sed
637 5495 777 5565 apud
825 5492 968 5565 LXX
1018 5493 1144 5549 sic:
1199 5490 1326 5565 Ἰδοὺ
1373 5487 1514 5565 εἴδον
1559 5489 1844 5565 ἐγὼΔὰγαζ

258 5559 374 5626 θδν,
404 5559 440 5616 ὅ
471 5565 591 5633 ἐστι
619 5559 802 5631 καλὸν,
830 5563 924 5617 τοῦ
958 5566 1160 5633 φαγεῖν
1192 5563 1286 5633 καὶ
1312 5562 1408 5633 τοῦ
1438 5565 1579 5633 πιεῖν
1600 5559 1703 5633 καὶ
1743 5559 1839 5614 τοῦ

259 5636 394 5703 ἰδεῖν
415 5626 870 5703 ἀγαθωσύνηνίν
899 5626 1061 5703 παντὶ
1096 5631 1278 5703 μόχθῳ
1313 5630 1502 5693 αὐτοῦ,
1595 5631 1692 5703 sitv
1735 5646 1834 5703 μο-

254 5681 643 5774 ςιῐῄδξδζέεντ
657 5681 1068 5774 utetiam
1086 5681 1574 5774 βενῑῃξξξαι
1589 5681 1831 5774 tuseu-

258 5768 358 5828 ὂεν
387 5768 548 5840 αὐτῷ
580 5768 780 5840 φαγεῖν
830 5768 925 5828 ἀπ’
951 5768 1230 5826 aiataiat;
1275 5771 1356 5824 ὅτι
1398 5769 1460 5824 οὐ
1491 5770 1661 5824 πολλὰ
1695 5784 1828 5840 μνη-

1939 4565 2373 4622 subaudiendum
2398 4571 2504 4628 est,
2541 4564 2755 4618 divitias
2785 4579 3002 4634 quoque
3033 4566 3220 4632 bonus,
3260 4583 3368 4622 non
3397 4570 3506 4624 uti-

1937 4672 2043 4726 que
2075 4656 2214 4721 visu,
2244 4664 2300 4710 at
2327 4670 2512 4709 revera
2547 4655 2806 4724 pulchras
2839 4665 2894 4710 et
2921 4666 3111 4710 natura
3139 4659 3273 4714 tales
3303 4659 3506 4714 haben-

1935 4749 2055 4810 das.
2086 4763 2182 4802 eas
2229 4761 2442 4815 nempe,
2476 4761 2615 4815 quas
2661 4745 2785 4815 quis
2813 4745 3092 4816 collegerit
3146 4757 3200 4802 et
3233 4750 3509 4805 custodiat

1939 4837 2280 4894 moderatum
2311 4837 2366 4890 in
2393 4851 2577 4900 usum,
2609 4852 2770 4906 quem
2805 4836 3121 4911 illisyerbis
3151 4839 3504 4909 signiﬁcavit;

1943 4949 1962 4982 ι
2002 4927 2290 4983 comedere
2346 4933 2511 4997 atque
2551 4927 2734 4982 bibere
2779 4943 2793 4978 :
2833 4946 2852 4980 ι
2899 4935 2954 4982 et
2991 4945 3110 4998 quae.
3158 4944 3265 4983 non
3325 4931 3506 4988 minus

1935 5021 2120 5092 egenis
2169 5035 2388 5091 quoque
2426 5019 2632 5074 domini
2679 5021 2932 5075 manibus
2969 5019 3408 5091 distribuantur;
3447 5034 3504 5078 ut

1935 5123 1989 5168 et
2023 5111 2197 5167 oculis
2235 5109 2349 5179 ipse
2393 5109 2508 5164 suis
2548 5124 2641 5166 eas
2673 5109 2726 5164 in
2763 5109 3046 5165 bonitatem
3098 5129 3388 5169 conversas
3422 5115 3504 5168 \i-

1935 5205 2083 5270 deat,
2112 5201 2273 5275 ιω
2291 5216 2413 5272 quae
2439 5200 2868 5258 misericordiam
2897 5202 3143 5274 designat
3168 5213 3223 5260 et
3255 5205 3506 5260 humani-

1941 5491 2199 5562 ρθήσεται
2226 5491 2324 5554 τὰς
2355 5492 2568 5562 ἡμέρας
2595 5492 2694 5562 τῆς
2719 5491 2864 5561 ζωῆς
2903 5491 3114 5546 αὑτοῦ..
3147 5530 3183 5544 ..
3215 5491 3498 5561 Olymp....

1935 5555 2011 5632 ῶν
2029 5555 2246 5618 ’ἔδωκεν
2273 5564 2302 5615 ὀ
2323 5555 2455 5632 Θεὸς
2475 5555 2628 5632 ἀὐτῷ
2645 5555 2661 5592 ί
2678 5555 2919 5616 πλοῦτον
2936 5563 3042 5632 καὶ
3069 5555 3388 5632 ὑπάρχοντα
3408 5562 3498 5616 καὶ

1933 5631 2184 5696 ἐξουσίαν
2215 5633 2273 5685 ὲν
2301 5630 2452 5702 abst}:
2483 5631 2578 5684 τοῦ
2603 5630 2806 5702 φαγεῖν
2853 5631 2948 5702 ἀπ’
2979 5631 3164 5696 αὑτοῦ,
3186 5630 3288 5685 ’καὶ
3315 5631 3498 5686 λαϐεῖν

1929 5703 1990 5754 τὸ
2019 5702 2186 5774 μέρος
2212 5699 2400 5768 αὐτοῦ,
2425 5699 2636 5756 καὶτοῦ
2667 5699 3126 5774 εὐφρανθῆναι....
