4076 6310
330 304 431 369 .369

1395 312 1478 383 IN
1521 294 2108 384 ECCLESlASTEN.
2167 347 2236 358 —
2272 321 2419 382 LIB.
2449 311 2520 384 ν.

3466 328 3590 391 ’970

330 430 470 500 φῶς.
503 431 674 484 Τοῦτο
700 429 810 503 γὰρ
843 431 1118 504 ἐσήμανεν
1144 430 1335 496 εἰπὼν,
1379 453 1397 485 ι
1431 435 1541 504 Καὶ
1569 435 1736 507 πολλή
1763 436 1894 488 item

2013 435 2244 492 multum
2272 447 2355 492 est
2381 453 2545 508 super
2583 436 2885 504 hominem,
2924 457 2944 490 ι
2986 453 3108 510 quae
3145 439 3453 516 declarant,
3479 460 3589 500 non

329 523 428 576 ἐπὶ
457 521 547 574 τὸν
593 521 902 595 ἄνθρωπον,
943 543 962 576 ι
995 524 1170 596 δηλῶν
1199 526 1275 590 ὼς
1311 525 1434 596 ούχὶ
1461 527 1664 590 πάντες
1696 527 1908 598 ἄνθρω-

329 630 424 668 ποι
451 612 550 684 τὴν
595 615 859 684 τοιαύτην
889 615 1075 688 έχουσι
1105 617 1351 688 πονηρὰν
1384 617 1560 672 νόσον.
1607 617 1730 672 Εἰσὶ
1771 617 1902 691 γὰρ,

325 704 438 758 εἰσὶ
478 704 574 758 καί
619 723 768 771 τινες
811 707 862 760 οἰ
907 710 1008 780 τῆς
1050 708 1428 778 προσπαθείας
1473 709 1584 763 τῶν
1622 709 1906 780 παρόντων

326 795 558 861 ἑαυτοὺς
585 797 982 870 ύπεράραντες,
1005 800 1209 855 καὶτὸν
1225 801 1513 874 ἁκτήμονα
1546 801 1905 873 προελόμενοι

327 888 466 958 βίον,
496 889 593 944 ἅτε
627 891 690 962 δὴ
720 894 812 948 καὶ
855 891 918 945 τὸ
949 891 1255 964 πολίτευμα
1286 893 1500 964 ἔχοντες
1533 895 1592 949 ἐν
1629 895 1901 963 οὐρανοῖς,

325 982 423 1036 καὶ
458 982 535 1053 μὴ
584 983 747 1052 μόνον
791 986 854 1037 ὲκ
885 983 980 1038 τοῦ
1032 985 1471 1057 περισσεύματος
1512 987 1626 1041 τῶν
1652 987 1904 1042 ὁπωσοῦν

323 1073 512 1140 αὐτοῖς
537 1075 837 1144 δεδομένων
860 1076 966 1130 ὑπὸ
1007 1079 1108 1148 τῆς
1132 1079 1284 1142 θείας
1310 1080 1590 1150 προνοίας,
1632 1081 1772 1136 ἀλλὰ
1793 1083 1905 1136 κάκ

320 1160 419 1216 τοῦ
447 1159 828 1234 ὑστερήματος
853 1166 1144 1230 κοινωνοὺς
1166 1165 1536 1238 λαμϐάνοντες
1552 1167 1680 1230 τοὺς
1706 1165 1904 1230 ἐνδεεῖς

321 1255 421 1306 καὶ
449 1255 717 1324 πτωχούς.
761 1254 866 1306 Τὸν
895 1255 1062 1308 πολὺν
1090 1254 1183 1310 οὖν
1215 1257 1502 1328 ἄνθρωπον
1530 1257 1902 1328 αἰνιττόμενος

317 1343 516 1414 ἔφησε,
556 1363 576 1396 ι
623 1345 737 1398 Καὶ
765 1345 934 1416 πολλή
969 1347 1116 1400 ἐστιν
1161 1349 1254 1402 ἐπί
1295 1348 1388 1402 τὸν
1417 1348 1722 1420 ἄνθρωπον.
1760 1368 1779 1402 ι
1813 1349 1904 1402 El-

316 1433 442 1487 πὼν
467 1434 547 1496 δὲ,
597 1451 617 1485 ι
663 1433 848 1506 Ἀνὴρ,
896 1429 940 1502 ᾧ
984 1434 1146 1490 δώσει
1177 1437 1328 1508 αύτῷ
1363 1438 1497 1501 Θεὸς
1543 1437 1774 1492 πλοῦτον
1809 1438 1902 1492 καὶ

315 1515 638 1594 ὑπάρχοντα
684 1527 779 1579 καὶ
825 1525 1004 1593 δόξαν,
1043 1548 1062 1580 ι
1117 1527 1416 1594 δείκνυσιν,
1463 1531 1538 1594 ὡς
1579 1535 1758 1584 πάντα
1802 1531 1900 1598 τῆς

314 1616 474 1682 θείας
518 1615 847 1691 ὲξὴρτηνται
894 1619 1173 1692 προνοίας,
1207 1623 1300 1676 καὶ
1333 1624 1512 1677 πάντα
1547 1623 1731 1677 θεόθεν
1763 1641 1902 1694 πρυ-

311 1711 638 1764 τανεύονται
677 1715 793 1776 τοῖς
821 1712 1156 1784 ἀνθρώποις,
1195 1713 1301 1766 κᾶν
1325 1713 1554 1767 πλοῦτον
1584 1715 1766 1786 εἴπῃς,
1795 1713 1900 1768 κᾶν

2014 540 2208 584 omnes
2237 528 2487 584 homines
2518 530 2608 584 tali
2632 531 2822 586 morbo
2844 531 3072 588 allectos
3097 547 3237 588 esse.
3263 533 3404 589 Sunt
3423 538 3586 600 enim,

2013 625 2142 672 sunt
2168 626 2222 672 et
2252 620 2496 687 quidam,
2523 621 2616 690 qui
2643 621 2916 691 superatis
2938 624 3286 692 praesentium
3318 624 3588 682 bonorum

2015 709 2308 775 illecebris,
2347 719 2402 766 et
2452 727 2688 782 paupere
2711 714 2819 768 vita
2872 723 3194 785 praeoptata,
3235 725 3496 786 tanquam
3533 719 3589 774 in

2013 797 2167 853 caelis
2197 815 2372 856 aevum
2401 809 2640 869 agentes,
2673 817 2780 856 non
2809 805 2985 858 solum
3021 805 3076 858 in
3103 820 3316 868 eorum.
3336 823 3459 878 qua
3484 809 3586 866 sibi

2012 903 2042 942 a
2091 889 2276 944 divina
2319 892 2661 961 providentia
2716 897 3216 968 quomodocunque
3268 900 3424 970 153
3459 903 3582 957 data

2013 989 2162 1046 sunt,
2203 981 2300 1036 sed
2337 983 2388 1036 in
2443 985 2882 1039 communionem
2938 985 3182 1042 demeusi
3226 1003 3446 1060 quoque
3496 993 3584 1047 sui

2010 1085 2210 1140 egenos
2248 1083 2302 1128 et
2339 1073 2618 1130 mendicos
2637 1076 2928 1146 accipiunt.
2965 1077 3258 1150 Plerosque
3289 1080 3456 1153 igitur
3481 1083 3584 1140 ho—

2011 1163 2220 1218 minum
2257 1164 2548 1234 designans
2607 1165 2786 1221 dixit:
2829 1185 2847 1218 ι
2895 1169 2962 1222 Et
3011 1171 3241 1225 multum
3285 1183 3373 1227 est
3421 1189 3588 1244 super

2010 1249 2338 1312 hominem.»
2357 1258 2452 1311 llla
2482 1273 2614 1314 vero
2639 1259 2970 1330 subjiciens:
3002 1279 3021 1313 ι
3050 1259 3162 1324 Vir,
3187 1264 3274 1318 cui
3304 1265 3454 1321 dabit
3483 1268 3584 1336 ipsi

2009 1337 2150 1401 Deus
2179 1347 2396 1404 divitias
2426 1358 2480 1404 et
2507 1349 2868 1406 substantiam
2901 1360 2957 1406 et
2985 1353 3239 1424 gloriam,
3271 1373 3290 1406 ι
3323 1359 3582 1422 ostendit,

2007 1437 2189 1492 omnia
2231 1454 2260 1492 a
2297 1439 2480 1494 divina
2532 1440 2879 1496 Providentia
2929 1443 3182 1514 appendi,
3232 1457 3287 1499 et
3320 1445 3584 1502 divinitus

2007 1527 2222 1599 singula
2253 1528 2570 1585 hominibus
2599 1531 2986 1596 administrari,
3027 1535 3148 1590 sive
3188 1534 3409 1592 divitias
3432 1539 3582 1593 dixe-

2007 1619 2104 1684 ris,
2138 1621 2252 1675 sive
2289 1637 2545 1692 agrorum
2578 1625 2972 1692 possessiones,
3013 1627 3130 1681 sive
3155 1627 3332 1683 vincta
3383 1646 3582 1700 magno

2007 1723 2256 1774 numero,
2292 1712 2407 1765 sive
2446 1712 2808 1778 dominatum,
2845 1713 2958 1768 sive
3008 1717 3259 1785 gloriam,
3304 1720 3579 1782 universa,

314 1803 513 1872 istiisti;
545 1801 822 1873 ἀρουρῶν,
867 1804 972 1856 κᾶν
1007 1801 1348 1874 ἀμπελώνων
1397 1805 1629 1876 μυρίων,
1662 1807 1767 1859 κᾶν
1808 1804 1894 1857 δυ-

2001 1797 2248 1866 inquam,
2283 1799 2645 1870 omnipotenti
2696 1802 2788 1855 Dei
2825 1803 3036 1872 judicio
3068 1814 3122 1859 et
3165 1807 3444 1863 voluntate
3484 1825 3582 1879 ap-

311 1892 572 1945 ναστείαν
609 1892 701 1946 καὶ
728 1893 906 1958 δόξαν,
939 1893 1117 1946 πάντα
1145 1895 1242 1962 τῆς
1273 1896 1712 1967 ἀπειροδυνάμου
1739 1897 1898 1968 ἐξήρ-

307 1999 509 2054 τηνται
539 1983 692 2046 θείας
737 1983 974 2055 κρίσεως
1025 1986 1120 2040 καί⁸
1151 1987 1370 2058 βουλῆς,
1416 1989 1510 2041 καὶ
1552 1988 1673 2042 καθ’
1703 1987 1797 2052 οὒς
1831 1991 1896 2042 ἂν

309 2069 424 2127 οἶδε
475 2075 714 2146 τρόπους
750 2076 1037 2148 κριμάτων
1068 2077 1492 2149 ἀκαταλήπτους
1532 2079 1668 2148 ἡμῖν
1714 2079 1893 2143 ὄντας,

310 2161 392 2230 οἷς
425 2167 530 2237 μὲν
563 2167 799 2232 δίδωσιν,
837 2162 918 2230 οἷς
949 2169 1006 2222 δὲ
1037 2169 1311 2240 οὐδαμῶς.

382 2299 523 2359 Εἶτα
551 2306 865 2376 λαμϐάνων,
885 2309 1073 2380 φησιν,
1108 2311 1172 2362 ἐκ
1202 2308 1336 2363 Θεοῦ
1367 2309 1466 2380 τὴν
1490 2310 1772 2380 δαψίλειαν
1785 2313 1896 2366 τῶν

307 2397 626 2467 εἰρημένων
651 2399 750 2451 καὶ
779 2399 1143 2455 πολυτέλειαν
1171 2401 1486 2471 ἄνθρωπος,
1524 2403 1620 2455 καὶ
1641 2403 1742 2474 τὴν
1793 2405 1895 2473 μὲν

309 2486 516 2541 ἑαυτοῦ
545 2488 725 2560 ψυχὴν
757 2489 1053 2558 ἐμπιπλῶν
1089 2491 1199 2545 τῶν
1233 2493 1380 2545 ἰδίων
1407 2492 1716 2564 ἐπιθυμιῶν
1751 2495 1896 2548 άπα-

311 2581 446 2643 σῶν,
477 2583 539 2636 ού
572 2583 844 2654 διανέμων
884 2585 941 2638 δὲ
975 2585 1070 2640 καὶ⁸
1103 2587 1284 2650 διδοὺς
1317 2589 1432 2650 τοῖς
1481 2588 1759 2658 δεομένοις
1802 2588 1896 2640 καὶ

311 2677 570 2743 πένησιν,
599 2676 915 2745 εὑρίσκεται
943 2677 1130 2746 σαφῶς
1161 2681 1189 2731 ὁ
1229 2679 1475 2742 τοιοῦτος
1533 2679 1608 2740 ὡς
1641 2677 1894 2749 οὐδαμῶς

313 2763 651 2830 έξουσιάσας
679 2764 790 2817 τῶν
821 2766 1122 2838 δεδομένων
1180 2767 1330 2838 αύτῷ
1358 2767 1544 2822 θεόθεν
1583 2787 1603 2819 ι
1645 2769 1782 2840 πρὸς
1833 2769 1896 2822 τὸ

313 2861 514 2923 φαγεῖν
566 2857 624 2922 ἐξ
659 2857 862 2912 αὐτῶν.
905 2879 925 2910 ι
959 2859 1037 2912 Δι’
1071 2860 1139 2929 ἦν
1173 2859 1398 2924 αἰτίαν;
1435 2859 1582 2925 "Ott,
1615 2863 1804 2931 φησὶν,
1836 2863 1893 2917 αἱ

319 2944 418 3014 μὲν
449 2946 744 3016 ἐπιθυμίαι
779 2949 1079 3018 παρῆλθον,
1102 2949 1198 3003 atati.
1227 2949 1338 3001 τῶν
1363 2951 1646 3020 σαρκικῶν
1689 2951 1893 3022 ἡδονῶν

314 3035 592 3108 ἠφανίσθη
619 3037 682 3090 τὸ
709 3039 938 3108 πλῆθος,
980 3041 1145 3104 αὐτὸς
1169 3041 1228 3094 δὲ
1256 3041 1403 3112 λιμῷ
1435 3043 1740 3113 τακήσεται
1793 3061 1894 3115 χα-

1999 1890 2195 1960 pendi,
2247 1907 2484 1962 eumque
2537 1894 2838 1948 secundum
2895 1896 3112 1950 consilii
3170 1899 3255 1954 sui
3311 1901 3577 1963 rationes,

1999 1996 2136 2050 quas
2170 1982 2288 2050 ipse
2329 1983 2500 2042 novit.
2532 1999 2634 2038 nos
2681 1985 3018 2054 ignoramus,
3065 1988 3186 2044 aliis
3225 1991 3444 2059 quidem
3479 1996 3580 2048 tri-

1998 2074 2186 2140 buere,
2213 2074 2337 2128 aliis
2365 2090 2472 2129 non
2507 2076 2764 2132 tribuere.

2069 2294 2186 2350 Jam
2247 2303 2376 2351 vero
2419 2312 2543 2351 cum
2597 2297 2798 2362 homo,
2845 2283 3050 2370 inquit,
3103 2301 3406 2368 bonorum,
3456 2314 3568 2376 qur

1997 2388 2402 2449 recensuimus,
2434 2389 2646 2458 copiam
2681 2399 2735 2444 et
2768 2393 3086 2446 varietatem
3119 2391 3354 2462 accipiat
3383 2411 3412 2449 a
3443 2395 3572 2456 Deo.

1997 2479 2046 2534 si
2081 2480 2270 2534 animo
2312 2495 2434 2543 suo,
2475 2495 2600 2549 qua:
2644 2483 2867 2551 appetit,
2907 2485 3088 2536 omnia
3142 2487 3222 2539 sic
3275 2486 3572 2557 indulgeat,

1997 2571 2134 2624 nihil
2174 2581 2233 2624 ut
2275 2573 2462 2641 egenis
2490 2581 2545 2626 et
2574 2575 2906 2642 pauperibus
2933 2575 3227 2631 distribuat
3269 2589 3433 2649 atque
3467 2580 3572 2632 iur-

1996 2666 2298 2734 partiatur;
2343 2666 2391 2720 is
2422 2665 2671 2736 profecto
2707 2677 2974 2738 potestate
3011 2683 3146 2724 usus
3181 2671 3324 2724 nttlla
3362 2673 3576 2726 videtur

1995 2759 2052 2812 in
2087 2757 2178 2824 iis,
2213 2773 2335 2827 quae
2364 2759 2442 2812 illi
2483 2773 2514 2812 a
2551 2758 2660 2814 Deo
2688 2749 2812 2814 data
2849 2769 2981 2814 sunt
3025 2781 3046 2812 ι
3080 2762 3146 2815 ad
3176 2763 3572 2818 comedendum

1996 2864 2062 2904 ex
2093 2847 2248 2918 ipsis.
2286 2867 2304 2900 ι
2349 2846 2525 2914 Quam
2558 2849 2629 2903 ob
2656 2849 3097 2916 causam‘lQuia,
3131 2849 3328 2921 inquit,
3361 2853 3575 2908 deside-

1995 2943 2076 2997 ria
2124 2940 2520 3012 praeterierunt,
2566 2949 2622 2995 et
2662 2942 3000 3012 voluptatum
3051 2943 3302 3014 corporis
3352 2947 3576 3000 evanuit

1995 3031 2320 3097 multitudo;
2354 3033 2470 3103 ipse
2501 3047 2652 3099 vero,
2677 3048 2803 3088 cum
2840 3031 3082 3088 futuram
3111 3035 3351 3104 attigerit
3383 3035 3570 3102 vitam,

313 3127 470 3198 λεπῷ
498 3130 640 3182 κατὰ
668 3130 766 3200 τὴν
805 3129 1106 3200 μέλλουσαν
1149 3131 1318 3200 ζωὴν,
1361 3131 1629 3204 μηδαμῶς
1685 3133 1892 3205 ἀποθη-

1997 3125 2134 3192 dura
2174 3123 2318 3180 fame
2353 3124 2724 3184 contabescet,
2759 3125 2924 3180 nullis
2962 3126 3074 3180 illic
3109 3125 3382 3183 thesauris
3421 3128 3574 3182 heni-

314 3218 584 3288 σαυρίσας
615 3220 796 3272 ἐκεῖσε
825 3219 912 3272 διὰ
955 3222 1054 3290 τῆς
1090 3222 1436 3292 μεταδόσεως
1489 3223 1602 3276 τῶν
1643 3226 1892 3296 πενήτων

309 3307 378 3363 τά
419 3309 525 3380 τῆς
553 3311 774 3364 αἰωνίου
799 3311 896 3364 καὶ
909 3313 1328 3386 διαιωνιζούσης
1352 3315 1652 3390 διατροφῆς
1691 3332 1705 3347 ·
1739 3317 1892 3383 ξένος

307 3397 416 3470 γὰρ
455 3398 598 3470 ἀνὴρ
626 3400 812 3473 ἔτερος
854 3401 1238 3474 διαδεξάμενος
1289 3406 1458 3460 αὐτοῦ
1508 3407 1600 3460 τὸν
1632 3407 1886 3471 πλοῦτον,

209 3559 223 3570 1
307 3494 523 3556 ἐκεῖνος
558 3493 794 3562 φάγεται
823 3493 922 3547 καὶ
951 3495 1330 3550 καταναλὼσει
1363 3497 1546 3550 πάντα
1570 3499 1692 3557 ταῖς
1721 3496 1888 3550 αὑτοῦ

309 3586 605 3654 σαρκικαῖς
635 3585 852 3654 ἡδοναῖς
901 3589 997 3639 καὶ
1057 3586 1292 3655 πράξεσι
1345 3587 1608 3650 κιναίδοις
1673 3603 1734 3638 τε
1795 3587 1891 3639 καὶ

310 3675 644 3745 μοχθηραῖς.
678 3675 850 3730 Τοῦτο
903 3677 960 3730 δὲ
1001 3676 1340 3746 σημαντικὸν
1398 3677 1498 3746 τῆς
1537 3676 1713 3746 ἄκρας
1775 3677 1892 3728 ἐστὶ

309 3766 682 3835 ματαιότητος
711 3767 810 3820 καὶ
855 3765 955 3836 τῆς
991 3767 1241 3840 πονηρᾶς
1275 3767 1594 3839 ἀρρωστίας
1645 3766 1747 3837 τῆς
1799 3784 1892 3820 κα-

307 3855 626 3926 τασχούσης
657 3858 784 3919 τοὺς
813 3855 1108 3926 λογισμοὺς
1133 3856 1324 3921 αὐτοῦ,
1355 3859 1448 3910 καὶ
1473 3856 1891 3930 καθελκυσάσης

305 3949 389 4014 είς
412 3947 542 4021 ᾅδου
572 3949 848 4020 πέταυρον
896 3949 990 4002 καὶ
1039 3949 1272 4003 θανάτου
1309 3947 1539 4019 φθοράν.
1604 3948 1777 4002 Τοῦτο
1807 3949 1886 4015 δὲ,

306 4037 469 4106 φησὶ,
511 4035 573 4089 τὸ
611 4032 750 4100 εἶδος
781 4036 882 4106 τῆς
941 4037 1307 4106 ματαιότητος
1368 4038 1464 4091 καὶ
1497 4039 1595 4108 τῆς
1644 4041 1890 4108 πονηρᾶς

305 4127 644 4200 ἀρρωστίας,
669 4128 792 4196 ούχὶ
817 4128 978 4198 μόνον
1013 4127 1122 4181 τῶν
1169 4129 1383 4199 βραχὺν
1439 4128 1552 4199 βίον
1590 4128 1884 4200 λαχόντων,

307 4218 404 4272 καὶ
433 4216 537 4281 τὰς
563 4219 776 4289 ἡμέρας
803 4219 902 4286 τῆς
941 4217 1088 4288 ζωῆς
1121 4220 1436 4288 ἐσχηκότων
1469 4220 1678 4289 ⁴ὀλίγας
1711 4221 1885 4288 ἐστὶν,

304 4307 445 4364 ἀλλὰ
477 4309 575 4362 καὶ
608 4307 1062 4380 παραταθήσεται
1085 4309 1186 4378 τῆς
1212 4308 1357 4380 ζωῆς
1387 4309 1553 4365 αύτοῦ
1586 4311 1647 4364 τὺ
1687 4312 1888 4384 μέτρον

304 4400 386 4464 εἰς
421 4399 520 4473 ἔτη
577 4399 769 4466 πολλὰ,
819 4400 924 4454 κᾶν
956 4400 1434 4472 πληθυνθήσονται
1497 4403 1596 4473 τῆς
1649 4403 1887 4458 ἐνταῦθα

310 4491 605 4564 παροικίας
635 4493 693 4544 αἰ
727 4491 936 4562 ἡμέραι
958 4491 1071 4545 τῶν
1091 4492 1231 4545 ἐτῶν
1281 4493 1451 4546 αὐτοῦ
1491 4493 1613 4548 καθ’
1652 4495 1889 4566 ὑπερϐο-
1920 4473 1962 4527 ί)

305 4576 426 4652 λὴν,
454 4583 809 4655 ἀποστερήσῃ
845 4582 912 4636 δὲΔ
931 4581 1031 4652 τῆς
1059 4584 1116 4636 ὲν
1147 4582 1543 4654 ὲλεημοσύνσις
1573 4586 1668 4638 καὶ
1708 4585 1890 4640 διανοο

309 4676 438 4744 μαῖς
488 4674 604 4727 τῶν
629 4675 880 4745 πενήτων
913 4674 1488 4746 παραλαμϐανομένης
1523 4675 1888 4747 ἀγαθωσύνης

304 4765 404 4836 τὴν
437 4765 574 4819 ἰδίαν
612 4764 938 4837 ψυχὴν,τὴν
983 4765 1106 4834 ῑσην
1150 4769 1244 4820 καὶ⁸
1286 4765 1386 4837 τὴν
1441 4765 1612 4836 αὐτὴν
1655 4765 1886 4836 εὑρεθή-

309 4871 462 4910 σεται
506 4857 846 4928 ματαιότητα
895 4857 990 4910 καὶ
1029 4857 1274 4927 πονηρὰν
1331 4856 1644 4927 ἀρρωστίαν
1689 4859 1886 4924 ἐπιφε-

308 4947 535 5016 ρόμενος
563 4963 578 4976 ο
605 4946 668 4998 ού
692 4947 802 5016 γὰρ
828 4949 1082 5019 συνῆκεν,
1110 4946 1190 5000 ὅτι
1218 4947 1410 5016 θνητός
1440 4948 1578 5010 ἐστι,
1611 4947 1705 4998 καὶ
1753 4946 1889 5000 πάν-

305 5053 412 5099 τως
445 5038 903 5114 ἁπορρμγήσεται
948 5038 1048 5107 τῆς
1085 5037 1366 5109 παρούσης
1430 5035 1598 5106 ζωῆς,
1629 5037 1726 5089 καὶ
1777 5035 1886 5088 τῶν

309 5128 457 5182 ἰδίων
496 5129 798 5199 κτημάτων
853 5128 948 5181 καὶ
983 5130 1285 5199 χρημάτων
1339 5127 1490 5180 ἄλλοι
1551 5126 1884 5190 διαδέξονται

307 5221 406 5290 τὴν
444 5221 746 5274 ἀπόλαυσιν
769 5261 784 5287 ,
819 5219 1082 5284 πολλάκις
1112 5221 1263 5282 ὅντες
1298 5219 1392 5272 καὶ
1429 5219 1740 5288 δυσμενεῖς,
1809 5216 1885 5280 ὡς

313 5312 447 5382 μηδὲ
481 5313 769 5385 φροντίσαι
814 5313 912 5383 τῆς
966 5311 1353 5383 προσηκούσης
1408 5309 1604 5380 ἐκείνῳ
1663 5308 1881 5378 ταφῆς’

310 5403 447 5460 ἀλλὰ
479 5407 913 5479 παρεωραμένον
929 5407 1254 5462 καταλιπεῖν
1274 5404 1366 5458 καὶ
1398 5402 1683 5466 παντελῶς
1712 5403 1884 5472 ἀπρορ

310 5495 522 5566 νόητον.

381 5629 549 5685 Τοῦτο
577 5633 636 5686 δὲ
669 5631 885 5698 πολλοῖς
919 5633 1176 5695 πολλάκις
1241 5631 1610 5703 συμϐέϐηκεν,
1669 5631 1768 5684 οὐκ
1825 5633 1882 5684 ἐν

311 5723 431 5785 ταῖς
463 5719 892 5794 παρῳχημέναις
922 5726 1132 5793 γενεαῖς
1169 5723 1352 5793 μόνον,
1377 5723 1512 5778 ἀλλὰ
1545 5725 1646 5776 κάν
1664 5725 1728 5794 τῇ
1756 5721 1878 5778 καθ’

498 5809 780 5876 Ριτιιοι..
819 5816 935 5876 Gtt.
985 5813 1257 5875 XCVIII.

1995 3219 2200 3288 gnitate
2227 3232 2354 3288 erga
2387 3231 2657 3287 pauperes
2691 3218 3042 3286 comparatis,
3079 3219 3224 3303 unde
3253 3227 3458 3274 teterna
3494 3221 3571 3274 illi

1993 3320 2047 3364 et
2073 3319 2332 3378 perpetua
2381 3311 2638 3364 alimenta
2681 3311 3118 3379 suppeditentur.
3159 3310 3251 3364 Yir
3281 3312 3428 3364 enim
3471 3327 3570 3366 ex-

1994 3409 2183 3456 ternus
2213 3402 2349 3456 alter
2389 3402 2441 3454 in
2478 3402 2596 3470 ejus
2624 3417 2754 3470 opes
2784 3401 3058 3468 succedet,
3091 3403 3180 3472 qui
3209 3403 3334 3458 edat
3360 3405 3566 3466 omnia.

1993 3500 2048 3545 et
2073 3493 2320 3561 corporis
2361 3492 2734 3560 voluptatibus
2775 3505 2839 3546 ac
2881 3494 3149 3562 pudendis
3197 3494 3570 3566 improbisque

1993 3582 2159 3635 rebus
2189 3580 2506 3648 impendens
2536 3582 2809 3636 absumat.
2852 3581 2907 3636 Id
2943 3599 3110 3652 porro
3155 3599 3386 3640 summae
3413 3589 3569 3640 vani-

1995 3671 2122 3725 tatis
2159 3671 2422 3724 indicium
2463 3681 2548 3724 est
2585 3679 2640 3724 et
2673 3672 2894 3738 pessimi
2943 3672 3244 3741 languoris,
3277 3675 3369 3742 qui
3416 3691 3569 3729 men-

1995 3770 2101 3816 tem
2128 3759 2249 3830 ejus
2280 3759 2666 3829 rationemque
2695 3761 3004 3830 occupavit,
3035 3763 3240 3832 quique
3269 3763 3323 3818 in
3365 3763 3565 3820 inferni

1991 3854 2218 3924 laqueos
2247 3862 2303 3907 et
2351 3851 2406 3905 in
2443 3851 2638 3906 mortis
2663 3851 2960 3921 perniciem
2997 3853 3179 3908 traxit.
3212 3853 3393 3925 Atque
3427 3855 3563 3918 haec.

1992 3943 2190 4013 inquit,
2217 3940 2476 3996 vanitatis
2514 3947 2568 3996 et
2610 3940 2832 4010 pessimi
2871 3941 3150 4012 languoris
3201 3945 3411 4014 species
3454 3961 3564 4001 non

1989 4051 2181 4092 eorum
2215 4030 2391 4090 solum
2437 4041 2540 4102 est,
2575 4035 2668 4106 qui
2716 4034 2932 4089 brevem
2965 4035 3110 4090 nacti
3139 4034 3326 4099 vitam,
3357 4051 3565 4107 paucos

1989 4127 2088 4180 aevi
2120 4125 2236 4181 dies
2268 4124 2537 4190 habuere;
2565 4123 2660 4179 sed
2692 4123 2795 4178 etsi
2818 4123 3153 4194 producatur
3175 4125 3298 4190 vitae
3324 4126 3564 4182 hominis

1991 4233 2249 4274 mensura
2289 4217 2345 4271 in
2381 4231 2555 4272 annos
2585 4217 2790 4287 plures,
2827 4225 2881 4270 et
2912 4215 3032 4272 dies
3063 4232 3332 4272 annorum
3359 4221 3481 4288 ejus
3509 4230 3566 4273 et

1989 4311 2266 4368 terrestris
2307 4311 2472 4382 hujus
2523 4309 2874 4366 habitationis
2920 4309 2974 4363 in
3009 4309 3338 4365 immensum
3371 4311 3564 4367 multi-

1987 4408 2302 4476 plicemur,
2348 4403 2620 4474 siquidem
2665 4401 2906 4458 animam
2952 4403 3068 4472 ipse
3111 4417 3268 4458 suam
3322 4403 3564 4460 bonitate

1993 4495 2280 4560 l'raudarit,
2311 4507 2475 4566 quam
2511 4493 2884 4550 misericordia
2911 4504 2964 4546 et
2990 4495 3239 4564 largitate
3263 4509 3389 4566 erga
3428 4511 3562 4566 pau-

1990 4599 2147 4656 peres
2179 4598 2498 4654 comparare
2544 4583 2647 4639 sibi
2671 4592 2885 4653 posset,
2929 4581 3047 4652 pari
3086 4583 3274 4654 utique
3307 4586 3564 4642 vanitatis

1990 4673 2321 4745 pessimique
2363 4673 2643 4744 languoris
2691 4675 2882 4728 morbo
2920 4674 3171 4729 laborare
3215 4685 3421 4745 perget.
3455 4673 3564 4731 Ne-

1989 4779 2095 4836 que
2141 4765 2288 4820 enim
2333 4764 2619 4818 mortalem
2669 4777 2728 4816 se
2773 4777 2894 4818 esse
2947 4765 3000 4817 in
3040 4765 3285 4818 animum
3327 4767 3562 4828 induxit,

1990 4871 2157 4926 seque
2203 4871 2270 4911 ex
2331 4855 2438 4910 hac
2482 4855 2592 4909 vita
2644 4854 2892 4908 avulsum
2949 4855 3054 4921 iri;
3117 4871 3204 4910 res
3255 4871 3382 4911 vero
3433 4874 3564 4912 suas

1988 4960 2291 5016 omnesque
2319 4960 2450 5014 opes
2487 4945 2553 4999 ad
2593 4945 2752 5010 alios,
2794 4961 2938 5014 saepe
2983 4955 3037 5000 et
3071 4946 3256 5002 hostes
3299 4950 3565 5004 transitu--

1987 5054 2099 5102 ras,
2143 5029 2374 5108 quisic
2421 5035 2580 5090 bonis
2619 5036 2740 5105 ejus
2781 5034 3057 5100 fruantur,
3112 5048 3170 5091 ut
3215 5053 3284 5095 ne
3329 5041 3395 5094 de
3415 5039 3564 5110 justo

1969 5130 2205 5198 'quidem
2241 5128 2412 5198 ipsius
2447 5126 2607 5198 154.
2631 5127 2884 5197 sepulcro
2913 5143 3044 5182 cura
3074 5141 3351 5200 suscepta,
3380 5134 3562 5204 negle—

1988 5231 2136 5278 ctum
2173 5221 2355 5292 plane,
2398 5231 2563 5290 atque
2599 5221 2894 5288 inglorium
2947 5223 3302 5294 ignotumque
3332 5224 3565 5281 derelin-

1985 5324 2175 5385 quant.

2055 5627 2210 5694 Quod
2253 5624 2438 5680 multis
2473 5623 2716 5694 profecto
2759 5637 2904 5694 saepe
2948 5623 3195 5692 contigit,
3244 5637 3343 5678 nec
3381 5635 3561 5683 trans-

1983 5719 2118 5772 actis
2157 5724 2368 5772 tantum
2402 5715 2676 5784 tetatibus,
2707 5715 2800 5770 sed
2835 5715 2997 5770 etiam
3042 5722 3250 5776 nostra,
3282 5724 3341 5768 ut
3371 5730 3560 5774 attines

3157 5803 3230 5866 31
