4076 6310
393 356 500 432 973

1485 363 1569 426 IN
1623 363 2206 429 ECCLESIASTEN.
2235 391 2306 402 —
2340 351 2490 426 Lis.
2513 354 2584 426 v.

3551 365 3660 427 974

461 460 681 553 Ταύτην
713 477 771 534 δὲ
801 477 1149 550 παρεμπεδοϊ
1175 461 1273 549 τὴν
1301 475 1534 547 ἐκδοχὴν
1571 479 1676 532 κάν
1722 480 1834 542 τοῖς
1863 479 1969 532 Εὑ-

2145 474 2298 530 llane
2321 489 2452 528 vero
2499 469 3004 541 interpretationem
3036 470 3304 526 Dominus
3337 468 3556 544 quoque
3602 474 3656 536 in

388 573 668 645 αγγελίοις
707 571 737 625 ό
767 570 974 642 Κύριος
1001 569 1228 640 φάσκων
1259 584 1274 601 ο
1315 587 1333 620 ι
1358 567 1538 623 Καλὸν
1556 564 1624 640 ἦν
1645 569 1722 640 τῷ
1761 569 1973 642 ἀνθρὼ-

389 684 477 738 πῳ
511 663 730 734 ἐκείνῳ,
757 664 808 717 εί
837 663 938 716 οὐκ
963 661 1254 731 ἐγεννήθη,
1291 668 1311 710 ἰ
1350 661 1441 713 τὸν
1467 659 1738 732 προδότην
1771 661 1975 715 Ἰούδαν

387 756 640 810 ἐντεῦθεν
673 754 873 826 δηλῶν.
921 755 980 806 '0
1005 753 1061 807 δὲ
1091 752 1255 820 σοφὸς
1283 750 1720 823 Ἐκκλησιαστὴς
1749 751 1976 822 ἀμέσως

389 847 585 912 εἰπὼν,
625 867 644 899 ι
671 847 784 900 Καὶ
817 844 979 914 ἔζησε
1012 845 1202 916 χιλίων
1237 844 1376 900 ἐτῶν
1403 845 1688 912 καθόδους,
1717 847 1814 900 καὶ⁹
1839 847 1976 916 ἀγα-

390 937 640 1006 οωσύνην
666 937 768 991 οὐκ
795 936 958 1004 ἔγνω,
993 951 1013 988 ι
1047 934 1158 989 τῶν
1183 933 1395 989 πολλῶν
1442 935 1536 988 καλ⁵
1589 938 1974 1010 παραπλήγων

389 1030 487 1084 ἀνθ
495 1029 698 1100 ρώπων
717 1028 996 1097 ἐξελέγχει
1023 1029 1121 1098 τὴν
1139 1027 1401 1082 ἀϐουλίαν
1421 1029 1518 1082 καὶ
1549 1033 1967 1102 ματαιοερροσύ-

387 1137 507 1192 νην,
523 1121 720 1184 οἵτινες
741 1119 975 1182 ἀναιδῶς
988 1119 1484 1190 παρῤησιάζονται,
1499 1121 1594 1176 καί
1611 1133 1775 1192 φασιν
1799 1141 1813 1156 ο
1833 1123 1975 1193 Ἐγὼ

385 1214 458 1268 τὰ
488 1213 582 1284 ἔτη
614 1215 713 1284 τῆς
731 1212 880 1283 ζωῆς
916 1229 1018 1283 μου
1041 1211 1183 1266 θέλω
1204 1213 1459 1282 γενέσθαι
1489 1215 1683 1282 πολλὰ,
1715 1217 1810 1270 καὶ
1837 1233 1972 1271 κατ·

386 1303 700 1359 απολαῦσαι
737 1305 848 1358 τῶν
872 1301 1314 1380 ἑπιθυμιῶνικαὶ
1341 1308 1524 1360 πᾶσαν
1554 1306 1702 1378 ἔχειν
1722 1303 1974 1364 ἀνάπαυ-

386 1413 471 1452 σιν
488 1399 582 1452 καὶ
598 1399 810 1469 τρυφήν
833 1415 846 1428 ·
872 1401 965 1453 καὶ
983 1398 1122 1470 μετὰ
1137 1398 1296 1454 τοῦτο
1317 1400 1385 1455 τὰ
1398 1405 1512 1466 τοῖς
1527 1403 1710 1468 ἄλλοις
1725 1403 1972 1476 ἀπαντή-

385 1506 551 1542 costa
567 1491 668 1544 κᾶν
689 1491 816 1560 ἐμοὶ
832 1493 1267 1562 συναντήσωσιν.
1286 1493 1348 1547 οὐ
1363 1494 1656 1564 φροντίζω.
1674 1494 1848 1564 Κάγὼ
1863 1493 1973 1568 γὰρ

386 1580 487 1643 σὺν
505 1581 736 1645 ἐκείνοις
765 1583 931 1636 πᾶσιν
946 1582 1152 1654 ἕπομαι
1167 1581 1455 1655 δεξόμενος
1478 1583 1577 1648 τὰς
1611 1584 1684 1657 μὴ
1703 1585 1972 1656 βλεπομέ-

385 1677 486 1731 νας
502 1669 778 1732 κολάσεις,
799 1671 896 1725 ἐὰν
942 1674 1052 1744 ἄρα
1082 1672 1270 1726 λοιπὸν
1295 1673 1392 1726 καὶ
1421 1673 1765 1746 γενήσονται.
1813 1675 1973 1728 Ποῖον

381 1757 460 1828 λγὰ
467 1777 498 1830 ρ
511 1759 706 1830 ὄφελος
716 1759 775 1812 εὖ
784 1759 849 1832 ρή
857 1777 992 1823 σεις,
1008 1759 1284 1830 ἄνθρωπε,
1303 1759 1406 1814 κᾶν
1419 1759 1682 1825 καθόδους
1694 1761 1882 1832 ζήσεις
1897 1769 1974 1832 χι-

381 1853 518 1908 λίων
530 1852 844 1919 ὲτῶν,ούδὲν
857 1849 913 1906 δὲ
932 1851 1142 1922 σεαυτῷ
1150 1852 1240 1906 διὰ
1249 1851 1348 1922 τῆς
1363 1852 1488 1926 ἐλεη
1501 1852 1745 1924 μοσύνης
1763 1854 1860 1907 καὶ
1873 1853 1972 1924 τῆς

382 1943 781 2016 πρδςπένητας
823 1945 1166 2014 μεταδόσεως
1202 1941 1660 2016 ἁποθησαυρίσῃς
1700 1945 1840 2017 πρὸς
1871 1945 1976 2016 τὴν

382 2029 693 2106 μὲλλονσαν
711 2034 857 2106 ζωὴν
873 2036 966 2090 καὶ
981 2034 1333 2102 κατάστασινξ
1353 2033 1748 2106 εὑρεθήσονται
1761 2035 1869 2107 γάρ
1889 2051 1972 2090 σοι

380 2127 458 2180 τὰ
479 2127 632 2198 χίλια.
650 2125 746 2199 ιτη
789 2127 935 2182 κατὰ
965 2127 1030 2182 τὸ
1056 2127 1211 2191 τέλος
1247 2127 1350 2198 τῆς
1379 2126 1667 2199 παρούσης
1709 2127 1858 2198 ζωῆς
1899 2129 1973 2192 ὡς

381 2222 509 2286 ἔτος
550 2219 630 2288 ἓν,
657 2221 690 2293 ἢ
717 2221 814 2274 xal.
845 2221 945 2291 μία
968 2219 1174 2292 ἡμέρα.
1217 2219 1285 2273 Τί
1313 2219 1425 2292 γὰρ
1457 2220 1708 2293 ὠφέλησε
1737 2219 1830 2276 τὸν
1851 2237 1976 2290 γεν-

379 2315 599 2386 νάρχην
638 2311 810 2384 Ἀδὰμ
836 2304 1224 2386 ύπερϐάντατδ
1253 2313 1668 2368 ὲννακοσιοστδν
1697 2312 1840 2382 ἔτος,
1876 2315 1972 2368 καὶ

378 2405 534 2460 κατὰ
581 2404 682 2474 τὴν
707 2402 988 2476 χιλιοστὴν
1039 2403 1269 2458 κάθοδον
1323 2405 1423 2474 τῆς
1473 2404 1622 2475 ζωῆς
1667 2404 1972 2473 τεθνηκότα

383 2496 533 2568 μετὰ
558 2495 658 2567 τὴν
685 2497 998 2567 παράϐασιν
1031 2497 1127 2550 καὶ
1156 2496 1523 2567 παράπτωσιν
1549 2491 1843 2568 ;”Λρ⁹οὑχὶ
1873 2498 1972 2569 μία

376 2589 572 2661 ὴμὲρα
605 2589 669 2642 τὸ
692 2588 898 2660 πλῆθος
924 2589 1038 2642 τῶν
1063 2588 1202 2654 ἐτῶν
1225 2589 1392 2642 αὐτοῦ
1445 2589 1744 2660 προφανῶς
1795 2589 1972 2658 ἐλογί-

381 2682 492 2752 σθη
519 2719 535 2746 ,
575 2683 624 2734 εί
659 2680 736 2750 μὴ
781 2679 870 2734 διὰ
905 2679 1322 2749 φιλανθρωπίαν
1369 2680 1698 2734 ἀνείκαστον
1751 2683 1780 2734 ὀ
1816 2697 1972 2751 μονο-

380 2772 554 2843 γενὴς
587 2770 716 2835 Υἱὸς
749 2771 842 2824 τοῦ
872 2769 1008 2824 Θεοῦ
1043 2771 1164 2834 νέος
1195 2771 1368 2841 Ἀδὰμ
1390 2771 1632 2840 γεγονὼς
1656 2771 1854 2842 ἐξῆρεν
1875 2773 1976 2825 αύ-

381 2867 481 2918 τὸν
509 2862 605 2918 τοῦ
634 2861 764 2935 ᾅδου
793 2864 886 2917 καὶ
914 2862 1009 2916 τοῦ
1044 2863 1280 2918 Θανάτου
1307 2863 1402 2917 καὶ
1429 2864 1531 2934 τῆς
1555 2865 1762 2936 φθορᾶς
1797 2883 1810 2931 ;
1837 2861 1974 2921 Εἷτά

387 2960 561 3030 φησιν
585 2960 618 3012 δ
655 2958 1116 3031 Ἐκκλησιαστήςλ

2079 565 2390 638 Evangeliis
2441 564 2750 625 conﬁrmat,
2791 563 2883 616 ubi
2935 563 3055 637 ait:
3094 561 3354 618 «Bonum
3397 573 3518 620 erat
3555 566 3658 621 lto-

2077 665 2214 720 mini
2242 664 2346 728 illi,
2384 665 2431 720 si
2462 676 2626 720 natus
2653 677 2764 718 non
2797 659 3082 728 fuisset",
3119 679 3136 712 ι
3173 659 3368 717 Judam
3416 659 3661 731 prodito-

2077 760 2193 810 rem
2223 769 2288 810 eo
2325 753 2446 808 loco
2479 754 2796 824 designans.
2833 751 2969 812 Cum
3008 761 3191 806 autem
3221 751 3442 821 sapiens
3471 749 3660 805 Eccle-

2077 847 2282 903 siastes
2328 846 2580 918 protinus
2619 848 2828 902 addat:
2866 863 2885 896 ι
2916 843 2982 899 Et
3020 845 3156 898 vixit
3193 842 3338 899 mille
3386 857 3656 898 annorum

2076 937 2330 1006 reditus,
2383 948 2438 994 et
2479 939 2778 994 bonitatem
2814 945 2940 992 ‘non
2995 937 3268 1010 cognovit,
3302 955 3321 989 ›
3371 937 3656 992 hominum

2079 1035 2379 1090 multorum
2422 1033 2736 1089 vecordiam
2783 1034 3141 1088 temeritatem
3186 1033 3466 1104 redarguit
3495 1043 3658 1102 atque

2074 1115 2398 1192 amentiam,
2423 1126 2520 1197 qui
2541 1125 2659 1181 haec
2675 1123 2886 1194 j'actam
2909 1125 3252 1204 impudenter
3279 1135 3443 1196 atque
3465 1127 3654 1180 aiunt:

2075 1219 2267 1275 Annos
2299 1233 2401 1291 ego
2429 1219 2558 1274 vitae
2589 1229 2724 1272 meae
2770 1215 2972 1272 multos
3013 1229 3137 1272 esse
3167 1205 3313 1283 volo,
3361 1227 3416 1272 et
3449 1217 3656 1287 cupidi-

2074 1311 2286 1366 tatibus
2335 1309 2643 1381 indulgere,
2687 1316 2744 1365 et
2795 1309 2948 1365 omni
2998 1311 3112 1364 otio
3172 1323 3236 1366 ac
3284 1309 3655 1380 voluptatibus

2075 1397 2186 1457 frui
2217 1420 2232 1458 :
2267 1417 2332 1458 ac
2369 1401 2521 1464 mihi,
2545 1407 2668 1471 post
2704 1402 2816 1456 hate
2851 1399 2900 1456 si
2927 1414 2988 1454 ea
3018 1399 3345 1470 Contigerint
3382 1415 3506 1469 quae
3531 1399 3656 1454 aliis

2075 1485 2372 1562 contigere,
2397 1504 2508 1544 non
2535 1495 2690 1544 curo.
2721 1490 2854 1544 Nam
2886 1497 2942 1546 et
2968 1503 3070 1560 ego
3099 1502 3224 1544 cum
3261 1489 3368 1544 illis
3398 1489 3656 1546 omnibus

2073 1589 2322 1654 pergam,
2361 1590 2422 1638 ut
2447 1595 2640 1654 poenas
2677 1583 2906 1638 subeam
2935 1571 3058 1638 illas
3091 1581 3416 1646 invisibiles,
3447 1584 3492 1637 si
3523 1583 3656 1654 quid

2075 1689 2274 1746 nempe
2309 1682 2579 1745 superest,
2627 1683 2681 1728 et
2726 1671 2832 1728 illa;
2871 1671 3071 1729 futura;
3117 1683 3266 1728 sunt.
3309 1673 3379 1727 At
3423 1686 3654 1743 ecquam

2075 1767 2393 1830 Utilitatem,
2429 1780 2464 1820 ο
2487 1764 2760 1829 mortalis,
2789 1764 3057 1828 invenies,
3080 1762 3166 1819 vel
3189 1769 3312 1818 eum
3349 1765 3414 1819 ad
3448 1777 3652 1820 annum

2074 1857 2428 1914 millesimum
2455 1857 2624 1911 vitam
2667 1855 3012 1926 produxeris,
3055 1855 3101 1911 si
3147 1855 3286 1910 nihil
3334 1856 3449 1920 tibi,
3493 1857 3656 1911 mise-

2075 1945 2312 2006 ricordia
2357 1957 2413 2003 et
2457 1947 2786 2002 liberalitate
2817 1961 2948 2018 erga
2990 1961 3280 2016 pauperes,
3319 1945 3563 2000 futurum
3600 1947 3652 2000 i'n

2073 2055 2249 2097 aevum
2296 2055 2722 2110 mansnramque
2767 2039 2952 2094 sedem
2991 2034 3344 2110 seposueris?
3384 2038 3518 2094 Nam
3557 2039 3653 2092 tibi

2073 2134 2224 2190 mille
2259 2134 2388 2188 anni
2422 2132 2526 2190 sub
2563 2132 2768 2186 exitum
2816 2132 2942 2186 vitae
2982 2131 3149 2202 hujus
3180 2141 3443 2202 tanquam
3473 2147 3654 2187 annus

2073 2241 2220 2282 unus
2249 2234 2344 2280 aut
2380 2225 2498 2280 dies
2537 2237 2683 2278 unus
2721 2223 3070 2279 videbuntur.
3105 2221 3248 2288 Quid
3281 2223 3428 2278 enim
3460 2239 3655 2292 proge—

2072 2319 2242 2374 nitori
2272 2316 2483 2373 Adamo
2507 2315 2732 2386 profuit,
2766 2315 2914 2385 quod
2935 2326 3141 2370 annum
3173 2315 3651 2386 nongentesimunt

2075 2413 2466 2480 supergressus
2503 2408 2594 2472 sit,
2622 2406 2676 2463 e‘t
2699 2408 2993 2463 millesimo
3017 2414 3266 2462 vertente
3293 2415 3418 2476 post
3439 2407 3650 2477 lapsum

2073 2501 2194 2572 ejus
2239 2509 2294 2556 et
2334 2505 2618 2554 excessum
2669 2497 3019 2553 occubuerit?
3055 2493 3248 2552 Nonne
3298 2509 3440 2553 unus
3494 2499 3654 2566 plano

2081 2588 2242 2665 156
2263 2591 2380 2648 dies
2432 2599 2518 2646 tot
2566 2604 2837 2644 annorum
2883 2589 3006 2660 ejus
3052 2589 3346 2643 multitudo
3382 2587 3651 2644 aestimata

2072 2687 2254 2744 esset,
2287 2677 2397 2734 nisi
2449 2676 2764 2748 unigenitus
2807 2675 2900 2732 Dei
2945 2675 3119 2732 Filius
3144 2678 3216 2732 ob
3257 2676 3654 2748 incomparabi-

2071 2773 2178 2828 lem
2203 2787 2332 2844 erga
2363 2779 2538 2842 genus
2565 2771 2853 2827 hominum
2887 2771 3212 2826 ebaritatem
3263 2784 3440 2825 novus
3479 2770 3654 2826 Adam

2068 2864 2290 2931 factus,
2343 2863 2522 2935 ipsum
2571 2879 2642 2918 ex
2703 2861 2904 2919 inferni
2959 2863 3210 2918 faucibus
3266 2873 3320 2918 et
3375 2872 3550 2919 morte
3600 2863 3656 2920 et
3751 2893 3765 2906 -

2069 2957 2426 3028 'corruptione
2452 2954 2794 3028 eripuisset?
2825 2955 2989 3010 Addit
3026 2955 3222 3011 deinde
3256 2955 3650 3013 Ecclesiastes:

1979 3079 2068 3136 Vl.

459 3172 558 3241 Μὴ
581 3171 694 3226 οὐκ
730 3173 818 3239 είς
845 3172 1039 3227 τόπον
1061 3170 1173 3227 ἕνα
1212 3151 1410 3229 πάντα
1432 3167 1749 3240 πορεύεται
1773 3191 1794 3238 ;
1844 3077 1969 3244 [Idi

2144 3171 2309 3229 Vsus.
2337 3153 2464 3228 7-9.
2507 3151 2698 3226 Nonne
2723 3153 2794 3226 ad
2825 3153 3000 3228 locum
3024 3169 3188 3226 unum
3217 3173 3416 3228 tradunt
3440 3170 3658 3231 omnia?

380 3266 616 3334 μόχθος
681 3264 787 3318 τοῦ
819 3263 1136 3332 ἀνθρώπου
1164 3267 1253 3331 εἰς
1281 3263 1350 3318 τὸ
1379 3265 1574 3334 στόμα
1605 3266 1793 3322 αὐτοῦ
1818 3283 1832 3296 ·
1873 3269 1976 3322 καί

385 3371 456 3419 τε
497 3352 671 3424 ’ψυχὴ
700 3354 787 3407 ,οὐ
830 3354 1328 3422 πληρωθήσεται·
1369 3337 1460 3408 ὅτι
1511 3356 1835 3424 περισσεία
1894 3355 1976 3422 τῷ

383 3441 563 3512 ἔτοςρῷ
595 3441 748 3510 ὑπὲρ
777 3442 886 3496 τὸν
915 3441 1167 3512 ἄφρονα,
1202 3443 1353 3497 διότι
1369 3442 1560 3511 πένης
1589 3441 1713 3498 οἶδε
1755 3459 1975 3514 πορευ-

388 3531 568 3600 θῆναι
601 3531 918 3586 κατέναντι
955 3533 1066 3600 τῆς
1091 3533 1262 3600 ζωῆς.
1325 3535 1580 3602 Ἀγαθὸν
1611 3535 1805 3604 ὅραμα
1867 3536 1974 3603 ὀφ-

385 3621 638 3691 θαλμῶν
666 3624 818 3690 ὑπὲρ
853 3626 1262 3692 πορευόμενον
1287 3623 1482 3693 ψυχῇ.
1531 3624 1642 3678 Καί
1686 3639 1754 3693 γε
1798 3622 1974 3679 τοῦτο

384 3711 716 3782 ματαιότης
762 3713 861 3766 καὶ
895 3712 1244 3782 προαίρεσις
1274 3716 1635 3784 πνεύματος.

469 3805 764 3876 ’Λνόνητον
798 3805 1223 3875 ἀποφηνάμενος
1280 3805 1376 3859 καὶ
1437 3807 1620 3861 πᾶσαν
1650 3803 1776 3878 -τὴν
1825 3805 1973 3876 ζωὴν

388 3891 494 3948 τοῦ
522 3895 619 3950 καὶ
663 3895 864 3966 πολλὴν
912 3897 1082 3968 αὐτῆς
1118 3880 1423 3968 δεξαμένου
1483 3898 1819 3970 παράτασιν,
1876 3897 1972 3952 καὶ

387 3987 584 4060 χιλίων
613 3988 751 4042 ἐτῶν
789 3988 1055 4054 καθόδους
1081 3988 1350 4060 ζήσαντας
1385 3990 1556 4062 χωρὶς
1587 3989 1970 4061 ἀγαθωσύνης,

387 4081 561 4151 ῆγουν
585 4079 710 4151 ὲλεη
720 4081 962 4151 μοσύνης
991 4082 1088 4135 καὶ
1109 4068 1374 4152 διανομῆς
1403 4081 1498 4134 καὶ
1548 4080 1840 4145 διαδόσεως
1868 4081 1970 4151 τῆς

389 4174 528 4245 πρὸς
553 4172 680 4236 τοὺς
708 4173 906 4236 ἐνδεεῖς
936 4173 1030 4226 καὶ
1060 4171 1315 4243 πτωχούς
1342 4187 1358 4204 ο
1411 4172 1722 4238 ἀκολούθως
1752 4173 1846 4226 καὶ
1879 4171 1968 4228 διὰ

385 4261 500 4314 τῶν
532 4261 818 4332 ἑπομένων
863 4261 962 4332 τὴν
1018 4261 1156 4315 ίδίαν
1195 4261 1354 4326 δόξαν
1409 4262 1772 4335 παρεμπεδοῖ,
1847 4265 1970 4329 ταῖς

386 4351 497 4407 τῶν
522 4355 864 4426 πραγμάτων
896 4353 1327 4423 ἐναργεστάταις
1365 4353 1713 4420 ἀποδείξεσιν
1763 4357 1844 4419 είς
1880 4353 1970 4426 βε⁸

387 4443 620 4498 ϐαίωσιν
681 4443 1041 4515 κεχρημένος.
1093 4463 1113 4496 ι
1147 4445 1239 4516 Μὴ
1289 4445 1428 4516 γὰρ,
1476 4448 1673 4518 φησὶν,
1725 4448 1826 4500 οὐκ
1885 4447 1967 4512 εἰς

386 4623 537 4692 γοῦν,
581 4623 639 4691 ἐξ
673 4618 846 4696 οὗπερ
882 4623 1198 4696 ἑλήφθημεν
1231 4625 1353 4679 κατ’
1381 4625 1592 4696 ἀρχάςς
1618 4641 1622 4644 ·
1647 4627 1710 4680 Et
1746 4625 1805 4680 δὲ
1863 4629 1960 4682 καὶ

383 4719 477 4770 τὸν
502 4717 794 4790 ὠκύμορον
839 4720 933 4772 καὶ
978 4705 1071 4772 τδν
1117 4702 1419 4792 μακρόϐιον
1471 4718 1532 4773 τὸ
1584 4721 1716 4774 αὐτὸ
1785 4721 1964 4792 πέρας

383 4808 684 4878 ἐνδέχεται,
727 4808 824 4862 καὶ
846 4809 1013 4873 τόπος
1039 4811 1069 4863 ὁ
1096 4810 1260 4872 αὐτὸς
1308 4809 1648 4882 ὑποδέχεται,
1687 4811 1740 4866 τί
1773 4809 1962 4865 πλεῖον

387 4899 501 4970 ἔχει
531 4893 688 4964 οὗτος
727 4901 970 4966 ἐκείνου,
994 4901 1055 4954 τὸ
1075 4901 1210 4955 αὐτὸ
1237 4901 1389 4966 τέλος
1433 4902 1702 4974 εὑρίσκων
1731 4905 1828 4958 καὶ
1881 4903 1961 4974 τῷ

384 4989 970 5060 αὐτῷκαλνπτόμενος
1014 4993 1169 5063 τάφῳ
1219 4993 1319 5063 τῆς
1352 4993 1459 5063 γῆς
1481 5033 1497 5057 ,
1545 4984 1726 5066 ἀλλ’ἢ
1799 4995 1959 5064 μόνον

387 5079 494 5133 τῶν
527 5080 950 5136 πολλαπλασίων
981 5083 1196 5154 μόχθων
1224 5085 1320 5137 καὶ
1353 5085 1530 5140 πόνων
1567 5102 1627 5138 τε
1659 5069 1752 5140 καί
1775 5087 1960 5140 κόπων

387 5171 530 5224 κατὰ
571 5171 671 5242 τήν
701 5171 992 5241 ἀναλογίαν
1023 5174 1124 5244 τῆς
1161 5175 1424 5246 χρονικῆς
1461 5177 1825 5246 παρατάσεως
1857 5175 1962 5248 τὴν

384 5255 768 5328 ταλαιπωρίαν
802 5263 899 5313 καὶ
930 5261 1234 5332 κακουχίαν
1279 5263 1374 5316 καὶ
1449 5263 1774 5336 σύνθλιψινς
1818 5265 1962 5320 ὥστε

393 5348 593 5416 μᾶλλόν
639 5351 756 5404 ἔστι
787 5353 1238 5424 κατεγνωσμένος
1273 5355 1369 5409 καὶ
1430 5357 1905 5428 κατακεκριμένος
1933 5359 1962 5411 ό

392 5437 561 5492 πλείω
593 5438 764 5511 ζήσας
788 5440 882 5494 τοῦ
915 5441 1180 5514 ζήσαντος
1205 5444 1431 5510 ἐλάττω,
1461 5447 1556 5500 καὶ
1589 5446 1758 5518 μηδὲν
1797 5449 1960 5519 ἔργον

458 5550 501 5582 ⁸³
523 5551 713 5609 Matth.
743 5569 895 5620 uvr,
921 5554 1012 5610 24-.
1097 5546 1104 5552 ’

391 5642 549 5717 tisma
577 5715 584 5717 _
611 5652 760 5701 mors
809 5647 1141 5717 oppresserit
1191 5665 1206 5700 :
1249 5659 1394 5717 cum
1433 5647 1530 5717 eos
1571 5633 1768 5717 potiori
1830 5650 1952 5703 esse

392 5715 698 5786 conditione
753 5715 1035 5786 agnoscat,
1089 5731 1254 5784 quam
1306 5715 1398 5786 qui
1428 5715 1601 5786 ivitarn
1641 5715 1706 5768 ad
1751 5717 1954 5786 multos

392 5793 564 5839 annos
595 5785 648 5842 in
670 5785 886 5856 ﬂagitiis
915 5785 1290 5856 produxerim.
1341 5785 1494 5850 Vide,
1529 5785 1575 5838 si
1611 5793 1786 5851 vacat,
1815 5785 1951 5841 Gre-

2075 3266 2258 3323 Omnis
2283 3266 2436 3320 labor
2465 3263 2690 3318 hominis
2729 3262 2793 3317 ob
2819 3279 2875 3317 os
2904 3265 3074 3332 ipsius
3105 3279 3124 3318 :
3153 3273 3204 3318 et
3233 3266 3444 3335 quidem
3474 3272 3655 3322 anima

2076 3375 2180 3414 non
2215 3357 2565 3426 implebitur;
2597 3355 2848 3426 quoniam
2877 3349 3210 3411 abundantia
3236 3359 3461 3427 sapienti
3499 3375 3656 3430 super

2075 3449 2428 3518 insipientem,
2455 3461 2516 3500 eo
2537 3443 2678 3517 quod
2705 3453 2906 3514 pauper
2928 3448 3071 3500 novit
3100 3449 3179 3501 ire
3203 3448 3274 3501 ad
3294 3449 3488 3518 faciem
3515 3456 3654 3505 vitat.

2077 3542 2282 3594 Bonum
2331 3549 2408 3593 est
2464 3549 2706 3607 aspectus
2761 3541 3036 3592 oculorum
3086 3543 3244 3609 super
3294 3541 3654 3598 ambulantem

2074 3632 2280 3684 anima.
2343 3627 2458 3684 Hoc
2506 3632 2671 3682 etiam
2718 3629 2931 3683 vanitas
2987 3641 3038 3683 et
3091 3633 3437 3699 praesumptio
3492 3635 3650 3702 spiri-

2075 3728 2162 3774 tus
2188 3717 2322 3788 (ιο).

2142 3807 2281 3863 Cum
2316 3801 2565 3862 inutilem
2609 3797 2910 3862 ostenderit
2942 3806 3027 3862 vel
3059 3822 3276 3863 omnem
3307 3810 3474 3866 vitam
3503 3812 3648 3883 ejus;

2071 3898 2168 3971 qui
2195 3899 2419 3970 longum
2455 3899 2512 3953 in
2553 3913 2728 3953 aevum
2774 3896 3078 3967 producere
3119 3901 3376 3968 potuerit,
3415 3912 3472 3957 et
3503 3904 3651 3959 mille

2071 4005 2343 4049 annorum
2401 3991 2589 4047 orbem
2655 3988 3002 4060 impleverit,
3056 3989 3325 4059 siquidem
3389 3993 3650 4052 bonitatis

2070 4097 2266 4153 expers
2291 4081 2480 4148 l'ue'rit,
2515 4078 2911 4137 misericordiae
2948 4079 3160 4135 scilicet
3200 4096 3266 4136 ae
3301 4081 3647 4140 liberalitatis

2070 4186 2200 4248 erga
2249 4184 2468 4248 egentes
2517 4183 2681 4246 atque
2732 4172 3012 4229 mendicos
3045 4173 3202 4244 :jam
3257 4183 3310 4230 et
3368 4176 3465 4242 iis,
3523 4190 3646 4248 quae

2069 4274 2394 4336 sequuntur,
2435 4263 2762 4320 sententiam
2800 4264 3092 4318 conﬁrmat
3119 4277 3298 4330 suam,
3332 4275 3386 4320 et
3424 4271 3647 4336 praecla~

2067 4356 2306 4412 rissimis
2355 4367 2490 4411 usus
2537 4367 2722 4409 rerum
2777 4352 3339 4410 demonstrationibus
3388 4365 3644 4426 compro-

2068 4447 2180 4501 bat.
2215 4460 2235 4498 ι
2266 4445 2462 4500 Nonne
2495 4443 2664 4510 enim,
2699 4441 2898 4512 inquit.
2924 4455 3092 4495 unum
3123 4441 3191 4495 ad
3228 4441 3407 4496 locum
3439 4445 3645 4499 vadunt

385 4533 558 4587 τόπον
588 4533 684 4586 ’ἕνα
735 4533 802 4586 τὰ
843 4533 1021 4588 πάντα
1051 4533 1349 4606 πορεύεται
1373 4554 1389 4602 ς
1439 4554 1458 4587 ι
1488 4535 1690 4607 δηλαδὴ
1713 4536 1960 4608 πρὸςτὸν

2070 4536 2286 4594 omnia?
2317 4555 2338 4589 ι
2379 4537 2432 4592 id
2461 4543 2569 4600 est,
2599 4549 2723 4590 eam
2773 4533 2840 4588 ad
2880 4542 3106 4596 terram,
3145 4533 3289 4590 unde
3317 4535 3387 4589 ab
3435 4537 3643 4607 origine

2067 4629 2338 4698 desumpti
2373 4626 2613 4682 fuimus?
2659 4625 2716 4680 Si
2749 4633 2932 4680 autem
2963 4633 3018 4680 et
3059 4625 3239 4682 brevis
3279 4631 3334 4682 et
3369 4627 3642 4684 diuturna

2059 4720 2184 4774 vitae
2222 4718 2500 4774 hominem
2537 4715 2681 4772 idem
2719 4716 2991 4770 terminus
3031 4725 3236 4783 manet,
3273 4716 3526 4788 idemque
3552 4733 3640 4775 er-

2059 4811 2192 4881 cipit
2239 4811 2426 4873 locus,
2471 4806 2602 4878 quid
2651 4805 2886 4876 amplius
2940 4807 3032 4862 hic
3085 4807 3266 4874 habet,
3311 4824 3472 4878 quam
3523 4810 3635 4874 ille,

2058 4917 2182 4958 cum
2231 4899 2484 4957 eumdem
2524 4899 2591 4953 ad
2639 4898 2803 4952 ﬁnem
2856 4899 3084 4963 recidat,
3145 4907 3202 4953 et
3243 4900 3436 4955 eodem
3477 4911 3638 4958 terrae

2059 4991 2309 5061 sepulcro
2331 4996 2654 5059 contegatur
2673 5025 2688 5051 ,
2725 4986 2832 5042 nisi
2868 4987 2974 5041 hoc
3003 5001 3195 5054 unum,
3225 4987 3370 5058 quod
3398 4991 3638 5060 majOres

2058 5098 2158 5154 pro
2197 5083 2322 5137 vitae
2361 5080 2727 5159 diuturnitate
2758 5079 2978 5134 labores
3017 5080 3224 5148 tulerit,
3261 5097 3329 5138 ae
3359 5081 3546 5152 plures
3583 5096 3640 5139 et

2060 5175 2338 5248 graviores
2367 5173 2644 5228 molestias
2666 5186 2814 5244 aegro
2841 5171 3154 5243 atilietoque
3179 5175 3637 5234 animoexantla-

2058 5269 2198 5324 verit
2223 5267 2249 5321 7
2276 5266 2411 5321 adeo
2440 5273 2502 5320 ut
2531 5265 2806 5321 severiore
2837 5266 2909 5321 sit
2933 5265 3140 5336 judicio
3165 5256 3510 5328 damnandus
3540 5271 3633 5342 qui

2060 5361 2183 5432 plus
2225 5357 2450 5424 vixerit,
2505 5372 2670 5428 quam
2719 5357 2812 5428 qui
2859 5358 3043 5414 minus
3103 5359 3267 5425 vixit,
3309 5367 3364 5414 et
3423 5361 3634 5417 nullum

2059 5450 2321 5507 bonitatis
2357 5449 2585 5520 protulit
2623 5463 2799 5520 opus;
2845 5449 2987 5519 quod
3035 5449 3114 5504 illi
3160 5451 3378 5520 longius
3415 5465 3637 5523 quoque

2057 5649 2696 5788 ggriétsrsr’trazianzenum
2743 5655 2930 5710 eadem
2960 5653 3283 5709 sentientem
3308 5655 3362 5710 in
3393 5664 3536 5712 orat.
3563 5658 3636 5714 40

2127 5759 2140 5770 .
2243 5745 2276 5774 ο
2307 5759 2319 5772 .

2135 5789 2246 5861 (40)
2287 5789 2601 5862 Olymp.,...
2647 5794 2730 5847 ὅτι
2757 5810 2844 5859 τις
2875 5797 3164 5866 περισσεία
3193 5794 3270 5869 τῷ
3305 5795 3523 5868 σοφῷ...
