4076 6310
353 393 458 459 977

1424 389 1510 456 1N
1553 386 2130 454 ECCLESIASTEN.
2172 421 2238 429 —
2278 394 2426 456 LIB.
2459 383 2554 456 VI.

3505 397 3608 461 978

356 519 464 563 σως
494 497 750 568 διέξεισιν
777 494 948 551 εἰπών
979 513 990 524 ·
1023 513 1043 546 ι
1097 494 1328 564 Ἀγαθὸν
1389 493 1577 568 ὅραμα
1635 497 1934 568 ὀφθαλμῶν

2043 499 2183 555 Linus
2228 499 2308 556 sic
2351 503 2643 558 edisserit:
2676 521 2694 555 ι
2727 501 2932 557 Bonmn
2981 512 3065 559 est
3121 512 3374 574 asper-tus
3421 507 3609 560 oculo—

363 594 498 665 ὖπὲρ
527 591 898 664 πορευόμενον
935 591 1104 660 Ιᾇυχῇ,
1150 589 1245 642 καί
1292 606 1357 658 γε
1415 590 1576 648 τοῦτο
1629 590 1934 658 ματαιότης

359 684 454 738 καὶ
475 683 798 754 προαίρεσις
833 682 1144 752 πνεύματος
1179 697 1200 712 σ
1222 701 1240 734 ι
1263 683 1364 750 τὴν
1397 683 1454 734 ἐν
1485 681 1668 734 ἐλπίσι
1694 682 1794 751 τῆς
1814 681 1937 750 μελ-

358 771 560 845 λούσης
601 775 746 841 ζωῆς
778 773 1080 844 πρόϐλεψιν
1108 772 1220 827 τῶν
1256 773 1459 840 νοερῶν
1504 769 1807 841 ὀφθαλμῶν
1845 773 1935 824 ὲν-

357 864 550 922 τεῦθεν
589 865 1104 936 παραινιττόμενος,
1137 865 1260 916 καθ’
1299 865 1366 935 ἢν
1395 864 1490 916 καὶ
1523 861 1664 926 πρὸς
1689 863 1755 933 ἦν
1799 861 1938 914 πάν-

359 974 452 1021 τες
483 975 502 1008 ι
541 958 588 1012 οἱ
629 955 689 1021 ἐξ
728 956 927 1020 αἰῶνος
979 955 1071 1009 τὸν
1101 954 1308 1026 Κύριον
1340 953 1758 1024 ὑπομείναντες,
1798 970 1816 1004 ι
1878 953 1936 1003 ὲν

363 1048 726 1120 πολυτρόποις
778 1046 1105 1117 κακουχίαις
1135 1047 1231 1100 καὶ
1286 1046 1501 1115 θλίψεσι
1559 1044 1820 1114 διήνυσαν
1874 1043 1936 1096 τὸ

364 1139 579 1192 στάδιον
607 1139 706 1208 τῆς
767 1135 1050 1207 παρούσης
1083 1132 1232 1204 ζωῆς
1264 1152 1277 1166 ·
1317 1135 1368 1189 οἳ
1419 1135 1512 1188 καὶ
1548 1132 1794 1203 βελτίους
1842 1133 1935 1184 εὐ⁴

363 1229 602 1300 ρέθησαν
627 1227 898 1298 ἀριδήλως
928 1226 1036 1281 τῶν
1067 1224 1460 1294 πορευομένων
1506 1225 1564 1276 ὲν
1581 1225 1701 1286 ταῖς
1737 1223 1940 1292 ὁρμαῖς

360 1319 468 1372 τῶν
525 1317 778 1390 ψυχικῶν
834 1315 1014 1371 αὐτῶν
1061 1315 1425 1386 βσυλημὰτων
1489 1313 1629 1384 πρὸς
1680 1313 1818 1382 μόνα
1868 1312 1944 1364 τᾶ

360 1410 606 1480 παρόντα
659 1411 755 1464 καὶ
819 1408 1158 1479 φθειρόμενα
1211 1407 1506 1477 κεχηνότες
1535 1445 1548 1469 ,
1613 1406 1708 1458 καὶ
1771 1403 1941 1474 μηδε-

363 1501 495 1572 μίαν
545 1501 782 1572 ὁπτικὴν
833 1501 1176 1572 κτησάμενοι
1231 1499 1340 1558 τῶν
1387 1496 1590 1568 νοερῶν
1639 1493 1938 1565 ὀφθαλμῶν

358 1591 592 1661 δύναμιν
641 1592 732 1646 διὰ
781 1591 1024 1654 πίστεως
1081 1589 1224 1661 πρὸς
1300 1588 1402 1660 τὴν
1462 1587 1573 1640 τῶν
1642 1584 1936 1654 ἐλπιζομέ-

359 1699 469 1737 νων
522 1681 746 1752 ἀγαθῶν
801 1681 1146 1754 πραγμάτων
1197 1679 1497 1733 ὑπόστασιν
1521 1691 1538 1706 ⁶
1566 1677 1686 1732 ἀλλ’
1735 1673 1823 1730 οἷα
1871 1675 1940 1746 δὴ

357 1777 584 1847 ψυχικοὶ
622 1775 698 1846 μὴ
721 1774 1011 1846 δεξαμένοι
1034 1773 1106 1826 τὰ
1133 1771 1228 1825 τοῦ
1259 1771 1596 1842 πνεύματος,
1629 1771 1752 1834 ταῖς
1809 1766 1946 1838 βιωι

2043 604 2163 642 rum
2210 605 2373 658 super
2409 590 2780 646 ambulantem
2827 591 3032 659 anima,
3075 592 3179 646 hoc
3205 593 3372 647 etiam
3399 595 3611 652 vanitas

2041 690 2094 734 et
2149 682 2503 750 praesumptio
2559 683 2815 752 spiritus;
2849 703 2868 736 ι
2925 692 3274 754 prospectum
3327 685 3414 741 his
3462 685 3610 740 desi~

2042 784 2217 839 gnans
2262 769 2584 838 spiritalium
2635 762 2942 840 oculorum,
2983 774 3113 828 dum
3157 771 3396 829 futuram
3442 775 3610 830 vitam

2041 874 2347 928 speramus,
2395 870 2618 930 propter
2665 878 2828 932 quam
2873 872 2928 918 et
2977 867 3236 934 adquam
3269 879 3480 930 omnes,
3517 863 3609 934 qui

2007 1016 2010 1018 γ
2049 965 2067 998 ι
2095 963 2131 1002 a
2157 947 2355 1002 saeculo
2388 947 2674 1004 Dominum
2719 952 3030 1007 sustinuere
3051 953 3117 1018 ",
3156 971 3176 1003 ι
3217 968 3310 1022 per
3337 968 3612 1008 aerumnas

2043 1039 2242 1094 multas
2272 1047 2436 1109 atque
2465 1040 2748 1112 angustias
2783 1043 3064 1112 praesentis
3097 1045 3219 1100 vitae
3252 1045 3486 1100 stadium
3513 1043 3614 1098 ah-

2044 1136 2326 1190 solverunt
2357 1135 2470 1208 (45)
2505 1153 2521 1190 :
2554 1134 2648 1206 qui
2675 1143 2730 1190 et
2760 1133 3164 1204 praestantiores
3189 1134 3307 1190 sine
3331 1134 3498 1190 dubio
3532 1133 3615 1187 in-

2044 1227 2193 1283 venti
2223 1237 2374 1292 sunt,
2409 1243 2574 1298 quam
2619 1227 2678 1294 ii,
2701 1227 2795 1298 qui
2835 1227 3096 1298 appetitui
3130 1237 3185 1282 et
3225 1226 3614 1296 cupiditatibus

2044 1321 2159 1376 suis
2201 1325 2467 1390 perpetuo
2501 1318 2868 1390 indulgentes,
2917 1333 2980 1372 ac
3013 1319 3298 1388 praesentia
3337 1310 3513 1374 solum
3561 1324 3616 1370 et

2043 1413 2251 1467 caduca
2293 1411 2593 1475 inhiantes,
2635 1423 2748 1466 tum
2801 1410 2946 1466 nulla
2992 1411 3198 1481 praediti
3241 1409 3498 1465 facultate
3545 1409 3616 1463 ad

2045 1503 2336 1558 videndum
2377 1503 2714 1581 spiritalibus
2756 1503 2933 1558 oculis
2985 1518 3080 1574 per
3127 1503 3285 1558 ﬁdem
3332 1517 3460 1557 vera
3500 1501 3613 1565 illa,

2043 1610 2166 1666 quae
2194 1609 2484 1664 speramus
2513 1595 2677 1660 bona,
2703 1594 2797 1649 sed
2827 1594 2990 1649 veluti
3025 1595 3183 1664 plane
3210 1593 3474 1648 animales
3495 1607 3617 1663 qua:

2044 1693 2274 1763 spiritus
2339 1700 2489 1751 sunt.
2550 1691 2777 1744 minime
2835 1691 3146 1762 perceptis,
3179 1675 3343 1742 vitam
3398 1702 3615 1742 omnem

2045 1799 2200 1840 suam
2231 1784 2284 1837 in
2327 1783 2650 1853 quotidiano
2688 1780 2876 1836 mundi
2917 1782 3156 1834 tumultu
3190 1790 3354 1848 atque
3382 1779 3436 1832 in
3469 1779 3618 1833 volu-

357 1871 546 1932 τικαῖς
581 1869 676 1922 καὶ
707 1867 1002 1937 κοσμικαῖς
1035 1864 1277 1936 τύρόαις
1307 1865 1402 1917 καί
1431 1862 1668 1931 τέρψεσι
1700 1860 1798 1914 καὶ
1835 1863 1938 1932 ρᾳθ-

2043 1858 2283 1946 ptatibus
2331 1884 2385 1930 et
2441 1875 2670 1930 desidiis
2730 1873 2932 1929 misere
2969 1869 3618 1954 exegeruntbdiuturuo

361 1958 599 2020 στώναις
642 1957 798 2028 παρὰ
831 1957 1012 2010 πάντα
1049 1955 1142 2008 τὸν
1177 1953 1386 2008 ἑαυτῶν
1416 1953 1532 2024 βίον
1561 1951 1762 2014 ἀθλίως
1809 1949 1948 2020 ἔζη--

362 2065 490 2116 σαν,
522 2050 580 2102 ὲν
611 2045 940 2118 ματαιότητι
962 2043 1457 2104 καταναλώσαντες
1485 2041 1547 2094 τὸ
1575 2039 1790 2110 δολιχὸν
1831 2037 1938 2092 τοῦ

362 2141 566 2214 χρόνου
614 2141 914 2213 διάστημα.
945 2138 1120 2194 Τοῦτο
1157 2138 1269 2209 γὰρ
1311 2134 1742 2206 αἰνιττόμενοςὸ
1779 2132 1944 2201 σοφὸς

375 2232 815 2303 Ἐκκλησιαστὴς
845 2227 1004 2294 αὖθίς
1032 2247 1194 2302 φησι,
1238 2247 1256 2281 ι
1290 2227 1400 2281 Καί
1427 2241 1491 2295 γε
1524 2224 1684 2279 τοῦτο
1714 2222 1960 2295 ματαιὸι

362 2336 464 2389 της
489 2317 583 2370 καὶ
615 2319 938 2388 προαίρεσις
971 2316 1307 2388 πνεύματος.
1348 2333 1369 2367 ι
1415 2308 1516 2368 Ὧν
1559 2315 1724 2384 ἡμεῖς
1778 2313 1958 2379 ἐκφυ-

362 2407 558 2473 γόντες
583 2405 687 2476 τὴν
727 2406 985 2476 μίμησιν,
1001 2405 1103 2475 τὴν
1145 2403 1566 2474 προϐλεπτικὴν
1599 2403 1710 2456 τῶν
1742 2400 1954 2471 νοερῶν

362 2495 662 2568 ὀφθαλμῶν
690 2497 850 2568 ἡμῶν
883 2496 1204 2567 ὁξυδερκίαν
1245 2497 1537 2550 κατέναντι
1589 2493 1692 2562 τῆς
1723 2491 1952 2564 μελλού-

365 2605 474 2660 σης
503 2589 650 2658 ζωῆς
683 2589 1080 2660 ἀνατεινωμεν,
1111 2588 1248 2659 πρὸς
1277 2588 1341 2642 τὺ
1375 2587 1633 2658 βραϐεῖον
1676 2586 1778 2654 τῆς
1833 2585 1948 2638 ἄνω

365 2679 620 2750 κλήσεως
645 2679 740 2732 τοῦ
766 2677 904 2732 Θεοῦ
934 2679 1319 2750 πορευόμενοι,
1349 2677 1448 2732 καὶ
1498 2677 1628 2740 τοὺς
1679 2675 1946 2746 πτωχοὺς

368 2771 738 2842 οἰκτείροντες
771 2771 866 2824 καὶ
895 2771 1202 2840 κιχρῶντες
1238 2772 1353 2832 τοῖς
1387 2769 1642 2839 πένησιν,
1705 2769 1807 2837 ὅση
1853 2765 1954 2821 δύο

371 2877 557 2932 ναμις,
599 2861 687 2915 ῖνα
713 2861 1161 2926 πολλαπλασίους
1202 2861 1612 2932 ἁντιδεξὼμεθα
1643 2859 1952 2930 Χριστόθεν

375 2954 473 3018 τὰς
523 2955 764 3024 ἀμοιϐὰς
798 2973 816 2988 ο
857 2973 878 3008 ι
931 2955 990 3010 '0
1045 2955 1161 3027 γὰρ
1216 2954 1384 3008 ἐλεῶν
1438 2953 1656 3023 πτωχὸν
1715 2952 1948 3016 δανείζει

377 3041 514 3113 Θεῷ,
545 3061 564 3095 ι
597 3045 730 3115 φησί
761 3063 864 3098 που
891 3045 953 3098 τὸ
979 3045 1160 3112 λόγιον
1189 3044 1300 3111 τῆς.
1333 3043 1486 3106 θείας
1539 3043 1767 3114 Γραφῆς
1801 3059 1816 3075 ο
1856 3041 1960 3094 καὶε

2041 1967 2306 2036 temporis
2332 1965 2506 2036 spatio
2537 1965 2590 2019 in
2615 1965 2856 2020 vanitate
2882 1971 3229 2032 consumpto.
3257 1960 3395 2016 Nam
3424 1961 3530 2016 hoc
3561 1971 3619 2014 ut

2043 2056 2397 2127 signiﬁcaret,
2427 2057 2644 2126 sapiens
2673 2054 3036 2110 Ecclesiastes
3071 2053 3269 2109 iterum
3295 2052 3372 2106 ait
3403 2069 3415 2104 :
3451 2071 3470 2102 ι
3505 2049 3618 2104 Hoc

2043 2149 2208 2204 etiam
2261 2149 2476 2202 vanitas
2527 2155 2590 2202 et
2630 2145 2984 2217 praesumptio
3019 2145 3266 2214 spiritus.
3303 2161 3322 2194 ι
3371 2141 3616 2222 Quorum

2047 2257 2147 2298 nos
2168 2241 2529 2296 imitationem
2553 2238 2812 2305 aversati,
2835 2238 3203 2308 perspicacem
3227 2237 3425 2290 mentis
3447 2234 3618 2290 aciem

2045 2343 2100 2388 et
2148 2341 2315 2387 totam
2381 2329 2711 2400 spiritalium
2761 2329 3045 2385 oculorum
3096 2328 3206 2382 vim
3255 2327 3323 2382 ad
3379 2324 3620 2381 futuram

2045 2427 2213 2480 vitam
2273 2424 2645 2488 intendamus,
2701 2413 2941 2476 victoriae
2989 2420 3312 2490 praemium,
3363 2417 3430 2473 ad
3476 2418 3624 2488 quod

2049 2515 2192 2572 Deus
2231 2529 2333 2572 nos
2362 2523 2540 2582 vocat,
2571 2522 2837 2585 petentes,
2883 2522 2944 2569 et.
2977 2519 3242 2582 quantum
3271 2509 3501 2581 quisque
3527 2525 3625 2580 po-

2051 2618 2175 2676 test,
2205 2607 2584 2663 misericordia
2612 2615 2667 2662 et
2692 2605 2945 2678 largitate
2972 2602 3240 2659 mendicis
3269 2610 3432 2672 atque
3459 2616 3622 2673 egen-

2049 2700 2194 2756 tibus
2239 2699 2574 2770 opitulantes
2604 2717 2617 2753 :
2653 2713 2762 2768 quo
2803 2695 3172 2768 amplissimas
3204 2711 3235 2750 a
3272 2694 3494 2749 Christo
3537 2709 3622 2746 re-

2049 2793 2458 2847 munerationes
2491 2789 2823 2864 referamus:
2861 2807 2880 2841 ι
2911 2787 3014 2854 Qui
3043 2787 3189 2843 enim
3223 2785 3477 2856 pauperis
3517 2783 3623 2838 mi-

2049 2873 2300 2947 seretur,
2355 2881 2636 2936 feneratur
2695 2880 2806 2934 Deo
2829 2879 2908 2944 ³³,
2944 2896 2962 2928 ι
3023 2885 3084 2932 ut
3138 2883 3222 2930 est
3279 2875 3334 2928 in
3384 2871 3624 2928 oraculis

2047 2973 2353 3028 divinarum
2380 2970 2710 3027 Litterarum
2741 2989 2754 3025 :
2783 2979 2836 3025 et
2863 2969 3019 3040 regni
3067 2965 3304 3024 caelestis
3335 2963 3623 3020 haeredita-

2049 3068 2155 3115 tem
2201 3061 2462 3115 adeamus
2513 3073 2638 3114 cum
2698 3059 2816 3128 ipso
2869 3057 3086 3113 Christo
3119 3055 3231 3110 Deo
3279 3062 3494 3119 nostro,
3537 3053 3632 3108 cui

371 3134 470 3205 τὴν
493 3135 604 3189 τῶν
628 3137 874 3207 οὐρανῶν
903 3137 1185 3207 βασιλείαν
1208 3137 1694 3205 κληρονομήσομεν
1719 3137 1780 3186 ὲν
1799 3131 1944 3202 αὐτῷ

2051 3149 2222 3220 gloria
2245 3158 2298 3204 et
2324 3149 2615 3220 imperium
2639 3162 2765 3202 cum
2789 3141 3162 3218 omnipotente
3183 3143 3341 3199 Patre
3361 3152 3416 3199 et
3437 3149 3628 3197 sancto

371 3227 600 3297 Χριστῷ
627 3227 706 3297 τῷ
751 3227 870 3298 Θεῷ
902 3229 1086 3299 ήμῶν,
1115 3222 1159 3296 ᾧ
1184 3229 1218 3298 ἡ
1247 3227 1377 3294 δόξα
1405 3227 1500 3280 καὶ
1525 3226 1586 3278 τὸ
1618 3225 1824 3296 κράτος
1853 3224 1944 3278 σὺν

2053 3211 2309 3310 bonoque
2351 3211 2421 3296 ac
2448 3240 2572 3295 vita:
2611 3248 2835 3295 auctore
2875 3211 3082 3308 Spiritu
3125 3252 3274 3294 nunc
3320 3245 3375 3293 et
3414 3247 3630 3305 semper

369 3317 446 3387 τῷ
486 3320 898 3391 παντοκράτορι
926 3321 1102 3392 Πατρι
1139 3320 1236 3374 καὶ
1265 3321 1348 3390 τῷ
1385 3317 1640 3388 παναγίῳ
1675 3317 1768 3370 καὶ
1807 3317 1948 3383 ἀγα-

371 3408 452 3479 θῷ
476 3409 574 3462 καὶ
600 3409 848 3480 ζωοποιῷ
876 3413 1160 3482 Πνεὺματι
1192 3409 1288 3464 νῦν
1313 3411 1408 3466 καὶ
1447 3410 1536 3466 ἀεὶ
1578 3409 1674 3462 καὶ
1699 3408 1782 3470 είς
1823 3407 1952 3469 τοὺς

371 3499 578 3564 αἰῶνας
612 3499 720 3552 τῶν
743 3500 980 3555 αἰώνων.
1021 3501 1220 3572 ’Δμήν.

2057 3340 2112 3386 et
2145 3331 2199 3386 in
2231 3330 2431 3387 saecula
2466 3331 2824 3388 saeculorum.
2853 3331 3045 3386 Amen.

1595 3874 1961 3964 ΛΟΓΟΣ
1999 3874 2398 3961 ΕΚΤΟΣο

1533 4141 1886 4230 LIBER
1960 4138 2458 4231 SEXTUS.

1957 4478 2062 4550 51.

445 4597 605 4653 El'ﬂ
627 4595 885 4667 ἐγένετο,
920 4593 1037 4663 ἤδη
1075 4593 1360 4661 κέκληται
1395 4594 1584 4663 ὄνομα
1607 4595 1815 4661 αὐτοῦ,
1849 4597 1944 4652 καὶ

2129 4599 2291 4671 159
2321 4596 2488 4656 Vsus.
2542 4599 2628 4654 10.
2672 4595 2734 4653 Si
2781 4599 2917 4669 quid
2939 4596 3079 4668 fuit,
3113 4593 3230 4663 jam
3271 4599 3512 4646 vocatum
3557 4603 3634 4643 est

375 4685 650 4758 ἐγνώσθη
701 4687 735 4740 ὅ
781 4686 956 4740 ἐστιν
1003 4683 1335 4752 ἄνθρωπος,
1374 4685 1473 4738 καὶ
1515 4686 1588 4739 οὐ
1625 4684 1944 4753 δυνήσεται

2058 4709 2245 4747 nomen
2277 4693 2412 4762 ejus,
2441 4700 2490 4746 et
2534 4691 2800 4762 cognitum
2839 4689 3075 4760 quodest
3111 4687 3289 4750 homo,
3315 4695 3364 4739 et
3402 4699 3504 4738 non
3548 4698 3633 4750 po-

374 4779 482 4834 τοῦ
517 4777 793 4848 κριθῆναι
810 4775 962 4848 μετὰ
999 4777 1108 4832 τοῦ
1137 4775 1546 4846 ισχυροτέρου·
1564 4775 1719 4846 ὑπὲρ
1744 4779 1944 4845 αὐτὸν,

2060 4784 2183 4837 terit
2229 4779 2538 4836 contendere
2588 4797 2707 4836 cum
2741 4779 2962 4851 fortiore
3011 4793 3167 4849 super
3207 4792 3282 4842 se,
3337 4775 3464 4846 quia
3512 4779 3636 4826 sunt

374 4867 466 4922 ὅτι
510 4869 634 4924 εισι
661 4869 833 4937 λόγοι
857 4867 1074 4923 πολλοὶ
1135 4867 1548 4936 πληθύνοντες
1568 4870 1944 4938 ματαιότητα.

2061 4875 2216 4930 verba
2241 4874 2412 4929 multa
2446 4873 2862 4944 multiplicantia
2891 4871 3176 4926 vanitatem
3204 4866 3337 4940 (ιθ).

447 4959 906 5033 Καθυπογράψας
934 4959 1032 5013 καὶ
1067 4957 1416 5028 κωμῳδήσας
1466 4958 1563 5012 τὸν
1612 4958 1944 5030 ἀνελεήμονα

2133 4963 2309 5020 Divite
2343 4964 2481 5036 jam,
2524 4965 2616 5034 qui
2666 4971 2722 5020 et
2765 4961 3158 5020 immisericors
3193 4961 3267 5016 sit
3305 4967 3360 5014 et
3411 4971 3633 5016 avarus.

377 5049 472 5103 καὶ
502 5050 766 5122 φειδωλὸν
813 5049 1072 5104 πλούσιον
1115 5049 1472 5114 παντοδαπῶς
1525 5052 1620 5104 καὶ
1676 5052 1938 5116 ποικίλως

2081 5053 2430 5111 omnifariam
2463 5053 2759 5124 multisque
2789 5053 2966 5109 modis
2997 5051 3272 5122 descripto
3311 5063 3375 5104 ac
3429 5054 3637 5114 notato,

381 5144 474 5194 καὶ
501 5143 694 5213 μέντοι
731 5141 826 5196 τὸν
854 5141 1226 5214 πορευόμενον
1253 5141 1442 5206 ἁπλῶς
1473 5146 1596 5206 ταῖς
1623 5144 1824 5215 ὁρμαῖς
1849 5145 1944 5200 τῶι

2067 5159 2168 5200 nec
2203 5144 2386 5199 minus
2435 5157 2524 5210 eo,
2573 5142 2668 5214 qui
2701 5150 2822 5199 non'
2847 5143 3014 5198 alium
3045 5141 3170 5198 vitae
3212 5140 3404 5196 ducem
3452 5137 3634 5204 habet,

377 5230 625 5304 ψυχικῶν
683 5233 1056 5306 βουλημάτων,
1085 5233 1182 5288 καὶ
1251 5233 1516 5306 μηδαμῶς
1597 5235 1944 5308 στοιχειοῢντο

2069 5251 2234 5308 quam
2279 5235 2578 5307 appetitum
2611 5234 2983 5305 animalesque
3028 5231 3374 5305 cupiditates,
3403 5246 3468 5288 ac
3499 5227 3638 5285 nihil

451 5350 662 5411 "Psal.
689 5369 834 5424 xxw,
861 5353 948 5414 14.
1015 5353 1060 5388 ³³
1085 5351 1248 5409 Prov.
1287 5369 1397 5418 xix,
1434 5352 1522 5407 17.

459 5485 569 5572 (i5)
603 5485 990 5572 §ymm_achum
1015 5485 1550 5572 sin-adubig'rtoster
1579 5483 1944 5572 hitlz’tu'aquitut:J

2065 5485 2612 5572 emetat’sn'mim
2647 5483 3014 5572 eameam
3035 5479 3295 5572 "$99995
3325 5493 3404 5572 te.
3425 5478 3508 5572 εὲξ

385 5551 584 5624 quippe
619 5551 735 5612 Haec
761 5558 850 5612 ille
870 5557 950 5612 sic
976 5558 1206 5613 reddidit
1243 5575 1256 5611 :
1288 5555 1506 5610 Βέλτιον
1534 5551 1889 5625 προϐλέπειν,
1921 5555 1944 5624 ἦ

382 5625 585 5676 ὁδεύειν
611 5627 968 5676 αὑταοεσκία.
995 5626 1056 5676 Id
1079 5635 1184 5676 est-
1221 5625 1454 5676 Prmstut
1487 5627 1775 5676 providere.
1799 5641 1944 5676 auum

2064 5556 2167 5627 χὰς
2196 5555 2488 5610 θλιϐόντων
2521 5573 2589 5626 με
2615 5571 2630 5587 ο
2665 5555 2718 5610 id
2753 5563 2858 5620 est,
2889 5551 2973 5606 Ne
2998 5551 3282 5606 tradideris
3325 5563 3404 5601 me
3432 5551 3487 5600 in
3519 5551 3637 5600 ani-

2067 5642 2181 5676 mas
2215 5625 2592 5676 tribulantium
2623 5641 2722 5676 me.
2761 5623 2936 5676 (Paul.
2961 5636 3089 5676 xxvr
3118 5659 3134 5676 .
3174 5615 3288 5676 12.)

386 5615 585 5678 ὅόεὖέιν
611 5627 968 5697 αὑταρεσκία.
995 5626 1056 5682 Id
1079 5635 1184 5694 est,
1221 5625 1454 5681 Prastat
1485 5615 1775 5692 providere,
1799 5615 1972 5694 quani-
2067 5615 2181 5681 iiut}
2215 5615 2592 5680 tribulantium
2623 5641 2722 5680 me.
2761 5615 2936 5696 (Paul.
2961 5636 3089 5676 xxvr
3118 5659 3134 5686 ,
3174 5615 3288 5688 12.)

386 5696 654 5750 ambulare
707 5705 862 5766 prout
915 5682 1063 5759 libet,
1117 5697 1231 5752 sive
1269 5696 1573 5752 secundum
1610 5709 1748 5748 vana
1787 5693 1966 5748 animi
2137 5697 2250 5769 (46)
2291 5695 2445 5768 Apud
2473 5693 2617 5750 LXX
2639 5735 2652 5750 .
2674 5735 2686 5752 .
2713 5732 2756 5750 ..
2783 5693 2879 5749 καὶ
2905 5693 2966 5746 οὐ
2987 5691 3276 5762 δυνήσεται
3306 5688 3578 5759 κριθῆναι.

389 5764 676 5822 desideria.
704 5765 837 5822 Nam
865 5765 1011 5838 ψυχὴ
1039 5765 1203 5822 etiam
1227 5773 1310 5826 est
1334 5765 1398 5820 τὸ
1426 5763 1824 5836 ἐπιθυμητικόν
1845 5779 1859 5796 ·
1900 5772 1958 5819 ut
