4076 6310
472 310 578 374 979

1565 305 1626 368 S.
1677 303 2058 379 GREGORII
2098 303 2611 364 AGRIGENTIN‘I

3642 296 3782 362 930.

464 425 534 482 de
577 436 791 480 morum
835 436 1067 478 suorum
1097 418 1480 477 emendatione
1523 418 1804 488 animique
1834 417 2047 475 cultura

2172 414 2244 468 ιαὶ
2291 413 2628 487 ρυθμίζοντα
2659 413 2759 484 τὴν
2798 411 2944 484 ζωὴν
2966 415 3091 476 ταῖς
3119 415 3522 483 πνευματικαῖς
3571 430 3776 468 κατα-

469 517 716 584 laborat;
749 515 948 570 transit
984 528 1133 573 nunc
1167 511 1236 566 ad
1270 509 1500 566 alterum
1550 517 1958 579 argumentum,
1990 505 2044 561 in

467 623 645 677 eoque
685 617 938 662 versatur
987 614 1153 675 atque
1183 601 1280 667 ait,
1335 599 1471 655 nihil
1519 601 1574 654 in
1626 599 1717 664 iis,
1746 611 1871 677 qua;
1903 597 2048 650 facta

471 674 620 764 sunt,
647 698 897 753 relictum
927 674 1180 766 usquam,
1219 693 1367 764 quod
1397 693 1518 748 sine
1545 674 1908 760 appellatione
1937 687 2045 742 sit:

471 799 531 845 et
572 789 840 861 quidquid
877 788 1079 844 factum
1128 787 1204 842 sit
1253 795 1348 840 aut
1395 799 1519 840 esse
1567 781 1813 851 coeperit,
1861 788 2048 848 aptum

475 897 675 942 nomen
713 881 1100 952 propriumque
1130 876 1457 934 vocabulum
1504 873 1819 947 accepisse:
1851 869 2053 938 quippe

475 974 658 1027 omnia
696 987 874 1027 rerum
904 970 1166 1026 Conditor
1195 979 1320 1024 ante
1351 966 1528 1031 novit,
1563 974 1617 1020 et
1641 963 1882 1018 futurum
1913 961 2054 1015 scie-

478 1065 591 1129 bat,
619 1073 678 1118 ut
701 1063 954 1118 homines
982 1061 1378 1126 dividerentur,
1403 1066 1457 1113 et
1487 1057 1738 1127 pluribus
1777 1055 2056 1125 variisque

478 1158 786 1226 linguarum
847 1170 912 1214 ac
962 1155 1320 1211 dialectorum
1372 1149 1692 1206 diﬂerentiis
1743 1147 2055 1220 distingue-

477 1259 688 1304 rentur.
733 1249 921 1320 Itaque
943 1248 1026 1302 vel
1050 1247 1096 1308 si
1125 1245 1251 1316 quis
1283 1260 1396 1300 rem
1441 1243 1680 1312 aliquam
1709 1256 1808 1312 pro
1837 1240 2055 1310 lingua-

481 1351 604 1391 rum
645 1352 723 1390 σθ
755 1335 1114 1392 dialectorum
1165 1333 1485 1408 discrimine
1531 1330 1688 1385 aliter
1733 1330 2058 1398 diverseque

480 1425 840 1484 denominare
882 1432 1158 1496 conetur;
1205 1438 1314 1476 non
1372 1421 1494 1478 ideo
1549 1421 1724 1491 ipsam
1775 1434 1884 1474 non
1936 1431 2060 1473 esse

481 1519 763 1588 eamdem,
817 1526 913 1572 aut
950 1531 1061 1571 non
1109 1515 1272 1572 talem
1321 1529 1546 1570 manere
1592 1521 1758 1583 atque
1799 1511 2057 1592 agnosci,

482 1610 661 1680 qualis
695 1626 726 1663 a
749 1607 1050 1666 Conditore
1073 1608 1214 1662 facta
1244 1615 1327 1662 est
1360 1626 1372 1660 :
1407 1615 1467 1663 ut
1505 1605 1810 1675 subjectum
1839 1604 2057 1674 quidem

484 1703 664 1771 ipsum
731 1701 1189 1771 appellationibus
1246 1699 1632 1754 denominelur
1675 1695 1955 1766 pluribus,
2005 1704 2062 1750 at

486 1792 850 1858 immutabile,
875 1791 946 1846 ob
970 1789 1327 1850 dialectorum
1359 1788 1678 1856 varietatem
1703 1787 1841 1841 nihil
1871 1786 2062 1850 variet,

485 1895 539 1940 et
569 1898 676 1936 una
703 1882 823 1952 ejus
843 1880 1143 1950 eademque
1166 1888 1362 1934 natura
1389 1878 1480 1944 sit,
1515 1893 1637 1947 qua:
1661 1877 1880 1932 nomina
1908 1875 2062 1946 plura

485 1987 541 2034 et
569 1977 834 2032 vocabula
868 1976 1060 2031 multis
1107 1989 1139 2029 e
1176 1971 1381 2043 linguis
1424 1972 1569 2027 inter
1610 1986 1676 2041 ese
1707 1970 1940 2026 diversis
1967 1969 2066 2024 ad-

487 2072 688 2134 mittat,
728 2069 794 2125 ad
852 2085 966 2125 rem
1013 2081 1180 2132 unam
1237 2064 1632 2134 designandam
1683 2062 2062 2134 pertinentia:

487 2163 947 2232 quemadmodum
983 2163 1040 2217 in
1077 2176 1216 2218 auro
1242 2169 1296 2217 et
1323 2160 1379 2216 in
1420 2159 1546 2229 igne
1586 2165 1752 2225 atque
1780 2155 1836 2210 in
1864 2153 2064 2211 simili—

487 2257 592 2312 bus
637 2257 824 2312 videre
853 2255 978 2310 licet
1007 2254 1142 2327 (t7).
1181 2253 1296 2309 Nec
1339 2265 1491 2316 vero,
1535 2249 1582 2306 si
1609 2247 1738 2321 quis
1778 2245 2064 2302 hominum

491 2348 650 2420 160
671 2349 876 2418 aliquid
911 2361 1265 2418 eorum,un
1293 2343 1436 2400 facta
1459 2351 1608 2410 sunt,
1649 2339 1924 2398 contrario
1963 2353 2068 2394 no-

488 2441 638 2495 mine
681 2439 954 2510 appellare
990 2437 1209 2502 audeat,
1249 2437 1456 2492 idcirco
1485 2449 1652 2506 quam
1693 2431 1955 2488 Conditor
1999 2431 2069 2486 ab

489 2532 705 2603 origine
751 2529 948 2586 indidit
994 2528 1468 2584 nomenclaturam
1503 2533 1718 2580 mutare
1761 2525 1810 2580 is
1851 2523 2065 2594 possit,

493 2634 754 2693 tanquam
778 2622 824 2680 si
855 2620 1052 2678 melius
1086 2619 1298 2690 aliquid
1325 2616 1706 2690 excogitasset.
1735 2613 1894 2670 Novit
1920 2614 2068 2670 enim

490 2715 781 2779 Conditor,
802 2728 965 2784 quam
989 2712 1176 2784 gloria:
1199 2710 1446 2778 avidum,
1473 2723 1638 2780 quam
1665 2707 2068 2763 contentiosum

493 2804 697 2872 animal
748 2803 915 2858 homo
969 2802 1190 2858 futurus
1242 2807 1389 2866 erat,
1442 2807 1499 2856 ct
1551 2806 1818 2870 quantum
1857 2807 2072 2853 certare

495 2897 639 2950 inter
668 2910 728 2951 se
774 2893 1047 2962 debebant
1091 2893 1160 2953 de
1193 2891 1511 2947 inventione
1549 2891 1833 2946 nominum
1881 2904 2072 2946 recen-

496 2982 722 3036 tiorum.
773 2981 846 3036 At
879 3000 898 3034 ι
927 2981 1047 3036 Non
1095 2980 1316 3052 poterit,
1338 2980 1540 3050 inquit,
1587 2977 1917 3034 contendere
1945 2993 2070 3034 cum

2153 510 2377 563 στάσεσι
2405 525 2420 540 ο
2458 509 2554 564 νῦν
2585 508 2674 578 ἐφ’
2711 506 2909 577 ἑτέραν
2937 504 3198 560 ὑπόθεσιν
3236 505 3450 576 μέτεισι
3481 515 3580 560 και
3625 505 3774 559 δια-

2149 602 2387 656 τείνεται
2436 603 2534 660 καί
2561 619 2718 673 φησι,
2759 601 2928 672 μηδὲν
2964 601 3024 654 ὲν
3065 601 3182 664 τοῖς
3243 601 3524 669 γεγονόσιν
3567 603 3774 654 ἀκατ-

2150 693 2455 765 ονόμαστον
2509 692 2738 763 ὲαθῆναι
2765 693 2828 746 τὸ
2849 691 3072 746 σύνολον
3096 707 3111 720 ⁸
3147 690 3286 747 ἀλλὰ
3314 693 3446 757 πᾶν,
3469 691 3498 744 δ
3519 692 3771 760 γέγονε,

2153 787 2248 840 καὶ
2276 787 2415 858 πρὸς
2443 787 2504 840 τδ
2531 784 2672 840 εἶναι
2700 784 2990 858 παρήχθη,
3008 787 3109 856 τὴν
3145 785 3459 857 πρόσφορον
3485 785 3583 839 καὶ
3611 801 3770 838 κατ-

2154 879 2387 948 άλληλον
2415 877 2603 932 λαϐεῖν
2629 879 2927 948 ὀνομασίαν
2955 878 3050 932 καὶ
3075 877 3268 948 κλῆσιν
3295 893 3310 908 ο
3345 877 3422 942 ὡς
3451 894 3771 947 προεγνω-

2155 971 2313 1034 κότος
2363 970 2458 1024 τοῦ
2495 969 2798 1034 κτίσαντος
2845 969 2917 1023 τά
2948 969 3131 1023 πάντα
3162 971 3258 1022 καὶ
3316 969 3408 1024 τὸν
3431 969 3772 1042 ἄνθρωπον,

2155 1060 2232 1124 ὡς
2275 1059 2684 1130 διαιρεθήσεται
2737 1060 2834 1114 καὶ
2889 1059 3288 1132 μερισθήσεται
3350 1061 3579 1132 μυρίαις
3651 1059 3770 1113 καὶ

2157 1155 2432 1218 ποικίλαις
2465 1153 2729 1224 γλωσσῶν
2763 1153 2866 1208 καὶ
2912 1153 3216 1208 διαλέκτων
3263 1153 3574 1224 διαφοραῖς.
3635 1151 3771 1206 Καὶ

2156 1245 2250 1302 διὰ
2291 1245 2452 1300 τοῦτο
2483 1245 2587 1300 κᾶν
2627 1243 2922 1316 πειραθείη
2969 1261 3056 1310 τις
3097 1244 3196 1297 καὶ
3248 1244 3360 1298 τῶν
3397 1245 3768 1316 πραγμάτων

2157 1337 2393 1390 ἕκαστον
2441 1337 2842 1408 κατονομάζειν
2888 1335 3119 1400 ἀλλοίως
3180 1335 3276 1389 καὶ
3328 1336 3585 1406 έτεροίως
3644 1352 3764 1389 κα-

2159 1429 2227 1482 τὰ
2269 1429 2369 1500 τήν
2401 1428 2664 1498 γλωσσῶν
2731 1429 2825 1482 καὶ
2879 1427 3178 1484 διαλέκτων
3231 1427 3498 1499 διαφοράν
3525 1445 3539 1458 ·
3602 1427 3762 1498 πλὴν

2161 1519 2298 1572 ἀλλὰ
2381 1519 2491 1590 γάρ
2551 1513 2698 1574 εἶναι
2764 1520 2862 1574 καὶ
2924 1519 3202 1589 διαμένειν
3251 1521 3346 1572 καὶ
3416 1519 3763 1587 διεγνῶσθαι

2162 1611 2224 1664 τὸ
2246 1612 2481 1684 πρᾶγμα
2501 1609 2764 1676 τοιοῦτον,
2791 1604 2903 1664 οἷον
2934 1611 3028 1664 καὶ
3057 1609 3250 1679 γέγονε
3287 1609 3442 1681 παρὰ
3464 1610 3562 1664 τοῦ
3583 1612 3762 1682 [lodg-

2169 1721 2366 1768 σαντος
2399 1720 2410 1732 ·
2453 1705 2529 1766 ὡς
2564 1703 2626 1756 τὸ
2657 1703 2791 1757 αὐτὸ
2843 1702 3215 1773 ὑποκείμενον
3243 1702 3608 1772 ὀνομάζεσθαι
3643 1703 3757 1773 μὲν

2170 1794 2394 1866 μυρίαις
2421 1794 2842 1866 προσηγορίαις,
2904 1793 2982 1864 μὴ
3034 1791 3484 1846 συναλλοιοῦσθαι
3537 1793 3594 1846 δὲ
3649 1794 3756 1846 καὶ

2167 1883 2693 1952 συνεξαλλάττεσθαι
2726 1886 2848 1948 ταῖς
2869 1884 2980 1938 τῶν
3011 1883 3313 1938 διαλέκτων
3339 1885 3621 1956 ἑτερότησι
3645 1883 3753 1937 καὶ

2165 1979 2480 2048 διαφοραῖς
2516 1977 2634 2033 ἀλλ’
2677 1973 2818 2030 εἶναι
2845 1976 2945 2048 μὲν
2973 1976 3141 2034 αὐτοῦ
3175 1977 3275 2048 τὴν
3299 1975 3462 2046 φύσιν
3495 1976 3622 2048 μίαν
3642 1976 3751 2031 καὶ

2165 2071 2265 2142 τὴν
2297 2070 2492 2141 αὐτὴν,
2539 2069 2740 2134 πολλὰς
2775 2069 2949 2122 δὲκαὶ
2999 2068 3292 2140 διαφόρους
3350 2068 3603 2139 δέχεσθαι
3636 2067 3747 2132 τὰς

2167 2165 2320 2236 παρά
2337 2163 2449 2217 τῶν
2480 2150 2695 2218 πολλῶν
2729 2163 2828 2215 καὶ
2862 2161 3140 2232 διαφόρων
3170 2160 3432 2230 γλωσσῶν
3472 2176 3748 2230 προσηγο-

2169 2257 2292 2330 ρίας
2339 2257 2436 2311 καὶ
2463 2255 2690 2327 κλήσεις
2727 2253 2862 2325 πρὸς
2901 2251 2963 2306 τὸ
2993 2253 3128 2307 αύτδ
3179 2252 3569 2324 σημαινόμενον
3597 2267 3734 2304 συν-

2169 2348 2382 2411 ιούσας
2406 2349 2482 2410 ὡς
2512 2347 2604 2399 ἐπὶ
2641 2345 2738 2398 τοῦ
2765 2343 2968 2415 χρυσοῦ
3009 2343 3222 2402 καὶτοῦ
3284 2343 3451 2412 πυρὸς
3479 2343 3571 2400 καὶ
3617 2341 3738 2394 τῶν

2169 2439 2572 2512 παραπλησίων
2603 2437 2784 2510 ῥᾴδιόν
2813 2438 2928 2491 ἐστι
2955 2435 3219 2491 κατιδεῖν.
3252 2437 3362 2495 Καὶ
3406 2434 3509 2492 κᾶν
3541 2433 3741 2505 πειρά-

2171 2530 2316 2588 σοιτό
2345 2547 2429 2593 τις
2453 2527 2551 2584 ἀνθ
2560 2529 2761 2600 ρώπων
2792 2528 3162 2598 ἀντονομάσαι
3200 2543 3254 2580 τι
3279 2525 3390 2580 τῶν
3415 2523 3732 2594 γεγονότων.

2168 2621 2372 2692 ἥκιστα
2415 2621 2708 2692 δυνήσεται
2770 2619 3106 2692 μεταϐαλεῖν
3155 2618 3256 2689 τὴν
3307 2616 3554 2688 ἀρχῆθεν
3597 2614 3734 2683 αὐτῷ

2170 2713 2323 2783 παρὰ
2344 2712 2441 2766 τοῦ
2485 2711 2833 2783 Δημιουργού
2862 2711 3156 2781 δεδομένην
3169 2707 3495 2780 ὀνομασίαν,
3527 2707 3602 2771 ὡς
3625 2705 3742 2776 30t-

2169 2807 2285 2860 τιόν
2312 2823 2366 2858 τι
2391 2805 2553 2874 δῆθεν
2583 2805 2902 2874 ἐπινοήσας.
2930 2803 3116 2872 Ἔγνω
3153 2801 3265 2874 γὰρ
3320 2804 3351 2856 ό
3379 2797 3744 2870 Δημιουργος,

2169 2898 2246 2962 ὼς
2278 2896 2553 2967 φιλόδοξον
2583 2897 2678 2952 καὶ
2703 2896 3013 2966 φιλόνεικον
3038 2894 3178 2959 ζῶον
3203 2896 3231 2946 ὀ
3257 2891 3357 2950 ἄνθ
3367 2909 3549 2964 ρωπος
3571 2891 3747 2953 ἔσται,

2171 2992 2268 3046 καὶ
2289 2990 2494 3064 πολλὴν
2529 2989 2767 3060 ἅμιλλαν
2794 2989 2980 3058 ἕξουσι
3010 2987 3150 3059 πρὸς
3185 2985 3457 3056 ἀλλήλους
3483 2986 3578 3038 ἐπὶ
3625 3001 3747 3038 και-

496 3072 725 3129 iortiore
761 3086 926 3142 super
965 3085 1045 3136 se,
1080 3088 1103 3130 ι,
1146 3069 1201 3124 id
1235 3077 1343 3134 est,
1386 3081 1733 3140 nequaquam
1784 3067 1832 3124 is
1870 3067 2071 3136 poterit

2173 3084 2408 3155 νοτέρων
2429 3083 2713 3154 ὀνομάτων
2740 3082 3050 3155 εὑρέσεσιν.
3095 3079 3240 3134 Ἀλλ’
3267 3099 3287 3131 ι
3311 3078 3436 3132 οὐδὲ
3463 3077 3752 3147 δυνήσεται

497 3163 760 3220 certando
821 3179 947 3219 cum
1011 3161 1422 3232 sapientissimo
1479 3167 1642 3229 atque
1699 3159 2076 3228 omnipotente

500 3269 684 3310 rerum
716 3253 966 3308 omnium
989 3249 1290 3306 Conditore
1314 3248 1510 3307 melius
1539 3248 1841 3318 quidquam
1873 3255 2076 3301 extun-

498 3347 630 3412 dere
652 3355 708 3399 ct
735 3343 910 3412 magis
951 3339 1425 3397 accommodatum
1461 3357 1477 3394 :
1511 3339 1606 3395 sed
1636 3336 2077 3408 unum‘proiecto

501 3435 638 3490 illud
676 3434 868 3489 multis
915 3432 1262 3500 diversisque
1309 3433 1363 3484 in
1407 3429 1759 3494 sermonibus
1802 3429 2076 3486 variarum

500 3527 684 3584 omnis
715 3525 933 3596 generis
976 3522 1396 3591 cogitationum,
1436 3521 1532 3592 qui
1578 3521 1680 3576 hoc
1713 3519 1942 3584 faciunt,
1988 3535 2080 3576 as-

503 3617 682 3676 secuti
708 3617 1020 3680 videantur,
1057 3625 1118 3670 ut
1144 3615 1444 3670 vanitatem
1477 3629 1632 3669 suam
1663 3623 1922 3684 augeant,
1951 3622 2008 3669 et
2045 3629 2077 3668 a

500 3710 730 3764 veritate
773 3723 838 3764 ac
879 3716 1077 3763 natura
1123 3721 1308 3762 rerum
1343 3707 1810 3776 aberrentzquod
1857 3705 2078 3776 sapiens

503 3801 864 3858 Ecclesiastes
922 3799 1258 3866 declaravit,
1319 3813 1446 3854 cum
1492 3798 1675 3853 dixit:
1714 3817 1733 3848 ι
1763 3795 1903 3868 Quia
1952 3811 2080 3862 sunt

502 3892 666 3948 verba
705 3893 877 3950 multa
909 3891 1335 3962 multiplicantia
1361 3889 1684 3946 vanitatem.
1719 3907 1740 3940 ι

577 4087 714 4141 Dum
739 4086 887 4142 enim
927 4083 1083 4138 multi
1115 4083 1260 4139 inter
1289 4095 1349 4137 se
1391 4079 1753 4142 contendunt,
1784 4086 1840 4132 et
1867 4076 2082 4148 linguas

505 4178 746 4249 litigiosa
783 4176 1155 4245 disputatione
1194 4179 1502 4236 exacuunt,
1553 4178 1614 4226 ut
1663 4167 2080 4238 appellationem

507 4271 747 4340 aliquam
787 4267 965 4338 magis
1015 4281 1211 4332 novam
1262 4265 1548 4334 imponant
1594 4262 1782 4325 rebus,
1833 4260 2084 4332 sequitur

506 4358 842 4423 necessario,
875 4369 934 4412 ut
977 4373 1008 4413 a
1057 4354 1405 4415 convenienti
1450 4352 1680 4408 veritate
1707 4351 2076 4415 deﬂectentes,

506 4452 616 4506 vim
648 4419 897 4523 magnam
945 4449 1210 4503 inducant
1244 4444 1508 4516 falsarum
1556 4443 1880 4514 opinionum
1913 4457 2082 4498 vano-
2111 4419 2156 4474 D

508 4558 744 4616 rumque
791 4549 1252 4604 commentorum,
1290 4544 1342 4592 et
1373 4535 1430 4592 in
1481 4544 1764 4606 peccatum
1804 4536 2088 4606 prolaben-

509 4647 618 4706 tur.
664 4633 824 4701 Quod
874 4631 1171 4702 designans
1219 4635 1569 4683 externorum
1600 4643 1820 4699 quoque
1846 4628 2088 4700 philoso-

507 4727 743 4797 phorum
797 4725 1054 4794 princeps
1117 4720 1198 4774 sic
1255 4718 1333 4772 ait
1387 4735 1402 4771 :
1451 4736 1469 4768 ‹
1511 4715 1748 4774 Dctinire
1798 4729 1987 4777 autem
2035 4727 2091 4776 et

505 4822 732 4886 peccata
770 4819 1006 4883 oportet,
1051 4823 1175 4880 qua:
1213 4807 1266 4864 itt
1304 4807 1662 4880 problematis
1697 4810 2086 4876 admittuntur,

505 4919 561 4971 et
614 4905 830 4980 gemina
886 4910 1048 4966 sunt;
1084 4916 1208 4955 cum
1263 4915 1456 4971 nempe
1488 4901 1615 4972 quis
1658 4902 1922 4960 mentitur
1954 4921 1966 4959 :
1993 4905 2082 4962 vel

506 5014 632 5054 cum
697 5012 728 5050 a
785 5003 1008 5064 recepto
1065 4991 1334 5058 vocabulo
1374 4993 1654 5052 discedit:
1688 5003 1796 5050 tam
1849 4997 1998 5052 enim
2045 4997 2082 5052 ii

507 5095 760 5159 peccant,
813 5085 907 5156 qui
959 5085 1301 5159 mentiuntur
1335 5095 1427 5142 :et
1460 5087 1607 5158 quod
1656 5103 1764 5143 non
1815 5097 1918 5155 est,
1964 5105 2090 5147 esse

582 5324 696 5394 (Π)
731 5321 916 5380 Placet
941 5323 1186 5378 Amatne
1211 5321 1587 5394 interpretatio
1618 5337 1630 5373 :
1665 5339 1683 5372 ι
1716 5319 2094 5394 Quodcunque

506 5390 614 5462 est,
649 5390 762 5463 jam
788 5403 1041 5449 vocatum
1078 5401 1165 5449 est
1189 5390 1392 5463 nomen
1430 5390 1584 5463 ejus,
1617 5399 1667 5444 et
1699 5401 1916 5445 constat
1945 5390 2091 5460 quod

509 5459 816 5528 sit'liomo,
863 5473 917 5520 et
962 5478 1074 5518 non
1109 5459 1684 5532 poteritcontendere
1715 5475 1840 5532 cum
1877 5459 2091 5532 eoiqqui

508 5537 706 5593 fortior
737 5545 822 5591 est
854 5551 950 5598 se;
991 5553 1018 5599 ι,
1054 5529 1221 5602 quam
1253 5530 1490 5602 subinde
1517 5530 1599 5602 sic
1619 5530 1876 5599 explicat.
1917 5548 1935 5581 ι
1963 5529 2092 5589 van

511 5608 802 5671 ostendere
834 5600 1136 5661 vanitatem
1175 5600 1416 5671 hominis
1444 5600 1514 5671 ab
1541 5601 1660 5670 ipsa
1690 5602 1970 5671 notatione
1995 5618 2092 5654 vo-

517 5669 614 5741 cis.
653 5678 730 5729 Ac
760 5675 1038 5742 praemittit
1061 5670 1312 5740 generale
1332 5669 1486 5739 quid,
1517 5669 1784 5740 quidquid
1803 5679 1890 5742 est
1920 5671 1972 5724 itt
2001 5688 2089 5724 νος

519 5763 641 5815 tum
701 5740 913 5809 natura,
976 5741 1138 5796 habet
1184 5755 1343 5794 suum
1393 5754 1612 5807 nomen,
1645 5740 1950 5810 etquidem
1985 5742 2090 5797 tale

2176 3178 2334 3248 φησι,
2360 3176 2457 3231 τοῦ
2497 3175 2761 3248 κριθῆναι
2795 3173 2936 3246 μετὰ
2965 3173 3060 3228 τοῦ
3091 3171 3452 3242 ἰσχυροτέρου
3501 3169 3644 3240 ὑπὲρ
3665 3168 3753 3221 αὺ-

2173 3269 2288 3332 τὸν,
2327 3287 2346 3322 ι
2379 3268 2654 3332 τουτέστι,
2684 3265 2938 3338 οὐδαμῶς
2960 3265 3240 3336 ἑξισχύσει
3270 3262 3346 3334 τῷ
3373 3261 3638 3330 πανσὸφῳ
3662 3260 3754 3312 καὶ

2177 3361 2478 3415 πανσθενεῖ
2533 3359 2866 3431 Δημιουργῷ
2905 3357 3016 3412 τῶν
3063 3357 3324 3414 ἁπάντων
3377 3352 3754 3424 ἁμιλλώμενος

2176 3450 2400 3520 ἄμεινόν
2433 3469 2486 3503 τι
2517 3451 2709 3520 νοῆσαι
2732 3449 2830 3504 καὶ
2867 3450 3319 3520 προσφυέστερον
3343 3463 3359 3479 θ
3391 3446 3507 3500 ἀλλ’
3538 3445 3574 3514 ἢ
3593 3445 3754 3515 μόνον

2176 3547 2237 3599 ὲν
2264 3545 2378 3607 τοῖς
2407 3543 2627 3606 πολλοῖς
2657 3543 2752 3597 καὶ
2780 3542 3061 3612 διαφόροις
3115 3540 3298 3610 λόγοις
3330 3539 3439 3592 τῶν
3491 3536 3755 3591 ποικίλων

2177 3634 2274 3690 καὶ
2302 3632 2665 3688 παντοδαπῶν
2697 3633 3012 3704 νοημάτων,
3043 3633 3098 3686 οι
3150 3630 3314 3685 τοῦτο
3357 3630 3598 3702 δρῶντες
3655 3643 3754 3695 μαι

2177 3724 2439 3791 ταιὸτητα
2515 3721 2888 3791 πληθύνοντες
2934 3718 3353 3791 εὑρεθήσονται,
3419 3715 3753 3786 καταψευδό-

2181 3831 2334 3883 μενοι
2346 3813 2446 3884 τῆς
2467 3813 2727 3884 ἀληθείας
2749 3813 2845 3867 καὶ
2867 3812 2970 3882 τῆς
2996 3811 3214 3880 φύσεως
3235 3810 3346 3864 τῶν
3373 3808 3745 3880 πραγμάτων

2177 3904 2315 3974 ὅπερ
2339 3903 2547 3972 ὀσοφδς
2574 3903 2848 3974 ἐδήλωσεν
2879 3899 3314 3972 Ἐκκλησιαστὴς
3339 3897 3510 3953 εἰπών
3533 3913 3550 3930 ο
3581 3916 3602 3950 ι
3633 3897 3754 3950 Ὀτι

2180 3993 2288 4054 εἰσὶ
2315 3992 2465 4060 λόγοι
2502 3992 2690 4047 πολλοὶ
2721 3990 3089 4062 πληθύνοντες
3120 3989 3485 4062 ματαιότητα.
3530 4006 3550 4040 ι

2252 4083 2475 4140 Πολλῶν
2501 4083 2612 4157 γὰρ
2637 4081 3032 4156 ἁμιλλωμένων
3058 4081 3314 4152 ἀλλήλοις
3343 4080 3439 4135 καὶ
3458 4080 3559 4144 τὰς
3585 4076 3755 4148 γλώτ-

2181 4193 2282 4242 τας
2316 4175 2612 4250 ἐριστικῶς
2643 4174 3079 4246 παραθηγόντων
3111 4173 3250 4245 πρὸς
3281 4170 3572 4243 ἐξεύρεσιν
3627 4186 3754 4225 και-

2184 4267 2413 4340 νοτέρας
2443 4267 2588 4330 τινὸς
2627 4265 2924 4337 ὀνομασίας
2977 4265 3072 4318 ἐπὶ
3116 4266 3232 4327 τοῖς
3284 4263 3629 4334 πράγμασιν,
3699 4257 3754 4322 ἐξ

2186 4357 2437 4428 ἀνάγκης
2474 4357 2674 4412 ἕπεται
2701 4358 2804 4426 τῆς
2833 4351 3150 4426 προσφυοῦς
3176 4350 3438 4423 ἀληθείας
3463 4348 3755 4421 παρέγκλι-

2185 4449 2392 4504 νόντων
2427 4447 2645 4520 ψευδῶν
2679 4446 3004 4518 ὑπολήψεων
3059 4446 3154 4498 καὶ
3182 4441 3590 4515 ματαιολογιῶν
3630 4457 3754 4496 συν-

2186 4537 2343 4607 άγειν
2397 4535 2596 4600 αὐτοὺς
2665 4535 2758 4590 τὸν
2807 4534 3000 4606 ἐσμὸν,
3057 4535 3155 4588 καὶ
3201 4531 3640 4588 κατολισθαίνειν
3682 4532 3754 4594 εἰς

2185 4627 2469 4701 ἁμαρτίαν
2491 4646 2508 4660 θ
2529 4629 2670 4699 ὅπερ
2701 4627 2988 4699 σημαίνων
3016 4626 3113 4682 καὶ
3167 4624 3278 4680 τῶν
3325 4624 3562 4697 θύραθεν
3609 4625 3756 4694 φιλο·

2187 4720 2371 4788 σόφων
2395 4721 2425 4774 ό
2451 4721 2749 4791 κορυφαῖος
2768 4715 2914 4771 οὓτω
2944 4717 3116 4788 φησί’
3143 4735 3165 4768 ‹
3192 4714 3546 4788 Διορίσασθαι
3589 4715 3646 4768 δὲ
3685 4713 3760 4768 δεῖ

2188 4811 2410 4876 καὶτὰς
2446 4811 2724 4883 ἁμαρτίας
2751 4810 2852 4875 τάς
2876 4812 2935 4864 ὲν
2965 4810 3083 4873 τοῖς
3119 4807 3527 4882 προϐλήμασιν,
3569 4808 3650 4861 ὅτι
3697 4805 3760 4857 sl-

2191 4907 2245 4960 σὶ
2275 4907 2474 4972 διτταὶ,
2510 4905 2544 4978 ἢ
2577 4904 2656 4976 τῷ
2677 4905 2997 4976 ψεύδεσθαι,
3033 4905 3070 4976 ἦ
3097 4903 3175 4974 τῷ
3227 4901 3596 4974 παραϐαίνειν
3649 4913 3758 4957 κει-

2194 4999 2364 5070 μένην
2395 4996 2560 5063 λέξιν.
2592 4998 2736 5051 οἵτε
2764 4996 2876 5068 γὰρ
2905 4994 3230 5066 ψευδόμενοι
3268 4995 3366 5050 καὶ
3396 4992 3457 5048 τὸ
3481 4991 3558 5064 μὴ
3589 4991 3755 5058 ύπάρη

2187 5108 2284 5164 χον
2321 5090 2595 5163 ὑπάρχειν
2617 5091 2726 5144 τινὶ
2751 5088 3004 5159 λέγοντες
3025 5085 3429 5158 ἁμαρτάνουσι,
3455 5083 3550 5145 καὶ
3569 5081 3624 5135 οἱ
3655 5081 3755 5140 τοῖς

2194 5339 2420 5396 nomen.
2453 5328 2598 5396 quod
2631 5327 2752 5395 ejus
2781 5333 3032 5396 naturam
3068 5322 3347 5396 exprimit.
3379 5321 3458 5396 Ac
3481 5319 3605 5396 talia
3638 5329 3755 5396 sunt

2193 5395 2414 5450 nomina
2450 5390 2714 5451 llebraiea
2748 5395 2937 5451 bestiis
2969 5405 3025 5449 et
3060 5390 3220 5464 rebus
3259 5390 3590 5464 singulis_ab
3623 5390 3755 5464 Ada-

2192 5480 2284 5519 mo
2322 5467 2582 5521 instinctu
2637 5465 2729 5521 Dei
2777 5465 2968 5520 indita.
3013 5462 3174 5528 (Gen.
3207 5478 3268 5529 tt,
3309 5458 3420 5530 l9.)
3483 5458 3540 5513 Si
3584 5458 3754 5530 omnia

2192 5537 2307 5591 suis
2339 5537 2567 5591 vocibus
2606 5546 2733 5592 sunt
2761 5535 3040 5604 insignita,
3081 5528 3260 5588 etiam
3287 5528 3451 5585 homo
3478 5545 3636 5584 suam
3667 5528 3753 5604 Ιιρτ

2190 5606 2338 5661 bebit
2359 5623 2374 5672 ;
2397 5607 2511 5675 jam
2538 5615 2726 5662 notum
2759 5615 2842 5660 est
2871 5592 3244 5675 illud'notnen
3286 5615 3418 5675 e_sse_
3445 5609 3566 5675 pm
3585 5637 3600 5664 ,
3629 5592 3752 5670 quin!

2189 5677 2257 5731 sit
2279 5669 2508 5747 ex'luto,
2543 5686 2590 5730 et
2625 5692 2726 5730 non
2759 5675 2919 5741 Deus,
2953 5675 3026 5730 ait
3057 5673 3278 5728 Salonio
3307 5669 3482 5725 Jarhi.
3519 5688 3537 5721 ι
