4076 6310
288 315 390 378 989

1357 321 1438 382 IN
1465 321 2054 389 ECCLESIASTEN.
2082 329 2323 392 —LIB.
2357 331 2456 394 VI.

3446 335 3551 401 930

287 430 568 499 κατάγαγε
597 429 840 501 δάκρυα,
877 449 896 481 ›
933 431 1068 502 φησι
1115 449 1218 486 που
1255 434 1318 488 τὺ
1349 435 1537 508 λόγιον
1565 441 1670 510 τῆς
1715 441 1864 503 θείας

1970 457 2035 500 ac
2097 445 2425 514 pmnitentia
2488 445 2703 502 veniam
2760 445 2923 520 166
2981 461 3174 503 eorum
3233 449 3550 522 efﬂagitant,

284 521 512 594 Γραφῆς
551 539 565 554 ο
600 523 634 594 ἢ
665 523 777 577 τῶν
808 523 903 576 ἐπὶ
925 527 1046 589 ταῖς
1080 524 1242 590 ἰδίαις
1273 527 1576 600 ἁμαρτίαις
1611 530 1870 603 θρηνούν-

282 633 414 685 των,
447 617 542 670 καὶ
587 616 677 672 διὰ
716 620 816 689 τῆς
853 617 1266 688 ὲξαγορεύσεως
1313 621 1408 675 καὶ
1445 621 1546 692 τῆς
1573 623 1868 693 μετανοίας

280 709 382 782 τὴν
427 708 780 781 συγχώρησιν
809 711 990 765 αὐτῶν
1029 709 1420 776 ὲξαιτούντων·
1453 712 1570 767 ἀλλ’
1603 715 1728 784 οὐχὶ
1754 714 1868 768 τῶν

281 800 378 854 ἐπὶ
419 803 543 864 ταῖς
583 800 902 872 δυστυχίαις
939 801 1046 856 τῶν
1095 803 1416 874 ἐμπορικῶν
1459 803 1864 876 ὕποθέσεων,ῆ

280 894 403 956 ταῖς
429 892 764 960 ἀποτεύξεσι
793 892 906 946 τῶν
935 893 1297 964 ἀνθρωπίνων
1342 894 1526 966 ἀρχῶν
1575 897 1671 950 καλ⁵
1709 895 1862 952 δυνα-

282 983 478 1038 στειῶν
542 985 639 1039 καὶ
674 985 864 1050 δοξῶν.
909 985 1033 1040 Τῶν
1071 986 1179 1058 γὰρ
1223 985 1486 1041 τοιούτων
1517 988 1547 1041 ὁ
1586 983 1736 1052 οἶκος
1765 989 1868 1044 οὐκ

279 1076 489 1144 ἀγαθὸς
515 1116 530 1143 ,
559 1077 665 1131 κᾶν
705 1077 922 1148 πλήρης
949 1076 1278 1148 ὀλοφυρμῶν
1303 1078 1554 1149 εὑρεθείη
1601 1079 1698 1134 καὶ
1741 1079 1870 1132 πένο

279 1165 408 1230 θους
429 1182 446 1198 ·
477 1167 575 1220 ἆτε
600 1167 666 1238 δὴ
693 1167 756 1221 τδ
801 1167 995 1230 πένθος
1027 1168 1124 1222 καὶ
1155 1167 1218 1222 τὺ
1247 1167 1445 1241 θρῆνος
1481 1170 1584 1224 οὐκ
1613 1171 1708 1225 ἐπὶ
1745 1174 1869 1235 ταῖς

279 1257 516 1322 ἐννοίαις
558 1260 657 1312 καὶ
701 1262 822 1323 ταῖς
851 1259 1072 1328 ἐφέσεσι
1112 1260 1223 1314 τῶν
1253 1261 1584 1332 κρειττόνων
1623 1265 1720 1316 καὶ
1757 1263 1868 1318 τῶν

278 1344 658 1418 ἐλπιζομένων
701 1348 923 1417 ἀγαθῶν
964 1351 1024 1403 ὲν
1063 1353 1130 1422 τῇ
1176 1349 1426 1424 βασιλείᾳ
1466 1351 1575 1406 τῶν
1617 1354 1868 1424 οὐρανῶν

277 1439 646 1508 ποιουμένων,
695 1440 812 1494 ἀλλ’
852 1441 1094 1512 ἔμπαλιν
1141 1446 1200 1496 ὲν
1245 1446 1313 1515 τῇ
1363 1443 1592 1516 ζητήσει
1624 1445 1736 1498 τῶν
1774 1446 1868 1499 ἀν-

277 1523 574 1595 θρωπίνων
621 1529 719 1583 καὶ
770 1530 1128 1603 προσκαίρων
1173 1531 1269 1585 καὶ
1323 1533 1730 1606 φθειρομένων,
1769 1538 1867 1590 καὶ

275 1616 383 1686 τῆς
409 1617 689 1689 ἁμαρτίας
710 1619 787 1682 ὡς
811 1620 1017 1674 ἐπίπαν
1041 1623 1367 1693 ποιητικῶν.

350 1709 522 1763 Τοῦτο
570 1711 678 1781 γὰρ
717 1711 946 1782 ἔμπεδοί
988 1712 1060 1766 δι’
1109 1707 1186 1767 ὧν
1225 1709 1384 1767 εἶπεν
1425 1715 1684 1785 ἀμέσωςο
1728 1717 1862 1787 φησὶ

1969 553 2318 609 nequaquam
2352 553 2484 596 vero
2509 539 2578 596 ab
2603 539 2672 596 iis
2692 579 2707 605 ,
2743 541 2840 610 qui
2883 541 2951 597 de
2989 541 3216 596 adversa
3247 541 3464 600 fortuna
3497 555 3552 607 et

1969 629 2236 685 mercium
2289 629 2505 701 jactura
2556 641 2906 702 queruntur,
2976 640 3072 686 aut
3121 633 3189 689 de
3233 634 3550 694 interversis

1967 721 2382 792 magistratibus
2403 733 2458 778 et
2478 723 2856 779 dominatione
2877 733 3041 794 atque
3063 724 3236 795 gloria
3264 726 3550 796 subrepta,

1967 811 2176 869 Horum
2208 813 2353 868 enim
2383 813 2581 870 domus
2614 831 2726 870 non
2761 815 2928 882 bona,
2959 815 3324 874 lamentorum
3355 834 3552 888 quam-

1966 903 2051 960 vis
2103 904 2262 974 plena
2309 905 2624 961 inveniatur
2672 915 2836 976 atque
2887 907 3111 964 luctus:
3149 909 3350 978 quippe
3403 911 3548 981 quod

1967 996 2148 1052 luctus
2182 995 2276 1052 ille
2303 1005 2358 1051 et
2399 1002 2640 1052 lamenta
2688 1012 2796 1052 non
2838 1012 3034 1052 eorum
3074 1008 3223 1062 sunt,
3263 1000 3359 1070 qui
3401 1002 3551 1072 cogi-

1967 1087 2082 1143 tent
2111 1099 2164 1143 et
2191 1087 2508 1144 desiderent
2557 1089 2773 1158 potiora
2799 1104 2864 1145 ea
2907 1089 3072 1153 bona,
3113 1106 3237 1160 quae
3277 1092 3331 1146 in
3383 1093 3550 1149 coelo-

1966 1195 2089 1234 rum
2154 1194 2324 1252 rcgno
2386 1181 2738 1250 sperantibus
2798 1181 3137 1248 obveniunt,
3196 1185 3290 1240 sed
3351 1200 3546 1240 eorum

1912 1322 1918 1327 .
1969 1271 2192 1338 potius,
2247 1270 2342 1340 qui
2397 1271 2639 1326 humana
2695 1279 2951 1340 quaerunt
3002 1280 3058 1325 et
3117 1276 3442 1344 temporaria
3493 1289 3548 1331 et

1967 1360 2172 1415 caduca
2204 1399 2222 1425 ,
2295 1361 2443 1418 unde
2511 1362 2780 1433 originem
2848 1355 3203 1434 plerumque'
3259 1377 3543 1436 peccatum

1965 1449 2137 1507 ducit.

2037 1707 2172 1763 Nam
2210 1707 2315 1764 hoc
2355 1707 2446 1762 ille
2483 1706 2774 1763 conﬁrmat
2805 1707 2896 1774 iis,
2931 1723 3059 1778 quae
3107 1715 3362 1778 protinus
3411 1710 3547 1766 sub-

273 1801 410 1872 γὰρ,
445 1820 464 1854 ι
514 1802 656 1856 Καθ’
709 1803 794 1857 ὅτι
836 1803 996 1858 τοῦτο
1036 1804 1191 1868 τέλος
1235 1806 1438 1870 παντὸς
1483 1806 1798 1878 ἀνθρώπου.
1835 1826 1854 1860 ι

1963 1801 2132 1874 iecit;
2173 1801 2250 1855 ait
2293 1799 2438 1855 enim
2477 1817 2491 1853 :
2534 1816 2568 1850 ι.
2611 1797 2691 1854 Eo
2739 1800 2886 1869 quod
2931 1798 3024 1855 hic
3067 1811 3151 1854 εει
3189 1800 3312 1854 linis
3359 1801 3543 1856 omnis

273 1893 472 1957 T0610,
524 1896 711 1960 ποίους
756 1889 833 1946 Ἦ
881 1893 1126 1965 δηλονότι
1173 1895 1234 1949 τὸ
1278 1895 1541 1968 τελευτᾷν
1591 1899 1684 1951 καὶ
1731 1898 1862 1970 θνή-

276 1997 470 2035 σκεινο
515 1982 605 2050 ἐφ’
643 1975 689 2050 ᾧ
737 1981 831 2034 κοιλ⁸
873 1983 974 2054 τὴν
1025 1982 1262 2054 μελέτην
1311 1985 1410 2054 τῆς
1444 1983 1676 2055 καρδίας
1713 1983 1862 2054 ἔχειν

275 2072 572 2143 ὀφείλομεν
597 2072 858 2140 ἅπαντες,
898 2071 1138 2128 θανάτου
1167 2073 1405 2146 μελέτην
1438 2073 1532 2128 τὸν
1563 2075 1695 2128 ίδιον
1733 2075 1859 2128 ὲπι-

272 2164 621 2234 δεικνύμενοι
657 2163 773 2234 βίον
794 2181 811 2198 ο
844 2164 878 2236 ἦ
901 2163 963 2218 τὸ
993 2163 1431 2234 μεταγινώσκειν
1457 2166 1553 2219 καὶ
1577 2168 1860 2237 μετανοεῖν

274 2253 374 2307 καὶ
418 2253 630 2330 κλαίειν
659 2254 754 2310 ἐπὶ
793 2258 915 2320 ταῖς
945 2256 1246 2328 ἁμαρτίαις
1273 2257 1306 2328 ἠ
1316 2255 1453 2326 μῶν.
1485 2255 1586 2310 Διὰ
1614 2257 1722 2328 γὰρ
1751 2257 1860 2310 τῶν

274 2344 520 2415 συνεχῶν
563 2345 661 2398 καὶ
705 2345 949 2416 δαψιλῶν
989 2345 1266 2416 δακρύων,
1307 2345 1383 2409 ὡς
1431 2347 1490 2400 ὲν
1519 2345 1733 2418 λουτρῷ
1767 2349 1861 2400 τὸν

274 2435 546 2506 σαρκικδν
569 2437 1019 2509 ἀποκαθαίρομεν
1055 2435 1248 2509 ῥύπον,
1279 2436 1453 2500 οὕτως
1482 2437 1861 2509 ἀπολουόμεθα

274 2527 498 2590 καὶτὰς
538 2529 779 2600 ψυχικὰς
808 2529 1196 2600 ἀποπλύνομεν
1223 2529 1448 2600 κηλίδας
1487 2530 1580 2582 καὶ
1621 2529 1862 2600 βεϐηλὼ-

282 2635 416 2682 σεις.
467 2619 563 2673 Ἐκ
589 2619 648 2674 δὲ
676 2619 772 2674 106
807 2623 1145 2694 προσφοιτᾷν
1184 2623 1263 2684 είς
1296 2619 1389 2674 τὸν
1411 2616 1563 2676 οῐκον
1593 2621 1690 2674 τοῦ
1731 2623 1862 2677 πέν-

275 2709 404 2774 θους
473 2709 835 2778 προσγίνεται
902 2709 984 2780 τῷ
1040 2709 1444 2781 προσφοιτῶντι
1512 2711 1861 2780 κατανύξεως

277 2799 502 2872 ἀφορμὴ
536 2802 636 2856 καὶ
662 2802 942 2874 πρόφασις
973 2802 1269 2876 μετανοίας
1290 2843 1304 2868 ,
1335 2802 1421 2872 ἐφ’
1449 2797 1530 2868 οἷς
1569 2804 1860 2876 ἐπλημμέ-

277 2891 412 2960 λησε
431 2909 446 2923 ·
477 2891 774 2946 κάντεῦθεν
805 2891 1164 2965 παρεκκλίνει
1197 2893 1298 2964 μὲν
1317 2893 1430 2948 τῶν
1460 2895 1746 2966 χειρόνων,
1763 2897 1861 2951 καὶ

283 2981 688 3056 μεταϐέϐληται
741 2985 880 3054 πρὸς
925 2985 1026 3054 τὴν
1078 2983 1282 3057 πρᾶξιν
1329 2985 1442 3042 τῶν
1491 2987 1718 3057 ἀγαθῶν
1762 2991 1860 3044 καὶ

277 3065 623 3149 κρειττόνων.
660 3073 870 3129 Τούτου
902 3075 1064 3147 χάριν
1099 3077 1351 3147 ἐπήγαγε
1377 3092 1389 3106 ·

1961 1893 2316 1948 ὴοωίηἱείη.»
2339 1891 2755 1961 Hic,inquit;at
2791 1891 2960 1962 quis?
2990 1891 3250 1948 nimirum
3283 1906 3544 1948 excessus

1959 1995 2012 2042 et
2059 2000 2210 2041 mors
2249 2003 2262 2038 :
2298 1983 2352 2039 in
2391 1998 2501 2054 qua
2548 1982 2736 2052 utique
2784 1984 3092 2053 reputanda
3130 1997 3321 2038 curam
3369 1981 3539 2036 animi

1961 2091 2166 2150 ponere
2211 2075 2498 2138 debemus,
2545 2082 2600 2129 et
2653 2073 2803 2130 hanc
2849 2075 2978 2128 vitae
3009 2083 3215 2130 nostrae
3262 2087 3538 2129 summam

1961 2179 2175 2244 putare,
2224 2177 2285 2225 ut
2325 2168 2714 2238 resipiscentcs
2753 2165 3126 2222 admissorum
3162 2165 3538 2236 paenitentiam

1963 2279 2213 2338 agamus,
2269 2270 2325 2316 et
2387 2269 2611 2331 peccata
2668 2269 2856 2315 nostra
2910 2258 3208 2328 plot-emus.
3257 2256 3540 2327 Perpetuis

1961 2354 2110 2412 enim
2136 2352 2505 2421 uberibusque
2533 2349 2817 2420 lacrymis,
2861 2347 3006 2404 sicut
3034 2347 3092 2404 in
3127 2347 3349 2402 lavacro
3379 2346 3541 2402 fmdi-

1964 2455 2102 2504 tates
2145 2444 2422 2500 abluimus
2451 2441 2722 2512 corporis,
2767 2441 2840 2495 ita
2891 2440 3138 2496 maculas
3185 2441 3384 2496 animae
3415 2453 3541 2494 sor.

1963 2537 2174 2606 desque
2203 2533 2559 2603 detergimus.
2593 2531 2831 2587 Adeunti
2871 2546 3037 2602 porro
3083 2531 3309 2588 domum
3357 2531 3534 2588 luctus

1963 2629 2022 2684 in
2053 2627 2172 2697 ipso
2209 2640 2438 2680 accessu
2475 2621 2832 2692 resipiscendi
2871 2636 3004 2676 ansa
3035 2622 3310 2692 praebetur
3339 2628 3396 2676 et
3423 2635 3542 2692 pm-

1963 2717 2208 2782 nitentize
2237 2715 2458 2772 occasio
2487 2730 2546 2770 se
2563 2713 2724 2770 offert
2748 2728 2914 2782 super
2945 2712 3036 2776 iis,
3062 2727 3185 2782 quae
3213 2711 3541 2782 deliquerit:

1964 2811 2150 2882 itaque
2190 2824 2250 2865 se
2288 2823 2321 2863 a
2359 2807 2538 2863 noxiis
2570 2804 2856 2870 avertitur,
2905 2813 2960 2860 et
2991 2805 3060 2860 ad
3097 2818 3160 2858 ea
3203 2793 3540 2873 praestanda,

1963 2919 2087 2974 qua:
2138 2903 2283 2958 bona
2329 2913 2394 2955 ac
2444 2899 2664 2970 potiora
2721 2903 2875 2963 sunt,
2932 2895 3260 2952 traducitur.
3310 2893 3425 2950 liac
3471 2891 3544 2958 de

1963 3009 2129 3053 causa
2163 2993 2366 3064 adjecit
2401 3011 2418 3046 :

1835 3239 1962 3312 sv.

346 3371 452 3424 Καὶ
486 3373 520 3424 ό
549 3369 662 3431 ζῶν
684 3371 865 3429 δώσει
887 3373 1120 3442 ἀγαθὸν
1145 3378 1234 3443 είς
1267 3380 1528 3446 καρδίαν
1555 3381 1768 3436 αὐτοῦ.

347 3463 654 3533 Μονονουχὶ⁵
680 3465 792 3532 γάρ
841 3481 1005 3533 φησιν
1031 3482 1044 3494 °
1083 3465 1254 3521 Ὅταν
1299 3469 1380 3532 είς
1429 3469 1520 3524 τὸν
1567 3465 1718 3525 οἷκον
1763 3471 1860 3524 τοῦ

279 3551 513 3616 πένθους
559 3553 804 3624 πορευθῇ
836 3555 931 3606 καὶ
968 3555 1078 3607 τῶν
1108 3556 1434 3627 ὀλοφυρμῶν
1469 3560 1566 3612 καὶ
1612 3559 1864 3614 κοπετῶν

277 3650 307 3699 ὁ
339 3645 446 3707 ζῶν
477 3644 764 3713 ἄνθρωπος
798 3644 1010 3719 ἀκούσῃ
1053 3647 1164 3702 τῶν
1209 3649 1492 3718 συγγενῶν
1536 3652 1632 3704 καὶ
1668 3652 1861 3722 φίλων,

285 3732 772 3805 συνδιατεθήσεται
803 3737 1026 3800 πάντως
1066 3740 1189 3804 ταῖς
1221 3739 1374 3808 σφῶν
1419 3739 1728 3810 διαθέσεσι,
1769 3743 1867 3796 καὶ

283 3824 423 3896 πρὸς
470 3823 749 3896 κλαυθμὸν
796 3827 892 3880 καὶ
941 3827 1158 3900 δάκρυα
1213 3829 1462 3901 κινηθεὶς
1515 3831 1598 3896 είς
1651 3831 1868 3900 ἀγαθὰς

283 3916 492 3980 ἐννοίας
520 3917 808 3988 προελθεῖν
838 3919 1263 3990 παρασκευάσει
1295 3921 1396 3994 τὴν
1429 3921 1566 3976 ίδίαν
1591 3921 1824 3994 καρδίαν
1847 3939 1863 3954 ·

283 4009 378 4063 καὶ
411 4009 516 4064 κᾶν
563 4009 840 4080 ἁμαρτίας
870 4010 1124 4084 εὑρεθείη
1157 4013 1499 4086 πεποιηκὼς,
1537 4015 1866 4086 μετανοήσει

284 4099 507 4163 πάντως
531 4140 546 4163 ,
579 4101 676 4157 καὶ
707 4100 776 4154 δι’
805 4099 1224 4173 ὲξαγορεύσεως
1277 4105 1374 4166 καὶ
1400 4103 1661 4175 δαψιλοῦς
1707 4105 1866 4177 ἐλεη-

289 4189 530 4260 μοσύνης
556 4190 658 4262 τὴν
687 4191 1045 4265 συγχώρησιν
1075 4193 1256 4248 αὐτῶν
1297 4195 1488 4249 λαϐεῖν
1519 4195 1864 4268 ἐπιζητήσει,

286 4282 460 4350 λέγων
491 4285 632 4352 μετὰ
655 4280 750 4337 τοῦ
775 4283 1063 4358 προφήτου
1087 4285 1272 4352 Δαϐὶδ,
1303 4304 1324 4339 ι
1357 4285 1483 4340 Ὅτι
1511 4285 1609 4358 τὴν
1633 4285 1865 4356 ἀνομίαν

291 4391 394 4445 μου
459 4373 572 4443 ἐγὼ
640 4377 966 4446 ἁναγγελῶ,
1034 4376 1130 4432 καὶ
1190 4377 1513 4450 μεριμνήσω
1575 4378 1722 4448 ὑπὲρ
1765 4378 1866 4448 τῆς

289 4465 566 4535 ἁμαρτίας
604 4482 726 4538 μου.
760 4485 780 4520 ι
811 4466 933 4522 Κᾶν
971 4467 1286 4534 ὲξοιδαίνων
1319 4469 1438 4522 ἐστὶ
1465 4469 1563 4521 καὶ
1593 4467 1867 4540 φλεγμαί-

288 4573 396 4612 νων
456 4557 556 4628 τὴν
621 4559 884 4629 καρδίαν,
951 4561 1048 4613 καὶ
1113 4561 1533 4633 πεφυσιωμένος
1590 4563 1719 4627 τοὺς
1782 4563 1868 4617 10-

1948 3358 1954 3366 ‘
2033 3383 2106 3438 Et
2133 3382 2225 3452 qui
2255 3381 2402 3442 vivit,
2445 3376 2594 3430 dabit
2629 3375 2826 3429 bonum
2857 3371 2930 3427 ad
2958 3388 3050 3426 cor
3079 3387 3257 3425 suum.

2031 3472 2171 3528 Nam
2199 3472 2291 3527 hic
2325 3470 2619 3526 verborum
2663 3467 2861 3520 borum
2915 3478 3112 3520 sensus
3149 3471 3254 3528 est,
3309 3476 3435 3516 cum
3487 3461 3546 3517 in

1961 3565 2186 3621 domum
2231 3565 2416 3619 luctus
2459 3563 2650 3615 vivens
2673 3559 2976 3614 etiamnum
3008 3555 3176 3608 homo
3212 3552 3542 3622 pervenerit,

1963 3652 2149 3722 ibique
2172 3659 2534 3722 cognatorum
2565 3648 2723 3718 167
2749 3655 2914 3716 atque
2941 3645 3244 3698 amicorum
3271 3641 3429 3697 ﬂetus
3449 3657 3544 3712 ge-

1963 3745 2244 3814 mitusque
2271 3741 2532 3807 audierit,
2571 3739 2690 3794 fore
2729 3737 2980 3800 omnino,
3017 3743 3079 3790 ut
3115 3749 3306 3789 eorum
3354 3733 3546 3788 induat

1965 3831 2210 3904 allectus,
2249 3843 2303 3890 et
2337 3833 2404 3888 ad
2449 3844 2745 3887 mmrorem
2789 3843 2856 3882 ac
2897 3827 3168 3896 lacrymas
3209 3834 3540 3891 commotus,

1965 3928 2108 3984 seria
2140 3927 2359 3982 tandem
2401 3938 2467 3979 ac
2503 3929 2654 3978 recta
2687 3917 2942 3974 meditari
2983 3917 3229 3971 animum
3268 3915 3492 3970 inducat
3523 3933 3539 3970 :

1965 4029 2133 4091 atque
2157 4030 2220 4074 ut
2257 4026 2505 4088 peccata,
2533 4029 2656 4085 qua:
2683 4011 2990 4074 admiserit,
3031 4008 3353 4080 paenitentia
3384 4007 3551 4077 plana

1965 4109 2284 4171 detestetur,
2317 4106 2646 4175 veniamque
2679 4115 2870 4156 eorum
2907 4097 3256 4153 confessione
3279 4107 3338 4153 et
3369 4095 3546 4166 largis.

1964 4200 2192 4270 inopum
2251 4194 2516 4254 subsidiis
2575 4194 2870 4261 impetrare
2921 4188 3253 4254 contendat,
3319 4185 3548 4246 Davidis

1964 4291 2246 4363 prophetae
2271 4301 2547 4356 usurpans
2582 4282 2747 4338 verba
2777 4299 2792 4336 :
2835 4299 2854 4333 ι
2895 4278 3166 4346 Quoniam
3195 4277 3541 4348 iniquitatem

1966 4397 2144 4438 meam
2190 4395 2292 4452 ego
2347 4375 2712 4440 annuntiabo,
2765 4380 2821 4429 et
2871 4371 3126 4444 cogitabo
3177 4384 3277 4441 pro
3317 4379 3544 4440 peccato

1966 4487 2090 4528 meo
2113 4469 2184 4524 ⁸³.
2215 4487 2234 4521 ι
2281 4467 2435 4523 Ideni
2464 4467 2551 4522 vel
2584 4465 2632 4520 si
2665 4463 2908 4520 tumidus
2947 4462 3019 4518 sit
3045 4471 3099 4517 et
3131 4461 3316 4516 animo
3341 4460 3544 4530 elatus,

1967 4562 2337 4634 superbisque
2359 4569 2636 4616 assuetam
2663 4555 3087 4628 cogitationibus
3110 4563 3345 4612 mentem
3369 4561 3548 4624 gerat,

289 4647 523 4716 γισμοὺς
555 4646 634 4718 τῷ
681 4649 844 4704 πάθει
879 4650 978 4722 τῆς
1011 4651 1426 4724 ὑπερηφανείας
1466 4653 1694 4728 καὶτῆς
1731 4655 1864 4714 ἁλα-

1970 4665 2024 4712 et
2067 4653 2214 4713 fastu
2259 4652 2558 4707 insolenter
2603 4665 2666 4706 se
2703 4649 2906 4720 iactet,
2946 4649 3014 4704 ad
3056 4651 3322 4719 pudorem
3353 4658 3417 4699 ac
3446 4643 3544 4700 dea

359 4827 408 4860 ⁸³
441 4828 616 4886 Ecclc.
651 4847 748 4898 vn,
785 4833 851 4901 ,5.
928 4833 974 4866 ⁸³
1007 4831 1153 4888 Psal.
1197 4849 1383 4890 xxxvtl
1413 4875 1428 4899 ,
1467 4833 1560 4894 l‘J.

290 5041 472 5082 eorum
501 5025 830 5098 confessione
871 5035 922 5082 et
935 5027 1119 5098 largis
1166 5028 1383 5098 inopum
1411 5027 1661 5082 subsidiis
1702 5027 1870 5098 impe-

294 5104 434 5169 trare
481 5096 788 5169 contendat.
851 5117 872 5150 ι
930 5096 1667 5169 Εειόιιιειη⁷λὲξαγόρευσις
1724 5097 1867 5152 indi-

293 5165 443 5238 cium
491 5166 568 5238 rei
608 5181 862 5228 arcanae,
904 5176 964 5222 ut
1011 5167 1358 5238 grammatici
1403 5165 1714 5238 explicant,
1759 5183 1870 5236 quo

293 5236 564 5291 vocabulo
608 5247 824 5294 veteres
849 5236 1041 5295 Patres
1080 5238 1371 5292 salutarem
1409 5237 1704 5293 criminum
1738 5251 1869 5292 con-

293 5305 615 5377 fessionem,
653 5321 778 5376 quae
838 5307 1110 5364 sacerdoti
1173 5316 1388 5362 secreto
1443 5309 1541 5377 fit,
1577 5307 1868 5377 designare

295 5375 488 5429 soliti:
535 5375 850 5446 quanquam
899 5377 1146 5432 eamdem
1203 5377 1408 5446 passim
1476 5375 1868 5447 ἐξομολόγησιν

295 5459 514 5517 quoque
569 5447 866 5517 appellant.
917 5447 1186 5502 Caeterum
1250 5447 1379 5517 quia
1426 5456 1675 5516 utraque
1731 5461 1865 5517 voce

299 5514 383 5586 nsi
427 5514 754 5586 quandoque
797 5517 987 5577 Patres
1015 5525 1166 5586 sunt
1198 5514 1281 5586 adi
1313 5514 1644 5586 paenitentiae
1697 5516 1860 5572 etiam

299 5583 780 5656 signiﬁcationem,
812 5601 976 5656 quam
1006 5585 1116 5641 Deo
1145 5585 1200 5641 in
1228 5583 1705 5642 obsecrationibus
1733 5602 1863 5656 pro-

300 5654 762 5725 liceri-testarique
797 5654 1097 5725 debemus;
1144 5671 1245 5710 nec
1283 5657 1466 5712 minus
1504 5660 1568 5710 ad
1600 5654 1857 5712 arcanam

299 5730 352 5790 et
380 5724 684 5794 privatam,
714 5741 876 5794 quam
923 5724 1266 5782 manifestam
1315 5741 1376 5782 ac
1409 5727 1682 5808 publicam
1725 5743 1858 5797 con_~

1969 5029 2297 5096 fessionem,
2346 5044 2470 5100 quae
2517 5027 2835 5099 aliquandiu
2884 5027 2939 5082 in
2987 5025 3230 5082 Ecclesia
3276 5023 3550 5100 celebrata

1966 5109 2085 5174 est,
2128 5096 2475 5174 indicandam
2509 5114 2524 5153 :
2573 5096 2772 5153 niirum
2813 5105 2894 5152 est
2938 5105 3203 5174 quantum
3243 5096 3548 5174 allaboroent

1967 5165 2207 5225 haeretici
2241 5179 2464 5226 aetatum
2497 5178 2810 5230 nostrarum
2844 5165 2968 5222 cuni
3015 5183 3116 5222 suo
3147 5167 3242 5220 illo
3271 5165 3546 5218 Kenmitzo

1966 5249 2021 5294 et
2055 5239 2292 5314 Dallaeo,
2344 5239 2672 5314 ut__Patrum
2724 5239 3082 5296 auctoritates
3137 5237 3247 5290 alio
3297 5235 3540 5314 trahant,

1965 5311 2260 5384 ncc_ulla_m
2288 5325 2356 5365 ex
2395 5310 2462 5365 iis
2500 5309 2566 5384 ad
2615 5323 2873 5363 arcanam
2896 5322 3159 5384 unquam
3191 5315 3247 5360 et
3278 5309 3544 5384 privatam

1965 5380 2370 5454 confessionem
2404 5380 2680 5454 pertinere
2705 5380 3024 5454 concedant.
3067 5377 3122 5430 In
3155 5389 3387 5446 quorum
3415 5377 3546 5454 qui~

1972 5451 2094 5523 dem
2145 5447 2660 5520 manusfquando
2709 5447 2815 5523 alia
2862 5447 3548 5523 contcmii‘uttt,mmax_iino

1970 5520 2157 5592 velim,
2185 5511 2501 5590 perveniant
2555 5517 2789 5589 egregiae
2826 5516 3039 5592 _Ja_cobi
3113 5511 3542 5592 Schelfmacberi

1967 5587 2246 5668 epistolae,
2308 5598 2370 5644 ut
2425 5587 3076 5662 quartampotissimum
3125 5587 3298 5655 partis
3343 5587 3542 5668 prima:

1968 5669 2170 5717 attente
2198 5660 2399 5732 legant.
