4076 6310
539 279 642 344 991

1631 287 1694 347 S.
1738 287 2116 348 GREGORII
2156 290 2672 352 AGRIGENTINI

3697 295 3830 358 99?.

473 423 484 433 ς
534 392 736 446 missas
767 390 1081 448 aﬂeCtiones
1126 392 1492 462 pertrahetur,
1531 393 1783 448 humanae
1823 396 1945 450 vit-:e
1979 396 2100 452 bre-

2223 396 2326 460 ξονε
2337 396 2422 459 ίας
2439 395 2837 466 ἐξογκώμενος.
2853 393 3087 448 ἁνθελκυ
3097 396 3194 467 σθή
3205 413 3354 450 σεται
3377 395 3516 468 πρὸς
3530 415 3673 451 ταπε
3685 403 3826 464 ni;

534 485 759 536 vitatum
811 482 1107 552 reputabit,
1157 485 1415 552 praclara
1461 485 1766 540 mutatione
1811 486 1949 540 alius
1993 501 2114 540 esse

533 575 760 644 incipiet
802 591 815 626 :
855 575 1079 644 jamque
1131 577 1344 644 potiora
1393 577 1675 646 amplexus
1728 578 1987 644 consilia,
2043 577 2109 632 ad

533 667 742 736 optima
785 682 1015 736 qumque
1056 665 1298 722 facinora
1341 668 1584 722 animum
1629 667 1860 730 referet,
1901 684 1966 723 ac
1996 669 2112 724 vias

537 758 735 813 salutis
785 758 960 812 inibit.
1019 757 1134 813 Hoc
1180 759 1352 829 igitur
1403 759 1494 814 illa
1553 759 1844 829 designant
1898 760 2106 814 verba:

545 867 565 900 ι
609 851 673 903 Et
709 849 804 918 qui
840 850 973 902 vivit
1014 851 1166 904 dabit
1199 851 1405 905 bonum
1439 851 1505 905 ad
1553 867 1649 906 cor
1683 867 1882 918 suum;
1922 871 1940 903 ι
1987 866 2112 921 pes-

539 941 692 996 sima:
737 941 940 1011 quippe
971 942 1096 995 vita:
1128 942 1427 1008 damnatio,
1466 951 1520 998 et
1566 943 1889 999 deliberatio
1921 959 2116 999 susce-

2218 485 2488 548 διαθέσεις
2509 530 2523 552 ,
2554 486 2650 539 καλ⁸
2677 487 2776 556 τῆς
2802 485 3153 558 ἀνθρωπίνης
3183 488 3329 560 ζωῆς
3367 491 3831 562 διενθυμηθήσε-

2217 591 2308 628 ται.
2339 575 2396 628 τὸ
2425 576 2742 646 ὠκύμορον,
2797 577 2892 630 καὶ
2919 577 3017 648 τὴν
3049 578 3222 649 καλὴν
3250 580 3542 634 ἀλλοίωσιν
3572 581 3828 638 ἀλλοιω-

2217 665 2474 736 θήσεται·
2505 669 2602 721 καὶ
2627 667 2868 738 βελτίους
2899 669 3188 724 ἀναλαϐὼν
3215 673 3446 736 ἐννοίας,
3481 675 3564 738 είς
3583 676 3829 743 ἀγαθὰς

2217 759 2448 811 ἐκδώσει
2481 760 2714 830 πράξεις
2752 761 2853 832 τὴν
2883 761 3019 814 ἰδίαν
3048 761 3294 833 γνώμην,
3344 766 3439 819 καὶ
3469 766 3826 838 πορεύσεται

2216 847 2314 917 τῆς
2342 849 2622 918 σωτηρίας
2646 849 2745 914 τὰς
2771 851 3016 922 τρίϐους.
3043 852 3214 906 Τοῦτο
3240 851 3332 908 οὖν
3368 873 3524 927 φησι,
3563 876 3582 910 ‹
3620 859 3740 912 Καὶ
3789 861 3827 914 ὁ

2213 937 2322 1002 ζῶν
2370 938 2532 992 δώσει
2579 941 2782 1009 ἀγαθόν
2835 945 2914 1006 εἰς
2966 944 3196 1014 καρδίαν
3235 945 3419 1000 αὑτοῦ.
3463 967 3482 1001 ι
3533 948 3653 1020 Τῆς
3694 952 3822 1022 γὰρ

539 1032 766 1101 ptioque
816 1032 1062 1086 melioris
1092 1033 1336 1088 animum
1373 1034 1613 1088 hominis
1643 1035 1710 1089 ad
1746 1035 1950 1090 bonum
1985 1037 2121 1091 bea-

2223 1029 2492 1101 χειρίστης
2525 1033 2670 1106 ζωῆς
2705 1035 2740 1105 ή
2771 1034 3248 1103 κατάγνωσις,καὶ
3275 1037 3376 1104 τῆς
3400 1039 3721 1108 κρείττονος
3744 1043 3816 1094 αἱ

539 1131 764 1192 tumque
787 1123 948 1178 linem
984 1123 1280 1178 deducunt.
1313 1125 1400 1178 Ait
1429 1125 1625 1181 deinde
1653 1143 1668 1181 :

2208 1123 2594 1197 διενθυμήσεις
2641 1127 2738 1181 καὶ
2789 1129 3090 1199 ἀναλήψεις
3145 1131 3282 1200 πρὸς
3333 1131 3394 1184 τὸ
3445 1133 3654 1201 ἀγαθὸν
3706 1135 3818 1189 καὶ

2215 1215 2488 1284 μακάριον
2533 1218 2688 1282 τέλος
2735 1221 3057 1287 ἐφέλκονται
3109 1223 3212 1292 τὴν
3260 1223 3610 1296 άνθρωπίνην
3660 1243 3813 1297 καρ-

2211 1305 2352 1360 δίαν.
2381 1305 2512 1362 Εἶτά
2545 1327 2710 1380 φησιν
2728 1325 2744 1342 ο

2074 1412 2102 1484 ς
2133 1410 2220 1468 vr.

611 1503 776 1558 Vrsas.
810 1505 863 1558 4.
899 1505 1099 1559 Bonum
1130 1516 1204 1560 est
1228 1507 1308 1559 ira
1336 1522 1488 1576 super
1517 1507 1678 1560 risum
1699 1505 1858 1575 ;quia
1888 1505 1944 1558 in
1969 1505 2110 1557 malo
2145 1511 2188 1566 Β

543 1597 720 1650 vultus
751 1599 841 1666 [iet
875 1597 1066 1651 (Ianum
1108 1615 1218 1652 cor.
1713 1653 1725 1679 ’

616 1685 756 1738 Iram
794 1685 1076 1740 decentem
1121 1703 1184 1740 ac
1213 1687 1421 1755 justam
1475 1687 1622 1740 omni
1668 1685 1780 1739 risu
1835 1684 2112 1738 meliorem

540 1788 668 1828 esse
711 1777 1048 1843 pronuntiat.
1111 1775 1244 1829 Nam
1293 1775 1495 1830 divinis
1536 1775 1757 1844 quidem
1806 1776 1858 1828 in
1896 1773 2116 1828 Litteris

545 1867 727 1921 locum
787 1868 1023 1936 reperies
1079 1869 1326 1931 nullum,
1380 1867 1470 1922 ubi
1527 1868 1674 1922 risus
1722 1877 1979 1937 tanquam
2029 1881 2114 1921 res

543 1955 688 2010 bona
718 1955 1157 2024 commendatus,
1205 1966 1256 2010 et
1285 1956 1468 2026 aliqua
1511 1971 1580 2010 ex
1613 1971 1778 2011 causa
1816 1954 2114 2026 probabilis

545 2046 766 2102 habitus
811 2047 924 2102 sit:
973 2062 1096 2101 cum
1143 2048 1223 2102 ira
1256 2063 1286 2102 e
1315 2049 1616 2113 contrario,
1649 2065 1770 2120 quae
1807 2049 2018 2112 deceat,
2061 2057 2116 2103 et

541 2137 847 2209 indignatio
887 2139 1038 2208 justa
1089 2153 1154 2193 ac
1206 2140 1527 2208 tempestiva
1573 2143 1639 2194 ad
1683 2139 2113 2209 delinquentium

541 2231 982 2286 emendationem
1017 2243 1074 2286 et
1112 2233 1489 2301 improborum
1523 2233 1834 2295 utilitatem,
1871 2232 1924 2284 in
1958 2231 2116 2285 laude

541 2331 798 2392 ponatur,
856 2332 910 2377 et
957 2337 1154 2394 magno
1201 2323 1386 2378 favore
1440 2323 1760 2378 celebretur.
1824 2323 2012 2390 itaque
2061 2329 2114 2376 et

541 2413 654 2468 Deo
684 2429 824 2484 saepe
854 2415 934 2468 ira
965 2415 1244 2478 tribuitur,
1276 2424 1440 2482 atque
1474 2415 1639 2468 etiam
1673 2413 1845 2470 furor.
1879 2412 2016 2466 Nam
2049 2413 2116 2468 de

543 2507 798 2578 gentibus
845 2505 1106 2560 adversus
1163 2504 1598 2576 Hierosolymam
1644 2505 2006 2560 frementibus
2040 2507 2117 2560 ait

542 2597 687 2654 Deus
728 2599 969 2654 universi
1001 2615 1015 2654 :
1053 2619 1072 2651 ι
1107 2597 1379 2664 Quoniam
1415 2599 1494 2653 ira
1531 2613 1725 2668 magna
1769 2611 1870 2668 ego
1907 2597 2118 2653 irascor

541 2705 710 2759 super
742 2700 951 2760 gentes,
1003 2706 1126 2760 quze
1181 2689 1621 2760 superimposita:
1669 2697 1798 2745 sunt
1845 2688 1943 2743 ei:
1985 2703 2112 2758 pro-

542 2792 730 2852 pterea
767 2786 914 2852 quod
963 2799 1064 2853 ego
1111 2785 1331 2854 quidem
1369 2785 1543 2838 iratus
1591 2799 1713 2837 sum
1769 2798 1984 2852 parum,
2036 2782 2113 2837 illi

545 2889 676 2929 vero
706 2875 1117 2944 super-impositi
1147 2877 1376 2930 multum
1411 2874 1611 2946 (36").i
1635 2875 1700 2928 Et
1729 2875 1888 2944 longe
1915 2882 2074 2928 antea
2099 2892 2114 2928 :
2145 2861 2186 2918 C

551 2981 576 3017 σ
608 2965 670 3018 Ει
706 2965 881 3018 iratus
909 2963 1098 3019 furore
1127 2965 1386 3020 Dominus
1423 2965 1477 3018 in
1508 2964 1751 3034 Moysen,
1779 2964 1854 3016 ait
1883 2981 1895 3016 :
1927 2961 2118 3016 Nonne

543 3067 672 3107 ecce
698 3051 866 3107 frater
895 3061 1021 3108 tuus
1051 3051 1373 3108 Levites“?
1406 3073 1425 3105 ι
1465 3053 1532 3107 Et
1566 3055 1737 3108 multa
1766 3053 1870 3107 alia
1924 3052 2118 3122 hujus-

545 3143 696 3198 modi
718 3143 786 3198 de
813 3143 924 3198 Deo
947 3145 1071 3214 quis
1095 3143 1298 3214 Deique
1325 3144 1542 3198 famulis
1567 3145 1766 3212 scripta
1792 3143 1953 3214 168
1970 3143 2118 3196 inve-

547 3237 685 3298 niet,
752 3237 1212 3306 quemadmodum
1267 3247 1324 3290 et
1371 3236 1437 3290 de
1484 3235 1666 3306 Moyse
1710 3236 1940 3288 relatum
1988 3241 2116 3289 est:

551 3346 572 3380 σ
604 3327 672 3382 Et
697 3327 868 3383 iratus
909 3327 1286 3398 indignatione
1323 3326 1538 3398 Moyses
1569 3327 1799 3397 projecit
1835 3327 1904 3380 de
1941 3326 2119 3380 mani-

545 3421 652 3477 bus
711 3420 829 3476 suis
887 3421 1100 3475 tabulas
1152 3420 1384 3486 ambas,
1443 3428 1499 3473 ct
1551 3419 1819 3487 confregit
1877 3432 1973 3473 eas
2018 3417 2120 3474 sub

546 3519 735 3566 monte
757 3512 821 3564 “.
846 3531 866 3564 ι
893 3509 1236 3581 Quapropter
1281 3509 1577 3579 optabilior
1605 3518 1768 3578 atque
1799 3509 1983 3563 utilior
2001 3524 2123 3564 esse

543 3603 696 3672 justa
737 3603 818 3658 ira
857 3605 1092 3666 videtur,
1139 3613 1401 3673 tanquam
1445 3601 1587 3655 bona
1617 3601 1883 3655 adversus
1921 3601 2124 3670 impro-

499 3716 504 3725 ι
545 3696 774 3750 bitatem
811 3707 866 3750 et
911 3697 1191 3766 improbos
1238 3693 1508 3759 homines,
1550 3708 1714 3762 quam
1763 3693 1911 3747 risus
1951 3693 2126 3746 riden-

553 3773 710 3851 tium,
741 3787 794 3841 id
829 3797 1110 3856 est,quam
1135 3786 1350 3841 incuria
1373 3794 1427 3841 et
1453 3785 1820 3842 dissimulatio
1847 3794 1900 3840 ct
1929 3785 2124 3840 lenitas

548 3878 776 3934 minime
810 3879 1154 3949 tempestiva.

633 4079 882 4149 Quanam
924 4083 990 4138 de
1028 4083 1237 4138 causa?
1273 4101 1292 4133 ι
1321 4079 1484 4146 Quia,
1521 4081 1717 4152 inquit,
1754 4080 1806 4133 in
1840 4078 1982 4133 malo
2009 4079 2126 4132 vul-

2298 1513 2552 1581 Ἀγίιθέν
2609 1518 2796 1586 θυμὸς
2840 1519 2992 1588 ὑπὲρ
3042 1519 3274 1589 γέλωτα
3303 1539 3316 1552 ο
3373 1521 3464 1576 ὅτι
3504 1522 3575 1576 ἐν
3615 1525 3814 1591 κακίᾳ

2219 1603 2543 1670 προσώπου
2577 1608 3058 1678 ἀγαθυνθήσεται
3087 1609 3322 1679 καρδία.

2290 1694 2394 1748 Τὸν
2437 1700 2783 1768 προσήκοντα
2828 1702 2920 1754 καὶ
2971 1701 3178 1756 δίκαιον
3222 1702 3396 1772 θυμὸν
3437 1703 3814 1772 ἀποφαίνεται

2219 1788 2509 1860 κρείττονα
2555 1794 2758 1857 παντὸς
2790 1793 3030 1861 γέλωτος
3073 1794 3422 1863 πεφυκέναι·
3473 1795 3649 1864 γέλως
3703 1799 3811 1867 μὲν

2219 1877 2329 1949 γὰρ
2365 1879 2464 1950 οὐχ
2497 1879 2732 1952 εὓρηται
2771 1899 2874 1936 που
2921 1881 3074 1954 παρὰ
3102 1885 3170 1954 τῇ
3203 1881 3325 1954 θείᾳ.
3365 1883 3559 1956 Γραφῇ
3593 1901 3816 1955 μεμαρ.

2219 1969 2528 2040 τυρημένος
2547 1971 2622 2036 ὡς
2649 1974 2874 2042 ἀγαθὸν,
2907 1973 2942 2046 ἧ
2967 1991 3112 2036 τινος
3144 1974 3414 2046 ἀποδοχῆς
3449 1975 3806 2047 ἀξιούμενος·

2219 2060 2358 2131 ὀργὴ
2403 2062 2586 2133 μέντοι
2639 2065 2926 2134 πρέπουσα
2970 2065 3068 2119 καὶ
3111 2065 3285 2134 θυμὸς
3330 2067 3666 2139 κατάλληλος
3705 2069 3811 2121 καὶ

2222 2151 2518 2221 προσήκων
2559 2153 2698 2223 πρὸς
2733 2153 3020 2223 διόρθωσιν
3048 2153 3160 2206 τῶν
3191 2153 3661 2225 πλημμελούντων
3704 2157 3812 2210 καὶ

2219 2241 2328 2294 τῶν
2373 2243 2805 2314 ἁμαρτανόντων
2857 2243 3166 2315 βελτίωσιν,
3211 2247 3489 2309 ὲπαινετός
3536 2247 3656 2301 ἐστι
3699 2248 3810 2302 καὶ

2225 2336 2469 2407 μεγάλης
2507 2336 2658 2402 ἄξιος
2703 2337 3002 2408 εὐφημίας.
3055 2337 3158 2392 Διὰ
3187 2335 3340 2391 τοῦτο
3380 2337 3480 2390 καὶ
3521 2339 3620 2392 ἐπὶ
3660 2339 3803 2392 Θεοῦ

2221 2427 2560 2496 λαμϐάνεται
2591 2427 2856 2494 πολλάκις
2886 2432 2920 2500 ἡ
2947 2427 3087 2500 ὀργὴ
3112 2429 3209 2482 καὶ
3234 2429 3416 2500 μέντοι
3437 2428 3536 2482 καὶ
3559 2431 3587 2482 ὁ
3607 2429 3790 2500 θυμός·

2221 2519 2358 2588 φησὶ
2388 2519 2494 2589 γὰρ
2522 2519 2739 2572 ἐπὶτῶν
2770 2519 2910 2573 κατᾶ
2945 2523 3047 2591 τῆς
3083 2520 3450 2592 Ἰερουσαλὴμ
3483 2520 3780 2573 λυττώντων

2221 2615 2388 2668 ἐθνῶν
2421 2615 2448 2665 ὁ
2477 2614 2588 2666 τῶν
2617 2613 2752 2668 ὅλων
2785 2614 2916 2678 Θεὸς
2937 2633 2948 2645 ι
2997 2615 3194 2668 «Διότι
3238 2615 3380 2686 ὀργῇ
3433 2615 3640 2687 μεγάλη
3681 2613 3789 2682 ἐγὼ

2221 2707 2511 2778 ὀργίζομαι
2559 2706 2653 2760 ἐπὶ
2698 2707 2768 2760 τά
2817 2706 2948 2778 ἔθνη
2993 2707 3064 2761 τά
3119 2707 3583 2778 συνεπιτιθέμενα
3625 2707 3794 2778 αιὶτῇο

2220 2799 2339 2854 ἀνθ’
2379 2791 2454 2852 ὧν
2483 2797 2596 2866 ἐγὼ
2627 2798 2726 2868 μὲν
2757 2797 3036 2869 ὠργίσθην
3064 2799 3146 2863 είς
3173 2798 3353 2867 ὀλίγα,
3387 2799 3549 2851 αὐτοὶ
3575 2799 3629 2852 δὲ
3668 2814 3796 2851 συν·

2220 2891 2478 2945 επέθεντο
2527 2891 2606 2954 είς
2665 2889 2858 2944 πολλά.
2903 2909 2922 2942 ι
2963 2891 3073 2944 Καὶ
3117 2889 3301 2962 πολλῷ
3358 2888 3576 2961 πρώην,
3629 2907 3648 2941 ι
3687 2887 3802 2944 Καὶ

2220 2983 2497 3055 θυμωθεὶς
2519 2985 2655 3054 ὀργῇ
2687 2983 2893 3053 Κύριος
2915 2983 3010 3036 ἐπὶ
3037 2985 3302 3053 Μωῦσῆν,
3329 2978 3486 3038 εἶπεν
3507 3000 3522 3014 ο
3550 2981 3665 3035 Οὔκ
3691 2980 3802 3035 ἰδοῦ

2218 3080 2246 3132 ὁ
2277 3077 2500 3146 ἀδελφός
2532 3093 2628 3130 σου
2676 3077 2706 3130 ό
2745 3076 3015 3146 Λευϊτηςς
3051 3093 3070 3127 t
3125 3073 3426 3128 καὶπολλὰ
3455 3071 3684 3126 τοιαῦτά
3722 3089 3802 3133 τις

2220 3171 2446 3239 εὑρήσει
2477 3167 2841 3238 γεγραμμένα
2885 3166 3016 3238 περὶ
3059 3165 3195 3220 Θεοῦ
3242 3165 3336 3220 καὶ
3383 3165 3494 3218 τῶν
3529 3163 3626 3217 τοῦ
3667 3160 3804 3216 Θεοῦ

2222 3259 2598 3330 θεραπόντων,
2639 3257 2715 3320 ὼς
2749 3256 3062 3328 γέγραπται
3090 3257 3186 3310 καὶ
3211 3257 3342 3327 περὶ
3370 3255 3466 3309 τοῦ
3498 3253 3801 3316 Μωῦσέως·

2229 3368 2246 3400 ι
2282 3348 2394 3402 Καὶ
2439 3347 2718 3418 ὀργισθεὶς
2768 3345 2927 3418 θυμῷ
2965 3347 3208 3416 Μωῦσῆς
3255 3344 3481 3416 ἔρριψεν
3536 3343 3648 3397 ἀπὸ
3696 3341 3803 3394 τῶν

2223 3435 2424 3508 χειρῶν
2447 3434 2614 3489 αὑτοῦ
2643 3434 2742 3498 τὰς
2762 3435 2857 3488 δύο
2887 3435 3127 3500 πλάκας,
3148 3435 3242 3489 καὶ
3272 3433 3602 3506 συνέτριψεν
3633 3433 3802 3496 αὐτὰς

2221 3533 2302 3593 είς
2341 3529 2401 3582 τὸ
2435 3529 2584 3598 ὅρος.
2625 3547 2644 3580 ι
2675 3525 2981 3598 Τοιγαροῦν
3022 3525 3388 3598 αἱρετώτερος
3436 3525 3672 3597 εὓρηται
3711 3523 3804 3578 καὶ

2221 3620 2659 3692 λυσιτελέστερος
2685 3619 2760 3682 ὡς
2791 3618 2996 3688 ἀγαθὸς
3023 3622 3052 3674 ὁ
3086 3621 3384 3691 προσήκων
3422 3617 3594 3690 θυμὸς
3615 3618 3644 3670 ό
3667 3617 3804 3670 κατὰ

2223 3715 2320 3782 τῆς
2369 3711 2637 3784 πονηρίας
2680 3711 2777 3764 καὶ
2828 3711 2938 3764 τῶν
2985 3711 3444 3782 πονηρευομένων
3496 3707 3798 3780 ἀνθρώπων

2225 3807 2364 3876 ὑπὲρ
2390 3806 2518 3868 τοὺς
2561 3805 2808 3873 γέλωτας
2837 3804 2943 3860 τῶν
2977 3803 3284 3873 γελώντων,
3317 3804 3485 3873 ἤγουν
3525 3801 3668 3872 ὑπὲρ
3707 3800 3798 3871 τήν

2225 3899 2424 3971 ἀνοχὴν
2473 3899 2569 3952 καὶ
2613 3895 3043 3968 παρασιώπησιν
3075 3896 3170 3951 καὶ
3211 3895 3310 3967 τὴν
3359 3896 3435 3968 μὴ
3484 3894 3798 3966 πρέπουσαν

2231 3993 2635 4062 μακροθυμίαν.

2297 4085 2363 4138 Τί
2397 4083 2630 4154 δήποτε;
2664 4103 2684 4136 ι
2717 4083 2860 4148 Ὀτι,
2889 4101 2906 4134 ι
2937 4081 3105 4154 φησὶ,
3143 4101 3161 4134 ι
3189 4078 3295 4154 [ὲν]
3317 4081 3484 4153 κακίᾳ
3511 4081 3796 4154 προσώπου

550 4185 642 4230 tus
690 4175 780 4230 ﬁet
831 4178 1033 4230 homnm
1078 4192 1195 4231 cor.
1237 4195 1255 4228 ι
1309 4173 1572 4227 Severum
1619 4173 1827 4228 scilicet
1875 4173 2120 4227 obtutum

2229 4174 2668 4246 ἁγαθυνθήσεται
2717 4173 2937 4244 καρδία.
2969 4192 2988 4224 ι
3056 4171 3169 4243 Τὴν
3220 4173 3328 4244 γὰρ
3378 4172 3665 4244 αὐστηράν
3710 4170 3799 4225 καὶ

551 4273 608 4319 et
635 4267 1083 4320 truculentiorcm
1113 4275 1394 4335 aspectum
1424 4263 1711 4333 appellavit
1737 4262 1955 4316 malum.
1987 4259 2122 4314 Nun

549 4365 608 4411 et
637 4358 727 4427 qui
763 4359 816 4411 in
859 4358 987 4412 ludo
1025 4357 1264 4420 discunt,
1313 4356 1357 4412 si
1396 4370 1610 4424 semper
1643 4353 1912 4424 placidum
1964 4353 2106 4422 magi

551 4457 794 4504 strorum
829 4451 1040 4504 vultum
1081 4450 1375 4518 aspiciant,
1420 4448 1474 4501 in
1521 4447 1805 4516 prteccptis
1844 4446 2128 4500 addiscen-

551 4541 636 4596 dis
659 4542 1021 4610 negligentius
1063 4556 1122 4594 se
1149 4547 1366 4610 gerunt,
1410 4553 1511 4592 nec
1543 4538 1609 4592 de
1639 4552 1807 4606 penso
1846 4553 1944 4591 suo
1973 4535 2130 4606 quid-

497 4687 502 4697 ,
553 4647 718 4702 quam
767 4647 832 4688 ac
877 4631 1168 4702 praecipuis
1215 4628 1707 4684 exercitationibus
1753 4629 2022 4682 laborant.
2057 4628 2128 4681 At

553 4741 677 4780 cum
711 4726 1063 4779 acerbitatem
1099 4723 1520 4792 torvitatemque
1562 4722 1746 4776 vultus
1797 4720 1977 4774 intuiti
2009 4718 2126 4773 fue-

553 4819 688 4881 rint,
715 4831 950 4872 excussa
983 4814 1200 4868 remissi
1233 4813 1400 4868 animi
1435 4829 1499 4868 ac
1527 4813 1850 4883 negligentis
1878 4811 2126 4882 segnitie,

552 4909 621 4964 ad
652 4923 716 4962 ea
760 4907 1006 4962 Studiose
1036 4905 1346 4970 recolenda,
1379 4921 1502 4976 qua:
1543 4905 1597 4960 in
1630 4904 2015 4974 magistrorum
2052 4904 2131 4956 in-

554 5000 936 5056 stitutionibus
977 5000 1262 5070 proposita
1304 4999 1526 5064 habent,
1563 4997 1805 5052 alacrius
1847 5011 1906 5052 se
1937 4999 2127 5053 confe-

553 5103 720 5158 runt;
762 5091 986 5161 jamque
1020 5093 1206 5148 animo
1235 5107 1264 5146 a
1301 5091 1574 5162 perversis
1621 5091 1816 5145 studiis
1853 5101 2124 5156 revocato,

553 5183 779 5254 bonam_
812 5183 938 5237 vita:
978 5185 1246 5240 rationem
1297 5182 1614 5252 praeierunt,
1665 5189 1720 5234 et
1767 5195 1948 5235 mores
1997 5196 2128 5237 suos

551 5275 848 5330 emendare
885 5275 1136 5330 nituntur
1161 5275 1297 5346 (5’7).
1341 5273 1456 5328 lloc
1499 5273 1664 5341 igitur
1699 5278 1804 5337 est,
1849 5273 1993 5341 quod
2031 5272 2127 5326 Ec-

623 5391 670 5422 "
711 5389 882 5444 Exod.
927 5405 1004 5455 IV,
1039 5389 1125 5445 Η.
1203 5388 1250 5419 ⁵⁸
1294 5386 1468 5442 Exod.
1507 5399 1684 5448 xxxu,
1722 5383 1809 5440 19.

627 5503 770 5575 (56')
803 5502 1140 5575 Zacharat,
1174 5497 1405 5575 15._Sed
1451 5498 1613 5575 apud
1639 5495 1780 5575 LXX
1801 5499 1973 5575 _lcges
1996 5514 2009 5548 :
2035 5539 2121 5575 ἶ..)

556 5567 711 5627 αὐτοὶ
732 5567 811 5684 κςδὲ
842 5573 1204 5626 συνεπέθεντο
1237 5571 1317 5634 εἰς
1365 5569 1530 5622 κακά.
1570 5567 1681 5624 Nec
1730 5567 1930 5623 habent
1989 5569 2124 5642 αὐτῇ

560 5653 645 5684 nul
680 5643 813 5684 διιτι
2119 5643 2127 5646 ’

557 5653 652 5698 aut
680 5653 834 5698 διότι.

631 5712 741 5782 (57)
756 5711 950 5769 Paucis
967 5712 1082 5768 haec
1105 5711 1294 5767 eadem
1315 5719 1658 5782 expresserat
1674 5709 2012 5780 Olympiodo:
2031 5725 2092 5766 us
2114 5729 2124 5764 :

2228 4268 2641 4342 βλοσυρωτέραν
2685 4267 2784 4337 τῆς
2837 4265 3014 4336 ὅψεως
3057 4265 3378 4336 ἐπιφάνειαν
3419 4265 3644 4319 κακίαν
3675 4263 3800 4317 ὠνό-

2229 4359 2527 4433 μασε.Τῶν
2553 4360 2662 4430 γὰρ
2689 4358 3030 4412 διδασκάλων
3054 4359 3104 4412 οἱ
3134 4356 3574 4429 μαθητευόμενοι
3595 4357 3697 4427 τὴν
3717 4355 3799 4408 ab.

2229 4451 2450 4523 μένειαν
2493 4450 2583 4503 ἀεὶ
2625 4448 3008 4518 καθορῶντες,
3051 4446 3658 4519 καταφρονητικᾶτερον
3688 4445 3796 4498 δια-

2225 4544 2461 4597 τίθενται
2506 4542 2642 4613 πρὸς
2681 4541 2781 4604 τὰς
2818 4539 3114 4609 ἀναλήψεις
3147 4539 3258 4594 τῶν
3306 4537 3674 4610 μαθημάτων,
3711 4535 3798 4590 καὶ

2224 4635 2333 4688 τῶν
2361 4633 2652 4704 βελτίστων
2681 4630 2974 4701 διατριϐῶν
3017 4631 3116 4685 καὶ
3142 4627 3398 4700 πράξεων
3433 4630 3535 4694 τὰς
3564 4628 3798 4700 αἱρέσεις

2227 4724 2322 4778 καὶ
2371 4723 2674 4788 διαθέσεις·
2733 4723 2864 4776 ὅταν
2909 4721 2966 4775 δὲ
3012 4722 3245 4792 πικρίαν
3293 4721 3390 4775 καὶ
3437 4721 3796 4792 βλοσυρότητα

2229 4815 2521 4888 προσώπου
2559 4813 2887 4878 θεάσωνται,
2927 4815 3028 4884 τῆς
3055 4815 3462 4887 διακεχυμένης
3505 4815 3604 4868 καὶ
3643 4829 3798 4884 προσ-

2227 4908 2582 4980 ημελημένης
2627 4904 3032 4976 ἡλευθέρωνται
3082 4905 3311 4976 γνώμης
3352 4905 3450 4958 καὶ
3485 4904 3795 4967 διαθέσεως,

2228 4997 2324 5053 καλ⁵
2353 4999 2492 5066 πρὸς
2521 4995 2841 5067 ἐπιμέλειαν
2873 4995 2968 5049 καὶ
3002 4995 3240 5066 σπουδὴν
3277 4995 3379 5068 τὴν
3412 4994 3509 5049 ἐπὶ
3533 4995 3646 5058 τοῖς
3673 5011 3796 5065 προ·

2227 5091 2502 5162 κειμένοις
2545 5092 2668 5152 ταῖς
2711 5090 3034 5158 είσηγήσεσι
3079 5087 3193 5142 τῶν
3225 5085 3590 5158 προεστώτων
3658 5085 3794 5138 διανο

2230 5184 2475 5236 ίστανται
2511 5181 2944 5252 προθυμότερον,
2976 5180 3074 5234 καὶ
3098 5181 3209 5234 τῶν
3231 5179 3492 5250 πονηρῶν
3519 5177 3796 5247 ἐπιτηδευ-

2231 5274 2416 5344 μάτων
2465 5271 2906 5345 ἀπαλλατόμενοι
2935 5311 2948 5337 ,
3000 5271 3100 5343 τὴν
3151 5269 3364 5344 ἀγαθὴν
3421 5267 3795 5341 ἀνθαιροῦνται

2246 5499 2335 5553 Ἐν
2369 5499 2476 5570 γάρ
2507 5501 2572 5570 τῇ
2615 5495 3046 5570 τοῦπροσώ-που
3076 5497 3371 5570 αὐστηρίᾳ.
3403 5499 3470 5570 ἢν
3498 5497 3563 5570 δὴ
3595 5497 3792 5570 *κακίαν

2234 5555 2394 5640 cono":
2422 5555 2584 5640 ᾰοτόξ
2613 5586 2670 5622 τε
2702 5555 3470 5640 ,ἁγαθυνθήσεταιηκαῖτοῧς
3516 5555 3621 5621 ῡὶτδ
3651 5568 3791 5636 χεῖρα

2232 5636 2468 5709 ἆγαοοὺς
2499 5638 2897 5707 ἀπεργάσεται.
2931 5636 2990 5692 Id
3009 5649 3091 5709 est
3123 5656 3147 5696 ε,
3179 5636 3516 5709 Quipra'est,
3551 5639 3664 5692 sive
3687 5651 3791 5690 ma-

2237 5708 2401 5782 gister
2437 5709 2548 5766 sive
2581 5709 2862 5776 dominus,
2894 5708 3168 5764 severitate
3205 5708 3396 5774 vultus,
3442 5724 3598 5778 quam
3631 5721 3790 5774 nempe
