  <div class='ocr_page' id='page_1' title='image "/cluster/home/n/w/nwhite01/storage/ocr_20150623/98/mdp.39015005675650/512.png"; bbox 0 0 4076 6310; ppageno 0'>
   <div class='ocr_carea' id='block_1_1' title="bbox 253 268 481 355">
    <p class='ocr_par' dir='ltr' id='par_1_1' title="bbox 253 268 481 355">
     <span class='ocr_line' id='line_1_1' title="bbox 253 268 481 355; baseline 0 0"><span class='ocrx_word' id='word_1_1' title='bbox 253 291 371 355; x_wconf 72' lang='lat'><strong>993</strong></span> <span class='ocrx_word' id='word_1_2' title='bbox 471 268 481 274; x_wconf 86' lang='grc'><em>’</em></span> 
     </span>
    </p>
   </div>
   <div class='ocr_carea' id='block_1_2' title="bbox 1339 289 2448 356">
    <p class='ocr_par' dir='ltr' id='par_1_2' title="bbox 1339 289 2448 356">
     <span class='ocr_line' id='line_1_2' title="bbox 1339 289 2448 356; baseline -0.003 -3"><span class='ocrx_word' id='word_1_3' title='bbox 1339 294 1422 353; x_wconf 83' lang='grc' dir='ltr'><strong>ΙΝ</strong></span> <span class='ocrx_word' id='word_1_4' title='bbox 1449 291 2026 356; x_wconf 84' lang='lat' dir='ltr'><strong>ECCLESIASTEN&#39;.</strong></span> <span class='ocrx_word' id='word_1_5' title='bbox 2067 317 2133 327; x_wconf 92' lang='lat'><strong>-</strong></span> <span class='ocrx_word' id='word_1_6' title='bbox 2164 290 2313 351; x_wconf 84' lang='lat' dir='ltr'><strong>LIB.</strong></span> <span class='ocrx_word' id='word_1_7' title='bbox 2346 289 2448 351; x_wconf 74' lang='lat' dir='ltr'><strong>VI.</strong></span> 
     </span>
    </p>
   </div>
   <div class='ocr_carea' id='block_1_3' title="bbox 3401 278 3526 352">
    <p class='ocr_par' dir='ltr' id='par_1_3' title="bbox 3401 278 3526 352">
     <span class='ocr_line' id='line_1_3' title="bbox 3401 278 3526 352; baseline -0.032 0"><span class='ocrx_word' id='word_1_8' title='bbox 3401 278 3526 352; x_wconf 61' lang='lat'><strong>99$-</strong></span> 
     </span>
    </p>
   </div>
   <div class='ocr_carea' id='block_1_4' title="bbox 257 393 1827 475">
    <p class='ocr_par' dir='ltr' id='par_1_4' title="bbox 257 400 1827 475">
     <span class='ocr_line' id='line_1_4' title="bbox 257 400 1827 475; baseline 0 -21"><span class='ocrx_word' id='word_1_9' title='bbox 257 400 564 467; x_wconf 88' lang='grc' dir='ltr'>πολιτείαν,</span> <span class='ocrx_word' id='word_1_10' title='bbox 600 401 697 455; x_wconf 72' lang='grc' dir='ltr'><strong>καὶ</strong></span> <span class='ocrx_word' id='word_1_11' title='bbox 721 401 820 472; x_wconf 78' lang='grc' dir='ltr'><strong>τὴν</strong></span> <span class='ocrx_word' id='word_1_12' title='bbox 858 401 1156 456; x_wconf 76' lang='grc' dir='ltr'><strong>σπουδαίαν</strong></span> <span class='ocrx_word' id='word_1_13' title='bbox 1191 403 1526 475; x_wconf 78' lang='grc' dir='ltr'>κατορθοῦσι</span> <span class='ocrx_word' id='word_1_14' title='bbox 1558 402 1827 456; x_wconf 84' lang='grc' dir='ltr'>κατάστα-</span> 
     </span>
    </p>
   </div>
   <div class='ocr_carea' id='block_1_5' title="bbox 1929 393 3521 475">
    <p class='ocr_par' dir='ltr' id='par_1_5' title="bbox 1945 393 3521 468">
     <span class='ocr_line' id='line_1_5' title="bbox 1945 393 3521 468; baseline -0.003 -10"><span class='ocrx_word' id='word_1_15' title='bbox 1945 402 2228 459; x_wconf 87' lang='lat' dir='ltr'><strong>clesiastes</strong></span> <span class='ocrx_word' id='word_1_16' title='bbox 2270 403 2399 456; x_wconf 88' lang='lat' dir='ltr'><strong>ait:</strong></span> <span class='ocrx_word' id='word_1_17' title='bbox 2437 400 2578 465; x_wconf 80' lang='lat' dir='ltr'><strong>Quia</strong></span> <span class='ocrx_word' id='word_1_18' title='bbox 2631 395 2687 452; x_wconf 76' lang='lat' dir='ltr'><strong>in</strong></span> <span class='ocrx_word' id='word_1_19' title='bbox 2741 395 2886 452; x_wconf 85' lang='lat' dir='ltr'><strong>utan</strong></span> <span class='ocrx_word' id='word_1_20' title='bbox 2939 393 3117 452; x_wconf 75' lang='lat' dir='ltr'><strong>uultus</strong></span> <span class='ocrx_word' id='word_1_21' title='bbox 3183 397 3272 468; x_wconf 75' lang='lat' dir='ltr'><strong>ﬁet</strong></span> <span class='ocrx_word' id='word_1_22' title='bbox 3327 396 3521 453; x_wconf 80' lang='lat' dir='ltr'><strong>bonum</strong></span> 
     </span>
    </p>
   </div>
   <div class='ocr_carea' id='block_1_6' title="bbox 257 488 1844 565">
    <p class='ocr_par' dir='ltr' id='par_1_6' title="bbox 257 488 1844 565">
     <span class='ocr_line' id='line_1_6' title="bbox 257 488 1844 565; baseline 0.001 -20"><span class='ocrx_word' id='word_1_23' title='bbox 257 509 366 546; x_wconf 91' lang='grc' dir='ltr'>σιν.</span> <span class='ocrx_word' id='word_1_24' title='bbox 397 492 569 546; x_wconf 84' lang='grc' dir='ltr'>Τοῦτο</span> <span class='ocrx_word' id='word_1_25' title='bbox 591 488 688 547; x_wconf 83' lang='grc' dir='ltr'>οὖν</span> <span class='ocrx_word' id='word_1_26' title='bbox 716 494 866 548; x_wconf 80' lang='grc' dir='ltr'>ἐστιν</span> <span class='ocrx_word' id='word_1_27' title='bbox 895 493 925 548; x_wconf 85' lang='grc' dir='ltr'><strong>ὃ</strong></span> <span class='ocrx_word' id='word_1_28' title='bbox 955 511 1148 564; x_wconf 82' lang='grc' dir='ltr'>φησιν,</span> <span class='ocrx_word' id='word_1_29' title='bbox 1185 513 1204 546; x_wconf 78' lang='grc' dir='ltr'><strong>ι</strong></span> <span class='ocrx_word' id='word_1_30' title='bbox 1244 495 1369 550; x_wconf 87' lang='grc' dir='ltr'>Ὅτι</span> <span class='ocrx_word' id='word_1_31' title='bbox 1401 497 1459 549; x_wconf 80' lang='grc' dir='ltr'>ὲν</span> <span class='ocrx_word' id='word_1_32' title='bbox 1483 495 1652 565; x_wconf 83' lang='grc' dir='ltr'>κακίᾳ</span> <span class='ocrx_word' id='word_1_33' title='bbox 1675 511 1844 565; x_wconf 86' lang='grc' dir='ltr'>προσ-</span> 
     </span>
    </p>
   </div>
   <div class='ocr_carea' id='block_1_7' title="bbox 253 583 1843 659">
    <p class='ocr_par' dir='ltr' id='par_1_7' title="bbox 253 583 1843 659">
     <span class='ocr_line' id='line_1_7' title="bbox 253 583 1843 659; baseline 0.009 -24"><span class='ocrx_word' id='word_1_34' title='bbox 253 583 409 637; x_wconf 86' lang='grc' dir='ltr'>ώπου</span> <span class='ocrx_word' id='word_1_35' title='bbox 449 583 892 655; x_wconf 83' lang='grc' dir='ltr'>ἀγαθυνθήσεται</span> <span class='ocrx_word' id='word_1_36' title='bbox 937 587 1154 656; x_wconf 78' lang='grc' dir='ltr'><strong>καρδία.</strong></span> <span class='ocrx_word' id='word_1_37' title='bbox 1195 605 1214 640; x_wconf 72' lang='grc' dir='ltr'><strong>ι</strong></span> <span class='ocrx_word' id='word_1_38' title='bbox 1248 588 1330 659; x_wconf 77' lang='grc' dir='ltr'>Τῇ</span> <span class='ocrx_word' id='word_1_39' title='bbox 1359 587 1472 659; x_wconf 79' lang='grc' dir='ltr'>γὰρ</span> <span class='ocrx_word' id='word_1_40' title='bbox 1500 587 1702 658; x_wconf 77' lang='grc' dir='ltr'>πικρίᾳ</span> <span class='ocrx_word' id='word_1_41' title='bbox 1737 586 1843 656; x_wconf 78' lang='grc' dir='ltr'>τῆς</span> 
     </span>
    </p>
   </div>
   <div class='ocr_carea' id='block_1_8' title="bbox 255 673 1842 749">
    <p class='ocr_par' dir='ltr' id='par_1_8' title="bbox 255 673 1842 749">
     <span class='ocr_line' id='line_1_8' title="bbox 255 673 1842 749; baseline 0.005 -25"><span class='ocrx_word' id='word_1_42' title='bbox 255 673 386 736; x_wconf 83' lang='grc' dir='ltr'>θέας</span> <span class='ocrx_word' id='word_1_43' title='bbox 419 675 514 728; x_wconf 75' lang='grc' dir='ltr'><strong>καὶ</strong></span> <span class='ocrx_word' id='word_1_44' title='bbox 541 677 608 746; x_wconf 79' lang='grc' dir='ltr'>τῇ</span> <span class='ocrx_word' id='word_1_45' title='bbox 657 675 1016 748; x_wconf 83' lang='grc' dir='ltr'>βλοσυρότητι</span> <span class='ocrx_word' id='word_1_46' title='bbox 1061 678 1155 732; x_wconf 87' lang='grc' dir='ltr'>τοῦ</span> <span class='ocrx_word' id='word_1_47' title='bbox 1203 676 1501 748; x_wconf 83' lang='grc' dir='ltr'><strong>προσώπου</strong></span> <span class='ocrx_word' id='word_1_48' title='bbox 1568 677 1770 748; x_wconf 82' lang='grc' dir='ltr'>μᾶλλον</span> <span class='ocrx_word' id='word_1_49' title='bbox 1807 679 1842 749; x_wconf 85' lang='grc' dir='ltr'><strong>ἡ</strong></span> 
     </span>
    </p>
   </div>
   <div class='ocr_carea' id='block_1_9' title="bbox 255 763 1846 838">
    <p class='ocr_par' dir='ltr' id='par_1_9' title="bbox 255 763 1846 838">
     <span class='ocr_line' id='line_1_9' title="bbox 255 763 1846 838; baseline 0.004 -24"><span class='ocrx_word' id='word_1_50' title='bbox 255 763 454 834; x_wconf 77' lang='grc' dir='ltr'><strong>καρδία</strong></span> <span class='ocrx_word' id='word_1_51' title='bbox 472 765 582 816; x_wconf 87' lang='grc' dir='ltr'><strong>τῶν</strong></span> <span class='ocrx_word' id='word_1_52' title='bbox 605 767 926 836; x_wconf 80' lang='grc' dir='ltr'><strong>ἀρχομένων</strong></span> <span class='ocrx_word' id='word_1_53' title='bbox 948 767 1417 838; x_wconf 84' lang='grc' dir='ltr'>αίσθητικώτερον</span> <span class='ocrx_word' id='word_1_54' title='bbox 1447 767 1546 822; x_wconf 71' lang='grc' dir='ltr'><strong>καὶ</strong></span> <span class='ocrx_word' id='word_1_55' title='bbox 1570 768 1846 838; x_wconf 83' lang='grc' dir='ltr'>νηφαλιώ-</span> 
     </span>
    </p>
   </div>
   <div class='ocr_carea' id='block_1_10' title="bbox 257 857 1841 932">
    <p class='ocr_par' dir='ltr' id='par_1_10' title="bbox 257 857 1841 932">
     <span class='ocr_line' id='line_1_10' title="bbox 257 857 1841 932; baseline 0.001 -25"><span class='ocrx_word' id='word_1_56' title='bbox 257 871 420 926; x_wconf 84' lang='grc' dir='ltr'>τερον</span> <span class='ocrx_word' id='word_1_57' title='bbox 465 857 930 929; x_wconf 80' lang='grc' dir='ltr'>ἀναλαμϐάνουσα</span> <span class='ocrx_word' id='word_1_58' title='bbox 975 859 1258 930; x_wconf 82' lang='grc' dir='ltr'>λογισμὸν,</span> <span class='ocrx_word' id='word_1_59' title='bbox 1309 860 1412 930; x_wconf 82' lang='grc' dir='ltr'>τῆς</span> <span class='ocrx_word' id='word_1_60' title='bbox 1459 860 1581 913; x_wconf 82' lang='grc' dir='ltr'>κατ’</span> <span class='ocrx_word' id='word_1_61' title='bbox 1638 859 1841 932; x_wconf 83' lang='grc' dir='ltr'>ἀρετὴν</span> 
     </span>
    </p>
   </div>
   <div class='ocr_carea' id='block_1_11' title="bbox 254 942 1839 1022">
    <p class='ocr_par' dir='ltr' id='par_1_11' title="bbox 254 942 1839 1022">
     <span class='ocr_line' id='line_1_11' title="bbox 254 942 1839 1022; baseline 0.001 -20"><span class='ocrx_word' id='word_1_62' title='bbox 254 948 618 1020; x_wconf 81' lang='grc' dir='ltr'><strong>ἀγαθωσύνης</strong></span> <span class='ocrx_word' id='word_1_63' title='bbox 664 949 873 1019; x_wconf 87' lang='grc' dir='ltr'>γίνεται</span> <span class='ocrx_word' id='word_1_64' title='bbox 921 951 1136 1022; x_wconf 78' lang='grc' dir='ltr'><strong>πλήρης</strong></span> <span class='ocrx_word' id='word_1_65' title='bbox 1159 967 1174 980; x_wconf 75' lang='grc' dir='ltr'><strong>ο</strong></span> <span class='ocrx_word' id='word_1_66' title='bbox 1210 953 1307 1004; x_wconf 69' lang='grc' dir='ltr'><strong>καὶ</strong></span> <span class='ocrx_word' id='word_1_67' title='bbox 1335 942 1539 1022; x_wconf 81' lang='grc' dir='ltr'>μᾶλλον</span> <span class='ocrx_word' id='word_1_68' title='bbox 1569 953 1839 1006; x_wconf 79' lang='grc' dir='ltr'>ἀπόναται</span> 
     </span>
    </p>
   </div>
   <div class='ocr_carea' id='block_1_12' title="bbox 261 1040 1840 1116">
    <p class='ocr_par' dir='ltr' id='par_1_12' title="bbox 261 1040 1840 1116">
     <span class='ocr_line' id='line_1_12' title="bbox 261 1040 1840 1116; baseline 0.004 -26"><span class='ocrx_word' id='word_1_69' title='bbox 261 1058 280 1090; x_wconf 73' lang='grc' dir='ltr'><strong>ι</strong></span> <span class='ocrx_word' id='word_1_70' title='bbox 311 1040 412 1110; x_wconf 80' lang='grc' dir='ltr'>τῆς</span> <span class='ocrx_word' id='word_1_71' title='bbox 447 1041 540 1094; x_wconf 84' lang='grc' dir='ltr'>τοῦ</span> <span class='ocrx_word' id='word_1_72' title='bbox 571 1041 869 1113; x_wconf 84' lang='grc' dir='ltr'>προσώπου</span> <span class='ocrx_word' id='word_1_73' title='bbox 900 1044 1133 1106; x_wconf 83' lang='grc' dir='ltr'>κακίας,</span> <span class='ocrx_word' id='word_1_74' title='bbox 1174 1061 1194 1094; x_wconf 75' lang='grc' dir='ltr'><strong>ι</strong></span> <span class='ocrx_word' id='word_1_75' title='bbox 1225 1043 1259 1115; x_wconf 81' lang='grc' dir='ltr'>ἢ</span> <span class='ocrx_word' id='word_1_76' title='bbox 1287 1045 1385 1114; x_wconf 87' lang='grc' dir='ltr'><strong>τῆς</strong></span> <span class='ocrx_word' id='word_1_77' title='bbox 1415 1045 1705 1116; x_wconf 82' lang='grc' dir='ltr'>εὐμενείας</span> <span class='ocrx_word' id='word_1_78' title='bbox 1745 1043 1840 1096; x_wconf 78' lang='grc' dir='ltr'><strong>καὶ</strong></span> 
     </span>
    </p>
   </div>
   <div class='ocr_carea' id='block_1_13' title="bbox 250 1132 1840 1204">
    <p class='ocr_par' dir='ltr' id='par_1_13' title="bbox 250 1132 1840 1204">
     <span class='ocr_line' id='line_1_13' title="bbox 250 1132 1840 1204; baseline 0.001 -20"><span class='ocrx_word' id='word_1_79' title='bbox 250 1132 352 1200; x_wconf 79' lang='grc' dir='ltr'>τῆς</span> <span class='ocrx_word' id='word_1_80' title='bbox 381 1133 826 1202; x_wconf 77' lang='grc' dir='ltr'>προσηνεστέρας</span> <span class='ocrx_word' id='word_1_81' title='bbox 859 1133 1007 1195; x_wconf 81' lang='grc' dir='ltr'>θέας.</span> <span class='ocrx_word' id='word_1_82' title='bbox 1049 1133 1272 1204; x_wconf 80' lang='grc' dir='ltr'><strong>Ἀμέλει</strong></span> <span class='ocrx_word' id='word_1_83' title='bbox 1302 1135 1484 1190; x_wconf 82' lang='grc' dir='ltr'>τοίνυν</span> <span class='ocrx_word' id='word_1_84' title='bbox 1508 1138 1623 1199; x_wconf 81' lang='grc' dir='ltr'>τοῖς</span> <span class='ocrx_word' id='word_1_85' title='bbox 1651 1135 1840 1198; x_wconf 79' lang='grc' dir='ltr'>αὐτοῖς</span> 
     </span>
    </p>
   </div>
   <div class='ocr_carea' id='block_1_14' title="bbox 249 1222 1695 1298">
    <p class='ocr_par' dir='ltr' id='par_1_14' title="bbox 249 1222 1695 1298">
     <span class='ocr_line' id='line_1_14' title="bbox 249 1222 1695 1298; baseline 0.003 -24"><span class='ocrx_word' id='word_1_86' title='bbox 249 1222 651 1292; x_wconf 74' lang='grc' dir='ltr'>ἐμφιλοχωρῶν</span> <span class='ocrx_word' id='word_1_87' title='bbox 680 1224 710 1277; x_wconf 83' lang='grc' dir='ltr'>ὁ</span> <span class='ocrx_word' id='word_1_88' title='bbox 743 1222 904 1290; x_wconf 79' lang='grc' dir='ltr'>σοφὸς</span> <span class='ocrx_word' id='word_1_89' title='bbox 945 1223 1381 1296; x_wconf 78' lang='grc' dir='ltr'>Ἑκκλησιαστὴς</span> <span class='ocrx_word' id='word_1_90' title='bbox 1407 1227 1660 1298; x_wconf 79' lang='grc' dir='ltr'>ἐπήγαγε</span> <span class='ocrx_word' id='word_1_91' title='bbox 1681 1243 1695 1260; x_wconf 85' lang='grc'><strong>·</strong></span> 
     </span>
    </p>
   </div>
   <div class='ocr_carea' id='block_1_15' title="bbox 1797 1333 1964 1408">
    <p class='ocr_par' dir='ltr' id='par_1_15' title="bbox 1797 1333 1964 1408">
     <span class='ocr_line' id='line_1_15' title="bbox 1797 1333 1964 1408; baseline 0 -22"><span class='ocrx_word' id='word_1_92' title='bbox 1797 1337 1824 1408; x_wconf 80' lang='lat'>§</span> <span class='ocrx_word' id='word_1_93' title='bbox 1851 1333 1964 1388; x_wconf 80' lang='lat' dir='ltr'><strong>vn.</strong></span> 
     </span>
    </p>
   </div>
   <div class='ocr_carea' id='block_1_16' title="bbox 318 1427 1830 1502">
    <p class='ocr_par' dir='ltr' id='par_1_16' title="bbox 318 1427 1830 1502">
     <span class='ocr_line' id='line_1_16' title="bbox 318 1427 1830 1502; baseline 0.002 -22"><span class='ocrx_word' id='word_1_94' title='bbox 318 1427 546 1496; x_wconf 73' lang='grc' dir='ltr'>Κηρδία</span> <span class='ocrx_word' id='word_1_95' title='bbox 584 1430 796 1500; x_wconf 73' lang='grc' dir='ltr'>σοφῶν</span> <span class='ocrx_word' id='word_1_96' title='bbox 831 1433 902 1486; x_wconf 76' lang='grc' dir='ltr'><strong>ἐν</strong></span> <span class='ocrx_word' id='word_1_97' title='bbox 953 1434 1099 1500; x_wconf 81' lang='grc' dir='ltr'>οικῳ</span> <span class='ocrx_word' id='word_1_98' title='bbox 1161 1433 1424 1498; x_wconf 80' lang='grc' dir='ltr'>πένθους</span> <span class='ocrx_word' id='word_1_99' title='bbox 1453 1448 1464 1463; x_wconf 93' lang='grc'>·</span> <span class='ocrx_word' id='word_1_100' title='bbox 1496 1429 1714 1502; x_wconf 77' lang='grc' dir='ltr'>καρδία</span> <span class='ocrx_word' id='word_1_101' title='bbox 1760 1429 1830 1484; x_wconf 80' lang='grc' dir='ltr'>δὲ</span> 
     </span>
    </p>
   </div>
   <div class='ocr_carea' id='block_1_17' title="bbox 245 1521 1241 1596">
    <p class='ocr_par' dir='ltr' id='par_1_17' title="bbox 245 1521 1241 1596">
     <span class='ocr_line' id='line_1_17' title="bbox 245 1521 1241 1596; baseline 0.004 -20"><span class='ocrx_word' id='word_1_102' title='bbox 245 1521 530 1589; x_wconf 61' lang='grc' dir='ltr'>ἀφρόνων</span> <span class='ocrx_word' id='word_1_103' title='bbox 550 1523 621 1576; x_wconf 84' lang='grc' dir='ltr'><strong>ἐν</strong></span> <span class='ocrx_word' id='word_1_104' title='bbox 648 1524 796 1588; x_wconf 81' lang='grc' dir='ltr'>οἴκῳ</span> <span class='ocrx_word' id='word_1_105' title='bbox 831 1527 1241 1596; x_wconf 74' lang='grc' dir='ltr'>εὐφροσύνης.</span> 
     </span>
    </p>
   </div>
   <div class='ocr_carea' id='block_1_18' title="bbox 327 1612 1828 1686">
    <p class='ocr_par' dir='ltr' id='par_1_18' title="bbox 327 1612 1828 1686">
     <span class='ocr_line' id='line_1_18' title="bbox 327 1612 1828 1686; baseline 0.003 -22"><span class='ocrx_word' id='word_1_106' title='bbox 327 1612 552 1676; x_wconf 78' lang='grc' dir='ltr'>Ἀπλῶς</span> <span class='ocrx_word' id='word_1_107' title='bbox 617 1615 1044 1686; x_wconf 81' lang='grc' dir='ltr'>ἀποφηνάμενος</span> <span class='ocrx_word' id='word_1_108' title='bbox 1097 1616 1304 1684; x_wconf 80' lang='grc' dir='ltr'>ἀγαθὸν</span> <span class='ocrx_word' id='word_1_109' title='bbox 1359 1615 1454 1669; x_wconf 79' lang='grc' dir='ltr'>τοῦ</span> <span class='ocrx_word' id='word_1_110' title='bbox 1489 1615 1828 1686; x_wconf 73' lang='grc' dir='ltr'>προσφοιτᾷν</span> 
     </span>
    </p>
   </div>
   <div class='ocr_carea' id='block_1_19' title="bbox 243 1697 1826 1778">
    <p class='ocr_par' dir='ltr' id='par_1_19' title="bbox 243 1697 1826 1778">
     <span class='ocr_line' id='line_1_19' title="bbox 243 1697 1826 1778; baseline 0.001 -23"><span class='ocrx_word' id='word_1_111' title='bbox 243 1703 326 1764; x_wconf 84' lang='grc' dir='ltr'><strong>είς</strong></span> <span class='ocrx_word' id='word_1_112' title='bbox 340 1697 496 1756; x_wconf 81' lang='grc' dir='ltr'>οἷκον</span> <span class='ocrx_word' id='word_1_113' title='bbox 513 1704 766 1769; x_wconf 78' lang='grc' dir='ltr'>πένθους,</span> <span class='ocrx_word' id='word_1_114' title='bbox 800 1706 834 1778; x_wconf 84' lang='grc' dir='ltr'><strong>ἦ</strong></span> <span class='ocrx_word' id='word_1_115' title='bbox 865 1709 948 1770; x_wconf 88' lang='grc' dir='ltr'><strong>είς</strong></span> <span class='ocrx_word' id='word_1_116' title='bbox 971 1703 1122 1760; x_wconf 83' lang='grc' dir='ltr'>οἷκον</span> <span class='ocrx_word' id='word_1_117' title='bbox 1152 1708 1338 1772; x_wconf 84' lang='grc' dir='ltr'>πότου,</span> <span class='ocrx_word' id='word_1_118' title='bbox 1357 1707 1447 1760; x_wconf 75' lang='grc' dir='ltr'>διὰ</span> <span class='ocrx_word' id='word_1_119' title='bbox 1470 1707 1532 1760; x_wconf 83' lang='grc' dir='ltr'><strong>τὸ</strong></span> <span class='ocrx_word' id='word_1_120' title='bbox 1569 1707 1826 1777; x_wconf 83' lang='grc' dir='ltr'>διάφορον</span> 
     </span>
    </p>
   </div>
   <div class='ocr_carea' id='block_1_20' title="bbox 1940 489 3524 563">
    <p class='ocr_par' dir='ltr' id='par_1_20' title="bbox 1940 489 3524 563">
     <span class='ocr_line' id='line_1_20' title="bbox 1940 489 3524 563; baseline -0.001 -15"><span class='ocrx_word' id='word_1_121' title='bbox 1940 511 2065 561; x_wconf 79' lang='lat' dir='ltr'><strong>cor,-</strong></span> <span class='ocrx_word' id='word_1_122' title='bbox 2105 503 2360 563; x_wconf 87' lang='lat' dir='ltr'><strong>aspectus</strong></span> <span class='ocrx_word' id='word_1_123' title='bbox 2391 493 2540 548; x_wconf 87' lang='lat' dir='ltr'><strong>enim</strong></span> <span class='ocrx_word' id='word_1_124' title='bbox 2579 489 2877 548; x_wconf 69' lang='lat' dir='ltr'><strong>acerbitate</strong></span> <span class='ocrx_word' id='word_1_125' title='bbox 2929 505 2995 546; x_wconf 90' lang='lat' dir='ltr'><strong>ac</strong></span> <span class='ocrx_word' id='word_1_126' title='bbox 3052 491 3306 546; x_wconf 83' lang='lat' dir='ltr'><strong>torvitate</strong></span> <span class='ocrx_word' id='word_1_127' title='bbox 3333 491 3524 547; x_wconf 75' lang='lat' dir='ltr'><strong>vultus</strong></span> 
     </span>
    </p>
   </div>
   <div class='ocr_carea' id='block_1_21' title="bbox 1939 578 3524 650">
    <p class='ocr_par' dir='ltr' id='par_1_21' title="bbox 1939 578 3524 650">
     <span class='ocr_line' id='line_1_21' title="bbox 1939 578 3524 650; baseline -0.002 -12"><span class='ocrx_word' id='word_1_128' title='bbox 1939 585 2112 638; x_wconf 88' lang='lat' dir='ltr'><strong>multo</strong></span> <span class='ocrx_word' id='word_1_129' title='bbox 2187 581 2369 638; x_wconf 88' lang='lat' dir='ltr'><strong>acrius</strong></span> <span class='ocrx_word' id='word_1_130' title='bbox 2447 580 2759 650; x_wconf 89' lang='lat' dir='ltr'><strong>percellitur</strong></span> <span class='ocrx_word' id='word_1_131' title='bbox 2841 578 3185 634; x_wconf 68' lang='lat' dir='ltr'><strong>subditorum</strong></span> <span class='ocrx_word' id='word_1_132' title='bbox 3259 581 3524 642; x_wconf 79' lang='lat' dir='ltr'><strong>animus,</strong></span> 
     </span>
    </p>
   </div>
   <div class='ocr_carea' id='block_1_22' title="bbox 1940 673 3525 744">
    <p class='ocr_par' dir='ltr' id='par_1_22' title="bbox 1940 673 3525 744">
     <span class='ocr_line' id='line_1_22' title="bbox 1940 673 3525 744; baseline -0.003 -13"><span class='ocrx_word' id='word_1_133' title='bbox 1940 675 2240 744; x_wconf 82' lang='lat' dir='ltr'><strong>sobriaque</strong></span> <span class='ocrx_word' id='word_1_134' title='bbox 2308 673 2642 742; x_wconf 73' lang='lat' dir='ltr'><strong>cogitatione</strong></span> <span class='ocrx_word' id='word_1_135' title='bbox 2708 679 3006 742; x_wconf 86' lang='lat' dir='ltr'><strong>suscepta,</strong></span> <span class='ocrx_word' id='word_1_136' title='bbox 3075 673 3294 729; x_wconf 86' lang='lat' dir='ltr'><strong>virtutis</strong></span> <span class='ocrx_word' id='word_1_137' title='bbox 3351 673 3525 743; x_wconf 63' lang='lat' dir='ltr'><strong>adipiv</strong></span> 
     </span>
    </p>
   </div>
   <div class='ocr_carea' id='block_1_23' title="bbox 1941 763 3524 836">
    <p class='ocr_par' dir='ltr' id='par_1_23' title="bbox 1941 763 3524 836">
     <span class='ocr_line' id='line_1_23' title="bbox 1941 763 3524 836; baseline -0.001 -15"><span class='ocrx_word' id='word_1_138' title='bbox 1941 767 2158 821; x_wconf 60' lang='lat' dir='ltr'><strong>scenda</strong></span> <span class='ocrx_word' id='word_1_139' title='bbox 2221 763 2497 818; x_wconf 89' lang='lat' dir='ltr'><strong>desiderio</strong></span> <span class='ocrx_word' id='word_1_140' title='bbox 2549 773 2604 817; x_wconf 88' lang='lat' dir='ltr'><strong>et</strong></span> <span class='ocrx_word' id='word_1_141' title='bbox 2657 763 2841 818; x_wconf 91' lang='lat' dir='ltr'><strong>studio</strong></span> <span class='ocrx_word' id='word_1_142' title='bbox 2909 763 3211 834; x_wconf 78' lang='lat' dir='ltr'><strong>completur</strong></span> <span class='ocrx_word' id='word_1_143' title='bbox 3264 783 3276 818; x_wconf 92' lang='lat'>:</span> <span class='ocrx_word' id='word_1_144' title='bbox 3334 764 3524 836; x_wconf 79' lang='lat' dir='ltr'><strong>itaque</strong></span> 
     </span>
    </p>
   </div>
   <div class='ocr_carea' id='block_1_24' title="bbox 1941 855 3512 925">
    <p class='ocr_par' dir='ltr' id='par_1_24' title="bbox 1941 855 3512 925">
     <span class='ocr_line' id='line_1_24' title="bbox 1941 855 3512 925; baseline -0.002 -14"><span class='ocrx_word' id='word_1_145' title='bbox 1941 857 2116 911; x_wconf 87' lang='lat' dir='ltr'><strong>multo</strong></span> <span class='ocrx_word' id='word_1_146' title='bbox 2148 855 2414 925; x_wconf 81' lang='lat' dir='ltr'><strong>majorem</strong></span> <span class='ocrx_word' id='word_1_147' title='bbox 2445 855 2588 924; x_wconf 85' lang='lat' dir='ltr'><strong>capit</strong></span> <span class='ocrx_word' id='word_1_148' title='bbox 2623 855 2912 911; x_wconf 90' lang='lat' dir='ltr'><strong>utilitatem</strong></span> <span class='ocrx_word' id='word_1_149' title='bbox 2951 875 2974 907; x_wconf 76' lang='grc' dir='ltr'><strong>ι</strong></span> <span class='ocrx_word' id='word_1_150' title='bbox 2997 873 3064 910; x_wconf 85' lang='lat' dir='ltr'><strong>ex</strong></span> <span class='ocrx_word' id='word_1_151' title='bbox 3097 857 3243 910; x_wconf 86' lang='lat' dir='ltr'><strong>malo</strong></span> <span class='ocrx_word' id='word_1_152' title='bbox 3266 857 3512 922; x_wconf 66' lang='lat' dir='ltr'><strong>vultus,»</strong></span> 
     </span>
    </p>
   </div>
   <div class='ocr_carea' id='block_1_25' title="bbox 1939 945 3520 1020">
    <p class='ocr_par' dir='ltr' id='par_1_25' title="bbox 1939 945 3520 1020">
     <span class='ocr_line' id='line_1_25' title="bbox 1939 945 3520 1020; baseline -0.001 -17"><span class='ocrx_word' id='word_1_153' title='bbox 1939 963 2106 1020; x_wconf 89' lang='lat' dir='ltr'><strong>quam</strong></span> <span class='ocrx_word' id='word_1_154' title='bbox 2150 961 2218 1002; x_wconf 80' lang='lat' dir='ltr'><strong>ex</strong></span> <span class='ocrx_word' id='word_1_155' title='bbox 2265 945 2601 1016; x_wconf 77' lang='lat' dir='ltr'><strong>benignitate</strong></span> <span class='ocrx_word' id='word_1_156' title='bbox 2641 953 2702 1016; x_wconf 57' lang='lat' dir='ltr'><strong>,et</strong></span> <span class='ocrx_word' id='word_1_157' title='bbox 2745 948 2887 1000; x_wconf 84' lang='lat' dir='ltr'><strong>comi</strong></span> <span class='ocrx_word' id='word_1_158' title='bbox 2933 949 3164 1002; x_wconf 90' lang='lat' dir='ltr'><strong>nimium</strong></span> <span class='ocrx_word' id='word_1_159' title='bbox 3214 949 3520 1018; x_wconf 83' lang='lat' dir='ltr'><strong>blandoque</strong></span> 
     </span>
    </p>
   </div>
   <div class='ocr_carea' id='block_1_26' title="bbox 1939 1036 3523 1112">
    <p class='ocr_par' dir='ltr' id='par_1_26' title="bbox 1939 1036 3523 1112">
     <span class='ocr_line' id='line_1_26' title="bbox 1939 1036 3523 1112; baseline 0.001 -17"><span class='ocrx_word' id='word_1_160' title='bbox 1939 1049 2161 1111; x_wconf 88' lang='lat' dir='ltr'><strong>aspectu</strong></span> <span class='ocrx_word' id='word_1_161' title='bbox 2204 1039 2338 1110; x_wconf 80' lang='lat'><strong>(58).</strong></span> <span class='ocrx_word' id='word_1_162' title='bbox 2396 1036 2522 1092; x_wconf 67' lang='lat' dir='ltr'><strong>llaec</strong></span> <span class='ocrx_word' id='word_1_163' title='bbox 2568 1037 2734 1108; x_wconf 76' lang='lat' dir='ltr'><strong>igitur</strong></span> <span class='ocrx_word' id='word_1_164' title='bbox 2787 1039 2904 1108; x_wconf 90' lang='lat' dir='ltr'><strong>ipsa</strong></span> <span class='ocrx_word' id='word_1_165' title='bbox 2948 1049 3256 1096; x_wconf 85' lang='lat' dir='ltr'><strong>retractans</strong></span> <span class='ocrx_word' id='word_1_166' title='bbox 3299 1041 3523 1112; x_wconf 81' lang='lat' dir='ltr'><strong>sapiens</strong></span> 
     </span>
    </p>
   </div>
   <div class='ocr_carea' id='block_1_27' title="bbox 1923 1112 3370 1210">
    <p class='ocr_par' dir='ltr' id='par_1_27' title="bbox 1923 1112 3370 1210">
     <span class='ocr_line' id='line_1_27' title="bbox 1923 1112 3370 1210; baseline -0.003 -23"><span class='ocrx_word' id='word_1_167' title='bbox 1923 1112 2326 1199; x_wconf 49' lang='lat' dir='ltr'><strong>.Ecclcsiastes,</strong></span> <span class='ocrx_word' id='word_1_168' title='bbox 2361 1131 2550 1200; x_wconf 78' lang='lat' dir='ltr'><strong>utique</strong></span> <span class='ocrx_word' id='word_1_169' title='bbox 2580 1129 2816 1198; x_wconf 80' lang='lat' dir='ltr'><strong>subjecit</strong></span> <span class='ocrx_word' id='word_1_170' title='bbox 2829 1148 2861 1210; x_wconf 82' lang='lat'><strong>_:</strong></span> <span class='ocrx_word' id='word_1_171' title='bbox 3359 1113 3370 1122; x_wconf 53' lang='grc'><em>’</em></span> 
     </span>
    </p>
   </div>
   <div class='ocr_carea' id='block_1_28' title="bbox 2007 1419 3506 1491">
    <p class='ocr_par' dir='ltr' id='par_1_28' title="bbox 2007 1419 3506 1491">
     <span class='ocr_line' id='line_1_28' title="bbox 2007 1419 3506 1491; baseline 0.002 -15"><span class='ocrx_word' id='word_1_172' title='bbox 2007 1421 2174 1476; x_wconf 70' lang='lat' dir='ltr'><strong>Vnus.</strong></span> <span class='ocrx_word' id='word_1_173' title='bbox 2206 1421 2258 1476; x_wconf 80' lang='lat'><strong>5.</strong></span> <span class='ocrx_word' id='word_1_174' title='bbox 2300 1419 2460 1491; x_wconf 79' lang='lat'><strong>169</strong></span> <span class='ocrx_word' id='word_1_175' title='bbox 2522 1419 2628 1474; x_wconf 85' lang='lat' dir='ltr'><strong>Cor</strong></span> <span class='ocrx_word' id='word_1_176' title='bbox 2671 1421 2968 1490; x_wconf 75' lang='lat' dir='ltr'><strong>sapientum</strong></span> <span class='ocrx_word' id='word_1_177' title='bbox 3008 1421 3062 1474; x_wconf 81' lang='lat' dir='ltr'><strong>in</strong></span> <span class='ocrx_word' id='word_1_178' title='bbox 3099 1422 3257 1477; x_wconf 85' lang='lat' dir='ltr'><strong>domo</strong></span> <span class='ocrx_word' id='word_1_179' title='bbox 3297 1423 3506 1488; x_wconf 66' lang='lat' dir='ltr'><strong>luctus;</strong></span> 
     </span>
    </p>
   </div>
   <div class='ocr_carea' id='block_1_29' title="bbox 1933 1512 2960 1579">
    <p class='ocr_par' dir='ltr' id='par_1_29' title="bbox 1933 1512 2960 1579">
     <span class='ocr_line' id='line_1_29' title="bbox 1933 1512 2960 1579; baseline -0.003 -10"><span class='ocrx_word' id='word_1_180' title='bbox 1933 1531 2024 1569; x_wconf 83' lang='lat' dir='ltr'><strong>cor</strong></span> <span class='ocrx_word' id='word_1_181' title='bbox 2063 1513 2424 1579; x_wconf 79' lang='lat' dir='ltr'><strong>insipientium</strong></span> <span class='ocrx_word' id='word_1_182' title='bbox 2466 1513 2522 1565; x_wconf 82' lang='lat' dir='ltr'><strong>in</strong></span> <span class='ocrx_word' id='word_1_183' title='bbox 2551 1512 2960 1567; x_wconf 69' lang='lat' dir='ltr'><strong>domolwlitiw.</strong></span> 
     </span>
    </p>
   </div>
   <div class='ocr_carea' id='block_1_30' title="bbox 2004 1605 3515 1678">
    <p class='ocr_par' dir='ltr' id='par_1_30' title="bbox 2004 1605 3515 1678">
     <span class='ocr_line' id='line_1_30' title="bbox 2004 1605 3515 1678; baseline 0.002 -18"><span class='ocrx_word' id='word_1_184' title='bbox 2004 1606 2137 1660; x_wconf 66' lang='lat' dir='ltr'><strong>Item</strong></span> <span class='ocrx_word' id='word_1_185' title='bbox 2170 1607 2367 1659; x_wconf 85' lang='lat' dir='ltr'><strong>bonam</strong></span> <span class='ocrx_word' id='word_1_186' title='bbox 2401 1605 2724 1673; x_wconf 89' lang='lat' dir='ltr'><strong>simpliciter</strong></span> <span class='ocrx_word' id='word_1_187' title='bbox 2755 1605 2889 1660; x_wconf 80' lang='lat' dir='ltr'><strong>dixit</strong></span> <span class='ocrx_word' id='word_1_188' title='bbox 2919 1606 3191 1675; x_wconf 75' lang='lat' dir='ltr'><strong>superius,</strong></span> <span class='ocrx_word' id='word_1_189' title='bbox 3220 1606 3299 1662; x_wconf 85' lang='lat' dir='ltr'><strong>ire</strong></span> <span class='ocrx_word' id='word_1_190' title='bbox 3328 1608 3515 1678; x_wconf 77' lang='lat' dir='ltr'><strong>potius</strong></span> 
     </span>
    </p>
   </div>
   <div class='ocr_carea' id='block_1_31' title="bbox 1932 1693 3515 1764">
    <p class='ocr_par' dir='ltr' id='par_1_31' title="bbox 1932 1693 3515 1764">
     <span class='ocr_line' id='line_1_31' title="bbox 1932 1693 3515 1764; baseline -0.001 -13"><span class='ocrx_word' id='word_1_191' title='bbox 1932 1697 1987 1752; x_wconf 88' lang='lat' dir='ltr'><strong>in</strong></span> <span class='ocrx_word' id='word_1_192' title='bbox 2003 1697 2225 1751; x_wconf 89' lang='lat' dir='ltr'><strong>domum</strong></span> <span class='ocrx_word' id='word_1_193' title='bbox 2247 1695 2448 1757; x_wconf 78' lang='lat' dir='ltr'><strong>luctus,</strong></span> <span class='ocrx_word' id='word_1_194' title='bbox 2473 1709 2635 1762; x_wconf 91' lang='lat' dir='ltr'><strong>quam</strong></span> <span class='ocrx_word' id='word_1_195' title='bbox 2656 1695 2708 1746; x_wconf 93' lang='lat' dir='ltr'><strong>in</strong></span> <span class='ocrx_word' id='word_1_196' title='bbox 2726 1693 2947 1748; x_wconf 85' lang='lat' dir='ltr'><strong>domum</strong></span> <span class='ocrx_word' id='word_1_197' title='bbox 2971 1695 3226 1760; x_wconf 84' lang='lat' dir='ltr'><strong>convivii,</strong></span> <span class='ocrx_word' id='word_1_198' title='bbox 3247 1695 3315 1749; x_wconf 92' lang='lat' dir='ltr'><strong>ob</strong></span> <span class='ocrx_word' id='word_1_199' title='bbox 3333 1696 3515 1764; x_wconf 84' lang='lat' dir='ltr'><strong>ipsum</strong></span> 
     </span>
    </p>
   </div>
   <div class='ocr_carea' id='block_1_32' title="bbox 246 1768 1827 1871">
    <p class='ocr_par' dir='ltr' id='par_1_32' title="bbox 246 1797 1827 1871">
     <span class='ocr_line' id='line_1_32' title="bbox 246 1797 1827 1871; baseline 0.001 -22"><span class='ocrx_word' id='word_1_200' title='bbox 246 1797 533 1868; x_wconf 73' lang='grc' dir='ltr'><strong>ἑκατέρων</strong></span> <span class='ocrx_word' id='word_1_201' title='bbox 561 1799 674 1850; x_wconf 84' lang='grc' dir='ltr'><strong>τῶν</strong></span> <span class='ocrx_word' id='word_1_202' title='bbox 693 1797 864 1852; x_wconf 78' lang='grc' dir='ltr'>οἴκων</span> <span class='ocrx_word' id='word_1_203' title='bbox 887 1840 902 1866; x_wconf 93' lang='grc'><strong>,</strong></span> <span class='ocrx_word' id='word_1_204' title='bbox 938 1801 1034 1854; x_wconf 82' lang='grc' dir='ltr'>νῦν</span> <span class='ocrx_word' id='word_1_205' title='bbox 1065 1799 1418 1871; x_wconf 87' lang='grc' dir='ltr'>προστίθησι,</span> <span class='ocrx_word' id='word_1_206' title='bbox 1459 1803 1554 1852; x_wconf 77' lang='grc' dir='ltr'><strong>καὶ</strong></span> <span class='ocrx_word' id='word_1_207' title='bbox 1583 1800 1827 1852; x_wconf 83' lang='grc' dir='ltr'>διεσταλ-</span> 
     </span>
    </p>
   </div>
   <div class='ocr_carea' id='block_1_33' title="bbox 1929 1768 3514 1871">
    <p class='ocr_par' dir='ltr' id='par_1_33' title="bbox 1931 1783 3514 1856">
     <span class='ocr_line' id='line_1_33' title="bbox 1931 1783 3514 1856; baseline -0.001 -14"><span class='ocrx_word' id='word_1_208' title='bbox 1931 1801 2125 1856; x_wconf 90' lang='lat' dir='ltr'><strong>nempe</strong></span> <span class='ocrx_word' id='word_1_209' title='bbox 2142 1785 2341 1840; x_wconf 90' lang='lat' dir='ltr'><strong>domus</strong></span> <span class='ocrx_word' id='word_1_210' title='bbox 2370 1793 2446 1840; x_wconf 72' lang='lat' dir='ltr'><strong>uti</strong></span> <span class='ocrx_word' id='word_1_211' title='bbox 2464 1785 2659 1853; x_wconf 86' lang='lat' dir='ltr'><strong>iusque</strong></span> <span class='ocrx_word' id='word_1_212' title='bbox 2684 1783 3000 1838; x_wconf 82' lang='lat' dir='ltr'><strong>discrimen.</strong></span> <span class='ocrx_word' id='word_1_213' title='bbox 3028 1785 3208 1855; x_wconf 77' lang='lat' dir='ltr'><strong>Pergit</strong></span> <span class='ocrx_word' id='word_1_214' title='bbox 3261 1801 3430 1850; x_wconf 87' lang='lat' dir='ltr'><strong>nunc,</strong></span> <span class='ocrx_word' id='word_1_215' title='bbox 3457 1797 3514 1841; x_wconf 72' lang='lat' dir='ltr'><strong>et</strong></span> 
     </span>
    </p>
   </div>
   <div class='ocr_carea' id='block_1_34' title="bbox 248 1887 1827 1960">
    <p class='ocr_par' dir='ltr' id='par_1_34' title="bbox 248 1887 1827 1960">
     <span class='ocr_line' id='line_1_34' title="bbox 248 1887 1827 1960; baseline 0.001 -20"><span class='ocrx_word' id='word_1_216' title='bbox 248 1887 430 1958; x_wconf 75' lang='grc' dir='ltr'>μένως</span> <span class='ocrx_word' id='word_1_217' title='bbox 461 1888 718 1959; x_wconf 84' lang='grc' dir='ltr'><strong>ὀνομάζει</strong></span> <span class='ocrx_word' id='word_1_218' title='bbox 763 1891 964 1958; x_wconf 76' lang='grc' dir='ltr'>σοφοὺς</span> <span class='ocrx_word' id='word_1_219' title='bbox 1009 1893 1136 1952; x_wconf 75' lang='grc' dir='ltr'>τοὺς</span> <span class='ocrx_word' id='word_1_220' title='bbox 1182 1889 1408 1960; x_wconf 72' lang='grc' dir='ltr'>ἔχοντας</span> <span class='ocrx_word' id='word_1_221' title='bbox 1450 1890 1551 1958; x_wconf 78' lang='grc' dir='ltr'>τὴν</span> <span class='ocrx_word' id='word_1_222' title='bbox 1595 1889 1827 1960; x_wconf 74' lang='grc' dir='ltr'>καρδίαν</span> 
     </span>
    </p>
   </div>
   <div class='ocr_carea' id='block_1_35' title="bbox 243 1976 1828 2053">
    <p class='ocr_par' dir='ltr' id='par_1_35' title="bbox 243 1976 1828 2053">
     <span class='ocr_line' id='line_1_35' title="bbox 243 1976 1828 2053; baseline 0.003 -23"><span class='ocrx_word' id='word_1_223' title='bbox 243 1979 339 2031; x_wconf 72' lang='grc' dir='ltr'><strong>ἐπὶ</strong></span> <span class='ocrx_word' id='word_1_224' title='bbox 365 1979 461 2032; x_wconf 77' lang='grc' dir='ltr'><strong>τὸν</strong></span> <span class='ocrx_word' id='word_1_225' title='bbox 489 1976 640 2033; x_wconf 80' lang='grc' dir='ltr'>οἷκον</span> <span class='ocrx_word' id='word_1_226' title='bbox 660 1979 754 2034; x_wconf 78' lang='grc' dir='ltr'>τοῦ</span> <span class='ocrx_word' id='word_1_227' title='bbox 778 1981 1032 2048; x_wconf 77' lang='grc' dir='ltr'>πένθους,</span> <span class='ocrx_word' id='word_1_228' title='bbox 1067 1981 1308 2053; x_wconf 72' lang='grc' dir='ltr'>ἄφρονας</span> <span class='ocrx_word' id='word_1_229' title='bbox 1332 1982 1390 2034; x_wconf 83' lang='grc' dir='ltr'>δὲ</span> <span class='ocrx_word' id='word_1_230' title='bbox 1413 1982 1543 2044; x_wconf 80' lang='grc' dir='ltr'>τοὺς</span> <span class='ocrx_word' id='word_1_231' title='bbox 1561 1981 1659 2052; x_wconf 86' lang='grc' dir='ltr'><strong>τὴν</strong></span> <span class='ocrx_word' id='word_1_232' title='bbox 1688 1997 1828 2051; x_wconf 85' lang='grc' dir='ltr'>καρ-</span> 
     </span>
    </p>
   </div>
   <div class='ocr_carea' id='block_1_36' title="bbox 241 2069 1824 2144">
    <p class='ocr_par' dir='ltr' id='par_1_36' title="bbox 241 2069 1824 2144">
     <span class='ocr_line' id='line_1_36' title="bbox 241 2069 1824 2144; baseline 0.003 -22"><span class='ocrx_word' id='word_1_233' title='bbox 241 2069 362 2122; x_wconf 84' lang='grc' dir='ltr'>δίαν</span> <span class='ocrx_word' id='word_1_234' title='bbox 395 2071 624 2140; x_wconf 75' lang='grc' dir='ltr'>ἔχοντας</span> <span class='ocrx_word' id='word_1_235' title='bbox 650 2072 891 2142; x_wconf 76' lang='grc' dir='ltr'>ἔμπαλιν</span> <span class='ocrx_word' id='word_1_236' title='bbox 919 2075 998 2137; x_wconf 87' lang='grc' dir='ltr'><strong>είς</strong></span> <span class='ocrx_word' id='word_1_237' title='bbox 1028 2073 1120 2126; x_wconf 84' lang='grc' dir='ltr'><strong>τὸν</strong></span> <span class='ocrx_word' id='word_1_238' title='bbox 1153 2070 1301 2127; x_wconf 81' lang='grc' dir='ltr'>οἷκον</span> <span class='ocrx_word' id='word_1_239' title='bbox 1317 2074 1418 2143; x_wconf 77' lang='grc' dir='ltr'><strong>τῆς</strong></span> <span class='ocrx_word' id='word_1_240' title='bbox 1443 2073 1788 2144; x_wconf 79' lang='grc' dir='ltr'>εὐφροσύνης</span> <span class='ocrx_word' id='word_1_241' title='bbox 1809 2088 1824 2105; x_wconf 90' lang='grc'><strong>·</strong></span> 
     </span>
    </p>
   </div>
   <div class='ocr_carea' id='block_1_37' title="bbox 241 2162 1826 2234">
    <p class='ocr_par' dir='ltr' id='par_1_37' title="bbox 241 2162 1826 2234">
     <span class='ocr_line' id='line_1_37' title="bbox 241 2162 1826 2234; baseline 0.003 -21"><span class='ocrx_word' id='word_1_242' title='bbox 241 2162 495 2226; x_wconf 80' lang='grc' dir='ltr'>ἐκείνους</span> <span class='ocrx_word' id='word_1_243' title='bbox 517 2163 606 2216; x_wconf 73' lang='grc' dir='ltr'>διὰ</span> <span class='ocrx_word' id='word_1_244' title='bbox 635 2164 730 2217; x_wconf 74' lang='grc' dir='ltr'><strong>τοῦ</strong></span> <span class='ocrx_word' id='word_1_245' title='bbox 769 2165 1001 2219; x_wconf 80' lang='grc' dir='ltr'>καλέσαι</span> <span class='ocrx_word' id='word_1_246' title='bbox 1035 2168 1236 2232; x_wconf 76' lang='grc' dir='ltr'>σοφοὺς</span> <span class='ocrx_word' id='word_1_247' title='bbox 1263 2165 1696 2234; x_wconf 84' lang='grc' dir='ltr'>κατασεμνύνων</span> <span class='ocrx_word' id='word_1_248' title='bbox 1731 2163 1826 2217; x_wconf 78' lang='grc' dir='ltr'>καὶ</span> 
     </span>
    </p>
   </div>
   <div class='ocr_carea' id='block_1_38' title="bbox 241 2252 1827 2327">
    <p class='ocr_par' dir='ltr' id='par_1_38' title="bbox 241 2252 1827 2327">
     <span class='ocr_line' id='line_1_38' title="bbox 241 2252 1827 2327; baseline 0.003 -24"><span class='ocrx_word' id='word_1_249' title='bbox 241 2252 339 2322; x_wconf 80' lang='grc' dir='ltr'>τῆς</span> <span class='ocrx_word' id='word_1_250' title='bbox 377 2253 650 2307; x_wconf 77' lang='grc' dir='ltr'><strong>ἀνωτάτω</strong></span> <span class='ocrx_word' id='word_1_251' title='bbox 681 2254 956 2320; x_wconf 78' lang='grc' dir='ltr'>καταξιῶν</span> <span class='ocrx_word' id='word_1_252' title='bbox 991 2257 1271 2326; x_wconf 77' lang='grc' dir='ltr'>εὐφημίας</span> <span class='ocrx_word' id='word_1_253' title='bbox 1297 2273 1310 2287; x_wconf 72' lang='grc' dir='ltr'><strong>ο</strong></span> <span class='ocrx_word' id='word_1_254' title='bbox 1335 2259 1364 2309; x_wconf 86' lang='grc' dir='ltr'><strong><em>ὁ</em></strong></span> <span class='ocrx_word' id='word_1_255' title='bbox 1392 2257 1501 2327; x_wconf 82' lang='grc' dir='ltr'><strong>γὰρ</strong></span> <span class='ocrx_word' id='word_1_256' title='bbox 1543 2257 1709 2324; x_wconf 78' lang='grc' dir='ltr'>σοφὸς</span> <span class='ocrx_word' id='word_1_257' title='bbox 1735 2255 1827 2310; x_wconf 84' lang='grc' dir='ltr'><strong>ἄν-</strong></span> 
     </span>
    </p>
   </div>
   <div class='ocr_carea' id='block_1_39' title="bbox 242 2343 1828 2418">
    <p class='ocr_par' dir='ltr' id='par_1_39' title="bbox 242 2343 1828 2418">
     <span class='ocr_line' id='line_1_39' title="bbox 242 2343 1828 2418; baseline 0.001 -22"><span class='ocrx_word' id='word_1_258' title='bbox 242 2343 470 2414; x_wconf 88' lang='grc' dir='ltr'>θρωπος</span> <span class='ocrx_word' id='word_1_259' title='bbox 521 2347 862 2416; x_wconf 78' lang='grc' dir='ltr'>πανταχόθεν</span> <span class='ocrx_word' id='word_1_260' title='bbox 897 2347 1222 2418; x_wconf 78' lang='grc' dir='ltr'>ἐπιφέρεται</span> <span class='ocrx_word' id='word_1_261' title='bbox 1271 2348 1333 2402; x_wconf 82' lang='grc' dir='ltr'>τὸ</span> <span class='ocrx_word' id='word_1_262' title='bbox 1378 2349 1696 2400; x_wconf 77' lang='grc' dir='ltr'>ἐπαινετόνο</span> <span class='ocrx_word' id='word_1_263' title='bbox 1729 2347 1828 2416; x_wconf 76' lang='grc' dir='ltr'><strong>ἔμ-</strong></span> 
     </span>
    </p>
   </div>
   <div class='ocr_carea' id='block_1_40' title="bbox 242 2436 1826 2512">
    <p class='ocr_par' dir='ltr' id='par_1_40' title="bbox 242 2436 1826 2512">
     <span class='ocr_line' id='line_1_40' title="bbox 242 2436 1826 2512; baseline 0.002 -23"><span class='ocrx_word' id='word_1_264' title='bbox 242 2437 410 2490; x_wconf 90' lang='grc' dir='ltr'>παλιν</span> <span class='ocrx_word' id='word_1_265' title='bbox 441 2436 500 2490; x_wconf 78' lang='grc' dir='ltr'><strong>δὲ</strong></span> <span class='ocrx_word' id='word_1_266' title='bbox 533 2438 760 2502; x_wconf 85' lang='grc' dir='ltr'>τούτους</span> <span class='ocrx_word' id='word_1_267' title='bbox 789 2441 1212 2512; x_wconf 82' lang='grc' dir='ltr'>κατακωμῳδῶν</span> <span class='ocrx_word' id='word_1_268' title='bbox 1241 2441 1332 2494; x_wconf 86' lang='grc' dir='ltr'>διὰ</span> <span class='ocrx_word' id='word_1_269' title='bbox 1377 2441 1477 2510; x_wconf 76' lang='grc' dir='ltr'>τῆς</span> <span class='ocrx_word' id='word_1_270' title='bbox 1531 2440 1826 2510; x_wconf 83' lang='grc' dir='ltr'>ὀνομασίας</span> 
     </span>
    </p>
   </div>
   <div class='ocr_carea' id='block_1_41' title="bbox 238 2528 1826 2602">
    <p class='ocr_par' dir='ltr' id='par_1_41' title="bbox 238 2528 1826 2602">
     <span class='ocr_line' id='line_1_41' title="bbox 238 2528 1826 2602; baseline 0.001 -20"><span class='ocrx_word' id='word_1_271' title='bbox 238 2528 333 2582; x_wconf 80' lang='grc' dir='ltr'>τοῦ</span> <span class='ocrx_word' id='word_1_272' title='bbox 359 2529 603 2598; x_wconf 70' lang='grc' dir='ltr'>ἄφρονος</span> <span class='ocrx_word' id='word_1_273' title='bbox 626 2545 643 2564; x_wconf 79' lang='grc' dir='ltr'><strong><em>ο</em></strong></span> <span class='ocrx_word' id='word_1_274' title='bbox 675 2531 704 2582; x_wconf 85' lang='grc' dir='ltr'><strong>ὁ</strong></span> <span class='ocrx_word' id='word_1_275' title='bbox 733 2531 844 2601; x_wconf 74' lang='grc' dir='ltr'><strong>γὰρ</strong></span> <span class='ocrx_word' id='word_1_276' title='bbox 868 2531 1063 2602; x_wconf 85' lang='grc' dir='ltr'>ἄφρων</span> <span class='ocrx_word' id='word_1_277' title='bbox 1087 2533 1559 2602; x_wconf 83' lang='grc' dir='ltr'>κατεγνωσμένως</span> <span class='ocrx_word' id='word_1_278' title='bbox 1604 2533 1698 2585; x_wconf 78' lang='grc' dir='ltr'><strong>καὶ</strong></span> <span class='ocrx_word' id='word_1_279' title='bbox 1735 2532 1826 2601; x_wconf 69' lang='grc' dir='ltr'><strong>ψει</strong></span> 
     </span>
    </p>
   </div>
   <div class='ocr_carea' id='block_1_42' title="bbox 240 2621 1823 2694">
    <p class='ocr_par' dir='ltr' id='par_1_42' title="bbox 240 2621 1823 2694">
     <span class='ocr_line' id='line_1_42' title="bbox 240 2621 1823 2694; baseline 0 -20"><span class='ocrx_word' id='word_1_280' title='bbox 240 2621 384 2684; x_wconf 84' lang='grc' dir='ltr'>κτῶς</span> <span class='ocrx_word' id='word_1_281' title='bbox 410 2621 598 2674; x_wconf 86' lang='grc' dir='ltr'>πάντα</span> <span class='ocrx_word' id='word_1_282' title='bbox 619 2622 917 2676; x_wconf 84' lang='grc' dir='ltr'>διανοεῖται</span> <span class='ocrx_word' id='word_1_283' title='bbox 945 2623 1042 2676; x_wconf 74' lang='grc' dir='ltr'><strong>καὶ</strong></span> <span class='ocrx_word' id='word_1_284' title='bbox 1073 2623 1224 2692; x_wconf 80' lang='grc' dir='ltr'><strong>λέγει</strong></span> <span class='ocrx_word' id='word_1_285' title='bbox 1256 2626 1351 2678; x_wconf 80' lang='grc' dir='ltr'><strong>καὶ</strong></span> <span class='ocrx_word' id='word_1_286' title='bbox 1383 2625 1508 2694; x_wconf 80' lang='grc' dir='ltr'>δρᾷ,</span> <span class='ocrx_word' id='word_1_287' title='bbox 1541 2623 1678 2693; x_wconf 80' lang='grc' dir='ltr'>πρὸς</span> <span class='ocrx_word' id='word_1_288' title='bbox 1715 2641 1823 2694; x_wconf 84' lang='grc' dir='ltr'>μη-</span> 
     </span>
    </p>
   </div>
   <div class='ocr_carea' id='block_1_43' title="bbox 238 2711 1322 2785">
    <p class='ocr_par' dir='ltr' id='par_1_43' title="bbox 238 2711 1322 2785">
     <span class='ocr_line' id='line_1_43' title="bbox 238 2711 1322 2785; baseline 0.005 -21"><span class='ocrx_word' id='word_1_289' title='bbox 238 2711 328 2766; x_wconf 82' lang='grc' dir='ltr'>δὲν</span> <span class='ocrx_word' id='word_1_290' title='bbox 349 2712 640 2774; x_wconf 80' lang='grc' dir='ltr'>λυσιτελὲς</span> <span class='ocrx_word' id='word_1_291' title='bbox 671 2715 1095 2784; x_wconf 83' lang='grc' dir='ltr'>ἀποτεινόμενος</span> <span class='ocrx_word' id='word_1_292' title='bbox 1125 2715 1322 2785; x_wconf 80' lang='grc' dir='ltr'>πέρας.</span> 
     </span>
    </p>
   </div>
   <div class='ocr_carea' id='block_1_44' title="bbox 308 2803 1822 2878">
    <p class='ocr_par' dir='ltr' id='par_1_44' title="bbox 308 2803 1822 2878">
     <span class='ocr_line' id='line_1_44' title="bbox 308 2803 1822 2878; baseline 0.001 -21"><span class='ocrx_word' id='word_1_293' title='bbox 308 2803 530 2858; x_wconf 83' lang='grc' dir='ltr'>Οὐκοῦν</span> <span class='ocrx_word' id='word_1_294' title='bbox 581 2804 690 2875; x_wconf 76' lang='grc' dir='ltr'>ἄρα</span> <span class='ocrx_word' id='word_1_295' title='bbox 743 2805 844 2876; x_wconf 81' lang='grc' dir='ltr'>τὴν</span> <span class='ocrx_word' id='word_1_296' title='bbox 878 2806 1246 2878; x_wconf 73' lang='grc' dir='ltr'>εύαγγελικην</span> <span class='ocrx_word' id='word_1_297' title='bbox 1292 2806 1569 2860; x_wconf 77' lang='grc' dir='ltr'>πολιτείαν</span> <span class='ocrx_word' id='word_1_298' title='bbox 1597 2806 1822 2874; x_wconf 85' lang='grc' dir='ltr'>προδια-</span> 
     </span>
    </p>
   </div>
   <div class='ocr_carea' id='block_1_45' title="bbox 243 2892 1820 2968">
    <p class='ocr_par' dir='ltr' id='par_1_45' title="bbox 243 2892 1820 2968">
     <span class='ocr_line' id='line_1_45' title="bbox 243 2892 1820 2968; baseline 0.002 -22"><span class='ocrx_word' id='word_1_299' title='bbox 243 2892 451 2962; x_wconf 79' lang='grc' dir='ltr'>γράφει</span> <span class='ocrx_word' id='word_1_300' title='bbox 477 2893 575 2947; x_wconf 79' lang='grc' dir='ltr'>καὶ</span> <span class='ocrx_word' id='word_1_301' title='bbox 595 2894 999 2967; x_wconf 77' lang='grc' dir='ltr'>χαρακτηρίζει</span> <span class='ocrx_word' id='word_1_302' title='bbox 1023 2896 1213 2964; x_wconf 79' lang='grc' dir='ltr'>σαφῶς</span> <span class='ocrx_word' id='word_1_303' title='bbox 1231 2897 1320 2950; x_wconf 85' lang='grc' dir='ltr'>διὰ</span> <span class='ocrx_word' id='word_1_304' title='bbox 1359 2898 1466 2950; x_wconf 87' lang='grc' dir='ltr'><strong>τῶν</strong></span> <span class='ocrx_word' id='word_1_305' title='bbox 1491 2899 1612 2968; x_wconf 84' lang='grc' dir='ltr'>είρη</span> <span class='ocrx_word' id='word_1_306' title='bbox 1621 2897 1820 2967; x_wconf 88' lang='grc' dir='ltr'>μένων.</span> 
     </span>
    </p>
   </div>
   <div class='ocr_carea' id='block_1_46' title="bbox 259 2985 1820 3060">
    <p class='ocr_par' dir='ltr' id='par_1_46' title="bbox 259 2985 1820 3060">
     <span class='ocr_line' id='line_1_46' title="bbox 259 2985 1820 3060; baseline 0.002 -21"><span class='ocrx_word' id='word_1_307' title='bbox 259 2985 350 3050; x_wconf 80' lang='grc' dir='ltr'>Ὣς</span> <span class='ocrx_word' id='word_1_308' title='bbox 375 2986 486 3058; x_wconf 85' lang='grc' dir='ltr'><strong>γὰρ</strong></span> <span class='ocrx_word' id='word_1_309' title='bbox 513 2987 574 3038; x_wconf 81' lang='grc' dir='ltr'><strong>τὸ</strong></span> <span class='ocrx_word' id='word_1_310' title='bbox 597 2987 698 3056; x_wconf 81' lang='grc' dir='ltr'>τῆς</span> <span class='ocrx_word' id='word_1_311' title='bbox 735 2988 1010 3059; x_wconf 83' lang='grc' dir='ltr'>σωτηρίας</span> <span class='ocrx_word' id='word_1_312' title='bbox 1045 2989 1203 3060; x_wconf 78' lang='grc' dir='ltr'>ἡμῶν</span> <span class='ocrx_word' id='word_1_313' title='bbox 1237 2988 1570 3058; x_wconf 82' lang='grc' dir='ltr'>Εὐαγγέλιον</span> <span class='ocrx_word' id='word_1_314' title='bbox 1596 2991 1820 3042; x_wconf 75' lang='grc' dir='ltr'>ἐπαινε-</span> 
     </span>
    </p>
   </div>
   <div class='ocr_carea' id='block_1_47' title="bbox 247 3079 1818 3152">
    <p class='ocr_par' dir='ltr' id='par_1_47' title="bbox 247 3079 1818 3152">
     <span class='ocr_line' id='line_1_47' title="bbox 247 3079 1818 3152; baseline 0 -20"><span class='ocrx_word' id='word_1_315' title='bbox 247 3083 371 3142; x_wconf 80' lang='grc' dir='ltr'>τοὺς</span> <span class='ocrx_word' id='word_1_316' title='bbox 399 3081 620 3150; x_wconf 74' lang='grc' dir='ltr'>ἡγεῖται</span> <span class='ocrx_word' id='word_1_317' title='bbox 648 3079 744 3132; x_wconf 77' lang='grc' dir='ltr'>καὶ</span> <span class='ocrx_word' id='word_1_318' title='bbox 777 3081 1088 3152; x_wconf 85' lang='grc' dir='ltr'>μακαρίους</span> <span class='ocrx_word' id='word_1_319' title='bbox 1135 3081 1264 3144; x_wconf 84' lang='grc' dir='ltr'>τοὺς</span> <span class='ocrx_word' id='word_1_320' title='bbox 1302 3081 1641 3144; x_wconf 77' lang='grc' dir='ltr'>πενθοῦντας</span> <span class='ocrx_word' id='word_1_321' title='bbox 1669 3081 1818 3148; x_wconf 85' lang='grc' dir='ltr'>ποιρά</span> 
     </span>
    </p>
   </div>
   <div class='ocr_carea' id='block_1_48' title="bbox 1931 1873 3518 1944">
    <p class='ocr_par' dir='ltr' id='par_1_48' title="bbox 1931 1873 3518 1944">
     <span class='ocr_line' id='line_1_48' title="bbox 1931 1873 3518 1944; baseline -0.001 -11"><span class='ocrx_word' id='word_1_322' title='bbox 1931 1878 2188 1934; x_wconf 87' lang='lat' dir='ltr'><strong>distincte</strong></span> <span class='ocrx_word' id='word_1_323' title='bbox 2231 1875 2508 1944; x_wconf 89' lang='lat' dir='ltr'><strong>sapientes</strong></span> <span class='ocrx_word' id='word_1_324' title='bbox 2559 1873 2832 1944; x_wconf 80' lang='lat' dir='ltr'><strong>appellat,</strong></span> <span class='ocrx_word' id='word_1_325' title='bbox 2877 1875 2969 1944; x_wconf 86' lang='lat' dir='ltr'><strong>qui</strong></span> <span class='ocrx_word' id='word_1_326' title='bbox 3020 1875 3074 1929; x_wconf 91' lang='lat' dir='ltr'><strong>in</strong></span> <span class='ocrx_word' id='word_1_327' title='bbox 3126 1875 3291 1930; x_wconf 89' lang='lat' dir='ltr'><strong>domo</strong></span> <span class='ocrx_word' id='word_1_328' title='bbox 3333 1877 3518 1932; x_wconf 79' lang='lat' dir='ltr'><strong>luctus</strong></span> 
     </span>
    </p>
   </div>
   <div class='ocr_carea' id='block_1_49' title="bbox 1934 1967 3520 2038">
    <p class='ocr_par' dir='ltr' id='par_1_49' title="bbox 1934 1967 3520 2038">
     <span class='ocr_line' id='line_1_49' title="bbox 1934 1967 3520 2038; baseline -0.001 -14"><span class='ocrx_word' id='word_1_329' title='bbox 1934 1970 2118 2024; x_wconf 88' lang='lat' dir='ltr'><strong>animo</strong></span> <span class='ocrx_word' id='word_1_330' title='bbox 2138 1976 2452 2032; x_wconf 86' lang='lat' dir='ltr'><strong>versantur,</strong></span> <span class='ocrx_word' id='word_1_331' title='bbox 2474 1967 2794 2037; x_wconf 83' lang='lat' dir='ltr'><strong>insipientes</strong></span> <span class='ocrx_word' id='word_1_332' title='bbox 2819 1981 2850 2020; x_wconf 92' lang='lat' dir='ltr'><strong>e</strong></span> <span class='ocrx_word' id='word_1_333' title='bbox 2877 1967 3179 2032; x_wconf 83' lang='lat' dir='ltr'><strong>contrario,</strong></span> <span class='ocrx_word' id='word_1_334' title='bbox 3209 1969 3304 2038; x_wconf 87' lang='lat' dir='ltr'><strong>qui</strong></span> <span class='ocrx_word' id='word_1_335' title='bbox 3333 1971 3520 2024; x_wconf 77' lang='lat' dir='ltr'><strong>animo</strong></span> 
     </span>
    </p>
   </div>
   <div class='ocr_carea' id='block_1_50' title="bbox 1933 2057 3514 2129">
    <p class='ocr_par' dir='ltr' id='par_1_50' title="bbox 1933 2057 3514 2129">
     <span class='ocr_line' id='line_1_50' title="bbox 1933 2057 3514 2129; baseline 0 -15"><span class='ocrx_word' id='word_1_336' title='bbox 1933 2069 2224 2115; x_wconf 83' lang='lat' dir='ltr'><strong>versantur</strong></span> <span class='ocrx_word' id='word_1_337' title='bbox 2259 2061 2312 2114; x_wconf 90' lang='lat' dir='ltr'><strong>in</strong></span> <span class='ocrx_word' id='word_1_338' title='bbox 2343 2059 2508 2114; x_wconf 91' lang='lat' dir='ltr'><strong>domo</strong></span> <span class='ocrx_word' id='word_1_339' title='bbox 2536 2058 2753 2113; x_wconf 69' lang='lat' dir='ltr'><strong>lmtitiae.</strong></span> <span class='ocrx_word' id='word_1_340' title='bbox 2778 2057 2957 2128; x_wconf 84' lang='lat' dir='ltr'><strong>Atque</strong></span> <span class='ocrx_word' id='word_1_341' title='bbox 2989 2059 3110 2114; x_wconf 87' lang='lat' dir='ltr'><strong>illos</strong></span> <span class='ocrx_word' id='word_1_342' title='bbox 3136 2061 3352 2129; x_wconf 86' lang='lat' dir='ltr'><strong>quidem</strong></span> <span class='ocrx_word' id='word_1_343' title='bbox 3383 2063 3514 2116; x_wconf 84' lang='lat' dir='ltr'><strong>dum</strong></span> 
     </span>
    </p>
   </div>
   <div class='ocr_carea' id='block_1_51' title="bbox 1934 2149 3518 2220">
    <p class='ocr_par' dir='ltr' id='par_1_51' title="bbox 1934 2149 3518 2220">
     <span class='ocr_line' id='line_1_51' title="bbox 1934 2149 3518 2220; baseline 0.001 -15"><span class='ocrx_word' id='word_1_344' title='bbox 1934 2152 2210 2220; x_wconf 86' lang='lat' dir='ltr'><strong>sapientes</strong></span> <span class='ocrx_word' id='word_1_345' title='bbox 2246 2160 2436 2215; x_wconf 85' lang='lat' dir='ltr'><strong>vocat,</strong></span> <span class='ocrx_word' id='word_1_346' title='bbox 2467 2151 2701 2205; x_wconf 84' lang='lat' dir='ltr'><strong>honorat</strong></span> <span class='ocrx_word' id='word_1_347' title='bbox 2735 2149 3002 2210; x_wconf 81' lang='lat' dir='ltr'><strong>maxime,</strong></span> <span class='ocrx_word' id='word_1_348' title='bbox 3042 2166 3106 2203; x_wconf 87' lang='lat' dir='ltr'><strong>ac</strong></span> <span class='ocrx_word' id='word_1_349' title='bbox 3136 2153 3369 2207; x_wconf 87' lang='lat' dir='ltr'><strong>summis</strong></span> <span class='ocrx_word' id='word_1_350' title='bbox 3405 2153 3518 2207; x_wconf 84' lang='lat' dir='ltr'><strong>lan-</strong></span> 
     </span>
    </p>
   </div>
   <div class='ocr_carea' id='block_1_52' title="bbox 1933 2239 3512 2313">
    <p class='ocr_par' dir='ltr' id='par_1_52' title="bbox 1933 2239 3512 2313">
     <span class='ocr_line' id='line_1_52' title="bbox 1933 2239 3512 2313; baseline -0.001 -16"><span class='ocrx_word' id='word_1_351' title='bbox 1933 2242 2094 2299; x_wconf 90' lang='lat' dir='ltr'><strong>dibus</strong></span> <span class='ocrx_word' id='word_1_352' title='bbox 2139 2241 2625 2313; x_wconf 81' lang='lat' dir='ltr'><strong>dignos-declarat.</strong></span> <span class='ocrx_word' id='word_1_353' title='bbox 2669 2239 2762 2294; x_wconf 83' lang='lat' dir='ltr'><strong>Vir</strong></span> <span class='ocrx_word' id='word_1_354' title='bbox 2799 2241 2948 2294; x_wconf 90' lang='lat' dir='ltr'><strong>enim</strong></span> <span class='ocrx_word' id='word_1_355' title='bbox 2985 2241 3204 2310; x_wconf 83' lang='lat' dir='ltr'><strong>sapiens</strong></span> <span class='ocrx_word' id='word_1_356' title='bbox 3231 2242 3355 2313; x_wconf 86' lang='lat' dir='ltr'><strong>jure</strong></span> <span class='ocrx_word' id='word_1_357' title='bbox 3383 2259 3512 2313; x_wconf 86' lang='lat' dir='ltr'><strong>quo-</strong></span> 
     </span>
    </p>
   </div>
   <div class='ocr_carea' id='block_1_53' title="bbox 1932 2331 3516 2402">
    <p class='ocr_par' dir='ltr' id='par_1_53' title="bbox 1932 2331 3516 2402">
     <span class='ocr_line' id='line_1_53' title="bbox 1932 2331 3516 2402; baseline 0.001 -14"><span class='ocrx_word' id='word_1_358' title='bbox 1932 2333 2057 2388; x_wconf 89' lang='lat' dir='ltr'><strong>dam</strong></span> <span class='ocrx_word' id='word_1_359' title='bbox 2093 2349 2194 2389; x_wconf 88' lang='lat' dir='ltr'><strong>suo</strong></span> <span class='ocrx_word' id='word_1_360' title='bbox 2227 2349 2392 2388; x_wconf 90' lang='lat' dir='ltr'><strong>omne</strong></span> <span class='ocrx_word' id='word_1_361' title='bbox 2427 2335 2528 2386; x_wconf 79' lang='lat' dir='ltr'><strong>sibi</strong></span> <span class='ocrx_word' id='word_1_362' title='bbox 2567 2331 2897 2402; x_wconf 69' lang='lat' dir='ltr'><strong>pratconium</strong></span> <span class='ocrx_word' id='word_1_363' title='bbox 2933 2333 3188 2388; x_wconf 78' lang='lat' dir='ltr'><strong>vindicat.</strong></span> <span class='ocrx_word' id='word_1_364' title='bbox 3231 2334 3342 2390; x_wconf 81' lang='lat' dir='ltr'><strong>llos</strong></span> <span class='ocrx_word' id='word_1_365' title='bbox 3386 2351 3516 2390; x_wconf 74' lang='lat' dir='ltr'><strong>vero</strong></span> 
     </span>
    </p>
   </div>
   <div class='ocr_carea' id='block_1_54' title="bbox 1931 2425 3512 2496">
    <p class='ocr_par' dir='ltr' id='par_1_54' title="bbox 1931 2425 3512 2496">
     <span class='ocr_line' id='line_1_54' title="bbox 1931 2425 3512 2496; baseline -0.001 -16"><span class='ocrx_word' id='word_1_366' title='bbox 1931 2427 2293 2496; x_wconf 86' lang='lat' dir='ltr'><strong>appellatione</strong></span> <span class='ocrx_word' id='word_1_367' title='bbox 2337 2425 2646 2494; x_wconf 85' lang='lat' dir='ltr'><strong>insipientis</strong></span> <span class='ocrx_word' id='word_1_368' title='bbox 2675 2439 2729 2492; x_wconf 88' lang='lat' dir='ltr'><strong>_e</strong></span> <span class='ocrx_word' id='word_1_369' title='bbox 2771 2425 3052 2478; x_wconf 85' lang='lat' dir='ltr'><strong>contrario</strong></span> <span class='ocrx_word' id='word_1_370' title='bbox 3102 2425 3261 2494; x_wconf 84' lang='lat' dir='ltr'><strong>plane</strong></span> <span class='ocrx_word' id='word_1_371' title='bbox 3329 2427 3512 2496; x_wconf 88' lang='lat' dir='ltr'><strong>depri-</strong></span> 
     </span>
    </p>
   </div>
   <div class='ocr_carea' id='block_1_55' title="bbox 1932 2515 3514 2589">
    <p class='ocr_par' dir='ltr' id='par_1_55' title="bbox 1932 2515 3514 2589">
     <span class='ocr_line' id='line_1_55' title="bbox 1932 2515 3514 2589; baseline 0.001 -17"><span class='ocrx_word' id='word_1_372' title='bbox 1932 2520 2074 2573; x_wconf 87' lang='lat' dir='ltr'><strong>mit:</strong></span> <span class='ocrx_word' id='word_1_373' title='bbox 2121 2533 2248 2572; x_wconf 91' lang='lat' dir='ltr'><strong>nam</strong></span> <span class='ocrx_word' id='word_1_374' title='bbox 2283 2517 2552 2587; x_wconf 88' lang='lat' dir='ltr'><strong>insipiens</strong></span> <span class='ocrx_word' id='word_1_375' title='bbox 2587 2517 2641 2570; x_wconf 90' lang='lat' dir='ltr'><strong>in</strong></span> <span class='ocrx_word' id='word_1_376' title='bbox 2672 2515 2738 2570; x_wconf 91' lang='lat' dir='ltr'><strong>iis</strong></span> <span class='ocrx_word' id='word_1_377' title='bbox 2765 2516 3042 2580; x_wconf 84' lang='lat' dir='ltr'><strong>omnibus,</strong></span> <span class='ocrx_word' id='word_1_378' title='bbox 3083 2533 3205 2586; x_wconf 73' lang='lat' dir='ltr'><strong>qua:</strong></span> <span class='ocrx_word' id='word_1_379' title='bbox 3231 2520 3432 2589; x_wconf 77' lang='lat' dir='ltr'><strong>cogitat</strong></span> <span class='ocrx_word' id='word_1_380' title='bbox 3459 2529 3514 2574; x_wconf 89' lang='lat' dir='ltr'><strong>et</strong></span> 
     </span>
    </p>
   </div>
   <div class='ocr_carea' id='block_1_56' title="bbox 1930 2606 3510 2678">
    <p class='ocr_par' dir='ltr' id='par_1_56' title="bbox 1930 2606 3510 2678">
     <span class='ocr_line' id='line_1_56' title="bbox 1930 2606 3510 2678; baseline 0.003 -16"><span class='ocrx_word' id='word_1_381' title='bbox 1930 2608 2177 2678; x_wconf 91' lang='lat' dir='ltr'><strong>loquitur</strong></span> <span class='ocrx_word' id='word_1_382' title='bbox 2196 2617 2252 2662; x_wconf 93' lang='lat' dir='ltr'><strong>et</strong></span> <span class='ocrx_word' id='word_1_383' title='bbox 2281 2607 2430 2668; x_wconf 77' lang='lat' dir='ltr'><strong>facit.</strong></span> <span class='ocrx_word' id='word_1_384' title='bbox 2452 2621 2576 2660; x_wconf 89' lang='lat' dir='ltr'><strong>cum</strong></span> <span class='ocrx_word' id='word_1_385' title='bbox 2601 2607 2668 2660; x_wconf 92' lang='lat' dir='ltr'><strong>ad</strong></span> <span class='ocrx_word' id='word_1_386' title='bbox 2697 2606 2906 2661; x_wconf 85' lang='lat' dir='ltr'><strong>nullum</strong></span> <span class='ocrx_word' id='word_1_387' title='bbox 2937 2607 3186 2663; x_wconf 90' lang='lat' dir='ltr'><strong>utilitatis</strong></span> <span class='ocrx_word' id='word_1_388' title='bbox 3218 2614 3510 2666; x_wconf 78' lang='lat' dir='ltr'><strong>terminum</strong></span> 
     </span>
    </p>
   </div>
   <div class='ocr_carea' id='block_1_57' title="bbox 1931 2697 3165 2768">
    <p class='ocr_par' dir='ltr' id='par_1_57' title="bbox 1931 2697 3165 2768">
     <span class='ocr_line' id='line_1_57' title="bbox 1931 2697 3165 2768; baseline 0.001 -16"><span class='ocrx_word' id='word_1_389' title='bbox 1931 2698 2152 2763; x_wconf 83' lang='lat' dir='ltr'><strong>tendat,</strong></span> <span class='ocrx_word' id='word_1_390' title='bbox 2191 2699 2646 2768; x_wconf 80' lang='lat' dir='ltr'><strong>vituperationem</strong></span> <span class='ocrx_word' id='word_1_391' title='bbox 2679 2697 2831 2752; x_wconf 88' lang='lat' dir='ltr'><strong>subit</strong></span> <span class='ocrx_word' id='word_1_392' title='bbox 2857 2712 2922 2752; x_wconf 89' lang='lat' dir='ltr'><strong>ac</strong></span> <span class='ocrx_word' id='word_1_393' title='bbox 2953 2708 3165 2753; x_wconf 88' lang='lat' dir='ltr'><strong>notam.</strong></span> 
     </span>
    </p>
   </div>
   <div class='ocr_carea' id='block_1_58' title="bbox 2001 2789 3511 2860">
    <p class='ocr_par' dir='ltr' id='par_1_58' title="bbox 2001 2789 3511 2860">
     <span class='ocr_line' id='line_1_58' title="bbox 2001 2789 3511 2860; baseline 0.003 -16"><span class='ocrx_word' id='word_1_394' title='bbox 2001 2791 2200 2860; x_wconf 82' lang='lat' dir='ltr'><strong>Aperte</strong></span> <span class='ocrx_word' id='word_1_395' title='bbox 2224 2790 2388 2860; x_wconf 76' lang='lat' dir='ltr'><strong>igitur</strong></span> <span class='ocrx_word' id='word_1_396' title='bbox 2410 2804 2504 2858; x_wconf 87' lang='lat' dir='ltr'><strong>per</strong></span> <span class='ocrx_word' id='word_1_397' title='bbox 2536 2790 2648 2844; x_wconf 73' lang='lat' dir='ltr'><strong>lucc</strong></span> <span class='ocrx_word' id='word_1_398' title='bbox 2670 2789 2837 2843; x_wconf 79' lang='lat' dir='ltr'><strong>verba</strong></span> <span class='ocrx_word' id='word_1_399' title='bbox 2867 2791 3234 2860; x_wconf 76' lang='lat' dir='ltr'><strong>evangelicam</strong></span> <span class='ocrx_word' id='word_1_400' title='bbox 3261 2791 3386 2847; x_wconf 71' lang='lat' dir='ltr'><strong>vitae</strong></span> <span class='ocrx_word' id='word_1_401' title='bbox 3419 2807 3511 2848; x_wconf 89' lang='lat' dir='ltr'><strong>ra-</strong></span> 
     </span>
    </p>
   </div>
   <div class='ocr_carea' id='block_1_59' title="bbox 1931 2881 3508 2952">
    <p class='ocr_par' dir='ltr' id='par_1_59' title="bbox 1931 2881 3508 2952">
     <span class='ocr_line' id='line_1_59' title="bbox 1931 2881 3508 2952; baseline 0.003 -18"><span class='ocrx_word' id='word_1_402' title='bbox 1931 2884 2130 2936; x_wconf 83' lang='lat' dir='ltr'><strong>tionem</strong></span> <span class='ocrx_word' id='word_1_403' title='bbox 2180 2891 2333 2935; x_wconf 88' lang='lat' dir='ltr'><strong>tanto</strong></span> <span class='ocrx_word' id='word_1_404' title='bbox 2367 2889 2494 2935; x_wconf 86' lang='lat' dir='ltr'><strong>ante</strong></span> <span class='ocrx_word' id='word_1_405' title='bbox 2539 2881 2797 2935; x_wconf 88' lang='lat' dir='ltr'><strong>describit</strong></span> <span class='ocrx_word' id='word_1_406' title='bbox 2839 2889 3003 2950; x_wconf 81' lang='lat' dir='ltr'><strong>atque</strong></span> <span class='ocrx_word' id='word_1_407' title='bbox 3057 2883 3326 2952; x_wconf 79' lang='lat' dir='ltr'><strong>designat.</strong></span> <span class='ocrx_word' id='word_1_408' title='bbox 3371 2883 3508 2938; x_wconf 83' lang='lat' dir='ltr'><strong>Nam</strong></span> 
     </span>
    </p>
   </div>
   <div class='ocr_carea' id='block_1_60' title="bbox 1928 2971 3512 3041">
    <p class='ocr_par' dir='ltr' id='par_1_60' title="bbox 1928 2971 3512 3041">
     <span class='ocr_line' id='line_1_60' title="bbox 1928 2971 3512 3041; baseline 0.001 -13"><span class='ocrx_word' id='word_1_409' title='bbox 1928 2973 2088 3029; x_wconf 86' lang='lat' dir='ltr'><strong>sicuti</strong></span> <span class='ocrx_word' id='word_1_410' title='bbox 2116 2973 2313 3028; x_wconf 89' lang='lat' dir='ltr'><strong>salutis</strong></span> <span class='ocrx_word' id='word_1_411' title='bbox 2341 2983 2545 3027; x_wconf 69' lang='lat' dir='ltr'><strong>nostra:</strong></span> <span class='ocrx_word' id='word_1_412' title='bbox 2570 2971 2922 3041; x_wconf 78' lang='lat' dir='ltr'><strong>Evangelium</strong></span> <span class='ocrx_word' id='word_1_413' title='bbox 2965 2972 3264 3029; x_wconf 87' lang='lat' dir='ltr'><strong>laudabiles</strong></span> <span class='ocrx_word' id='word_1_414' title='bbox 3292 2975 3512 3030; x_wconf 87' lang='lat' dir='ltr'><strong>beatos-</strong></span> 
     </span>
    </p>
   </div>
   <div class='ocr_carea' id='block_1_61' title="bbox 1926 3063 3506 3136">
    <p class='ocr_par' dir='ltr' id='par_1_61' title="bbox 1926 3063 3506 3136">
     <span class='ocr_line' id='line_1_61' title="bbox 1926 3063 3506 3136; baseline 0.001 -17"><span class='ocrx_word' id='word_1_415' title='bbox 1926 3081 2034 3136; x_wconf 89' lang='lat' dir='ltr'><strong>que</strong></span> <span class='ocrx_word' id='word_1_416' title='bbox 2069 3065 2218 3120; x_wconf 86' lang='lat' dir='ltr'><strong>ducit</strong></span> <span class='ocrx_word' id='word_1_417' title='bbox 2247 3107 2260 3130; x_wconf 89' lang='lat'><strong>,</strong></span> <span class='ocrx_word' id='word_1_418' title='bbox 2298 3067 2389 3134; x_wconf 90' lang='lat' dir='ltr'><strong>qui</strong></span> <span class='ocrx_word' id='word_1_419' title='bbox 2423 3066 2588 3117; x_wconf 73' lang='lat' dir='ltr'><strong>vitam</strong></span> <span class='ocrx_word' id='word_1_420' title='bbox 2623 3078 2780 3118; x_wconf 85' lang='lat' dir='ltr'><strong>suam</strong></span> <span class='ocrx_word' id='word_1_421' title='bbox 2823 3063 2875 3116; x_wconf 83' lang='lat' dir='ltr'><strong>in</strong></span> <span class='ocrx_word' id='word_1_422' title='bbox 2907 3063 3054 3119; x_wconf 91' lang='lat' dir='ltr'><strong>luctu</strong></span> <span class='ocrx_word' id='word_1_423' title='bbox 3087 3073 3254 3119; x_wconf 85' lang='lat' dir='ltr'><strong>totam</strong></span> <span class='ocrx_word' id='word_1_424' title='bbox 3290 3075 3344 3120; x_wconf 86' lang='lat' dir='ltr'><strong>et</strong></span> <span class='ocrx_word' id='word_1_425' title='bbox 3381 3067 3506 3122; x_wconf 86' lang='lat' dir='ltr'><strong>tletu</strong></span> 
     </span>
    </p>
   </div>
   <div class='ocr_carea' id='block_1_62' title="bbox 245 3150 1827 3243">
    <p class='ocr_par' dir='ltr' id='par_1_62' title="bbox 245 3169 1826 3243">
     <span class='ocr_line' id='line_1_62' title="bbox 245 3169 1826 3243; baseline 0.001 -21"><span class='ocrx_word' id='word_1_426' title='bbox 245 3171 422 3224; x_wconf 86' lang='grc' dir='ltr'>πάντα</span> <span class='ocrx_word' id='word_1_427' title='bbox 447 3171 544 3224; x_wconf 80' lang='grc' dir='ltr'><strong>τὸν</strong></span> <span class='ocrx_word' id='word_1_428' title='bbox 578 3169 789 3224; x_wconf 77' lang='grc' dir='ltr'>ἑαυτῶν</span> <span class='ocrx_word' id='word_1_429' title='bbox 841 3170 958 3241; x_wconf 85' lang='grc' dir='ltr'>βίον</span> <span class='ocrx_word' id='word_1_430' title='bbox 1006 3172 1104 3225; x_wconf 76' lang='grc' dir='ltr'><strong>καὶ</strong></span> <span class='ocrx_word' id='word_1_431' title='bbox 1137 3173 1698 3243; x_wconf 77' lang='grc' dir='ltr'>κατολοφυρομένους,</span> <span class='ocrx_word' id='word_1_432' title='bbox 1731 3171 1826 3225; x_wconf 60' lang='grc' dir='ltr'><strong>καί⁵</strong></span> 
     </span>
    </p>
   </div>
   <div class='ocr_carea' id='block_1_63' title="bbox 1929 3150 3509 3243">
    <p class='ocr_par' dir='ltr' id='par_1_63' title="bbox 1929 3154 3509 3228">
     <span class='ocr_line' id='line_1_63' title="bbox 1929 3154 3509 3228; baseline 0.001 -16"><span class='ocrx_word' id='word_1_433' title='bbox 1929 3157 2198 3228; x_wconf 80' lang='lat' dir='ltr'><strong>exigunt,</strong></span> <span class='ocrx_word' id='word_1_434' title='bbox 2255 3157 2510 3225; x_wconf 88' lang='lat' dir='ltr'><strong>viamque</strong></span> <span class='ocrx_word' id='word_1_435' title='bbox 2569 3154 2953 3225; x_wconf 79' lang='lat' dir='ltr'><strong>ingrediuntur</strong></span> <span class='ocrx_word' id='word_1_436' title='bbox 3004 3165 3294 3226; x_wconf 80' lang='lat' dir='ltr'><strong>angustam</strong></span> <span class='ocrx_word' id='word_1_437' title='bbox 3345 3167 3509 3228; x_wconf 84' lang='lat' dir='ltr'><strong>atque</strong></span> 
     </span>
    </p>
   </div>
   <div class='ocr_carea' id='block_1_64' title="bbox 243 3259 1824 3338">
    <p class='ocr_par' dir='ltr' id='par_1_64' title="bbox 243 3259 1824 3338">
     <span class='ocr_line' id='line_1_64' title="bbox 243 3259 1824 3338; baseline 0.003 -26"><span class='ocrx_word' id='word_1_438' title='bbox 243 3260 342 3331; x_wconf 76' lang='grc' dir='ltr'>τὴν</span> <span class='ocrx_word' id='word_1_439' title='bbox 379 3259 575 3332; x_wconf 82' lang='grc' dir='ltr'>στενὴν</span> <span class='ocrx_word' id='word_1_440' title='bbox 621 3264 718 3314; x_wconf 76' lang='grc' dir='ltr'><strong>καὶ</strong></span> <span class='ocrx_word' id='word_1_441' title='bbox 783 3263 1156 3336; x_wconf 84' lang='grc' dir='ltr'>τεθλιμμένην</span> <span class='ocrx_word' id='word_1_442' title='bbox 1210 3266 1616 3338; x_wconf 85' lang='grc' dir='ltr'>πορευομένους</span> <span class='ocrx_word' id='word_1_443' title='bbox 1667 3264 1824 3318; x_wconf 81' lang='grc' dir='ltr'>ὁδόν·</span> 
     </span>
    </p>
   </div>
   <div class='ocr_carea' id='block_1_65' title="bbox 244 3351 1824 3426">
    <p class='ocr_par' dir='ltr' id='par_1_65' title="bbox 244 3351 1824 3426">
     <span class='ocr_line' id='line_1_65' title="bbox 244 3351 1824 3426; baseline 0.003 -23"><span class='ocrx_word' id='word_1_444' title='bbox 244 3351 483 3421; x_wconf 80' lang='grc' dir='ltr'>ἔμπαλιν</span> <span class='ocrx_word' id='word_1_445' title='bbox 517 3352 574 3405; x_wconf 86' lang='grc' dir='ltr'>δὲ</span> <span class='ocrx_word' id='word_1_446' title='bbox 603 3354 728 3416; x_wconf 78' lang='grc' dir='ltr'>τοὺς</span> <span class='ocrx_word' id='word_1_447' title='bbox 748 3355 1290 3418; x_wconf 87' lang='grc' dir='ltr'>κατασπαταλῶντας</span> <span class='ocrx_word' id='word_1_448' title='bbox 1325 3356 1420 3408; x_wconf 68' lang='grc' dir='ltr'><strong>καὶ</strong></span> <span class='ocrx_word' id='word_1_449' title='bbox 1447 3355 1546 3424; x_wconf 77' lang='grc' dir='ltr'>τὴν</span> <span class='ocrx_word' id='word_1_450' title='bbox 1577 3354 1824 3426; x_wconf 82' lang='grc' dir='ltr'>εὐρύχω-</span> 
     </span>
    </p>
   </div>
   <div class='ocr_carea' id='block_1_66' title="bbox 245 3443 1827 3518">
    <p class='ocr_par' dir='ltr' id='par_1_66' title="bbox 245 3443 1827 3518">
     <span class='ocr_line' id='line_1_66' title="bbox 245 3443 1827 3518; baseline 0.001 -22"><span class='ocrx_word' id='word_1_451' title='bbox 245 3460 339 3514; x_wconf 84' lang='grc' dir='ltr'><strong>ρον</strong></span> <span class='ocrx_word' id='word_1_452' title='bbox 372 3443 466 3497; x_wconf 75' lang='grc' dir='ltr'><strong>καὶ</strong></span> <span class='ocrx_word' id='word_1_453' title='bbox 497 3443 759 3498; x_wconf 82' lang='grc' dir='ltr'>πλατεῖαν</span> <span class='ocrx_word' id='word_1_454' title='bbox 790 3445 982 3516; x_wconf 76' lang='grc' dir='ltr'>τρίϐον</span> <span class='ocrx_word' id='word_1_455' title='bbox 1006 3447 1314 3512; x_wconf 77' lang='grc' dir='ltr'>ὁδεύοντας,</span> <span class='ocrx_word' id='word_1_456' title='bbox 1347 3449 1442 3500; x_wconf 59' lang='grc' dir='ltr'><strong>καὶ¹</strong></span> <span class='ocrx_word' id='word_1_457' title='bbox 1487 3447 1624 3516; x_wconf 87' lang='grc' dir='ltr'>πρὸς</span> <span class='ocrx_word' id='word_1_458' title='bbox 1655 3447 1827 3518; x_wconf 85' lang='grc' dir='ltr'>μόνην</span> 
     </span>
    </p>
   </div>
   <div class='ocr_carea' id='block_1_67' title="bbox 243 3533 1828 3606">
    <p class='ocr_par' dir='ltr' id='par_1_67' title="bbox 243 3533 1828 3606">
     <span class='ocr_line' id='line_1_67' title="bbox 243 3533 1828 3606; baseline 0.004 -22"><span class='ocrx_word' id='word_1_459' title='bbox 243 3535 342 3605; x_wconf 84' lang='grc' dir='ltr'><strong>τὴν</strong></span> <span class='ocrx_word' id='word_1_460' title='bbox 386 3533 670 3604; x_wconf 82' lang='grc' dir='ltr'>παροῦσαν</span> <span class='ocrx_word' id='word_1_461' title='bbox 717 3535 866 3606; x_wconf 84' lang='grc' dir='ltr'>ζωὴν</span> <span class='ocrx_word' id='word_1_462' title='bbox 911 3537 1237 3606; x_wconf 81' lang='grc' dir='ltr'>κεχηνότας,</span> <span class='ocrx_word' id='word_1_463' title='bbox 1267 3537 1488 3602; x_wconf 76' lang='grc' dir='ltr'>ἀθλίους</span> <span class='ocrx_word' id='word_1_464' title='bbox 1517 3552 1531 3566; x_wconf 83' lang='grc'><strong><em>“</em></strong></span> <span class='ocrx_word' id='word_1_465' title='bbox 1561 3538 1706 3592; x_wconf 76' lang='grc' dir='ltr'>οὓτω</span> <span class='ocrx_word' id='word_1_466' title='bbox 1731 3539 1828 3592; x_wconf 75' lang='grc' dir='ltr'><strong>καὶ</strong></span> 
     </span>
    </p>
   </div>
   <div class='ocr_carea' id='block_1_68' title="bbox 245 3625 1828 3698">
    <p class='ocr_par' dir='ltr' id='par_1_68' title="bbox 245 3625 1828 3698">
     <span class='ocr_line' id='line_1_68' title="bbox 245 3625 1828 3698; baseline 0 -18"><span class='ocrx_word' id='word_1_467' title='bbox 245 3625 430 3696; x_wconf 86' lang='grc' dir='ltr'>πολλῷ</span> <span class='ocrx_word' id='word_1_468' title='bbox 457 3625 652 3696; x_wconf 82' lang='grc' dir='ltr'>πρώην</span> <span class='ocrx_word' id='word_1_469' title='bbox 685 3629 713 3680; x_wconf 86' lang='grc' dir='ltr'>ὁ</span> <span class='ocrx_word' id='word_1_470' title='bbox 750 3627 918 3694; x_wconf 83' lang='grc' dir='ltr'>σοφὸς</span> <span class='ocrx_word' id='word_1_471' title='bbox 960 3626 1394 3698; x_wconf 84' lang='grc' dir='ltr'>Ἐκκλησιαστὴς</span> <span class='ocrx_word' id='word_1_472' title='bbox 1423 3627 1565 3681; x_wconf 85' lang='grc' dir='ltr'>κατὰ</span> <span class='ocrx_word' id='word_1_473' title='bbox 1594 3628 1663 3681; x_wconf 88' lang='grc' dir='ltr'><strong>τά</strong></span> <span class='ocrx_word' id='word_1_474' title='bbox 1686 3629 1828 3680; x_wconf 86' lang='grc' dir='ltr'><strong>αύτά</strong></span> 
     </span>
    </p>
   </div>
   <div class='ocr_carea' id='block_1_69' title="bbox 245 3713 1828 3788">
    <p class='ocr_par' dir='ltr' id='par_1_69' title="bbox 245 3713 1828 3788">
     <span class='ocr_line' id='line_1_69' title="bbox 245 3713 1828 3788; baseline 0.001 -19"><span class='ocrx_word' id='word_1_475' title='bbox 245 3719 342 3769; x_wconf 72' lang='grc' dir='ltr'><strong>καὶ</strong></span> <span class='ocrx_word' id='word_1_476' title='bbox 379 3715 645 3778; x_wconf 81' lang='grc' dir='ltr'>ὡσαύτως</span> <span class='ocrx_word' id='word_1_477' title='bbox 675 3717 801 3778; x_wconf 78' lang='grc' dir='ltr'>τοὺς</span> <span class='ocrx_word' id='word_1_478' title='bbox 821 3715 1046 3786; x_wconf 77' lang='grc' dir='ltr'>ἔχοντας</span> <span class='ocrx_word' id='word_1_479' title='bbox 1071 3716 1170 3787; x_wconf 83' lang='grc' dir='ltr'>τὴν</span> <span class='ocrx_word' id='word_1_480' title='bbox 1200 3713 1436 3788; x_wconf 79' lang='grc' dir='ltr'>καρδίαν</span> <span class='ocrx_word' id='word_1_481' title='bbox 1461 3719 1542 3782; x_wconf 87' lang='grc' dir='ltr'><strong>είς</strong></span> <span class='ocrx_word' id='word_1_482' title='bbox 1562 3717 1828 3781; x_wconf 74' lang='grc' dir='ltr'>πενθικὰς</span> 
     </span>
    </p>
   </div>
   <div class='ocr_carea' id='block_1_70' title="bbox 245 3805 1828 3880">
    <p class='ocr_par' dir='ltr' id='par_1_70' title="bbox 245 3805 1828 3880">
     <span class='ocr_line' id='line_1_70' title="bbox 245 3805 1828 3880; baseline -0.001 -19"><span class='ocrx_word' id='word_1_483' title='bbox 245 3806 534 3877; x_wconf 73' lang='grc' dir='ltr'>διατριϐὰς</span> <span class='ocrx_word' id='word_1_484' title='bbox 590 3805 992 3876; x_wconf 84' lang='grc' dir='ltr'>κατασεμνύνει</span> <span class='ocrx_word' id='word_1_485' title='bbox 1043 3807 1140 3860; x_wconf 77' lang='grc' dir='ltr'><strong>καὶ</strong></span> <span class='ocrx_word' id='word_1_486' title='bbox 1193 3809 1396 3876; x_wconf 77' lang='grc' dir='ltr'>σοφοὺς</span> <span class='ocrx_word' id='word_1_487' title='bbox 1429 3808 1708 3880; x_wconf 80' lang='grc' dir='ltr'>ὀνομάζει,</span> <span class='ocrx_word' id='word_1_488' title='bbox 1739 3807 1828 3860; x_wconf 81' lang='grc' dir='ltr'>διὰ</span> 
     </span>
    </p>
   </div>
   <div class='ocr_carea' id='block_1_71' title="bbox 243 3898 1828 3973">
    <p class='ocr_par' dir='ltr' id='par_1_71' title="bbox 243 3898 1828 3973">
     <span class='ocr_line' id='line_1_71' title="bbox 243 3898 1828 3973; baseline -0.003 -16"><span class='ocrx_word' id='word_1_489' title='bbox 243 3903 306 3957; x_wconf 84' lang='grc' dir='ltr'>τὺ</span> <span class='ocrx_word' id='word_1_490' title='bbox 337 3902 441 3973; x_wconf 84' lang='grc' dir='ltr'>τῆς</span> <span class='ocrx_word' id='word_1_491' title='bbox 469 3898 820 3972; x_wconf 84' lang='grc' dir='ltr'>ἀνθρωπίνης</span> <span class='ocrx_word' id='word_1_492' title='bbox 852 3899 1146 3972; x_wconf 77' lang='grc' dir='ltr'>εὐετηρίας</span> <span class='ocrx_word' id='word_1_493' title='bbox 1175 3904 1558 3972; x_wconf 80' lang='grc' dir='ltr'>καταφρονεῖν,</span> <span class='ocrx_word' id='word_1_494' title='bbox 1593 3902 1687 3954; x_wconf 73' lang='grc' dir='ltr'><strong>καὶ</strong></span> <span class='ocrx_word' id='word_1_495' title='bbox 1718 3901 1828 3954; x_wconf 86' lang='grc' dir='ltr'><strong>τῶν</strong></span> 
     </span>
    </p>
   </div>
   <div class='ocr_carea' id='block_1_72' title="bbox 245 3989 1827 4065">
    <p class='ocr_par' dir='ltr' id='par_1_72' title="bbox 245 3989 1827 4065">
     <span class='ocr_line' id='line_1_72' title="bbox 245 3989 1827 4065; baseline 0 -21"><span class='ocrx_word' id='word_1_496' title='bbox 245 3991 532 4065; x_wconf 86' lang='grc' dir='ltr'>σαρκικῶν</span> <span class='ocrx_word' id='word_1_497' title='bbox 561 3989 766 4061; x_wconf 85' lang='grc' dir='ltr'>ἡδονῶν</span> <span class='ocrx_word' id='word_1_498' title='bbox 799 3990 895 4043; x_wconf 76' lang='grc' dir='ltr'><strong>καὶ</strong></span> <span class='ocrx_word' id='word_1_499' title='bbox 927 3989 1029 4060; x_wconf 80' lang='grc' dir='ltr'><strong>τῆς</strong></span> <span class='ocrx_word' id='word_1_500' title='bbox 1069 3991 1476 4062; x_wconf 84' lang='grc' dir='ltr'>ἀπολαυστικῆς</span> <span class='ocrx_word' id='word_1_501' title='bbox 1509 3991 1654 4058; x_wconf 79' lang='grc' dir='ltr'>ζωῆς</span> <span class='ocrx_word' id='word_1_502' title='bbox 1689 3993 1827 4044; x_wconf 86' lang='grc' dir='ltr'>ἀνω-</span> 
     </span>
    </p>
   </div>
   <div class='ocr_carea' id='block_1_73' title="bbox 243 4080 1828 4156">
    <p class='ocr_par' dir='ltr' id='par_1_73' title="bbox 243 4080 1828 4156">
     <span class='ocr_line' id='line_1_73' title="bbox 243 4080 1828 4156; baseline -0.001 -18"><span class='ocrx_word' id='word_1_503' title='bbox 243 4085 441 4156; x_wconf 79' lang='grc' dir='ltr'>τέρους</span> <span class='ocrx_word' id='word_1_504' title='bbox 484 4080 842 4153; x_wconf 80' lang='grc' dir='ltr'>εὑρίσκεσθαι</span> <span class='ocrx_word' id='word_1_505' title='bbox 903 4083 996 4136; x_wconf 80' lang='grc' dir='ltr'>καὶ</span> <span class='ocrx_word' id='word_1_506' title='bbox 1025 4082 1298 4154; x_wconf 73' lang='grc' dir='ltr'>βελτίουςο</span> <span class='ocrx_word' id='word_1_507' title='bbox 1330 4083 1458 4147; x_wconf 76' lang='grc' dir='ltr'>τοὺς</span> <span class='ocrx_word' id='word_1_508' title='bbox 1489 4083 1548 4136; x_wconf 85' lang='grc' dir='ltr'>δὲ</span> <span class='ocrx_word' id='word_1_509' title='bbox 1570 4083 1672 4154; x_wconf 76' lang='grc' dir='ltr'><strong>τὴν</strong></span> <span class='ocrx_word' id='word_1_510' title='bbox 1693 4099 1828 4152; x_wconf 80' lang='grc' dir='ltr'>καρ-</span> 
     </span>
    </p>
   </div>
   <div class='ocr_carea' id='block_1_74' title="bbox 243 4173 1825 4248">
    <p class='ocr_par' dir='ltr' id='par_1_74' title="bbox 243 4173 1825 4248">
     <span class='ocr_line' id='line_1_74' title="bbox 243 4173 1825 4248; baseline 0.001 -21"><span class='ocrx_word' id='word_1_511' title='bbox 243 4174 361 4229; x_wconf 81' lang='grc' dir='ltr'>δίαν</span> <span class='ocrx_word' id='word_1_512' title='bbox 392 4173 618 4246; x_wconf 79' lang='grc' dir='ltr'>ἔχοντας</span> <span class='ocrx_word' id='word_1_513' title='bbox 653 4175 735 4238; x_wconf 83' lang='grc' dir='ltr'><strong>εἰς</strong></span> <span class='ocrx_word' id='word_1_514' title='bbox 760 4175 892 4238; x_wconf 81' lang='grc' dir='ltr'>τοὺς</span> <span class='ocrx_word' id='word_1_515' title='bbox 929 4175 1118 4239; x_wconf 81' lang='grc' dir='ltr'>οῐκους</span> <span class='ocrx_word' id='word_1_516' title='bbox 1135 4175 1236 4246; x_wconf 86' lang='grc' dir='ltr'>τῆς</span> <span class='ocrx_word' id='word_1_517' title='bbox 1264 4175 1628 4248; x_wconf 82' lang='grc' dir='ltr'>εὐφροσύνης,</span> <span class='ocrx_word' id='word_1_518' title='bbox 1655 4191 1825 4228; x_wconf 87' lang='grc' dir='ltr'>κατα-</span> 
     </span>
    </p>
   </div>
   <div class='ocr_carea' id='block_1_75' title="bbox 243 4265 1826 4340">
    <p class='ocr_par' dir='ltr' id='par_1_75' title="bbox 243 4265 1826 4340">
     <span class='ocr_line' id='line_1_75' title="bbox 243 4265 1826 4340; baseline 0 -20"><span class='ocrx_word' id='word_1_519' title='bbox 243 4265 500 4334; x_wconf 84' lang='grc' dir='ltr'>γνώσεως</span> <span class='ocrx_word' id='word_1_520' title='bbox 554 4269 650 4322; x_wconf 80' lang='grc' dir='ltr'>καὶ</span> <span class='ocrx_word' id='word_1_521' title='bbox 710 4267 970 4338; x_wconf 74' lang='grc' dir='ltr'>μέμψεως</span> <span class='ocrx_word' id='word_1_522' title='bbox 1021 4268 1390 4338; x_wconf 84' lang='grc' dir='ltr'>ἀποφαίνεται</span> <span class='ocrx_word' id='word_1_523' title='bbox 1443 4268 1674 4340; x_wconf 85' lang='grc' dir='ltr'>πλήρεις</span> <span class='ocrx_word' id='word_1_524' title='bbox 1703 4309 1717 4326; x_wconf 90' lang='lat'><strong>.</strong></span> <span class='ocrx_word' id='word_1_525' title='bbox 1750 4268 1826 4333; x_wconf 86' lang='grc' dir='ltr'>ὡς</span> 
     </span>
    </p>
   </div>
   <div class='ocr_carea' id='block_1_76' title="bbox 241 4358 1824 4431">
    <p class='ocr_par' dir='ltr' id='par_1_76' title="bbox 241 4358 1824 4431">
     <span class='ocr_line' id='line_1_76' title="bbox 241 4358 1824 4431; baseline -0.001 -18"><span class='ocrx_word' id='word_1_526' title='bbox 241 4358 494 4429; x_wconf 78' lang='grc' dir='ltr'>ἀφρόνως</span> <span class='ocrx_word' id='word_1_527' title='bbox 529 4358 1008 4429; x_wconf 79' lang='grc' dir='ltr'>πολιτευομένους,</span> <span class='ocrx_word' id='word_1_528' title='bbox 1034 4360 1129 4413; x_wconf 71' lang='grc' dir='ltr'><strong>καὶ</strong></span> <span class='ocrx_word' id='word_1_529' title='bbox 1175 4360 1334 4431; x_wconf 81' lang='grc' dir='ltr'>δίκην</span> <span class='ocrx_word' id='word_1_530' title='bbox 1379 4359 1592 4428; x_wconf 73' lang='grc' dir='ltr'>ἀλόγων</span> <span class='ocrx_word' id='word_1_531' title='bbox 1631 4378 1824 4430; x_wconf 87' lang='grc' dir='ltr'>κορεν-</span> 
     </span>
    </p>
   </div>
   <div class='ocr_carea' id='block_1_77' title="bbox 241 4447 1822 4522">
    <p class='ocr_par' dir='ltr' id='par_1_77' title="bbox 241 4447 1822 4522">
     <span class='ocr_line' id='line_1_77' title="bbox 241 4447 1822 4522; baseline 0.003 -22"><span class='ocrx_word' id='word_1_532' title='bbox 241 4447 506 4519; x_wconf 83' lang='grc' dir='ltr'>νυμένους</span> <span class='ocrx_word' id='word_1_533' title='bbox 535 4448 646 4502; x_wconf 85' lang='grc' dir='ltr'><strong>τῶν</strong></span> <span class='ocrx_word' id='word_1_534' title='bbox 691 4449 972 4520; x_wconf 84' lang='grc' dir='ltr'>σαρκικῶν</span> <span class='ocrx_word' id='word_1_535' title='bbox 1013 4451 1109 4503; x_wconf 73' lang='grc' dir='ltr'><strong>καὶ</strong></span> <span class='ocrx_word' id='word_1_536' title='bbox 1136 4450 1443 4522; x_wconf 79' lang='grc' dir='ltr'>βδελυκτῶν</span> <span class='ocrx_word' id='word_1_537' title='bbox 1469 4450 1694 4520; x_wconf 80' lang='grc' dir='ltr'>ἡδονῶν,</span> <span class='ocrx_word' id='word_1_538' title='bbox 1728 4451 1822 4504; x_wconf 69' lang='grc' dir='ltr'><strong>καὶ</strong></span> 
     </span>
    </p>
   </div>
   <div class='ocr_carea' id='block_1_78' title="bbox 240 4539 1820 4616">
    <p class='ocr_par' dir='ltr' id='par_1_78' title="bbox 240 4539 1820 4616">
     <span class='ocr_line' id='line_1_78' title="bbox 240 4539 1820 4616; baseline 0.003 -24"><span class='ocrx_word' id='word_1_539' title='bbox 240 4539 342 4609; x_wconf 78' lang='grc' dir='ltr'>τῆς</span> <span class='ocrx_word' id='word_1_540' title='bbox 365 4539 718 4612; x_wconf 78' lang='grc' dir='ltr'>ἀνθρωπίνης</span> <span class='ocrx_word' id='word_1_541' title='bbox 743 4541 848 4613; x_wconf 81' lang='grc' dir='ltr'><strong>ήμέ</strong></span> <span class='ocrx_word' id='word_1_542' title='bbox 859 4559 958 4612; x_wconf 90' lang='grc' dir='ltr'><strong>ρας</strong></span> <span class='ocrx_word' id='word_1_543' title='bbox 977 4541 1114 4606; x_wconf 82' lang='grc' dir='ltr'>ὅλως</span> <span class='ocrx_word' id='word_1_544' title='bbox 1130 4543 1575 4615; x_wconf 78' lang='grc' dir='ltr'>εὑρισκομένους,</span> <span class='ocrx_word' id='word_1_545' title='bbox 1601 4545 1694 4598; x_wconf 78' lang='grc' dir='ltr'>καὶ</span> <span class='ocrx_word' id='word_1_546' title='bbox 1713 4563 1820 4616; x_wconf 85' lang='grc' dir='ltr'>μη-</span> 
     </span>
    </p>
   </div>
   <div class='ocr_carea' id='block_1_79' title="bbox 241 4630 1821 4705">
    <p class='ocr_par' dir='ltr' id='par_1_79' title="bbox 241 4630 1821 4705">
     <span class='ocr_line' id='line_1_79' title="bbox 241 4630 1821 4705; baseline 0.003 -21"><span class='ocrx_word' id='word_1_547' title='bbox 241 4630 434 4702; x_wconf 87' lang='grc' dir='ltr'>δεμίαν</span> <span class='ocrx_word' id='word_1_548' title='bbox 487 4633 715 4703; x_wconf 74' lang='grc' dir='ltr'>ἔχοντας</span> <span class='ocrx_word' id='word_1_549' title='bbox 774 4633 1033 4704; x_wconf 79' lang='grc' dir='ltr'>φροντίδα</span> <span class='ocrx_word' id='word_1_550' title='bbox 1070 4635 1173 4704; x_wconf 79' lang='grc' dir='ltr'>τῆς</span> <span class='ocrx_word' id='word_1_551' title='bbox 1209 4633 1514 4704; x_wconf 74' lang='grc' dir='ltr'>μελλούσης</span> <span class='ocrx_word' id='word_1_552' title='bbox 1552 4633 1698 4705; x_wconf 79' lang='grc' dir='ltr'>ζωῆς</span> <span class='ocrx_word' id='word_1_553' title='bbox 1726 4635 1821 4689; x_wconf 72' lang='grc' dir='ltr'><strong>καὶ</strong></span> 
     </span>
    </p>
   </div>
   <div class='ocr_carea' id='block_1_80' title="bbox 241 4715 1824 4793">
    <p class='ocr_par' dir='ltr' id='par_1_80' title="bbox 241 4715 1824 4793">
     <span class='ocr_line' id='line_1_80' title="bbox 241 4715 1824 4793; baseline 0.003 -21"><span class='ocrx_word' id='word_1_554' title='bbox 241 4715 342 4790; x_wconf 80' lang='grc' dir='ltr'><strong>τῆς</strong></span> <span class='ocrx_word' id='word_1_555' title='bbox 387 4719 766 4792; x_wconf 86' lang='grc' dir='ltr'>ἀγιοπρεποῦς</span> <span class='ocrx_word' id='word_1_556' title='bbox 809 4721 1236 4786; x_wconf 80' lang='grc' dir='ltr'>καταστάσεως,</span> <span class='ocrx_word' id='word_1_557' title='bbox 1278 4721 1373 4775; x_wconf 74' lang='grc' dir='ltr'>καὶ</span> <span class='ocrx_word' id='word_1_558' title='bbox 1413 4722 1523 4774; x_wconf 88' lang='grc' dir='ltr'><strong>τῶν</strong></span> <span class='ocrx_word' id='word_1_559' title='bbox 1571 4725 1630 4775; x_wconf 81' lang='grc' dir='ltr'>ἐν</span> <span class='ocrx_word' id='word_1_560' title='bbox 1661 4725 1824 4793; x_wconf 78' lang='grc' dir='ltr'>ἐπαγ-</span> 
     </span>
    </p>
   </div>
   <div class='ocr_carea' id='block_1_81' title="bbox 241 4811 1819 4882">
    <p class='ocr_par' dir='ltr' id='par_1_81' title="bbox 241 4811 1819 4882">
     <span class='ocr_line' id='line_1_81' title="bbox 241 4811 1819 4882; baseline 0.003 -18"><span class='ocrx_word' id='word_1_561' title='bbox 241 4811 451 4879; x_wconf 79' lang='grc' dir='ltr'>γελίαις</span> <span class='ocrx_word' id='word_1_562' title='bbox 475 4813 862 4882; x_wconf 84' lang='grc' dir='ltr'>ἀποκειμένων</span> <span class='ocrx_word' id='word_1_563' title='bbox 912 4813 1185 4882; x_wconf 78' lang='grc' dir='ltr'>οὐρανίων</span> <span class='ocrx_word' id='word_1_564' title='bbox 1229 4811 1453 4881; x_wconf 86' lang='grc' dir='ltr'>ἀγαθῶν</span> <span class='ocrx_word' id='word_1_565' title='bbox 1494 4816 1610 4876; x_wconf 83' lang='grc' dir='ltr'>τοῖς</span> <span class='ocrx_word' id='word_1_566' title='bbox 1629 4813 1819 4880; x_wconf 81' lang='grc' dir='ltr'>ἀξίοις.</span> 
     </span>
    </p>
   </div>
   <div class='ocr_carea' id='block_1_82' title="bbox 241 4899 1824 4976">
    <p class='ocr_par' dir='ltr' id='par_1_82' title="bbox 241 4899 1824 4976">
     <span class='ocr_line' id='line_1_82' title="bbox 241 4899 1824 4976; baseline 0.004 -22"><span class='ocrx_word' id='word_1_567' title='bbox 241 4899 426 4959; x_wconf 83' lang='grc' dir='ltr'>Ταῦτα</span> <span class='ocrx_word' id='word_1_568' title='bbox 471 4903 530 4956; x_wconf 78' lang='grc' dir='ltr'>δὲ</span> <span class='ocrx_word' id='word_1_569' title='bbox 575 4901 677 4973; x_wconf 81' lang='grc' dir='ltr'>τῆς</span> <span class='ocrx_word' id='word_1_570' title='bbox 729 4902 1098 4974; x_wconf 83' lang='grc' dir='ltr'>εύαγγελικῆς</span> <span class='ocrx_word' id='word_1_571' title='bbox 1161 4902 1444 4976; x_wconf 82' lang='grc' dir='ltr'>ὁσιότητος</span> <span class='ocrx_word' id='word_1_572' title='bbox 1491 4905 1644 4958; x_wconf 76' lang='grc' dir='ltr'>οὐδὲν</span> <span class='ocrx_word' id='word_1_573' title='bbox 1691 4906 1824 4960; x_wconf 83' lang='grc' dir='ltr'>ἀπο-</span> 
     </span>
    </p>
   </div>
   <div class='ocr_carea' id='block_1_83' title="bbox 1929 3245 3509 3320">
    <p class='ocr_par' dir='ltr' id='par_1_83' title="bbox 1929 3245 3509 3320">
     <span class='ocr_line' id='line_1_83' title="bbox 1929 3245 3509 3320; baseline 0.001 -18"><span class='ocrx_word' id='word_1_574' title='bbox 1929 3263 2298 3303; x_wconf 71' lang='lat' dir='ltr'><strong>aerumnosam</strong></span> <span class='ocrx_word' id='word_1_575' title='bbox 2335 3287 2350 3311; x_wconf 88' lang='lat'><strong>,</strong></span> <span class='ocrx_word' id='word_1_576' title='bbox 2387 3257 2575 3301; x_wconf 88' lang='lat' dir='ltr'><strong>contra</strong></span> <span class='ocrx_word' id='word_1_577' title='bbox 2603 3261 2734 3302; x_wconf 88' lang='lat' dir='ltr'><strong>vero</strong></span> <span class='ocrx_word' id='word_1_578' title='bbox 2763 3245 2973 3302; x_wconf 86' lang='lat' dir='ltr'><strong>deliciis</strong></span> <span class='ocrx_word' id='word_1_579' title='bbox 3004 3245 3285 3304; x_wconf 79' lang='lat' dir='ltr'><strong>allluentes</strong></span> <span class='ocrx_word' id='word_1_580' title='bbox 3305 3258 3360 3302; x_wconf 87' lang='lat' dir='ltr'><strong>et</strong></span> <span class='ocrx_word' id='word_1_581' title='bbox 3383 3265 3509 3320; x_wconf 82' lang='lat' dir='ltr'><strong>spa-</strong></span> 
     </span>
    </p>
   </div>
   <div class='ocr_carea' id='block_1_84' title="bbox 1927 3338 3506 3412">
    <p class='ocr_par' dir='ltr' id='par_1_84' title="bbox 1927 3338 3506 3412">
     <span class='ocr_line' id='line_1_84' title="bbox 1927 3338 3506 3412; baseline 0.003 -20"><span class='ocrx_word' id='word_1_582' title='bbox 1927 3340 2068 3395; x_wconf 86' lang='lat' dir='ltr'><strong>tiosa</strong></span> <span class='ocrx_word' id='word_1_583' title='bbox 2099 3341 2317 3408; x_wconf 86' lang='lat' dir='ltr'><strong>lataque</strong></span> <span class='ocrx_word' id='word_1_584' title='bbox 2341 3339 2428 3392; x_wconf 80' lang='lat' dir='ltr'><strong>via</strong></span> <span class='ocrx_word' id='word_1_585' title='bbox 2459 3353 2804 3408; x_wconf 78' lang='lat' dir='ltr'><strong>progressos,</strong></span> <span class='ocrx_word' id='word_1_586' title='bbox 2835 3338 2929 3408; x_wconf 70' lang='lat' dir='ltr'><strong>Qui</strong></span> <span class='ocrx_word' id='word_1_587' title='bbox 2965 3339 3100 3392; x_wconf 82' lang='lat' dir='ltr'><strong>nihil</strong></span> <span class='ocrx_word' id='word_1_588' title='bbox 3127 3340 3307 3406; x_wconf 81' lang='lat' dir='ltr'><strong>aliud,</strong></span> <span class='ocrx_word' id='word_1_589' title='bbox 3338 3357 3506 3412; x_wconf 82' lang='lat' dir='ltr'><strong>quam</strong></span> 
     </span>
    </p>
   </div>
   <div class='ocr_carea' id='block_1_85' title="bbox 1927 3431 3508 3500">
    <p class='ocr_par' dir='ltr' id='par_1_85' title="bbox 1927 3431 3508 3500">
     <span class='ocr_line' id='line_1_85' title="bbox 1927 3431 3508 3500; baseline 0.002 -15"><span class='ocrx_word' id='word_1_590' title='bbox 1927 3431 2071 3486; x_wconf 89' lang='lat' dir='ltr'><strong>hanc</strong></span> <span class='ocrx_word' id='word_1_591' title='bbox 2104 3431 2270 3485; x_wconf 77' lang='lat' dir='ltr'><strong>vitam</strong></span> <span class='ocrx_word' id='word_1_592' title='bbox 2309 3439 2593 3500; x_wconf 81' lang='lat' dir='ltr'><strong>spectant,</strong></span> <span class='ocrx_word' id='word_1_593' title='bbox 2638 3431 2872 3486; x_wconf 85' lang='lat' dir='ltr'><strong>miseros</strong></span> <span class='ocrx_word' id='word_1_594' title='bbox 2901 3432 3138 3500; x_wconf 83' lang='lat' dir='ltr'><strong>appellat</strong></span> <span class='ocrx_word' id='word_1_595' title='bbox 3167 3450 3180 3487; x_wconf 91' lang='lat'><strong>:</strong></span> <span class='ocrx_word' id='word_1_596' title='bbox 3225 3435 3299 3489; x_wconf 87' lang='lat' dir='ltr'><strong>ita</strong></span> <span class='ocrx_word' id='word_1_597' title='bbox 3333 3443 3387 3489; x_wconf 84' lang='lat' dir='ltr'><strong>et</strong></span> <span class='ocrx_word' id='word_1_598' title='bbox 3421 3453 3508 3491; x_wconf 80' lang='lat' dir='ltr'><strong>sa-</strong></span> 
     </span>
    </p>
   </div>
   <div class='ocr_carea' id='block_1_86' title="bbox 1926 3521 3506 3591">
    <p class='ocr_par' dir='ltr' id='par_1_86' title="bbox 1926 3521 3506 3591">
     <span class='ocr_line' id='line_1_86' title="bbox 1926 3521 3506 3591; baseline 0.001 -15"><span class='ocrx_word' id='word_1_599' title='bbox 1926 3523 2080 3591; x_wconf 89' lang='lat' dir='ltr'><strong>piens</strong></span> <span class='ocrx_word' id='word_1_600' title='bbox 2113 3522 2472 3576; x_wconf 87' lang='lat' dir='ltr'><strong>Ecclesiastes</strong></span> <span class='ocrx_word' id='word_1_601' title='bbox 2501 3521 2673 3574; x_wconf 88' lang='lat' dir='ltr'><strong>multo</strong></span> <span class='ocrx_word' id='word_1_602' title='bbox 2699 3521 2873 3590; x_wconf 87' lang='lat' dir='ltr'><strong>prius,</strong></span> <span class='ocrx_word' id='word_1_603' title='bbox 2910 3523 3003 3590; x_wconf 90' lang='lat' dir='ltr'><strong>qui</strong></span> <span class='ocrx_word' id='word_1_604' title='bbox 3045 3523 3313 3582; x_wconf 89' lang='lat' dir='ltr'><strong>luctuosis</strong></span> <span class='ocrx_word' id='word_1_605' title='bbox 3343 3541 3506 3582; x_wconf 67' lang='lat' dir='ltr'><strong>ocen-</strong></span> 
     </span>
    </p>
   </div>
   <div class='ocr_carea' id='block_1_87' title="bbox 1927 3612 3504 3685">
    <p class='ocr_par' dir='ltr' id='par_1_87' title="bbox 1927 3612 3504 3685">
     <span class='ocr_line' id='line_1_87' title="bbox 1927 3612 3504 3685; baseline 0.004 -19"><span class='ocrx_word' id='word_1_606' title='bbox 1927 3613 2241 3684; x_wconf 87' lang='lat' dir='ltr'><strong>pationibus</strong></span> <span class='ocrx_word' id='word_1_607' title='bbox 2269 3615 2516 3667; x_wconf 85' lang='lat' dir='ltr'><strong>animum</strong></span> <span class='ocrx_word' id='word_1_608' title='bbox 2550 3612 2859 3666; x_wconf 84' lang='lat' dir='ltr'><strong>addixerint</strong></span> <span class='ocrx_word' id='word_1_609' title='bbox 2887 3614 3078 3670; x_wconf 84' lang='lat' dir='ltr'><strong>eadem</strong></span> <span class='ocrx_word' id='word_1_610' title='bbox 3105 3616 3262 3685; x_wconf 66' lang='lat' dir='ltr'><strong>plane</strong></span> <span class='ocrx_word' id='word_1_611' title='bbox 3291 3620 3504 3673; x_wconf 80' lang='lat' dir='ltr'><strong>ratione</strong></span> 
     </span>
    </p>
   </div>
   <div class='ocr_carea' id='block_1_88' title="bbox 1929 3703 3507 3774">
    <p class='ocr_par' dir='ltr' id='par_1_88' title="bbox 1929 3703 3507 3774">
     <span class='ocr_line' id='line_1_88' title="bbox 1929 3703 3507 3774; baseline 0.005 -16"><span class='ocrx_word' id='word_1_612' title='bbox 1929 3705 2196 3767; x_wconf 83' lang='lat' dir='ltr'><strong>honorat,</strong></span> <span class='ocrx_word' id='word_1_613' title='bbox 2251 3712 2306 3758; x_wconf 92' lang='lat' dir='ltr'><strong>et</strong></span> <span class='ocrx_word' id='word_1_614' title='bbox 2337 3703 2613 3772; x_wconf 87' lang='lat' dir='ltr'><strong>sapientes</strong></span> <span class='ocrx_word' id='word_1_615' title='bbox 2653 3703 3002 3768; x_wconf 88' lang='lat' dir='ltr'><strong>denominat,</strong></span> <span class='ocrx_word' id='word_1_616' title='bbox 3055 3707 3199 3774; x_wconf 89' lang='lat' dir='ltr'><strong>quod</strong></span> <span class='ocrx_word' id='word_1_617' title='bbox 3249 3709 3507 3766; x_wconf 69' lang='lat' dir='ltr'><strong>humanae</strong></span> 
     </span>
    </p>
   </div>
   <div class='ocr_carea' id='block_1_89' title="bbox 1929 3795 3507 3872">
    <p class='ocr_par' dir='ltr' id='par_1_89' title="bbox 1929 3795 3507 3872">
     <span class='ocr_line' id='line_1_89' title="bbox 1929 3795 3507 3872; baseline 0.004 -23"><span class='ocrx_word' id='word_1_618' title='bbox 1929 3795 2052 3850; x_wconf 81' lang='lat' dir='ltr'><strong>vitae</strong></span> <span class='ocrx_word' id='word_1_619' title='bbox 2081 3795 2292 3850; x_wconf 67' lang='lat' dir='ltr'><strong>{atratos</strong></span> <span class='ocrx_word' id='word_1_620' title='bbox 2327 3809 2621 3850; x_wconf 78' lang='lat' dir='ltr'><strong>succrssus</strong></span> <span class='ocrx_word' id='word_1_621' title='bbox 2648 3804 3021 3864; x_wconf 85' lang='lat' dir='ltr'><strong>contemnant,</strong></span> <span class='ocrx_word' id='word_1_622' title='bbox 3040 3807 3095 3852; x_wconf 88' lang='lat' dir='ltr'><strong>et</strong></span> <span class='ocrx_word' id='word_1_623' title='bbox 3118 3804 3322 3866; x_wconf 86' lang='lat' dir='ltr'><strong>majore</strong></span> <span class='ocrx_word' id='word_1_624' title='bbox 3340 3810 3507 3872; x_wconf 78' lang='lat' dir='ltr'><strong>atque</strong></span> 
     </span>
    </p>
   </div>
   <div class='ocr_carea' id='block_1_90' title="bbox 1925 3886 3510 3959">
    <p class='ocr_par' dir='ltr' id='par_1_90' title="bbox 1925 3886 3510 3959">
     <span class='ocr_line' id='line_1_90' title="bbox 1925 3886 3510 3959; baseline 0.002 -15"><span class='ocrx_word' id='word_1_625' title='bbox 1925 3887 2226 3944; x_wconf 81' lang='lat' dir='ltr'><strong>excelsiore</strong></span> <span class='ocrx_word' id='word_1_626' title='bbox 2255 3888 2440 3941; x_wconf 87' lang='lat' dir='ltr'><strong>animo</strong></span> <span class='ocrx_word' id='word_1_627' title='bbox 2469 3886 2609 3952; x_wconf 85' lang='lat' dir='ltr'><strong>sint,</strong></span> <span class='ocrx_word' id='word_1_628' title='bbox 2649 3902 2815 3956; x_wconf 81' lang='lat' dir='ltr'><strong>quam</strong></span> <span class='ocrx_word' id='word_1_629' title='bbox 2868 3897 2928 3943; x_wconf 92' lang='lat' dir='ltr'><strong>ut</strong></span> <span class='ocrx_word' id='word_1_630' title='bbox 2956 3889 3294 3959; x_wconf 86' lang='lat' dir='ltr'><strong>voluptatum</strong></span> <span class='ocrx_word' id='word_1_631' title='bbox 3326 3893 3510 3948; x_wconf 76' lang='lat' dir='ltr'><strong>illece-</strong></span> 
     </span>
    </p>
   </div>
   <div class='ocr_carea' id='block_1_91' title="bbox 1926 3979 3511 4052">
    <p class='ocr_par' dir='ltr' id='par_1_91' title="bbox 1926 3979 3511 4052">
     <span class='ocr_line' id='line_1_91' title="bbox 1926 3979 3511 4052; baseline 0.002 -15"><span class='ocrx_word' id='word_1_632' title='bbox 1926 3981 2042 4037; x_wconf 89' lang='lat' dir='ltr'><strong>bris</strong></span> <span class='ocrx_word' id='word_1_633' title='bbox 2073 3989 2128 4035; x_wconf 91' lang='lat' dir='ltr'><strong>et</strong></span> <span class='ocrx_word' id='word_1_634' title='bbox 2161 3980 2286 4035; x_wconf 82' lang='lat' dir='ltr'><strong>vitae</strong></span> <span class='ocrx_word' id='word_1_635' title='bbox 2311 3979 2618 4034; x_wconf 88' lang='lat' dir='ltr'><strong>commodis</strong></span> <span class='ocrx_word' id='word_1_636' title='bbox 2648 3981 2937 4050; x_wconf 88' lang='lat' dir='ltr'><strong>capiantur</strong></span> <span class='ocrx_word' id='word_1_637' title='bbox 2963 4022 2978 4046; x_wconf 95' lang='lat'><strong>,</strong></span> <span class='ocrx_word' id='word_1_638' title='bbox 3013 3983 3107 4052; x_wconf 89' lang='lat' dir='ltr'><strong>qui</strong></span> <span class='ocrx_word' id='word_1_639' title='bbox 3147 3999 3276 4038; x_wconf 89' lang='lat' dir='ltr'><strong>vero</strong></span> <span class='ocrx_word' id='word_1_640' title='bbox 3309 3985 3511 4040; x_wconf 61' lang='lat' dir='ltr'><strong>latitizo</strong></span> 
     </span>
    </p>
   </div>
   <div class='ocr_carea' id='block_1_92' title="bbox 1926 4073 3510 4144">
    <p class='ocr_par' dir='ltr' id='par_1_92' title="bbox 1926 4073 3510 4144">
     <span class='ocr_line' id='line_1_92' title="bbox 1926 4073 3510 4144; baseline 0.002 -14"><span class='ocrx_word' id='word_1_641' title='bbox 1926 4074 2121 4130; x_wconf 90' lang='lat' dir='ltr'><strong>domos</strong></span> <span class='ocrx_word' id='word_1_642' title='bbox 2157 4073 2343 4129; x_wconf 87' lang='lat' dir='ltr'><strong>animo</strong></span> <span class='ocrx_word' id='word_1_643' title='bbox 2381 4073 2665 4137; x_wconf 91' lang='lat' dir='ltr'><strong>incolunt,</strong></span> <span class='ocrx_word' id='word_1_644' title='bbox 2695 4087 2791 4127; x_wconf 89' lang='lat' dir='ltr'><strong>eos</strong></span> <span class='ocrx_word' id='word_1_645' title='bbox 2827 4073 3142 4143; x_wconf 65' lang='lat' dir='ltr'><strong>ignominia</strong></span> <span class='ocrx_word' id='word_1_646' title='bbox 3177 4076 3369 4144; x_wconf 86' lang='lat' dir='ltr'><strong>plenos</strong></span> <span class='ocrx_word' id='word_1_647' title='bbox 3411 4081 3510 4134; x_wconf 86' lang='lat' dir='ltr'><strong>de-</strong></span> 
     </span>
    </p>
   </div>
   <div class='ocr_carea' id='block_1_93' title="bbox 1927 4165 3508 4236">
    <p class='ocr_par' dir='ltr' id='par_1_93' title="bbox 1927 4165 3508 4236">
     <span class='ocr_line' id='line_1_93' title="bbox 1927 4165 3508 4236; baseline -0.001 -14"><span class='ocrx_word' id='word_1_648' title='bbox 1927 4167 2100 4222; x_wconf 88' lang='lat' dir='ltr'><strong>clarat</strong></span> <span class='ocrx_word' id='word_1_649' title='bbox 2140 4175 2304 4236; x_wconf 88' lang='lat' dir='ltr'><strong>atque</strong></span> <span class='ocrx_word' id='word_1_650' title='bbox 2350 4165 2663 4229; x_wconf 86' lang='lat' dir='ltr'><strong>dedecoris,</strong></span> <span class='ocrx_word' id='word_1_651' title='bbox 2701 4167 2846 4234; x_wconf 88' lang='lat' dir='ltr'><strong>quod</strong></span> <span class='ocrx_word' id='word_1_652' title='bbox 2881 4166 2990 4220; x_wconf 81' lang='lat' dir='ltr'><strong>vita</strong></span> <span class='ocrx_word' id='word_1_653' title='bbox 3028 4167 3193 4222; x_wconf 88' lang='lat' dir='ltr'><strong>stulte</strong></span> <span class='ocrx_word' id='word_1_654' title='bbox 3225 4169 3469 4224; x_wconf 68' lang='lat' dir='ltr'><strong>instituta</strong></span> <span class='ocrx_word' id='word_1_655' title='bbox 3493 4211 3508 4233; x_wconf 89' lang='lat'><strong>,</strong></span> 
     </span>
    </p>
   </div>
   <div class='ocr_carea' id='block_1_94' title="bbox 1925 4259 3509 4330">
    <p class='ocr_par' dir='ltr' id='par_1_94' title="bbox 1925 4259 3509 4330">
     <span class='ocr_line' id='line_1_94' title="bbox 1925 4259 3509 4330; baseline 0.001 -14"><span class='ocrx_word' id='word_1_656' title='bbox 1925 4260 2180 4316; x_wconf 85' lang='lat' dir='ltr'><strong>obscenis</strong></span> <span class='ocrx_word' id='word_1_657' title='bbox 2214 4259 2462 4330; x_wconf 88' lang='lat' dir='ltr'><strong>corporis</strong></span> <span class='ocrx_word' id='word_1_658' title='bbox 2505 4259 2875 4327; x_wconf 73' lang='lat' dir='ltr'><strong>voluptatibus</strong></span> <span class='ocrx_word' id='word_1_659' title='bbox 2904 4261 3177 4329; x_wconf 82' lang='lat' dir='ltr'><strong>pecudum</strong></span> <span class='ocrx_word' id='word_1_660' title='bbox 3230 4261 3404 4316; x_wconf 78' lang='lat' dir='ltr'><strong>instar</strong></span> <span class='ocrx_word' id='word_1_661' title='bbox 3441 4266 3509 4317; x_wconf 84' lang='lat' dir='ltr'><strong>at</strong></span> 
     </span>
    </p>
   </div>
   <div class='ocr_carea' id='block_1_95' title="bbox 1926 4352 3508 4422">
    <p class='ocr_par' dir='ltr' id='par_1_95' title="bbox 1926 4352 3508 4422">
     <span class='ocr_line' id='line_1_95' title="bbox 1926 4352 3508 4422; baseline 0.001 -13"><span class='ocrx_word' id='word_1_662' title='bbox 1926 4353 2228 4409; x_wconf 85' lang='lat' dir='ltr'><strong>satietatem</strong></span> <span class='ocrx_word' id='word_1_663' title='bbox 2261 4352 2618 4422; x_wconf 82' lang='lat' dir='ltr'><strong>indulgeant,</strong></span> <span class='ocrx_word' id='word_1_664' title='bbox 2662 4359 2943 4422; x_wconf 88' lang='lat' dir='ltr'><strong>totamque</strong></span> <span class='ocrx_word' id='word_1_665' title='bbox 2975 4352 3230 4408; x_wconf 71' lang='lat' dir='ltr'><strong>humanm</strong></span> <span class='ocrx_word' id='word_1_666' title='bbox 3255 4355 3379 4410; x_wconf 64' lang='lat' dir='ltr'><strong>vita:</strong></span> <span class='ocrx_word' id='word_1_667' title='bbox 3408 4373 3508 4409; x_wconf 86' lang='lat' dir='ltr'><strong>cu-</strong></span> 
     </span>
    </p>
   </div>
   <div class='ocr_carea' id='block_1_96' title="bbox 1930 4441 3509 4514">
    <p class='ocr_par' dir='ltr' id='par_1_96' title="bbox 1930 4441 3509 4514">
     <span class='ocr_line' id='line_1_96' title="bbox 1930 4441 3509 4514; baseline 0.003 -16"><span class='ocrx_word' id='word_1_668' title='bbox 1930 4459 2042 4498; x_wconf 87' lang='lat' dir='ltr'><strong>ram</strong></span> <span class='ocrx_word' id='word_1_669' title='bbox 2077 4444 2412 4513; x_wconf 73' lang='lat' dir='ltr'><strong>impendere,</strong></span> <span class='ocrx_word' id='word_1_670' title='bbox 2443 4443 2650 4498; x_wconf 87' lang='lat' dir='ltr'><strong>nullam</strong></span> <span class='ocrx_word' id='word_1_671' title='bbox 2693 4441 2892 4499; x_wconf 68' lang='lat' dir='ltr'><strong>futura:</strong></span> <span class='ocrx_word' id='word_1_672' title='bbox 2933 4446 3246 4514; x_wconf 82' lang='lat' dir='ltr'><strong>videantur,</strong></span> <span class='ocrx_word' id='word_1_673' title='bbox 3285 4459 3509 4504; x_wconf 79' lang='lat' dir='ltr'><strong>sanctu-</strong></span> 
     </span>
    </p>
   </div>
   <div class='ocr_carea' id='block_1_97' title="bbox 1927 4535 3509 4608">
    <p class='ocr_par' dir='ltr' id='par_1_97' title="bbox 1927 4535 3509 4608">
     <span class='ocr_line' id='line_1_97' title="bbox 1927 4535 3509 4608; baseline 0 -16"><span class='ocrx_word' id='word_1_674' title='bbox 1927 4552 2048 4592; x_wconf 88' lang='lat' dir='ltr'><strong>rum</strong></span> <span class='ocrx_word' id='word_1_675' title='bbox 2081 4535 2376 4600; x_wconf 82' lang='lat' dir='ltr'><strong>felicitate,</strong></span> <span class='ocrx_word' id='word_1_676' title='bbox 2407 4547 2461 4592; x_wconf 88' lang='lat' dir='ltr'><strong>et</strong></span> <span class='ocrx_word' id='word_1_677' title='bbox 2491 4553 2614 4606; x_wconf 70' lang='lat' dir='ltr'><strong>quae</strong></span> <span class='ocrx_word' id='word_1_678' title='bbox 2648 4537 2830 4608; x_wconf 82' lang='lat' dir='ltr'><strong>dignis</strong></span> <span class='ocrx_word' id='word_1_679' title='bbox 2853 4539 3125 4606; x_wconf 85' lang='lat' dir='ltr'><strong>promissa</strong></span> <span class='ocrx_word' id='word_1_680' title='bbox 3157 4547 3317 4606; x_wconf 90' lang='lat' dir='ltr'><strong>sunt,</strong></span> <span class='ocrx_word' id='word_1_681' title='bbox 3345 4543 3509 4594; x_wconf 68' lang='lat' dir='ltr'><strong>coelo.</strong></span> 
     </span>
    </p>
   </div>
   <div class='ocr_carea' id='block_1_98' title="bbox 1919 4627 3506 4699">
    <p class='ocr_par' dir='ltr' id='par_1_98' title="bbox 1919 4627 3506 4699">
     <span class='ocr_line' id='line_1_98' title="bbox 1919 4627 3506 4699; baseline 0.002 -16"><span class='ocrx_word' id='word_1_682' title='bbox 1919 4629 2099 4684; x_wconf 91' lang='lat' dir='ltr'><strong>stibus</strong></span> <span class='ocrx_word' id='word_1_683' title='bbox 2123 4627 2285 4682; x_wconf 88' lang='lat' dir='ltr'><strong>bonis</strong></span> <span class='ocrx_word' id='word_1_684' title='bbox 2323 4628 2609 4697; x_wconf 83' lang='lat' dir='ltr'><strong>neglectis.</strong></span> <span class='ocrx_word' id='word_1_685' title='bbox 2631 4627 2764 4693; x_wconf 74' lang='lat' dir='ltr'><strong>Qua:</strong></span> <span class='ocrx_word' id='word_1_686' title='bbox 2795 4642 2916 4681; x_wconf 84' lang='lat' dir='ltr'><strong>cum</strong></span> <span class='ocrx_word' id='word_1_687' title='bbox 2948 4629 3086 4681; x_wconf 90' lang='lat' dir='ltr'><strong>nihil</strong></span> <span class='ocrx_word' id='word_1_688' title='bbox 3114 4629 3184 4684; x_wconf 89' lang='lat' dir='ltr'><strong>ab</strong></span> <span class='ocrx_word' id='word_1_689' title='bbox 3199 4631 3506 4699; x_wconf 74' lang='lat' dir='ltr'><strong>evangelica</strong></span> 
     </span>
    </p>
   </div>
   <div class='ocr_carea' id='block_1_99' title="bbox 1918 4719 3576 4791">
    <p class='ocr_par' dir='ltr' id='par_1_99' title="bbox 1918 4719 3576 4791">
     <span class='ocr_line' id='line_1_99' title="bbox 1918 4719 3576 4791; baseline 0.001 -15"><span class='ocrx_word' id='word_1_690' title='bbox 1918 4721 2206 4776; x_wconf 87' lang='lat' dir='ltr'><strong>sanctitate</strong></span> <span class='ocrx_word' id='word_1_691' title='bbox 2227 4720 2590 4784; x_wconf 87' lang='lat' dir='ltr'><strong>dissentiant,</strong></span> <span class='ocrx_word' id='word_1_692' title='bbox 2623 4719 2806 4774; x_wconf 87' lang='lat' dir='ltr'><strong>simile</strong></span> <span class='ocrx_word' id='word_1_693' title='bbox 2832 4720 2993 4790; x_wconf 87' lang='lat' dir='ltr'><strong>plane</strong></span> <span class='ocrx_word' id='word_1_694' title='bbox 3020 4730 3185 4791; x_wconf 89' lang='lat' dir='ltr'><strong>atque</strong></span> <span class='ocrx_word' id='word_1_695' title='bbox 3207 4723 3348 4777; x_wconf 90' lang='lat' dir='ltr'><strong>idem</strong></span> <span class='ocrx_word' id='word_1_696' title='bbox 3381 4723 3508 4778; x_wconf 68' lang='lat' dir='ltr'><strong>vine</strong></span> <span class='ocrx_word' id='word_1_697' title='bbox 3571 4783 3576 4788; x_wconf 48' lang='grc'><strong>,</strong></span> 
     </span>
    </p>
   </div>
   <div class='ocr_carea' id='block_1_100' title="bbox 1919 4811 3506 4882">
    <p class='ocr_par' dir='ltr' id='par_1_100' title="bbox 1919 4811 3506 4882">
     <span class='ocr_line' id='line_1_100' title="bbox 1919 4811 3506 4882; baseline 0.004 -16"><span class='ocrx_word' id='word_1_698' title='bbox 1919 4811 2228 4869; x_wconf 85' lang='lat' dir='ltr'><strong>institutum</strong></span> <span class='ocrx_word' id='word_1_699' title='bbox 2262 4814 2334 4868; x_wconf 93' lang='lat' dir='ltr'><strong>ob</strong></span> <span class='ocrx_word' id='word_1_700' title='bbox 2373 4813 2563 4868; x_wconf 92' lang='lat' dir='ltr'><strong>oculos</strong></span> <span class='ocrx_word' id='word_1_701' title='bbox 2607 4823 2818 4882; x_wconf 87' lang='lat' dir='ltr'><strong>ponunt</strong></span> <span class='ocrx_word' id='word_1_702' title='bbox 2860 4813 3130 4882; x_wconf 87' lang='lat' dir='ltr'><strong>nobisque</strong></span> <span class='ocrx_word' id='word_1_703' title='bbox 3160 4813 3506 4872; x_wconf 82' lang='lat' dir='ltr'><strong>describunt.</strong></span> 
     </span>
    </p>
   </div>
   <div class='ocr_carea' id='block_1_101' title="bbox 1924 4903 2969 4974">
    <p class='ocr_par' dir='ltr' id='par_1_101' title="bbox 1924 4903 2969 4974">
     <span class='ocr_line' id='line_1_101' title="bbox 1924 4903 2969 4974; baseline 0.001 -15"><span class='ocrx_word' id='word_1_704' title='bbox 1924 4905 2219 4974; x_wconf 87' lang='lat' dir='ltr'><strong>Propterea</strong></span> <span class='ocrx_word' id='word_1_705' title='bbox 2250 4905 2442 4974; x_wconf 90' lang='lat' dir='ltr'><strong>utique</strong></span> <span class='ocrx_word' id='word_1_706' title='bbox 2472 4903 2674 4974; x_wconf 84' lang='lat' dir='ltr'><strong>adjecit</strong></span> <span class='ocrx_word' id='word_1_707' title='bbox 2696 4919 2920 4958; x_wconf 90' lang='lat' dir='ltr'><strong>rursum</strong></span> <span class='ocrx_word' id='word_1_708' title='bbox 2953 4922 2969 4960; x_wconf 90' lang='lat'><strong>:</strong></span> 
     </span>
    </p>
   </div>
   <div class='ocr_carea' id='block_1_102' title="bbox 241 4995 3510 5088">
    <p class='ocr_par' dir='ltr' id='par_1_102' title="bbox 241 4995 3510 5088">
     <span class='ocr_line' id='line_1_102' title="bbox 241 4995 3510 5088; baseline 0.001 -41"><span class='ocrx_word' id='word_1_709' title='bbox 241 4995 436 5050; x_wconf 78' lang='grc' dir='ltr'>δέοντα</span> <span class='ocrx_word' id='word_1_710' title='bbox 462 4999 556 5054; x_wconf 82' lang='grc' dir='ltr'><strong>τὸν</strong></span> <span class='ocrx_word' id='word_1_711' title='bbox 583 4997 702 5052; x_wconf 78' lang='grc' dir='ltr'>ἴσον</span> <span class='ocrx_word' id='word_1_712' title='bbox 759 4997 980 5053; x_wconf 77' lang='grc' dir='ltr'>καὶτὸν</span> <span class='ocrx_word' id='word_1_713' title='bbox 1039 4999 1209 5054; x_wconf 81' lang='grc' dir='ltr'>αὐτὸν</span> <span class='ocrx_word' id='word_1_714' title='bbox 1257 4999 1776 5071; x_wconf 81' lang='grc' dir='ltr'>προϐάλλονταικαὶ</span> <span class='ocrx_word' id='word_1_715' title='bbox 1831 5000 2361 5073; x_wconf 65' lang='grc' dir='ltr'>καθυπογράφονται</span> <span class='ocrx_word' id='word_1_716' title='bbox 2443 4999 2577 5070; x_wconf 83' lang='grc' dir='ltr'>βίον.</span> <span class='ocrx_word' id='word_1_717' title='bbox 2645 4998 2864 5069; x_wconf 83' lang='grc' dir='ltr'>’Δμέλει</span> <span class='ocrx_word' id='word_1_718' title='bbox 2939 4998 3120 5088; x_wconf 71' lang='grc' dir='ltr'>τοίνυν</span> <span class='ocrx_word' id='word_1_719' title='bbox 3195 4995 3357 5063; x_wconf 79' lang='grc' dir='ltr'>αὖθις</span> <span class='ocrx_word' id='word_1_720' title='bbox 3411 5001 3510 5052; x_wconf 59' lang='grc' dir='ltr'><strong>ἐπ-</strong></span> 
     </span>
    </p>
   </div>
   <div class='ocr_carea' id='block_1_103' title="bbox 242 5089 484 5156">
    <p class='ocr_par' dir='ltr' id='par_1_103' title="bbox 242 5089 484 5156">
     <span class='ocr_line' id='line_1_103' title="bbox 242 5089 484 5156; baseline 0.012 -15"><span class='ocrx_word' id='word_1_721' title='bbox 242 5089 448 5156; x_wconf 74' lang='grc' dir='ltr'>ἡγαγεν</span> <span class='ocrx_word' id='word_1_722' title='bbox 466 5105 484 5122; x_wconf 74' lang='grc' dir='ltr'><strong>ο</strong></span> 
     </span>
    </p>
   </div>
   <div class='ocr_carea' id='block_1_104' title="bbox 243 5211 1825 5284">
    <p class='ocr_par' dir='ltr' id='par_1_104' title="bbox 243 5211 1825 5284">
     <span class='ocr_line' id='line_1_104' title="bbox 243 5211 1825 5284; baseline 0.001 -20"><span class='ocrx_word' id='word_1_723' title='bbox 243 5211 442 5284; x_wconf 67' lang='lat' dir='ltr'><strong>niuium</strong></span> <span class='ocrx_word' id='word_1_724' title='bbox 478 5214 754 5284; x_wconf 68' lang='lat' dir='ltr'><strong>appellat.</strong></span> <span class='ocrx_word' id='word_1_725' title='bbox 778 5223 832 5284; x_wconf 69' lang='lat' dir='ltr'><strong>et</strong></span> <span class='ocrx_word' id='word_1_726' title='bbox 882 5214 993 5284; x_wconf 76' lang='lat' dir='ltr'><strong>ipse</strong></span> <span class='ocrx_word' id='word_1_727' title='bbox 1037 5213 1154 5284; x_wconf 75' lang='lat' dir='ltr'><strong>plus</strong></span> <span class='ocrx_word' id='word_1_728' title='bbox 1183 5214 1545 5284; x_wconf 36' lang='lat' dir='ltr'><strong>proﬁciettet</strong></span> <span class='ocrx_word' id='word_1_729' title='bbox 1585 5213 1825 5268; x_wconf 76' lang='lat' dir='ltr'><strong>subdi/os</strong></span> 
     </span>
    </p>
   </div>
   <div class='ocr_carea' id='block_1_105' title="bbox 244 5281 1562 5354">
    <p class='ocr_par' dir='ltr' id='par_1_105' title="bbox 244 5281 1562 5354">
     <span class='ocr_line' id='line_1_105' title="bbox 244 5281 1562 5354; baseline 0.005 -21"><span class='ocrx_word' id='word_1_730' title='bbox 244 5281 485 5354; x_wconf 58' lang='lat' dir='ltr'><strong>meliores</strong></span> <span class='ocrx_word' id='word_1_731' title='bbox 512 5281 697 5354; x_wconf 64' lang='lat' dir='ltr'><strong>faciet.</strong></span> <span class='ocrx_word' id='word_1_732' title='bbox 739 5283 832 5354; x_wconf 87' lang='lat' dir='ltr'><strong>(In</strong></span> <span class='ocrx_word' id='word_1_733' title='bbox 865 5281 1193 5338; x_wconf 40' lang='lat' dir='ltr'><strong>Auch&#39;Duc.</strong></span> <span class='ocrx_word' id='word_1_734' title='bbox 1225 5281 1290 5353; x_wconf 55' lang='grc' dir='ltr'>ρ(</span> <span class='ocrx_word' id='word_1_735' title='bbox 1323 5284 1426 5340; x_wconf 70' lang='grc'><strong>645</strong></span> <span class='ocrx_word' id='word_1_736' title='bbox 1452 5283 1516 5339; x_wconf 87' lang='lat' dir='ltr'><strong>E.</strong></span> <span class='ocrx_word' id='word_1_737' title='bbox 1544 5285 1562 5354; x_wconf 94' lang='lat'><strong>)</strong></span> 
     </span>
    </p>
   </div>
   <div class='ocr_carea' id='block_1_106' title="bbox 315 5351 1819 5424">
    <p class='ocr_par' dir='ltr' id='par_1_106' title="bbox 315 5351 1819 5424">
     <span class='ocr_line' id='line_1_106' title="bbox 315 5351 1819 5424; baseline 0 -18"><span class='ocrx_word' id='word_1_738' title='bbox 315 5351 427 5422; x_wconf 83' lang='lat'><strong>(58)</strong></span> <span class='ocrx_word' id='word_1_739' title='bbox 468 5351 636 5410; x_wconf 83' lang='lat' dir='ltr'><strong>Aliter</strong></span> <span class='ocrx_word' id='word_1_740' title='bbox 667 5351 780 5424; x_wconf 67' lang='lat' dir='ltr'><strong>haec</strong></span> <span class='ocrx_word' id='word_1_741' title='bbox 800 5353 962 5424; x_wconf 81' lang='lat' dir='ltr'><strong>Nilus</strong></span> <span class='ocrx_word' id='word_1_742' title='bbox 988 5355 1042 5407; x_wconf 91' lang='lat' dir='ltr'><strong>in</strong></span> <span class='ocrx_word' id='word_1_743' title='bbox 1077 5351 1335 5424; x_wconf 75' lang='lat' dir='ltr'><strong>epistolio</strong></span> <span class='ocrx_word' id='word_1_744' title='bbox 1369 5356 1436 5409; x_wconf 87' lang='lat' dir='ltr'><strong>ad</strong></span> <span class='ocrx_word' id='word_1_745' title='bbox 1464 5351 1819 5408; x_wconf 70' lang='lat' dir='ltr'><strong>ASiniliannm</strong></span> 
     </span>
    </p>
   </div>
   <div class='ocr_carea' id='block_1_107' title="bbox 244 5423 1821 5496">
    <p class='ocr_par' dir='ltr' id='par_1_107' title="bbox 244 5423 1821 5496">
     <span class='ocr_line' id='line_1_107' title="bbox 244 5423 1821 5496; baseline 0.001 -21"><span class='ocrx_word' id='word_1_746' title='bbox 244 5431 606 5496; x_wconf 75' lang='lat' dir='ltr'><strong>protectorem</strong></span> <span class='ocrx_word' id='word_1_747' title='bbox 658 5423 752 5496; x_wconf 69' lang='grc' dir='ltr'>(ιι.</span> <span class='ocrx_word' id='word_1_748' title='bbox 785 5423 1408 5496; x_wconf 69' lang='lat' dir='ltr'><strong>%l)_interpretatus,</strong></span> <span class='ocrx_word' id='word_1_749' title='bbox 1465 5425 1534 5496; x_wconf 87' lang='lat' dir='ltr'><strong>de</strong></span> <span class='ocrx_word' id='word_1_750' title='bbox 1582 5425 1821 5496; x_wconf 81' lang='lat' dir='ltr'><strong>utilitate</strong></span> 
     </span>
    </p>
   </div>
   <div class='ocr_carea' id='block_1_108' title="bbox 246 5493 1816 5564">
    <p class='ocr_par' dir='ltr' id='par_1_108' title="bbox 246 5493 1816 5564">
     <span class='ocr_line' id='line_1_108' title="bbox 246 5493 1816 5564; baseline 0.003 -22"><span class='ocrx_word' id='word_1_751' title='bbox 246 5493 389 5564; x_wconf 72' lang='lat' dir='ltr'><strong>dicta</strong></span> <span class='ocrx_word' id='word_1_752' title='bbox 415 5493 770 5556; x_wconf 80' lang='lat' dir='ltr'><strong>existimavit,</strong></span> <span class='ocrx_word' id='word_1_753' title='bbox 803 5510 928 5562; x_wconf 68' lang='lat' dir='ltr'><strong>quae</strong></span> <span class='ocrx_word' id='word_1_754' title='bbox 950 5493 1005 5547; x_wconf 89' lang='lat' dir='ltr'><strong>in</strong></span> <span class='ocrx_word' id='word_1_755' title='bbox 1035 5509 1160 5549; x_wconf 89' lang='lat' dir='ltr'><strong>eum</strong></span> <span class='ocrx_word' id='word_1_756' title='bbox 1192 5495 1370 5564; x_wconf 87' lang='lat' dir='ltr'><strong>ipsum</strong></span> <span class='ocrx_word' id='word_1_757' title='bbox 1402 5495 1690 5564; x_wconf 86' lang='lat' dir='ltr'><strong>redundat,</strong></span> <span class='ocrx_word' id='word_1_758' title='bbox 1721 5493 1816 5563; x_wconf 90' lang='lat' dir='ltr'><strong>qui</strong></span> 
     </span>
    </p>
   </div>
   <div class='ocr_carea' id='block_1_109' title="bbox 245 5561 1814 5635">
    <p class='ocr_par' dir='ltr' id='par_1_109' title="bbox 245 5561 1814 5635">
     <span class='ocr_line' id='line_1_109' title="bbox 245 5561 1814 5635; baseline 0.003 -23"><span class='ocrx_word' id='word_1_759' title='bbox 245 5561 368 5635; x_wconf 61' lang='lat' dir='ltr'><strong>sibi</strong></span> <span class='ocrx_word' id='word_1_760' title='bbox 393 5574 699 5635; x_wconf 60' lang='lat' dir='ltr'><strong>succenset.</strong></span> <span class='ocrx_word' id='word_1_761' title='bbox 747 5561 1016 5635; x_wconf 12' lang='lat' dir='ltr'><strong>Aitienim</strong></span> <span class='ocrx_word' id='word_1_762' title='bbox 1049 5583 1062 5618; x_wconf 87' lang='lat'><strong>:</strong></span> <span class='ocrx_word' id='word_1_763' title='bbox 1102 5582 1118 5612; x_wconf 79' lang='grc' dir='ltr'><strong>ι</strong></span> <span class='ocrx_word' id='word_1_764' title='bbox 1153 5561 1244 5617; x_wconf 83' lang='grc' dir='ltr'>Ἑν</span> <span class='ocrx_word' id='word_1_765' title='bbox 1279 5565 1448 5634; x_wconf 73' lang='grc' dir='ltr'>κακία</span> <span class='ocrx_word' id='word_1_766' title='bbox 1486 5561 1814 5635; x_wconf 68' lang='grc' dir='ltr'>προσώπου,</span> 
     </span>
    </p>
   </div>
   <div class='ocr_carea' id='block_1_110' title="bbox 248 5623 1861 5704">
    <p class='ocr_par' dir='ltr' id='par_1_110' title="bbox 248 5623 1861 5704">
     <span class='ocr_line' id='line_1_110' title="bbox 248 5623 1861 5704; baseline -0.002 -18"><span class='ocrx_word' id='word_1_767' title='bbox 248 5630 380 5704; x_wconf 59' lang='grc' dir='ltr'>φησι</span> <span class='ocrx_word' id='word_1_768' title='bbox 410 5632 691 5704; x_wconf 65' lang='grc' dir='ltr'>Σρλομὸιν,</span> <span class='ocrx_word' id='word_1_769' title='bbox 733 5633 1175 5704; x_wconf 73' lang='grc' dir='ltr'>ἀγαθυνθῄσεται</span> <span class='ocrx_word' id='word_1_770' title='bbox 1204 5635 1404 5704; x_wconf 87' lang='grc' dir='ltr'>καρδία</span> <span class='ocrx_word' id='word_1_771' title='bbox 1425 5623 1450 5662; x_wconf 71' lang='grc' dir='ltr'><strong><em>ὀ</em></strong></span> <span class='ocrx_word' id='word_1_772' title='bbox 1491 5653 1508 5684; x_wconf 78' lang='grc' dir='ltr'><strong>ι</strong></span> <span class='ocrx_word' id='word_1_773' title='bbox 1535 5623 1649 5688; x_wconf 77' lang='grc' dir='ltr'>’ἐὰν</span> <span class='ocrx_word' id='word_1_774' title='bbox 1701 5633 1814 5704; x_wconf 77' lang='grc' dir='ltr'><strong>γὰρ</strong></span> <span class='ocrx_word' id='word_1_775' title='bbox 1855 5671 1861 5677; x_wconf 90' lang='grc'>.</span> 
     </span>
    </p>
   </div>
   <div class='ocr_carea' id='block_1_111' title="bbox 248 5697 1818 5775">
    <p class='ocr_par' dir='ltr' id='par_1_111' title="bbox 248 5697 1818 5775">
     <span class='ocr_line' id='line_1_111' title="bbox 248 5697 1818 5775; baseline 0.004 -25"><span class='ocrx_word' id='word_1_776' title='bbox 248 5697 583 5771; x_wconf 45' lang='lat' dir='ltr'><strong>amicosne;</strong></span> <span class='ocrx_word' id='word_1_777' title='bbox 625 5697 720 5758; x_wconf 76' lang='grc' dir='ltr'>καὶ</span> <span class='ocrx_word' id='word_1_778' title='bbox 769 5697 1164 5775; x_wconf 78' lang='grc' dir='ltr'>πικρανθῶμεν</span> <span class='ocrx_word' id='word_1_779' title='bbox 1206 5697 1328 5758; x_wconf 80' lang='grc' dir='ltr'>καθ’</span> <span class='ocrx_word' id='word_1_780' title='bbox 1377 5704 1588 5757; x_wconf 78' lang='grc' dir='ltr'>ἑαυτῶν</span> <span class='ocrx_word' id='word_1_781' title='bbox 1634 5697 1818 5757; x_wconf 64' lang='grc' dir='ltr'>κινουῖ-</span> 
     </span>
    </p>
   </div>
   <div class='ocr_carea' id='block_1_112' title="bbox 1970 5203 3506 5276">
    <p class='ocr_par' dir='ltr' id='par_1_112' title="bbox 1970 5203 3506 5276">
     <span class='ocr_line' id='line_1_112' title="bbox 1970 5203 3506 5276; baseline -0.003 -14"><span class='ocrx_word' id='word_1_782' title='bbox 1970 5209 2105 5262; x_wconf 84' lang='grc' dir='ltr'>ἐνων</span> <span class='ocrx_word' id='word_1_783' title='bbox 2131 5206 2269 5276; x_wconf 75' lang='grc' dir='ltr'>πρὸς</span> <span class='ocrx_word' id='word_1_784' title='bbox 2294 5203 2392 5274; x_wconf 78' lang='grc' dir='ltr'><strong>τὴν</strong></span> <span class='ocrx_word' id='word_1_785' title='bbox 2415 5205 2620 5276; x_wconf 67' lang='grc' dir='ltr'>ἄτοπον</span> <span class='ocrx_word' id='word_1_786' title='bbox 2662 5204 2884 5275; x_wconf 77' lang='grc' dir='ltr'>πρᾶξιν,</span> <span class='ocrx_word' id='word_1_787' title='bbox 2921 5203 3140 5268; x_wconf 80' lang='grc' dir='ltr'>πάντως</span> <span class='ocrx_word' id='word_1_788' title='bbox 3169 5205 3506 5276; x_wconf 81' lang='grc' dir='ltr'>ὄτιάγαθυν-</span> 
     </span>
    </p>
   </div>
   <div class='ocr_carea' id='block_1_113' title="bbox 1922 5229 3507 5363">
    <p class='ocr_par' dir='ltr' id='par_1_113' title="bbox 1922 5229 3507 5363">
     <span class='ocr_line' id='line_1_113' title="bbox 1970 5229 3506 5276; baseline -0.003 -14"><span class='ocrx_word' id='word_1_789' title='bbox 1970 5229 2105 5262; x_wconf 87' lang='grc' dir='ltr'>ενων</span> <span class='ocrx_word' id='word_1_790' title='bbox 2131 5229 2269 5276; x_wconf 77' lang='grc' dir='ltr'>προς</span> <span class='ocrx_word' id='word_1_791' title='bbox 2294 5229 2392 5274; x_wconf 82' lang='grc' dir='ltr'><strong>την</strong></span> <span class='ocrx_word' id='word_1_792' title='bbox 2415 5229 2620 5258; x_wconf 76' lang='grc' dir='ltr'>ατοπον</span> <span class='ocrx_word' id='word_1_793' title='bbox 2662 5229 2884 5275; x_wconf 77' lang='grc' dir='ltr'>πραςιν,</span> <span class='ocrx_word' id='word_1_794' title='bbox 2921 5229 3140 5268; x_wconf 77' lang='grc' dir='ltr'>παντως</span> <span class='ocrx_word' id='word_1_795' title='bbox 3169 5229 3250 5259; x_wconf 84' lang='grc' dir='ltr'><strong>οτι</strong></span> <span class='ocrx_word' id='word_1_796' title='bbox 3269 5229 3506 5273; x_wconf 79' lang='grc' dir='ltr'>αγαυυν-</span> 
     </span>
     <span class='ocr_line' id='line_1_114' title="bbox 1922 5229 3507 5363; baseline 0 0"><span class='ocrx_word' id='word_1_797' title='bbox 1922 5229 2215 5363; x_wconf 41' lang='lat' dir='ltr'><strong>Sicanii</strong></span> <span class='ocrx_word' id='word_1_798' title='bbox 2246 5275 2395 5357; x_wconf 57' lang='grc' dir='ltr'>Φυλὼ</span> <span class='ocrx_word' id='word_1_799' title='bbox 2430 5273 2590 5363; x_wconf 49' lang='lat' dir='ltr'><strong>ita?!</strong></span> <span class='ocrx_word' id='word_1_800' title='bbox 2631 5276 2943 5363; x_wconf 59' lang='grc' dir='ltr'>τεξῖτοξιένη</span> <span class='ocrx_word' id='word_1_801' title='bbox 2981 5277 3076 5363; x_wconf 58' lang='grc' dir='ltr'>κοιλ</span> <span class='ocrx_word' id='word_1_802' title='bbox 3117 5275 3507 5363; x_wconf 44' lang='lat' dir='ltr'><strong>animum</strong></span> 
     </span>
    </p>
   </div>
   <div class='ocr_carea' id='block_1_114' title="bbox 1920 5343 3502 5420">
    <p class='ocr_par' dir='ltr' id='par_1_114' title="bbox 1920 5343 3502 5420">
     <span class='ocr_line' id='line_1_115' title="bbox 1920 5343 3502 5420; baseline -0.003 -17"><span class='ocrx_word' id='word_1_803' title='bbox 1920 5343 1998 5420; x_wconf 78' lang='grc' dir='ltr'>τῷ</span> <span class='ocrx_word' id='word_1_804' title='bbox 2041 5343 2230 5420; x_wconf 65' lang='grc' dir='ltr'>κάλλει</span> <span class='ocrx_word' id='word_1_805' title='bbox 2265 5343 2393 5398; x_wconf 69' lang='grc' dir='ltr'><strong>τῶν</strong></span> <span class='ocrx_word' id='word_1_806' title='bbox 2421 5343 2652 5420; x_wconf 63' lang='grc' dir='ltr'>ἀρετῶν.</span> <span class='ocrx_word' id='word_1_807' title='bbox 2699 5343 2756 5400; x_wconf 25' lang='grc' dir='ltr'>ίΙιΙ</span> <span class='ocrx_word' id='word_1_808' title='bbox 2803 5343 2886 5400; x_wconf 79' lang='lat' dir='ltr'><strong>est</strong></span> <span class='ocrx_word' id='word_1_809' title='bbox 2916 5363 2928 5399; x_wconf 91' lang='lat'>:</span> <span class='ocrx_word' id='word_1_810' title='bbox 2970 5365 2990 5397; x_wconf 71' lang='grc' dir='ltr'><strong>ε</strong></span> <span class='ocrx_word' id='word_1_811' title='bbox 3028 5345 3094 5420; x_wconf 68' lang='lat' dir='ltr'><strong>In</strong></span> <span class='ocrx_word' id='word_1_812' title='bbox 3131 5343 3272 5420; x_wconf 72' lang='lat' dir='ltr'><strong>malo</strong></span> <span class='ocrx_word' id='word_1_813' title='bbox 3307 5343 3502 5420; x_wconf 52' lang='lat' dir='ltr'><strong>vultus.</strong></span> 
     </span>
    </p>
   </div>
   <div class='ocr_carea' id='block_1_115' title="bbox 1922 5415 3505 5488">
    <p class='ocr_par' dir='ltr' id='par_1_115' title="bbox 1922 5415 3505 5488">
     <span class='ocr_line' id='line_1_116' title="bbox 1922 5415 3505 5488; baseline -0.004 -14"><span class='ocrx_word' id='word_1_814' title='bbox 1922 5415 2094 5488; x_wconf 71' lang='lat' dir='ltr'><strong>inquit</strong></span> <span class='ocrx_word' id='word_1_815' title='bbox 2132 5415 2424 5488; x_wconf 83' lang='lat' dir='ltr'><strong>Salomon,</strong></span> <span class='ocrx_word' id='word_1_816' title='bbox 2469 5415 2557 5482; x_wconf 78' lang='lat' dir='ltr'><strong>ﬁet</strong></span> <span class='ocrx_word' id='word_1_817' title='bbox 2594 5415 2786 5488; x_wconf 81' lang='lat' dir='ltr'><strong>bonum</strong></span> <span class='ocrx_word' id='word_1_818' title='bbox 2826 5430 2936 5488; x_wconf 76' lang='lat' dir='ltr'><strong>car.</strong></span> <span class='ocrx_word' id='word_1_819' title='bbox 2979 5434 2997 5488; x_wconf 72' lang='grc' dir='ltr'><strong>ι</strong></span> <span class='ocrx_word' id='word_1_820' title='bbox 3045 5415 3246 5488; x_wconf 74' lang='lat' dir='ltr'><strong>Quippe</strong></span> <span class='ocrx_word' id='word_1_821' title='bbox 3275 5416 3420 5484; x_wconf 79' lang='lat' dir='ltr'><strong>quia,</strong></span> <span class='ocrx_word' id='word_1_822' title='bbox 3456 5417 3505 5468; x_wconf 74' lang='lat' dir='ltr'><strong>ai</strong></span> 
     </span>
    </p>
   </div>
   <div class='ocr_carea' id='block_1_116' title="bbox 1919 5485 3510 5554">
    <p class='ocr_par' dir='ltr' id='par_1_116' title="bbox 1919 5485 3510 5554">
     <span class='ocr_line' id='line_1_117' title="bbox 1919 5485 3510 5554; baseline -0.005 -10"><span class='ocrx_word' id='word_1_823' title='bbox 1919 5485 2106 5544; x_wconf 74' lang='lat' dir='ltr'><strong>contra</strong></span> <span class='ocrx_word' id='word_1_824' title='bbox 2145 5503 2240 5541; x_wconf 82' lang='lat' dir='ltr'><strong>nos</strong></span> <span class='ocrx_word' id='word_1_825' title='bbox 2275 5487 2437 5554; x_wconf 84' lang='lat' dir='ltr'><strong>ipsos,</strong></span> <span class='ocrx_word' id='word_1_826' title='bbox 2487 5501 2605 5538; x_wconf 85' lang='lat' dir='ltr'><strong>cum</strong></span> <span class='ocrx_word' id='word_1_827' title='bbox 2666 5487 2736 5538; x_wconf 72' lang='lat' dir='ltr'><strong>ad</strong></span> <span class='ocrx_word' id='word_1_828' title='bbox 2797 5485 3029 5539; x_wconf 82' lang='lat' dir='ltr'><strong>absurda</strong></span> <span class='ocrx_word' id='word_1_829' title='bbox 3089 5485 3234 5554; x_wconf 76' lang='lat' dir='ltr'><strong>facta</strong></span> <span class='ocrx_word' id='word_1_830' title='bbox 3291 5499 3510 5554; x_wconf 68' lang='lat' dir='ltr'><strong>comer-</strong></span> 
     </span>
    </p>
   </div>
   <div class='ocr_carea' id='block_1_117' title="bbox 1921 5553 3504 5624">
    <p class='ocr_par' dir='ltr' id='par_1_117' title="bbox 1921 5553 3504 5624">
     <span class='ocr_line' id='line_1_118' title="bbox 1921 5553 3504 5624; baseline -0.005 -12"><span class='ocrx_word' id='word_1_831' title='bbox 1921 5562 2103 5621; x_wconf 84' lang='lat' dir='ltr'><strong>timur,</strong></span> <span class='ocrx_word' id='word_1_832' title='bbox 2142 5553 2618 5616; x_wconf 68' lang='lat' dir='ltr'><strong>sucreitsuerimus,</strong></span> <span class='ocrx_word' id='word_1_833' title='bbox 2645 5556 3002 5608; x_wconf 81' lang='lat' dir='ltr'><strong>amaritudine</strong></span> <span class='ocrx_word' id='word_1_834' title='bbox 3031 5553 3262 5624; x_wconf 82' lang='lat' dir='ltr'><strong>quadam</strong></span> <span class='ocrx_word' id='word_1_835' title='bbox 3286 5553 3504 5624; x_wconf 70' lang='lat' dir='ltr'><strong>affecti;</strong></span> 
     </span>
    </p>
   </div>
   <div class='ocr_carea' id='block_1_118' title="bbox 1921 5622 3506 5696">
    <p class='ocr_par' dir='ltr' id='par_1_118' title="bbox 1921 5622 3506 5696">
     <span class='ocr_line' id='line_1_119' title="bbox 1921 5622 3506 5696; baseline -0.005 -13"><span class='ocrx_word' id='word_1_836' title='bbox 1921 5630 2084 5683; x_wconf 82' lang='lat' dir='ltr'><strong>bonus</strong></span> <span class='ocrx_word' id='word_1_837' title='bbox 2110 5627 2290 5696; x_wconf 78' lang='lat' dir='ltr'><strong>utique</strong></span> <span class='ocrx_word' id='word_1_838' title='bbox 2319 5625 2409 5694; x_wconf 71' lang='grc' dir='ltr'><strong>[ἱρτ</strong></span> <span class='ocrx_word' id='word_1_839' title='bbox 2438 5627 2650 5696; x_wconf 72' lang='lat' dir='ltr'><strong>omnino</strong></span> <span class='ocrx_word' id='word_1_840' title='bbox 2681 5627 2899 5696; x_wconf 72' lang='lat' dir='ltr'><strong>animus</strong></span> <span class='ocrx_word' id='word_1_841' title='bbox 2923 5622 3118 5696; x_wconf 71' lang='lat' dir='ltr'><strong>noster.</strong></span> <span class='ocrx_word' id='word_1_842' title='bbox 3152 5639 3302 5692; x_wconf 70' lang='lat' dir='ltr'><strong>quem.</strong></span> <span class='ocrx_word' id='word_1_843' title='bbox 3335 5622 3506 5676; x_wconf 69' lang='lat' dir='ltr'><strong>virtu-</strong></span> 
     </span>
    </p>
   </div>
   <div class='ocr_carea' id='block_1_119' title="bbox 1922 5693 3122 5764">
    <p class='ocr_par' dir='ltr' id='par_1_119' title="bbox 1922 5693 3122 5764">
     <span class='ocr_line' id='line_1_120' title="bbox 1922 5693 3122 5764; baseline -0.005 -11"><span class='ocrx_word' id='word_1_844' title='bbox 1922 5710 2032 5753; x_wconf 85' lang='lat' dir='ltr'><strong>tum</strong></span> <span class='ocrx_word' id='word_1_845' title='bbox 2063 5693 2405 5764; x_wconf 71' lang='lat' dir='ltr'><strong>pulchritudo</strong></span> <span class='ocrx_word' id='word_1_846' title='bbox 2433 5693 2786 5750; x_wconf 71' lang='lat' dir='ltr'><strong>exhilarando</strong></span> <span class='ocrx_word' id='word_1_847' title='bbox 2818 5693 3122 5750; x_wconf 70' lang='lat' dir='ltr'><strong>delectabit.</strong></span> 
     </span>
    </p>
   </div>
  </div>
