4076 6310
449 269 552 332 999
1548 266 1616 326 8.
1659 263 2038 325 GBEGORII
2079 265 2601 326 AGRIGENTINI
3671 259 3833 324 1000

445 395 674 453 verant,
702 383 928 458 pramia
961 383 1238 439 inventuri
1269 382 1399 439 sint.
1437 380 1732 438 Enimvero
1757 381 1886 437 dum
1919 383 2032 436 haec

2139 380 2514 446 κακοπαθείας
2547 382 2848 453 ἀνονήτους
2905 383 3298 455 ἀνθαιροῦνται
3349 379 3482 435 καὶ
3547 377 3828 450 φέρουσι

450 479 770 550 insipientes
795 476 1065 548 garriunt,
1109 490 1252 546 saepe
1279 475 1371 544 qui
1399 475 1622 546 sapiens
1651 489 1774 530 esse
1797 475 2036 540 videtur,

2139 471 2424 534 γενναίως,
2480 469 2541 535 ἐξ
2593 465 2669 525 ὧν
2725 471 2880 524 οὐδὲν
2929 471 3417 543 ὠφεληθήσονται,
3483 466 3828 539 μηδεμίαν

449 587 574 626 cum
609 586 672 626 ea
702 570 895 626 crebro
926 577 1298 639 perpetuoque
1327 569 1536 632 audiat,
1577 566 1884 634 despondet
1913 565 2032 620 ani-

2139 559 2243 613 τῶν
2284 559 2663 630 ἐλπιζομένων
2694 560 2880 622 αὐτοῖς
2929 560 3234 631 μελλόντων
3283 559 3568 628 ἀγαθῶν
3623 557 3823 626 εὑρή-

451 678 624 726 mum,
652 669 816 730 atque
847 659 902 713 in
929 659 1146 714 virtutis
1175 659 1360 714 studio
1387 667 1441 713 et
1461 666 1609 713 recte
1641 655 1802 711 factis
1827 654 2035 708 virilem

2139 669 2324 714 σοντες
2352 651 2614 722 ἀμοιϐήν.
2646 651 2833 705 Ταῦτα
2860 652 2918 704 δὲ
2945 652 3214 720 λεγόντων
3245 650 3353 705 τῶν
3386 649 3753 720 ἀφρόνων,
3783 647 3817 698 ὁ

450 754 816 810 constantiam
859 767 922 805 ac
972 747 1143 805 robur
1190 751 1448 817 remittit;
1503 759 1764 819 tanquam
1819 747 1915 816 qui
1967 747 2038 800 ob

451 848 743 901 stultorum
768 844 1130 899 contumelias
1156 843 1306 911 gravi
1337 843 1566 896 nimium
1597 840 1818 896 tristitia
1851 854 1915 894 ac
1936 839 2038 893 do~

452 941 571 994 lore
603 952 898 1009 oppressus
936 935 1126 990 fuerit.

2137 745 2300 812 σοφὸς
2331 741 2476 798 εἶναι
2503 743 2703 806 δοκῶν,
2739 743 2956 798 ἀκούων
2991 743 3429 814 ἀλλεπαλλήλως
3469 743 3598 794 καὶ
3662 756 3807 793 συν-

2136 837 2302 907 εχῶς,
2332 837 2536 906 πάσχει
2583 837 2844 900 πολλάκις
2881 836 3106 904 ἀγεννὲς
3126 835 3320 898 πάθος,
3356 835 3480 888 καὶ
3536 833 3668 903 τῆς
3702 833 3817 904 ἀρ-

2135 930 2385 1000 ρενωποῦ
2413 930 2652 1001 καρδίας
2701 930 2804 1000 τὴν
2857 930 3146 984 συντονίαν
3182 929 3283 999 τὴν
3313 929 3416 981 ἐπὶ
3459 929 3612 988 τοῖς
3643 925 3810 994 ἀγα-

453 1031 566 1092 Οοῖς
601 1030 692 1082 καὶ
715 1025 1032 1088 σπουδαίοις
1063 1025 1248 1096 ἔργοις
1271 1023 1608 1094 καουζίησιν
1633 1040 1646 1054 ι
1695 1017 1787 1076 οἷα
1875 1021 1947 1091 δή
1982 1018 2297 1090 πληρωθεὶς
2353 1020 2655 1092 ἀχθηδόνος
2723 1020 2820 1074 καὶ
2867 1019 3048 1091 λύπης
3081 1019 3174 1074 ἐπὶ
3207 1019 3287 1110 τῷ
3325 1018 3454 1072 τῶν
3491 1016 3810 1088 ἀςρόνων

448 1123 763 1194 ὀνειδισμῷ.

522 1217 660 1273 llinc
716 1217 861 1273 enim
903 1231 1028 1272 cum
1067 1215 1275 1271 Davide
1315 1215 1581 1285 propheta
1629 1214 1682 1268 in
1730 1229 1826 1286 eos
1870 1213 2034 1266 etiam

451 1320 678 1379 questus
705 1309 1054 1379 prorumpit:
1091 1327 1109 1358 ι
1145 1307 1283 1363 Ecce
1319 1307 1408 1362 isti
1445 1315 1758 1377 peccatores
1783 1315 1836 1360 et
1864 1305 2035 1360 abun-

452 1405 645 1456 dantes
669 1402 723 1454 in
755 1401 1014 1455 saeculum
1054 1400 1410 1454 obtinuerunt
1440 1399 1658 1454 divitias
1683 1400 1749 1463 ⁸⁷,
1787 1415 1804 1447 ι
1841 1397 1902 1451 Et
1927 1397 2030 1450 ite-

454 1509 576 1560 rum
605 1511 618 1545 :
648 1511 666 1544 ι
689 1492 788 1546 Mei
814 1502 994 1546 autem
1024 1507 1160 1561 pene
1187 1493 1318 1545 moti
1351 1500 1482 1546 sunt
1511 1491 1696 1562 pedes,
1724 1505 1861 1560 pene
1878 1488 2037 1542 cﬂ‘usi

454 1594 582 1636 sunt
621 1597 842 1652 gressus
884 1583 1030 1647 mei;
1079 1583 1208 1652 quia
1263 1583 1432 1636 zelavi
1484 1598 1650 1651 super
1687 1589 2034 1651 peccatores,

455 1689 642 1743 pacem
666 1683 1014 1742 peccatorum
1037 1674 1226 1728 videns
1249 1673 1314 1726 ⁸³.
1342 1693 1360 1725 ι
1388 1674 1465 1728 Ac
1489 1689 1707 1726 rursum
1734 1691 1747 1726 :
1777 1691 1794 1723 ι
1823 1670 2032 1740 Usque-

455 1778 564 1830 quo
596 1760 752 1830 173
784 1770 1119 1828 peccatores,
1144 1761 1392 1820 Domine.
1414 1777 1700 1832 usquequo
1723 1769 2039 1830 peccatores

453 1850 836 1919 gloriabuntur
861 1867 872 1902 :
909 1849 1218 1904 cli‘abuntur
1247 1861 1301 1904 et
1331 1852 1624 1921 loquentur
1653 1851 2028 1920 iniquitatem,

455 1941 747 2010 loquentur
790 1955 1017 2003 omnes,
1056 1942 1151 2010 qui
1197 1951 1492 2012 aperantur
1535 1941 1862 2010 injustitiam
1893 1941 1976 1994 "?
2016 1959 2033 1991 ι

455 2033 634 2098 Atque
660 2031 826 2084 etiam
862 2045 986 2084 eum
1018 2029 1252 2087 Jeremia
1285 2049 1298 2085 :
1347 2050 1365 2084 ι
1396 2031 1578 2098 Quare
1605 2033 1692 2086 via
1738 2033 2030 2102 impiorum

455 2132 808 2192 prosperatur
832 2122 876 2153 ⁵⁰
902 2123 925 2176 ?
959 2141 976 2174 ι
1003 2132 1057 2178 et
1082 2140 1205 2178 eum
1237 2125 1438 2179 athleta
1481 2125 1572 2180 illo
1616 2125 1832 2194 pietatis
1853 2124 1994 2180 Jobo
2023 2151 2036 2186 ε

458 2231 478 2264 ι
512 2212 746 2268 Gemens
761 2213 1032 2268 dimittam
1051 2215 1336 2270 adversum
1361 2230 1486 2268 eum
1516 2215 1794 2284 eloquium
1825 2231 2027 2283 meum,

456 2305 654 2375 loquar
699 2305 752 2358 in
784 2305 1148 2359 amaritudine
1175 2308 1374 2361 anima:
1416 2323 1583 2369 mete,
1624 2317 1678 2361 et
1715 2309 1894 2362 dicam
1935 2306 2039 2359 Do-

455 2397 628 2459 mino,
658 2395 733 2449 Ne
762 2413 849 2450 me
879 2398 1103 2466 impium
1129 2412 1250 2451 esse
1283 2399 1512 2460 doceas;
1549 2407 1604 2453 et
1645 2414 1810 2468 quare
1841 2413 1927 2453 me
1957 2399 2038 2454 sic

453 2486 714 2556 jndicasti
739 2485 762 2541 ?
792 2503 860 2541 an
895 2489 1096 2541 bonum
1129 2496 1213 2540 est
1242 2488 1361 2553 tibi,
1399 2490 1446 2542 si
1473 2489 1658 2558 inique
1688 2505 1883 2559 egero,
1907 2491 2036 2560 quia

462 2579 760 2649 repndiasti
790 2595 953 2650 opera
985 2595 1244 2633 manuum
1275 2595 1518 2634 mearum
1541 2620 1556 2642 ,
1581 2591 1635 2635 et
1657 2581 1721 2634 ad
1745 2581 2033 2637 consilium

461 2670 751 2738 impiorum
784 2669 1252 2724 animadvertisti?
1292 2685 1421 2724 num
1459 2679 1520 2726 ut
1565 2672 1730 2726 homo
1761 2673 1942 2738 videt,
1977 2683 2034 2728 ιιι

456 2766 742 2834 despectas
773 2763 920 2836 (ιδῃ
953 2783 972 2816 ι

530 2856 852 2926 llnjusmodi
922 2871 1052 2927 ergo
1113 2858 1166 2911 in
1232 2871 1516 2914 sermones
1576 2857 1821 2928 sapiente
1870 2859 2032 2913 etiam

2210 1203 2434 1275 Πρόεισι
2486 1204 2595 1273 γάρ
2655 1203 2909 1259 ἐντεῦθεν
2953 1205 3047 1258 καὶ
3077 1204 3157 1268 εἰς
3217 1203 3278 1256 τὸ
3307 1203 3586 1273 φάσκειν
3635 1199 3806 1272 μετὰ

2136 1295 2231 1350 τοῦ
2265 1297 2550 1367 προφήτου
2602 1296 2768 1350 Δαϐίδ
2793 1312 2805 1323 ⁸
2833 1314 2853 1346 r
2902 1297 3036 1349 Ἰδοὺ
3085 1290 3233 1349 οἷτοι
3278 1292 3664 1364 ἁμαρτωλοὶ
3693 1292 3806 1344 καὶ

2136 1387 2498 1453 εύθηνοῦντες
2531 1389 2611 1450 είς
2665 1387 2754 1440 τὸν
2798 1387 2996 1449 αίῶνα,
3053 1388 3320 1456 κατέσχον
3377 1385 3671 1438 πλούτου
3702 1399 3720 1413 ⁸
3769 1401 3792 1432 ι

2137 1479 2233 1532 καὶ
2265 1479 2449 1540 πάλιν,
2498 1496 2517 1528 ι
2568 1477 2733 1546 Ἐμοῦ
2763 1477 2822 1529 δὲ
2873 1478 3024 1546 παρὰ
3085 1481 3282 1547 μικρὸν
3343 1474 3799 1544 ἐσαλεύθησαν

2136 1572 2188 1624 οἱ
2238 1572 2435 1627 πόδες·
2468 1571 2599 1638 παρ’
2635 1569 2816 1636 ὀλίγον
2865 1568 3205 1640 ἐξεχύθησαν
3280 1567 3349 1621 τὰ
3399 1564 3794 1637 διαϐήματά

2146 1681 2248 1734 μου
2271 1681 2284 1694 ο
2319 1665 2401 1716 ὃτι
2433 1662 2686 1732 ἐζήλωσα
2729 1663 2824 1715 ἐπὶ
2870 1665 2984 1724 τοῖς
3012 1663 3234 1732 ἀνόμοις
3279 1664 3526 1734 είρήνην
3569 1662 3789 1730 ἀμαρ-

2140 1754 2330 1808 τωλῶν
2356 1753 2599 1824 θεωρῶν.
2643 1772 2660 1805 ι
2692 1754 2805 1808 Καὶ
2833 1753 3018 1820 πάλιν,
3054 1773 3073 1806 ι
3113 1755 3257 1818 Ἕως
3289 1755 3418 1808 πότε
3455 1755 3782 1824 ἀμαρτω-

2141 1847 2244 1909 λοὶ,
2273 1845 2469 1917 Κύριε,
2492 1846 2597 1909 ἕως
2623 1845 2748 1898 πότε
2769 1847 3087 1918 ἁμαρτωλοὶ
3119 1848 3498 1919 καυχήσονται
3535 1865 3553 1878 ·
3584 1846 3785 1917 φθέγ-

2143 1938 2325 2003 ξονται
2355 1939 2449 1992 καὶ
2493 1938 2825 2010 λαλήσουσιν
2876 1939 3096 1993 ἀδικίαν
3119 1957 3134 1972 ·
3170 1940 3476 2012 λαλήσουσι
3537 1939 3778 2002 πάντες

2141 2032 2191 2083 οἱ
2221 2029 2582 2101 ἐργαζόμενοι
2610 2029 2712 2100 τὴν
2743 2031 2977 2101 ἀνομίαν
3006 2048 3020 2097 ;
3048 2050 3065 2082 ι
3100 2032 3212 2086 Καὶ
3243 2033 3428 2103 μέντοι
3455 2033 3570 2086 καὶ
3609 2031 3774 2104 μετά

2140 2122 2235 2174 τοῦ
2265 2121 2530 2192 Ἱερεμίου
2557 2136 2570 2150 '
2613 2139 2630 2171 ι
2657 2121 2722 2174 Τί
2745 2123 2828 2174 ὅτι
2853 2122 2970 2185 ὁδὸς
2993 2123 3209 2176 ἀσεϐῶν
3233 2124 3526 2177 εὐοδοῦται
3550 2139 3569 2188 ;
3609 2142 3631 2174 ι
3660 2121 3768 2176 καὶ

2143 2214 2304 2268 πάλιν
2339 2213 2479 2284 μετὰ
2508 2212 2602 2266 τοῦ
2627 2213 2865 2283 ἀθλητοῦ
2896 2215 2998 2284 τῆς
3021 2215 3306 2280 εὐσεϐείας
3339 2215 3464 2269 ἰῶσ
3488 2233 3503 2247 ο
3543 2234 3567 2268 ι
3621 2216 3768 2269 Στέ-

2141 2323 2247 2358 νειλν
2270 2305 2468 2374 ἀφήσω
2502 2303 2586 2356 ἐπ’
2623 2305 2786 2358 αὐτὸν
2835 2305 2903 2359 τά
2959 2307 3185 2376 ῥήματά
3224 2325 3328 2376 μου
3352 2323 3366 2338 ο
3397 2307 3651 2378 λαλήσω
3697 2305 3761 2359 δὲ

2140 2379 2339 2467 πικρίᾷ
2361 2396 2543 2467 ψυχῆς
2578 2397 2963 2467 συνεχόμενος,
2999 2401 3093 2452 καὶ
3125 2399 3236 2470 ἐρῶ
3280 2397 3419 2470 πρὸς
3469 2398 3713 2470 Κύριον
3743 2413 3758 2427 ·

2139 2489 2230 2560 Μή
2267 2505 2336 2558 με
2361 2489 2581 2542 ἀσεϐεῖν
2611 2490 2833 2542 δίδασκε
2855 2507 2870 2522 ο
2905 2491 2999 2544 καὶ
3029 2491 3118 2545 διὰ
3158 2492 3210 2544 τί
3249 2510 3316 2561 με
3361 2492 3553 2556 οὕτως
3591 2493 3764 2563 ἐκρι-

2138 2596 2233 2646 νας
2266 2598 2280 2647 ;
2319 2581 2351 2653 ἢ
2389 2581 2553 2663 καλόν
2590 2599 2694 2646 σοι,
2727 2583 2824 2636 ἐὰν
2867 2584 3134 2652 ἀδικήσω,
3182 2585 3265 2638 ὅτι
3305 2586 3566 2648 ἀπεῖπας
3601 2587 3759 2657 ἔργα

2138 2673 2342 2744 χειρῶν
2381 2691 2506 2744 μου.
2541 2673 2708 2743 βουλῇ
2750 2674 2807 2726 δὲ
2835 2675 3049 2728 ὰσεθῶν
3083 2676 3386 2746 προσέσχες
3419 2676 3492 2746 ςή
3525 2675 3756 2748 ὥσπερ

2138 2767 2166 2816 ό
2202 2764 2392 2834 βροτὸς
2420 2767 2544 2836 ὁρᾷ,
2586 2766 2870 2836 καθορᾷς;
2911 2783 2930 2816 ι

2210 2857 2354 2925 Πρὸς
2385 2858 2513 2920 τοὺς
2547 2858 2830 2920 τοιούτους
2858 2854 2951 2910 οὗν
2980 2859 3172 2926 λόγους
3202 2859 3616 2930 ὑπενεχθέντος
3643 2863 3750 2917 καὶ

455 2951 711 3019 prolapso
745 2950 815 3004 ob
845 2951 1140 3006 instructas
1186 2951 1288 3006 sibi
1333 2967 1364 3006 a
1403 2951 1587 3006 stultis
1633 2951 1936 3006 calumnias
1981 2961 2033 3004 et

2139 2947 2230 3000 τοῦ
2264 2946 2430 3014 σοφοῦ
2456 2947 2544 3000 διὰ
2572 2947 2670 3018 τήν
2699 2948 2808 3000 τῶν
2839 2950 3090 3018 ἀφρόνων
3111 2953 3412 3024 γενομένην
3447 2955 3529 3018 είς
3557 2955 3744 3010 αὐτὸν

417 3104 426 3112 η
461 3050 752 3112 perpetuas
781 3043 1094 3096 eorumdem
1141 3043 1562 3097 obtrectationes
1608 3051 1663 3097 et
1700 3043 1943 3098 convicia
1981 3051 2036 3096 et

463 3135 726 3198 ludibria;
753 3149 876 3188 cum
915 3133 1004 3186 ille
1035 3133 1265 3188 subinde
1297 3133 1363 3186 ad
1404 3149 1463 3186 se
1493 3133 1602 3187 cito
1635 3134 1836 3196 redeat,
1861 3142 1915 3186 et
1945 3149 2036 3187 su-

461 3222 902 3293 pervenientibus
933 3221 1034 3290 ipsi
1063 3217 1256 3281 facile.
1306 3231 1367 3274 ut
1411 3223 1648 3274 humana
1687 3222 2034 3276 imbecillitas

461 3317 598 3376 fert,
631 3313 1091 3384 cogitationibus,
1123 3327 1245 3382 qua:
1273 3311 1452 3365 virum
1483 3327 1590 3366 non
1617 3311 1879 3377 deceant,
1915 3313 2036 3366 ani-

459 3421 608 3460 mum
641 3407 769 3460 item
805 3421 868 3460 ac
896 3406 1136 3476 linguam
1184 3406 1250 3459 ad
1285 3407 1582 3477 gratiarum
1616 3389 1883 3460 actionem
1914 3423 2036 3460 rur-

457 3512 579 3552 sum
610 3505 920 3562 convertat,
953 3507 1116 3565 atque
1158 3497 1224 3550 ad
1253 3497 1469 3551 laudem
1498 3497 1690 3566 optimi
1728 3497 2036 3554 Conditoris

459 3586 632 3641 nostri
658 3585 751 3640 Dei
777 3601 842 3642 ae
871 3587 1104 3649 Domini.
1127 3587 1220 3657 qui
1247 3587 1434 3640 omnia
1456 3587 1719 3643 divinitus
1747 3580 2056 3669 νουθετεῖς

457 3687 512 3732 et
531 3678 679 3748 justa
715 3678 870 3733 lance
903 3679 1185 3732 hominum
1223 3694 1312 3734 res
1405 3679 1784 3742 amdinistrat,
1821 3681 2055 3750 sapien-‘

457 3778 543 3825 ter
567 3769 793 3824 omnino
823 3779 988 3836 atque
1016 3771 1252 3837 utiliter;
1286 3770 1489 3826 ideirco
1513 3771 1730 3841 sapiens
1764 3769 2037 3828 Ecclesia-

444 3872 555 3920 stes
567 3861 798 3930 subjecit
827 3860 1076 3930 protinus
1103 3875 1120 3916 :

2139 3037 2510 3105 συκοφαντίαν
2540 3041 2634 3092 καὶ
2661 3039 2917 3112 διαϐολὴν
2949 3044 3174 3114 συνεχῆ,
3209 3046 3306 3098 καὶ
3342 3044 3434 3100 τὸν
3477 3047 3742 3116 καταγέ-

2137 3125 2282 3178 λωτα
2338 3128 2430 3178 καὶ
2473 3125 2573 3196 τὴν
2626 3130 2956 3200 παροινίαν·
2992 3127 3116 3184 εἶτα
3155 3131 3318 3188 πάλιν
3348 3133 3545 3188 θᾶττον
3587 3138 3738 3208 πρὶς

2137 3216 2330 3269 ἑαυτὸν
2359 3219 2698 3282 ἐπανιόντος,
2727 3220 2824 3273 καὶ
2854 3221 2967 3274 τῶν
2993 3223 3129 3291 πρὸς
3162 3223 3360 3294 μικρὸν
3381 3225 3735 3282 ἐπανελθου-

2140 3306 2249 3359 σῶν
2285 3309 2434 3379 αὐτῷ
2469 3309 2545 3380 μὴ
2579 3312 2978 3381 προσηκουσῶν
3033 3314 3386 3386 ἐνθυμήσεων
3418 3317 3478 3381 ἐξ
3502 3318 3732 3392 ἀνθρω-

2137 3399 2304 3469 πίνης
2345 3401 2742 3470 μικροψυχίας,
2789 3404 2886 3455 καὶ
2916 3403 3080 3458 πάλιν
3110 3407 3250 3476 πρὸς
3273 3407 3606 3477 εὐχάριστον
3633 3411 3731 3464 ατο

2138 3508 2287 3544 νεσιν
2319 3491 2416 3544 καὶ
2443 3491 2757 3560 δοξολογίαν
2783 3493 2879 3546 καὶ
2904 3493 3003 3564 τὴν
3024 3495 3258 3567 καρδίαν
3281 3497 3378 3550 καὶ
3406 3497 3510 3567 τὴν
3539 3499 3729 3566 γλῶτ-

2129 3600 2230 3635 ταν
2261 3583 2583 3653 κινήσαντος
2612 3585 2710 3654 τὴν
2740 3584 2878 3656 πρὸς
2906 3585 2997 3640 τὸν
3033 3587 3240 3656 ἀγαθὸν
3285 3589 3446 3660 ἡμῶν
3477 3590 3726 3663 Ποιητὴν

2131 3675 2225 3726 καὶ
2279 3670 2414 3726 Θεὸν
2467 3675 2562 3727 καὶ
2605 3675 2912 3748 Δεσπότην,
2943 3677 3005 3732 τὸ
3035 3679 3106 3732 τὰ
3152 3681 3335 3735 πάντα
3389 3681 3718 3762 θεοπρεπῶς

2113 3764 2552 3834 παλσιντεύοντα,
2585 3768 2678 3820 καὶ
2735 3768 2924 3840 δικαίᾳ
2960 3773 3208 3846 τρυτάνῃ
3264 3773 3334 3828 τά
3391 3775 3718 3848 ἀνθρώπινα

2139 3857 2434 3924 πανσόςςως
2505 3859 2816 3914 διοικοῦντα
2872 3862 2964 3915 καὶ
3019 3865 3412 3936 συμφερόντως
3439 3883 3453 3898 ·
3487 3866 3713 3937 ἀμέσως

2131 3947 2415 4018 ἐπήγαγεν
2443 3950 2472 4001 ό
2504 3949 2669 4018 σοφὸς
2710 3951 3148 4025 Ἐκκλησιαστής
3169 3970 3184 3986 ο

2034 4079 2151 4156 5x.

534 4192 700 4253 Vens.
733 4197 785 4254 9.
829 4197 1034 4255 Bonum
1065 4212 1142 4257 est
1173 4203 1514 4259 novissimum
1543 4216 1844 4258 sermonum
1872 4221 2030 4276 super

2217 4209 2422 4280 Ἀγαθὴ
2453 4211 2684 4282 ἐσχάτη
2709 4211 2910 4282 λόγων
2933 4211 3082 4281 ὑπὲρ
3100 4208 3300 4284 ἀρχὴν
3319 4215 3527 4270 αὐτοῦ.

457 4290 778 4359 principium
811 4290 950 4360 ejus.

533 4376 856 4443 Sermones,
902 4382 998 4463 qui
1029 4383 1268 4451 primum
1299 4399 1364 4439 ex
1402 4384 1637 4440 humana
1675 4386 1989 4442 inﬁrmitate
2013 4425 2030 4452 ,

461 4476 627 4537 atque
657 4471 710 4522 in
742 4470 860 4539 ipsa
891 4473 1092 4527 mentis
1123 4475 1530 4543 perturbatione
1562 4477 1822 4532 adversus
1847 4477 2033 4544 ,Deum

459 4573 777 4626 supremum
809 4562 1005 4630 prolati
1029 4575 1177 4630 sunt,
1207 4573 1266 4618 ut
1289 4575 1347 4620 ut
1373 4581 1403 4619 a
1432 4581 1592 4621 servo
1616 4569 1916 4637 prodierint
1945 4572 2033 4640 pio

457 4660 625 4720 atque
659 4651 943 4718 benevolo,
979 4668 1044 4710 ac
1071 4653 1284 4710 Domini
1308 4666 1516 4712 tantum
1551 4673 1748 4714 causas
1781 4661 2036 4729 ignoran-

460 4749 546 4803 te,
593 4740 636 4794 si
674 4755 798 4796 cum
839 4757 906 4796 eo
939 4759 1194 4799 sermone
1239 4761 1553 4816 compares,
1588 4749 1681 4817 qui
1719 4763 1749 4802 a
1793 4753 2036 4819 sapiente

457 4831 666 4886 scilicet
704 4834 808 4888 sub
838 4834 998 4890 linem
1031 4841 1415 4907 pronuntiatus
1446 4851 1549 4906 est,
1578 4843 1782 4913 quique
1817 4844 2033 4899 laudem

456 4925 703 4979 (:Ontinet
742 4935 796 4980 et
828 4928 1127 4997 gratiarum
1168 4931 1434 4986 actionem
1480 4933 1548 4988 de
1580 4935 1866 4999 omnibus,
1915 4950 2036 5004 quae

461 5029 556 5084 per
577 5016 765 5070 orbem
796 5019 1272 5088 administrantur,
1299 5023 1388 5080 hic
1417 5025 1606 5094 utique
1636 5027 1810 5081 multo
1839 5027 2034 5081 melior

455 5113 512 5158 et
545 5109 875 5164 conveniens
900 5121 1387 5169 ae'consentaneus
1420 5117 1743 5184 reperiatur.
1775 5115 1909 5170 Nam
1937 5115 2030 5186 qui

457 5209 646 5250 revera
681 5198 898 5266 sapiens
927 5201 1036 5264 sit,
1077 5205 1340 5275 quidquid
1367 5207 1510 5261 circa
1549 5207 1832 5263 hominum
1860 5207 2028 5261 vitam

455 5286 814 5342 constitutum
847 5289 1024 5348 videat
1056 5309 1122 5350 ac
1155 5306 1380 5364 noscat,
1414 5297 1486 5352 ita
1516 5298 1676 5354 debet
1697 5298 1984 5353 admittere
2009 5339 2025 5364 ,

2205 4387 2329 4441 Τῶν
2357 4389 2416 4453 ἐξ
2443 4389 2796 4462 ἀνθρωπίνης
2852 4390 3224 4464 μικροψυχίας
3255 4395 3378 4446 κατ’
3396 4394 3576 4464 ἀρχάς
3610 4397 3710 4451 καὶ

2133 4479 2228 4533 τοῦ
2289 4481 2452 4534 σάλου
2487 4484 2594 4535 τῶν
2621 4482 2900 4551 λογισμῶν
2936 4483 3312 4552 προελθόντων
3355 4485 3526 4553 λόγων
3569 4487 3708 4557 πρὸς

2133 4571 2228 4624 τὸν
2259 4573 2354 4626 ἐπὶ
2391 4575 2612 4628 πάντων
2652 4573 2805 4636 Θεὸν,
2861 4575 3214 4646 άγιοπρεπῶς
3271 4578 3370 4649 μὲν
3419 4578 3516 4633 καὶ
3547 4579 3707 4650 δίκην

2136 4664 2481 4734 εὐγνώμονος
2506 4665 2740 4730 οἰκέτου,
2773 4666 2872 4730 τάς
2924 4668 3104 4732 αίτίας
3142 4670 3201 4724 δὲ
3243 4672 3306 4726 οὐ
3345 4671 3706 4742 γινώσκοντος

2139 4755 2246 4808 τῶν
2283 4755 2388 4808 ὑπὸ
2414 4754 2510 4806 τοῦ
2541 4756 2817 4810 Δεσπὸτου
2841 4759 3235 4830 διοικουμένων
3259 4778 3272 4792 ⁸
3297 4763 3402 4818 ὑπὸ
3423 4763 3519 4817 τοῦ
3543 4764 3708 4835 σοφοῦ

2133 4846 2336 4918 δηλαδή
2392 4848 2937 4919 προσαγορευθέντος
2968 4854 3003 4924 ή
3030 4852 3117 4906 ἐπ’
3143 4854 3392 4924 ἐσχάτων
3447 4857 3710 4927 γινομένη

2129 4937 2240 4989 τῶν
2261 4937 2435 4994 λόγων
2471 4939 2899 5011 εὐχαριστήριος
2927 4943 3134 5008 αίνεσις
3169 4945 3311 5016 ὑπὲρ
3356 4947 3574 5000 πάντων
3600 4947 3710 5000 τῶν

2129 5029 2271 5080 κατὰ
2333 5027 2542 5097 κόσμον
2572 5030 2984 5102 διοικουμένων,
3015 5034 3196 5107 ἀγαθή
3247 5037 3449 5108 μᾶλλον
3476 5038 3709 5112 εὓρηται

2129 5117 2222 5169 καὶ
2280 5117 2565 5186 πρέπουσα
2617 5123 2712 5174 καὶ
2759 5125 3118 5193 κατάλληλος.
3168 5127 3229 5180 ὐ
3263 5128 3372 5200 γὰρ
3421 5131 3586 5200 σοφὸς
3629 5129 3710 5199 τις.

2125 5208 2241 5262 δντι
2277 5211 2382 5262 πᾶν
2411 5209 2440 5263 ὃ
2473 5209 2664 5282 βλέπει
2694 5217 2790 5268 καὶ
2834 5217 3195 5286 διαγινώσκει
3223 5219 3599 5292 διοικούμενον
3625 5223 3709 5284 είς

2124 5301 2227 5371 τὴν
2244 5301 2594 5375 ἀνθρωπίνην
2617 5305 2786 5377 ζωήν,
2811 5309 2930 5379 μετ’
2948 5311 3298 5382 εὐχαριστίας
3317 5313 3527 5384 ὀφείλει
3545 5329 3714 5388 προσ-

529 5464 572 5497 δτ
614 5464 756 5521 Psal.
792 5483 936 5523 Lxxtr
966 5511 981 5535 ,
1015 5470 1098 5524 1:2.
1171 5471 1215 5504 ”
1254 5473 1388 5530 ibid.
1419 5474 1473 5530 ‘2.
1543 5476 1587 5508 δ’
1617 5474 1758 5532 Psal.
1786 5492 1943 5555 scut.
1976 5476 2030 5530 5.

2139 5477 2156 5508 ³
2185 5474 2390 5534 Jerem.
2439 5497 2515 5536 xu
2539 5521 2553 5545 ,
2581 5483 2631 5536 1.

521 5640 644 5708 (65)
683 5644 785 5699 Job
810 5663 862 5709 κ,
901 5650 918 5701 1
951 5667 1104 5723 seqq.
1141 5653 1245 5708 Sed
1279 5657 1421 5726 apud
1453 5655 1589 5710 LXX
1615 5657 1863 5727 legimus,
1892 5660 1976 5712 ὅτι
2013 5661 2092 5714 ἀπ

2096 5659 2234 5716 είπω
2265 5664 2397 5737 ἔργα
2431 5670 2632 5740 χειρῶν
2664 5687 2896 5728 σου......
