  <div class='ocr_page' id='page_1' title='image "/cluster/home/n/w/nwhite01/storage/ocr_20150623/98/mdp.39015005675650/517.png"; bbox 0 0 4076 6310; ppageno 0'>
   <div class='ocr_carea' id='block_1_1' title="bbox 402 260 644 335">
    <p class='ocr_par' dir='ltr' id='par_1_1' title="bbox 402 260 644 335">
     <span class='ocr_line' id='line_1_1' title="bbox 402 260 644 335; baseline -0.021 0"><span class='ocrx_word' id='word_1_1' title='bbox 402 327 410 335; x_wconf 94' lang='grc'><strong>.</strong></span> <span class='ocrx_word' id='word_1_2' title='bbox 489 260 644 332; x_wconf 78' lang='grc' dir='ltr'><strong>Ἱοοῖ</strong></span> 
     </span>
    </p>
   </div>
   <div class='ocr_carea' id='block_1_2' title="bbox 1572 253 2660 354">
    <p class='ocr_par' dir='ltr' id='par_1_2' title="bbox 1572 253 2660 354">
     <span class='ocr_line' id='line_1_2' title="bbox 1572 253 2660 354; baseline 0.012 -15"><span class='ocrx_word' id='word_1_3' title='bbox 1572 280 1660 344; x_wconf 67' lang='lat' dir='ltr'><strong>&#39;s.</strong></span> <span class='ocrx_word' id='word_1_4' title='bbox 1713 253 2103 344; x_wconf 29' lang='lat' dir='ltr'><strong>GREGORII&#39;</strong></span> <span class='ocrx_word' id='word_1_5' title='bbox 2147 285 2660 354; x_wconf 78' lang='lat' dir='ltr'><strong>AGRIGENTINI</strong></span> 
     </span>
    </p>
   </div>
   <div class='ocr_carea' id='block_1_3' title="bbox 3653 301 3808 368">
    <p class='ocr_par' dir='ltr' id='par_1_3' title="bbox 3653 301 3808 368">
     <span class='ocr_line' id='line_1_3' title="bbox 3653 301 3808 368; baseline 0.026 -3"><span class='ocrx_word' id='word_1_6' title='bbox 3653 301 3808 368; x_wconf 69' lang='grc'><strong>1064</strong></span> 
     </span>
    </p>
   </div>
   <div class='ocr_carea' id='block_1_4' title="bbox 505 374 2089 486">
    <p class='ocr_par' dir='ltr' id='par_1_4' title="bbox 505 374 2089 460">
     <span class='ocr_line' id='line_1_4' title="bbox 505 374 2089 460; baseline 0.011 -29"><span class='ocrx_word' id='word_1_7' title='bbox 505 374 626 434; x_wconf 82' lang='lat' dir='ltr'><strong>sum</strong></span> <span class='ocrx_word' id='word_1_8' title='bbox 662 388 716 434; x_wconf 89' lang='lat' dir='ltr'><strong>et</strong></span> <span class='ocrx_word' id='word_1_9' title='bbox 743 377 850 434; x_wconf 88' lang='lat' dir='ltr'><strong>Deo</strong></span> <span class='ocrx_word' id='word_1_10' title='bbox 873 380 1099 437; x_wconf 80' lang='lat' dir='ltr'><strong>charum</strong></span> <span class='ocrx_word' id='word_1_11' title='bbox 1129 398 1195 439; x_wconf 81' lang='lat' dir='ltr'><strong>ac</strong></span> <span class='ocrx_word' id='word_1_12' title='bbox 1235 385 1423 440; x_wconf 79' lang='lat' dir='ltr'><strong>virtmi</strong></span> <span class='ocrx_word' id='word_1_13' title='bbox 1461 385 1701 443; x_wconf 89' lang='lat' dir='ltr'><strong>deditum</strong></span> <span class='ocrx_word' id='word_1_14' title='bbox 1741 401 1994 460; x_wconf 62' lang='lat' dir='ltr'><strong>praestet,</strong></span> <span class='ocrx_word' id='word_1_15' title='bbox 2035 401 2089 448; x_wconf 88' lang='lat' dir='ltr'><strong>et</strong></span> 
     </span>
    </p>
   </div>
   <div class='ocr_carea' id='block_1_5' title="bbox 2189 374 3809 486">
    <p class='ocr_par' dir='ltr' id='par_1_5' title="bbox 2190 400 3809 486">
     <span class='ocr_line' id='line_1_5' title="bbox 2190 400 3809 486; baseline 0.012 -36"><span class='ocrx_word' id='word_1_16' title='bbox 2190 414 2325 460; x_wconf 85' lang='grc' dir='ltr'>τοις.</span> <span class='ocrx_word' id='word_1_17' title='bbox 2362 400 2532 456; x_wconf 80' lang='grc' dir='ltr'>Ὅταν</span> <span class='ocrx_word' id='word_1_18' title='bbox 2557 404 2615 457; x_wconf 83' lang='grc' dir='ltr'><em>δέ</em></span> <span class='ocrx_word' id='word_1_19' title='bbox 2647 421 2730 469; x_wconf 87' lang='grc' dir='ltr'><strong>τις</strong></span> <span class='ocrx_word' id='word_1_20' title='bbox 2773 405 3065 478; x_wconf 82' lang='grc' dir='ltr'>ἄνθρωπος</span> <span class='ocrx_word' id='word_1_21' title='bbox 3100 413 3384 478; x_wconf 80' lang='grc' dir='ltr'>σπουδαῖος</span> <span class='ocrx_word' id='word_1_22' title='bbox 3408 414 3508 468; x_wconf 76' lang='grc' dir='ltr'>καὶ</span> <span class='ocrx_word' id='word_1_23' title='bbox 3548 415 3809 486; x_wconf 76' lang='grc' dir='ltr'>φιλαλή-</span> 
     </span>
    </p>
   </div>
   <div class='ocr_carea' id='block_1_6' title="bbox 506 469 2082 548">
    <p class='ocr_par' dir='ltr' id='par_1_6' title="bbox 506 469 2082 548">
     <span class='ocr_line' id='line_1_6' title="bbox 506 469 2082 548; baseline 0.006 -25"><span class='ocrx_word' id='word_1_24' title='bbox 506 469 777 540; x_wconf 88' lang='lat' dir='ltr'><strong>quosdam</strong></span> <span class='ocrx_word' id='word_1_25' title='bbox 805 470 999 526; x_wconf 87' lang='lat' dir='ltr'><strong>viderit</strong></span> <span class='ocrx_word' id='word_1_26' title='bbox 1029 472 1232 540; x_wconf 88' lang='lat' dir='ltr'><strong>injusta</strong></span> <span class='ocrx_word' id='word_1_27' title='bbox 1265 473 1550 543; x_wconf 89' lang='lat' dir='ltr'><strong>loquentes</strong></span> <span class='ocrx_word' id='word_1_28' title='bbox 1577 486 1743 546; x_wconf 87' lang='lat' dir='ltr'><strong>atque</strong></span> <span class='ocrx_word' id='word_1_29' title='bbox 1787 479 1952 548; x_wconf 87' lang='lat' dir='ltr'><strong>impia</strong></span> <span class='ocrx_word' id='word_1_30' title='bbox 1986 480 2082 533; x_wconf 85' lang='lat' dir='ltr'><strong>ad-</strong></span> 
     </span>
    </p>
   </div>
   <div class='ocr_carea' id='block_1_7' title="bbox 506 571 2081 644">
    <p class='ocr_par' dir='ltr' id='par_1_7' title="bbox 506 571 2081 644">
     <span class='ocr_line' id='line_1_7' title="bbox 506 571 2081 644; baseline 0.008 -24"><span class='ocrx_word' id='word_1_31' title='bbox 506 585 698 624; x_wconf 84' lang='lat' dir='ltr'><strong>versus</strong></span> <span class='ocrx_word' id='word_1_32' title='bbox 723 584 995 626; x_wconf 77' lang='lat' dir='ltr'><strong>summam</strong></span> <span class='ocrx_word' id='word_1_33' title='bbox 1037 571 1126 625; x_wconf 88' lang='lat' dir='ltr'><strong>Dei</strong></span> <span class='ocrx_word' id='word_1_34' title='bbox 1156 571 1458 627; x_wconf 76' lang='lat' dir='ltr'><strong>bonitatem</strong></span> <span class='ocrx_word' id='word_1_35' title='bbox 1497 589 1559 628; x_wconf 93' lang='lat' dir='ltr'><strong>ac</strong></span> <span class='ocrx_word' id='word_1_36' title='bbox 1591 577 1966 644; x_wconf 79' lang='lat' dir='ltr'><strong>maiestatem,</strong></span> <span class='ocrx_word' id='word_1_37' title='bbox 1999 580 2081 634; x_wconf 87' lang='lat' dir='ltr'><strong>vel</strong></span> 
     </span>
    </p>
   </div>
   <div class='ocr_carea' id='block_1_8' title="bbox 505 662 2083 744">
    <p class='ocr_par' dir='ltr' id='par_1_8' title="bbox 505 662 2083 744">
     <span class='ocr_line' id='line_1_8' title="bbox 505 662 2083 744; baseline 0.007 -29"><span class='ocrx_word' id='word_1_38' title='bbox 505 662 852 733; x_wconf 81' lang='lat' dir='ltr'><strong>tyrannidem</strong></span> <span class='ocrx_word' id='word_1_39' title='bbox 881 673 1199 719; x_wconf 81' lang='lat' dir='ltr'><strong>exercentes</strong></span> <span class='ocrx_word' id='word_1_40' title='bbox 1227 665 1282 718; x_wconf 92' lang='lat' dir='ltr'><strong>in</strong></span> <span class='ocrx_word' id='word_1_41' title='bbox 1312 667 1550 736; x_wconf 88' lang='lat' dir='ltr'><strong>pupillos</strong></span> <span class='ocrx_word' id='word_1_42' title='bbox 1571 677 1624 721; x_wconf 92' lang='lat' dir='ltr'><strong>et</strong></span> <span class='ocrx_word' id='word_1_43' title='bbox 1651 669 1843 723; x_wconf 84' lang='lat' dir='ltr'><strong>viduas</strong></span> <span class='ocrx_word' id='word_1_44' title='bbox 1875 681 1928 725; x_wconf 87' lang='lat' dir='ltr'><strong>ct</strong></span> <span class='ocrx_word' id='word_1_45' title='bbox 1955 686 2083 744; x_wconf 88' lang='lat' dir='ltr'><strong>pau-</strong></span> 
     </span>
    </p>
   </div>
   <div class='ocr_carea' id='block_1_9' title="bbox 507 755 2082 832">
    <p class='ocr_par' dir='ltr' id='par_1_9' title="bbox 507 755 2082 832">
     <span class='ocr_line' id='line_1_9' title="bbox 507 755 2082 832; baseline 0.005 -24"><span class='ocrx_word' id='word_1_46' title='bbox 507 769 683 823; x_wconf 81' lang='lat' dir='ltr'><strong>peres,</strong></span> <span class='ocrx_word' id='word_1_47' title='bbox 715 770 780 810; x_wconf 87' lang='lat' dir='ltr'><strong>ac</strong></span> <span class='ocrx_word' id='word_1_48' title='bbox 807 755 956 810; x_wconf 90' lang='lat' dir='ltr'><strong>nullo</strong></span> <span class='ocrx_word' id='word_1_49' title='bbox 979 755 1104 824; x_wconf 87' lang='lat' dir='ltr'><strong>jure</strong></span> <span class='ocrx_word' id='word_1_50' title='bbox 1128 762 1180 810; x_wconf 88' lang='lat' dir='ltr'><strong>et</strong></span> <span class='ocrx_word' id='word_1_51' title='bbox 1213 771 1310 826; x_wconf 83' lang='lat' dir='ltr'><strong>per</strong></span> <span class='ocrx_word' id='word_1_52' title='bbox 1335 757 1442 812; x_wconf 87' lang='lat' dir='ltr'><strong>vim</strong></span> <span class='ocrx_word' id='word_1_53' title='bbox 1473 760 1782 828; x_wconf 78' lang='lat' dir='ltr'><strong>proximum</strong></span> <span class='ocrx_word' id='word_1_54' title='bbox 1811 777 2082 832; x_wconf 84' lang='lat' dir='ltr'><strong>quemque</strong></span> 
     </span>
    </p>
   </div>
   <div class='ocr_carea' id='block_1_10' title="bbox 509 848 2084 922">
    <p class='ocr_par' dir='ltr' id='par_1_10' title="bbox 509 848 2084 922">
     <span class='ocr_line' id='line_1_10' title="bbox 509 848 2084 922; baseline 0.006 -22"><span class='ocrx_word' id='word_1_55' title='bbox 509 849 672 902; x_wconf 85' lang='lat' dir='ltr'><strong>rebus</strong></span> <span class='ocrx_word' id='word_1_56' title='bbox 703 848 818 903; x_wconf 89' lang='lat' dir='ltr'><strong>suis</strong></span> <span class='ocrx_word' id='word_1_57' title='bbox 849 848 1144 916; x_wconf 86' lang='lat' dir='ltr'><strong>spoliantes</strong></span> <span class='ocrx_word' id='word_1_58' title='bbox 1183 865 1197 902; x_wconf 87' lang='lat'>:</span> <span class='ocrx_word' id='word_1_59' title='bbox 1246 859 1358 904; x_wconf 88' lang='lat' dir='ltr'><strong>tum</strong></span> <span class='ocrx_word' id='word_1_60' title='bbox 1403 852 1453 904; x_wconf 89' lang='lat' dir='ltr'><strong>is</strong></span> <span class='ocrx_word' id='word_1_61' title='bbox 1499 851 1742 922; x_wconf 79' lang='lat' dir='ltr'><strong>profecto</strong></span> <span class='ocrx_word' id='word_1_62' title='bbox 1783 868 1891 922; x_wconf 88' lang='lat' dir='ltr'><strong>qua</strong></span> <span class='ocrx_word' id='word_1_63' title='bbox 1930 853 2084 909; x_wconf 82' lang='lat' dir='ltr'><strong>decet</strong></span> 
     </span>
    </p>
   </div>
   <div class='ocr_carea' id='block_1_11' title="bbox 490 940 2082 1012">
    <p class='ocr_par' dir='ltr' id='par_1_11' title="bbox 490 940 2082 1012">
     <span class='ocr_line' id='line_1_11' title="bbox 490 940 2082 1012; baseline 0.005 -19"><span class='ocrx_word' id='word_1_64' title='bbox 490 942 584 994; x_wconf 70' lang='lat' dir='ltr'><strong>ira</strong></span> <span class='ocrx_word' id='word_1_65' title='bbox 615 949 671 994; x_wconf 73' lang='lat' dir='ltr'><strong>et</strong></span> <span class='ocrx_word' id='word_1_66' title='bbox 710 940 1085 1010; x_wconf 81' lang='lat' dir='ltr'><strong>indignatione</strong></span> <span class='ocrx_word' id='word_1_67' title='bbox 1115 949 1434 995; x_wconf 82' lang='lat' dir='ltr'><strong>succenseat</strong></span> <span class='ocrx_word' id='word_1_68' title='bbox 1456 982 1471 1006; x_wconf 95' lang='lat'><strong>,</strong></span> <span class='ocrx_word' id='word_1_69' title='bbox 1499 951 1737 1012; x_wconf 88' lang='lat' dir='ltr'><strong>oportet,</strong></span> <span class='ocrx_word' id='word_1_70' title='bbox 1759 954 1950 1000; x_wconf 87' lang='lat' dir='ltr'><strong>contra</strong></span> <span class='ocrx_word' id='word_1_71' title='bbox 1979 945 2082 1000; x_wconf 89' lang='lat' dir='ltr'><strong>im-</strong></span> 
     </span>
    </p>
   </div>
   <div class='ocr_carea' id='block_1_12' title="bbox 503 1029 2084 1102">
    <p class='ocr_par' dir='ltr' id='par_1_12' title="bbox 503 1029 2084 1102">
     <span class='ocr_line' id='line_1_12' title="bbox 503 1029 2084 1102; baseline 0.006 -17"><span class='ocrx_word' id='word_1_72' title='bbox 503 1032 702 1102; x_wconf 87' lang='lat' dir='ltr'><strong>probos</strong></span> <span class='ocrx_word' id='word_1_73' title='bbox 757 1041 812 1088; x_wconf 87' lang='lat' dir='ltr'><strong>et</strong></span> <span class='ocrx_word' id='word_1_74' title='bbox 858 1033 1104 1089; x_wconf 79' lang='lat' dir='ltr'><strong>veritatis</strong></span> <span class='ocrx_word' id='word_1_75' title='bbox 1147 1033 1494 1090; x_wconf 86' lang='lat' dir='ltr'><strong>adversarios</strong></span> <span class='ocrx_word' id='word_1_76' title='bbox 1531 1051 1596 1090; x_wconf 92' lang='lat' dir='ltr'><strong>ac</strong></span> <span class='ocrx_word' id='word_1_77' title='bbox 1644 1029 1908 1092; x_wconf 73' lang='lat' dir='ltr'><strong>mendacii</strong></span> <span class='ocrx_word' id='word_1_78' title='bbox 1950 1053 2084 1094; x_wconf 91' lang='lat' dir='ltr'><strong>con-</strong></span> 
     </span>
    </p>
   </div>
   <div class='ocr_carea' id='block_1_13' title="bbox 481 1123 2118 1202">
    <p class='ocr_par' dir='ltr' id='par_1_13' title="bbox 481 1123 2118 1202">
     <span class='ocr_line' id='line_1_13' title="bbox 481 1123 2118 1202; baseline 0.004 -23"><span class='ocrx_word' id='word_1_79' title='bbox 481 1127 666 1180; x_wconf 73' lang='lat' dir='ltr'><strong>scios.</strong></span> <span class='ocrx_word' id='word_1_80' title='bbox 693 1123 799 1180; x_wconf 83' lang='lat' dir='ltr'><strong>Sed</strong></span> <span class='ocrx_word' id='word_1_81' title='bbox 821 1126 1104 1180; x_wconf 81' lang='lat' dir='ltr'><strong>enimvero</strong></span> <span class='ocrx_word' id='word_1_82' title='bbox 1135 1125 1350 1194; x_wconf 81' lang='lat' dir='ltr'><strong>singula</strong></span> <span class='ocrx_word' id='word_1_83' title='bbox 1385 1127 1738 1182; x_wconf 86' lang='lat' dir='ltr'><strong>considerare</strong></span> <span class='ocrx_word' id='word_1_84' title='bbox 1767 1127 2079 1200; x_wconf 83' lang='lat' dir='ltr'><strong>diligenter,</strong></span> <span class='ocrx_word' id='word_1_85' title='bbox 2112 1195 2118 1202; x_wconf 38' lang='grc'><strong>,</strong></span> 
     </span>
    </p>
   </div>
   <div class='ocr_carea' id='block_1_14' title="bbox 500 1221 2084 1290">
    <p class='ocr_par' dir='ltr' id='par_1_14' title="bbox 500 1221 2084 1290">
     <span class='ocr_line' id='line_1_14' title="bbox 500 1221 2084 1290; baseline 0.003 -18"><span class='ocrx_word' id='word_1_86' title='bbox 500 1229 554 1272; x_wconf 87' lang='lat' dir='ltr'><strong>et</strong></span> <span class='ocrx_word' id='word_1_87' title='bbox 607 1227 774 1272; x_wconf 82' lang='lat' dir='ltr'><strong>caute</strong></span> <span class='ocrx_word' id='word_1_88' title='bbox 815 1223 926 1269; x_wconf 92' lang='lat' dir='ltr'><strong>tam</strong></span> <span class='ocrx_word' id='word_1_89' title='bbox 977 1231 1140 1286; x_wconf 87' lang='lat' dir='ltr'><strong>opera</strong></span> <span class='ocrx_word' id='word_1_90' title='bbox 1183 1231 1350 1286; x_wconf 88' lang='lat' dir='ltr'><strong>quam</strong></span> <span class='ocrx_word' id='word_1_91' title='bbox 1409 1233 1712 1274; x_wconf 70' lang='lat' dir='ltr'><strong>sermones</strong></span> <span class='ocrx_word' id='word_1_92' title='bbox 1746 1221 2084 1290; x_wconf 81' lang='lat' dir='ltr'><strong>perpendere</strong></span> 
     </span>
    </p>
   </div>
   <div class='ocr_carea' id='block_1_15' title="bbox 501 1307 2079 1381">
    <p class='ocr_par' dir='ltr' id='par_1_15' title="bbox 501 1307 2079 1381">
     <span class='ocr_line' id='line_1_15' title="bbox 501 1307 2079 1381; baseline 0.004 -19"><span class='ocrx_word' id='word_1_93' title='bbox 501 1325 688 1365; x_wconf 79' lang='lat' dir='ltr'><strong>eorum</strong></span> <span class='ocrx_word' id='word_1_94' title='bbox 729 1309 821 1380; x_wconf 90' lang='lat' dir='ltr'><strong>qui</strong></span> <span class='ocrx_word' id='word_1_95' title='bbox 871 1309 1035 1362; x_wconf 86' lang='lat' dir='ltr'><strong>vitam</strong></span> <span class='ocrx_word' id='word_1_96' title='bbox 1083 1307 1373 1364; x_wconf 88' lang='lat' dir='ltr'><strong>nobiscum</strong></span> <span class='ocrx_word' id='word_1_97' title='bbox 1425 1319 1623 1381; x_wconf 81' lang='lat' dir='ltr'><strong>agunt,</strong></span> <span class='ocrx_word' id='word_1_98' title='bbox 1677 1327 1906 1368; x_wconf 90' lang='lat' dir='ltr'><strong>necesse</strong></span> <span class='ocrx_word' id='word_1_99' title='bbox 1951 1322 2079 1368; x_wconf 86' lang='lat' dir='ltr'><strong>est.</strong></span> 
     </span>
    </p>
   </div>
   <div class='ocr_carea' id='block_1_16' title="bbox 503 1392 2084 1470">
    <p class='ocr_par' dir='ltr' id='par_1_16' title="bbox 503 1392 2084 1470">
     <span class='ocr_line' id='line_1_16' title="bbox 503 1392 2084 1470; baseline 0.004 -16"><span class='ocrx_word' id='word_1_100' title='bbox 503 1408 562 1455; x_wconf 91' lang='lat' dir='ltr'><strong>ut</strong></span> <span class='ocrx_word' id='word_1_101' title='bbox 600 1416 776 1470; x_wconf 76' lang='lat' dir='ltr'><strong>neque</strong></span> <span class='ocrx_word' id='word_1_102' title='bbox 813 1399 1085 1469; x_wconf 67' lang='lat' dir='ltr'><strong>superbiae</strong></span> <span class='ocrx_word' id='word_1_103' title='bbox 1115 1399 1249 1455; x_wconf 90' lang='lat' dir='ltr'><strong>vitio</strong></span> <span class='ocrx_word' id='word_1_104' title='bbox 1275 1407 1370 1454; x_wconf 83' lang='lat' dir='ltr'><strong>aut</strong></span> <span class='ocrx_word' id='word_1_105' title='bbox 1414 1401 1578 1456; x_wconf 87' lang='lat' dir='ltr'><strong>animi</strong></span> <span class='ocrx_word' id='word_1_106' title='bbox 1610 1392 1983 1459; x_wconf 85' lang='lat' dir='ltr'><strong>imbecillitate</strong></span> <span class='ocrx_word' id='word_1_107' title='bbox 2001 1403 2084 1460; x_wconf 78' lang='lat' dir='ltr'><strong>iis</strong></span> 
     </span>
    </p>
   </div>
   <div class='ocr_carea' id='block_1_17' title="bbox 479 1489 2084 1562">
    <p class='ocr_par' dir='ltr' id='par_1_17' title="bbox 479 1489 2084 1562">
     <span class='ocr_line' id='line_1_17' title="bbox 479 1489 2084 1562; baseline 0.002 -18"><span class='ocrx_word' id='word_1_108' title='bbox 479 1492 806 1545; x_wconf 77' lang='lat' dir='ltr'><strong>‘irascamur</strong></span> <span class='ocrx_word' id='word_1_109' title='bbox 827 1531 842 1556; x_wconf 92' lang='lat'><strong>,</strong></span> <span class='ocrx_word' id='word_1_110' title='bbox 884 1489 977 1560; x_wconf 88' lang='lat' dir='ltr'><strong>qui</strong></span> <span class='ocrx_word' id='word_1_111' title='bbox 1013 1489 1147 1544; x_wconf 82' lang='lat' dir='ltr'><strong>nihil</strong></span> <span class='ocrx_word' id='word_1_112' title='bbox 1174 1491 1446 1560; x_wconf 72' lang='lat' dir='ltr'><strong>apietate</strong></span> <span class='ocrx_word' id='word_1_113' title='bbox 1474 1491 1880 1556; x_wconf 86' lang='lat' dir='ltr'><strong>discesserunt;</strong></span> <span class='ocrx_word' id='word_1_114' title='bbox 1908 1507 2084 1562; x_wconf 90' lang='lat' dir='ltr'><strong>neque</strong></span> 
     </span>
    </p>
   </div>
   <div class='ocr_carea' id='block_1_18' title="bbox 482 1580 2080 1652">
    <p class='ocr_par' dir='ltr' id='par_1_18' title="bbox 482 1580 2080 1652">
     <span class='ocr_line' id='line_1_18' title="bbox 482 1580 2080 1652; baseline 0.003 -17"><span class='ocrx_word' id='word_1_115' title='bbox 482 1597 724 1638; x_wconf 72' lang='lat' dir='ltr'><strong>&#39;rursum</strong></span> <span class='ocrx_word' id='word_1_116' title='bbox 752 1581 906 1636; x_wconf 86' lang='lat' dir='ltr'><strong>taciti</strong></span> <span class='ocrx_word' id='word_1_117' title='bbox 925 1585 930 1594; x_wconf 87' lang='lat'><strong><em>&#39;</em></strong></span> <span class='ocrx_word' id='word_1_118' title='bbox 951 1580 1194 1636; x_wconf 83' lang='lat' dir='ltr'><strong>feramus</strong></span> <span class='ocrx_word' id='word_1_119' title='bbox 1234 1590 1290 1636; x_wconf 82' lang='lat' dir='ltr'><strong>et</strong></span> <span class='ocrx_word' id='word_1_120' title='bbox 1323 1582 1596 1652; x_wconf 80' lang='lat' dir='ltr'><strong>patienter</strong></span> <span class='ocrx_word' id='word_1_121' title='bbox 1623 1596 1724 1639; x_wconf 81' lang='lat' dir='ltr'><strong>eos</strong></span> <span class='ocrx_word' id='word_1_122' title='bbox 1749 1584 2080 1650; x_wconf 89' lang='lat' dir='ltr'><strong>toleremus,</strong></span> 
     </span>
    </p>
   </div>
   <div class='ocr_carea' id='block_1_19' title="bbox 502 1673 2081 1748">
    <p class='ocr_par' dir='ltr' id='par_1_19' title="bbox 502 1673 2081 1748">
     <span class='ocr_line' id='line_1_19' title="bbox 502 1673 2081 1748; baseline 0 -18"><span class='ocrx_word' id='word_1_123' title='bbox 502 1675 598 1748; x_wconf 88' lang='lat' dir='ltr'><strong>qui</strong></span> <span class='ocrx_word' id='word_1_124' title='bbox 657 1674 992 1730; x_wconf 78' lang='lat' dir='ltr'><strong>contrariam</strong></span> <span class='ocrx_word' id='word_1_125' title='bbox 1047 1675 1174 1728; x_wconf 83' lang='lat' dir='ltr'><strong>vitae</strong></span> <span class='ocrx_word' id='word_1_126' title='bbox 1223 1673 1494 1728; x_wconf 81' lang='lat' dir='ltr'><strong>rationem</strong></span> <span class='ocrx_word' id='word_1_127' title='bbox 1531 1675 1716 1732; x_wconf 79' lang='lat' dir='ltr'><strong>iniere</strong></span> <span class='ocrx_word' id='word_1_128' title='bbox 1748 1675 1888 1734; x_wconf 82' lang='lat' dir='ltr'><strong>.‘Sie</strong></span> <span class='ocrx_word' id='word_1_129' title='bbox 1936 1677 2081 1732; x_wconf 89' lang='lat' dir='ltr'><strong>enim</strong></span> 
     </span>
    </p>
   </div>
   <div class='ocr_carea' id='block_1_20' title="bbox 504 1749 2084 1844">
    <p class='ocr_par' dir='ltr' id='par_1_20' title="bbox 504 1749 2084 1844">
     <span class='ocr_line' id='line_1_20' title="bbox 504 1749 2084 1844; baseline 0.003 -24"><span class='ocrx_word' id='word_1_130' title='bbox 504 1764 872 1820; x_wconf 80' lang='lat' dir='ltr'><strong>mansuetudo</strong></span> <span class='ocrx_word' id='word_1_131' title='bbox 905 1773 1092 1818; x_wconf 88' lang='lat' dir='ltr'><strong>nostra</strong></span> <span class='ocrx_word' id='word_1_132' title='bbox 1117 1749 1480 1844; x_wconf 26' lang='lat' dir='ltr'><strong>etipatientia,</strong></span> <span class='ocrx_word' id='word_1_133' title='bbox 1501 1765 1582 1820; x_wconf 88' lang='lat' dir='ltr'><strong>sic</strong></span> <span class='ocrx_word' id='word_1_134' title='bbox 1613 1766 1694 1821; x_wconf 87' lang='lat' dir='ltr'><strong>ira</strong></span> <span class='ocrx_word' id='word_1_135' title='bbox 1723 1767 1886 1822; x_wconf 89' lang='lat' dir='ltr'><strong>etiam</strong></span> <span class='ocrx_word' id='word_1_136' title='bbox 1921 1777 2084 1838; x_wconf 88' lang='lat' dir='ltr'><strong>atque</strong></span> 
     </span>
    </p>
   </div>
   <div class='ocr_carea' id='block_1_21' title="bbox 483 1855 2084 1930">
    <p class='ocr_par' dir='ltr' id='par_1_21' title="bbox 483 1855 2084 1930">
     <span class='ocr_line' id='line_1_21' title="bbox 483 1855 2084 1930; baseline 0.002 -17"><span class='ocrx_word' id='word_1_137' title='bbox 483 1856 804 1930; x_wconf 77' lang='lat' dir='ltr'><strong>&quot;indignatio</strong></span> <span class='ocrx_word' id='word_1_138' title='bbox 849 1855 1085 1910; x_wconf 86' lang='lat' dir='ltr'><strong>Domino</strong></span> <span class='ocrx_word' id='word_1_139' title='bbox 1118 1863 1173 1910; x_wconf 89' lang='lat' dir='ltr'><strong>et</strong></span> <span class='ocrx_word' id='word_1_140' title='bbox 1217 1856 1363 1912; x_wconf 91' lang='lat' dir='ltr'><strong>bono</strong></span> <span class='ocrx_word' id='word_1_141' title='bbox 1393 1867 1448 1913; x_wconf 90' lang='lat' dir='ltr'><strong>et</strong></span> <span class='ocrx_word' id='word_1_142' title='bbox 1472 1857 1625 1928; x_wconf 87' lang='lat' dir='ltr'><strong>justo</strong></span> <span class='ocrx_word' id='word_1_143' title='bbox 1688 1859 2084 1930; x_wconf 83' lang='lat' dir='ltr'><strong>hominumque</strong></span> 
     </span>
    </p>
   </div>
   <div class='ocr_carea' id='block_1_22' title="bbox 503 1937 2080 2021">
    <p class='ocr_par' dir='ltr' id='par_1_22' title="bbox 503 1937 2080 2021">
     <span class='ocr_line' id='line_1_22' title="bbox 503 1937 2080 2021; baseline 0.001 -17"><span class='ocrx_word' id='word_1_144' title='bbox 503 1950 707 2005; x_wconf 87' lang='lat' dir='ltr'><strong>amanti</strong></span> <span class='ocrx_word' id='word_1_145' title='bbox 739 1946 894 2020; x_wconf 78' lang='lat' dir='ltr'><strong>grata</strong></span> <span class='ocrx_word' id='word_1_146' title='bbox 917 1948 1034 2004; x_wconf 90' lang='lat' dir='ltr'><strong>sine</strong></span> <span class='ocrx_word' id='word_1_147' title='bbox 1062 1940 1449 2004; x_wconf 81' lang='lat' dir='ltr'><strong>dubio&#39;l‘utura</strong></span> <span class='ocrx_word' id='word_1_148' title='bbox 1484 1959 1590 2014; x_wconf 91' lang='lat' dir='ltr'><strong>est,</strong></span> <span class='ocrx_word' id='word_1_149' title='bbox 1615 1937 1741 2004; x_wconf 86' lang='lat' dir='ltr'><strong>nam</strong></span> <span class='ocrx_word' id='word_1_150' title='bbox 1759 1951 1878 2005; x_wconf 79' lang='lat' dir='ltr'><strong>‘hoc</strong></span> <span class='ocrx_word' id='word_1_151' title='bbox 1905 1951 2080 2021; x_wconf 87' lang='lat' dir='ltr'><strong>ipsum</strong></span> 
     </span>
    </p>
   </div>
   <div class='ocr_carea' id='block_1_23' title="bbox 503 2039 2080 2113">
    <p class='ocr_par' dir='ltr' id='par_1_23' title="bbox 503 2039 2080 2113">
     <span class='ocr_line' id='line_1_23' title="bbox 503 2039 2080 2113; baseline 0 -14"><span class='ocrx_word' id='word_1_152' title='bbox 503 2041 834 2099; x_wconf 82' lang='lat' dir='ltr'><strong>conﬁrmans</strong></span> <span class='ocrx_word' id='word_1_153' title='bbox 857 2043 1076 2110; x_wconf 85' lang='lat' dir='ltr'><strong>sapiens</strong></span> <span class='ocrx_word' id='word_1_154' title='bbox 1099 2039 1460 2098; x_wconf 85' lang='lat' dir='ltr'><strong>Ecclesiastes</strong></span> <span class='ocrx_word' id='word_1_155' title='bbox 1484 2041 1574 2108; x_wconf 83' lang='lat' dir='ltr'><strong>iis,</strong></span> <span class='ocrx_word' id='word_1_156' title='bbox 1599 2057 1722 2113; x_wconf 77' lang='lat' dir='ltr'><strong>quae</strong></span> <span class='ocrx_word' id='word_1_157' title='bbox 1752 2053 2080 2113; x_wconf 88' lang='lat' dir='ltr'><strong>sequuntur,</strong></span> 
     </span>
    </p>
   </div>
   <div class='ocr_carea' id='block_1_24' title="bbox 502 2131 1036 2206">
    <p class='ocr_par' dir='ltr' id='par_1_24' title="bbox 502 2131 1036 2206">
     <span class='ocr_line' id='line_1_24' title="bbox 502 2131 1036 2206; baseline -0.002 -16"><span class='ocrx_word' id='word_1_158' title='bbox 502 2133 705 2206; x_wconf 83' lang='lat' dir='ltr'><strong>adjecit</strong></span> <span class='ocrx_word' id='word_1_159' title='bbox 740 2131 992 2204; x_wconf 81' lang='lat' dir='ltr'><strong>protinus</strong></span> <span class='ocrx_word' id='word_1_160' title='bbox 1019 2151 1036 2189; x_wconf 87' lang='lat'><strong>:</strong></span> 
     </span>
    </p>
   </div>
   <div class='ocr_carea' id='block_1_25' title="bbox 2184 493 3808 576">
    <p class='ocr_par' dir='ltr' id='par_1_25' title="bbox 2184 493 3808 576">
     <span class='ocr_line' id='line_1_25' title="bbox 2184 493 3808 576; baseline 0.011 -31"><span class='ocrx_word' id='word_1_161' title='bbox 2184 493 2286 564; x_wconf 89' lang='grc' dir='ltr'><strong>οης</strong></span> <span class='ocrx_word' id='word_1_162' title='bbox 2312 495 2407 547; x_wconf 77' lang='grc' dir='ltr'>καὶ</span> <span class='ocrx_word' id='word_1_163' title='bbox 2447 495 2705 568; x_wconf 64' lang='grc' dir='ltr'>θεοφιλὴς</span> <span class='ocrx_word' id='word_1_164' title='bbox 2730 499 2826 552; x_wconf 71' lang='grc' dir='ltr'>καὶ</span> <span class='ocrx_word' id='word_1_165' title='bbox 2852 499 3144 568; x_wconf 79' lang='grc' dir='ltr'>φιλόκαλος</span> <span class='ocrx_word' id='word_1_166' title='bbox 3169 503 3434 576; x_wconf 77' lang='grc' dir='ltr'><strong>θεάσηται</strong></span> <span class='ocrx_word' id='word_1_167' title='bbox 3460 525 3646 570; x_wconf 85' lang='grc' dir='ltr'>τινας</span> <span class='ocrx_word' id='word_1_168' title='bbox 3687 509 3808 563; x_wconf 78' lang='grc' dir='ltr'>ἀδιο</span> 
     </span>
    </p>
   </div>
   <div class='ocr_carea' id='block_1_26' title="bbox 2183 585 3806 671">
    <p class='ocr_par' dir='ltr' id='par_1_26' title="bbox 2183 585 3806 671">
     <span class='ocr_line' id='line_1_26' title="bbox 2183 585 3806 671; baseline 0.01 -35"><span class='ocrx_word' id='word_1_169' title='bbox 2183 585 2310 647; x_wconf 87' lang='grc' dir='ltr'>κίας</span> <span class='ocrx_word' id='word_1_170' title='bbox 2365 585 2660 651; x_wconf 72' lang='grc' dir='ltr'><strong>λαλοῦντας</strong></span> <span class='ocrx_word' id='word_1_171' title='bbox 2719 593 2814 644; x_wconf 76' lang='grc' dir='ltr'>καὶ</span> <span class='ocrx_word' id='word_1_172' title='bbox 2875 590 3228 664; x_wconf 75' lang='grc' dir='ltr'><strong>βλασφημίας</strong></span> <span class='ocrx_word' id='word_1_173' title='bbox 3276 597 3359 660; x_wconf 85' lang='grc' dir='ltr'><strong>είς</strong></span> <span class='ocrx_word' id='word_1_174' title='bbox 3416 597 3472 651; x_wconf 79' lang='grc' dir='ltr'>τὸ</span> <span class='ocrx_word' id='word_1_175' title='bbox 3500 597 3664 668; x_wconf 76' lang='grc' dir='ltr'>ὕψος</span> <span class='ocrx_word' id='word_1_176' title='bbox 3695 600 3806 671; x_wconf 84' lang='grc' dir='ltr'>τῆς</span> 
     </span>
    </p>
   </div>
   <div class='ocr_carea' id='block_1_27' title="bbox 2145 676 3808 761">
    <p class='ocr_par' dir='ltr' id='par_1_27' title="bbox 2145 676 3808 761">
     <span class='ocr_line' id='line_1_27' title="bbox 2145 676 3808 761; baseline 0.01 -32"><span class='ocrx_word' id='word_1_177' title='bbox 2145 676 2524 746; x_wconf 59' lang='grc' dir='ltr'>’θεοπρεποῦς</span> <span class='ocrx_word' id='word_1_178' title='bbox 2573 679 2916 752; x_wconf 84' lang='grc' dir='ltr'>ἀγαθότητος</span> <span class='ocrx_word' id='word_1_179' title='bbox 2956 685 3052 738; x_wconf 74' lang='grc' dir='ltr'>καὶ</span> <span class='ocrx_word' id='word_1_180' title='bbox 3089 687 3511 760; x_wconf 79' lang='grc' dir='ltr'><strong>μεγαλωσύνης,</strong></span> <span class='ocrx_word' id='word_1_181' title='bbox 3547 691 3590 761; x_wconf 87' lang='grc' dir='ltr'>ἢ</span> <span class='ocrx_word' id='word_1_182' title='bbox 3621 709 3808 746; x_wconf 81' lang='grc' dir='ltr'>κατα-</span> 
     </span>
    </p>
   </div>
   <div class='ocr_carea' id='block_1_28' title="bbox 2183 768 3804 854">
    <p class='ocr_par' dir='ltr' id='par_1_28' title="bbox 2183 768 3804 854">
     <span class='ocr_line' id='line_1_28' title="bbox 2183 768 3804 854; baseline 0.009 -32"><span class='ocrx_word' id='word_1_183' title='bbox 2183 768 2610 836; x_wconf 80' lang='grc' dir='ltr'>δυναστεῦοντας</span> <span class='ocrx_word' id='word_1_184' title='bbox 2635 773 2745 826; x_wconf 87' lang='grc' dir='ltr'><strong>τῶν</strong></span> <span class='ocrx_word' id='word_1_185' title='bbox 2780 775 3038 848; x_wconf 83' lang='grc' dir='ltr'><strong>ὀρφανῶν</strong></span> <span class='ocrx_word' id='word_1_186' title='bbox 3065 779 3292 835; x_wconf 74' lang='grc' dir='ltr'>καὶτῶν</span> <span class='ocrx_word' id='word_1_187' title='bbox 3313 783 3500 854; x_wconf 87' lang='grc' dir='ltr'>χηρῶν</span> <span class='ocrx_word' id='word_1_188' title='bbox 3529 785 3649 837; x_wconf 69' lang='grc' dir='ltr'>καὶ</span> <span class='ocrx_word' id='word_1_189' title='bbox 3681 784 3804 838; x_wconf 84' lang='grc' dir='ltr'><strong>τῶν</strong></span> 
     </span>
    </p>
   </div>
   <div class='ocr_carea' id='block_1_29' title="bbox 2183 861 3804 942">
    <p class='ocr_par' dir='ltr' id='par_1_29' title="bbox 2183 861 3804 942">
     <span class='ocr_line' id='line_1_29' title="bbox 2183 861 3804 942; baseline 0.009 -29"><span class='ocrx_word' id='word_1_190' title='bbox 2183 861 2440 932; x_wconf 79' lang='grc' dir='ltr'><strong>πτωχῶν,</strong></span> <span class='ocrx_word' id='word_1_191' title='bbox 2474 863 2572 916; x_wconf 71' lang='grc' dir='ltr'><strong>κιιύ⁸</strong></span> <span class='ocrx_word' id='word_1_192' title='bbox 2606 865 2674 918; x_wconf 82' lang='grc' dir='ltr'><strong>τά</strong></span> <span class='ocrx_word' id='word_1_193' title='bbox 2720 865 2830 918; x_wconf 83' lang='grc' dir='ltr'><strong>τῶν</strong></span> <span class='ocrx_word' id='word_1_194' title='bbox 2867 867 3114 936; x_wconf 85' lang='grc' dir='ltr'>πλησίων</span> <span class='ocrx_word' id='word_1_195' title='bbox 3153 870 3612 942; x_wconf 74' lang='grc' dir='ltr'><strong>ἀφαιρουμένους</strong></span> <span class='ocrx_word' id='word_1_196' title='bbox 3645 876 3804 927; x_wconf 72' lang='grc' dir='ltr'>κατὰ</span> 
     </span>
    </p>
   </div>
   <div class='ocr_carea' id='block_1_30' title="bbox 2187 955 3800 1027">
    <p class='ocr_par' dir='ltr' id='par_1_30' title="bbox 2187 955 3800 1027">
     <span class='ocr_line' id='line_1_30' title="bbox 2187 955 3800 1027; baseline 0.007 -19"><span class='ocrx_word' id='word_1_197' title='bbox 2187 955 2355 1026; x_wconf 87' lang='grc' dir='ltr'>μόνην</span> <span class='ocrx_word' id='word_1_198' title='bbox 2393 958 2721 1027; x_wconf 46' lang='grc' dir='ltr'>τυραννιήν</span> <span class='ocrx_word' id='word_1_199' title='bbox 2757 957 3007 1023; x_wconf 77' lang='grc' dir='ltr'>ἐξουσίαν</span> <span class='ocrx_word' id='word_1_200' title='bbox 3055 963 3148 1014; x_wconf 74' lang='grc' dir='ltr'>καὶ</span> <span class='ocrx_word' id='word_1_201' title='bbox 3193 963 3347 1016; x_wconf 76' lang='grc' dir='ltr'>’κατὰ</span> <span class='ocrx_word' id='word_1_202' title='bbox 3391 964 3754 1019; x_wconf 72' lang='grc' dir='ltr'>δυναστείαν</span> <span class='ocrx_word' id='word_1_203' title='bbox 3780 981 3800 998; x_wconf 87' lang='grc'><strong>·</strong></span> 
     </span>
    </p>
   </div>
   <div class='ocr_carea' id='block_1_31' title="bbox 2181 1046 3805 1128">
    <p class='ocr_par' dir='ltr' id='par_1_31' title="bbox 2181 1046 3805 1128">
     <span class='ocr_line' id='line_1_31' title="bbox 2181 1046 3805 1128; baseline 0.007 -29"><span class='ocrx_word' id='word_1_204' title='bbox 2181 1046 2488 1116; x_wconf 83' lang='grc' dir='ltr'>τηνικαῦτα</span> <span class='ocrx_word' id='word_1_205' title='bbox 2545 1047 2643 1103; x_wconf 63' lang='grc' dir='ltr'>καἸ</span> <span class='ocrx_word' id='word_1_206' title='bbox 2687 1049 2782 1103; x_wconf 71' lang='grc' dir='ltr'><strong>τὸν</strong></span> <span class='ocrx_word' id='word_1_207' title='bbox 2821 1054 3168 1124; x_wconf 75' lang='grc' dir='ltr'>προσήκοντα</span> <span class='ocrx_word' id='word_1_208' title='bbox 3205 1053 3380 1125; x_wconf 76' lang='grc' dir='ltr'>θυμὸν</span> <span class='ocrx_word' id='word_1_209' title='bbox 3424 1057 3526 1110; x_wconf 78' lang='grc' dir='ltr'>καὶ</span> <span class='ocrx_word' id='word_1_210' title='bbox 3565 1057 3685 1128; x_wconf 78' lang='grc' dir='ltr'><strong>τὴν</strong></span> <span class='ocrx_word' id='word_1_211' title='bbox 3717 1056 3805 1110; x_wconf 79' lang='grc' dir='ltr'>δι-</span> 
     </span>
    </p>
   </div>
   <div class='ocr_carea' id='block_1_32' title="bbox 2182 1136 3806 1213">
    <p class='ocr_par' dir='ltr' id='par_1_32' title="bbox 2182 1136 3806 1213">
     <span class='ocr_line' id='line_1_32' title="bbox 2182 1136 3806 1213; baseline 0.006 -23"><span class='ocrx_word' id='word_1_212' title='bbox 2182 1137 2348 1190; x_wconf 81' lang='grc' dir='ltr'>καίαν</span> <span class='ocrx_word' id='word_1_213' title='bbox 2372 1136 2546 1209; x_wconf 70' lang='grc' dir='ltr'>ὀργὴν</span> <span class='ocrx_word' id='word_1_214' title='bbox 2561 1138 2620 1204; x_wconf 76' lang='grc' dir='ltr'><strong>ἐξ</strong></span> <span class='ocrx_word' id='word_1_215' title='bbox 2644 1139 2894 1212; x_wconf 83' lang='grc' dir='ltr'><strong>ἀνάγκης</strong></span> <span class='ocrx_word' id='word_1_216' title='bbox 2918 1144 3091 1196; x_wconf 80' lang='grc' dir='ltr'>κινεῖν</span> <span class='ocrx_word' id='word_1_217' title='bbox 3117 1143 3330 1213; x_wconf 77' lang='grc' dir='ltr'>’ὀφείλει</span> <span class='ocrx_word' id='word_1_218' title='bbox 3361 1145 3506 1199; x_wconf 81' lang='grc' dir='ltr'>κατὰ</span> <span class='ocrx_word' id='word_1_219' title='bbox 3526 1145 3660 1200; x_wconf 86' lang='grc' dir='ltr'><strong>τῶν</strong></span> <span class='ocrx_word' id='word_1_220' title='bbox 3694 1163 3806 1200; x_wconf 77' lang='grc' dir='ltr'>ποο</span> 
     </span>
    </p>
   </div>
   <div class='ocr_carea' id='block_1_33' title="bbox 2183 1231 3808 1306">
    <p class='ocr_par' dir='ltr' id='par_1_33' title="bbox 2183 1231 3808 1306">
     <span class='ocr_line' id='line_1_33' title="bbox 2183 1231 3808 1306; baseline 0.007 -25"><span class='ocrx_word' id='word_1_221' title='bbox 2183 1231 2567 1300; x_wconf 83' lang='grc' dir='ltr'>νηρευομένων</span> <span class='ocrx_word' id='word_1_222' title='bbox 2597 1231 2694 1286; x_wconf 63' lang='grc' dir='ltr'>καλ.</span> <span class='ocrx_word' id='word_1_223' title='bbox 2725 1232 2827 1302; x_wconf 85' lang='grc' dir='ltr'>τῆς</span> <span class='ocrx_word' id='word_1_224' title='bbox 2873 1233 3132 1306; x_wconf 79' lang='grc' dir='ltr'>ἀληθείας</span> <span class='ocrx_word' id='word_1_225' title='bbox 3169 1235 3485 1291; x_wconf 74' lang='grc' dir='ltr'>ἀντιπάλων</span> <span class='ocrx_word' id='word_1_226' title='bbox 3519 1238 3640 1294; x_wconf 77' lang='grc' dir='ltr'>καὶ</span> <span class='ocrx_word' id='word_1_227' title='bbox 3677 1256 3808 1295; x_wconf 87' lang='grc' dir='ltr'>συν-</span> 
     </span>
    </p>
   </div>
   <div class='ocr_carea' id='block_1_34' title="bbox 2186 1309 3810 1402">
    <p class='ocr_par' dir='ltr' id='par_1_34' title="bbox 2186 1309 3810 1402">
     <span class='ocr_line' id='line_1_34' title="bbox 2186 1309 3810 1402; baseline 0.009 -32"><span class='ocrx_word' id='word_1_228' title='bbox 2186 1319 2416 1390; x_wconf 71' lang='grc' dir='ltr'>ιστόρων</span> <span class='ocrx_word' id='word_1_229' title='bbox 2459 1319 2554 1372; x_wconf 89' lang='grc' dir='ltr'><strong>τοῦ</strong></span> <span class='ocrx_word' id='word_1_230' title='bbox 2585 1309 2836 1391; x_wconf 76' lang='grc' dir='ltr'>ψεύδους.</span> <span class='ocrx_word' id='word_1_231' title='bbox 2888 1324 3012 1395; x_wconf 81' lang='grc' dir='ltr'><strong>Χρὴ</strong></span> <span class='ocrx_word' id='word_1_232' title='bbox 3067 1325 3250 1380; x_wconf 84' lang='grc' dir='ltr'>τοίνυν</span> <span class='ocrx_word' id='word_1_233' title='bbox 3283 1328 3377 1380; x_wconf 80' lang='grc' dir='ltr'><strong>ἐπὶ</strong></span> <span class='ocrx_word' id='word_1_234' title='bbox 3417 1332 3564 1382; x_wconf 69' lang='grc' dir='ltr'>πᾶσι</span> <span class='ocrx_word' id='word_1_235' title='bbox 3614 1347 3810 1402; x_wconf 86' lang='grc' dir='ltr'>προσ-</span> 
     </span>
    </p>
   </div>
   <div class='ocr_carea' id='block_1_35' title="bbox 2185 1410 3808 1490">
    <p class='ocr_par' dir='ltr' id='par_1_35' title="bbox 2185 1410 3808 1490">
     <span class='ocr_line' id='line_1_35' title="bbox 2185 1410 3808 1490; baseline 0.006 -28"><span class='ocrx_word' id='word_1_236' title='bbox 2185 1410 2331 1481; x_wconf 81' lang='grc' dir='ltr'>έχειν</span> <span class='ocrx_word' id='word_1_237' title='bbox 2357 1411 2606 1482; x_wconf 84' lang='grc' dir='ltr'>ἀκριϐῶς</span> <span class='ocrx_word' id='word_1_238' title='bbox 2634 1413 2732 1490; x_wconf 59' lang='grc' dir='ltr'>καλε</span> <span class='ocrx_word' id='word_1_239' title='bbox 2761 1415 2954 1484; x_wconf 83' lang='grc' dir='ltr'>νήφειν</span> <span class='ocrx_word' id='word_1_240' title='bbox 2987 1417 3102 1480; x_wconf 83' lang='grc' dir='ltr'>τοῖς</span> <span class='ocrx_word' id='word_1_241' title='bbox 3127 1415 3318 1488; x_wconf 78' lang='grc' dir='ltr'>,ἔργοις</span> <span class='ocrx_word' id='word_1_242' title='bbox 3345 1419 3442 1472; x_wconf 77' lang='grc' dir='ltr'>καὶ</span> <span class='ocrx_word' id='word_1_243' title='bbox 3456 1419 3665 1488; x_wconf 80' lang='grc' dir='ltr'>λόγοις</span> <span class='ocrx_word' id='word_1_244' title='bbox 3684 1419 3808 1472; x_wconf 87' lang='grc' dir='ltr'><strong>τῶν</strong></span> 
     </span>
    </p>
   </div>
   <div class='ocr_carea' id='block_1_36' title="bbox 2184 1501 3808 1582">
    <p class='ocr_par' dir='ltr' id='par_1_36' title="bbox 2184 1501 3808 1582">
     <span class='ocr_line' id='line_1_36' title="bbox 2184 1501 3808 1582; baseline 0.006 -28"><span class='ocrx_word' id='word_1_245' title='bbox 2184 1501 2283 1564; x_wconf 82' lang='grc' dir='ltr'><strong>τὰς</strong></span> <span class='ocrx_word' id='word_1_246' title='bbox 2307 1501 2594 1574; x_wconf 79' lang='grc' dir='ltr'>διατριϐὰς</span> <span class='ocrx_word' id='word_1_247' title='bbox 2634 1503 2756 1574; x_wconf 88' lang='grc' dir='ltr'>μεθ’</span> <span class='ocrx_word' id='word_1_248' title='bbox 2777 1506 2949 1577; x_wconf 79' lang='grc' dir='ltr'>’ἡμῶν</span> <span class='ocrx_word' id='word_1_249' title='bbox 2986 1507 3328 1580; x_wconf 74' lang='grc' dir='ltr'>ποιουμένων</span> <span class='ocrx_word' id='word_1_250' title='bbox 3353 1526 3368 1540; x_wconf 77' lang='grc' dir='ltr'><strong>ο</strong></span> <span class='ocrx_word' id='word_1_251' title='bbox 3399 1509 3498 1565; x_wconf 71' lang='grc' dir='ltr'>καὶ</span> <span class='ocrx_word' id='word_1_252' title='bbox 3532 1511 3701 1582; x_wconf 82' lang='grc' dir='ltr'>μήτε</span> <span class='ocrx_word' id='word_1_253' title='bbox 3732 1511 3808 1564; x_wconf 86' lang='grc' dir='ltr'><strong>δι’</strong></span> 
     </span>
    </p>
   </div>
   <div class='ocr_carea' id='block_1_37' title="bbox 2187 1583 3808 1674">
    <p class='ocr_par' dir='ltr' id='par_1_37' title="bbox 2187 1583 3808 1674">
     <span class='ocr_line' id='line_1_37' title="bbox 2187 1583 3808 1674; baseline 0.006 -28"><span class='ocrx_word' id='word_1_254' title='bbox 2187 1594 2603 1665; x_wconf 76' lang='grc' dir='ltr'>ὕπερηφανείας</span> <span class='ocrx_word' id='word_1_255' title='bbox 2621 1583 2786 1666; x_wconf 81' lang='grc' dir='ltr'>δγκον</span> <span class='ocrx_word' id='word_1_256' title='bbox 2809 1596 2847 1670; x_wconf 73' lang='grc' dir='ltr'><strong>ἢ</strong></span> <span class='ocrx_word' id='word_1_257' title='bbox 2881 1599 3052 1663; x_wconf 82' lang='grc' dir='ltr'>πάθος</span> <span class='ocrx_word' id='word_1_258' title='bbox 3085 1601 3458 1672; x_wconf 79' lang='grc' dir='ltr'>μικροψυχίας</span> <span class='ocrx_word' id='word_1_259' title='bbox 3499 1601 3808 1674; x_wconf 81' lang='grc' dir='ltr'>παροργί-</span> 
     </span>
    </p>
   </div>
   <div class='ocr_carea' id='block_1_38' title="bbox 2116 1683 3807 1784">
    <p class='ocr_par' dir='ltr' id='par_1_38' title="bbox 2116 1683 3807 1784">
     <span class='ocr_line' id='line_1_38' title="bbox 2116 1683 3807 1784; baseline 0.005 -48"><span class='ocrx_word' id='word_1_260' title='bbox 2116 1729 2157 1784; x_wconf 73' lang='grc' dir='ltr'><strong><em>Β</em></strong></span> <span class='ocrx_word' id='word_1_261' title='bbox 2187 1683 2382 1746; x_wconf 79' lang='grc' dir='ltr'>ζεσθαι</span> <span class='ocrx_word' id='word_1_262' title='bbox 2447 1685 2592 1739; x_wconf 83' lang='grc' dir='ltr'>κατὰ</span> <span class='ocrx_word' id='word_1_263' title='bbox 2635 1683 2744 1738; x_wconf 87' lang='grc' dir='ltr'><strong>τῶν</strong></span> <span class='ocrx_word' id='word_1_264' title='bbox 2802 1687 3073 1758; x_wconf 80' lang='grc' dir='ltr'><strong>μηδαμῶς</strong></span> <span class='ocrx_word' id='word_1_265' title='bbox 3117 1689 3510 1758; x_wconf 61' lang='grc' dir='ltr'>ἠσεϐηκότων</span> <span class='ocrx_word' id='word_1_266' title='bbox 3542 1693 3696 1763; x_wconf 84' lang='grc' dir='ltr'>μητ’</span> <span class='ocrx_word' id='word_1_267' title='bbox 3727 1687 3807 1746; x_wconf 78' lang='grc' dir='ltr'>αὖ</span> 
     </span>
    </p>
   </div>
   <div class='ocr_carea' id='block_1_39' title="bbox 2185 1772 3806 1852">
    <p class='ocr_par' dir='ltr' id='par_1_39' title="bbox 2185 1772 3806 1852">
     <span class='ocr_line' id='line_1_39' title="bbox 2185 1772 3806 1852; baseline 0.006 -26"><span class='ocrx_word' id='word_1_268' title='bbox 2185 1772 2354 1826; x_wconf 72' lang='grc' dir='ltr'>πάλιν</span> <span class='ocrx_word' id='word_1_269' title='bbox 2391 1773 2685 1844; x_wconf 81' lang='grc' dir='ltr'>ἀνέχεσθαι</span> <span class='ocrx_word' id='word_1_270' title='bbox 2725 1773 2824 1828; x_wconf 66' lang='grc' dir='ltr'>καὶ</span> <span class='ocrx_word' id='word_1_271' title='bbox 2857 1779 3224 1850; x_wconf 81' lang='grc' dir='ltr'>παρασιωπᾷν</span> <span class='ocrx_word' id='word_1_272' title='bbox 3257 1778 3353 1834; x_wconf 61' lang='lat' dir='ltr'><strong>xii.</strong></span> <span class='ocrx_word' id='word_1_273' title='bbox 3386 1781 3806 1852; x_wconf 74' lang='grc' dir='ltr'>μακροθυμεῖν</span> 
     </span>
    </p>
   </div>
   <div class='ocr_carea' id='block_1_40' title="bbox 2189 1863 3803 1944">
    <p class='ocr_par' dir='ltr' id='par_1_40' title="bbox 2189 1863 3803 1944">
     <span class='ocr_line' id='line_1_40' title="bbox 2189 1863 3803 1944; baseline 0.007 -26"><span class='ocrx_word' id='word_1_274' title='bbox 2189 1863 2419 1918; x_wconf 75' lang='grc' dir='ltr'>ἐπὶτῶν</span> <span class='ocrx_word' id='word_1_275' title='bbox 2446 1864 2516 1919; x_wconf 73' lang='grc' dir='ltr'>τὰ</span> <span class='ocrx_word' id='word_1_276' title='bbox 2569 1868 2691 1920; x_wconf 86' lang='grc' dir='ltr'>κατ’</span> <span class='ocrx_word' id='word_1_277' title='bbox 2733 1867 3050 1922; x_wconf 73' lang='grc' dir='ltr'>ἐναντίωσιν</span> <span class='ocrx_word' id='word_1_278' title='bbox 3097 1870 3447 1943; x_wconf 73' lang='grc' dir='ltr'>ἐκφερόμενα</span> <span class='ocrx_word' id='word_1_279' title='bbox 3490 1872 3803 1944; x_wconf 84' lang='grc' dir='ltr'>δρώντων.</span> 
     </span>
    </p>
   </div>
   <div class='ocr_carea' id='block_1_41' title="bbox 2190 1953 3804 2032">
    <p class='ocr_par' dir='ltr' id='par_1_41' title="bbox 2190 1953 3804 2032">
     <span class='ocr_line' id='line_1_41' title="bbox 2190 1953 3804 2032; baseline 0.004 -24"><span class='ocrx_word' id='word_1_280' title='bbox 2190 1953 2348 2008; x_wconf 79' lang='grc' dir='ltr'>Οὕτω</span> <span class='ocrx_word' id='word_1_281' title='bbox 2372 1954 2482 2024; x_wconf 85' lang='grc' dir='ltr'><strong>γὰρ</strong></span> <span class='ocrx_word' id='word_1_282' title='bbox 2504 1955 2602 2008; x_wconf 60' lang='grc' dir='ltr'><strong>καὶ⁸</strong></span> <span class='ocrx_word' id='word_1_283' title='bbox 2627 1953 2688 2008; x_wconf 80' lang='grc' dir='ltr'><strong>τὸ</strong></span> <span class='ocrx_word' id='word_1_284' title='bbox 2717 1956 2894 2028; x_wconf 74' lang='grc' dir='ltr'>πρᾶον</span> <span class='ocrx_word' id='word_1_285' title='bbox 2927 1955 3086 2028; x_wconf 81' lang='grc' dir='ltr'>ἡμῶν</span> <span class='ocrx_word' id='word_1_286' title='bbox 3105 1956 3210 2012; x_wconf 80' lang='grc' dir='ltr'>καὶ</span> <span class='ocrx_word' id='word_1_287' title='bbox 3257 1958 3659 2032; x_wconf 80' lang='grc' dir='ltr'>μακρόθυμον,</span> <span class='ocrx_word' id='word_1_288' title='bbox 3695 1959 3804 2014; x_wconf 76' lang='grc' dir='ltr'>καὶ</span> 
     </span>
    </p>
   </div>
   <div class='ocr_carea' id='block_1_42' title="bbox 2193 2045 3804 2121">
    <p class='ocr_par' dir='ltr' id='par_1_42' title="bbox 2193 2045 3804 2121">
     <span class='ocr_line' id='line_1_42' title="bbox 2193 2045 3804 2121; baseline 0.002 -23"><span class='ocrx_word' id='word_1_289' title='bbox 2193 2045 2378 2116; x_wconf 81' lang='grc' dir='ltr'>μέντοι</span> <span class='ocrx_word' id='word_1_290' title='bbox 2395 2045 2556 2100; x_wconf 78' lang='grc' dir='ltr'>καὶό</span> <span class='ocrx_word' id='word_1_291' title='bbox 2585 2045 2756 2117; x_wconf 78' lang='grc' dir='ltr'>θυμὸς</span> <span class='ocrx_word' id='word_1_292' title='bbox 2777 2045 2873 2118; x_wconf 65' lang='grc' dir='ltr'><strong>καί</strong></span> <span class='ocrx_word' id='word_1_293' title='bbox 2899 2047 2932 2118; x_wconf 70' lang='grc' dir='ltr'><strong>ἡ</strong></span> <span class='ocrx_word' id='word_1_294' title='bbox 2963 2047 3105 2118; x_wconf 82' lang='grc' dir='ltr'>ὀργὴ</span> <span class='ocrx_word' id='word_1_295' title='bbox 3141 2047 3296 2119; x_wconf 82' lang='grc' dir='ltr'>παρὰ</span> <span class='ocrx_word' id='word_1_296' title='bbox 3331 2047 3410 2120; x_wconf 81' lang='grc' dir='ltr'>τῷ</span> <span class='ocrx_word' id='word_1_297' title='bbox 3447 2049 3661 2121; x_wconf 70' lang='grc' dir='ltr'>ἀγαθῷ</span> <span class='ocrx_word' id='word_1_298' title='bbox 3695 2046 3804 2104; x_wconf 74' lang='grc' dir='ltr'>καὶ</span> 
     </span>
    </p>
   </div>
   <div class='ocr_carea' id='block_1_43' title="bbox 2173 2134 3800 2214">
    <p class='ocr_par' dir='ltr' id='par_1_43' title="bbox 2173 2134 3800 2214">
     <span class='ocr_line' id='line_1_43' title="bbox 2173 2134 3800 2214; baseline 0.003 -24"><span class='ocrx_word' id='word_1_299' title='bbox 2173 2134 2384 2208; x_wconf 83' lang='grc' dir='ltr'>’δικαίῳ</span> <span class='ocrx_word' id='word_1_300' title='bbox 2414 2135 2509 2190; x_wconf 79' lang='grc' dir='ltr'>καὶ</span> <span class='ocrx_word' id='word_1_301' title='bbox 2535 2135 2908 2210; x_wconf 81' lang='grc' dir='ltr'>φιλανθρώπῳ</span> <span class='ocrx_word' id='word_1_302' title='bbox 2944 2137 3138 2212; x_wconf 84' lang='grc' dir='ltr'>Κυρίῳ</span> <span class='ocrx_word' id='word_1_303' title='bbox 3178 2141 3282 2213; x_wconf 82' lang='grc' dir='ltr'><strong>τὴν</strong></span> <span class='ocrx_word' id='word_1_304' title='bbox 3309 2139 3595 2214; x_wconf 77' lang='grc' dir='ltr'>ἀποδοχὴν</span> <span class='ocrx_word' id='word_1_305' title='bbox 3625 2140 3800 2206; x_wconf 77' lang='grc' dir='ltr'>ἔξου-</span> 
     </span>
    </p>
   </div>
   <div class='ocr_carea' id='block_1_44' title="bbox 485 2220 3800 2314">
    <p class='ocr_par' dir='ltr' id='par_1_44' title="bbox 485 2220 3800 2314">
     <span class='ocr_line' id='line_1_44' title="bbox 485 2220 3800 2314; baseline -0.002 -36"><span class='ocrx_word' id='word_1_306' title='bbox 485 2237 591 2279; x_wconf 80' lang='grc' dir='ltr'>·σιν</span> <span class='ocrx_word' id='word_1_307' title='bbox 655 2223 948 2296; x_wconf 82' lang='grc' dir='ltr'>ἀριδήλως.</span> <span class='ocrx_word' id='word_1_308' title='bbox 999 2221 1181 2278; x_wconf 73' lang='grc' dir='ltr'>Τοῦτο</span> <span class='ocrx_word' id='word_1_309' title='bbox 1247 2225 1357 2296; x_wconf 82' lang='grc' dir='ltr'>γὰρ</span> <span class='ocrx_word' id='word_1_310' title='bbox 1399 2223 1808 2308; x_wconf 8' lang='grc' dir='ltr'>τκαὶῆὲμπεδῶν</span> <span class='ocrx_word' id='word_1_311' title='bbox 1845 2225 1958 2279; x_wconf 80' lang='grc' dir='ltr'>’καὶ</span> <span class='ocrx_word' id='word_1_312' title='bbox 2010 2229 2137 2294; x_wconf 78' lang='grc' dir='ltr'>’τοῖς</span> <span class='ocrx_word' id='word_1_313' title='bbox 2210 2228 2500 2300; x_wconf 75' lang='grc' dir='ltr'>ἑπομένοις</span> <span class='ocrx_word' id='word_1_314' title='bbox 2556 2229 2592 2281; x_wconf 82' lang='grc' dir='ltr'><strong>’ὁ</strong></span> <span class='ocrx_word' id='word_1_315' title='bbox 2653 2228 2819 2300; x_wconf 73' lang='grc' dir='ltr'>σοφὸς</span> <span class='ocrx_word' id='word_1_316' title='bbox 2877 2225 3318 2314; x_wconf 78' lang='grc' dir='ltr'>Ἐκκλησιαστὴς</span> <span class='ocrx_word' id='word_1_317' title='bbox 3371 2220 3624 2303; x_wconf 76' lang='grc' dir='ltr'><strong>⁴διμέσως⁸</strong></span> <span class='ocrx_word' id='word_1_318' title='bbox 3683 2233 3800 2287; x_wconf 70' lang='grc' dir='ltr'><strong>ἐπ.</strong></span> 
     </span>
    </p>
   </div>
   <div class='ocr_carea' id='block_1_45' title="bbox 486 2317 774 2389">
    <p class='ocr_par' dir='ltr' id='par_1_45' title="bbox 486 2317 774 2389">
     <span class='ocr_line' id='line_1_45' title="bbox 486 2317 774 2389; baseline -0.007 -1"><span class='ocrx_word' id='word_1_319' title='bbox 486 2317 680 2389; x_wconf 72' lang='grc' dir='ltr'>’ἤγαγε</span> <span class='ocrx_word' id='word_1_320' title='bbox 699 2331 716 2348; x_wconf 87' lang='grc'><strong>·</strong></span> <span class='ocrx_word' id='word_1_321' title='bbox 767 2323 774 2330; x_wconf 86' lang='grc'><em>’</em></span> 
     </span>
    </p>
   </div>
   <div class='ocr_carea' id='block_1_46' title="bbox 2039 2410 2226 2486">
    <p class='ocr_par' dir='ltr' id='par_1_46' title="bbox 2039 2410 2226 2486">
     <span class='ocr_line' id='line_1_46' title="bbox 2039 2410 2226 2486; baseline 0.011 -17"><span class='ocrx_word' id='word_1_322' title='bbox 2039 2415 2080 2486; x_wconf 71' lang='lat'>§</span> <span class='ocrx_word' id='word_1_323' title='bbox 2113 2410 2226 2471; x_wconf 87' lang='lat' dir='ltr'><strong>xu.</strong></span> 
     </span>
    </p>
   </div>
   <div class='ocr_carea' id='block_1_47' title="bbox 575 2499 2080 2578">
    <p class='ocr_par' dir='ltr' id='par_1_47' title="bbox 575 2499 2080 2578">
     <span class='ocr_line' id='line_1_47' title="bbox 575 2499 2080 2578; baseline 0.001 -22"><span class='ocrx_word' id='word_1_324' title='bbox 575 2500 744 2559; x_wconf 73' lang='lat' dir='ltr'><strong>Vsus.</strong></span> <span class='ocrx_word' id='word_1_325' title='bbox 779 2501 834 2557; x_wconf 89' lang='lat'><strong>9.</strong></span> <span class='ocrx_word' id='word_1_326' title='bbox 891 2499 978 2558; x_wconf 83' lang='lat' dir='ltr'><strong>Ne</strong></span> <span class='ocrx_word' id='word_1_327' title='bbox 1021 2501 1356 2578; x_wconf 74' lang='lat' dir='ltr'><strong>festinaveris</strong></span> <span class='ocrx_word' id='word_1_328' title='bbox 1408 2505 1461 2558; x_wconf 85' lang='lat' dir='ltr'><strong>in</strong></span> <span class='ocrx_word' id='word_1_329' title='bbox 1511 2505 1702 2574; x_wconf 81' lang='lat' dir='ltr'><strong>spiritu</strong></span> <span class='ocrx_word' id='word_1_330' title='bbox 1753 2514 1841 2560; x_wconf 84' lang='lat' dir='ltr'><strong>tuo</strong></span> <span class='ocrx_word' id='word_1_331' title='bbox 1883 2507 2080 2572; x_wconf 81' lang='lat' dir='ltr'><strong>irasci;</strong></span> 
     </span>
    </p>
   </div>
   <div class='ocr_carea' id='block_1_48' title="bbox 504 2595 1836 2668">
    <p class='ocr_par' dir='ltr' id='par_1_48' title="bbox 504 2595 1836 2668">
     <span class='ocr_line' id='line_1_48' title="bbox 504 2595 1836 2668; baseline 0.001 -18"><span class='ocrx_word' id='word_1_332' title='bbox 504 2597 628 2668; x_wconf 75' lang='lat' dir='ltr'><strong>quia</strong></span> <span class='ocrx_word' id='word_1_333' title='bbox 661 2595 814 2665; x_wconf 74' lang='lat' dir='ltr'><strong>[uror</strong></span> <span class='ocrx_word' id='word_1_334' title='bbox 844 2596 900 2650; x_wconf 85' lang='lat' dir='ltr'><strong>in</strong></span> <span class='ocrx_word' id='word_1_335' title='bbox 930 2597 1052 2649; x_wconf 79' lang='lat' dir='ltr'><strong>sinu</strong></span> <span class='ocrx_word' id='word_1_336' title='bbox 1085 2595 1374 2650; x_wconf 78' lang='lat' dir='ltr'><strong>stultorum</strong></span> <span class='ocrx_word' id='word_1_337' title='bbox 1403 2599 1679 2668; x_wconf 81' lang='lat' dir='ltr'><strong>requiescit</strong></span> <span class='ocrx_word' id='word_1_338' title='bbox 1703 2597 1836 2667; x_wconf 83' lang='grc'>(66).</span> 
     </span>
    </p>
   </div>
   <div class='ocr_carea' id='block_1_49' title="bbox 571 2686 2084 2753">
    <p class='ocr_par' dir='ltr' id='par_1_49' title="bbox 571 2686 2084 2753">
     <span class='ocr_line' id='line_1_49' title="bbox 571 2686 2084 2753; baseline 0.001 -11"><span class='ocrx_word' id='word_1_339' title='bbox 571 2689 722 2744; x_wconf 81' lang='lat' dir='ltr'><strong>idem</strong></span> <span class='ocrx_word' id='word_1_340' title='bbox 747 2690 892 2742; x_wconf 86' lang='lat' dir='ltr'><strong>enim</strong></span> <span class='ocrx_word' id='word_1_341' title='bbox 922 2686 978 2742; x_wconf 88' lang='lat' dir='ltr'><strong>id</strong></span> <span class='ocrx_word' id='word_1_342' title='bbox 1015 2695 1122 2753; x_wconf 87' lang='lat' dir='ltr'><strong>est,</strong></span> <span class='ocrx_word' id='word_1_343' title='bbox 1153 2702 1219 2742; x_wconf 90' lang='lat' dir='ltr'><strong>ac</strong></span> <span class='ocrx_word' id='word_1_344' title='bbox 1243 2689 1288 2742; x_wconf 80' lang='lat' dir='ltr'><strong>si</strong></span> <span class='ocrx_word' id='word_1_345' title='bbox 1315 2688 1523 2744; x_wconf 84' lang='lat' dir='ltr'><strong>diceret</strong></span> <span class='ocrx_word' id='word_1_346' title='bbox 1555 2706 1572 2744; x_wconf 87' lang='lat'><strong>:</strong></span> <span class='ocrx_word' id='word_1_347' title='bbox 1611 2687 1756 2744; x_wconf 83' lang='lat' dir='ltr'><strong>Cave</strong></span> <span class='ocrx_word' id='word_1_348' title='bbox 1784 2706 1850 2746; x_wconf 91' lang='lat' dir='ltr'><strong>ne</strong></span> <span class='ocrx_word' id='word_1_349' title='bbox 1883 2690 1988 2746; x_wconf 86' lang='lat' dir='ltr'><strong>levi</strong></span> <span class='ocrx_word' id='word_1_350' title='bbox 2017 2690 2084 2744; x_wconf 87' lang='lat' dir='ltr'><strong>de</strong></span> 
     </span>
    </p>
   </div>
   <div class='ocr_carea' id='block_1_50' title="bbox 505 2777 2082 2854">
    <p class='ocr_par' dir='ltr' id='par_1_50' title="bbox 505 2777 2082 2854">
     <span class='ocr_line' id='line_1_50' title="bbox 505 2777 2082 2854; baseline 0 -18"><span class='ocrx_word' id='word_1_351' title='bbox 505 2796 672 2836; x_wconf 86' lang='lat' dir='ltr'><strong>causa</strong></span> <span class='ocrx_word' id='word_1_352' title='bbox 710 2777 1030 2850; x_wconf 81' lang='lat' dir='ltr'><strong>indigneris,</strong></span> <span class='ocrx_word' id='word_1_353' title='bbox 1065 2795 1130 2834; x_wconf 90' lang='lat' dir='ltr'><strong>ac</strong></span> <span class='ocrx_word' id='word_1_354' title='bbox 1153 2789 1356 2836; x_wconf 84' lang='lat' dir='ltr'><strong>temere</strong></span> <span class='ocrx_word' id='word_1_355' title='bbox 1389 2781 1472 2834; x_wconf 88' lang='lat' dir='ltr'><strong>vel</strong></span> <span class='ocrx_word' id='word_1_356' title='bbox 1505 2796 1572 2835; x_wconf 77' lang='lat' dir='ltr'><strong>ex</strong></span> <span class='ocrx_word' id='word_1_357' title='bbox 1598 2781 1800 2836; x_wconf 85' lang='lat' dir='ltr'><strong>mentis</strong></span> <span class='ocrx_word' id='word_1_358' title='bbox 1826 2783 2082 2854; x_wconf 84' lang='lat' dir='ltr'><strong>superbia</strong></span> 
     </span>
    </p>
   </div>
   <div class='ocr_carea' id='block_1_51' title="bbox 2257 2503 3796 2578">
    <p class='ocr_par' dir='ltr' id='par_1_51' title="bbox 2257 2503 3796 2578">
     <span class='ocr_line' id='line_1_51' title="bbox 2257 2503 3796 2578; baseline 0.003 -18"><span class='ocrx_word' id='word_1_359' title='bbox 2257 2505 2353 2573; x_wconf 83' lang='grc' dir='ltr'><strong>Μὴ</strong></span> <span class='ocrx_word' id='word_1_360' title='bbox 2387 2506 2670 2574; x_wconf 64' lang='lat' dir='ltr'><strong>quedam</strong></span> <span class='ocrx_word' id='word_1_361' title='bbox 2703 2505 2773 2560; x_wconf 83' lang='grc' dir='ltr'>ὲν</span> <span class='ocrx_word' id='word_1_362' title='bbox 2795 2503 3097 2576; x_wconf 75' lang='grc' dir='ltr'>πνεύματί</span> <span class='ocrx_word' id='word_1_363' title='bbox 3119 2521 3238 2562; x_wconf 87' lang='grc' dir='ltr'><strong>σου</strong></span> <span class='ocrx_word' id='word_1_364' title='bbox 3260 2506 3372 2562; x_wconf 84' lang='grc' dir='ltr'><strong>τοῦ</strong></span> <span class='ocrx_word' id='word_1_365' title='bbox 3397 2507 3758 2578; x_wconf 78' lang='grc' dir='ltr'>θυμοῦσθαι</span> <span class='ocrx_word' id='word_1_366' title='bbox 3776 2523 3796 2542; x_wconf 86' lang='grc'><em>’</em></span> 
     </span>
    </p>
   </div>
   <div class='ocr_carea' id='block_1_52' title="bbox 2186 2592 3557 2667">
    <p class='ocr_par' dir='ltr' id='par_1_52' title="bbox 2186 2592 3557 2667">
     <span class='ocr_line' id='line_1_52' title="bbox 2186 2592 3557 2667; baseline 0.003 -17"><span class='ocrx_word' id='word_1_367' title='bbox 2186 2592 2276 2666; x_wconf 52' lang='lat' dir='ltr'><strong>an</strong></span> <span class='ocrx_word' id='word_1_368' title='bbox 2309 2597 2496 2666; x_wconf 83' lang='grc' dir='ltr'>θυμὸς</span> <span class='ocrx_word' id='word_1_369' title='bbox 2515 2597 2586 2652; x_wconf 80' lang='grc' dir='ltr'>ἐν</span> <span class='ocrx_word' id='word_1_370' title='bbox 2605 2600 2814 2666; x_wconf 79' lang='grc' dir='ltr'>κόλπῳ</span> <span class='ocrx_word' id='word_1_371' title='bbox 2841 2597 3122 2667; x_wconf 76' lang='grc' dir='ltr'>ἀφρόνων</span> <span class='ocrx_word' id='word_1_372' title='bbox 3165 2597 3557 2654; x_wconf 75' lang='grc' dir='ltr'>ἀναπαύεται.</span> 
     </span>
    </p>
   </div>
   <div class='ocr_carea' id='block_1_53' title="bbox 2257 2687 3798 2762">
    <p class='ocr_par' dir='ltr' id='par_1_53' title="bbox 2257 2687 3798 2762">
     <span class='ocr_line' id='line_1_53' title="bbox 2257 2687 3798 2762; baseline -0.001 -18"><span class='ocrx_word' id='word_1_373' title='bbox 2257 2689 2561 2760; x_wconf 77' lang='grc' dir='ltr'>Μονονουχὶ</span> <span class='ocrx_word' id='word_1_374' title='bbox 2600 2690 2709 2761; x_wconf 85' lang='grc' dir='ltr'><strong>γάρ</strong></span> <span class='ocrx_word' id='word_1_375' title='bbox 2745 2705 2918 2760; x_wconf 83' lang='grc' dir='ltr'>φησι·</span> <span class='ocrx_word' id='word_1_376' title='bbox 2949 2688 3234 2760; x_wconf 85' lang='grc' dir='ltr'>Μηδαμῶς</span> <span class='ocrx_word' id='word_1_377' title='bbox 3277 2687 3518 2762; x_wconf 60' lang='grc' dir='ltr'>ἀνάσχου</span> <span class='ocrx_word' id='word_1_378' title='bbox 3555 2688 3798 2762; x_wconf 79' lang='grc' dir='ltr'>θυμοῦ-</span> 
     </span>
    </p>
   </div>
   <div class='ocr_carea' id='block_1_54' title="bbox 2188 2780 3798 2856">
    <p class='ocr_par' dir='ltr' id='par_1_54' title="bbox 2188 2780 3798 2856">
     <span class='ocr_line' id='line_1_54' title="bbox 2188 2780 3798 2856; baseline 0 -20"><span class='ocrx_word' id='word_1_379' title='bbox 2188 2781 2570 2856; x_wconf 48' lang='grc' dir='ltr'>σθαιςρᾳδίως</span> <span class='ocrx_word' id='word_1_380' title='bbox 2635 2783 2730 2836; x_wconf 77' lang='grc' dir='ltr'>καὶ</span> <span class='ocrx_word' id='word_1_381' title='bbox 2794 2780 3232 2852; x_wconf 80' lang='grc' dir='ltr'>παροργίζεσθαι</span> <span class='ocrx_word' id='word_1_382' title='bbox 3259 2782 3440 2854; x_wconf 87' lang='grc' dir='ltr'>μάτην</span> <span class='ocrx_word' id='word_1_383' title='bbox 3490 2783 3550 2850; x_wconf 75' lang='grc' dir='ltr'>ἐξ</span> <span class='ocrx_word' id='word_1_384' title='bbox 3607 2786 3798 2852; x_wconf 78' lang='grc' dir='ltr'>ὑπερο</span> 
     </span>
    </p>
   </div>
   <div class='ocr_carea' id='block_1_55' title="bbox 504 2871 2089 2946">
    <p class='ocr_par' dir='ltr' id='par_1_55' title="bbox 504 2872 2085 2944">
     <span class='ocr_line' id='line_1_55' title="bbox 504 2872 2085 2944; baseline 0.001 -18"><span class='ocrx_word' id='word_1_385' title='bbox 504 2875 590 2928; x_wconf 82' lang='lat' dir='ltr'><strong>vel</strong></span> <span class='ocrx_word' id='word_1_386' title='bbox 619 2889 686 2928; x_wconf 73' lang='lat' dir='ltr'><strong>ex</strong></span> <span class='ocrx_word' id='word_1_387' title='bbox 717 2872 883 2928; x_wconf 86' lang='lat' dir='ltr'><strong>animi</strong></span> <span class='ocrx_word' id='word_1_388' title='bbox 925 2872 1299 2927; x_wconf 85' lang='lat' dir='ltr'><strong>imbecillitate</strong></span> <span class='ocrx_word' id='word_1_389' title='bbox 1330 2873 1398 2927; x_wconf 91' lang='lat' dir='ltr'><strong>iis</strong></span> <span class='ocrx_word' id='word_1_390' title='bbox 1427 2887 1756 2928; x_wconf 81' lang='lat' dir='ltr'><strong>succenseas</strong></span> <span class='ocrx_word' id='word_1_391' title='bbox 1779 2915 1795 2940; x_wconf 92' lang='lat'><strong>,</strong></span> <span class='ocrx_word' id='word_1_392' title='bbox 1824 2875 1916 2944; x_wconf 91' lang='lat' dir='ltr'><strong>qni</strong></span> <span class='ocrx_word' id='word_1_393' title='bbox 1947 2874 2085 2930; x_wconf 81' lang='lat' dir='ltr'><strong>nihil</strong></span> 
     </span>
    </p>
   </div>
   <div class='ocr_carea' id='block_1_56' title="bbox 2189 2871 3796 2946">
    <p class='ocr_par' dir='ltr' id='par_1_56' title="bbox 2189 2871 3796 2946">
     <span class='ocr_line' id='line_1_56' title="bbox 2189 2871 3796 2946; baseline -0.001 -18"><span class='ocrx_word' id='word_1_394' title='bbox 2189 2874 2398 2944; x_wconf 84' lang='grc' dir='ltr'>ηφάνου</span> <span class='ocrx_word' id='word_1_395' title='bbox 2428 2871 2717 2944; x_wconf 81' lang='grc' dir='ltr'>καρδίαςῆ</span> <span class='ocrx_word' id='word_1_396' title='bbox 2749 2872 2846 2926; x_wconf 71' lang='grc' dir='ltr'>καὶ</span> <span class='ocrx_word' id='word_1_397' title='bbox 2877 2871 3248 2944; x_wconf 73' lang='grc' dir='ltr'>μικροψυχίας</span> <span class='ocrx_word' id='word_1_398' title='bbox 3287 2873 3432 2930; x_wconf 83' lang='grc' dir='ltr'>κατὰ</span> <span class='ocrx_word' id='word_1_399' title='bbox 3454 2872 3566 2928; x_wconf 86' lang='grc' dir='ltr'><strong>τῶν</strong></span> <span class='ocrx_word' id='word_1_400' title='bbox 3606 2874 3796 2946; x_wconf 72' lang='grc' dir='ltr'>μηδὲν</span> 
     </span>
    </p>
   </div>
   <div class='ocr_carea' id='block_1_57' title="bbox 2111 2924 2157 2986">
    <p class='ocr_par' dir='ltr' id='par_1_57' title="bbox 2111 2924 2157 2986">
     <span class='ocr_line' id='line_1_57' title="bbox 2111 2924 2157 2986; baseline 0 0"><span class='ocrx_word' id='word_1_401' title='bbox 2111 2924 2157 2986; x_wconf 86' lang='lat' dir='ltr'><strong><em>C</em></strong></span> 
     </span>
    </p>
   </div>
   <div class='ocr_carea' id='block_1_58' title="bbox 505 2957 2089 3037">
    <p class='ocr_par' dir='ltr' id='par_1_58' title="bbox 505 2957 2084 3034">
     <span class='ocr_line' id='line_1_58' title="bbox 505 2957 2084 3034; baseline 0.001 -17"><span class='ocrx_word' id='word_1_402' title='bbox 505 2963 769 3028; x_wconf 74' lang='lat' dir='ltr'><strong>adversus</strong></span> <span class='ocrx_word' id='word_1_403' title='bbox 806 2957 982 3016; x_wconf 86' lang='lat' dir='ltr'><strong>Deum</strong></span> <span class='ocrx_word' id='word_1_404' title='bbox 1027 2959 1408 3032; x_wconf 76' lang='lat' dir='ltr'><strong>déliqucrtmt,</strong></span> <span class='ocrx_word' id='word_1_405' title='bbox 1467 2971 1565 3018; x_wconf 88' lang='lat' dir='ltr'><strong>aut</strong></span> <span class='ocrx_word' id='word_1_406' title='bbox 1600 2978 1742 3034; x_wconf 87' lang='lat' dir='ltr'><strong>quos</strong></span> <span class='ocrx_word' id='word_1_407' title='bbox 1765 2962 1834 3017; x_wconf 78' lang='lat' dir='ltr'><strong>in</strong></span> <span class='ocrx_word' id='word_1_408' title='bbox 1875 2965 2084 3020; x_wconf 81' lang='lat' dir='ltr'><strong>crimen</strong></span> 
     </span>
    </p>
   </div>
   <div class='ocr_carea' id='block_1_59' title="bbox 2189 2957 3795 3037">
    <p class='ocr_par' dir='ltr' id='par_1_59' title="bbox 2189 2963 3795 3037">
     <span class='ocr_line' id='line_1_59' title="bbox 2189 2963 3795 3037; baseline 0 -17"><span class='ocrx_word' id='word_1_409' title='bbox 2189 2969 2274 3031; x_wconf 81' lang='grc' dir='ltr'><strong>είς</strong></span> <span class='ocrx_word' id='word_1_410' title='bbox 2295 2967 2430 3021; x_wconf 68' lang='grc' dir='ltr'>Θεὸν</span> <span class='ocrx_word' id='word_1_411' title='bbox 2455 2967 2811 3036; x_wconf 76' lang='grc' dir='ltr'>ἠσεϐηκότων</span> <span class='ocrx_word' id='word_1_412' title='bbox 2831 3007 2846 3032; x_wconf 87' lang='grc'><strong>,</strong></span> <span class='ocrx_word' id='word_1_413' title='bbox 2882 2965 2916 3035; x_wconf 70' lang='grc' dir='ltr'><strong>ᾖ</strong></span> <span class='ocrx_word' id='word_1_414' title='bbox 2965 2964 3609 3037; x_wconf 72' lang='grc' dir='ltr'>τοσαύτῃ,πλημμελεία</span> <span class='ocrx_word' id='word_1_415' title='bbox 3661 2963 3795 3020; x_wconf 82' lang='grc' dir='ltr'>καθ’</span> 
     </span>
    </p>
   </div>
   <div class='ocr_carea' id='block_1_60' title="bbox 507 3053 2088 3126">
    <p class='ocr_par' dir='ltr' id='par_1_60' title="bbox 507 3053 2088 3126">
     <span class='ocr_line' id='line_1_60' title="bbox 507 3053 2088 3126; baseline 0.003 -19"><span class='ocrx_word' id='word_1_416' title='bbox 507 3055 786 3110; x_wconf 77' lang='lat' dir='ltr'><strong>voluntate</strong></span> <span class='ocrx_word' id='word_1_417' title='bbox 807 3053 991 3124; x_wconf 87' lang='lat' dir='ltr'><strong>lapsos</strong></span> <span class='ocrx_word' id='word_1_418' title='bbox 1013 3069 1135 3110; x_wconf 85' lang='lat' dir='ltr'><strong>esse</strong></span> <span class='ocrx_word' id='word_1_419' title='bbox 1160 3070 1270 3108; x_wconf 85' lang='lat' dir='ltr'><strong>non</strong></span> <span class='ocrx_word' id='word_1_420' title='bbox 1293 3063 1532 3123; x_wconf 81' lang='lat' dir='ltr'><strong>constat.</strong></span> <span class='ocrx_word' id='word_1_421' title='bbox 1551 3055 1903 3122; x_wconf 85' lang='lat' dir='ltr'><strong>Quinetiam,</strong></span> <span class='ocrx_word' id='word_1_422' title='bbox 1922 3071 2088 3126; x_wconf 82' lang='lat' dir='ltr'><strong>quan-</strong></span> 
     </span>
    </p>
   </div>
   <div class='ocr_carea' id='block_1_61' title="bbox 507 3131 2086 3218">
    <p class='ocr_par' dir='ltr' id='par_1_61' title="bbox 507 3131 2086 3218">
     <span class='ocr_line' id='line_1_61' title="bbox 507 3131 2086 3218; baseline 0.001 -16"><span class='ocrx_word' id='word_1_423' title='bbox 507 3157 623 3202; x_wconf 90' lang='lat' dir='ltr'><strong>tum</strong></span> <span class='ocrx_word' id='word_1_424' title='bbox 643 3145 724 3201; x_wconf 79' lang='lat' dir='ltr'><strong>fas</strong></span> <span class='ocrx_word' id='word_1_425' title='bbox 748 3156 852 3213; x_wconf 71' lang='grc' dir='ltr'>εει,</span> <span class='ocrx_word' id='word_1_426' title='bbox 869 3161 1023 3212; x_wconf 89' lang='lat' dir='ltr'><strong>cura,</strong></span> <span class='ocrx_word' id='word_1_427' title='bbox 1042 3131 1267 3216; x_wconf 77' lang='lat' dir='ltr'><strong>ut176</strong></span> <span class='ocrx_word' id='word_1_428' title='bbox 1282 3148 1494 3216; x_wconf 87' lang='lat' dir='ltr'><strong>patiens</strong></span> <span class='ocrx_word' id='word_1_429' title='bbox 1509 3147 1585 3202; x_wconf 88' lang='lat' dir='ltr'><strong>sis</strong></span> <span class='ocrx_word' id='word_1_430' title='bbox 1597 3157 1759 3218; x_wconf 88' lang='lat' dir='ltr'><strong>atque</strong></span> <span class='ocrx_word' id='word_1_431' title='bbox 1781 3147 2086 3216; x_wconf 64' lang='lat' dir='ltr'><strong>indulgens,</strong></span> 
     </span>
    </p>
   </div>
   <div class='ocr_carea' id='block_1_62' title="bbox 507 3237 2086 3310">
    <p class='ocr_par' dir='ltr' id='par_1_62' title="bbox 507 3237 2086 3310">
     <span class='ocr_line' id='line_1_62' title="bbox 507 3237 2086 3310; baseline 0.003 -18"><span class='ocrx_word' id='word_1_432' title='bbox 507 3249 632 3292; x_wconf 90' lang='lat' dir='ltr'><strong>cum</strong></span> <span class='ocrx_word' id='word_1_433' title='bbox 665 3237 732 3291; x_wconf 90' lang='lat' dir='ltr'><strong>iis</strong></span> <span class='ocrx_word' id='word_1_434' title='bbox 759 3237 944 3304; x_wconf 89' lang='lat' dir='ltr'><strong>etiam,</strong></span> <span class='ocrx_word' id='word_1_435' title='bbox 981 3237 1074 3307; x_wconf 93' lang='lat' dir='ltr'><strong>qui</strong></span> <span class='ocrx_word' id='word_1_436' title='bbox 1108 3237 1351 3292; x_wconf 91' lang='lat' dir='ltr'><strong>minimis</strong></span> <span class='ocrx_word' id='word_1_437' title='bbox 1403 3239 1457 3292; x_wconf 86' lang='lat' dir='ltr'><strong>in</strong></span> <span class='ocrx_word' id='word_1_438' title='bbox 1503 3240 1670 3296; x_wconf 76' lang='lat' dir='ltr'><strong>nebus</strong></span> <span class='ocrx_word' id='word_1_439' title='bbox 1715 3241 2040 3310; x_wconf 88' lang='lat' dir='ltr'><strong>delinquunt</strong></span> <span class='ocrx_word' id='word_1_440' title='bbox 2071 3257 2086 3296; x_wconf 88' lang='lat'><strong>:</strong></span> 
     </span>
    </p>
   </div>
   <div class='ocr_carea' id='block_1_63' title="bbox 508 3328 2090 3401">
    <p class='ocr_par' dir='ltr' id='par_1_63' title="bbox 508 3328 2090 3401">
     <span class='ocr_line' id='line_1_63' title="bbox 508 3328 2090 3401; baseline 0.002 -18"><span class='ocrx_word' id='word_1_441' title='bbox 508 3338 563 3383; x_wconf 92' lang='lat' dir='ltr'><strong>et</strong></span> <span class='ocrx_word' id='word_1_442' title='bbox 601 3329 750 3383; x_wconf 91' lang='lat' dir='ltr'><strong>omni</strong></span> <span class='ocrx_word' id='word_1_443' title='bbox 781 3328 960 3384; x_wconf 82' lang='lat' dir='ltr'><strong>studio</strong></span> <span class='ocrx_word' id='word_1_444' title='bbox 987 3329 1194 3383; x_wconf 87' lang='lat' dir='ltr'><strong>enitere</strong></span> <span class='ocrx_word' id='word_1_445' title='bbox 1215 3369 1231 3395; x_wconf 95' lang='lat'><strong>,</strong></span> <span class='ocrx_word' id='word_1_446' title='bbox 1263 3341 1324 3384; x_wconf 89' lang='lat' dir='ltr'><strong>ut</strong></span> <span class='ocrx_word' id='word_1_447' title='bbox 1348 3328 1428 3384; x_wconf 80' lang='lat' dir='ltr'><strong>vir</strong></span> <span class='ocrx_word' id='word_1_448' title='bbox 1451 3329 1529 3386; x_wconf 86' lang='lat' dir='ltr'><strong>sis</strong></span> <span class='ocrx_word' id='word_1_449' title='bbox 1568 3340 1891 3386; x_wconf 88' lang='lat' dir='ltr'><strong>mansuetus</strong></span> <span class='ocrx_word' id='word_1_450' title='bbox 1927 3339 2090 3401; x_wconf 88' lang='lat' dir='ltr'><strong>atque</strong></span> 
     </span>
    </p>
   </div>
   <div class='ocr_carea' id='block_1_64' title="bbox 506 3421 2090 3492">
    <p class='ocr_par' dir='ltr' id='par_1_64' title="bbox 506 3421 2090 3492">
     <span class='ocr_line' id='line_1_64' title="bbox 506 3421 2090 3492; baseline 0.001 -16"><span class='ocrx_word' id='word_1_451' title='bbox 506 3421 928 3492; x_wconf 81' lang='lat' dir='ltr'><strong>magnanimus;</strong></span> <span class='ocrx_word' id='word_1_452' title='bbox 969 3437 1034 3476; x_wconf 81' lang='lat' dir='ltr'><strong>ne</strong></span> <span class='ocrx_word' id='word_1_453' title='bbox 1064 3430 1115 3476; x_wconf 82' lang='lat' dir='ltr'><strong>te</strong></span> <span class='ocrx_word' id='word_1_454' title='bbox 1155 3434 1377 3492; x_wconf 87' lang='lat' dir='ltr'><strong>quoque</strong></span> <span class='ocrx_word' id='word_1_455' title='bbox 1418 3437 1588 3478; x_wconf 64' lang='lat' dir='ltr'><strong>sacrae</strong></span> <span class='ocrx_word' id='word_1_456' title='bbox 1616 3423 1835 3478; x_wconf 76' lang='lat' dir='ltr'><strong>Littera:</strong></span> <span class='ocrx_word' id='word_1_457' title='bbox 1864 3425 2090 3479; x_wconf 88' lang='lat' dir='ltr'><strong>stultum</strong></span> 
     </span>
    </p>
   </div>
   <div class='ocr_carea' id='block_1_65' title="bbox 511 3511 2087 3585">
    <p class='ocr_par' dir='ltr' id='par_1_65' title="bbox 511 3511 2087 3585">
     <span class='ocr_line' id='line_1_65' title="bbox 511 3511 2087 3585; baseline 0.004 -21"><span class='ocrx_word' id='word_1_458' title='bbox 511 3513 1065 3585; x_wconf 74' lang='lat' dir='ltr'><strong>appellent.&#39;Aitenim</strong></span> <span class='ocrx_word' id='word_1_459' title='bbox 1095 3533 1108 3568; x_wconf 74' lang='grc' dir='ltr'><strong>ε</strong></span> <span class='ocrx_word' id='word_1_460' title='bbox 1147 3533 1166 3566; x_wconf 80' lang='grc' dir='ltr'><strong>ι</strong></span> <span class='ocrx_word' id='word_1_461' title='bbox 1193 3511 1332 3580; x_wconf 82' lang='lat' dir='ltr'><strong>Quia</strong></span> <span class='ocrx_word' id='word_1_462' title='bbox 1354 3512 1517 3570; x_wconf 60' lang='lat' dir='ltr'><strong>&quot;furor</strong></span> <span class='ocrx_word' id='word_1_463' title='bbox 1549 3515 1603 3569; x_wconf 95' lang='lat' dir='ltr'><strong>in</strong></span> <span class='ocrx_word' id='word_1_464' title='bbox 1637 3516 1763 3570; x_wconf 85' lang='lat' dir='ltr'><strong>sinu</strong></span> <span class='ocrx_word' id='word_1_465' title='bbox 1798 3516 2087 3572; x_wconf 80' lang='lat' dir='ltr'><strong>stultorum</strong></span> 
     </span>
    </p>
   </div>
   <div class='ocr_carea' id='block_1_66' title="bbox 512 3604 2092 3678">
    <p class='ocr_par' dir='ltr' id='par_1_66' title="bbox 512 3604 2092 3678">
     <span class='ocr_line' id='line_1_66' title="bbox 512 3604 2092 3678; baseline 0.002 -18"><span class='ocrx_word' id='word_1_466' title='bbox 512 3605 828 3675; x_wconf 65' lang='lat' dir='ltr'><strong>requiescit.</strong></span> <span class='ocrx_word' id='word_1_467' title='bbox 857 3623 880 3659; x_wconf 71' lang='grc' dir='ltr'><strong>υ</strong></span> <span class='ocrx_word' id='word_1_468' title='bbox 941 3605 1158 3660; x_wconf 75' lang='lat' dir='ltr'><strong>Idcirco</strong></span> <span class='ocrx_word' id='word_1_469' title='bbox 1181 3617 1236 3660; x_wconf 90' lang='lat' dir='ltr'><strong>et</strong></span> <span class='ocrx_word' id='word_1_470' title='bbox 1277 3604 1482 3662; x_wconf 86' lang='lat' dir='ltr'><strong>Paulus</strong></span> <span class='ocrx_word' id='word_1_471' title='bbox 1539 3622 1769 3676; x_wconf 79' lang='lat' dir='ltr'><strong>magnus</strong></span> <span class='ocrx_word' id='word_1_472' title='bbox 1813 3607 2092 3678; x_wconf 85' lang='lat' dir='ltr'><strong>apostolus</strong></span> 
     </span>
    </p>
   </div>
   <div class='ocr_carea' id='block_1_67' title="bbox 510 3684 2094 3769">
    <p class='ocr_par' dir='ltr' id='par_1_67' title="bbox 510 3684 2094 3769">
     <span class='ocr_line' id='line_1_67' title="bbox 510 3684 2094 3769; baseline 0.003 -19"><span class='ocrx_word' id='word_1_473' title='bbox 510 3695 746 3769; x_wconf 84' lang='lat' dir='ltr'><strong>quodam</strong></span> <span class='ocrx_word' id='word_1_474' title='bbox 802 3697 854 3749; x_wconf 80' lang='lat' dir='ltr'><strong>in</strong></span> <span class='ocrx_word' id='word_1_475' title='bbox 902 3684 1032 3749; x_wconf 44' lang='lat' dir='ltr'><strong>loco&#39;</strong></span> <span class='ocrx_word' id='word_1_476' title='bbox 1061 3695 1230 3750; x_wconf 88' lang='lat' dir='ltr'><strong>dicit:</strong></span> <span class='ocrx_word' id='word_1_477' title='bbox 1289 3715 1308 3748; x_wconf 73' lang='grc' dir='ltr'><strong>ι</strong></span> <span class='ocrx_word' id='word_1_478' title='bbox 1331 3695 1614 3752; x_wconf 74' lang='lat' dir='ltr'><strong>&#39;Modestia</strong></span> <span class='ocrx_word' id='word_1_479' title='bbox 1650 3707 1830 3752; x_wconf 84' lang='lat' dir='ltr'><strong>vestra</strong></span> <span class='ocrx_word' id='word_1_480' title='bbox 1861 3708 1990 3753; x_wconf 84' lang='lat' dir='ltr'><strong>nota</strong></span> <span class='ocrx_word' id='word_1_481' title='bbox 2024 3698 2094 3754; x_wconf 85' lang='lat' dir='ltr'><strong>sit</strong></span> 
     </span>
    </p>
   </div>
   <div class='ocr_carea' id='block_1_68' title="bbox 498 3773 2098 3842">
    <p class='ocr_par' dir='ltr' id='par_1_68' title="bbox 498 3773 2098 3842">
     <span class='ocr_line' id='line_1_68' title="bbox 498 3773 2098 3842; baseline 0.001 -3"><span class='ocrx_word' id='word_1_482' title='bbox 498 3787 773 3839; x_wconf 81' lang='lat' dir='ltr'><strong>omnibus</strong></span> <span class='ocrx_word' id='word_1_483' title='bbox 813 3783 1126 3840; x_wconf 84' lang='lat' dir='ltr'><strong>hominibus</strong></span> <span class='ocrx_word' id='word_1_484' title='bbox 1162 3785 1232 3839; x_wconf 79' lang='lat'><strong>&quot;.</strong></span> <span class='ocrx_word' id='word_1_485' title='bbox 1258 3783 1384 3840; x_wconf 67' lang='lat' dir='ltr'><strong>nllla</strong></span> <span class='ocrx_word' id='word_1_486' title='bbox 1425 3773 1572 3840; x_wconf 85' lang='lat' dir='ltr'><strong>enim</strong></span> <span class='ocrx_word' id='word_1_487' title='bbox 1613 3801 1798 3842; x_wconf 88' lang='lat' dir='ltr'><strong>rerum</strong></span> <span class='ocrx_word' id='word_1_488' title='bbox 1845 3787 2098 3842; x_wconf 89' lang='lat' dir='ltr'><strong>omnium</strong></span> 
     </span>
    </p>
   </div>
   <div class='ocr_carea' id='block_1_69' title="bbox 515 3877 2092 3950">
    <p class='ocr_par' dir='ltr' id='par_1_69' title="bbox 515 3877 2092 3950">
     <span class='ocr_line' id='line_1_69' title="bbox 515 3877 2092 3950; baseline 0.003 -20"><span class='ocrx_word' id='word_1_489' title='bbox 515 3877 796 3931; x_wconf 82' lang='lat' dir='ltr'><strong>tolerantia</strong></span> <span class='ocrx_word' id='word_1_490' title='bbox 819 3890 882 3930; x_wconf 90' lang='lat' dir='ltr'><strong>ac</strong></span> <span class='ocrx_word' id='word_1_491' title='bbox 904 3877 1184 3946; x_wconf 80' lang='lat' dir='ltr'><strong>patientia,</strong></span> <span class='ocrx_word' id='word_1_492' title='bbox 1209 3893 1331 3946; x_wconf 72' lang='lat' dir='ltr'><strong>quae</strong></span> <span class='ocrx_word' id='word_1_493' title='bbox 1356 3877 1678 3932; x_wconf 85' lang='lat' dir='ltr'><strong>modestiam</strong></span> <span class='ocrx_word' id='word_1_494' title='bbox 1736 3895 1949 3934; x_wconf 81' lang='lat' dir='ltr'><strong>morum</strong></span> <span class='ocrx_word' id='word_1_495' title='bbox 1985 3895 2092 3950; x_wconf 72' lang='lat' dir='ltr'><strong>pra:</strong></span> 
     </span>
    </p>
   </div>
   <div class='ocr_carea' id='block_1_70' title="bbox 513 3965 2091 4039">
    <p class='ocr_par' dir='ltr' id='par_1_70' title="bbox 513 3965 2091 4039">
     <span class='ocr_line' id='line_1_70' title="bbox 513 3965 2091 4039; baseline 0.001 -16"><span class='ocrx_word' id='word_1_496' title='bbox 513 3985 572 4024; x_wconf 87' lang='lat' dir='ltr'><strong>se</strong></span> <span class='ocrx_word' id='word_1_497' title='bbox 605 3967 712 4022; x_wconf 75' lang='lat' dir='ltr'><strong>fert</strong></span> <span class='ocrx_word' id='word_1_498' title='bbox 759 3978 812 4023; x_wconf 85' lang='lat' dir='ltr'><strong>et</strong></span> <span class='ocrx_word' id='word_1_499' title='bbox 846 3967 1203 4023; x_wconf 80' lang='lat' dir='ltr'><strong>aﬂ‘ectionum</strong></span> <span class='ocrx_word' id='word_1_500' title='bbox 1235 3965 1684 4036; x_wconf 70' lang='lat' dir='ltr'><strong>tranQuillitatem</strong></span> <span class='ocrx_word' id='word_1_501' title='bbox 1705 4007 1721 4032; x_wconf 94' lang='lat'><strong>,</strong></span> <span class='ocrx_word' id='word_1_502' title='bbox 1751 3985 1984 4039; x_wconf 89' lang='lat' dir='ltr'><strong>quorum</strong></span> <span class='ocrx_word' id='word_1_503' title='bbox 2036 3970 2091 4024; x_wconf 90' lang='lat' dir='ltr'><strong>in</strong></span> 
     </span>
    </p>
   </div>
   <div class='ocr_carea' id='block_1_71' title="bbox 511 4053 2094 4132">
    <p class='ocr_par' dir='ltr' id='par_1_71' title="bbox 511 4053 2094 4132">
     <span class='ocr_line' id='line_1_71' title="bbox 511 4053 2094 4132; baseline 0 -16"><span class='ocrx_word' id='word_1_504' title='bbox 511 4061 710 4116; x_wconf 67' lang='lat' dir='ltr'><strong>animis</strong></span> <span class='ocrx_word' id='word_1_505' title='bbox 765 4061 944 4132; x_wconf 77' lang='lat' dir='ltr'><strong>riget,</strong></span> <span class='ocrx_word' id='word_1_506' title='bbox 1003 4061 1057 4114; x_wconf 90' lang='lat' dir='ltr'><strong>in</strong></span> <span class='ocrx_word' id='word_1_507' title='bbox 1103 4061 1171 4116; x_wconf 81' lang='lat' dir='ltr'><strong>iis</strong></span> <span class='ocrx_word' id='word_1_508' title='bbox 1207 4059 1450 4130; x_wconf 75' lang='lat' dir='ltr'><strong>reginam</strong></span> <span class='ocrx_word' id='word_1_509' title='bbox 1500 4053 1889 4132; x_wconf 87' lang='lat' dir='ltr'><strong>dominamque</strong></span> <span class='ocrx_word' id='word_1_510' title='bbox 1924 4061 2094 4117; x_wconf 87' lang='lat' dir='ltr'><strong>virtu-</strong></span> 
     </span>
    </p>
   </div>
   <div class='ocr_carea' id='block_1_72' title="bbox 500 4151 2090 4220">
    <p class='ocr_par' dir='ltr' id='par_1_72' title="bbox 500 4151 2090 4220">
     <span class='ocr_line' id='line_1_72' title="bbox 500 4151 2090 4220; baseline 0.003 -15"><span class='ocrx_word' id='word_1_511' title='bbox 500 4161 627 4206; x_wconf 74' lang='lat' dir='ltr'><strong>tum</strong></span> <span class='ocrx_word' id='word_1_512' title='bbox 669 4152 913 4206; x_wconf 88' lang='lat' dir='ltr'><strong>omnium</strong></span> <span class='ocrx_word' id='word_1_513' title='bbox 963 4151 1145 4207; x_wconf 89' lang='lat' dir='ltr'><strong>inesse</strong></span> <span class='ocrx_word' id='word_1_514' title='bbox 1173 4157 1446 4219; x_wconf 84' lang='lat' dir='ltr'><strong>testatur,</strong></span> <span class='ocrx_word' id='word_1_515' title='bbox 1485 4151 1832 4220; x_wconf 83' lang='lat' dir='ltr'><strong>prudentiam</strong></span> <span class='ocrx_word' id='word_1_516' title='bbox 1863 4155 2090 4210; x_wconf 88' lang='lat' dir='ltr'><strong>scilicet.</strong></span> 
     </span>
    </p>
   </div>
   <div class='ocr_carea' id='block_1_73' title="bbox 2183 3050 3794 3143">
    <p class='ocr_par' dir='ltr' id='par_1_73' title="bbox 2183 3050 3794 3143">
     <span class='ocr_line' id='line_1_73' title="bbox 2183 3050 3794 3143; baseline -0.002 -33"><span class='ocrx_word' id='word_1_517' title='bbox 2183 3055 2438 3112; x_wconf 75' lang='grc' dir='ltr'>ἑκούσιον</span> <span class='ocrx_word' id='word_1_518' title='bbox 2463 3055 2691 3143; x_wconf 75' lang='grc' dir='ltr'>γνῶμην</span> <span class='ocrx_word' id='word_1_519' title='bbox 2710 3054 3030 3108; x_wconf 81' lang='grc' dir='ltr'>ἑαλωκότων</span> <span class='ocrx_word' id='word_1_520' title='bbox 3055 3069 3072 3086; x_wconf 77' lang='grc' dir='ltr'><strong>ο</strong></span> <span class='ocrx_word' id='word_1_521' title='bbox 3106 3052 3222 3107; x_wconf 85' lang='grc' dir='ltr'>ἀλλ’</span> <span class='ocrx_word' id='word_1_522' title='bbox 3251 3054 3378 3107; x_wconf 85' lang='grc' dir='ltr'>ὅσον</span> <span class='ocrx_word' id='word_1_523' title='bbox 3395 3050 3506 3107; x_wconf 78' lang='grc' dir='ltr'>οἷόν</span> <span class='ocrx_word' id='word_1_524' title='bbox 3535 3058 3599 3108; x_wconf 78' lang='grc' dir='ltr'><strong><em>τὲ</em></strong></span> <span class='ocrx_word' id='word_1_525' title='bbox 3637 3057 3794 3122; x_wconf 80' lang='grc' dir='ltr'>ἐστι,</span> 
     </span>
    </p>
   </div>
   <div class='ocr_carea' id='block_1_74' title="bbox 2193 3145 3795 3220">
    <p class='ocr_par' dir='ltr' id='par_1_74' title="bbox 2193 3145 3795 3220">
     <span class='ocr_line' id='line_1_74' title="bbox 2193 3145 3795 3220; baseline -0.003 -18"><span class='ocrx_word' id='word_1_526' title='bbox 2193 3147 2550 3220; x_wconf 84' lang='grc' dir='ltr'>μακρόθυμος</span> <span class='ocrx_word' id='word_1_527' title='bbox 2581 3147 2838 3220; x_wconf 83' lang='grc' dir='ltr'>εὑρέθητι</span> <span class='ocrx_word' id='word_1_528' title='bbox 2880 3145 2978 3198; x_wconf 75' lang='grc' dir='ltr'>καὶ</span> <span class='ocrx_word' id='word_1_529' title='bbox 3013 3145 3484 3214; x_wconf 77' lang='grc' dir='ltr'>συγγνωμονικός,</span> <span class='ocrx_word' id='word_1_530' title='bbox 3516 3145 3615 3198; x_wconf 72' lang='grc' dir='ltr'>καὶ</span> <span class='ocrx_word' id='word_1_531' title='bbox 3645 3145 3795 3216; x_wconf 78' lang='grc' dir='ltr'>πρὸς</span> 
     </span>
    </p>
   </div>
   <div class='ocr_carea' id='block_1_75' title="bbox 2190 3235 3792 3308">
    <p class='ocr_par' dir='ltr' id='par_1_75' title="bbox 2190 3235 3792 3308">
     <span class='ocr_line' id='line_1_75' title="bbox 2190 3235 3792 3308; baseline -0.002 -13"><span class='ocrx_word' id='word_1_532' title='bbox 2190 3241 2392 3303; x_wconf 78' lang='grc' dir='ltr'>αὐτοὺς</span> <span class='ocrx_word' id='word_1_533' title='bbox 2421 3240 2548 3302; x_wconf 83' lang='grc' dir='ltr'>τοὺς</span> <span class='ocrx_word' id='word_1_534' title='bbox 2572 3238 2642 3290; x_wconf 86' lang='grc' dir='ltr'>τὰ</span> <span class='ocrx_word' id='word_1_535' title='bbox 2679 3237 2942 3308; x_wconf 74' lang='grc' dir='ltr'>ἐλάχιστα</span> <span class='ocrx_word' id='word_1_536' title='bbox 2964 3235 3448 3305; x_wconf 82' lang='grc' dir='ltr'>πλημμελοῦντας,</span> <span class='ocrx_word' id='word_1_537' title='bbox 3484 3235 3584 3289; x_wconf 69' lang='grc' dir='ltr'>καὶ</span> <span class='ocrx_word' id='word_1_538' title='bbox 3625 3235 3792 3307; x_wconf 82' lang='grc' dir='ltr'>πάσῃ</span> 
     </span>
    </p>
   </div>
   <div class='ocr_carea' id='block_1_76' title="bbox 2190 3325 3788 3398">
    <p class='ocr_par' dir='ltr' id='par_1_76' title="bbox 2190 3325 3788 3398">
     <span class='ocr_line' id='line_1_76' title="bbox 2190 3325 3788 3398; baseline -0.004 -15"><span class='ocrx_word' id='word_1_539' title='bbox 2190 3329 2420 3398; x_wconf 83' lang='grc' dir='ltr'>δυνάμει</span> <span class='ocrx_word' id='word_1_540' title='bbox 2447 3329 2622 3398; x_wconf 84' lang='grc' dir='ltr'>πρᾶος</span> <span class='ocrx_word' id='word_1_541' title='bbox 2643 3327 2902 3397; x_wconf 80' lang='grc' dir='ltr'>εὑρίσκον</span> <span class='ocrx_word' id='word_1_542' title='bbox 2925 3327 3020 3379; x_wconf 77' lang='grc' dir='ltr'>καὶ</span> <span class='ocrx_word' id='word_1_543' title='bbox 3045 3325 3425 3396; x_wconf 72' lang='grc' dir='ltr'>μεγαλόψυχος</span> <span class='ocrx_word' id='word_1_544' title='bbox 3447 3325 3753 3396; x_wconf 75' lang='grc' dir='ltr'>ἄνθρωπος</span> <span class='ocrx_word' id='word_1_545' title='bbox 3769 3339 3788 3356; x_wconf 79' lang='grc'><strong><em>⁸</em></strong></span> 
     </span>
    </p>
   </div>
   <div class='ocr_carea' id='block_1_77' title="bbox 2191 3417 3791 3492">
    <p class='ocr_par' dir='ltr' id='par_1_77' title="bbox 2191 3417 3791 3492">
     <span class='ocr_line' id='line_1_77' title="bbox 2191 3417 3791 3492; baseline -0.003 -18"><span class='ocrx_word' id='word_1_546' title='bbox 2191 3423 2280 3474; x_wconf 75' lang='grc' dir='ltr'><strong>ἵνα</strong></span> <span class='ocrx_word' id='word_1_547' title='bbox 2309 3419 2386 3492; x_wconf 75' lang='grc' dir='ltr'>μὴ</span> <span class='ocrx_word' id='word_1_548' title='bbox 2415 3421 2510 3472; x_wconf 77' lang='grc' dir='ltr'>καὶ</span> <span class='ocrx_word' id='word_1_549' title='bbox 2550 3419 2616 3472; x_wconf 78' lang='grc' dir='ltr'>σὺ</span> <span class='ocrx_word' id='word_1_550' title='bbox 2677 3419 2830 3488; x_wconf 76' lang='grc' dir='ltr'>παρὰ</span> <span class='ocrx_word' id='word_1_551' title='bbox 2851 3417 2950 3488; x_wconf 85' lang='grc' dir='ltr'>τῆς</span> <span class='ocrx_word' id='word_1_552' title='bbox 2981 3417 3134 3482; x_wconf 86' lang='grc' dir='ltr'>θείας</span> <span class='ocrx_word' id='word_1_553' title='bbox 3172 3418 3398 3489; x_wconf 81' lang='grc' dir='ltr'>Γραφῆς</span> <span class='ocrx_word' id='word_1_554' title='bbox 3429 3417 3624 3488; x_wconf 80' lang='grc' dir='ltr'>ἄφρων</span> <span class='ocrx_word' id='word_1_555' title='bbox 3659 3418 3791 3471; x_wconf 81' lang='grc' dir='ltr'>ὀνο-</span> 
     </span>
    </p>
   </div>
   <div class='ocr_carea' id='block_1_78' title="bbox 2193 3509 3788 3584">
    <p class='ocr_par' dir='ltr' id='par_1_78' title="bbox 2193 3509 3788 3584">
     <span class='ocr_line' id='line_1_78' title="bbox 2193 3509 3788 3584; baseline -0.003 -18"><span class='ocrx_word' id='word_1_556' title='bbox 2193 3511 2432 3584; x_wconf 78' lang='grc' dir='ltr'>μασθῇς.</span> <span class='ocrx_word' id='word_1_557' title='bbox 2465 3510 2608 3582; x_wconf 76' lang='grc' dir='ltr'>Φησὶ</span> <span class='ocrx_word' id='word_1_558' title='bbox 2633 3510 2766 3581; x_wconf 80' lang='grc' dir='ltr'>γὰρ,</span> <span class='ocrx_word' id='word_1_559' title='bbox 2809 3529 2828 3561; x_wconf 75' lang='grc' dir='ltr'><strong>ι</strong></span> <span class='ocrx_word' id='word_1_560' title='bbox 2857 3509 2982 3564; x_wconf 83' lang='grc' dir='ltr'>Ὅτι</span> <span class='ocrx_word' id='word_1_561' title='bbox 3009 3509 3182 3580; x_wconf 79' lang='grc' dir='ltr'>θυμὸς</span> <span class='ocrx_word' id='word_1_562' title='bbox 3210 3511 3268 3562; x_wconf 81' lang='grc' dir='ltr'>ὲν</span> <span class='ocrx_word' id='word_1_563' title='bbox 3297 3509 3484 3580; x_wconf 80' lang='grc' dir='ltr'>κόλπῳ</span> <span class='ocrx_word' id='word_1_564' title='bbox 3518 3509 3788 3582; x_wconf 84' lang='grc' dir='ltr'>ἀφρόνων</span> 
     </span>
    </p>
   </div>
   <div class='ocr_carea' id='block_1_79' title="bbox 2189 3599 3787 3676">
    <p class='ocr_par' dir='ltr' id='par_1_79' title="bbox 2189 3599 3787 3676">
     <span class='ocr_line' id='line_1_79' title="bbox 2189 3599 3787 3676; baseline -0.003 -17"><span class='ocrx_word' id='word_1_565' title='bbox 2189 3605 2554 3660; x_wconf 77' lang='grc' dir='ltr'>ἀναπαύεται.</span> <span class='ocrx_word' id='word_1_566' title='bbox 2591 3623 2615 3657; x_wconf 69' lang='grc' dir='ltr'><strong>ο</strong></span> <span class='ocrx_word' id='word_1_567' title='bbox 2645 3603 2744 3657; x_wconf 80' lang='grc' dir='ltr'><strong>Διὰ</strong></span> <span class='ocrx_word' id='word_1_568' title='bbox 2769 3601 2934 3656; x_wconf 88' lang='grc' dir='ltr'>τοῦτο</span> <span class='ocrx_word' id='word_1_569' title='bbox 2959 3601 3093 3676; x_wconf 83' lang='grc' dir='ltr'>φησί</span> <span class='ocrx_word' id='word_1_570' title='bbox 3121 3617 3226 3655; x_wconf 85' lang='grc' dir='ltr'><strong>που</strong></span> <span class='ocrx_word' id='word_1_571' title='bbox 3257 3601 3358 3674; x_wconf 23' lang='grc' dir='ltr'>,καὶ</span> <span class='ocrx_word' id='word_1_572' title='bbox 3387 3599 3600 3664; x_wconf 85' lang='grc' dir='ltr'>Παῦλος</span> <span class='ocrx_word' id='word_1_573' title='bbox 3623 3601 3654 3654; x_wconf 86' lang='grc' dir='ltr'><strong>ό</strong></span> <span class='ocrx_word' id='word_1_574' title='bbox 3679 3601 3787 3671; x_wconf 83' lang='grc' dir='ltr'><strong>μὲ-</strong></span> 
     </span>
    </p>
   </div>
   <div class='ocr_carea' id='block_1_80' title="bbox 2191 3691 3842 3767">
    <p class='ocr_par' dir='ltr' id='par_1_80' title="bbox 2191 3691 3842 3767">
     <span class='ocr_line' id='line_1_80' title="bbox 2191 3691 3842 3767; baseline -0.004 -17"><span class='ocrx_word' id='word_1_575' title='bbox 2191 3715 2296 3767; x_wconf 88' lang='grc' dir='ltr'><strong>γας</strong></span> <span class='ocrx_word' id='word_1_576' title='bbox 2349 3696 2656 3760; x_wconf 78' lang='grc' dir='ltr'>ἀπόστολος</span> <span class='ocrx_word' id='word_1_577' title='bbox 2694 3713 2709 3728; x_wconf 80' lang='grc' dir='ltr'><strong><em>ο</em></strong></span> <span class='ocrx_word' id='word_1_578' title='bbox 2744 3713 2766 3746; x_wconf 70' lang='grc'><strong>4</strong></span> <span class='ocrx_word' id='word_1_579' title='bbox 2820 3692 2896 3765; x_wconf 62' lang='lat' dir='ltr'><strong>To</strong></span> <span class='ocrx_word' id='word_1_580' title='bbox 2962 3694 3208 3759; x_wconf 73' lang='grc' dir='ltr'>ἐπιεικὲς</span> <span class='ocrx_word' id='word_1_581' title='bbox 3265 3693 3419 3762; x_wconf 81' lang='grc' dir='ltr'>ὑμῶν</span> <span class='ocrx_word' id='word_1_582' title='bbox 3470 3691 3783 3762; x_wconf 76' lang='grc' dir='ltr'>γνωσθήτω</span> <span class='ocrx_word' id='word_1_583' title='bbox 3833 3745 3842 3750; x_wconf 95' lang='lat'>_</span> 
     </span>
    </p>
   </div>
   <div class='ocr_carea' id='block_1_81' title="bbox 2194 3767 3782 3858">
    <p class='ocr_par' dir='ltr' id='par_1_81' title="bbox 2194 3767 3782 3858">
     <span class='ocr_line' id='line_1_81' title="bbox 2194 3767 3782 3858; baseline -0.004 -16"><span class='ocrx_word' id='word_1_584' title='bbox 2194 3791 2359 3842; x_wconf 83' lang='grc' dir='ltr'>πᾶσιν</span> <span class='ocrx_word' id='word_1_585' title='bbox 2387 3786 2721 3858; x_wconf 79' lang='grc' dir='ltr'>ἀνθρώποις.</span> <span class='ocrx_word' id='word_1_586' title='bbox 2753 3806 2770 3838; x_wconf 75' lang='grc' dir='ltr'><strong>ι</strong></span> <span class='ocrx_word' id='word_1_587' title='bbox 2820 3767 2885 3839; x_wconf 76' lang='grc' dir='ltr'><strong><em>Ἦ</em></strong></span> <span class='ocrx_word' id='word_1_588' title='bbox 2914 3784 3024 3856; x_wconf 83' lang='grc' dir='ltr'><strong>γάρ</strong></span> <span class='ocrx_word' id='word_1_589' title='bbox 3055 3786 3114 3839; x_wconf 77' lang='grc' dir='ltr'>ὲν</span> <span class='ocrx_word' id='word_1_590' title='bbox 3153 3786 3322 3838; x_wconf 80' lang='grc' dir='ltr'>πᾶσιν</span> <span class='ocrx_word' id='word_1_591' title='bbox 3351 3785 3531 3854; x_wconf 59' lang='grc' dir='ltr'>ἁνοχὴ.</span> <span class='ocrx_word' id='word_1_592' title='bbox 3549 3784 3646 3837; x_wconf 80' lang='grc' dir='ltr'>καὶ</span> <span class='ocrx_word' id='word_1_593' title='bbox 3666 3801 3782 3854; x_wconf 83' lang='grc' dir='ltr'>μα-</span> 
     </span>
    </p>
   </div>
   <div class='ocr_carea' id='block_1_82' title="bbox 2191 3875 3778 3952">
    <p class='ocr_par' dir='ltr' id='par_1_82' title="bbox 2191 3875 3778 3952">
     <span class='ocr_line' id='line_1_82' title="bbox 2191 3875 3778 3952; baseline -0.004 -18"><span class='ocrx_word' id='word_1_594' title='bbox 2191 3880 2490 3952; x_wconf 84' lang='grc' dir='ltr'>κροθυμία,</span> <span class='ocrx_word' id='word_1_595' title='bbox 2516 3879 2616 3951; x_wconf 74' lang='grc' dir='ltr'>τὴν</span> <span class='ocrx_word' id='word_1_596' title='bbox 2643 3881 2950 3932; x_wconf 77' lang='grc' dir='ltr'>ἐπιείκειαν</span> <span class='ocrx_word' id='word_1_597' title='bbox 2965 3878 3207 3932; x_wconf 80' lang='grc' dir='ltr'>ἐνδεικνυ</span> <span class='ocrx_word' id='word_1_598' title='bbox 3215 3878 3353 3950; x_wconf 83' lang='grc' dir='ltr'>μὲνη</span> <span class='ocrx_word' id='word_1_599' title='bbox 3369 3878 3477 3932; x_wconf 86' lang='grc' dir='ltr'><strong>τῶν</strong></span> <span class='ocrx_word' id='word_1_600' title='bbox 3499 3875 3644 3947; x_wconf 67' lang='grc' dir='ltr'>ἠθῶν</span> <span class='ocrx_word' id='word_1_601' title='bbox 3669 3875 3778 3929; x_wconf 75' lang='grc' dir='ltr'>καὶ</span> 
     </span>
    </p>
   </div>
   <div class='ocr_carea' id='block_1_83' title="bbox 2193 3968 3779 4044">
    <p class='ocr_par' dir='ltr' id='par_1_83' title="bbox 2193 3968 3779 4044">
     <span class='ocr_line' id='line_1_83' title="bbox 2193 3968 3779 4044; baseline -0.006 -15"><span class='ocrx_word' id='word_1_602' title='bbox 2193 3975 2586 4030; x_wconf 85' lang='grc' dir='ltr'>καταστάσεων</span> <span class='ocrx_word' id='word_1_603' title='bbox 2614 3973 2716 4043; x_wconf 81' lang='grc' dir='ltr'>τῆς</span> <span class='ocrx_word' id='word_1_604' title='bbox 2737 3973 2939 4044; x_wconf 74' lang='grc' dir='ltr'>ψυχῆς,</span> <span class='ocrx_word' id='word_1_605' title='bbox 2968 3971 3064 4042; x_wconf 77' lang='grc' dir='ltr'>τὴν</span> <span class='ocrx_word' id='word_1_606' title='bbox 3091 3971 3527 4042; x_wconf 77' lang='grc' dir='ltr'>βασιλικωτάτην</span> <span class='ocrx_word' id='word_1_607' title='bbox 3551 3968 3648 4023; x_wconf 76' lang='grc' dir='ltr'>καὶ</span> <span class='ocrx_word' id='word_1_608' title='bbox 3671 3971 3779 4037; x_wconf 80' lang='grc' dir='ltr'>τὴν</span> 
     </span>
    </p>
   </div>
   <div class='ocr_carea' id='block_1_84' title="bbox 2193 4059 3780 4138">
    <p class='ocr_par' dir='ltr' id='par_1_84' title="bbox 2193 4059 3780 4138">
     <span class='ocr_line' id='line_1_84' title="bbox 2193 4059 3780 4138; baseline -0.008 -18"><span class='ocrx_word' id='word_1_609' title='bbox 2193 4065 2543 4138; x_wconf 85' lang='grc' dir='ltr'>κυριωτάτην</span> <span class='ocrx_word' id='word_1_610' title='bbox 2595 4065 2706 4120; x_wconf 82' lang='grc' dir='ltr'><strong>τῶν</strong></span> <span class='ocrx_word' id='word_1_611' title='bbox 2763 4063 2998 4133; x_wconf 85' lang='grc' dir='ltr'>γενικῶν</span> <span class='ocrx_word' id='word_1_612' title='bbox 3041 4061 3252 4134; x_wconf 83' lang='grc' dir='ltr'>ἀρετῶν</span> <span class='ocrx_word' id='word_1_613' title='bbox 3301 4061 3631 4130; x_wconf 84' lang='grc' dir='ltr'>ἐνυπάρχειν</span> <span class='ocrx_word' id='word_1_614' title='bbox 3657 4059 3780 4118; x_wconf 84' lang='grc' dir='ltr'>τοῖς</span> 
     </span>
    </p>
   </div>
   <div class='ocr_carea' id='block_1_85' title="bbox 2191 4150 3777 4228">
    <p class='ocr_par' dir='ltr' id='par_1_85' title="bbox 2191 4150 3777 4228">
     <span class='ocr_line' id='line_1_85' title="bbox 2191 4150 3777 4228; baseline -0.008 -17"><span class='ocrx_word' id='word_1_615' title='bbox 2191 4156 2457 4222; x_wconf 83' lang='grc' dir='ltr'>τοιούτοις</span> <span class='ocrx_word' id='word_1_616' title='bbox 2513 4157 2774 4228; x_wconf 80' lang='grc' dir='ltr'>κηρύττει</span> <span class='ocrx_word' id='word_1_617' title='bbox 2799 4195 2814 4219; x_wconf 89' lang='grc'><strong>,</strong></span> <span class='ocrx_word' id='word_1_618' title='bbox 2839 4153 3082 4223; x_wconf 84' lang='grc' dir='ltr'>δηλονότι</span> <span class='ocrx_word' id='word_1_619' title='bbox 3137 4151 3236 4222; x_wconf 72' lang='grc' dir='ltr'>τὴν</span> <span class='ocrx_word' id='word_1_620' title='bbox 3280 4151 3564 4222; x_wconf 88' lang='grc' dir='ltr'>φρόνησιν.</span> <span class='ocrx_word' id='word_1_621' title='bbox 3601 4150 3777 4202; x_wconf 82' lang='grc' dir='ltr'>Ὥστε</span> 
     </span>
    </p>
   </div>
   <div class='ocr_carea' id='block_1_86' title="bbox 511 4233 2089 4322">
    <p class='ocr_par' dir='ltr' id='par_1_86' title="bbox 511 4241 2088 4318">
     <span class='ocr_line' id='line_1_86' title="bbox 511 4241 2088 4318; baseline 0.001 -18"><span class='ocrx_word' id='word_1_622' title='bbox 511 4244 878 4311; x_wconf 82' lang='lat' dir='ltr'><strong>Quamobrem</strong></span> <span class='ocrx_word' id='word_1_623' title='bbox 911 4251 1164 4314; x_wconf 83' lang='lat' dir='ltr'><strong>oportet,</strong></span> <span class='ocrx_word' id='word_1_624' title='bbox 1208 4249 1270 4297; x_wconf 90' lang='lat' dir='ltr'><strong>ut</strong></span> <span class='ocrx_word' id='word_1_625' title='bbox 1309 4241 1406 4313; x_wconf 91' lang='lat' dir='ltr'><strong>qui</strong></span> <span class='ocrx_word' id='word_1_626' title='bbox 1447 4243 1734 4314; x_wconf 76' lang='lat' dir='ltr'><strong>prudentia</strong></span> <span class='ocrx_word' id='word_1_627' title='bbox 1767 4245 2006 4318; x_wconf 75' lang='lat' dir='ltr'><strong>regitur,</strong></span> <span class='ocrx_word' id='word_1_628' title='bbox 2040 4249 2088 4302; x_wconf 86' lang='lat' dir='ltr'><strong>is</strong></span> 
     </span>
    </p>
   </div>
   <div class='ocr_carea' id='block_1_87' title="bbox 2189 4233 3778 4322">
    <p class='ocr_par' dir='ltr' id='par_1_87' title="bbox 2193 4233 3778 4320">
     <span class='ocr_line' id='line_1_87' title="bbox 2193 4233 3778 4320; baseline -0.008 -19"><span class='ocrx_word' id='word_1_629' title='bbox 2193 4247 2578 4320; x_wconf 77' lang='grc' dir='ltr'>’προσήκειτὸν</span> <span class='ocrx_word' id='word_1_630' title='bbox 2614 4245 2718 4299; x_wconf 72' lang='grc' dir='ltr'><strong>ὑπὸ</strong></span> <span class='ocrx_word' id='word_1_631' title='bbox 2749 4233 3060 4314; x_wconf 82' lang='grc' dir='ltr'>φρονήσεως</span> <span class='ocrx_word' id='word_1_632' title='bbox 3097 4237 3430 4308; x_wconf 86' lang='grc' dir='ltr'>ίθυνόμενον,</span> <span class='ocrx_word' id='word_1_633' title='bbox 3464 4237 3600 4306; x_wconf 79' lang='grc' dir='ltr'>μηδὲ</span> <span class='ocrx_word' id='word_1_634' title='bbox 3631 4237 3778 4308; x_wconf 84' lang='grc' dir='ltr'>πρὸς</span> 
     </span>
    </p>
   </div>
   <div class='ocr_carea' id='block_1_88' title="bbox 513 4329 2090 4404">
    <p class='ocr_par' dir='ltr' id='par_1_88' title="bbox 513 4329 2090 4404">
     <span class='ocr_line' id='line_1_88' title="bbox 513 4329 2090 4404; baseline 0.005 -16"><span class='ocrx_word' id='word_1_635' title='bbox 513 4349 581 4389; x_wconf 89' lang='lat' dir='ltr'><strong>ne</strong></span> <span class='ocrx_word' id='word_1_636' title='bbox 609 4333 872 4404; x_wconf 85' lang='lat' dir='ltr'><strong>improbis</strong></span> <span class='ocrx_word' id='word_1_637' title='bbox 903 4333 1123 4404; x_wconf 83' lang='lat' dir='ltr'><strong>quidem</strong></span> <span class='ocrx_word' id='word_1_638' title='bbox 1151 4341 1205 4387; x_wconf 92' lang='lat' dir='ltr'><strong>et</strong></span> <span class='ocrx_word' id='word_1_639' title='bbox 1225 4333 1407 4403; x_wconf 88' lang='lat' dir='ltr'><strong>impiis</strong></span> <span class='ocrx_word' id='word_1_640' title='bbox 1429 4329 1486 4388; x_wconf 75' lang='lat' dir='ltr'><strong>et</strong></span> <span class='ocrx_word' id='word_1_641' title='bbox 1516 4335 1698 4392; x_wconf 81' lang='lat' dir='ltr'><strong>avaris</strong></span> <span class='ocrx_word' id='word_1_642' title='bbox 1726 4346 1781 4391; x_wconf 91' lang='lat' dir='ltr'><strong>et</strong></span> <span class='ocrx_word' id='word_1_643' title='bbox 1801 4338 2090 4396; x_wconf 87' lang='lat' dir='ltr'><strong>homicidis</strong></span> 
     </span>
    </p>
   </div>
   <div class='ocr_carea' id='block_1_89' title="bbox 513 4423 2092 4500">
    <p class='ocr_par' dir='ltr' id='par_1_89' title="bbox 513 4423 2092 4500">
     <span class='ocr_line' id='line_1_89' title="bbox 513 4423 2092 4500; baseline 0.006 -23"><span class='ocrx_word' id='word_1_644' title='bbox 513 4425 894 4496; x_wconf 73' lang='lat' dir='ltr'><strong>properantius</strong></span> <span class='ocrx_word' id='word_1_645' title='bbox 929 4432 1288 4488; x_wconf 82' lang='lat' dir='ltr'><strong>succenseat.</strong></span> <span class='ocrx_word' id='word_1_646' title='bbox 1325 4432 1380 4479; x_wconf 89' lang='lat' dir='ltr'><strong>et</strong></span> <span class='ocrx_word' id='word_1_647' title='bbox 1431 4423 1589 4480; x_wconf 79' lang='lat' dir='ltr'><strong>facile</strong></span> <span class='ocrx_word' id='word_1_648' title='bbox 1638 4428 1970 4500; x_wconf 75' lang='lat' dir='ltr'><strong>indignetur.</strong></span> <span class='ocrx_word' id='word_1_649' title='bbox 2024 4434 2092 4486; x_wconf 82' lang='lat' dir='ltr'><strong>At</strong></span> 
     </span>
    </p>
   </div>
   <div class='ocr_carea' id='block_1_90' title="bbox 515 4515 2093 4587">
    <p class='ocr_par' dir='ltr' id='par_1_90' title="bbox 515 4515 2093 4587">
     <span class='ocr_line' id='line_1_90' title="bbox 515 4515 2093 4587; baseline 0.004 -17"><span class='ocrx_word' id='word_1_650' title='bbox 515 4519 606 4570; x_wconf 78' lang='lat' dir='ltr'><strong>ubi</strong></span> <span class='ocrx_word' id='word_1_651' title='bbox 636 4534 736 4572; x_wconf 84' lang='lat' dir='ltr'><strong>nec</strong></span> <span class='ocrx_word' id='word_1_652' title='bbox 769 4517 1096 4571; x_wconf 79' lang='lat' dir='ltr'><strong>auctoritate</strong></span> <span class='ocrx_word' id='word_1_653' title='bbox 1127 4515 1454 4587; x_wconf 87' lang='lat' dir='ltr'><strong>quidquam,</strong></span> <span class='ocrx_word' id='word_1_654' title='bbox 1487 4535 1586 4574; x_wconf 84' lang='lat' dir='ltr'><strong>nec</strong></span> <span class='ocrx_word' id='word_1_655' title='bbox 1610 4515 1927 4576; x_wconf 89' lang='lat' dir='ltr'><strong>mitioribus</strong></span> <span class='ocrx_word' id='word_1_656' title='bbox 1959 4536 2093 4578; x_wconf 85' lang='lat' dir='ltr'><strong>con-</strong></span> 
     </span>
    </p>
   </div>
   <div class='ocr_carea' id='block_1_91' title="bbox 510 4605 2094 4668">
    <p class='ocr_par' dir='ltr' id='par_1_91' title="bbox 510 4605 2094 4668">
     <span class='ocr_line' id='line_1_91' title="bbox 510 4605 2094 4668; baseline 0.005 -7"><span class='ocrx_word' id='word_1_657' title='bbox 510 4605 654 4661; x_wconf 79' lang='lat' dir='ltr'><strong>ciliis</strong></span> <span class='ocrx_word' id='word_1_658' title='bbox 691 4615 786 4661; x_wconf 88' lang='lat' dir='ltr'><strong>aut</strong></span> <span class='ocrx_word' id='word_1_659' title='bbox 840 4607 948 4660; x_wconf 89' lang='lat' dir='ltr'><strong>ulla</strong></span> <span class='ocrx_word' id='word_1_660' title='bbox 995 4621 1279 4663; x_wconf 87' lang='lat' dir='ltr'><strong>sacrarum</strong></span> <span class='ocrx_word' id='word_1_661' title='bbox 1320 4605 1663 4664; x_wconf 80' lang='lat' dir='ltr'><strong>Litterarum</strong></span> <span class='ocrx_word' id='word_1_662' title='bbox 1708 4611 2094 4668; x_wconf 79' lang='lat' dir='ltr'><strong>adhortatione</strong></span> 
     </span>
    </p>
   </div>
   <div class='ocr_carea' id='block_1_92' title="bbox 514 4696 2091 4763">
    <p class='ocr_par' dir='ltr' id='par_1_92' title="bbox 514 4696 2091 4763">
     <span class='ocr_line' id='line_1_92' title="bbox 514 4696 2091 4763; baseline 0.007 -15"><span class='ocrx_word' id='word_1_663' title='bbox 514 4698 764 4763; x_wconf 76' lang='lat' dir='ltr'><strong>deliniti&#39;,</strong></span> <span class='ocrx_word' id='word_1_664' title='bbox 811 4697 864 4750; x_wconf 89' lang='lat' dir='ltr'><strong>in</strong></span> <span class='ocrx_word' id='word_1_665' title='bbox 893 4697 1082 4752; x_wconf 84' lang='lat' dir='ltr'><strong>eadem</strong></span> <span class='ocrx_word' id='word_1_666' title='bbox 1115 4696 1192 4750; x_wconf 90' lang='lat' dir='ltr'><strong>illi</strong></span> <span class='ocrx_word' id='word_1_667' title='bbox 1225 4697 1506 4753; x_wconf 82' lang='lat' dir='ltr'><strong>voluntate</strong></span> <span class='ocrx_word' id='word_1_668' title='bbox 1551 4713 1608 4754; x_wconf 88' lang='lat' dir='ltr'><strong>se</strong></span> <span class='ocrx_word' id='word_1_669' title='bbox 1646 4716 1870 4756; x_wconf 87' lang='lat' dir='ltr'><strong>manere</strong></span> <span class='ocrx_word' id='word_1_670' title='bbox 1904 4711 2091 4758; x_wconf 88' lang='lat' dir='ltr'><strong>osten-</strong></span> 
     </span>
    </p>
   </div>
   <div class='ocr_carea' id='block_1_93' title="bbox 515 4787 2094 4861">
    <p class='ocr_par' dir='ltr' id='par_1_93' title="bbox 515 4787 2094 4861">
     <span class='ocr_line' id='line_1_93' title="bbox 515 4787 2094 4861; baseline 0.006 -20"><span class='ocrx_word' id='word_1_671' title='bbox 515 4789 646 4841; x_wconf 78' lang='lat' dir='ltr'><strong>dant</strong></span> <span class='ocrx_word' id='word_1_672' title='bbox 669 4830 684 4853; x_wconf 88' lang='lat'><strong>,</strong></span> <span class='ocrx_word' id='word_1_673' title='bbox 727 4797 781 4842; x_wconf 81' lang='lat' dir='ltr'><strong>et</strong></span> <span class='ocrx_word' id='word_1_674' title='bbox 807 4787 1244 4841; x_wconf 84' lang='lat' dir='ltr'><strong>emendationem</strong></span> <span class='ocrx_word' id='word_1_675' title='bbox 1287 4801 1578 4858; x_wconf 90' lang='lat' dir='ltr'><strong>respuere;</strong></span> <span class='ocrx_word' id='word_1_676' title='bbox 1603 4797 1731 4844; x_wconf 89' lang='lat' dir='ltr'><strong>‘tum</strong></span> <span class='ocrx_word' id='word_1_677' title='bbox 1765 4805 1893 4846; x_wconf 82' lang='lat' dir='ltr'><strong>vero</strong></span> <span class='ocrx_word' id='word_1_678' title='bbox 1921 4792 2094 4861; x_wconf 69' lang='lat' dir='ltr'><strong>sjustae</strong></span> 
     </span>
    </p>
   </div>
   <div class='ocr_carea' id='block_1_94' title="bbox 516 4869 2090 4955">
    <p class='ocr_par' dir='ltr' id='par_1_94' title="bbox 516 4869 2090 4955">
     <span class='ocr_line' id='line_1_94' title="bbox 516 4869 2090 4955; baseline 0.004 -21"><span class='ocrx_word' id='word_1_679' title='bbox 516 4885 611 4935; x_wconf 77' lang='lat' dir='ltr'><strong>ira:</strong></span> <span class='ocrx_word' id='word_1_680' title='bbox 639 4891 802 4948; x_wconf 83' lang='lat' dir='ltr'><strong>atque</strong></span> <span class='ocrx_word' id='word_1_681' title='bbox 821 4879 1215 4950; x_wconf 81' lang='lat' dir='ltr'><strong>indignationis</strong></span> <span class='ocrx_word' id='word_1_682' title='bbox 1233 4881 1534 4935; x_wconf 87' lang='lat' dir='ltr'><strong>acutiorem</strong></span> <span class='ocrx_word' id='word_1_683' title='bbox 1555 4869 1806 4952; x_wconf 66' lang='lat' dir='ltr'><strong>expediat</strong></span> <span class='ocrx_word' id='word_1_684' title='bbox 1826 4885 2090 4955; x_wconf 83' lang='lat' dir='ltr'><strong>gladium,</strong></span> 
     </span>
    </p>
   </div>
   <div class='ocr_carea' id='block_1_95' title="bbox 516 4970 2090 5041">
    <p class='ocr_par' dir='ltr' id='par_1_95' title="bbox 516 4970 2090 5041">
     <span class='ocr_line' id='line_1_95' title="bbox 516 4970 2090 5041; baseline 0.003 -15"><span class='ocrx_word' id='word_1_685' title='bbox 516 4987 626 5041; x_wconf 83' lang='lat' dir='ltr'><strong>quo</strong></span> <span class='ocrx_word' id='word_1_686' title='bbox 655 4974 853 5025; x_wconf 74' lang='lat' dir='ltr'><strong>(a‘llum</strong></span> <span class='ocrx_word' id='word_1_687' title='bbox 882 4971 1176 5025; x_wconf 82' lang='lat' dir='ltr'><strong>obductum</strong></span> <span class='ocrx_word' id='word_1_688' title='bbox 1203 4970 1488 5029; x_wconf 77' lang='lat' dir='ltr'><strong>exscindat</strong></span> <span class='ocrx_word' id='word_1_689' title='bbox 1507 5013 1522 5034; x_wconf 88' lang='lat'><strong>,</strong></span> <span class='ocrx_word' id='word_1_690' title='bbox 1555 4975 1804 5029; x_wconf 80' lang='lat' dir='ltr'><strong>et&#39;animi</strong></span> <span class='ocrx_word' id='word_1_691' title='bbox 1833 4975 2090 5032; x_wconf 83' lang='lat' dir='ltr'><strong>duritiem</strong></span> 
     </span>
    </p>
   </div>
   <div class='ocr_carea' id='block_1_96' title="bbox 518 5060 2091 5138">
    <p class='ocr_par' dir='ltr' id='par_1_96' title="bbox 518 5060 2091 5138">
     <span class='ocr_line' id='line_1_96' title="bbox 518 5060 2091 5138; baseline 0.004 -22"><span class='ocrx_word' id='word_1_692' title='bbox 518 5063 583 5116; x_wconf 88' lang='lat' dir='ltr'><strong>ad</strong></span> <span class='ocrx_word' id='word_1_693' title='bbox 617 5063 950 5117; x_wconf 82' lang='lat' dir='ltr'><strong>medicorum</strong></span> <span class='ocrx_word' id='word_1_694' title='bbox 981 5060 1222 5116; x_wconf 84' lang='lat' dir='ltr'><strong>rationes</strong></span> <span class='ocrx_word' id='word_1_695' title='bbox 1243 5071 1438 5117; x_wconf 86' lang='lat' dir='ltr'><strong>sanet:</strong></span> <span class='ocrx_word' id='word_1_696' title='bbox 1477 5065 1570 5133; x_wconf 91' lang='lat' dir='ltr'><strong>qui</strong></span> <span class='ocrx_word' id='word_1_697' title='bbox 1601 5067 1837 5134; x_wconf 87' lang='lat' dir='ltr'><strong>primum</strong></span> <span class='ocrx_word' id='word_1_698' title='bbox 1871 5069 2091 5138; x_wconf 86' lang='lat' dir='ltr'><strong>quidem</strong></span> 
     </span>
    </p>
   </div>
   <div class='ocr_carea' id='block_1_97' title="bbox 519 5149 2102 5226">
    <p class='ocr_par' dir='ltr' id='par_1_97' title="bbox 519 5149 2102 5226">
     <span class='ocr_line' id='line_1_97' title="bbox 519 5149 2102 5226; baseline 0.004 -20"><span class='ocrx_word' id='word_1_699' title='bbox 519 5153 868 5207; x_wconf 83' lang='lat' dir='ltr'><strong>unctionibus</strong></span> <span class='ocrx_word' id='word_1_700' title='bbox 899 5149 1226 5220; x_wconf 88' lang='lat' dir='ltr'><strong>quibusdam</strong></span> <span class='ocrx_word' id='word_1_701' title='bbox 1263 5161 1428 5223; x_wconf 88' lang='lat' dir='ltr'><strong>atque</strong></span> <span class='ocrx_word' id='word_1_702' title='bbox 1470 5154 1815 5226; x_wconf 81' lang='lat' dir='ltr'><strong>malagmatis</strong></span> <span class='ocrx_word' id='word_1_703' title='bbox 1836 5168 2102 5213; x_wconf 82' lang='lat' dir='ltr'><strong>tumores</strong></span> 
     </span>
    </p>
   </div>
   <div class='ocr_carea' id='block_1_98' title="bbox 520 5241 2094 5317">
    <p class='ocr_par' dir='ltr' id='par_1_98' title="bbox 520 5241 2094 5317">
     <span class='ocr_line' id='line_1_98' title="bbox 520 5241 2094 5317; baseline 0.004 -19"><span class='ocrx_word' id='word_1_704' title='bbox 520 5245 806 5298; x_wconf 62' lang='lat' dir='ltr'><strong>vulnerum</strong></span> <span class='ocrx_word' id='word_1_705' title='bbox 831 5252 886 5297; x_wconf 86' lang='lat' dir='ltr'><strong>et</strong></span> <span class='ocrx_word' id='word_1_706' title='bbox 920 5241 1404 5298; x_wconf 85' lang='lat' dir='ltr'><strong>inﬂammationem</strong></span> <span class='ocrx_word' id='word_1_707' title='bbox 1442 5247 1688 5317; x_wconf 80' lang='lat' dir='ltr'><strong>mitigare</strong></span> <span class='ocrx_word' id='word_1_708' title='bbox 1721 5257 2010 5315; x_wconf 79' lang='lat' dir='ltr'><strong>conantur,</strong></span> <span class='ocrx_word' id='word_1_709' title='bbox 2039 5259 2094 5304; x_wconf 90' lang='lat' dir='ltr'><strong>et</strong></span> 
     </span>
    </p>
   </div>
   <div class='ocr_carea' id='block_1_99' title="bbox 516 5334 2092 5409">
    <p class='ocr_par' dir='ltr' id='par_1_99' title="bbox 516 5334 2092 5409">
     <span class='ocr_line' id='line_1_99' title="bbox 516 5334 2092 5409; baseline 0.004 -18"><span class='ocrx_word' id='word_1_710' title='bbox 516 5335 884 5391; x_wconf 82' lang='lat' dir='ltr'><strong>adsanitatem</strong></span> <span class='ocrx_word' id='word_1_711' title='bbox 915 5334 1227 5404; x_wconf 82' lang='lat' dir='ltr'><strong>perducere.</strong></span> <span class='ocrx_word' id='word_1_712' title='bbox 1251 5334 1456 5392; x_wconf 77' lang='lat' dir='ltr'><strong>Aleum</strong></span> <span class='ocrx_word' id='word_1_713' title='bbox 1483 5341 1706 5396; x_wconf 89' lang='lat' dir='ltr'><strong>morbus</strong></span> <span class='ocrx_word' id='word_1_714' title='bbox 1726 5341 1961 5398; x_wconf 82' lang='lat' dir='ltr'><strong>diﬂicilis</strong></span> <span class='ocrx_word' id='word_1_715' title='bbox 1984 5351 2092 5409; x_wconf 86' lang='lat' dir='ltr'><strong>est,</strong></span> 
     </span>
    </p>
   </div>
   <div class='ocr_carea' id='block_1_100' title="bbox 517 5417 2094 5509">
    <p class='ocr_par' dir='ltr' id='par_1_100' title="bbox 517 5417 2094 5509">
     <span class='ocr_line' id='line_1_100' title="bbox 517 5417 2094 5509; baseline 0.007 -28"><span class='ocrx_word' id='word_1_716' title='bbox 517 5438 572 5482; x_wconf 73' lang='lat' dir='ltr'><strong>et</strong></span> <span class='ocrx_word' id='word_1_717' title='bbox 603 5427 808 5482; x_wconf 87' lang='lat' dir='ltr'><strong>leniora</strong></span> <span class='ocrx_word' id='word_1_718' title='bbox 858 5436 1021 5498; x_wconf 86' lang='lat' dir='ltr'><strong>atque</strong></span> <span class='ocrx_word' id='word_1_719' title='bbox 1045 5417 1305 5484; x_wconf 79' lang='lat' dir='ltr'><strong>molliora</strong></span> <span class='ocrx_word' id='word_1_720' title='bbox 1343 5432 1480 5487; x_wconf 86' lang='lat' dir='ltr'><strong>artis</strong></span> <span class='ocrx_word' id='word_1_721' title='bbox 1506 5433 1904 5491; x_wconf 87' lang='lat' dir='ltr'><strong>medicamenta</strong></span> <span class='ocrx_word' id='word_1_722' title='bbox 1935 5437 2094 5509; x_wconf 81' lang='lat' dir='ltr'><strong>longe</strong></span> 
     </span>
    </p>
   </div>
   <div class='ocr_carea' id='block_1_101' title="bbox 517 5521 2114 5601">
    <p class='ocr_par' dir='ltr' id='par_1_101' title="bbox 517 5521 2114 5601">
     <span class='ocr_line' id='line_1_101' title="bbox 517 5521 2114 5601; baseline 0.006 -26"><span class='ocrx_word' id='word_1_723' title='bbox 517 5531 772 5594; x_wconf 84' lang='lat' dir='ltr'><strong>superat,</strong></span> <span class='ocrx_word' id='word_1_724' title='bbox 823 5535 934 5578; x_wconf 87' lang='lat' dir='ltr'><strong>tum</strong></span> <span class='ocrx_word' id='word_1_725' title='bbox 985 5521 1349 5578; x_wconf 78' lang='lat' dir='ltr'><strong>severioribus</strong></span> <span class='ocrx_word' id='word_1_726' title='bbox 1398 5539 1618 5601; x_wconf 85' lang='lat' dir='ltr'><strong>quoque</strong></span> <span class='ocrx_word' id='word_1_727' title='bbox 1679 5527 1990 5598; x_wconf 82' lang='lat' dir='ltr'><strong>pharmacis</strong></span> <span class='ocrx_word' id='word_1_728' title='bbox 2041 5537 2114 5591; x_wconf 50' lang='lat' dir='ltr'><strong>et,</strong></span> 
     </span>
    </p>
   </div>
   <div class='ocr_carea' id='block_1_102' title="bbox 587 5633 1094 5704">
    <p class='ocr_par' dir='ltr' id='par_1_102' title="bbox 587 5633 1094 5704">
     <span class='ocr_line' id='line_1_102' title="bbox 587 5633 1094 5704; baseline 0.006 -18"><span class='ocrx_word' id='word_1_729' title='bbox 587 5634 633 5666; x_wconf 74' lang='lat'><strong>“</strong></span> <span class='ocrx_word' id='word_1_730' title='bbox 657 5633 890 5704; x_wconf 84' lang='lat' dir='ltr'><strong>Philipp.</strong></span> <span class='ocrx_word' id='word_1_731' title='bbox 935 5649 1006 5700; x_wconf 75' lang='lat' dir='ltr'><strong>tv,</strong></span> <span class='ocrx_word' id='word_1_732' title='bbox 1042 5635 1094 5693; x_wconf 69' lang='grc' dir='ltr'><strong>ὅ.</strong></span> 
     </span>
    </p>
   </div>
   <div class='ocr_carea' id='block_1_103' title="bbox 590 5721 1652 5796">
    <p class='ocr_par' dir='ltr' id='par_1_103' title="bbox 590 5721 1652 5796">
     <span class='ocr_line' id='line_1_103' title="bbox 590 5721 1652 5796; baseline 0 -21"><span class='ocrx_word' id='word_1_733' title='bbox 590 5723 704 5796; x_wconf 77' lang='grc'>(66)</span> <span class='ocrx_word' id='word_1_734' title='bbox 743 5723 812 5781; x_wconf 71' lang='lat' dir='ltr'><strong>At</strong></span> <span class='ocrx_word' id='word_1_735' title='bbox 843 5722 977 5779; x_wconf 66' lang='lat' dir='ltr'><strong>LXX</strong></span> <span class='ocrx_word' id='word_1_736' title='bbox 1019 5724 1220 5784; x_wconf 56' lang='grc' dir='ltr'><strong>’δικ-λζ</strong></span> <span class='ocrx_word' id='word_1_737' title='bbox 1255 5721 1652 5780; x_wconf 62' lang='grc' dir='ltr'>ἀναπαύσεται.</span> 
     </span>
    </p>
   </div>
   <div class='ocr_carea' id='block_1_104' title="bbox 1557 5849 1594 5868">
    <p class='ocr_par' dir='ltr' id='par_1_104' title="bbox 1557 5849 1594 5868">
     <span class='ocr_line' id='line_1_104' title="bbox 1557 5849 1594 5868; baseline 0 0"><span class='ocrx_word' id='word_1_738' title='bbox 1557 5849 1594 5868; x_wconf 53' lang='grc' dir='ltr'><strong>Ὦ</strong></span> 
     </span>
    </p>
   </div>
   <div class='ocr_carea' id='block_1_105' title="bbox 2192 4325 3776 4407">
    <p class='ocr_par' dir='ltr' id='par_1_105' title="bbox 2192 4325 3776 4407">
     <span class='ocr_line' id='line_1_105' title="bbox 2192 4325 3776 4407; baseline -0.009 -16"><span class='ocrx_word' id='word_1_739' title='bbox 2192 4338 2320 4400; x_wconf 80' lang='grc' dir='ltr'>τοὺς</span> <span class='ocrx_word' id='word_1_740' title='bbox 2366 4334 2840 4407; x_wconf 78' lang='grc' dir='ltr'>πονηρευομένους</span> <span class='ocrx_word' id='word_1_741' title='bbox 2873 4331 2969 4384; x_wconf 82' lang='grc' dir='ltr'>καὶ</span> <span class='ocrx_word' id='word_1_742' title='bbox 2997 4326 3283 4389; x_wconf 88' lang='grc' dir='ltr'>δυσσεϐεῖς</span> <span class='ocrx_word' id='word_1_743' title='bbox 3311 4326 3406 4380; x_wconf 76' lang='grc' dir='ltr'>καὶ</span> <span class='ocrx_word' id='word_1_744' title='bbox 3433 4325 3776 4388; x_wconf 82' lang='grc' dir='ltr'>πλεονέκτας</span> 
     </span>
    </p>
   </div>
   <div class='ocr_carea' id='block_1_106' title="bbox 2193 4415 3773 4498">
    <p class='ocr_par' dir='ltr' id='par_1_106' title="bbox 2193 4415 3773 4498">
     <span class='ocr_line' id='line_1_106' title="bbox 2193 4415 3773 4498; baseline -0.009 -17"><span class='ocrx_word' id='word_1_745' title='bbox 2193 4429 2290 4480; x_wconf 73' lang='grc' dir='ltr'><strong>καί</strong></span> <span class='ocrx_word' id='word_1_746' title='bbox 2336 4427 2691 4498; x_wconf 85' lang='grc' dir='ltr'>μιαιφόνους,</span> <span class='ocrx_word' id='word_1_747' title='bbox 2743 4419 2987 4492; x_wconf 76' lang='grc' dir='ltr'>εὐχερῶς</span> <span class='ocrx_word' id='word_1_748' title='bbox 3031 4416 3486 4489; x_wconf 79' lang='grc' dir='ltr'>παροργίζεσθαι,</span> <span class='ocrx_word' id='word_1_749' title='bbox 3527 4417 3622 4470; x_wconf 79' lang='grc' dir='ltr'>καὶ</span> <span class='ocrx_word' id='word_1_750' title='bbox 3666 4415 3773 4467; x_wconf 89' lang='grc' dir='ltr'>θυ-</span> 
     </span>
    </p>
   </div>
   <div class='ocr_carea' id='block_1_107' title="bbox 2197 4505 3772 4590">
    <p class='ocr_par' dir='ltr' id='par_1_107' title="bbox 2197 4505 3772 4590">
     <span class='ocr_line' id='line_1_107' title="bbox 2197 4505 3772 4590; baseline -0.01 -16"><span class='ocrx_word' id='word_1_751' title='bbox 2197 4518 2432 4590; x_wconf 87' lang='grc' dir='ltr'>μοῦσθαι</span> <span class='ocrx_word' id='word_1_752' title='bbox 2487 4515 2683 4588; x_wconf 65' lang='grc' dir='ltr'>ῥᾳδίως</span> <span class='ocrx_word' id='word_1_753' title='bbox 2709 4527 2724 4544; x_wconf 77' lang='grc' dir='ltr'><strong>ο</strong></span> <span class='ocrx_word' id='word_1_754' title='bbox 2759 4511 2872 4566; x_wconf 83' lang='grc' dir='ltr'>ἀλλ’</span> <span class='ocrx_word' id='word_1_755' title='bbox 2900 4511 3033 4564; x_wconf 86' lang='grc' dir='ltr'>ὅταν</span> <span class='ocrx_word' id='word_1_756' title='bbox 3077 4509 3166 4563; x_wconf 83' lang='grc' dir='ltr'>διὰ</span> <span class='ocrx_word' id='word_1_757' title='bbox 3207 4509 3306 4579; x_wconf 83' lang='grc' dir='ltr'>τῆς</span> <span class='ocrx_word' id='word_1_758' title='bbox 3355 4505 3772 4577; x_wconf 75' lang='grc' dir='ltr'>ἐπιεικεστέρας</span> 
     </span>
    </p>
   </div>
   <div class='ocr_carea' id='block_1_108' title="bbox 2193 4595 3773 4678">
    <p class='ocr_par' dir='ltr' id='par_1_108' title="bbox 2193 4595 3773 4678">
     <span class='ocr_line' id='line_1_108' title="bbox 2193 4595 3773 4678; baseline -0.01 -15"><span class='ocrx_word' id='word_1_759' title='bbox 2193 4609 2476 4678; x_wconf 80' lang='grc' dir='ltr'>ἀξιώσεως</span> <span class='ocrx_word' id='word_1_760' title='bbox 2514 4605 2608 4660; x_wconf 81' lang='grc' dir='ltr'>καὶ</span> <span class='ocrx_word' id='word_1_761' title='bbox 2662 4601 3008 4674; x_wconf 81' lang='grc' dir='ltr'>συμϐουλῆς,</span> <span class='ocrx_word' id='word_1_762' title='bbox 3041 4603 3139 4657; x_wconf 77' lang='grc' dir='ltr'>καὶ</span> <span class='ocrx_word' id='word_1_763' title='bbox 3179 4603 3282 4672; x_wconf 79' lang='grc' dir='ltr'>τῆς</span> <span class='ocrx_word' id='word_1_764' title='bbox 3321 4599 3633 4670; x_wconf 81' lang='grc' dir='ltr'>πραοτέρας</span> <span class='ocrx_word' id='word_1_765' title='bbox 3657 4595 3773 4650; x_wconf 87' lang='grc' dir='ltr'><strong>τῶν</strong></span> 
     </span>
    </p>
   </div>
   <div class='ocr_carea' id='block_1_109' title="bbox 2194 4689 3772 4772">
    <p class='ocr_par' dir='ltr' id='par_1_109' title="bbox 2194 4689 3772 4772">
     <span class='ocr_line' id='line_1_109' title="bbox 2194 4689 3772 4772; baseline -0.01 -17"><span class='ocrx_word' id='word_1_766' title='bbox 2194 4698 2424 4772; x_wconf 82' lang='grc' dir='ltr'>Γραφῶν</span> <span class='ocrx_word' id='word_1_767' title='bbox 2445 4696 2790 4767; x_wconf 70' lang='grc' dir='ltr'>εἰσηγήσεως</span> <span class='ocrx_word' id='word_1_768' title='bbox 2809 4693 3071 4764; x_wconf 80' lang='grc' dir='ltr'>οὐδεμίαν</span> <span class='ocrx_word' id='word_1_769' title='bbox 3093 4693 3294 4748; x_wconf 76' lang='grc' dir='ltr'>ἐκείνοι</span> <span class='ocrx_word' id='word_1_770' title='bbox 3320 4689 3626 4763; x_wconf 77' lang='grc' dir='ltr'>μεταϐολὴν</span> <span class='ocrx_word' id='word_1_771' title='bbox 3644 4689 3772 4740; x_wconf 83' lang='grc' dir='ltr'>ὲπι-</span> 
     </span>
    </p>
   </div>
   <div class='ocr_carea' id='block_1_110' title="bbox 2192 4781 3774 4858">
    <p class='ocr_par' dir='ltr' id='par_1_110' title="bbox 2192 4781 3774 4858">
     <span class='ocr_line' id='line_1_110' title="bbox 2192 4781 3774 4858; baseline -0.008 -13"><span class='ocrx_word' id='word_1_772' title='bbox 2192 4792 2502 4846; x_wconf 84' lang='grc' dir='ltr'>δείκνυνται</span> <span class='ocrx_word' id='word_1_773' title='bbox 2535 4787 2673 4858; x_wconf 83' lang='grc' dir='ltr'>πρὸς</span> <span class='ocrx_word' id='word_1_774' title='bbox 2705 4787 2766 4840; x_wconf 76' lang='grc' dir='ltr'>τὸ</span> <span class='ocrx_word' id='word_1_775' title='bbox 2805 4788 3058 4858; x_wconf 83' lang='grc' dir='ltr'>κρεῖττον</span> <span class='ocrx_word' id='word_1_776' title='bbox 3086 4801 3100 4814; x_wconf 88' lang='grc'><strong>·</strong></span> <span class='ocrx_word' id='word_1_777' title='bbox 3124 4783 3425 4856; x_wconf 86' lang='grc' dir='ltr'>τηνικαῦτα</span> <span class='ocrx_word' id='word_1_778' title='bbox 3466 4781 3563 4853; x_wconf 79' lang='grc' dir='ltr'>τὴν</span> <span class='ocrx_word' id='word_1_779' title='bbox 3587 4797 3774 4851; x_wconf 86' lang='grc' dir='ltr'>τομω-</span> 
     </span>
    </p>
   </div>
   <div class='ocr_carea' id='block_1_111' title="bbox 2193 4871 3771 4956">
    <p class='ocr_par' dir='ltr' id='par_1_111' title="bbox 2193 4871 3771 4956">
     <span class='ocr_line' id='line_1_111' title="bbox 2193 4871 3771 4956; baseline -0.009 -19"><span class='ocrx_word' id='word_1_780' title='bbox 2193 4884 2358 4956; x_wconf 81' lang='grc' dir='ltr'>τέραν</span> <span class='ocrx_word' id='word_1_781' title='bbox 2389 4880 2485 4934; x_wconf 86' lang='grc' dir='ltr'><strong>τοῦ</strong></span> <span class='ocrx_word' id='word_1_782' title='bbox 2538 4878 2715 4950; x_wconf 87' lang='grc' dir='ltr'>θυμοῦ</span> <span class='ocrx_word' id='word_1_783' title='bbox 2745 4878 2858 4932; x_wconf 73' lang='grc' dir='ltr'>καὶ.</span> <span class='ocrx_word' id='word_1_784' title='bbox 2885 4878 2984 4949; x_wconf 80' lang='grc' dir='ltr'>τῆς</span> <span class='ocrx_word' id='word_1_785' title='bbox 3005 4875 3223 4940; x_wconf 85' lang='grc' dir='ltr'>δικαίας</span> <span class='ocrx_word' id='word_1_786' title='bbox 3253 4875 3430 4946; x_wconf 79' lang='grc' dir='ltr'>ὀργῆς</span> <span class='ocrx_word' id='word_1_787' title='bbox 3455 4871 3771 4945; x_wconf 85' lang='grc' dir='ltr'>μεταχειρί-</span> 
     </span>
    </p>
   </div>
   <div class='ocr_carea' id='block_1_112' title="bbox 2194 4963 3773 5042">
    <p class='ocr_par' dir='ltr' id='par_1_112' title="bbox 2194 4963 3773 5042">
     <span class='ocr_line' id='line_1_112' title="bbox 2194 4963 3773 5042; baseline -0.008 -15"><span class='ocrx_word' id='word_1_788' title='bbox 2194 4975 2382 5040; x_wconf 82' lang='grc' dir='ltr'>ζεσθαι</span> <span class='ocrx_word' id='word_1_789' title='bbox 2412 4972 2692 5042; x_wconf 82' lang='grc' dir='ltr'>μάχαιραν</span> <span class='ocrx_word' id='word_1_790' title='bbox 2716 4972 2798 5032; x_wconf 82' lang='grc' dir='ltr'><strong>είς</strong></span> <span class='ocrx_word' id='word_1_791' title='bbox 2823 4967 3066 5038; x_wconf 63' lang='grc' dir='ltr'>ἐκτομὴν</span> <span class='ocrx_word' id='word_1_792' title='bbox 3088 4967 3190 5036; x_wconf 82' lang='grc' dir='ltr'>τῆς</span> <span class='ocrx_word' id='word_1_793' title='bbox 3209 4964 3438 5018; x_wconf 73' lang='grc' dir='ltr'>ἐκείνων</span> <span class='ocrx_word' id='word_1_794' title='bbox 3457 4963 3773 5034; x_wconf 83' lang='grc' dir='ltr'>πωρώσεως</span> 
     </span>
    </p>
   </div>
   <div class='ocr_carea' id='block_1_113' title="bbox 2194 5051 3775 5131">
    <p class='ocr_par' dir='ltr' id='par_1_113' title="bbox 2194 5051 3775 5131">
     <span class='ocr_line' id='line_1_113' title="bbox 2194 5051 3775 5131; baseline -0.009 -13"><span class='ocrx_word' id='word_1_795' title='bbox 2194 5065 2286 5118; x_wconf 75' lang='grc' dir='ltr'>καὶ</span> <span class='ocrx_word' id='word_1_796' title='bbox 2343 5062 2602 5127; x_wconf 77' lang='grc' dir='ltr'>λάξευσιν</span> <span class='ocrx_word' id='word_1_797' title='bbox 2656 5061 2758 5131; x_wconf 77' lang='grc' dir='ltr'>τῆς</span> <span class='ocrx_word' id='word_1_798' title='bbox 2809 5058 3068 5122; x_wconf 79' lang='grc' dir='ltr'>λιθώδους</span> <span class='ocrx_word' id='word_1_799' title='bbox 3099 5055 3331 5126; x_wconf 86' lang='grc' dir='ltr'>καρδίας</span> <span class='ocrx_word' id='word_1_800' title='bbox 3357 5053 3502 5108; x_wconf 81' lang='grc' dir='ltr'>κατὰ</span> <span class='ocrx_word' id='word_1_801' title='bbox 3531 5051 3630 5123; x_wconf 81' lang='grc' dir='ltr'>τὴν</span> <span class='ocrx_word' id='word_1_802' title='bbox 3653 5054 3775 5106; x_wconf 75' lang='grc' dir='ltr'>ἐπι-</span> 
     </span>
    </p>
   </div>
   <div class='ocr_carea' id='block_1_114' title="bbox 2195 5146 3773 5227">
    <p class='ocr_par' dir='ltr' id='par_1_114' title="bbox 2195 5146 3773 5227">
     <span class='ocr_line' id='line_1_114' title="bbox 2195 5146 3773 5227; baseline -0.007 -19"><span class='ocrx_word' id='word_1_803' title='bbox 2195 5158 2410 5227; x_wconf 84' lang='grc' dir='ltr'>στήμην</span> <span class='ocrx_word' id='word_1_804' title='bbox 2467 5153 2578 5206; x_wconf 87' lang='grc' dir='ltr'><strong>τῶν</strong></span> <span class='ocrx_word' id='word_1_805' title='bbox 2633 5153 2833 5224; x_wconf 76' lang='grc' dir='ltr'>ἰατρῶν</span> <span class='ocrx_word' id='word_1_806' title='bbox 2860 5167 2874 5182; x_wconf 86' lang='grc'><strong>·</strong></span> <span class='ocrx_word' id='word_1_807' title='bbox 2908 5151 2962 5206; x_wconf 73' lang='grc' dir='ltr'>οἳ</span> <span class='ocrx_word' id='word_1_808' title='bbox 3019 5150 3289 5221; x_wconf 84' lang='grc' dir='ltr'>πρότερον</span> <span class='ocrx_word' id='word_1_809' title='bbox 3365 5146 3615 5216; x_wconf 80' lang='grc' dir='ltr'>ἀλοιφαῖς</span> <span class='ocrx_word' id='word_1_810' title='bbox 3662 5161 3773 5198; x_wconf 86' lang='grc' dir='ltr'>τισι</span> 
     </span>
    </p>
   </div>
   <div class='ocr_carea' id='block_1_115' title="bbox 2193 5237 3774 5318">
    <p class='ocr_par' dir='ltr' id='par_1_115' title="bbox 2193 5237 3774 5318">
     <span class='ocr_line' id='line_1_115' title="bbox 2193 5237 3774 5318; baseline -0.009 -15"><span class='ocrx_word' id='word_1_811' title='bbox 2193 5249 2288 5303; x_wconf 75' lang='grc' dir='ltr'>καὶ</span> <span class='ocrx_word' id='word_1_812' title='bbox 2347 5248 2670 5318; x_wconf 86' lang='grc' dir='ltr'>μαλάγμασι</span> <span class='ocrx_word' id='word_1_813' title='bbox 2727 5246 2828 5310; x_wconf 79' lang='grc' dir='ltr'><strong>τὰς</strong></span> <span class='ocrx_word' id='word_1_814' title='bbox 2878 5245 3119 5317; x_wconf 83' lang='grc' dir='ltr'>οίδήσεις</span> <span class='ocrx_word' id='word_1_815' title='bbox 3169 5241 3266 5295; x_wconf 73' lang='grc' dir='ltr'>καὶ</span> <span class='ocrx_word' id='word_1_816' title='bbox 3317 5237 3632 5310; x_wconf 82' lang='grc' dir='ltr'>φλεγμονὰς</span> <span class='ocrx_word' id='word_1_817' title='bbox 3664 5237 3774 5290; x_wconf 85' lang='grc' dir='ltr'><strong>τῶν</strong></span> 
     </span>
    </p>
   </div>
   <div class='ocr_carea' id='block_1_116' title="bbox 2193 5329 3777 5414">
    <p class='ocr_par' dir='ltr' id='par_1_116' title="bbox 2193 5329 3777 5414">
     <span class='ocr_line' id='line_1_116' title="bbox 2193 5329 3777 5414; baseline -0.009 -20"><span class='ocrx_word' id='word_1_818' title='bbox 2193 5340 2530 5414; x_wconf 85' lang='grc' dir='ltr'>τραυμάτων</span> <span class='ocrx_word' id='word_1_819' title='bbox 2556 5339 2970 5412; x_wconf 78' lang='grc' dir='ltr'>καταπραΰνειν</span> <span class='ocrx_word' id='word_1_820' title='bbox 2995 5334 3299 5406; x_wconf 86' lang='grc' dir='ltr'>πειρῶνται</span> <span class='ocrx_word' id='word_1_821' title='bbox 3322 5333 3418 5386; x_wconf 70' lang='grc' dir='ltr'>καὶ</span> <span class='ocrx_word' id='word_1_822' title='bbox 3448 5329 3777 5403; x_wconf 83' lang='grc' dir='ltr'>μεταφέρειν</span> 
     </span>
    </p>
   </div>
   <div class='ocr_carea' id='block_1_117' title="bbox 2195 5421 3775 5507">
    <p class='ocr_par' dir='ltr' id='par_1_117' title="bbox 2195 5421 3775 5507">
     <span class='ocr_line' id='line_1_117' title="bbox 2195 5421 3775 5507; baseline -0.013 -16"><span class='ocrx_word' id='word_1_823' title='bbox 2195 5435 2334 5507; x_wconf 77' lang='grc' dir='ltr'>πρὸς</span> <span class='ocrx_word' id='word_1_824' title='bbox 2385 5435 2573 5506; x_wconf 81' lang='grc' dir='ltr'>ῥῶσιν.</span> <span class='ocrx_word' id='word_1_825' title='bbox 2605 5435 2774 5488; x_wconf 85' lang='grc' dir='ltr'>Ὅταν</span> <span class='ocrx_word' id='word_1_826' title='bbox 2825 5430 2883 5484; x_wconf 82' lang='grc' dir='ltr'>δὲ</span> <span class='ocrx_word' id='word_1_827' title='bbox 2931 5428 3170 5500; x_wconf 76' lang='grc' dir='ltr'>χαλεπὸν</span> <span class='ocrx_word' id='word_1_828' title='bbox 3219 5424 3282 5479; x_wconf 77' lang='grc' dir='ltr'><strong>τὸ</strong></span> <span class='ocrx_word' id='word_1_829' title='bbox 3334 5423 3506 5487; x_wconf 79' lang='grc' dir='ltr'>πάθος</span> <span class='ocrx_word' id='word_1_830' title='bbox 3533 5421 3775 5492; x_wconf 79' lang='grc' dir='ltr'>ὑπάρχον</span> 
     </span>
    </p>
   </div>
   <div class='ocr_carea' id='block_1_118' title="bbox 2197 5511 3781 5599">
    <p class='ocr_par' dir='ltr' id='par_1_118' title="bbox 2197 5511 3781 5599">
     <span class='ocr_line' id='line_1_118' title="bbox 2197 5511 3781 5599; baseline -0.011 -17"><span class='ocrx_word' id='word_1_831' title='bbox 2197 5527 2504 5599; x_wconf 81' lang='grc' dir='ltr'>ὑπερϐαίνῃ</span> <span class='ocrx_word' id='word_1_832' title='bbox 2529 5526 2627 5589; x_wconf 83' lang='grc' dir='ltr'><strong>τὰς</strong></span> <span class='ocrx_word' id='word_1_833' title='bbox 2659 5512 3017 5592; x_wconf 76' lang='grc' dir='ltr'>ἁπαλωτέρας</span> <span class='ocrx_word' id='word_1_834' title='bbox 3052 5521 3149 5575; x_wconf 79' lang='grc' dir='ltr'>καὶ</span> <span class='ocrx_word' id='word_1_835' title='bbox 3188 5517 3500 5590; x_wconf 79' lang='grc' dir='ltr'>πραοτέρας</span> <span class='ocrx_word' id='word_1_836' title='bbox 3529 5511 3781 5585; x_wconf 78' lang='grc' dir='ltr'>ίατρείας</span> 
     </span>
    </p>
   </div>
  </div>
