4076 6310
528 314 663 380 1307
1625 320 1686 380 S.
1729 319 2093 380 GBEGOBI]

2196 319 2680 384 tGRIGENTINI
3651 321 3794 389 1008

530 431 692 503 178
717 444 842 484 esse
861 428 1134 498 sapientes
1162 428 1430 494 homines,
1448 430 1542 498 qui
1569 431 1803 509 minime
1825 431 1932 486 huc
1958 429 2093 484 adir-

2205 447 2306 494 τας
2321 433 2454 504 μηδὲ
2472 433 2579 487 τῶν
2601 432 2822 504 ἀψύχων
2838 433 3362 506 καταψευδομένους,
3377 434 3651 505 ἀφιέντας
3664 441 3792 509 τοὺς

525 533 694 586 πιοιιι,
719 529 813 574 aut
837 521 1080 574 inanima
1115 521 1420 590 culpantes,
1446 534 1544 576 eos
1577 507 1886 585 absolvant,
1909 523 2002 590 qui
2031 523 2093 576 li-

2199 522 2546 587 αὑτεξούσιον
2579 523 2900 596 προαίρεσιν
2915 523 3160 594 ἔχοντας,
3179 526 3281 577 καὶ.⁴
3301 525 3400 595 τὴν
3429 507 3794 598 ἐφ’πὲκάτερα

522 611 707 666 beram
735 609 937 665 habent
966 610 1324 672 voluntatem,
1347 618 1403 663 et
1431 624 1542 680 quo
1571 612 1765 665 malint
1799 601 2093 666 inclinam'ii

2201 614 2376 685 ῥοπὴν
2403 619 2774 686 κεκτημένους
2809 633 2824 647 ο
2859 617 2955 671 νῦν
2987 634 3144 686 φησι,
3175 635 3194 668 t
3247 617 3454 688 Ἀγαθὴ
3483 620 3666 688 σοφία
3691 637 3793 692 με·

416 763 420 767 φ
519 703 808 757 arbitrium
839 719 854 776 ε
898 701 1045 756 addit
1083 717 1270 756 nunc:
1307 720 1326 752 ι
1375 701 1523 756 Bona
1551 710 1633 758 est
1664 704 1930 775 sapientia
1969 719 2093 759 cum

2199 705 2267 759 τὰ
2304 707 2662 777 κληροδοσίας
2693 723 2708 738 ο
2747 726 2767 760 ι
2811 709 3202 780 εἰσηγούμενος
3259 711 3386 772 τοὺς
3414 712 3516 779 τῆς
3569 710 3794 766 ἀνωθεν

519 795 872 851 haereditate:
898 812 917 844 ι
941 793 1029 859 iis,
1059 792 1150 862 qui
1183 808 1478 862 supernam
1498 794 1851 864 divinamque
1876 795 2093 864 sapien-

2199 799 2294 850 καὶ
2323 797 2473 860 θείας
2507 797 2943 863 καταξιωθέντας
2995 795 3328 866 ’σοφίας-,καὶ
3343 800 3554 864 πάντας
3590 800 3795 866 ἄλλους

519 887 652 940 tiam
683 886 829 940 nacti
863 893 1012 948 sunt,
1043 892 1316 954 praecepta
1353 886 1596 948 tradens.
1624 894 1686 942 ut
1733 894 1786 940 et
1811 885 1948 940 aiius
1979 899 2100 939 om-

519 992 619 1033 nes
667 977 949 1040 edoceant,
982 989 1182 1029 vanum
1211 975 1344 1028 nihil
1372 977 1617 1046 cogitare
1639 985 1736 1030 aut
1765 976 1940 1046 loqui,
1999 990 2098 1030 nec

517 1069 739 1124 vitiatas
773 1073 1143 1122 aetortuosas
1203 1067 1495 1136 opiniones
1535 1068 1818 1137 amplecti,
1868 1075 1924 1122 et
1971 1082 2096 1138 qua:

517 1175 790 1231 nusquam
822 1169 972 1225 sunt,
1005 1158 1110 1214 sibi
1149 1158 1354 1230 tingere
1387 1179 1402 1214 :
1442 1169 1496 1214 at
1523 1169 1676 1216 recto
1715 1160 1902 1214 animo
1931 1169 2096 1214 natu-

525 1269 640 1308 ram
676 1267 860 1308 rerum
889 1251 1350 1320 contemplantes,
1383 1251 1598 1306 veritati
1626 1253 1856 1308 sincerae
1883 1269 1950 1308 ae
1993 1251 2098 1307 tui-

517 1346 668 1400 uime
695 1344 894 1400 fucata:
917 1345 1221 1410 adhaerere,
1253 1353 1311 1400 e’t
1336 1344 1530 1400 diebus
1564 1345 1822 1399 omnibus
1866 1343 2096 1414 gloriam

520 1437 753 1493 Domino
783 1437 1044 1500 tribuere,
1073 1439 1166 1508 qui
1196 1438 1314 1493 dies
1371 1436 1669 1492 universos
1729 1451 1888 1506 pares
1960 1451 2094 1492 eon-

515 1529 716 1594 stituit,
749 1536 1021 1598 quotquot
1051 1531 1316 1584 hactenus
1363 1529 1644 1594 exstitere,
1703 1537 1758 1582 et
1788 1541 2095 1582 mensuram

504 1619 588 1676 'iis
616 1620 974 1688 ordinemque
1031 1619 1424 1689 praescripsit:
1487 1628 1601 1673 tum
1659 1634 1835 1688 neque
1889 1620 2098 1690 primos

511 1725 697 1780 neque
720 1721 1026 1780 postremos
1048 1709 1408 1765 distinctione
1439 1711 1660 1766 inducta
1704 1712 1879 1766 bonos
1906 1712 2094 1782 appel-

2197 887 2480 944 διδάσκειν.
2513 889 2588 960 μὴ
2633 895 2840 960 μάταια
2865 889 3271 960 διενθυμείσθαι
3290 892 3384 943 καὶ
3407 890 3619 958 λέγειν,
3654 893 3795 962 μηδὲ

2195 977 2296 1041 τὰς
2325 979 2671 1050 ἐσφαλμένοις
2705 980 2799 1033 καὶ
2829 979 3125 1049 καμπύλας
3156 979 3312 1046 δόξαις
3371 971 3794 1052 ὑπολαμϐάνὲιν

2198 1071 2294 1123 καὶ
2319 1071 2388 1124 τὰ
2427 1071 2500 1140 μὴ
2533 1070 2664 1124 ὄντα
2691 1069 2935 1136 δοξάζειν
2953 1085 2969 1101 °
3033 1070 3148 1124 ἀλλ’
3174 1072 3233 1123 ὲν
3255 1069 3518 1142 εὐθύτητι
3548 1072 3796 1142 καρδίας

2199 1162 2335 1232 πρὸς
2357 1161 2457 1232 τὴν
2489 1161 2656 1230 φύσιν
2689 1159 2798 1214 τῶν
2827 1162 3168 1233 πραγμάτιον
3198 1150 3642 1230 ἀποϐλέποντας,
3667 1165 3796 1234 ἔχεο

2201 1252 2324 1306 σθαι
2357 1255 2456 1324 τῆς
2503 1251 2672 1318 ὅντως
2721 1244 2892 1322 οὔσης
2915 1251 3196 1322 ἀληθείας,
3245 1251 3339 1305 καὶ
3371 1251 3628 1316 δοξάζειν
3693 1253 3797 1322 μὲν

2197 1343 2258 1394 ὲν
2291 1343 2495 1406 πάσαις
2525 1344 2646 1405 ταῖς
2675 1341 2914 1412 ἡμέραις
2939 1341 3031 1394 τὸν
3069 1340 3273 1411 Κύριον
3301 1326 3419 1394 τὸν¹
3457 1343 3518 1395 ὲν
3575 1342 3796 1412 ἰσότητι

2198 1433 2381 1497 πάσας
2413 1433 2798 1504 ὑποστήσαντα
2826 1432 2928 1496 τὰς
2957 1433 3196 1504 ἡμέρας.
3237 1433 3364 1486 ὅσον
3383 1427 3522 1503 ⁴ἧκεν
3545 1435 3635 1496 είς
3693 1436 3795 1501 γέ-

2193 1540 2344 1579 νεσιν
2375 1526 2469 1578 καὶ
2490 1525 2732 1592 φυσικὴν
2751 1523 3010 1595 ὓπαρξιν,
3036 1523 3204 1577 καὶτὸ
3235 1524 3433 1594 μέτρον
3449 1524 3549 1593 τῆς
3576 1525 3796 1588 τάξεως

2197 1616 2293 1670 καὶ
2325 1617 2462 1688 μήτε
2497 1617 2598 1680 τὰς
2623 1619 2816 1688 πρώην
2845 1617 2983 1688 μήτε
3005 1617 3103 1679 τὰς
3121 1619 3361 1686 ἐσχάτας
3389 1612 3753 1694 διῃρηιῖένως
3780 1640 3796 1656 ο

2198 1706 2412 1775 ἀγαθὰς
2443 1707 2752 1777 ὀνομάζειν,
2786 1707 2927 1760 ἀλλὰ
2959 1707 3142 1770 πάσας
3179 1708 3386 1772 ἁπλῶς,
3421 1709 3498 1776 ᾡς
3523 1710 3588 1776 ἐξ
3655 1711 3796 1777 ἀγα-

511 1777 655 1866 εΙιιιοο,
687 1777 782 1855 sed
809 1813 1003 1854 omnes
1034 1800 1382 1869 simpliciter,
1407 1808 1668 1870 tauquam
1695 1816 1762 1856 ex
1792 1777 2093 1872 bono-pro-

2199 1796 2293 1850 θοῦ
2323 1797 2630 1866 γεγονυίας,
2657 1797 3058 1867 καϊγινομένας
3095 1796 3185 1851 διὰ
3209 1799 3308 1868 τῆς
3333 1799 3566 1870 ἡλιακῆς
3610 1803 3794 1872 φορᾶς

520 1892 773 1959 ﬂuentes,
803 1898 857 1946 et
882 1905 1050 1947 cursu
1081 1892 1215 1947 solis
1259 1907 1324 1947 ac
1389 1903 1540 1948 motu
1607 1895 2096 1964 circumscriptus:

521 1984 684 2040 simul
723 1993 777 2038 et
809 1983 1068 2038 virtutem
1099 1992 1156 2038 el.
1183 1984 1383 2039 vitium
1433 1985 1503 2039 ab
1577 1985 1818 2040 humano
1869 1985 2098 2040 arbitrio

521 2076 778 2144 pendere,
816 2088 882 2128 ac
928 2083 1217 2144 propterea
1275 2081 1384 2130 tam
1433 2063 1682 2147 pacatam
1732 2091 2100 2147 serenamqae

499 2167 804 2223 .hominum
860 2165 1053 2230 vitam,
1117 2183 1282 2238 quam
1343 2169 1715 2224 turbulentam
1777 2170 2097 2224 earumdem

518 2269 587 2315 ac
632 2257 1024 2315 tumultuosam
1051 2258 1426 2314 conditionem
1471 2278 1484 2314 :
1527 2269 1595 2315 ut
1623 2261 1879 2316 virtutem
1914 2262 2096 2331 magni

521 2349 1224 2418 facientes,improbitatem
1260 2360 1520 2423 tanquam
1549 2353 2102 2409 detestabilemvarer-

525 2451 736 2498 seritur.
1197 2447 1202 2452 '

593 2531 697 2598 Qui
727 2533 894 2603 igitur
915 2529 1240 2600 sapientiam
1281 2544 1310 2584 a
1349 2529 1460 2584 Deo
1513 2530 1746 2600 accepit,
1798 2546 1908 2585 non
1965 2546 2099 2586 eam

499 2629 628 2685 °sibi
665 2629 757 2684 uiti
789 2627 1091 2683 attribuere
1119 2626 1282 2680 debet
1350 2641 1415 2680 ac
1471 2625 1940 2689 circumscribere,
2004 2628 2100 2682 sed

522 2721 691 2778 \eluti
725 2721 958 2792 diligens
989 2719 1214 2789 quidam
1259 2717 1655 2788 paterfamilias
1711 2729 1766 2774 et
1805 2719 2096 2774 liberorum

500 2827 736 2884 amans,
788 2826 908 2866 eam
959 2811 1174 2868 caeteris
1226 2823 1446 2880 quoque
1496 2809 1841 2876 hominibus,
1895 2818 2098 2880 quanta

523 2903 694 2960 menti
721 2901 892 2957 indita
920 2902 1104 2967 fuerit,
1135 2901 1370 2971 singulis
1397 2901 1749 2963 distribuere.
1817 2913 1874 2956 ut
1923 2902 2100 2956 maui-

514 2989 665 3046 festo
695 2989 832 3045 bona
863 3001 919 3044 et
947 2989 1216 3044 habeatur
1251 2997 1304 3044 et
1323 2990 1662 3044 nominetur.
1697 2987 1833 3042 Nam
1901 2989 2100 3044 habere

2199 1889 2296 1942 καὶ
2321 1891 2596 1958 ,κινήσεως
2618 1905 2633 1918 ·
2665 1889 2872 1960 ἀρετὴν
2897 1889 2956 1941 δὲ
2989 1889 3082 1942 καὶ
3103 1889 3305 1942 κακίαν
3332 1890 3676 1962 ἐξηρτῆσθαι
3691 1891 3797 1962 τῆς

2199 1977 2950 2052 ἁνθριυπίνηςγνώμης,“καὶ
2983 1981 3126 2034 κατὰ
3152 1980 3216 2034 τὸ
3246 1981 3568 2046 ἀκόλουθον,
3588 2007 3600 2016 ~
3627 1985 3792 2056 είρη-

2199 2073 2356 2127 ναίαν
2390 2073 2484 2126 καὶ
2509 2071 2859 2144 γαληνιιῖισαν
2889 2074 3250 2137 κατάστασιν,
3283 2075 3377 2127 καὶ
3445 2073 3638 2144 μέντοι
3693 2077 3792 2129 καὶ

2199 2163 2489 2236 ταραχώδη
2531 2165 2626 2218 καὶ
2657 2163 2964 2235 πολεμικὴν
2993 2162 3272 2217 πολιτείαν
3311 2179 3326 2194 ⁸
3359 2164 3446 2217 ἵνα
3479 2167 3620 2236 περὶ
3659 2165 3792 2225 πολ-

2199 2253 2292 2308 λοῦ
2319 2255 2589 2308 ποιῶνται
2620 2255 2722 2326 τὴν
2746 2255 2972 2326 ἀρετὴν,
3017 2253 3265 2322 φεύγωσι
3321 2253 3380 2306 δὲ
3413 2253 3512 2325 τὴν
3581 2255 3792 2310 κακίαν

2197 2347 2277 2410 ώς
2304 2349 2604 2417 στυγητὴν.

2281 2523 2345 2580 '0
2371 2526 2555 2580 τοίνυν
2585 2527 2810 2605 ἐκβεοῦ
2853 2526 3049 2595 σοφίαν
3077 2525 3280 2594 λαϐὼν,
3323 2530 3528 2600 ἥκιστα
3570 2531 3787 2602 ταύτην

2199 2617 2404 2686 ὀφείλει
2452 2618 2712 2690 δωρίζειν
2741 2619 2838 2674 καὶ
2901 2623 3268 2692 περιγράφειν
3297 2625 3378 2687 είς
3433 2625 3635 2680 ἑαυτὸν
3690 2627 3788 2679 καὶ

2201 2712 2386 2782 μόνον,
2417 2711 2534 2767 ἀλλ’
2568 2708 2682 2766 οἷόν
2695 2729 2780 2777 τις
2816 2713 3129 2783 φιλότεκνος
3146 2717 3340 2790 πατὴρ
3372 2717 3466 2771 καὶ
3492 2717 3788 2790 φιλόστορ-

2197 2818 2316 2870 γος,
2347 2803 2626 2874 διανέμειν
2649 2804 2822 2858 αὐτὴν
2871 2806 2967 2859 καὶ
3026 2808 3195 2860 πᾶσιν
3231 2807 3412 2872 ἄλλοις
3466 2810 3787 2882 ἀνθρώποις

2199 2894 2325 2946 ὅσον
2349 2887 2484 2964 ἧκεν
2505 2897 2584 2956 είς
2617 2893 2862 2966 γνώμην,
2902 2895 2992 2951 ἵνα
3023 2895 3294 2967 λογίζοιτο
3351 2899 3447 2954 καὶ
3470 2904 3787 2974 κατονομὰ-

2201 2984 2350 3050 (om
2361 2986 2548 3056 σαφῶς
2562 2988 2764 3059 ἀγαθή.
2779 2989 2854 3042 To
2869 2988 2986 3061 γὰρ
3000 2991 3145 3061 ἔχειν
3174 2991 3388 3061 σοφίαν,
3405 2995 3594 3066 καὶμὴ
3609 2986 3788 3050 κατα-

425 3069 433 3076 ’
521 3082 872 3152 sapientiam,
913 3091 968 3137 et
1004 3083 1147 3136 hanc
1175 3081 1332 3150 quasi
1373 3081 1742 3135 haereditatem
1780 3097 1886 3136 non
1917 3092 2093 3135 trans-

2203 3077 2548 3150 κληροδοτεῖν
2566 3079 2736 3150 αὐτὴν
2753 3081 2848 3134 καί
2861 3096 3006 3136 τισιν
3017 3082 3218 3148 ἄλλοις,
3246 3085 3348 3139 οὐκ
3367 3085 3482 3141 ἐστι
3501 3087 3612 3142 τῶν
3647 3089 3788 3156 ἀγα-

525 3174 743 3228 tnittere
801 3173 868 3227 ad
897 3173 1057 3238 alios,
1107 3172 1376 3227 bonorum
1411 3171 1596 3242 utique
1629 3188 1736 3226 non
1789 3182 1894 3228 est.
1953 3171 2091 3227 Nam

2201 3169 2331 3225 θῶν.
2370 3167 2756 3234 ’Δπεικάζεται
2783 3170 2893 3242 γὰρ
2915 3171 2944 3224 ὁ
2969 3171 3216 3236 τοιοῦτος
3246 3175 3342 3226 καί⁵
3366 3176 3664 3246 προφανῶς
3689 3177 3783 3241 ἐξ·

506 3263 618 3335 ~qui
651 3265 760 3318 hoc
780 3263 930 3326 facit,
972 3263 1170 3318 similis
1204 3272 1370 3318 estet
1401 3263 1559 3332 plane
1592 3263 1994 3332 comparandus
2019 3265 2090 3330 ei,

507 3356 615 3426 -qui
647 3371 840 3421 unum,
865 3353 1011 3426 quod
1041 3364 1352 3424 acceperat,
1405 3355 1668 3409 talentum
1703 3355 1776 3410 ob
1805 3355 2092 3426 segnitiem

525 3457 580 3501 et
605 3447 874 3516 ignaviam
907 3446 1008 3499 sub
1037 3456 1180 3499 terra
1215 3445 1481 3500 condidit.
1512 3443 1614 3510 Qtti
1641 3459 1772 3500 vero
1803 3460 1924 3501 eam
1949 3445 2095 3500 mul-

523 3540 594 3595 tis
624 3539 746 3594 aliis
779 3537 970 3592 dividit
992 3543 1337 3606 et-tanquam
1385 3535 1758 3592 ltaereditatem
1811 3537 1996 3602 tradit,
2013 3537 2095 3591 il-

523 3634 637 3686 lum
665 3631 927 3696 imitatur,
959 3627 1054 3695 qui
1079 3628 1283 3686 talenta
1311 3629 1576 3698 quinque,
1605 3627 1810 3698 quique
1838 3628 1948 3682 duo
2001 3643 2095 3683 ac-

507 3723 685 3794 cepit.
711 3729 766 3776 et
810 3717 1000 3774 sedulo
1027 3719 1371 3788 honestoque
1397 3718 1630 3774 consilio
1663 3718 1877 3772 lucrum
1903 3733 2093 3774 eorum

522 3815 674 3884 auxit
712 3828 776 3867 ac
803 3811 1119 3882 duplicavit.
1153 3809 1309 3877 Quod
1340 3811 1561 3880 sapiens
1608 3807 1971 3865 Ecclesiastes
2016 3809 2091 3865 si-

521 3906 782 3976 guil’icare
815 3919 942 3960 cum
975 3903 1156 3970 vellet,
1202 3903 1280 3956 ait
1309 3919 1372 3956 τι
1411 3899 1480 3956 Et
1496 3899 1740 3971 amplius
1781 3901 2092 3956 videntibus

521 3998 716 4055 solem.
757 4015 776 4048 ι
809 3995 911 4062 Qui
943 3995 1089 4050 enim
1124 3994 1308 4048 datam
1335 3992 1442 4047 sibi
1475 3991 1738 4046 divinitus
1767 3991 2092 4062 sapientiam

519 4088 790 4156 diapertit,
823 4087 871 4143 is
920 4087 1120 4141 bonum
1174 4083 1394 4154 qudque
1439 4090 1735 4152 acceptum.
1773 4081 2090 4152 ampliﬁcat,

513 4179 784 4234 talentum
817 4177 1119 4247 adaugens,
1152 4175 1354 4246 quippe
1377 4174 1474 4244 qui
1523 4173 1710 4229 erudit
1764 4174 1990 4240 multos,
2037 4183 2092 4228 et

519 4273 650 4326 dum
683 4271 868 4340 plures
893 4284 1108 4333 eorum,
1131 4266 1227 4338 qui
1273 4267 1444 4322 solem
1495 4267 1646 4322 hunc
1703 4265 2090 4336 aspectabilem

521 4365 827 4426 intuentur,
876 4361 942 4415 ad
974 4375 1129 4414 vera-5
1157 4357 1459 4415 sententias
1495 4367 1550 4414 et
1569 4357 1869 4428 spiritalem
1923 4359 2088 4413 vitam

2195 3259 2479 3332 ωμοίωται
2500 3261 2580 3331 τῷ
2595 3258 2815 3314 λαϐόντι
2838 3263 2900 3316 τὸ
2919 3261 3266 3326 ἐντάλαντον
3281 3264 3375 3318 καὶ
3395 3267 3784 3336 καταχώσαντι

2199 3352 2288 3406 διὰ
2319 3353 2606 3426 ῥᾳστώνης
2643 3353 2740 3408 καὶ
2760 3354 3034 3426 ῥᾳθυμίας
3072 3356 3153 3420 είς
3183 3356 3305 3425 γῆν.
3349 3356 3407 3410 ’0
3421 3355 3478 3410 δὲ
3501 3357 3782 3428 διανέμων

2198 3444 2370 3514 αὐτὴν
2401 3445 2502 3498 ’καὶ
2531 3439 3014 3515 κατακληροδοτῶν
3053 3449 3148 3500 καὶ
3158 3447 3373 3513 πολλοῖς
3401 3448 3606 3514 ἄλλοις,
3633 3452 3782 3504 ἔοικε

2198 3534 2278 3604 τῷ
2305 3529 2526 3588 λαϐόντι
2553 3538 2717 3589 πέντε
2746 3531 2988 3591 τάλαντα
3009 3528 3202 3592 καὶτὰ
3235 3537 3350 3606 δύο,
3381 3540 3476 3593 καὶ
3501 3539 3593 3596 διὰ
3623 3542 3780 3612 φιλο-

2200 3623 2364 3676 πόνου
2390 3624 2487 3677 καὶ
2535 3624 2829 3693 φιλοκάλου
2881 3626 3260 3697 προαιρέσεως
3313 3628 3615 3698 αὐξήσαντι
3682 3629 3781 3683 καὶ

2197 3715 2616 3773 διπλασιάσαντι
2641 3717 2701 3770 τὸ
2732 3717 2922 3787 κέρδος
2949 3719 3148 3774 αὐτῶν.
3182 3720 3362 3791 Ὅπερ
3405 3721 3780 3792 αἰνιττόμενος

2197 3809 2226 3862 ὁ
2259 3807 2423 3876 σοφὸς
2450 3807 2904 3880 Ἐκκλησιαστὴς,
2937 3805 3061 3864 εἷπε
3089 3829 3103 3844 ·
3137 3830 3158 3863 ι
3199 3813 3308 3866 Καὶ
3345 3813 3638 3884 περισσεία
3661 3815 3780 3874 τοῖς

2199 3899 2468 3972 θεωροῦσι
2494 3899 2589 3953 τὸν
2623 3901 2798 3971 ἥλιον.
2837 3919 2856 3953 ι
2909 3901 2969 3956 '0
3001 3905 3113 3974 γὰρ
3161 3903 3506 3975 κληροδοτῶν
3537 3904 3635 3976 τὴν
3687 3903 3778 3958 δε·

2195 3990 2432 4064 δομένην
2454 3993 2604 4065 αὐτῷ
2651 3991 2846 4064 σοφίαν
2873 3993 3060 4048 θεόθεν
3085 3996 3184 4049 καὶ
3229 3997 3551 4066 περισσείαν
3595 3998 3676 4060 είς
3715 3994 3781 4047 τὸ

2197 4079 2404 4149 ἀγαθὸν
2445 4080 2848 4154 ἀπεργάζεται,
2891 4083 3384 4148 πολλαπλασιάζων
3407 4086 3470 4138 τὺ
3493 4085 3778 4146 τάλαντον,

2198 4171 2296 4225 ἅτε
2335 4172 2401 4244 δὴ
2430 4173 2727 4238 συνετίζων
2748 4173 2996 4238 πολλοὺς,
3041 4175 3134 4227 καὶ
3181 4175 3320 4242 πρὸς
3349 4175 3573 4244 ἀληθεῖς
3617 4174 3780 4238 δόξας

2198 4263 2293 4318 καὶ
2343 4247 2724 4336 πνευματικὰς
2745 4264 3113 4326 καταστάσεις
3144 4263 3505 4332 δφελκόμενος
3521 4265 3628 4317 τῶν
3649 4264 3780 4334 βλε-

2197 4355 2412 4410 πόντων
2458 4357 2549 4410 τδν
2582 4355 2840 4424 αἰσθητὸν
2873 4354 3026 4424 ἥλιον
3048 4352 3260 4416 τοῦτον,
3314 4353 3410 4408 καὶ⁸
3441 4353 3540 4424 τὴν
3607 4354 3773 4418 δόξαν

513 4455 788 4524 perducit,
840 4451 1002 4522 179
1047 4451 1212 4506 simul
1255 4449 1346 4506 Dei
1401 4449 1632 4522 gloriam
1679 4465 1870 4505 eorum
1919 4451 2093 4506 salute

2197 4444 2290 4498 τοῦ
2311 4444 2459 4502 ’Θεοῦ
2485 4445 2574 4499 διὰ
2601 4445 2702 4514 τῆς
2735 4444 2884 4512 σφῶν
2919 4445 3188 4516 σωτηρίας
3211 4443 3482 4508 ὶπαύξων.
3517 4439 3641 4499 Οἷον
3659 4444 3772 4515 γάρ

519 4548 770 4618 adauget.
798 4545 936 4598 Nam
970 4543 1130 4598 veluti
1165 4543 1356 4597 umbra
1374 4542 1608 4612 quadam
1636 4543 1754 4598 sive
1783 4552 2092 4612 legumento

518 4637 804 4706 Sapientia:
833 4650 946 4690 suae
969 4635 1039 4688 ab
1086 4642 1442 4690 externorum
1493 4632 1842 4703 captionibus
1885 4643 2086 4700 tuetur,

519 4739 577 4784 et
604 4729 673 4782 ab
710 4737 848 4782 testu
901 4726 1108 4796 peccati
1135 4735 1300 4794 atque
1345 4725 1648 4794 impiarum
1688 4725 2088 4794 cogitationum

521 4817 795 4870 immunes
822 4821 1061 4884 prtestat.
1102 4811 1167 4867 Et
1193 4815 1296 4867 ltoc
1325 4813 1518 4883 utique
1547 4815 1667 4870 sine
1713 4816 2089 4871 controversia

521 4892 637 4971 est,
672 4904 817 4974 quod
853 4903 1038 4958 addit:
1072 4923 1090 4954 ι
1123 4902 1258 4968 Qui:
1289 4903 1343 4956 in
1388 4903 1580 4958 umbra
1627 4903 1744 4972 ejus
1800 4899 2088 4975 sapientia,

521 4996 664 5050 sicut
693 4997 886 5048 umbra
916 4993 1126 5064 argenti
1155 5009 1171 5062 ;
1217 5011 1236 5042 ι
1271 4991 1736 5062 quemadmodum
1788 4995 1936 5048 enim
1995 4997 2088 5065 qui

521 5089 662 5140 dona
699 5085 932 5138 alterunt
959 5098 1008 5138 et
1042 5092 1326 5163 argentum
1351 5085 1482 5140 dant
1525 5083 1595 5138 iis
1627 5099 1657 5138 a
1706 5083 1910 5154 quibus
1964 5087 2088 5140 laedi

521 5185 770 5246 possunt,
807 5175 889 5228 vel
921 5176 1222 5244 perieulum
1251 5184 1334 5231 est
1401 5190 1470 5230 ue
1493 5175 1900 5242 laedantur-Hel
1924 5179 2090 5249 aqui-

520 5278 623 5322 ttus
651 5266 850 5336 captivi
887 5267 1154 5322 habentur
1180 5277 1238 5324 et
1287 5266 1434 5322 male
1488 5277 1757 5322 vexantur
1797 5279 1853 5324 at
1901 5270 2089 5340 pejora

519 5359 574 5414 itt
615 5357 731 5412 dies
765 5367 1034 5424 metuunt,
1067 5357 1226 5428 quasi
1259 5357 1460 5412 umbra
1519 5358 1774 5426 protecti,
1835 5361 2090 5429 nequitia:

515 5467 706 5507 eorum
739 5460 932 5506 aestum
959 5451 1187 5514 evitant,
1217 5459 1274 5504 et
1307 5449 1671 5518 periculorum
1703 5451 1902 5506 [luctus
1956 5452 2092 5507 επο-

513 5543 671 5612 giuut
717 5563 730 5597 :
765 5544 846 5598 sic
873 5551 928 5598 et
969 5542 1168 5596 diVilliB
1203 5539 1485 5609 sapientiae
1535 5542 1855 5598 distributio
1894 5553 1944 5597 et
1968 5553 2089 5598 tan-

516 5649 681 5702 quam
717 5635 1052 5690 lnercditatis
1073 5631 1292 5696 divisio,
1360 5645 1486 5686 cum
1533 5633 1740 5697 umbrae
1803 5635 1975 5690 instar
2017 5639 2086 5690 ab

517 5732 649 5776 testu
679 5733 923 5794 protegat
989 5731 1210 5775 tentata:
1264 5722 1550 5796 mentiset
1583 5724 1938 5780 allicieutiuut
2003 5729 2086 5782 vi-

2191 4553 2301 4590 τινι
2334 4538 2462 4606 σκιᾷ
2493 4536 2614 4607 ἦτοι
2639 4537 2704 4606 τῇ
2738 4534 2915 4606 σκέπῃ
2958 4534 3058 4606 τῆς
3089 4535 3280 4604 σοφίας
3313 4535 3481 4588 αὑτοῦ
3506 4536 3614 4589 τῶν
3671 4535 3774 4590 ἀλ-

2192 4626 2436 4698 λοφύλων
2479 4626 2881 4697 ἐνθυμημάτων
2916 4624 3145 4698 ἐξαιρεῖ,
3209 4627 3303 4680 καὶ
3343 4627 3437 4680 τοῦ
3489 4626 3773 4688 καύσωνος

2192 4717 2590 4792 ἀπολυτροῦται
2613 4710 2716 4790 τῆς
2743 4719 3040 4790 ἁμαρτίας,
3069 4721 3164 4772 καὶ
3197 4719 3306 4773 τῶν
3336 4719 3551 4775 ἀσεϐῶν
3613 4719 3771 4773 ἐνθυ-

2197 4811 2436 4882 μήσεων.
2499 4809 2613 4865 Καὶ
2657 4810 2818 4866 τοῦτό
2876 4815 3029 4867 ἔστιν
3086 4813 3196 4884 ἄρα
3259 4811 3449 4882 σαφῶς
3502 4814 3533 4866 ὅ
3581 4829 3768 4882 φησιν,

2200 4921 2218 4954 ι
2252 4887 2376 4956 ’ότι
2411 4903 2470 4968 ἐν
2501 4905 2632 4976 σκιᾷ
2661 4904 2832 4974 αὐτῆς
2865 4907 2898 4976 ἡ
2931 4906 3116 4976 σοφία,
3159 4907 3236 4970 ὼς
3267 4905 3396 4960 σκιὰ
3451 4904 3546 4958 τοῦ
3600 4907 3768 4978 ἅργυ·

2197 4993 2348 5065 ρίου·
2381 5014 2402 5048 ι
2451 4997 2708 5070 καθάπερ
2729 4999 2837 5070 γὰρ
2867 5002 2914 5052 οἱ
2955 4998 3359 5072 προσφέροντες
3401 4999 3550 5069 δῶρα
3577 5001 3672 5052 καὶ
3689 4999 3770 5052 δι-

2191 5087 2374 5154 δόντες
2414 5089 2476 5142 τὺ
2509 5091 2774 5162 ἀργύριον
2806 5095 2920 5154 τοῖς
2971 5091 3292 5162 δυναμένοις
3343 5089 3448 5145 καὶ,
3492 5091 3768 5161 πειρωμέ-

2193 5195 2304 5242 νοις
2348 5181 2548 5245 αὺτοὺς
2584 5181 3040 5253 παραϐλάπτειν,
3081 5181 3116 5250 ἢ
3173 5179 3270 5234 καὶ
3325 5181 3646 5252 τατέχουσιν
3695 5179 3768 5242 ὡς

2193 5269 2573 5338 αἰχμαλώτους
2601 5272 2695 5324 καὶ
2739 5269 3112 5324 συνθλίϐουσιν
3141 5271 3239 5324 καὶ
3266 5273 3338 5324 τὰ
3384 5273 3550 5344 χείρω
3600 5289 3768 5344 προσ-

2191 5365 2527 5431 απειλοῦσιν,
2565 5359 2648 5428 ώς
2684 5367 2742 5417 ἐν
2774 5365 2906 5436 σκιᾷ
2937 5365 3336 5437 φυλαττόμενοι
3367 5367 3462 5422 τοῦ
3493 5368 3767 5431 καύσωνος

2190 5456 2290 5524 τῆς
2319 5456 2521 5518 κακίας
2550 5455 2730 5509 αὐτῶν
2760 5455 3167 5526 ἐκλυτροῦνται,
3203 5459 3420 5512 καὶτῶν
3447 5458 3766 5532 πειρασμῶν

2190 5546 2630 5617 διαδιδράσκουσι
2656 5545 2718 5599 τὸ
2747 5546 3040 5601 κλυδώνιον
3075 5566 3087 5578 ·
3129 5549 3272 5603 οὕτω
3312 5551 3408 5605 καὶ
3465 5552 3566 5620 τῆς
3618 5550 3767 5609 θείας

2193 5637 2385 5706 σοφίαῖ
2415 5639 2452 5708 ἡ
2496 5637 2728 5709 διανομὴ
2763 5639 2861 5692 καὶ
2882 5639 3211 5712 κληροδοσία
3253 5632 3411 5713 δίκην
3463 5643 3620 5704 σκιᾶς
3668 5657 3764 5692 πε-

2195 5727 2531 5800 ρισκέπουσα
2561 5729 2656 5782 τοῦ
2682 5731 2967 5794 καύσωνος
3015 5733 3122 5785 τῶν
3179 5733 3384 5804 νοητῶν
3441 5731 3760 5804 πειρασμῶν
