4076 6310
507 355 638 438 1011

1627 375 1688 448 S.
1739 372 2118 442 GBEGORII
2156 372 2668 436 AGRIGENTINI

3617 370 3790 435 1012

505 481 730 553 prodiit.
790 480 912 548 llis,
940 479 1136 552 inquit,
1181 496 1216 538 o
1273 481 1556 550 mortales,
1621 483 1867 564 omissis,
1923 498 2076 553 quae-

2204 481 2283 550 roﬁ
2331 482 2426 537 καὶ
2457 483 2732 536 Δεσπότου
2764 500 2780 516 σ
2836 484 3034 548 ταῦτα,
3081 483 3272 566 φησιν,
3327 481 3616 556 παρέντες,
3672 484 3790 536 ἇν-

505 588 726 644 eunque
762 575 896 630 tlant
951 589 1042 630 res
1096 583 1261 644 atque
1299 575 1657 645 contingant,
1727 576 1934 646 gratias
1974 575 2084 630 Deo

505 665 745 722 universi
779 665 993 722 reddite
1020 681 1086 722 ac
1117 667 1341 724 meritas
1371 667 1564 723 laudes
1605 685 1620 722 :
1658 679 1718 722 ut
1748 683 1930 739 neque
1985 669 2077 734 iis,

503 771 628 826 quae
654 757 796 812 bona
814 747 1132 822 'videantur,
1164 758 1358 812 tumidi
1391 759 1630 828 elatique
1683 757 1830 813 fastu
1887 773 2080 828 super-

503 847 692 913 biatis,
723 854 777 902 et
809 861 1004 919 magna
1030 863 1157 903 cum
1187 849 1423 904 aliorum
1477 859 1791 920 contemptu
1820 850 2076 920 jactetis;

503 955 685 1012 neque
724 939 826 1006 iis,
858 956 981 1012 quas
1039 939 1218 997 tristia
1276 933 1542 1013 apparent
1604 950 1770 1014 atque
1821 945 2078 1008 molesta,

505 1032 765 1102 perculsi,
797 1031 867 1088 ad
907 1033 1199 1104 ignobilem
1265 1034 1628 1090 humilitatem
1691 1046 1749 1090 et
1805 1050 2078 1092 summam

506 1123 674 1178 animi
710 1124 1076 1194 abjectionem
1114 1124 1391 1181 recidatis.
1431 1125 1739 1196 Utrumque
1787 1127 1932 1180 enim
1989 1125 2078 1180 in-

508 1215 772 1272 decorum
813 1223 920 1282 est,
959 1224 1017 1272 et
1041 1217 1274 1272 cordato
1305 1216 1498 1285 utique
1525 1217 1648 1272 viro
1677 1225 1844 1288 atque
1875 1217 2080 1273 intelli-

509 1315 671 1376 gente
697 1306 922 1363 minime
945 1306 1194 1378 dignum.
1219 1307 1428 1364 Idcirco
1466 1307 1736 1378 subjecit:

595 1595 752 1666 181
789 1596 951 1654 Vsus.
982 1598 1070 1654 14.
1103 1597 1168 1653 In
1201 1601 1288 1654 die
1321 1601 1576 1656 bonitatis
1605 1603 1712 1656 vive
1739 1602 1795 1656 in
1821 1601 1978 1668 bono,
2038 1509 2252 1666 illi“.

514 1686 570 1740 in
598 1687 686 1740 die
715 1687 846 1740 mali
878 1688 996 1742 vide
1016 1689 1310 1744 bonitatem
1339 1706 1358 1744 :
1412 1693 1531 1746 vide
1573 1693 1738 1747 etiam
1798 1693 1896 1748 hoc
1951 1707 2081 1748 con-

514 1792 711 1848 gruum
735 1779 860 1832 huic
887 1780 1024 1852 (72}.
2033 1850 2039 1856 ἡ

591 1867 747 1922 Diem
775 1869 1030 1926 bonitatis
1061 1873 1297 1943 appellat
1326 1882 1542 1944 tempus
1565 1877 1717 1932 auris
1768 1885 1934 1946 atque
1983 1877 2092 1934 im-

518 1959 711 2016 bribus
769 1962 997 2031 placidis
1055 1965 1469 2036 moderatiSQUe
1535 1975 1918 2037 temperatum,
1969 1985 2092 2040 qum

519 2059 681 2108 terra:
713 2054 781 2107 ad
821 2053 1006 2124 fruges
1046 2055 1303 2112 ferendas
1336 2058 1572 2126 prosint,
1615 2066 1670 2114 et
1699 2075 1912 2125 eorum,
1970 2074 2094 2132 quae

518 2143 838 2200 hominibus
869 2147 936 2202 ad
978 2163 1133 2203 esum
1173 2149 1488 2204 necessaria
1519 2161 1670 2215 sunt,
1726 2150 1943 2220 copiam
2005 2153 2089 2221 gi-

517 2245 689 2304 gnant
721 2254 734 2289 :
773 2235 1026 2306 idemque
1077 2246 1327 2308 pacatum
1367 2249 1420 2294 et
1449 2239 1633 2295 hostili
1685 2240 2002 2298 incursione
2030 2256 2094 2298 ac

519 2323 948 2393 praedationibus
990 2327 1245 2383 liberum.
1319 2328 1527 2384 Contra
1582 2345 1716 2387 vero
1771 2333 1910 2386 diem
1963 2333 2096 2387 mali

521 2425 756 2483 tempus,
787 2430 898 2484 quo
951 2417 1230 2472 contraria
1301 2419 1388 2474 his
1449 2419 1727 2476 dominari
1785 2423 2092 2488 videamus,

519 2503 672 2558 velut
707 2505 854 2559 aeris
888 2504 1290 2576 intemperiem,
1331 2517 1431 2562 aut
1471 2511 1756 2578 penuriam
1815 2527 2092 2581 aquarum

520 2600 618 2646 aut
643 2593 855 2662 pluvias
890 2594 1133 2664 ingentes
1162 2595 1392 2650 nimium
1430 2613 1498 2653 ac
1547 2613 1766 2668 graves,
1823 2594 1916 2656 aut
1969 2601 2097 2656 hos-

523 2684 660 2738 tium
699 2683 1034 2755 irruptiones
1063 2701 1128 2741 ac
1158 2686 1465 2754 latrocinia,
1527 2698 1693 2758 atque
1749 2689 1836 2744 his
1867 2689 2092 2746 similia.

522 2775 789 2830 Hortatur
835 2792 1020 2846 porro,
1080 2793 1148 2833 ne
1191 2777 1466 2848 prioribus
1533 2779 1615 2836 sic
1667 2772 1980 2848 eﬂ‘eramur,
2037 2791 2100 2838 ut

523 2865 756 2920 rationis
786 2880 852 2920 ac
883 2867 1079 2922 mentis
1107 2868 1216 2922 vim
1247 2866 1304 2923 in
1337 2869 1606 2925 desidiam
1659 2871 1991 2937 relaxemus,
2044 2883 2100 2930 et

523 2955 786 3024 praeclara
837 2956 964 3011 boni
1023 2957 1490 3030 intelligentisque
1537 2959 1729 3031 judicii
1777 2963 2095 3018 conditione

2185 575 2413 644 θρωποι,
2443 574 2548 670 την
2575 575 2670 628 ἐπὶ
2703 577 2838 629 πᾶσι
2863 579 2975 640 τοῖς
2997 576 3250 658 γεγονόσι
3271 577 3366 630 καὶ⁵
3399 575 3790 646 συμϐαίνουσι

2183 665 2478 737 πράγμασι
2500 665 2627 744 ’τὴν
2643 666 2976 738 εὐχάριστον
3013 667 3369 736 ἀναπέμπετε
3398 666 3478 738 τῷ
3502 667 3618 738 Θεῷ
3651 667 3790 720 τῶν

2182 756 2320 810 ὅλων
2357 755 2572 827 δοξολογ
2585 757 2670 812 ίαν
2697 757 3051 828 χρεωστικῶς
3076 772 3091 790 ⁸
3128 759 3224 812 καὶ
3254 761 3390 830 μήτε
3431 763 3544 823 τοῖς
3573 757 3792 814 δοκοῦ-

2181 864 2238 901 σι
2282 852 2538 919 χρηστοῖς
2563 849 3164 920 προσεξογκοῢσθε,καὶ
3183 849 3320 920 πρὸς
3349 851 3671 920 ὑπερηφάνε
3684 869 3782 904 ιω.

2184 939 2461 1009 ὲπάρθητε
2493 939 2588 992 καὶ
2621 939 3184 1011 μεγαλορῤημοσύνην
3201 939 3296 992 καὶ
3325 940 3784 1010 καταφρόνησιν,

2189 1033 2330 1101 μήτε
2357 1031 2472 1096 τοῖς
2507 1031 2664 1102 ἀνιᾷν
2693 1029 2912 1084 δοκοῦσι
2941 1031 3034 1084 καὶ
3061 1031 3328 1100 λυπηροῖς
3393 1031 3529 1101 πρὸς
3564 1032 3788 1100 ἀγεννῆ

2185 1123 2574 1192 ταπεινότητα,
2612 1123 2710 1176 καὶ
2741 1121 2942 1194 πολλὴν
2971 1123 3212 1192 ἀθυμίαν
3250 1122 3482 1194 καρδίας
3535 1123 3794 1177 καταϐι-

2189 1211 2444 1275 ϐάζεσθε.
2487 1209 2710 1265 Τούτων
2737 1211 2847 1282 γὰρ
2880 1209 3144 1281 ἑκάτερον
3176 1211 3426 1283 ἀπρεπὲς
3488 1210 3584 1264 καὶ
3649 1211 3795 1264 δια-

2193 1303 2345 1366 νοίας
2377 1302 2598 1367 ἀνάξιον
2628 1301 2902 1374 ἔμφρονος
2924 1301 3168 1375 δηλονότι
3191 1302 3288 1356 καὶ
3308 1303 3558 1375 συνετῆς.
3599 1303 3793 1374 Ἀμέ-

2191 1396 2276 1450 λει
2307 1395 2488 1449 τοίνυν
2510 1396 2790 1467 ἐπήγαγεν
2819 1410 2834 1424 ·

2275 1605 2381 1658 Ἑν
2421 1600 2613 1672 ἡμέρᾳ
2667 1600 3067 1671 ἀγαθωσύνης
3121 1599 3248 1668 ζῆθι
3283 1599 3354 1653 ἐν
3401 1597 3623 1667 ἀγαθῷ,
3666 1591 3788 1672 καὶ

2189 1693 2260 1748 ἐν
2291 1691 2482 1762 ἡμέρᾳ
2508 1691 2724 1756 κακίας
2760 1689 2852 1742 ἴδε
2889 1690 3296 1757 ἁγαθωσύνην
3324 1705 3340 1720 ο
3404 1687 3497 1742 ῑδε
3549 1689 3652 1742 καί
3705 1703 3794 1758 τρ

2192 1783 2370 1837 τοῦτο
2397 1783 2726 1853 σύμφωνον
2755 1779 2970 1844 τούτῳ.
3235 1773 3240 1778 ’
3573 1841 3584 1850 ¹

2263 1873 2375 1944 Τῆς
2403 1869 2770 1940 ἀγαθωσύνης
2790 1871 3010 1941 ἡμέραν
3031 1869 3122 1924 τὸν
3149 1869 3341 1941 καιρὸν
3369 1867 3648 1940 ,ὀνομάζει
3670 1865 3784 1935 εδδ

2193 1970 2254 2023 ὲν
2283 1969 2353 2040 τῇ
2384 1963 2656 2037 εὐκρασίᾳ
2679 1963 2790 2018 τῶν
2815 1963 2998 2034 ἀέρων
3027 1963 3123 2018 καὶ
3152 1963 3261 2017 τῶν
3313 1961 3610 2032 εἰρηνικῶν
3669 1959 3792 2030 ὀμ.-

2193 2060 2341 2132 ϐρων
2371 2057 2469 2111 καὶ
2500 2054 2856 2124 συμμέτρων,
2900 2055 2997 2108 καὶ
3042 2054 3182 2125 πρὸς
3255 2053 3632 2122 καρποφορίαν
3666 2049 3789 2119 τῆς

2192 2149 2295 2218 γῆς
2325 2145 2811 2218 συμϐαλλομένων,
2861 2146 2956 2198 καὶ
3006 2141 3110 2212 τῆς
3173 2143 3281 2196 τῶν
3332 2143 3612 2212 ἐδωδίμων
3657 2142 3788 2204 τοῖς

2195 2236 2504 2310 ἀνθρώποις
2566 2235 2827 2307 εὐθηνίας
2884 2234 3182 2304 ποιητικῶν
3211 2249 3225 2263 ·
3269 2233 3388 2287 ’καὶ
3438 2232 3620 2303 μέντοι
3670 2229 3785 2299 τῆς

2193 2331 2449 2403 δῃώσεως
2491 2329 2585 2384 καὶ
2627 2327 2862 2396 ληΐσεως
2885 2325 2998 2378 τῶν
3041 2313 3358 2393 ἀλλοφύλων
3411 2319 3787 2392 ἀπηλλαγμέ-

2195 2439 2314 2477 νον·
2351 2421 2582 2491 ἠμέραν
2623 2419 2680 2473 δὲ
2708 2417 2926 2482 κακίας
2973 2415 3214 2488 ἔμπαλιν
3276 2414 3366 2468 τὸν
3428 2413 3622 2484 καιρὸν
3679 2411 3782 2465 τὸν

2195 2512 2598 2582 διαγνωσθέντα
2648 2509 2758 2563 τῶν
2826 2507 3038 2572 τούτοις
3085 2505 3480 2576 ἀντικειμένων
3548 2504 3777 2576 πλήρηο

2195 2601 2308 2659 οἷον
2353 2604 2532 2674 ἀέρων
2584 2601 2920 2672 δυσκρασίας
2972 2597 3336 2672 ¹ηπαντελοῦς
3382 2595 3682 2667 ἀνομϐρίας
3737 2595 3778 2668 1

2199 2694 2579 2764 σφοδροτάτων
2594 2691 2690 2746 καὶ
2711 2687 3158 2759 καθ’ὑπερϐολὴν
3173 2685 3368 2746 ὑετῶν,
3396 2684 3430 2754 ἣ
3458 2681 3783 2752 πολεμικῶν

2197 2783 2558 2856 καταδρομῶν
2587 2785 2680 2837 καὶ
2702 2782 2958 2853 ληῒσεων,
3005 2780 3099 2834 καὶ
3153 2777 3263 2830 τῶν
3319 2775 3534 2837 τούτοις
3589 2789 3782 2842 παρα-

2168 2875 2464 2946 πλησίων.
2497 2871 3106 2946 Παρεγγυᾶταιδοίνυν
3139 2869 3282 2939 μήτε
3327 2868 3444 2930 τοῖς
3484 2863 3784 2936 προτέροις

2199 2963 2544 3036 ἐπαίρεσθαι,
2570 2961 2668 3016 καὶ
2693 2961 2830 3031 πρὸς
2863 2959 3140 3032 ρᾳθυμίαν
3170 2957 3451 3028 ύποχαλᾷν
3494 2957 3623 3018 τοὺς
3675 2953 3786 3022 τῆς

527 3046 859 3117 posthabita,
901 3046 973 3103 ab
995 3049 1166 3104 animi
1197 3029 1480 3121 vigilantia
1500 3029 1668 3122 atque
1700 3068 1733 3108 a
1765 3062 1916 3110 recto
1937 3054 2093 3110 labo-

2204 3029 2383 3127 ψυχῆς
2410 3029 2749 3123 λογισμοὺς,
2775 3029 2874 3106 καί
2904 3029 3268 3120 καταφρονεῖν
3291 3049 3391 3118 τῆς
3427 3045 3641 3116 ἀγαθῆς
3682 3042 3786 3112 καὶ

529 3151 654 3192 rum
684 3139 870 3193 studio
897 3139 1216 3195 decidamus
1251 3159 1266 3196 :
1301 3143 1395 3210 sed
1429 3151 1486 3198 ut
1517 3159 1625 3200 non
1659 3145 1858 3202 minori
1889 3161 2026 3202 cura
2048 3157 2104 3203 et

531 3229 759 3284 consilia
797 3229 988 3285 eadem
1016 3231 1159 3286 bona
1194 3241 1248 3288 et
1287 3248 1438 3304 spem
1493 3233 1765 3308 [idemque
1820 3253 1885 3294 ac
1916 3240 2104 3308 perfe-

529 3330 674 3375 ctam
705 3320 1030 3377 cbaritatem
1084 3337 1212 3392 erga
1264 3339 1542 3380 summum
1599 3326 1771 3382 Deum
1827 3337 2102 3395 tueamur,

531 3408 834 3464 bonitatem
859 3419 1136 3469 sectantes
1164 3429 1309 3480 eam,
1334 3431 1455 3484 quae
1482 3417 1564 3472 illi
1607 3420 1836 3475 omnino
1879 3421 2102 3484 charos,

535 3508 632 3554 aut
657 3509 825 3564 certe,
847 3511 1113 3570 quantum
1165 3503 1282 3560 tleri
1337 3516 1536 3576 potest,
1577 3519 1830 3580 acceptos
1887 3510 2102 3574 etliciat.

538 3589 717 3646 Simili
747 3601 928 3646 autem
966 3593 1130 3649 modo
1165 3603 1224 3651 et
1257 3597 1312 3650 in
1369 3599 1767 3668 posterioribus
1837 3603 2104 3669 hortatur,

539 3691 600 3738 ut
631 3685 879 3740 eamdem
909 3685 1034 3740 vita:
1060 3687 1491 3757 aequabilitatem
1521 3705 1802 3750 servemus
1828 3709 1894 3749 ac
1923 3704 2109 3751 custo-

537 3775 778 3840 diamus,
813 3792 1096 3846 nunquam
1133 3779 1203 3834 de
1227 3781 1446 3838 virtutis
1475 3783 1648 3854 gradu
1675 3785 1867 3854 deiecti
1905 3805 1919 3841 :
1975 3787 2110 3842 nihil

540 3875 603 3920 ut
632 3865 863 3922 moleste
889 3865 1152 3932 feramus,
1183 3877 1280 3923 aut
1310 3881 1545 3926 mentem
1576 3873 1646 3927 ad
1682 3873 1920 3931 nefarias
1954 3877 2107 3946 cogi-

539 3959 776 4014 tationes
807 3966 863 4014 et
907 3960 1102 4016 noxios
1154 3976 1368 4017 errores
1419 3964 1594 4019 delabi
1639 3967 1914 4036 patiamur
1951 3985 1982 4036 :V
2016 3968 2112 4024 sed

543 4052 597 4104 in
625 4050 711 4107 bis
739 4049 926 4118 etiam,
961 4051 1215 4107 laudibus
1253 4068 1472 4110 summo
1519 4054 1630 4112 Deo
1658 4058 1879 4114 tributis
1910 4069 1965 4114 et
1993 4074 2115 4130 gra-

541 4143 635 4199 tiis
661 4143 822 4208 actis,
862 4143 1220 4200 stabilitatem
1243 4147 1414 4202 animi
1439 4151 1916 4220 constantiamque
1969 4167 2112 4221 prae-

544 4243 775 4288 stemus.
806 4231 944 4288 Nam
965 4234 1036 4300 si,
1069 4235 1266 4305 inquit,
1309 4237 1562 4292 eumdem
1611 4237 1810 4294 all‘eres
1869 4240 2114 4294 animum

544 4325 612 4378 ad
645 4325 874 4381 adversa
903 4337 1068 4396 atque
1093 4326 1394 4392 contraria,
1428 4329 1568 4402 scito
1589 4340 1644 4385 et
1691 4345 1790 4401 pro
1829 4340 2115 4401 comperto

544 4415 763 4481 habeto,
789 4415 1188 4470 contrariorum
1219 4427 1512 4472 eventuum
1541 4426 1836 4489 utrumque
1855 4422 2116 4476 cumdel...

543 4505 751 4561 exitum
787 4505 1054 4575 planeque
1087 4506 1320 4561 similem
1348 4505 1618 4572 futurum,
1647 4507 1704 4562 id
1751 4519 1836 4563 est
1869 4509 2072 4564 bonum
2100 4529 2114 4564 :

546 4596 692 4666 quod
725 4597 972 4660 animum
1000 4611 1155 4668 teque
1182 4597 1251 4652 ad
1279 4605 1574 4668 utrumque
1612 4608 1863 4670 paratum
1913 4600 2121 4657 habue-

549 4689 648 4752 ris,
669 4697 723 4744 et
748 4696 856 4744 tam
887 4691 1254 4744 secundarum
1285 4705 1494 4756 rerum,
1548 4705 1714 4761 quam
1765 4693 2120 4748 adversarum

550 4797 784 4836 occursu
817 4776 1102 4836 imtnotum
1129 4797 1366 4856 semper,
1395 4797 1460 4838 ac
1489 4784 1622 4838 boni
1653 4785 1868 4842 consilii
1923 4802 2125 4858 propo-

551 4872 752 4942 sitique
780 4882 1046 4928 tenacem.
1093 4871 1228 4926 Nam
1271 4873 1378 4930 hoc
1431 4873 1716 4942 indicavit,
1771 4891 1894 4935 cum
1937 4878 2121 4932 dixit:

542 4973 576 5013 ἰ
617 4963 746 5018 Vide
775 4965 940 5019 etiam
973 4966 1078 5020 hoc
1135 4979 1438 5036 congruum
1501 4967 1648 5032 huic,
1682 4985 1702 5018 ι
1754 4983 1854 5038 pro
1915 4971 2127 5026 ratione

555 5054 769 5110 scilicet
805 5056 1061 5111 humana:
1087 5055 1417 5122 aﬂ'ectionis,
1449 5073 1576 5114 cum
1607 5075 1670 5115 ea
1701 5061 1890 5127 etiam,
1917 5079 2041 5130 quae
2060 5077 2127 5118 ex

555 5147 786 5202 adverso
815 5149 1160 5218 contingunt,
1189 5149 1390 5204 bonum
1420 5150 1486 5205 ad
1523 5151 1816 5206 terminum
1855 5167 2129 5208 consensu

557 5237 795 5308 quodam
825 5239 985 5312 182
1010 5242 1414 5314 concordiaque
1472 5242 1764 5308 feranturr
1795 5243 1886 5299 Ait
1937 5245 2133 5302 deinde

559 5329 925 5386 Ecclesiastes
949 5349 962 5384 :

639 5711 749 5778 (72)
782 5711 936 5780 Apud
969 5710 1111 5764 LXX
1140 5711 1468 5780 legimus....
1511 5709 1602 5780 Ἑν
1645 5707 1882 5780 ἀγαθῷη
1908 5709 2003 5762 καὶ
2061 5708 2136 5780 ῐδε

557 5782 614 5836 ἐν
640 5777 818 5852 ἡμέρᾳ
832 5777 1070 5845 κακίας,
1087 5780 1159 5834 ἴδε
1171 5820 1182 5834 .
1198 5777 1306 5836 Καί
1322 5778 1686 5850 γεού-(τούτῳ
1701 5777 2004 5848 συμφώνως
2023 5777 2144 5830 τοῦ·

2203 3143 2525 3218 πρεπούσης
2551 3143 2778 3216 λογικῆς
2807 3145 3221 3215 καταστάσεως,
3260 3141 3468 3210 καὶτῆς
3499 3137 3784 3209 νηφούσης

2203 3237 2444 3302 διανοίας
2493 3236 2586 3290 καὶ
2637 3235 2929 3304 φιλοπόνου
2999 3235 3229 3304 γνώμης
3297 3230 3726 3285 κατολισθαίνειν
3757 3243 3781 3259 ο

2205 3330 2320 3387 ἀλλ’
2357 3329 2509 3384 οὐδὲν
2534 3322 2696 3400 ἧττον
2722 3329 2780 3381 ὲν
2799 3327 3086 3396 ταυτότητι
3115 3324 3393 3394 διαμένειν
3425 3322 3535 3375 τῶν
3559 3319 3767 3388 ἀγαθῶι

2206 3421 2426 3478 ἐννοιῶν
2451 3420 2548 3475 κα)⁵
2578 3421 2679 3492 τῆς
2711 3419 2848 3490 πρὸς
2883 3419 2974 3471 τὸν
3005 3419 3097 3471 ἐπὶ
3133 3415 3352 3470 πάντων
3391 3412 3534 3468 Θεὸν
3567 3412 3786 3474 ἐλπίδος

2207 3514 2304 3571 καὶ
2341 3513 2579 3576 πίστεως
2616 3512 2711 3566 καὶ
2757 3500 2970 3574 τελείας
3023 3509 3264 3577 ἀγάπης,
3303 3508 3402 3560 καὶ
3451 3501 3784 3573 ἀγαθωσύνῃ

2207 3607 2309 3678 τῆς
2337 3605 2474 3675 πρὸς
2507 3603 2670 3658 αὐτὸν
2704 3603 3116 3674 εὐαρεστήσεως
3135 3597 3446 3660 παντελοῦς
3476 3595 3510 3668 ἢ
3565 3597 3665 3649 κάν
3718 3609 3786 3662 γε

2208 3699 2312 3768 τῆς
2342 3697 2488 3751 κατὰ
2512 3691 2766 3762 δύναμιν.
2811 3693 3092 3756 Ὡσαύτως
3131 3690 3188 3745 δὲ
3221 3692 3326 3744 κάν
3360 3691 3472 3750 τοῖς
3509 3685 3788 3756 δευτέροις

2209 3789 2310 3860 τὴν
2341 3789 2464 3858 ῖσην
2501 3785 2595 3840 καὶ
2638 3785 2738 3855 τὴν
2801 3783 2973 3854 αὐτὴν
3021 3783 3304 3852 διατηρεῖν
3357 3779 3451 3832 καὶ
3497 3777 3787 3847 φυλάττειν

2173 3915 2176 3918 -
2210 3880 2450 3936 διάθεσιν
2478 3877 2574 3932 καὶ
2602 3877 2960 3937 κατάστασιν,
2993 3873 3091 3928 καὶ
3114 3871 3378 3944 μηδαμῶς
3427 3868 3520 3922 τοῦ
3577 3864 3789 3936 ἀγαθοῦ

2213 3971 2644 4046 παρεξίστασθαι
2679 3986 2694 4000 ⁸
2721 3972 2858 4040 μήτε
2889 3967 2994 4038 μὴν
3015 3965 3410 4036 δυσχεραίνειν,
3468 3961 3565 4016 καὶ
3594 3959 3730 4032 πρὸς
3751 3955 3793 4011 ἃ.

2218 4063 2292 4134 μὴ
2319 4061 2476 4132 θέμις
2506 4059 2868 4130 ἐνθυμήματα
2897 4059 2996 4128 τῆς
3045 4056 3308 4125 πονηρίας
3369 4053 3464 4105 καὶ
3522 4049 3618 4104 τοῦ
3660 4047 3794 4117 ψεύ-

2214 4156 2338 4217 δους
2377 4148 2844 4212 καταϐιϐάζεσθαι
2876 4147 2967 4200 τὸν
2997 4143 3124 4198 νοῦν
3153 4142 3481 4210 συγχωρεῖν.
3539 4137 3694 4210 λἈλλ*
3731 4136 3792 4189 ἐν

2199 4243 2462 4315 -ὑμνῳδίᾳ
2489 4243 2585 4295 καὶ
2605 4239 2886 4307 δοξολογία
2919 4235 3022 4288 κάν
3061 4232 3277 4294 τούτοις
3303 4233 3372 4300 τῇ
3413 4229 3551 4298 πρὸς
3583 4228 3676 4280 τὸν
3695 4225 3794 4279 ἐπὶ

2220 4338 2438 4391 πάντων
2471 4334 2604 4388 Θεὸν
2635 4332 2696 4386 τὸ
2726 4329 3052 4397 κατάστημα
3107 4325 3396 4393 συντηρεῖν
3455 4321 3554 4388 τῆς
3585 4317 3789 4386 ψυχῆς.

2221 4429 2284 4481 El
2310 4427 2420 4498 γὰρ
2457 4423 2629 4486 οὕτως
2658 4417 2964 4486 διατεθείης
2989 4415 3085 4468 ἐπὶ
3111 4415 3226 4476 τοῖς
3272 4407 3673 4498 ἀντικειμένοις
3693 4407 3794 4498 καὶ

2218 4493 2538 4576 ἀντιθέτοις,
2569 4512 2646 4565 [δε
2675 4509 2771 4562 καὶ⁴
2793 4506 2964 4576 γνῶθι
2995 4505 3206 4573 σαφῶς,
3237 4501 3313 4564 ὡς
3371 4496 3652 4566 ἑκατέρων
3680 4493 3796 4547 τῶν

2221 4609 2478 4664 ἐναντίων
2505 4601 2830 4675 συμϐάσεων
2875 4599 2940 4652 το
2971 4595 3145 4669 πέρας
3197 4592 3458 4663 ἑκάτερον
3501 4588 3799 4657 σύμφωνον

2221 4700 2474 4772 εὓρηται,
2508 4693 2796 4750 τουτέστιν
2819 4689 3048 4760 ἀγαθδν,
3077 4686 3166 4740 διὰ
3197 4683 3386 4782 τδιτθην
3417 4679 3660 4782 καρδίαν.
3707 4677 3798 4746 ἐφ’

2225 4769 2511 4862 ἑκατέροις
2567 4781 2904 4840 διατίθεσθαι
2935 4778 3076 4833 κατὰ
3105 4776 3172 4830 τὰ
3211 4773 3352 4830 αὐτὰ
3382 4771 3478 4826 καὶ
3513 4769 3799 4862 ᾡσαύτως,

2225 4884 2322 4938 καὶ
2388 4856 2514 4936 οὔτε
2551 4879 2674 4939 ταῖς
2734 4874 2844 4928 τῶν
2908 4869 3211 4926 δοκούντων
3271 4861 3622 4936 χαροποιῶν,
3675 4856 3802 4910 οὔτε

2227 4977 2347 5038 ταῖς
2405 4971 2512 5025 τῶν
2571 4965 2836 5036 λυπηρῶν
2894 4961 3252 5030 συνανεήσεσι
3310 4956 3412 5026 τῆς
3463 4951 3676 5022 ἀγαθῆς
3713 4949 3805 5001 ὲν-

2229 5067 2382 5126 νοίας
2441 5060 2536 5116 καὶ
2586 5057 2746 5125 δόξης
2810 5054 2906 5108 καὶ
2997 5047 3394 5109 καταστάσεως
3469 5040 3802 5114 παρεξισταο

2233 5159 2404 5230 μένην
2471 5151 2534 5206 τὸ
2584 5147 2838 5204 σύνολον.
2891 5141 3062 5198 Τοῦτο
3119 5139 3236 5230 γὰρ,
3268 5139 3542 5230 ἐσήμανεν
3609 5131 3800 5230 εἰπών’

2239 5225 2258 5302 ὲ
2299 5225 2402 5302 ἰδε
2430 5243 2524 5299 καί
2549 5259 2616 5312 γε
2639 5237 2797 5294 τοῦτο
2825 5235 3118 5305 σύμφωνον
3148 5229 3346 5300 τούτῳ,
3386 5246 3405 5280 ι
3424 5229 3492 5298 τῇ
3518 5225 3804 5293 ταυτότητι

2232 5343 2332 5414 τῆς
2363 5333 2710 5408 ἀνθρωπίνης
2727 5325 3135 5409 διαβέσεω;,είς
3161 5320 3358 5414 ταυτὸν
3390 5320 3481 5414 καὶ
3517 5316 3806 5414 σύμφωνον

2237 5409 2414 5506 πέρας
2451 5427 2655 5498 ἀγαθὸν
2712 5421 3002 5477 συνιόντων
3051 5417 3146 5470 καὶ
3177 5411 3439 5506 τῶνλκατ⁹
3492 5409 3809 5506 ἐναντίωσιν

2241 5501 2670 5595 (ξυμϐαινόντων,
2727 5510 2862 5568 Εἶτά
2893 5525 3058 5580 φησιν
3084 5509 3114 5561 ό
3161 5504 3594 5574 Ἐκκλησιαστής
3617 5517 3630 5530 ⁶

2247 5719 2309 5755 το
2341 5695 2598 5766 ἐποίησεν
2629 5693 2658 5744 ό
2685 5687 2888 5766 βιὸς..)
2905 5681 3138 5766 Plymp.
3171 5681 3266 5735 καί
3289 5698 3350 5751 γε
3381 5677 3538 5734 τοῦτο
3586 5673 3808 5746 σύμφω-

2254 5754 2343 5827 νον
2369 5754 2544 5834 τούτῳ
2577 5759 2830 5826 ἐποίησεν
2852 5755 2882 5805 ὁ
2903 5754 3055 5817 Θεός.
3083 5761 3188 5806 etc.
