4076 6310
488 326 623 394 1019

1592 335 1654 394 S.
1691 331 2071 395 GREGORII
2119 331 2634 395 AGRIGENTINI

3591 329 3750 395 1320‘

481 447 618 502 Nam
671 448 793 502 hoc~
835 449 1162 518 proverbiali
1213 464 1432 518 quoque
1490 450 1652 522 186
1696 451 1788 505 illo
1826 450 2052 506 oraculo

2162 450 2388 518 σότητος
2419 447 2827 512 ἑξολισθαίνειν,
2863 446 2956 501 καὶ
3006 447 3140 520 πρὸς
3174 449 3371 504 κακίαν
3415 449 3732 503 ἐκπίπτειν.

483 540 894 606 comprobatur,
937 542 1080 608 quod
1115 543 1229 596 ait:
1271 553 1289 591 ι
1331 541 1628 597 Comedcre
1662 544 1770 598 mel
1807 545 2059 608 multum,

483 647 591 686 non
633 633 836 687 bonum
877 633 1143 703 est(8l):i
1175 635 1472 689 manifesto
1513 651 1616 691 nos
1643 637 1902 703 edocens,
1933 652 2062 693 sua-

481 723 763 778 vissimam
791 741 969 778 rerum
997 732 1252 780 virtutem
1292 742 1400 781 non
1436 728 1557 784 sine
1590 729 1754 783 modo
1786 738 1841 784 et
1870 730 2062 786 ordine

481 815 862 882 appetendam.

553 906 708 970 Quod
773 916 956 960 autem
1013 908 1135 963 ait:
1183 929 1202 960 ι
1254 909 1315 964 lit
1351 911 1461 965 noli
1510 914 1883 982 argumentari
1937 916 2062 984 plus

483 1014 645 1064 quam
684 1009 923 1065 oportet,
967 1020 985 1053 ι
1022 1003 1458 1059 vehementiores
1485 1007 1866 1062 contentiones
1897 1017 2062 1076 atque

483 1091 914 1160 perquisitiones
941 1096 1062 1149 sine
1095 1096 1267 1150 dubio
1293 1097 1549 1165 prohibet
1585 1107 1694 1152 tam
1725 1099 1792 1152 de
1820 1098 1908 1163 iis,
1938 1113 2060 1166 qua:

483 1181 540 1234 in
599 1183 790 1235 mundi
841 1183 1000 1238 initio
1037 1185 1261 1241 condita
1298 1197 1631 1256 spectamus,
1658 1203 1824 1257 quam
1854 1204 1976 1256 qua:
2004 1188 2057 1250 in

481 1271 592 1328 vita
611 1274 958 1344 contingunt,
989 1277 1133 1345 quod
1159 1277 1385 1332 inutiles
1407 1293 1488 1333 ea:
1513 1278 1625 1333 sint
1653 1286 1708 1332 et
1730 1293 2063 1347 supervaca-

483 1381 621 1430 neze,
656 1381 758 1421 nec
788 1367 992 1422 bonum
1045 1369 1110 1422 ad
1165 1367 1374 1422 exitum
1436 1369 1688 1426 tendant.
1738 1367 1874 1423 Nam
1926 1369 2057 1439 quid

452 1452 454 1455 ’
482 1455 690 1510 homini
715 1457 957 1527 prodest,
993 1459 1126 1513 eniti
1151 1459 1302 1513 omni
1336 1473 1470 1513 cura
1498 1468 1550 1514 et
1582 1459 1791 1525 conari,
1817 1468 1877 1514 ut
1903 1475 2058 1515 asse-

481 1559 704 1620 quatur,
734 1561 869 1621 quot
897 1553 1089 1608 stadiis
1115 1563 1273 1609 terrae
1295 1555 1536 1610 ambitus
1565 1563 1620 1610 et
1651 1571 1908 1611 mensura
1925 1571 2058 1611 eon-

481 1643 722 1707 iiciatnr,
751 1643 836 1695 vel
859 1651 995 1712 quot
1028 1652 1212 1712 partes
1245 1646 1550 1710 caelestem,
1583 1660 1706 1714 quae
1731 1645 2058 1701 circumvol-

480 1732 673 1797 vitnr,
731 1733 928 1786 molem
989 1734 1374 1804 distinguant,
1436 1737 1900 1805 quemadmodum
1961 1736 2056 1804 qui

481 1823 814 1892 superﬂuam
841 1833 892 1878 et
915 1841 1108 1878 vanam
1135 1826 1490 1897 astrologiam
1514 1836 1792 1891 exercent,
1817 1827 2060 1882 dividere

480 1927 549 1966 ae
575 1923 780 1966 temere
824 1928 1148 1968 enumerare
1185 1917 1431 1984 aggressi
1495 1924 1644 1972 sunt.
1707 1914 1836 1971 Haec
1893 1915 2060 1986 igitur

480 2003 816 2075 investigare
845 2005 1122 2061 curiosius
1153 2007 1377 2075 perinde
1408 2009 1659 2072 habetur,
1689 2015 1856 2078 atque
1877 2007 2058 2063 homi-

479 2110 602 2148 nem
627 2097 990 2164 argumentari
1025 2097 1304 2167 plusquam
1327 2109 1550 2168 Oportet,
1577 2101 1724 2169 quod
1761 2099 1896 2153 nihil
1928 2097 2056 2154 inde

481 2187 742 2241 utilitatis
795 2186 934 2242 ferat
983 2204 1048 2243 ac
1094 2191 1412 2245 commodi:
1471 2205 1572 2246 nec
1605 2192 1788 2248 minus
1821 2195 2056 2250 scrutari

478 2278 799 2347 diligentius
831 2289 996 2350 atque
1043 2285 1379 2352 perquirere,
1433 2300 1532 2340 cur
1589 2285 1808 2354 pietatis
1847 2287 2059 2344 alumni

480 2369 664 2437 inopia
711 2366 980 2434 lab'brcnt,
1040 2382 1095 2426 et
1141 2374 1338 2428 divina:
1386 2373 1615 2444 justitizr.
1658 2377 1896 2434 cultores
1944 2381 2056 2434 vim

483 2459 719 2513 alienam
757 2477 866 2516 non
916 2462 1199 2532 effugiant.
1237 2473 1292 2520 et
1335 2465 1599 2534 periculis
1635 2468 2058 2536 quamplurimis

479 2558 645 2617 atque
679 2549 1088 2607 calamitatibus
1139 2552 1320 2608 onmis
1373 2555 1590 2622 generis
1648 2555 1846 2624 objecti
1902 2557 2054 2613 sint:

481 2640 609 2694 mali
662 2650 843 2696 autem
895 2651 1059 2712 atque
1113 2643 1267 2713 impii
1310 2645 1561 2699 homines
1585 2646 1783 2714 opibus
1813 2648 2054 2718 amuant,

480 2744 534 2787 et
558 2733 721 2788 vitam
745 2735 1070 2803 plerumque
1102 2735 1433 2790 incolumem
1475 2737 1745 2806 planeque
1779 2739 2056 2795 innoxiam

483 2825 790 2878 traducant.
847 2824 904 2878 In
957 2825 1040 2880 his
1089 2825 1291 2894 quippe
1333 2827 1590 2881 omnibus
1620 2829 1812 2897 gratia:
1840 2831 2060 2900 agendae

483 2921 610 2972 sunt
641 2913 786 2967 bono
819 2915 1031 2968 auctori
1065 2925 1118 2970 et
1153 2917 1386 2987 sapienti
1415 2917 1660 2991 omnium
1701 2920 2054 2984 moderatori,

483 3021 586 3059 nec
621 3005 1058 3075 investigandum
1083 3007 1384 3076 quidquam
1416 3024 1484 3063 ex
1509 3008 1595 3064 his
1628 3021 1724 3064 aut
1757 3011 2059 3068 studiosius

482 3097 824 3163 tentandum,
859 3107 1123 3168 tanquam
1157 3099 1348 3154 inutile
1390 3115 1455 3156 ac
1505 3100 1862 3171 superﬂuum.
1917 3102 2054 3158 Nam
2085 3111 2130 3174 ο

484 3189 531 3243 si
571 3189 883 3257 linjnsmodi
921 3190 1368 3245 meditationibus
1399 3201 1474 3256 te,
1509 3207 1542 3246 ο
1587 3194 1858 3260 mortalis,
1907 3193 2060 3249 addi-

485 3280 650 3344 xeris,
677 3295 739 3333 ac
772 3281 906 3335 lines
946 3279 1168 3336 virtutis
1221 3289 1603 3351 transgressus
1654 3282 1844 3350 fueris,
1905 3299 2058 3351 cave,

485 3386 554 3424 ne
599 3370 896 3440 aliquando
949 3373 1002 3426 in
1063 3371 1226 3429 verba
1255 3373 1481 3429 malitiae
1511 3373 1776 3444 declines,
1805 3383 1968 3448 atque
1993 3377 2061 3433 ad

484 3461 600 3516 vitii
640 3461 854 3518 recidas
890 3465 1060 3522 viam.

477 3646 484 3652 ο
555 3622 710 3689 Quod
749 3639 879 3679 vero
909 3625 1080 3680 dicit:
1134 3645 1153 3678 ι
1191 3626 1271 3682 Ne
1315 3627 1481 3698 impie
1527 3644 1658 3698 agas
1707 3630 1962 3696 multum,
2006 3639 2063 3684 et

486 3715 596 3769 noli
633 3731 756 3772 esse
780 3716 1070 3782 durus..ne
1104 3720 1362 3776 moriaris
1398 3726 1450 3775 in
1487 3731 1734 3794 tempore
1765 3739 1873 3778 non
1911 3735 2054 3788 tuo,»

484 3817 727 3878 apertam
755 3811 1193 3866 coliortationem
1227 3814 1489 3880 continet,
1525 3831 1593 3870 ne
1616 3816 1782 3870 vitam
1813 3827 2058 3872 nostram

485 3899 542 3953 in
593 3899 778 3969 impiis
841 3909 1006 3972 atque
1061 3903 1337 3961 indecoris
1377 3906 1444 3960 de
1503 3905 1613 3962 Deo
1662 3908 2059 3978 quaestionibus

484 3990 852 4051 insumamus.
899 4008 1035 4048 neve
1071 3995 1402 4050 obduratum
1444 3997 1689 4052 animum
1739 3997 2057 4062 habeamus,

484 4095 550 4134 ae
595 4081 917 4136 mutationis
965 4084 1456 4154 conversionisque
1498 4086 1551 4139 in
1607 4085 1803 4142 melius
1833 4085 2061 4140 omnino

485 4169 887 4240 Iinpatientem,
920 4188 1056 4228 neve
1101 4184 1314 4245 tempus
1345 4176 1512 4230 ullum
1537 4177 1623 4232 vel
1661 4177 1716 4231 in
1747 4176 1953 4246 rapinis
1975 4176 2072 4232 veL

486 4261 540 4313 in
570 4263 816 4319 avaritiae
843 4264 1103 4322 sordibus
1134 4267 1219 4321 vel
1239 4268 1305 4320 in-
1322 4267 1653 4340 pupillorum
1675 4283 1742 4324 ac
1765 4269 2056 4323 viduarum

484 4353 767 4421 tyrannica
801 4355 1090 4410 vexatione
1121 4355 1504 4426 impendamus
1537 4374 1552 4412 :
1597 4370 1658 4412 ut
1709 4373 1800 4420 ne,
1857 4358 2056 4430 inquit,

2164 539 2334 593 Τοῦτο
2366 541 2476 610 γὰρ
2510 539 2738 608 ὲμπεδοῖ
2771 539 2864 592 καὶ
2910 539 2972 592 τὸ
3016 539 3382 610 παροιμιακὸν
3432 541 3611 592 ἐκεῖνο
3647 539 3748 592 16-

2163 647 2300 700 γιον,
2336 629 2578 699 δηλονότι
2610 629 2670 682 τὸ
2705 629 2933 697 φάσκον·
2995 649 3013 680 ι
3067 630 3264 696 Φαγεῑν
3307 628 3429 697 μέλι
3479 627 3638 690 πολὺ,
3672 629 3752 680 οῠο

2163 721 2345 783 καλὸν,
2374 739 2391 772 ι
2429 720 2528 791 τὴν
2562 720 2906 790 γλυκυτάτην
2931 721 3134 790 ἀρετὴν
3175 717 3754 790 μεμετρημένωςικαὶ.

2160 811 2509 881 τεταγμένως
2538 809 2899 880 μεταδιώκειν
2932 810 3121 879 σαφῶς
3151 801 3559 879 είσηγούμενος.

2239 905 2303 956 '0
2338 903 2396 955 δέ
2435 915 2592 972 φησι⁶
2647 921 2666 954 ι
2725 903 2834 954 Καὶ
2885 901 2960 972 μὴ
3009 901 3228 969 σοφίζου
3281 899 3538 970 περισσὰ,
3580 917 3600 950 ι
3635 899 3742 962 τὰς

2163 993 2590 1063 περιεργοτέρας
2636 990 3174 1062 πολυπραγμοσύνας
3204 989 3300 1044 καὶ
3341 989 3738 1061 παρεξετάσεις

2159 1084 2268 1138 τῶν
2301 1085 2360 1136 ἐν
2386 1086 2452 1154 τῇ
2484 1083 2660 1136 κτίσει
2699 1083 3118 1152 θεωρουμένων,
3147 1081 3247 1134 καὶ⁵
3288 1081 3471 1150 μέντοι
3501 1079 3598 1133 καὶ
3626 1079 3738 1132 τῶν

2160 1174 2220 1225 ὲν
2267 1171 2344 1242 τῷ
2389 1172 2488 1242 βίῳ
2541 1170 2946 1240 συμϐαινόντων
3001 1169 3348 1240 πραγμάτων
3401 1167 3758 1237 ἀπαγορεύει.

2160 1263 2464 1332 προδήλως,
2505 1263 2578 1327 ὠς
2611 1262 2902 1334 ἀνονήτους
2930 1262 3026 1316 καὶ
3057 1259 3316 1332 περιττὰς
3337 1259 3436 1313 καὶ
3460 1260 3599 1330 πρὸς
3631 1275 3742 1330 μη-

2159 1352 2247 1406 δὲν
2279 1353 2428 1418 τέλος
2476 1353 2681 1422 ἀγαθὸν
2719 1351 3094 1424 καταντώσας.
3126 1351 3192 1405 Τί
3225 1351 3333 1424 γὰρ
3380 1349 3572 1420 ὄφελός
3617 1351 3735 1403 ἐστι

2159 1443 2239 1514 τῷ
2284 1443 2559 1514 ἀνθρώπῳ
2591 1443 2654 1496 τὸ
2698 1443 2768 1496 δι’
2805 1441 3102 1511 ἀκριϐείας¹
3129 1441 3607 1512 πολυπραγμονεῖν
3640 1440 3738 1492 καὶ

2159 1535 2455 1607 πειρᾶσθαι
2481 1534 2794 1604 γινώσκειν,
2825 1533 2966 1587 πόσα
2985 1533 3085 1603 τῆς
3108 1534 3210 1602 γῆς
3240 1533 3354 1585 ἐστι
3383 1532 3572 1586 στάδια
3593 1531 3738 1584 κατά

2156 1625 2257 1696 τὴν
2287 1625 2644 1696 περιφέρειαν
2677 1624 2871 1694 αὐτῆς,
2909 1623 2942 1695 ἢ
2974 1625 3074 1690 τὴν
3115 1623 3468 1694 περίμετρον,
3499 1622 3529 1692 ἣ
3562 1621 3732 1674 πόσαι

2162 1719 2348 1789 μοῖραι
2378 1717 2440 1770 τὸ
2471 1716 2727 1787 οὐράνιον
2758 1715 2853 1769 καί⁸
2889 1713 3398 1786 κυκλοφορούμενον
3427 1711 3737 1781 διειλήφασι

2164 1806 2346 1876 σῶμα,
2379 1805 2564 1870 καθὼς
2591 1808 2639 1860 οί
2674 1806 2772 1876 τὴν
2801 1805 3064 1877 περιττὴν
3093 1803 3184 1859 καὶ
3209 1804 3443 1874 ματαίαν
3467 1802 3738 1874 ἀστρολο-

2159 1897 2286 1966 γίαν
2315 1897 2658 1967 ἀσκήσαντες
2681 1897 2934 1966 διαιρεῖν,
2961 1897 3055 1950 καὶ
3082 1896 3262 1966 μέντοι
3286 1895 3380 1948 καὶ
3409 1894 3736 1963 παραλόγως

2158 1988 2498 2061 ἀπαριθμεῖν
2525 1987 2884 2059 ὑπειλήφασι.
2921 1987 2996 2040 Τὸ
3035 1987 3220 2040 τοίνυν
3246 1985 3470 2040 τοιαῦτα
3499 1985 3754 2058 παρεξεω

2159 2081 2362 2147 τάξειν,
2405 2099 2425 2134 ι
2461 2081 2698 2152 περισεά
2745 2079 3061 2148 σοφίζεσθαι
3105 2078 3236 2150 »τῷ
3274 2077 3546 2149 ἀνθρώπῳ
3587 2079 3750 2132 λελά-

2158 2189 2363 2242 γισται,
2408 2171 2495 2226 διά
2525 2172 2585 2226 τδ
2615 2170 2786 2243 μηδὲν
2815 2171 3094 2242 εὑρίσκειν
3137 2170 3388 2224 ἐντεῦθεν
3431 2170 3737 2232 λυσιτελές.

2171 2261 2334 2316 Ἀλλά
2367 2261 2462 2314 καὶ
2494 2261 2555 2315 τὸ
2599 2261 3076 2333 πολυπραγμονεῖν
3135 2261 3236 2314 xui
3274 2261 3536 2332 διερωτᾷν
3565 2261 3655 2314 διὰ
3685 2261 3740 2314 τί

2157 2354 2260 2426 τῆς
2303 2352 2589 2416 εὐσεϐείας
2639 2348 3000 2425 οί,τρόφιμοι
3036 2353 3322 2418 πένονται,
3359 2353 3455 2407 καὶ
3495 2353 3594 2424 τήν
3639 2351 3738 2406 τοῦ

2158 2443 2294 2498 Θεοῦ
2341 2443 2688 2514 δικαιοσύνην
2739 2445 2792 2496 οί
2858 2442 3252 2514 κατορθοῦντες
3323 2444 3402 2506 είς
3453 2442 3740 2514 ἀλλοτρίας

2157 2539 2344 2607 χεῖρας
2377 2535 2660 2606 κεχήνασι,
2695 2536 2788 2589 καί⁵
2830 2535 3152 2610 πειρασμοῖς
3194 2531 3410 2604 μυρίοις
3460 2533 3555 2586 καὶ
3596 2549 3742 2587 παν-

2158 2627 2420 2691 τοδαπαῖς
2455 2627 2963 2699 καθυποϐέϐληνται
3002 2626 3244 2696 θλίψεσιν
3265 2641 3277 2654 ·
3331 2625 3644 2696 ἁμαρτωλοὶ
3678 2625 3744 2679 δὲ

2163 2721 2259 2773 καὶ
2289 2718 2571 2782 δυσσεϐεῖς
2601 2717 2912 2795 εύθηνοῦσι,
2944 2717 3041 2772 καὶ
3088 2717 3178 2770 τὸν
3210 2716 3452 2787 παρόντα
3477 2716 3590 2786 βίον
3616 2717 3744 2770 ἄνο-

2163 2831 2256 2866 σον
2309 2813 2384 2876 ὡς
2429 2814 2636 2866 ἐπίπαν
2684 2813 2776 2866 καὶ
2821 2812 3103 2875 παντελῶς
3150 2811 3478 2883 ἁπείραστον
3526 2811 3743 2880 διαμεί-

2163 2903 2336 2955 ϐουσι.
2372 2903 2500 2956 Δέον
2536 2903 2630 2954 ἐπὶ
2665 2903 2800 2955 πᾶσι
2829 2901 3041 2967 τούτοις
3077 2903 3419 2971 εὐχαριστεῖν
3449 2900 3525 2970 τῷ
3547 2900 3743 2976 ἀγαθῷ

2163 2995 2361 3062 ποιητῇ
2394 2993 2486 3044 καὶ
2530 2991 2791 3059 πανσόφῳ
2825 2991 3136 3062 κυϐερνήτῃ
3168 2991 3275 3046 τῶν
3305 2990 3462 3050 ὅλων,
3511 2990 3606 3046 καὶ
3636 3006 3744 3058 μη-

2163 3081 2250 3136 δὲν
2281 3077 2672 3150 παρεξετάζειν
2717 3079 2958 3133 τοιοῦτον
2993 3079 3084 3134 καὶ
3131 3079 3632 3148 πολυπραγμονεῖν,
3663 3078 3742 3140 ὼς

2164 3175 2426 3244 ἀνόνητον
2467 3173 2709 3243 ὑπάρχον
2740 3172 2834 3226 καὶ
2867 3171 3139 3243 περιττόν.
3185 3170 3248 3222 Ei
3289 3171 3398 3240 γὰρ
3427 3172 3539 3232 τοῖς
3565 3161 3743 3222 τοιού-

2161 3283 2274 3330 τοις
2324 3266 2646 3336 ύπενεχθῇς,
2695 3264 2976 3334 ἄνθρωπε,
3026 3264 3328 3332 λογισμοῖς,
3381 3262 3414 3333 ἧ
3461 3263 3589 3325 τοὺς
3639 3261 3740 3329 τῆς
3803 3317 3812 3324 ,

2162 3355 2362 3426 ἀρετῆς
2392 3355 2636 3426 ύπερϐῇς
2674 3356 2854 3426 ὄρους,
2889 3353 3146 3425 πρόσεχε,
3187 3355 3260 3424 μή
3299 3369 3430 3406 ποτε
3462 3354 3559 3405 καὶ
3604 3351 3742 3422 πρὸς

2162 3447 2354 3514 λόγους
2399 3447 2667 3518 πονηρίας
2713 3447 2996 3519 ἐκκλίνῃς,
3042 3445 3134 3498 καὶ
3179 3444 3314 3516 πρὸς
3348 3444 3446 3514 τὴν
3495 3443 3613 3496 ὁδὸν
3642 3445 3742 3514 τῆς

2162 3541 2362 3604 κακίας
2407 3541 2665 3612 ἐκπέσῃς.

2237 3634 2301 3686 Ὃ
2330 3631 2385 3686 δέ
2422 3648 2579 3701 φησι,
2634 3651 2653 3684 ι
2690 3631 2781 3701 Μὴ
2819 3629 3108 3702 ,ἀσεϐήσῃς
3153 3627 3310 3694 πολὺ,
3343 3628 3434 3682 καὶ
3471 3626 3546 3699 μὴ
3587 3627 3741 3696 γίνου

2164 3723 2420 3795 σκληρὸς,
2473 3724 2561 3778 ἵνα
2595 3723 2672 3795 μὴ
2720 3721 2999 3794 ἀποθάνῃς
3033 3721 3090 3772 ὲν
3121 3719 3182 3773 ού
3215 3720 3392 3790 καιρῷ
3427 3736 3546 3784 σου,
3594 3738 3616 3770 ι
3665 3719 3741 3788 μὴ

2164 3815 2708 3886 συμπαρατείνεσθαι
2735 3813 2834 3885 τὴν
2875 3814 3012 3867 ίδίαν
3043 3810 3186 3879 ζωὴν
3216 3813 3337 3874 ταῖς
3365 3809 3586 3862 ἀσεϐέσι
3611 3809 3741 3876 περὶ

2163 3908 2300 3961 Θεοῦ
2349 3907 2443 3960 καὶ
2499 3907 2573 3977 μὴ
2624 3905 3029 3976 προσηκούσαις
3077 3902 3402 3970 ύπολήψεσι,
3465 3900 3602 3970 μηδὲ
3643 3899 3740 3969 τήν

2161 3998 2393 4070 καρδίαν
2419 3997 2565 4068 ἔχειν
2589 3997 3026 4067 ιάπεσκληκυῖαν,
3066 3994 3164 4046 καὶ
3197 3991 3470 4061 μηδεμίαν
3514 3990 3742 4044 diripiu-

2163 4109 2248 4146 σιν
2277 4089 2312 4160 ἢ
2345 4087 2648 4160 μεταϐολὴν
2697 4087 3093 4157 ὲπιδεχομένην
3131 4085 3232 4152 τὴν
3279 4081 3418 4150 πρὸς
3447 4081 3508 4133 τὸ
3554 4083 3740 4150 κρεῖτ-

2161 4193 2274 4243 τον,
2311 4178 2449 4248 μηδὲ
2501 4182 2621 4242 ταῖς
2654 4179 2929 4250 ἁρπαγαῖς
2975 4176 3065 4230 καὶ
3103 4176 3222 4236 ταῖς
3257 4171 3590 4234 πλεονεξίαις
3641 4171 3737 4223 καὶ

2163 4268 2649 4334 καταδυναστείαις
2676 4269 2785 4323 τῶν
2813 4266 3060 4339 ὀρφανῶν
3094 4265 3186 4318 καὶ
3215 4261 3402 4331 χηρῶν
3449 4260 3737 4328 ἐπιμένειν

2161 4359 2414 4430 Χρονίωςν
2446 4362 2750 4432 εἰσηγεῖται
2785 4358 2992 4429 σαφῶς,
3023 4355 3108 4408 ἴνα
3157 4352 3252 4422 μή,
3300 4350 3453 4419 φησὶ,
3500 4350 3762 4401 κάντεῦ-’

485 4441 779 4498 Dominum
813 4442 982 4497 Deum
1025 4453 1176 4498 tuum
1223 4447 1405 4501 acrius
1431 4447 1496 4502 ad
1540 4448 1700 4518 187
1739 4449 1876 4503 iram
1927 4463 1958 4503 a
2003 4457 2058 4504 te

2162 4450 2252 4504 θεν
2285 4453 2517 4523 εὑρεθῇς
2545 4455 2638 4506 ἐπὶ
2668 4453 2802 4506 πολὺ
2848 4444 3195 4522 παροργίζων
3225 4441 3427 4513 Κύριον
3472 4439 3569 4493 τδν
3598 4440 3739 4492 Θεό-ι

483 4534 771 4588 incitatum
805 4535 1003 4589 exinde
1039 4537 1267 4601 sentias,
1303 4545 1358 4592 et
1393 4540 1645 4609 angelum
1687 4540 1777 4594 ille
1805 4540 1902 4595 tibi
1933 4550 2057 4594 tan-

483 4642 650 4697 quam
675 4643 918 4698 praeceps
951 4626 1154 4684 fulmen
1182 4629 1462 4696 immittat,
1497 4642 1662 4702 atque
1692 4633 1872 4689 alieno
1899 4636 2058 4704 plane

481 4726 726 4788 tempore
751 4717 914 4770 vitam
951 4716 1186 4785 auferat.
1227 4717 1362 4774 Nam
1389 4719 1494 4774 hoc
1514 4728 1568 4774 et
1594 4719 1762 4774 David
1789 4724 2057 4792 propheta

482 4811 775 4864 conﬁrmat
816 4823 941 4864 cum
999 4809 1112 4864 ait:
1175 4828 1194 4861 ι
1232 4808 1348 4865 Viri
1403 4811 1736 4880 sanguinum
1785 4829 1848 4870 ac
1880 4815 2058 4872 dolosi

482 4916 590 4954 non
661 4899 1028 4955 dimidiabunt
1094 4900 1211 4956 dies
1259 4890 1400 4957 'suos
1452 4900 1588 4973 (82).
1624 4920 1644 4954 ι
1699 4902 1774 4956 Ita
1828 4906 2061 4976 subjecit

483 4990 628 5045 illico
653 5007 667 5044 :

2159 4559 2276 4606 σου,
2314 4544 2408 4596 καὶ
2453 4544 2706 4615 καθάπερ
2735 4543 2858 4597 τινὰ
2901 4536 3160 4610 κεραυνὺν
3194 4534 3470 4603 ἀπότομον
3504 4532 3741 4600 ἄγγελον

2159 4633 2514 4700 ὲξαποστελεῖ
2561 4653 2666 4700 σοι,
2713 4635 2810 4689 καὶ
2861 4631 3012 4704 παρά
3051 4631 3142 4683 τὸν
3191 4626 3499 4698 πρόσφορον
3548 4623 3742 4695 καιρὸν

2163 4726 2259 4779 καὶ
2311 4728 2662 4797 προσήκοντα
2715 4725 3032 4794 μεταστήσῃ
3085 4720 3183 4789 τῆς
3237 4714 3518 4788 παρούσης
3569 4715 3739 4784 ζωῆς.

2163 4815 2338 4870 Τοῦτο
2379 4817 2486 4888 γὰρ
2538 4815 2770 4886 ἔμπεδοί
2801 4815 2893 4868 καὶ
2939 4813 3102 4866 Δαϐὶδ
3148 4812 3178 4863 6
3221 4807 3508 4880 προφήτης
3535 4805 3741 4858 εἰπών’

2169 4925 2190 4959 ι
2243 4906 2470 4978 ’Ἄνδρες
2509 4907 2755 4977 αἱμάτων
2795 4907 2888 4959 καὶ
2931 4902 3234 4971 δολιὸτητος
3276 4899 3338 4952 οὐ
3389 4897 3464 4968 μὴ
3509 4895 3744 4968 ἡμισεύ-

2172 5015 2323 5050 σουσι
2351 4991 2449 5062 τᾶς
2477 4999 2690 5070 ἡμέρας
2721 4995 2920 5050 αὐτῶν.
2962 5012 2982 5046 ι
3033 4990 3254 5061 Ἀμέλει
3299 4988 3480 5041 τοίνυν
3521 4986 3743 5058 ἀμέσως

2171 5090 2454 5161 ἐπήγαγεν
2473 5106 2488 5120 ο

2003 5195 2030 5268 §
2065 5196 2209 5254 χχι.

555 5279 722 5337 Vens.
761 5257 961 5333 Bonum
995 5289 1074 5334 est
1113 5280 1366 5336 inluerere
1395 5281 1452 5336 in
1493 5283 1612 5348 hoc,
1665 5291 1714 5336 et
1745 5283 1958 5354 quidem
1993 5257 2058 5338 tib

483 5375 580 5428 hoc
608 5388 670 5426 ne
699 5369 1020 5424 cantamine:
1054 5387 1268 5424 manum
1302 5381 1450 5426 tuam
1469 5387 1488 5426 :
1515 5373 1766 5442 quoniam
1793 5375 1883 5444 qui
1917 5376 2062 5429 timet

472 5466 650 5520 Deum
673 5463 966 5534 egredietur
989 5463 1168 5516 omnia
1189 5463 1322 5534 (83).

709 5577 868 5632 Prov.
904 5593 1046 5644 xxv,
1083 5577 1174 5635 ‘27.
1208 5577 1275 5632 At
1306 5577 1446 5634 LXX
1493 5596 1590 5650 pro
1639 5583 1832 5649 φαγεῖν
1868 5579 2068 5636 habent

559 5718 670 5785 (82)
707 5717 851 5772 Psal.
879 5718 1088 5781 “v.93.
1146 5716 1213 5771 At
1258 5716 1393 5770 LXX
1447 5718 1651 5772 habent
1699 5717 2062 5786 ἡμισεύσωτι.

560 5787 673 5855 (83)
716 5789 781 5843 Αι
811 5787 943 5841 LXX
979 5789 1183 5844 habent
1219 5788 1445 5858 Ἀγαθὸν
1475 5791 1535 5842 τὸ
1569 5789 1891 5856 ἐιντέχετθαί
1926 5805 1982 5840 σε
2014 5791 2068 5842 ὲν

2249 5288 2491 5358 Ἀγαθὸν
2516 5287 2585 5341 τὸ
2616 5286 2971 5354 ἀντέχεσθαι
3002 5281 3072 5335 ἐν
3116 5281 3323 5344 τούτῳ,
3368 5277 3470 5332 καί
3513 5290 3582 5346 τε
3622 5273 3744 5331 ἀπὸ

2166 5379 2382 5440 τούτου
2399 5380 2485 5448 μὴ
2511 5377 2730 5448 μιάνῃς
2751 5375 2865 5444 τὴν
2887 5371 3058 5444 χεῖρά
3082 5389 3198 5426 σου
3223 5387 3235 5402 ο
3261 5370 3349 5424 ὅτι
3377 5369 3746 5438 φοϐούμενος

2168 5471 2275 5524 τὸν
2299 5471 2446 5524 Θεὸν
2464 5469 2850 5534 ἐξελεύσεται
2881 5465 2954 5519 τὰ
2979 5463 3200 5517 πάντα.

2175 5587 2438 5658 τούτῳ...
2505 5595 2564 5658 et
2589 5586 2690 5658 ὅτι,
2725 5579 3077 5658 φοϐουμένοις
3107 5578 3200 5632 τὸν
3241 5575 3373 5658 βεον
3399 5575 3747 5658 ἐξελεύσεται

2173 5645 2484 5738 difﬁsi-uta.
2550 5657 2606 5708 ln
2657 5645 2908 5707 Scholiis'
2952 5650 3144 5718 legitur
3206 5647 3281 5718 μὴ
3327 5647 3461 5716 ἀνῇς
3509 5659 3606 5714 pro
3667 5645 3747 5715 μὴ

2178 5743 2392 5795 μιανῃς.
