4076 6310
332 333 479 400 1025

1339 295 1454 392 ἰν
1508 333 2086 394 ECCLESIASTEN-
2126 360 2192 368 —
2227 335 2375 394 LIB.
2417 334 2550 395 γη.

3461 333 3600 398 1026

404 444 563 498 οὕτω
605 445 704 515 μὲν
732 441 825 500 οὖν
857 445 918 498 τὸ
957 444 1139 516 παρὸν
1179 443 1342 516 ῥητὸν
1385 443 1714 514 διεσάφησεν
1765 445 1794 496 ὁ
1823 444 1910 498 λό·

2083 443 2176 502 Sic
2223 446 2391 516 igitur
2448 443 2776 502 sententiam
2809 445 2950 500 hanc
2988 443 3243 502 sermone
3273 456 3464 503 nostro
3497 467 3598 503 cx-

334 553 453 605 γος,
480 537 579 630 καὶ
595 537 706 630 τὴν
730 537 838 592 ἀπὸ
869 537 970 606 τῆς
999 535 1153 599 θείας
1183 535 1376 630 σοφίας
1405 533 1660 630 penditur
1685 535 1918 630 ὑπερτῌέ-

333 643 440 701 ραν
476 625 646 692 ἔδειξε
689 627 788 697 τῆς
821 629 1082 701 ἀρῤωγῆς
1116 628 1211 682 καὶ
1256 626 1354 680 τοῦ
1388 625 1766 697 συνασπισμοῦ
1809 625 1915 679 τῶν

331 719 394 770 ὲν
428 721 496 788 τῇ
524 717 676 772 πόλει
701 719 836 773 δέκα
862 719 1228 786 ἐξουσιαστῶν
1258 736 1318 773 τε
1345 717 1442 773 καὶ
1469 713 1578 772 τῶν
1618 715 1913 782 δυναστῶν,

335 804 528 870 ἁπλῶς
573 806 749 872 οὕτως
802 809 1272 882 παραληφθέντων
1317 807 1595 879 αἰσθητῶς
1640 807 1784 862 κατά
1823 806 1916 861 τὸν

337 899 632 971 πρόχειρον
655 899 751 954 τοῦ
799 901 1127 972 γράμματος
1153 899 1298 955 νοῦν.
1327 901 1394 955 El
1433 900 1494 955 δὲ
1524 899 1916 972 βουληθείημεν

335 992 440 1046 καὶ
467 993 614 1046 κατά
643 992 736 1046 τὸν
759 992 862 1064 τῆς
887 995 1180 1066 ἀναγωγῆς
1208 993 1365 1063 λόγον
1388 993 1722 1064 διασαφῆσαι
1747 993 1811 1046 τὸ
1833 995 1916 1047 εί-

335 1085 597 1157 ρημένον,
633 1085 799 1141 πάλιν
843 1087 942 1156 μὲν
969 1085 1324 1160 ἑκληψόμεθα
1365 1086 1462 1141 τοῦ
1489 1086 1782 1159 ἀνθρώπου
1801 1087 1916 1158 ’τὴν

333 1174 500 1244 φύσιν
521 1175 626 1230 ’καὶ
653 1176 755 1248 τὴν
788 1177 1110 1242 ὑπόστασιν,
1148 1181 1210 1232 ὲν
1324 1177 1462 1232 δέκα
1505 1179 1664 1245 είσὶν.
1685 1181 1748 1233 οι
1763 1179 1916 1246 ἐξου-

333 1267 642 1333 σιάζοντες,
691 1268 934 1340 δηλονότι
982 1270 1083 1340 τῆς
1111 1269 1290 1342 ψυχῆς
1320 1271 1378 1325 αί
1421 1270 1584 1324 πέντε
1631 1269 1914 1340 δυνάμεις,

331 1359 482 1425 νοῦς,
512 1359 742 1425 διάνοια,
772 1361 1042 1440 φαντασία
1071 1360 1166 1416 καὶ
1210 1361 1338 1426 δόξα
1371 1362 1469 1416 καὶ
1499 1361 1776 1434 αἴσθησις,
1819 1361 1916 1416 καὶ

330 1449 500 1501 πέντε
528 1449 626 1502 τοῦ
668 1448 940 1518 σώματος,
969 1453 1196 1522 ὅρασις,
1217 1451 1376 1522 ἀκοὴ,
1405 1452 1694 1523 δσφρησις,
1727 1453 1917 1516 γεῦσις

329 1539 433 1593 καὶ
459 1539 594 1610 ἁφὴ,
621 1540 688 1593 δι’
724 1535 800 1594 ὧν
831 1540 1058 1622 εὓρηται
1101 1543 1211 1608 ζῶν
1241 1545 1338 1598 καὶ
1368 1544 1790 1614 πολιτευόμενος
1821 1547 1916 1600 καὶ

329 1627 707 1700 διοικούμενος
747 1633 776 1684 ό
823 1634 978 1697 ἐντὸς
1017 1635 1121 1688 atati
1175 1635 1336 1700 ἐκτὸς
1380 1635 1542 1708 ἡμῶν
1592 1635 1912 1706 ἄνθρωπος’

332 1717 474 1773 ἀλλὰ
510 1717 614 1789 τῆς
639 1719 847 1774 ἀνωθεν
879 1721 1074 1790 σοφίας
1109 1722 1378 1793 ἀπούσης,
1409 1725 1564 1778 οὐδὲν
1609 1723 1915 1779 ἀπόνασθαι

332 1807 557 1864 δύναται
601 1811 712 1866 τῶν
741 1811 1002 1867 τοιούτων
1054 1817 1088 1885 ἡ
1131 1790 1555 1888 παραληφθεῖσα
1585 1813 1683 1868 νῦν
1728 1816 1914 1896 πόλιςο
1944 1790 1988 1845 Β

336 1901 506 1957 παντὶ
534 1901 647 1974 γὰρ
683 1903 830 1972 σάλῳ
857 1904 952 1957 καὶ
993 1903 1224 1958 κλύδωνι
1249 1904 1358 1960 τῶν
1385 1907 1538 1976 παρά
1565 1903 1676 1958 τῶν
1706 1903 1914 1976 νοητῶν

333 1993 438 2048 καὶ
461 1993 573 2048 τῶν
621 1994 896 2066 αἰσθητῶν
933 1994 1218 2066 δυσμενῶν
1255 1995 1764 2068 ἀναῤῥιπιζομένων
1795 2013 1917 2068 τρι-

336 2081 560 2153 κυμιῶν
610 2083 710 2136 καὶ
761 2084 1642 2158 καταιγίδωνικαταὸαπτίζεται,
1697 2088 1792 2140 καὶ
1835 2085 1938 2158 τῷ

337 2171 486 2246 βυθῷ
515 2173 916 2229 κατολισθαίνει
941 2178 1040 2246 τῆς
1073 2175 1366 2249 ἁμαρτίας.
1401 2172 1498 2241 Οἷς
1523 2161 1596 2229 ’δὲ
1623 2177 1914 2248 πρόσεστιν

333 2265 370 2334 ἠ
425 2263 633 2318 ἄνωθεν
689 2263 886 2334 σοφία,
941 2263 1201 2334 βοήθειαν
1251 2265 1469 2322 δίδωσιν
1527 2266 1914 2340 ἀλκιμωτάτην

335 2355 484 2426 ὑπὲρ
513 2356 644 2420 τοὺς
679 2355 1004 2427 εἰρημένους
1050 2355 1186 2410 δέκα
1231 2357 1360 2420 τοὺς
1403 2355 1815 2422 ὲξουσιάζοντας
1855 2359 1914 2412 ὲν

333 2449 405 2517 τῇ
439 2446 854 2519 παραληφθείσῃ
882 2439 1058 2514 πόλει,
1087 2448 1184 2502 καὶ
1212 2447 1477 2519 μηδαμῶς
1515 2449 1687 2520 αὐτὴν
1713 2448 1915 2504 διασώ-

336 2557 563 2605 σαντας.

411 2633 534 2696 Πῶς
561 2626 656 2688 οὖν
684 2633 806 2704 οὐχὶ
831 2632 894 2687 τὸ
919 2631 1104 2686 πλεῖον
1132 2631 1278 2703 ἔχειν
1307 2633 1340 2702 ὴ
1390 2633 1552 2702 σοφία
1585 2631 1914 2705 δοξασθήσε-

335 2736 428 2777 ται
455 2723 554 2792 τῆς
587 2723 928 2794 ἀντιλήψεως
979 2723 1072 2776 καὶ
1109 2722 1385 2794 βοηθείας,
1414 2723 1482 2776 δι’
1509 2719 1578 2794 ἦς
1607 2723 1916 2796 ἀπόρθητον

338 2815 432 2868 καὶ
461 2816 741 2879 παντελῶς
773 2816 1203 2886 ἀπροσμάχητον
1245 2817 1357 2879 τοῖς
1400 2815 1718 2880 ἀντιπάλοις
1747 2819 1916 2869 ἐναπ-

329 2907 506 2978 ἐφηνε
532 2907 632 2978 τὴν
671 2909 849 2973 πόλιν,
880 2910 937 2960 ἐν
965 2903 1110 2982 ᾖπέρ
1139 2908 1290 2974 ἐστι;
1323 2907 1410 2961 διὰ
1451 2907 1612 2962 τοῦτό
1641 2925 1771 2979 φησι
1819 2910 1917 2962 καὶ

327 2999 550 3062 -Παῦλος
588 3001 616 3053 ὁ
664 2999 842 3069 μέγας
893 2997 1208 3066 ἀπόστολος,
1245 3018 1264 3052 ι
1332 3000 1421 3055 Ἐν
1462 3005 1627 3072 σοφίᾳ
1673 3018 1915 3070 περιπα-

337 3092 480 3144 τεῖτε
536 3091 673 3163 πρὸς
718 3091 846 3155 τοὺς
893 3089 1126 3156 ἔξωθενο
1165 3111 1184 3143 ι
1227 3091 1418 3160 σοφίαν
1455 3091 1757 3162 ὀνομάζων,
1791 3088 1916 3163 οὐχι
1939 3120 1984 3176 C

327 3182 434 3254 ’τὴν
462 3183 556 3236 ἐπὶ
594 3186 662 3254 τῇ
696 3181 958 3252 ἀναλήψει
981 3182 1092 3236 τῶν
1131 3181 1366 3254 θύραθεν
1399 3183 1736 3254 μαθημάτων
1771 3183 1912 3253 λαμ-

331 3273 666 3346 ηὸανομένην,
689 3273 826 3329 ἀλλά
851 3273 950 3344 τὴν
981 3273 1072 3327 διὰ
1098 3273 1209 3326 τῶν
1238 3274 1462 3342 ἀγαθῶν
1491 3275 1588 3328 καὶ
1609 3273 1913 3328 σπουδαίων

335 3366 516 3438 ἔργων
566 3365 1152 3438 χαρακτηριζομένην,
1187 3367 1309 3436 ἥτις
1363 3367 1612 3422 κατοικεῖ
1651 3368 1711 3420 ὲν
1750 3367 1914 3419 παντὶ

337 3456 416 3527 τῷ
441 3457 796 3528 κατορθοῦντι
837 3457 936 3528 τὴν
960 3457 1183 3525 ἁγνείαν
1212 3459 1308 3510 καὶ¹
1351 3457 1450 3522 τὴν
1495 3457 1780 3528 είρηναίαν
1814 3473 1913 3510 κα-

325 3549 598 3602 τάστασιν
640 3546 738 3600 καὶ
779 3545 877 3616 τὴν
903 3547 1206 3600 ἐπιείκειαν
1237 3549 1332 3602 xci.
1357 3546 1456 3616 τὴν
1480 3545 1789 3599 εὐπείθειαν
1819 3545 1915 3598 καὶ

337 3639 438 3709 τὴν
466 3636 838 3708 ἐλεημοσύνην
869 3635 1108 3698 καὶτοὺς
1138 3635 1334 3699 ἄλλους
1359 3635 1487 3698 τοὺς
1510 3633 1752 3702 ἀγαθοὺς
1781 3650 1917 3704 καρ-

339 3724 500 3788 πούς.
533 3723 632 3777 Διά
663 3723 822 3776 τοῦτο
847 3723 942 3778 καί
967 3723 1074 3776 πού
1104 3739 1270 3793 φησιν
1298 3725 1332 3792 ἡ
1359 3723 1541 3794 βίϐλος
1562 3723 1657 3776 τοῦ
1679 3723 1913 3792 ἀθλητοῦ

339 3815 440 3884 τῆς
463 3813 748 3876 εὐσεϐείας
792 3811 944 3866 Ἰὼϐ·
983 3830 1002 3864 ι
1043 3807 1214 3868 Εἶπεν
1249 3814 1279 3866 ὁ
1307 3812 1438 3876 Θεὸς
1472 3812 1551 3884 τῷ
1595 3811 1869 3884 ἀνθρώπῳ
1895 3831 1912 3845 ο

353 3903 486 3958 Ἰδοὺ
516 3905 549 3973 ή
591 3901 872 3956 θεοσέϐεια
904 3901 1024 3954 ἐστὶ
1071 3901 1256 3972 σοφία,
1292 3902 1354 3955 τὸ
1391 3901 1447 3954 δὲ
1477 3901 1776 3972 ἀπέχεσθαι
1807 3902 1916 3956 ἀπὸ

339 3993 528 4048 κακῶν
554 3993 712 4067 ,ἐστὶν
753 3992 1053 4064 ἐπιστήμῃ.
1113 4010 1132 4043 ι
1181 3991 1292 4062 Τὴν
1343 3991 1598 4060 τοιαύτην
1639 3988 1730 4046 οὖν
1769 3992 1914 4062 ἔχειν

341 4084 534 4153 σοφίαν
589 4085 683 4137 καὶ
721 4085 882 4153 ἡμεῖς
927 4083 1076 4155 πάσῇ
1109 4082 1338 4152 δυνάμει
1375 4083 1790 4154 σπουδάσωμεν,
1825 4085 1914 4138 ἴνα

341 4174 753 4246 περισώσωμεν·
785 4173 1018 4236 ἕκαστος
1044 4173 1144 4244 τὴν
1175 4174 1312 4226 ἰδίαν
1341 4175 1498 4227 πόλιν
1533 4175 1642 4228 ἀπὸ
1679 4174 1787 4228 τῶν
1819 4189 1916 4228 πο·

339 4263 702 4335 λιορκούντων
739 4263 909 4333 αὐτὴν
939 4263 1213 4335 αἰσθητῶν
1273 4264 1366 4316 καὶ
1416 4264 1620 4334 νοητῶν
1671 4265 1914 4336 ἐφέδρων

343 4357 436 4410 καὶ
465 4357 766 4427 δυσμενῶν.

2016 536 2324 604 posuimus,
2391 535 2699 604 divinmque
2751 535 3033 605 sapientia:
3068 536 3334 592 auxilium
3369 553 3471 608 ope
3507 539 3596 594 illa

2015 634 2069 679 et
2107 625 2432 682 defensione
2463 626 2815 696 praestantius
2853 626 3227 701 ostendimus,
3269 643 3434 698 quam
3495 630 3598 684 Ita-

2015 715 2146 771 bere
2181 715 2376 772 civitas
2408 717 2586 787 possit
2615 717 2994 774 adeeemviris
3027 717 3080 771 itt
3132 719 3251 788 ipsa
3304 719 3598 774 dominan-

2017 807 2162 863 tibus
2193 824 2208 860 :
2263 809 2436 864 verba
2464 823 2661 879 nempe
2689 809 3017 879 simpliciter
3053 819 3240 880 atque,
3282 819 3344 865 ut
3375 821 3596 873 sonant,

2016 896 2338 966 planissime
2377 897 2740 966 interpretati.
2775 900 2834 954 Si
2863 914 2998 954 vero
3025 899 3233 955 dictum
3268 901 3402 955 illud
3427 902 3594 956 etiam

2017 988 2084 1041 ad
2113 1003 2384 1058 anagoges
2409 989 2654 1044 rationes
2693 990 2968 1060 explicare
3023 992 3280 1059 velimus,
3337 1002 3592 1048 naturam

2015 1077 2498 1147 conditionemque
2529 1079 2766 1136 hominis
2794 1082 3218 1149 constituemus,
3258 1085 3314 1137 in
3345 1100 3454 1152 qua
3496 1085 3594 1138 de-

2015 1184 2132 1225 cem
2183 1181 2335 1236 sunt,
2357 1170 2452 1243 qui
2497 1169 2826 1240 potestatem
2857 1184 3136 1237 exercent,
3169 1175 3414 1244 quinque
3448 1174 3597 1230 scili-

2015 1271 2102 1317 cet
2129 1262 2328 1320 anima:
2359 1261 2670 1328 facultates,
2713 1263 3090 1334 intelligentia,
3134 1266 3411 1337 cogitatio,
3445 1265 3592 1320 ima—

2015 1353 2242 1425 ginatio,
2287 1353 2494 1424 opinio,
2521 1369 2740 1419 sensus,
2775 1367 2831 1410 et
2861 1357 3104 1426 quinque
3125 1356 3390 1424 corporis,
3415 1357 3588 1420 visus,

2014 1445 2258 1509 auditus,
2293 1445 2581 1510 odoratus,
2631 1458 2846 1517 gustus,
2901 1454 3100 1510 tactus,
3150 1463 3272 1516 quae
3311 1448 3588 1504 hominem

2014 1535 2158 1591 intra
2185 1537 2390 1606 pariter
2412 1545 2574 1607 atque
2601 1547 2756 1592 extra
2789 1539 2970 1593 virere
3015 1550 3070 1592 et
3118 1539 3234 1594 rice
3284 1555 3384 1595 sua
3438 1541 3588 1607 fungi

2013 1627 2335 1683 declarant:
2379 1636 2436 1684 at
2469 1629 2516 1685 si
2559 1629 2804 1684 celestis
2853 1631 3118 1694 sapientia
3162 1629 3418 1695 abfuerit,
3453 1633 3590 1685 nihil

2015 1720 2141 1775 inde
2177 1721 2428 1776 utilitatis
2479 1736 2566 1782 ea,
2623 1721 2691 1775 de
2742 1737 2850 1790 qua
2907 1737 3054 1776 nunc
3105 1721 3338 1790 agimus,
3396 1723 3592 1776 ciritas

2015 1812 2300 1882 percipere
2339 1819 2537 1890 potcst.
2574 1810 2769 1865 Totius
2815 1812 2959 1864 cnim
2999 1812 3166 1865 maris
3201 1822 3334 1866 aestu
3363 1825 3430 1866 ac
3469 1828 3594 1882 pro-

2011 1903 2170 1964 cellis
2195 1913 2251 1958 et
2281 1902 2539 1959 ﬂuctibus
2579 1903 2920 1962 internorttm
2947 1903 3098 1974 191
3130 1912 3594 1974 externarumque
3651 1936 3660 1944 -

2015 1997 2257 2053 hostium
2283 1996 2470 2051 furore
2497 1995 2788 2052 concitatis
2823 1997 3104 2060 obruitur,
3164 2003 3220 2050 et
3276 1995 3330 2049 in
3382 2001 3588 2066 peccati

2015 2086 2230 2157 gurgite
2274 2086 2629 2158 demergitur.
2677 2085 2888 2152 Quibus
2933 2097 3114 2140 autem
3154 2101 3387 2156 superna
3447 2089 3589 2143 adsit

2013 2178 2304 2248 sapientia,
2331 2177 2399 2232 iis
2433 2177 2609 2232 multo
2643 2175 2854 2232 ﬁrmius
2883 2177 3146 2230 auxilium
3179 2176 3400 2246 praebet,
3422 2193 3587 2246 quam

2013 2269 2204 2326 decem
2236 2269 2334 2332 illi,
2365 2283 2504 2339 quos
2535 2269 2588 2324 iu
2615 2268 2720 2322 hac
2743 2269 2967 2323 civitate
2990 2277 3312 2336 potestatem
3336 2285 3591 2325 exercere
3672 2329 3680 2340 λ

2013 2363 2276 2430 diximus,
2308 2375 2410 2417 nec
2446 2369 2627 2416 tamen
2667 2375 2886 2415 servare
2919 2369 3236 2430 potuerunt.

2084 2625 2284 2694 Quidni
2311 2642 2442 2698 ergo
2468 2625 2721 2696 maju‘sin
2760 2625 3024 2696 sapientia
3079 2626 3395 2696 pratsidium
3431 2629 3592 2682 auxi-

2015 2720 2262 2790 liumque
2279 2720 2521 2789 positum
2551 2719 2826 2780 videatur,
2851 2718 3012 2787 cujus
3032 2733 3134 2788 ope
3159 2718 3592 2790 inexpugnabilis

2015 2820 2070 2864 ct
2117 2811 2368 2866 hostibus
2423 2809 2649 2864 omnino
2707 2808 2966 2878 impervia
3024 2809 3221 2864 civitas
3249 2811 3363 2874 liat,
3397 2810 3450 2865 iu
3481 2827 3591 2880 qua

2016 2901 2135 2970 ipsa
2189 2900 2489 2956 versetur?
2541 2906 2836 2968 propterea
2893 2907 2947 2952 et
2978 2898 3179 2956 Paulus
3205 2916 3434 2972 magnus
3464 2917 3596 2971 apo-

2017 2993 2196 3046 stolus
2225 2992 2348 3046 ait:
2393 3010 2410 3042 ι
2451 2992 2506 3044 1η
2556 2990 2826 3058 sapientia
2883 2991 3158 3046 ambulate
3208 2993 3274 3046 ad
3328 3008 3447 3054 eos.
3497 2995 3594 3062 qui

2017 3081 2152 3138 foris
2188 3091 2316 3137 sunt
2353 3082 2437 3147 ⁶³;
2469 3101 2488 3134 ι
2523 3081 2847 3150 sapientiam
2878 3083 3158 3150 amiellans
3190 3098 3300 3138 non
3323 3099 3442 3138 eam
3473 3102 3595 3154 quat-

2015 3183 2366 3229 externarum
2427 3173 2842 3240 disciplinarum
2910 3175 3159 3228 subsidio
3226 3186 3593 3244 comparatur,

2015 3268 2106 3322 sed
2141 3282 2264 3337 qua:
2299 3266 2682 3352 virtutihuse‘t
2729 3275 2877 3320 recte
2924 3265 3080 3322 factis
3102 3282 3163 3321 se
3211 3269 3507 3336 prodit,.et
3539 3270 3595 3322 in

2013 3371 2346 3426 unoquoque
2379 3356 2608 3416 habitat,
2645 3355 2743 3426 qui
2781 3356 3104 3426 pudicitiam
3136 3367 3188 3410 et
3222 3359 3596 3412 mansuetudi-

2014 3461 2136 3500 nem
2173 3459 2226 3502 et
2255 3447 2569 3516 teqttitatem
2599 3457 2653 3501 et
2683 3447 3047 3503 obedientiam
3078 3456 3133 3502 et
3158 3447 3594 3517 misericordiam

2014 3544 2070 3589 et
2095 3543 2326 3590 caeteros
2366 3535 2542 3590 bonos
2583 3535 2796 3590 fructus
2825 3544 3192 3591 consectetur.
3237 3530 3597 3592 Idcireo'Jobi

2016 3637 2240 3692 quoque
2270 3624 2488 3678 athleta:
2523 3625 2746 3692 pietatis
2781 3624 2919 3678 liber
2949 3626 3190 3694 quodam
3223 3625 3278 3678 in
3316 3626 3440 3680 loco
3483 3627 3599 3681 haec

2017 3713 2186 3768 habet
2225 3730 2240 3767 :
2277 3731 2300 3766 ι
2339 3713 2490 3768 Dixit
2522 3713 2668 3768 Deus
2703 3713 2921 3768 homini
2961 3731 2975 3768 :
3009 3713 3148 3769 Ecce
3178 3713 3340 3768 timor
3379 3715 3596 3771 Domini

2015 3805 2134 3870 ipsa
2166 3815 2252 3860 est
2279 3804 2574 3875 sapientia,
2610 3814 2667 3859 et
2715 3805 2974 3858 recedere
3015 3821 3046 3859 a
3105 3805 3252 3858 malo
3291 3806 3600 3876 intelligen-

2016 3894 2091 3948 tia
2105 3893 2205 3946 εδδ
2229 3892 2401 3946 Porro
2433 3891 2754 3960 sapientiam
2789 3890 3104 3959 ltujusmodi
3133 3907 3233 3946 nos
3262 3894 3424 3948 etiam
3445 3897 3598 3950 omni

2015 3983 2368 4038 contentione
2391 3981 2594 4036 habere
2619 3981 2960 4047 Studeamus,
2987 3991 3046 4035 ut
3066 3983 3335 4052 propriam
3366 3987 3600 4056 quisque

2015 4075 2293 4131 civitatem
2328 4075 2398 4128 ab
2435 4064 2874 4144 oppugnatorum
2923 4075 3045 4128 telis
3095 4086 3150 4128 et
3202 4075 3446 4132 hostium
3477 4094 3604 4136 cor-

2015 4163 2167 4233 poris
2194 4171 2359 4232 atque
2387 4161 2554 4216 animi
2589 4147 2877 4220 obsidione
2909 4156 3276 4216 viudieemds.

418 4451 484 4501 "0
521 4448 578 4501 δέ
609 4465 774 4518 φησιν
799 4490 814 4514 ,
849 4465 870 4500 ‹
907 4447 1032 4502 ’Ότι
1065 4447 1352 4519 ἄνθρωπος
1399 4449 1500 4502 οὐκ
1547 4449 1662 4502 ἔστι
1705 4449 1916 4515 δίκαιος

2091 4459 2247 4526 Quod
2284 4470 2466 4516 autem
2496 4460 2642 4517 addit
2679 4478 2692 4514 :
2729 4479 2749 4512 ‹
2778 4459 2920 4528 Quia
2950 4463 3118 4517 homo
3153 4479 3262 4518 non
3301 4473 3385 4519 est
3409 4465 3601 4534 justus

341 4540 400 4592 ἐν
446 4541 513 4609 τῇ
559 4541 654 4609 γῇ,
703 4539 762 4602 ὃς
797 4540 1015 4608 ποιήσει
1059 4539 1286 4607 ἀγαθὸν,
1337 4541 1431 4592 καὶ
1469 4541 1566 4610 οὐχ
1597 4542 1913 4614 ἁμαρτήσε-

340 4645 456 4695 ται,
497 4649 515 4681 ι
551 4631 688 4700 πρὸς
717 4630 936 4684 πλείονα
976 4629 1486 4701 ταπεινοφροσύνην
1533 4631 1748 4686 ἕλκεται
1787 4637 1916 4698 τοὺς

343 4722 662 4788 ἀκούοντας,
709 4721 848 4791 πρὸς
890 4722 953 4775 τὺ
985 4722 1128 4774 κατὰ
1158 4725 1218 4774 τὸ
1254 4722 1454 4793 μᾶλλον
1501 4721 1780 4794 ἐπιζητεῖν
1815 4725 1915 4798 τὴν

341 4812 548 4866 ἄνωθεν
585 4813 776 4880 σοφίαν
808 4816 901 4867 καὶ
947 4815 1048 4884 τῂν
1094 4814 1306 4866 ἐκεῖθεν
1339 4812 1610 4884 βοήθειαν,
1647 4814 1724 4880 ὡς
1752 4816 1916 4870 οὐδα-

345 4902 464 4972 μῶς
517 4901 859 4972 ὲξισχύοντος
917 4901 1012 4955 τοῦ
1071 4901 1361 4972 ἀνθρώπου
1414 4901 1760 4972 κατορθῶσαι
1813 4907 1915 4978 τὴν

343 4992 806 5065 ἀ[να]μαρτησίαν
835 4995 930 5049 ἐπὶ
957 4995 1054 5064 τῆς
1081 4993 1205 5061 γῆς,
1225 4992 1326 5045 οὐκ
1347 4991 1562 5062 ἔχοντος
1581 4993 1680 5064 τὴν
1707 4995 1916 5051 ἀνωθεν

341 5085 598 5157 ἀρῤωγὴν
629 5085 723 5138 καὶ
764 5083 1078 5156 συνεργίαν.
1128 5084 1282 5136 Ποιεί
1338 5083 1437 5152 μὲν
1464 5082 1524 5136 τὺ
1563 5084 1770 5153 ἀγαθὸν
1819 5087 1910 5140 ἄν·

339 5177 580 5244 Ορωπος,
617 5177 713 5231 καὶ
739 5177 860 5238 ταῖς
888 5175 1146 5244 φυσικαῖς
1175 5173 1452 5243 ἐπιμένων
1481 5175 1576 5228 καὶ
1615 5179 1916 5250 στοιχειοῦ-

415 5301 460 5330 ⁶³
497 5299 708 5355 Coloss.
748 5315 824 5361 tv,
857 5304 912 5352 5.
990 5296 1036 5330 “
1053 5295 1158 5351 Job
1181 5309 1378 5360 xxvnt,
1403 5295 1495 5352 28.

414 5415 528 5484 (87)
569 5414 742 5482 Quam
787 5415 877 5469 hic
921 5413 1112 5469 Noster
1144 5413 1535 5484 interpretatur
1581 5411 1924 5471 Eeelcsiastm

341 5483 694 5550 sententiam,
741 5502 802 5539 ea
849 5495 951 5546 cst,
981 5500 1089 5553 qua
1139 5483 1440 5536 Calviniani
1490 5483 1814 5550 abutuntur,
1863 5498 1920 5541 ut

339 5562 614 5626 justurum
643 5558 805 5610 etiam
853 5555 991 5626 facta
1035 5553 1218 5607 omnia
1253 5569 1360 5606 non
1407 5555 1567 5626 modo
1599 5554 1914 5626 non_hona,

344 5623 437 5696 'st-d
483 5635 644 5696 etmm
677 5635 893 5696 peccata
928 5625 1103 5696 plane
1145 5639 1265 5676 esse
1301 5623 1646 5696 contendant.
1703 5623 1912 5689 Quibus

343 5695 642 5762 Gregorius
679 5692 830 5749 ‘atleo
874 5694 1229 5762 adversatur.
1272 5700 1334 5745 ut
1383 5692 1452 5746 ab
1499 5708 1692 5746 eorum
1741 5697 1906 5750 etiam

348 5764 947 5835 epiuiouedissentiat,
988 5761 1332 5835 quiethnico
1365 5762 1592 5835 homini,
1621 5771 1675 5835 et
1698 5764 1904 5835 cuique

348 5831 512 5891 etiam
545 5833 638 5903 qui
677 5833 944 5888 charitate
989 5831 1169 5886 divina
1203 5843 1408 5896 careat,
1443 5831 1711 5902 quidquid
1763 5831 1894 5902 agit,

2021 4552 2074 4606 in
2099 4562 2266 4612 terra,
2303 4553 2396 4621 qui
2419 4551 2582 4608 faciet
2609 4553 2836 4620 bonum,
2869 4563 2924 4608 et
2959 4571 3066 4610 non
3107 4557 3374 4624 peccabit,
3415 4577 3436 4610 ι
3477 4559 3600 4613 ideo

2023 4649 2254 4708 spectat,
2291 4649 2351 4694 ut
2383 4641 2664 4695 auditores
2701 4641 2769 4694 ad
2802 4641 2969 4695 animi
3009 4642 3398 4698 detnissionem
3425 4646 3594 4700 addu-

2021 4738 2130 4794 cat,
2193 4741 2245 4785 et
2293 4731 2360 4784 ad
2407 4731 2686 4786 emlestem
2733 4732 3058 4802 sapientiam
3097 4742 3260 4804 atque
3295 4749 3452 4805 opem
3489 4737 3592 4791 im-
3693 4796 3701 4803 ,

2022 4821 2248 4892 pensius
2279 4823 2704 4892 inquirendam;
2739 4840 2864 4879 cum
2898 4825 3108 4896 peccati
3160 4825 3335 4881 labem
3386 4843 3582 4898 nequa-

2022 4929 2188 4982 quam
2225 4911 2279 4968 itt
2311 4914 2413 4970 hac
2445 4915 2555 4969 vita
2577 4915 2817 4985 eﬂ‘ugere
2849 4916 3016 4971 homo
3065 4916 3268 4980 valeat,
3308 4917 3412 4973 nisi
3462 4918 3604 4971 sub-

2022 5005 2223 5060 sidium
2256 5007 2334 5060 illi
2359 5007 2737 5076 auxiliumque
2761 5008 3023 5064 divinitus
3047 5018 3247 5078 ιιι-αις.ιο
3271 5008 3362 5064 sit.
3388 5007 3597 5064 Bonum

2021 5096 2242 5168 quidem
2298 5100 2410 5170 agit
2449 5101 2636 5162 ltomo,
2693 5111 2945 5156 naturam
2993 5117 3214 5172 quoque
3247 5114 3468 5159 secutus
3498 5105 3605 5158 du-

2023 5205 2143 5244 cem
2179 5188 2294 5260 (87)
2327 5207 2339 5243 :
2372 5206 2563 5246 verum
2600 5190 2762 5246 facile
2795 5192 3094 5246 admodum
3137 5202 3404 5259 mutatur,
3439 5205 3494 5248 ct
3534 5197 3603 5249 ad

2031 5422 2202 5492 culpa:
2229 5430 2468 5477 vertunt.
2523 5423 2732 5490 Quippe
2761 5419 2962 5492 diserte
2999 5421 3249 5484 affirmat,
3283 5421 3484 5476 bonum
3512 5438 3597 5492 agt

2026 5492 2096 5545 ab
2130 5491 2220 5547 co
2275 5507 2512 5561 quoque.
2565 5494 2658 5560 qui
2713 5491 2791 5544 rel
2840 5493 2965 5544 unis
3019 5501 3226 5546 natura;
3271 5493 3601 5560 praescriptis

2024 5561 2349 5632 obsequitur
2374 5573 2425 5632 et
2472 5563 2673 5616 insistit
2703 5580 2715 5615 :
2752 5561 3002 5632 Καιταῖς
3043 5562 3301 5630 φυσικαῖς
3323 5561 3601 5632 ἐπιμένων

2021 5635 2115 5684 καὶ
2158 5630 2593 5702 στοιχειούμενος
2646 5631 3070 5702 καταστάσεσιν,
3116 5631 3371 5698 quamvis
3412 5630 3600 5702 divina

2018 5699 2444 5771 sapietttia'sire’
2471 5700 2678 5755 caelesti
2709 5702 2880 5765 gratia
2928 5699 3167 5771 nondum
3202 5709 3397 5755 auctus
3425 5699 3516 5770 sit,
3541 5707 3601 5756 ut

2019 5769 2214 5842 m‘lllpe
2247 5787 2311 5826 ex
2344 5772 2410 5826 iis
2439 5771 2630 5840 liquet,
2661 5785 2782 5840 quae
2811 5769 3059 5840 pretinus
3089 5779 3420 5840 sequuntur.

3629 4983 3646 5017 ἲ

3631 5096 3638 5112 l
