4076 6310
451 292 584 358 1027

1548 297 1611 358 S.
1665 295 2046 357 GREGORlI
2097 292 2610 354 AGRIGENTINI

3569 289 3705 352 10'28

449 411 734 476 peccatum
777 416 982 471 pronus
1010 401 1352 456 convertitur
1389 403 1629 474 :quippe
1657 405 1752 472 qui
1779 419 1842 458 ex
1876 407 2024 457 omni
2056 453 2061 462 ,

2160 417 2298 465 me;
2350 401 2750 456 καταστάσεσιν
2773 417 2786 431 ο
2839 399 2956 454 ἀλλ’
2991 397 3232 470 εύχερῶς
3275 397 3584 454 ἀλλοιοῦται
3614 400 3708 455 καὶ

451 507 605 567 parte
666 494 1026 550 varietatibus
1092 494 1401 548 innumeris
1455 503 1509 549 et
1557 496 2033 551 vicissitudinibus

2160 493 2544 563 ιαρατρέπεται
2578 492 2778 564 ῥᾳδίως
2828 491 2964 563 πρὸς
3017 491 3328 563 ἁμαρτίαν,
3361 492 3457 545 ἆτε
3485 491 3551 562 δὴ
3605 509 3708 563 μυ-

451 588 733 657 subjectus
769 587 862 642 sit.
896 586 1052 653 Quod
1098 585 1166 650 si,
1200 586 1387 640 animo
1421 585 1580 657 192
1611 588 1676 641 ad
1702 587 1871 642 Deum
1909 603 2036 656 per-

2160 585 2279 646 ιίαις
2327 583 2648 638 ἀλλοιώσεσι
2701 585 2800 638 καὶ
2853 583 3182 655 μεταϐολαῖς
3233 583 3710 654 καθυποκείμενος

453 677 596 732 fecte
651 675 922 746 planeque
972 674 1210 739 sublato,
1239 676 1442 745 dignus
1475 676 1588 740 fiat,
1617 677 1709 746 qui
1744 691 2036 746 supernam

2160 675 2547 748 ιμφοτέρωθεν.
2605 677 2668 728 Εἰ
2717 676 2775 730 δὲ
2809 675 3178 745 καταξιωθείη
3217 675 3308 730 διὰ
3335 676 3435 746 τῆς
3468 675 3564 729 τοῦ
3595 676 3712 740 νοὸς

455 768 780 837 sapientiam
818 767 1184 838 hospitantem
1224 768 1478 838 accipiat.
1513 783 1634 838 quae
1653 767 1910 823 Christus
1932 777 2038 831 est,

456 861 523 913 de
553 873 663 927 quo
701 859 904 915 Paulus
939 873 1172 928 magnus
1227 859 1514 928 apostolus
1561 859 1680 912 ait:
1738 874 1757 908 ι
1787 856 2044 912 Christus

458 961 541 1006 cst
568 953 658 1005 Dei
695 951 966 1020 sapientia
993 960 1046 1004 et
1073 951 1246 1007 virtus
1272 953 1340 1012 ⁸⁸,
1381 972 1398 1002 ι
1442 960 1500 1004 ιιι
1533 949 1586 1003 ἱιι
1617 949 2035 1004 Proverbiorum

459 1059 678 1113 quoque
711 1044 851 1097 libro
889 1044 1006 1113 ipsa
1033 1044 1168 1098 dicit
1205 1062 1218 1098 :
1257 1063 1275 1096 ι
1313 1043 1424 1114 Ego
1446 1043 1713 1112 sapientia
1737 1043 2037 1098 inhabitari

457 1138 752 1191 consilium
801 1145 856 1191 et
907 1138 1216 1201 scientiam,
1249 1145 1302 1192 et
1332 1137 1719 1205 cogitationem
1755 1151 1856 1208 ego
1884 1137 2042 1192 invo-

461 1225 582 1279 cavi
613 1225 690 1292 ‘5;
727 1243 747 1276 ι
803 1231 918 1278 tum
981 1237 1112 1278 vero
1165 1224 1374 1280 aditum
1429 1207 1766 1281 adversariis
1798 1207 2038 1280 omnem

465 1315 800 1369 intercludit.
829 1314 918 1368 Ait
950 1314 1149 1370 deinde
1187 1313 1543 1370 Ecclesiastes
1575 1333 1589 1370 :

2136 767 2448 836 ἐνδελεχοῦς
2496 767 2635 840 πρὸς
2665 768 2801 822 Θεὸν
2851 769 3087 834 νεύσεως
3112 769 3216 840 τὴν
3255 768 3464 824 ἀνωθεν
3520 769 3713 840 σοφίαν

2137 858 2322 910 λαϐεῖν
2356 859 2585 924 ἔνοικον,
2619 860 2740 931 ἥτις
2769 861 2915 914 ἐστὶν
2942 861 2972 914 ὁ
3003 861 3259 933 Χριστὸς,
3295 862 3422 932 περὶ
3454 853 3516 916 οὗ
3550 879 3716 931 φησιν

2139 948 2350 1014 Παῦλος
2397 949 2427 1002 ὁ
2480 951 2653 1020 μέγας
2700 951 3031 1016 ἀπόστολος·
3087 970 3106 1002 ι
3145 953 3378 1022 Χριστός
3425 955 3542 1006 ἐστι
3580 951 3718 1006 Θεοῦ

2142 1042 2306 1110 σοφία
2337 1043 2434 1097 καὶ
2458 1041 2709 1114 δύναμις,
2746 1061 2766 1096 ι
2799 1044 2877 1107 ὡς
2907 1045 3009 1098 κάν
3038 1047 3105 1114 τῇ
3133 1044 3242 1097 τῶν
3272 1043 3592 1115 Παροιμιῶν
3635 1043 3717 1114 βί-

2141 1133 2256 1204 ϐλῳ
2304 1135 2504 1205 φησίν·
2565 1155 2585 1188 ι
2654 1137 2797 1206 Ἐγὼ
2830 1139 2864 1208 ἡ
2899 1138 3062 1208 σοφία
3101 1138 3495 1208 κατεσκήνωσα
3523 1137 3718 1207 βουλὴν

2141 1226 2238 1277 καὶ
2284 1226 2508 1292 γνῶσιν,
2554 1229 2651 1282 καὶ
2699 1227 2910 1282 ἔννοιαν
2938 1227 3048 1296 ἐγὼ
3075 1227 3529 1300 ὲπεκαλεσάμηνο
3572 1247 3591 1279 ι
3625 1245 3721 1299 τη-

2143 1314 2378 1369 νικαῦτα
2410 1317 2624 1383 γίνεται
2659 1319 2942 1383 παντελῶς
2975 1321 3090 1383 τοῖς
3122 1318 3458 1383 ὑπεναντίοις
3494 1318 3722 1392 ἀπρόσι-

2143 1423 2255 1472 τος.
2276 1404 2412 1464 Εἷτά
2451 1427 2617 1481 φησιν
2645 1413 2674 1466 ὁ
2719 1411 3152 1484 Ἐκκλησιαστής
3173 1428 3187 1442 ⁸
3245 1396 3252 1402 θ

536 1565 704 1636 Vens.
733 1580 826 1644 9|,
855 1581 946 1635 9:2.
973 1579 1040 1635 Et
1073 1581 1280 1651 quidem
1313 1583 1367 1636 in
1394 1598 1572 1637 omnes
1602 1595 1887 1646 sermones,
1916 1491 2061 1653 quos5

2216 1595 2328 1650 Kal
2378 1598 2580 1664 τιθείς
2621 1595 2856 1664 πάντας
2901 1598 3145 1668 λόγους,
3191 1596 3302 1662 οὓς
3332 1595 3728 1664 λαλήσουσιν

469 1684 746 1742 ιησιιεηηιν
803 1675 990 1743 impii,
1049 1692 1112 1728 ne
1174 1674 1382 1729 dederis
1445 1693 1536 1730 cor
1597 1688 1778 1739 tuum,
1831 1687 2050 1730 utnon

471 1768 664 1820 audias
725 1783 931 1821 seri-um
993 1779 1142 1821 tuum
1211 1769 1616 1825 maledicentem
1661 1771 1807 1836 tibi;
1857 1773 2051 1824 etenim

473 1861 771 1926 frequenter
795 1869 911 1926 aget
947 1867 1116 1911 ticum
1151 1859 1398 1928 maligne,
1425 1867 1488 1912 ct'
1513 1859 1694 1913 multis
1720 1859 1888 1912 modis
1915 1861 2051 1914 male

471 1949 658 2019 aﬂiciet
672 1965 763 2001 cor
779 1959 948 2014 tuum,
967 1952 1088 2019 quia
1109 1949 1284 2016 utique
1297 1957 1344 2000 et
1363 1961 1419 2002 tu
1434 1949 1758 2003 maledixisti
1777 1951 1900 2007 αιὶὶι
1915 1955 2046 2020 (88).

541 2128 840 2200 Postquam
873 2128 1396 2184 ostenditeximiam
1439 2139 1604 2199 atque
1648 2130 1922 2200 ingentem
1955 2146 2052 2186 su-

475 2237 654 2294 perine
695 2220 976 2291 sapientiae
1024 2221 1134 2276 vim
1188 2238 1309 2276 esse
1361 2220 1430 2275 ad
1482 2237 1698 2286 eorum,
1739 2223 1834 2293 qui
1879 2222 2050 2292 ipsam

476 2313 656 2384 adepti
705 2313 838 2375 sint,
882 2311 1261 2368 liberationem
1300 2323 1464 2382 atque
1495 2313 1724 2368 salutem
1755 2331 1770 2380 ;
1796 2313 2056 2368 transfert

477 2421 786 2460 sermonem
819 2405 886 2458 ad
939 2405 1216 2459 hominem
1275 2418 1492 2476 quoque
1539 2405 1717 2476 ipsum
1777 2407 2056 2478 sapientiae

476 2494 862 2564 comparandae
911 2495 1090 2548 studio
1148 2497 1388 2550 maxime
1443 2497 1754 2562 incensum,
1804 2499 2054 2552 excitans

477 2589 732 2642 eumdem
768 2595 931 2656 atque
959 2601 1184 2654 urgens,
1229 2594 1290 2639 ut
1336 2588 1550 2641 animos
1580 2589 1756 2651 tollat,
1795 2598 1850 2642 et
1887 2589 2059 2643 soler-

478 2691 584 2732 tetn
616 2690 740 2747 agat
778 2679 968 2743 vitam,
1002 2693 1105 2732 nec
1133 2679 1318 2732 omnia
1375 2679 1426 2732 in
1471 2679 1750 2748 sapientiae
1804 2682 2057 2750 praesidio

476 2784 644 2840 atque
671 2785 773 2839 Ope
805 2771 887 2824 sic
915 2770 1167 2836 collucet,
1196 2781 1252 2823 ttt
1277 2769 1395 2839 ipse
1420 2769 1758 2840 diligentiam
1790 2774 2054 2833 remittat.

2149 1688 2392 1754 ἀσεϐεῖς
2419 1730 2434 1751 ,
2466 1687 2556 1759 μὴ
2605 1689 2712 1756 δὸς
2751 1690 3007 1760 καρδίαν
3039 1703 3179 1754 σου,
3217 1690 3376 1754 ὅπως
3408 1687 3495 1757 μὴ
3541 1688 3728 1742 ἀκού-

2149 1795 2268 1853 σῃς
2299 1779 2406 1834 τὸν
2431 1780 2658 1835 δοῦλόν
2683 1797 2800 1836 σου
2839 1779 3258 1850 καταράψενόν
3285 1795 3392 1834 σε·
3421 1779 3514 1833 ὅτι
3555 1782 3730 1834 πλει-

2150 1872 2369 1938 στάκις
2392 1873 2832 1940 atoma-down!
2863 1890 2960 1938 σε,
2995 1873 3094 1927 καὶ
3125 1873 3252 1926 καθ’
3279 1870 3461 1938 ὀδοὺς
3487 1868 3732 1935 πολλὰς

2151 1962 2414 2019 κακώσει
2448 1965 2725 2034 ’καρδίαν
2760 1979 2898 2032 σου,
2950 1964 3042 2019 ὅτι
3080 1965 3182 2020 καί
3225 1980 3292 2034 γε
3341 1965 3424 2032 ὡς
3456 1964 3539 2020 σὺ
3584 1981 3731 2021 κατ-

2152 2055 2358 2128 ηράσω
2393 2056 2651 2125 ἐτέρους.

2225 2148 2508 2216 Κραταιάν
2539 2147 2633 2200 καὶ
2689 2147 2934 2218 μεγάλην
2982 2146 3128 2216 ἔχειν
3179 2145 3332 2216 ἰσχὺν
3377 2145 3476 2218 τὴν
3522 2145 3734 2201 ἀνωθεν

2154 2238 2350 2306 σοφίαν
2403 2239 2825 2308 ἀποφηνάμενος
2877 2237 3012 2306 πρὸς
3067 2236 3448 2306 ἀπολύτρωσιν
3494 2237 3589 2290 καὶ
3617 2233 3738 2292 δω-

2154 2329 2352 2399 τηρίαν
2397 2329 2508 2383 τῶν
2547 2332 2782 2400 ἐχόντων
2827 2330 3018 2400 αὐτὴν,
3056 2330 3400 2401 μετοχετεύει
3439 2329 3531 2383 τὸν
3573 2329 3737 2399 λόγον

2155 2421 2251 2473 καὶ
2282 2420 2419 2491 πρὸς
2447 2420 2610 2474 αὑτὸν
2643 2421 2736 2474 τὸν
2780 2421 3070 2492 ἄνθρωπον
3099 2421 3190 2476 τὸν
3227 2422 3357 2490 περὶ
3394 2420 3592 2474 πολλοῦ
3631 2421 3735 2492 τὴν

2157 2513 2354 2580 κτῆσιν
2399 2512 2500 2582 τῆς
2543 2511 2736 2580 σοφίας
2780 2513 3172 2582 πεποιημένον,
3227 2513 3515 2566 διανιστῶν
3567 2513 3735 2567 αὐτὸν

2157 2603 2255 2656 καὶ
2279 2605 2604 2676 παρορμῶν,
2627 2603 3062 2676 θαρῤαλεοῦσθαι
3093 2603 3187 2658 καὶ
3204 2602 3584 2672 προσεκτικῶς
3609 2603 3733 2673 ζῇν,

2157 2694 2254 2747 καὶ
2303 2693 2380 2766 μὴ
2428 2694 2490 2747 τὺ
2538 2695 2649 2748 πᾶν
2677 2697 2757 2756 είς
2805 2694 2903 2764 τὴν
2935 2695 3221 2764 ἀντίληψιν
3273 2693 3591 2748 ἀνατιθέναι
3637 2693 3739 2748 καὶ

2159 2785 2418 2856 βοήθειαν
2447 2787 2546 2858 τῆς
2575 2787 2790 2856 σοφίας,
2818 2789 2982 2840 αὑτὸν
3006 2788 3062 2840 δὲ
3085 2786 3418 2840 διατίθεσθαι
3452 2786 3735 2858 ῥᾳθύμως,

479 2873 534 2929 et
557 2876 786 2915 securus
821 2862 1139 2930 otiosusque
1165 2860 1390 2915 dt‘siditn
1418 2878 1476 2916 se
1503 2862 1669 2917 dedat
1691 2874 1852 2933 atque
1877 2879 2060 2918 socor-

2161 2879 2259 2931 καὶ
2300 2877 2526 2950 γνώμην
2552 2878 2898 2949 ἀτημέλητον
2935 2878 3315 2948 ἐπιφέρεσθαι,
3348 2878 3441 2932 καὶ
3471 2877 3612 2948 μετά
3641 2878 3740 2947 pg-

480 2953 624 3016 dite;
659 2951 844 3020 itaque
866 2950 1155 3018 impiorum
1191 2951 1306 3006 sive
1332 2952 1641 3006 damnonum
1682 2953 1797 3007 sive
1842 2969 2058 3022 pet'vcr-
2086 2928 2130 2982 θ

480 3058 668 3097 sorutn
699 3043 980 3096 hominum
1023 3043 1313 3097 suasiones
1371 3041 1530 3097 facile
1581 3045 1876 3099 admittat:
1928 3045 2058 3114 quin

483 3135 596 3188 imo
645 3133 751 3187 illis
811 3143 1154 3196 succenseat,
1209 3142 1265 3188 et
1323 3137 1670 3190 vehementer
1729 3136 2060 3209 indignetur,

484 3227 927 3296 quotiescunque
961 3226 1304 3293 alloquentcs
1339 3228 1629 3282 consilium
1658 3229 1809 3295 dant,
1851 3237 1911 3283 ut
1958 3229 2064 3282 itu-

485 3318 706 3386 pietatis
757 3327 812 3371 ct
874 3317 1079 3372 erroris
1142 3317 1432 3387 opiniones
1480 3319 1862 3389 amplectatur.
1924 3339 1942 3372 ι
1985 3320 2065 3376 Ne

485 3409 704 3464 dederis
736 3428 757 3460 ι
800 3410 971 3472 enim,
1009 3409 1208 3479 inquit,
1243 3429 1262 3462 ι
1297 3426 1395 3465 cor
1432 3421 1583 3466 tuutn
1622 3432 1641 3464 ›
1693 3415 2062 3477 sermonibus,

485 3517 627 3570 quos
654 3500 731 3553 illi
779 3499 1067 3554 inducunt.
1107 3499 1202 3554 Est
1247 3513 1428 3556 autem
1486 3518 1659 3572 genus
1707 3505 1810 3558 hoc
1866 3513 2062 3559 contu.

487 3593 677 3648 marite
728 3603 784 3647 et
837 3593 1037 3647 fastidii
1097 3603 1150 3648 et
1207 3594 1566 3650 avet-sationis
1622 3609 1676 3650 ct
1721 3607 2066 3664 contemptus

489 3687 694 3741 bonum
744 3687 932 3756 utique
975 3701 1040 3740 ac
1068 3686 1308 3740 beatum.
1340 3685 1542 3742 Verum
1570 3697 1624 3742 et
1659 3687 1704 3742 si
1731 3688 1950 3757 quidam
1984 3689 2066 3741 in-

492 3778 803 3842 veniantur,
848 3778 942 3848 qui
986 3786 1040 3833 te
1074 3779 1339 3834 conviciis
1377 3789 1563 3850 petant
1585 3789 1648 3834 et
1679 3781 1983 3850 despiciant
2013 3791 2068 3836 et

491 3870 780 3932 irrideant,
810 3885 917 3922 non
951 3869 1073 3924 ideo
1100 3871 1341 3925 animum
1379 3872 1463 3926 his
1513 3871 1789 3938 advertas,
1844 3887 1966 3932 nec,
2008 3881 2069 3926 ut

491 3961 620 4023 illis,
660 3963 732 4014 ita
759 3971 814 4016 et
841 3963 926 4016 his
956 3963 1091 4016 iram
1121 3971 1286 4033 atque
1329 3964 1759 4033 indignationem
1784 3960 2063 4020 ostentes:

492 4061 774 4104 mansuete
807 4052 984 4120 potius
1015 4059 1068 4105 et
1107 4056 1376 4122 patienter
1401 4053 1775 4122 proximorum
1821 4055 2068 4123 petulan-

491 4141 622 4195 tiam
655 4143 818 4208 feras,
852 4153 906 4195 et
964 4157 1252 4198 servorum
1305 4143 1547 4211 ipsorum
1613 4145 2065 4213 tnussitationes;

2165 2971 2376 3041 στώνης
2397 2973 2492 3024 καὶ
2523 2971 3018 3043 καταφρονητικῶς
3049 2971 3171 3041 ζῇν,
3197 2970 3339 3024 ὥστε
3371 2971 3468 3024 καὶ
3494 2969 3596 3033 τάς
3624 2971 3742 3024 είσ-
3807 3043 3814 3050 ι

2163 3065 2394 3135 ηγήσεις
2430 3063 2536 3117 τῶν
2587 3063 2802 3117 ἀσεϐῶν
2853 3065 2974 3135 ἦτοι
3026 3065 3299 3135 δαιμόνων
3344 3065 3378 3136 ἢ
3429 3063 3742 3128 κακοδόξων

2163 3154 2466 3226 ἀνθρώπων
2506 3155 2826 3225 προσίεσθαι
2855 3155 3050 3226 ῥαδίως
3071 3171 3086 3187 ⁸
3114 3155 3230 3210 ἀλλ’
3262 3154 3584 3227 ὀργίζεσθαι
3618 3157 3741 3209 κατ’

2163 3247 2344 3300 αὐτῶν
2380 3247 2476 3299 καὶ
2519 3247 2870 3318 χαλεπαίνειν
2901 3248 3168 3318 σφοδρῶς,
3203 3248 3364 3319 ἡνίκα
3392 3243 3744 3319 προσλαλῶσι

2164 3340 2260 3392 καὶ
2277 3356 2340 3391 συ
2349 3338 2758 3408 μϐουλεύωνται
2782 3339 2878 3404 τάς
2907 3341 3202 3410 ὑπολήψεις
3227 3341 3330 3410 τῆς
3357 3341 3618 3406 ἀσεϐείας
3645 3341 3745 3395 καὶ

2164 3431 2258 3485 τοῦ
2304 3431 2535 3501 ψεύδους
2584 3432 2988 3503 προσήκασθαι.
3046 3453 3066 3485 ι
3102 3434 3192 3504 Μὴ
3235 3433 3324 3498 δὸς
3363 3453 3383 3487 ο
3418 3434 3551 3505 γὰρ,
3583 3435 3742 3505 φησὶ,

2170 3543 2188 3573 ι
2225 3523 2327 3592 τὴν
2353 3523 2582 3593 καρδίαν
2611 3541 2706 3576 σου
2762 3542 2780 3576 ι
2820 3525 2901 3586 εἰς
2933 3523 3026 3586 οὓς
3059 3523 3125 3576 ἀν
3153 3522 3372 3593 ἐροῦσιν
3409 3525 3610 3578 ἐκεῖνοι
3650 3522 3746 3577 λό-

2166 3627 2315 3680 γους.
2359 3613 2531 3666 Τοῦτο
2557 3613 2613 3666 δὲ
2662 3613 2721 3666 τὸ
2755 3608 2894 3675 εἶδος
2932 3612 3033 3682 τῆς
3063 3611 3348 3676 ἀπειθείας
3379 3613 3478 3666 καὶ⁹
3518 3611 3618 3682 τῆς
3651 3613 3746 3666 ἀν-

2173 3703 2368 3772 ηκοΐας
2402 3702 2496 3754 καὶ
2528 3702 2627 3771 τῆς
2677 3701 3030 3773 ἀποστροφῆς
3060 3702 3156 3755 καὶ
3198 3701 3510 3774 παρακοῆς,
3540 3699 3747 3770 ἀγαθόν

2167 3798 2286 3848 ἐστι
2319 3795 2413 3849 καὶ
2463 3796 2750 3866 μακάριον.
2796 3794 2955 3848 Ἀτλλά
2989 3794 3090 3848 κᾶν
3114 3811 3257 3858 τινες
3284 3793 3578 3864 εὑρεθῶσιν
3624 3794 3747 3847 ἑπι-

2169 3885 2515 3946 σκὼπτοντὲς
2543 3901 2602 3938 σε
2633 3885 2727 3938 καὶ
2764 3883 3250 3954 ὃιαλοιόορούμενοι
3279 3885 3371 3937 καὶ
3397 3899 3744 3952 καταγωμῳ·

2167 3977 2405 4040 δούντες,
2439 3975 2514 4046 μὴ
2562 3973 2832 4046 προσέξῃς
2880 3973 3084 4039 αὐτοῖς,
3119 3975 3242 4044 οὐχὶ
3275 3973 3458 4037 καθὼς
3491 3971 3740 4035 ἐκείνοις,

2168 4065 2312 4120 οὕτω
2343 4067 2447 4120 κάν
2492 4064 2700 4128 τούτοις
2728 4064 2897 4136 ὀργὴν
2929 4063 3342 4136 ἐνδεικνύμενος
3381 4066 3476 4118 καὶ
3509 4064 3750 4132 φλεγμοο

2169 4158 2267 4230 νὴν
2295 4159 2560 4230 καρδίας·
2612 4157 2748 4212 ἀλλὰ
2791 4158 2984 4229 πράως
3025 4157 3122 4210 καὶ
3154 4156 3521 4229 μακροθύμως
3562 4155 3747 4224 φέρων

489 4249 602 4302 quo
629 4232 858 4304 ﬂagellis
892 4233 1162 4303 ejusmodi
1193 4244 1246 4288 et
1290 4235 1466 4306 plagis
1499 4235 1803 4306 sapientem
1845 4253 1910 4292 ac
1951 4236 2061 4291 for-

2169 4251 2269 4314 τάς
2315 4251 2601 4324 παροινίας
2645 4251 2754 4304 τῶν
2801 4251 2990 4315 πέλας,
3031 4252 3192 4322 ἦκα),
3243 4249 3350 4302 τῶν
3381 4249 3746 4318 ὲξυπηρετου-

492 4337 598 4380 tem
631 4327 876 4380 animum
915 4327 1208 4396 objiciens,
1263 4327 1332 4380 ad
1387 4328 1668 4382 meliorem
1719 4345 1816 4385 eos
1859 4331 2064 4400 frugem

491 4417 794 4472 transferre
835 4415 1052 4472 facilius
1110 4419 1306 4486 possis.
1364 4417 1443 4474 Ne
1488 4419 1704 4476 dederis
1756 4421 1924 4492 igitur
1974 4439 2071 4476 cor

493 4521 670 4574 tuum,
701 4518 761 4563 ut
785 4509 986 4578 imptus
1021 4509 1212 4563 audias
1241 4509 1608 4576 censiliarios,
1638 4509 1796 4582 193
1830 4512 1947 4566 sive
1979 4528 2072 4566 ex-

495 4612 682 4656 tet-nos
726 4602 840 4655 sive
885 4601 1152 4664 internus,
1200 4618 1335 4656 neve
1367 4618 1461 4656 eos
1514 4603 1790 4668 attendas,
1840 4604 1936 4673 qui
1973 4603 2068 4657 tibi

493 4692 993 4763 quomodocunque
1026 4693 1407 4748 conviciantur
1435 4709 1500 4748 ac
1543 4695 1880 4750 maledicunt
1913 4713 1925 4748 :
1974 4696 2068 4751 sed

494 4785 654 4852 quasi
673 4785 819 4864 nihil
855 4783 1120 4847 audieris,
1157 4784 1237 4838 sic
1275 4793 1325 4838 te
1362 4785 1605 4851 cumbis
1635 4801 1789 4856 mque
1829 4801 1893 4841 ac
1943 4801 2068 4841 cum

495 4875 604 4930 illis
637 4891 815 4946 geras,
846 4884 905 4930 ut
933 4892 1110 4945 neque
1143 4877 1267 4931 illos
1312 4878 1423 4932 ullo
1473 4877 1634 4932 modo
1685 4879 1935 4948 sequaris
1978 4890 2071 4932 aut

494 4967 550 5023 in
581 4983 772 5022 eorum
801 4969 1126 5022 sententiam
1164 4968 1354 5023 venias
1385 4987 1400 5035 ;
1437 4984 1612 5040 neque
1652 4970 1780 5025 dum
1829 4971 1928 5025 hos
1987 4985 2071 5024 re-

497 5057 724 5112 tundere
750 5059 993 5124 conaris,
1025 5058 1261 5114 ludibria
1301 5055 1615 5116 eorumdem
1654 5077 1719 5116 ac
1746 5061 1950 5115 rabiem
1973 5061 2070 5114 a'l-

500 5167 684 5205 wrsas
737 5161 790 5206 te
819 5153 1126 5219 .cumules,
1187 5162 1242 5208 et
1298 5155 1665 5210 contumelias
1717 5155 2066 5224 multiplices,

497 5242 728 5311 quas'ab
763 5243 896 5312 ipsis
926 5243 980 5297 in
1005 5243 1117 5299 vita
1147 5245 1356 5315 reliqua
1393 5246 1634 5316 perferre
1657 5246 1857 5300 debeas
1889 5265 1902 5299 :
1951 5258 2072 5300 tan-

495 5346 660 5399 quam
690 5331 736 5386 si
765 5332 1111 5388 sermonibus
1133 5347 1347 5399 eorum,
1379 5334 1578 5403 quibus
1607 5343 1658 5387 te
1681 5333 1838 5402 quasi
1873 5333 2073 5401 iaculis

479 5421 788 5478 ‘confodere
819 5422 998 5476 conati
1032 5434 1183 5490 sunt,
1217 5424 1402 5478 animo
1447 5423 1730 5477 vulnerato
1765 5423 2072 5478 concidisse

574 5541 618 5572 ‘5
653 5538 670 5592 I
713 5539 846 5595 Cor.
872 5555 912 5606 ι,
945 5537 1038 5593 94.
1119 5529 1358 5592 ⁸⁸Ῥνον.
1389 5551 1510 5602 vm,
1555 5536 1641 5590 t2.

2173 4341 2353 4412 μένων
2377 4341 2508 4404 τοὺς
2532 4341 2902 4412 γογγυσμοὺς,
2933 4341 3022 4393 ἵνα
3049 4341 3108 4392 τὸ
3129 4338 3412 4408 φιλόσοφον
3438 4336 3536 4406 τῆς
3561 4333 3744 4404 ψυχῆς

2171 4431 2266 4484 καὶ
2293 4431 2622 4503 καρτερικὸν
2655 4429 2778 4484 ἀντὶ
2809 4431 3091 4501 μαστίγων
3124 4430 3215 4482 καὶ
3246 4426 3474 4497 πληγῶν
3505 4424 3752 4495 προϐαλ-

2171 4523 2420 4592 λόμενος,
2453 4521 2655 4592 μᾶλλον
2691 4521 2831 4586 ἕξεις
2865 4523 3062 4586 αὐτοὺς
3097 4522 3233 4593 πρὸς
3265 4523 3326 4574 τδ
3355 4521 3606 4591 κρεῖττον
3649 4519 3751 4572 ἀλ-

2170 4612 2541 4683 λοιουμένους.
2602 4613 2694 4684 Μὴ
2744 4612 2834 4676 δὺς
2883 4608 2978 4666 οὖν
3034 4614 3134 4682 τὴν
3179 4611 3412 4680 καρδίαν
3464 4626 3558 4662 σου
3611 4609 3750 4682 πρὸς

2171 4705 2420 4776 ὑπακοὴν
2467 4705 2575 4760 τῶν
2623 4706 2838 4759 ἀσεϐῶν
2884 4703 3228 4774 συμϐούλων,
3265 4701 3538 4772 αἰσθητῶν
3563 4699 3753 4770 δηλον-

2171 4797 2252 4850 ότι
2303 4799 2419 4864 καὶ,
2441 4797 2670 4866 νοητῶν,
2705 4797 2838 4866 μηδὲ
2875 4796 3118 4866 πρόσχῃς
3152 4798 3262 4857 τοῖς
3292 4791 3542 4846 ὁπωσοῦν
3570 4808 3628 4844 σε
3661 4807 3753 4844 κα-

2172 4887 2572 4959 τακερτομοῦσι
2598 4889 2691 4941 καὶ
2721 4887 3098 4957 δυσφημοῦσιν
3115 4902 3130 4916 ·
3152 4885 3265 4938 ἀλλ’
3292 4887 3368 4948 ὼς
3403 4885 3569 4956 μηδὲν
3597 4884 3754 4939 ἀκού-

2175 4997 2294 5042 σας,
2331 4979 2506 5044 οὕτως
2537 4979 2810 5048 διατέθητι
2860 4981 2996 5052 πρὸς
3027 4980 3254 5042 τούτους
3295 4979 3393 5031 καὶ
3436 4977 3576 5049 πρδς
3606 4977 3752 5030 ὲκεί-

2157 5087 2318 5134 ·νους,
2376 5069 2462 5123 ἵνα
2516 5069 2655 5140 μήτε
2698 5071 2758 5124 τὺ
2795 5071 3055 5140 παράπαν
3107 5069 3336 5132 ἐκείνοις
3379 5066 3754 5138 ἀκολουθήσῃς

2173 5159 2268 5214 καὶ
2300 5162 2672 5232 συμφωνησῃς
2692 5177 2710 5194 ο
2741 5161 2905 5232 ,μήτε
2954 5161 3180 5222 τούτους
3230 5159 3577 5230 πειρώμενος
3603 5159 3756 5212 ἀντι-

2174 5251 2458 5322 πλὴττειν,
2494 5251 2695 5324 μᾶλλον
2739 5252 2998 5322 αὐξήσεις
3045 5250 3190 5305 κατά
3219 5249 3315 5304 σοῦ
3353 5250 3621 5320 λοιδορίας
3661 5247 3758 5302 καὶ

2172 5339 2372 5405 λύττας
2399 5342 2494 5395 καὶ
2524 5341 3004 5412 πολλαπλασιάσῃς
3029 5341 3126 5404 τὰς
3157 5341 3288 5412 παρ’
3311 5341 3493 5394 αὐτῶν
3523 5340 3760 5409 ὲπαχθη-

2176 5435 2410 5503 σομένας
2436 5436 2502 5505 τῇ
2537 5433 2651 5505 ζωῇ
2693 5450 2786 5486 σου
2820 5432 3091 5495 κακώσεις
3113 5449 3126 5464 ο
3165 5433 3259 5486 ἅτε
3292 5432 3356 5502 δὴ
3389 5432 3760 5501 τιτρωσκόμε-

565 5657 678 5725 (88)
715 5652 856 5707 LXX
906 5654 1108 5710 habent
1157 5654 1305 5717 ὅπως
1338 5655 1414 5726 μὴ
1459 5652 1694 5725 ἀκούσῃς
1738 5651 1832 5706 τοῦ
1881 5651 2061 5706 δούλου

2160 5670 2205 5706 »υ
2249 5656 2642 5726 καταρωμένου
2711 5671 2793 5714 σε.
2845 5653 3059 5727 Olymp.
3103 5655 3186 5727 μὴ
3233 5654 3332 5725 θῇς
3399 5654 3498 5725 τὴν
3529 5654 3759 5724 καρδίαν

528 5748 714 5786 σθυιηο
