4076 6310
261 339 440 436 "1033

1362 362 1446 431 IN
1479 337 2054 429 ECCLESIASTEN-
2085 390 2151 399 —
2175 361 2322 424 LIB.
2355 357 2487 424 v11.

3416 363 3552 428 10⁸44

362 479 646 532 Δείκνυται
666 475 720 530 δὲ
743 474 836 530 καὶ
857 475 1035 548 πολλῷ
1051 475 1106 530 δὲ
1135 473 1329 547 πρώην
1351 478 1378 530 ὁ
1400 475 1604 545 ἀγαθὸς
1628 474 1870 542 Ποιητὴς

2047 471 2216 544 196,
2237 471 2580 526 Manifestum
2613 485 2775 541 porro
2803 478 2904 538 est,
2942 471 3118 528 multo
3149 473 3304 542 prius
3343 474 3547 530 bonum

288 573 401 624 τῶν
427 568 688 624 ἁπάντων
723 567 895 631 αῐτιος
922 567 1030 622 τῶν
1054 567 1260 632 κακῶν,
1291 567 1387 622 ἅτε
1417 568 1483 636 δὴ
1517 565 1626 620 τῶν
1654 565 1745 619 ὑπ’
1773 565 1874 618 αὐ-

287 661 388 714 τοῦ
421 659 726 729 γεγονότων
758 659 1005 730 ἀστέρων
1037 657 1351 714 κακοποιῶν
1381 659 1724 727 πεφυκότων,
1782 657 1876 710 καὶ

285 753 390 822 τῆς
417 751 613 814 κακίας
641 749 811 804 ὅντων
845 749 1054 805 αἰτίων.
1091 751 1163 805 ού
1184 747 1373 804 τοίνυν
1395 750 1508 803 τῶν
1529 747 1876 818 ἀστρολόγων

285 843 390 912 τὴν
419 843 619 912 τέχνην
653 841 991 912 καταμαθεῖν
1018 840 1252 913 ἐζήτησε
1279 840 1416 912 πρὸς
1447 839 1508 893 τδ
1536 839 1760 894 τοιαῦτα
1792 839 1877 892 δοο

289 929 477 997 ξάζειν
503 929 682 984 ἄτοπα
708 932 805 983 καὶ
826 931 1075 1002 παλίμφη
1085 949 1160 1000 μα
1183 932 1278 984 καὶ
1312 932 1528 993 πάντως
1551 929 1678 994 ἄξια
1707 946 1878 982 κατα-

287 1020 560 1088 γέλωτος·
605 1021 724 1074 ἀλλ’
781 1022 868 1076 ἵνα
913 1021 1116 1093 μᾶλλον
1165 1021 1404 1093 ἔμπαλιν
1455 1021 1523 1076 δι’
1559 1021 1730 1091 αὐτῆς
1779 1022 1877 1092 τῆς

286 1111 438 1166 κατὰ
459 1110 657 1178 γνῶσιν
687 1114 882 1184 πείρας
907 1109 1115 1184 ’διαγνῷ
1137 1113 1236 1185 τὴν
1263 1112 1585 1184 ἀφροσύνην
1614 1113 1722 1166 τῶν
1747 1113 1876 1166 ἀσε-

289 1199 404 1255 ϐῶν
420 1202 516 1256 καὶ
541 1201 641 1274 τὴν
669 1202 936 1274 ὀχληρίαν
964 1206 1059 1258 καλ⁵
1084 1207 1410 1276 περιφοράν.
1443 1205 1878 1275 Ὀνομάσαςγὰρ

292 1309 319 1344 ι
344 1291 537 1362 σοφίαν
578 1294 674 1347 καὶ
702 1295 902 1366 ψῆφον,
935 1313 954 1346 ι
1003 1295 1104 1367 τὴν
1147 1297 1258 1350 τῶν
1303 1295 1651 1370 ἀστρολόγων
1685 1296 1878 1366 τέχνην

285 1383 744 1456 ὁμολογουμένως
795 1385 1065 1458 ἐδήλωσεν
1105 1403 1121 1420 ο
1177 1387 1318 1458 αὕτη
1364 1389 1475 1460 γὰρ
1521 1389 1758 1460 μάλιστα
1789 1388 1878 1442 διὰ

287 1473 644 1546 ψηφοφορίας
667 1476 769 1548 τὴν
801 1477 937 1531 ἰδίαν
968 1477 1116 1532 δοκεῖ
1137 1480 1398 1540 σύστασιν
1418 1481 1584 1551 ἔχειν.
1608 1482 1878 1552 Σημαίνε-

287 1581 382 1620 ται
402 1566 458 1619 δὲ
479 1567 574 1620 καὶ
607 1567 694 1622 διὰ
721 1567 829 1622 τῶν
852 1570 1160 1638 ὀνομασιῶν
1185 1609 1199 1636 ,
1254 1572 1364 1640 τῆς
1408 1575 1699 1643 ὀχληρίας
1736 1573 1880 1642 λέγω

288 1659 388 1711 καὶ
417 1657 528 1726 τῆς
551 1659 899 1728 περιφορᾶς,
931 1663 965 1731 ή
1000 1664 1164 1732 τέχνη
1213 1663 1324 1716 τῶν
1351 1665 1718 1734 ἀστρολόγων,
1781 1663 1877 1718 ἆτε

287 1746 358 1818 δὴ
375 1751 488 1811 τοῖς
523 1749 802 1818 μετιοῦσιν
826 1751 1016 1822 αὐτὴν,
1041 1753 1312 1824 ἐνδελεχῆ,
1339 1754 1543 1825 μᾶλλον
1563 1755 1620 1810 δὲ
1649 1755 1872 1825 διηνεκῆ

289 1838 700 1908 παρενόχλησιν
733 1841 1063 1912 ἐμποιοῦσα,
1094 1846 1192 1896 καὶ
1229 1847 1342 1908 τοῖς
1374 1845 1872 1898 κατακολουθοῦσιν

288 1927 478 1992 αὐτοῖς
516 1929 613 1986 καὶ
639 1933 990 1986 πιστεύουσιν
1012 1934 1471 2006 ἀπαγγελλομένη
1505 1934 1600 1988 καὶ
1632 1951 1872 2006 προκατ-

287 2021 632 2090 αγγέλλουσα
686 2023 845 2078 τοῦτο
893 2025 1148 2080 κάκεῖνο·
1199 2028 1336 2098 πρὸς
1369 2027 1468 2096 τὴν
1515 2027 1764 2079 ἐναντίαν
1815 2025 1872 2078 δὲ

289 2112 617 2166 καταντῶσα
651 2115 980 2187 περιφορὰν,
1041 2117 1118 2181 ὡς
1145 2117 1448 2196 προσδοκᾷν
1502 2118 1601 2188 μὲν
1632 2117 1720 2170 ἀεὶ
1745 2118 1873 2180 τοὺς

287 2201 392 2266 τὰς
427 2201 762 2273 ἐπαγγελίας
800 2209 900 2277 τῆς
926 2209 1269 2278 εἰσηγήσεως
1297 2207 1476 2261 αὐτῶν
1495 2208 1872 2276 δεδεγμένους,

291 2292 392 2364 τὴν
433 2293 664 2348 ἔκϐασιν
691 2296 800 2351 τῶν
841 2297 1266 2368 εὐφραινόντων,
1313 2299 1344 2366 ῆ
1378 2297 1487 2352 τῶν
1536 2298 1872 2364 λυπούντων,

291 2383 393 2438 καὶ
443 2385 532 2438 διὰ
578 2386 738 2440 τοῦτο
779 2388 1048 2458 μηδέποτε
1083 2385 1183 2458 τὴν
1243 2388 1378 2441 ἰδίαν
1422 2387 1648 2458 καρδίαν
1695 2376 1877 2457 ἀπηλ-

293 2473 574 2546 λαγμένην
600 2477 951 2548 εὑρίσκοντες
982 2477 1180 2548 λύπης,
1217 2477 1309 2532 διὰ
1353 2478 1454 2550 τὴν
1477 2479 1586 2533 τῶν
1613 2477 1876 2534 τοιούτων

295 2565 632 2635 καραδοκίαν
661 2567 694 2636 ἢ
731 2569 992 2637 περιττῆς
1029 2568 1314 2638 θυμηδίας,
1344 2570 1444 2640 τῆς
1482 2569 1750 2640 μηδεμίαν
1777 2569 1876 2622 αὑ-

294 2658 412 2718 τοῖς
449 2655 814 2727 προξενούσης
870 2659 1080 2730 χαράν·
1134 2659 1250 2712 ἀλλ’
1292 2659 1368 2722 ὡς
1399 2659 1759 2730 ἀτημελήτως
1807 2659 1877 2713 δι’

293 2747 434 2800 αὐτό
481 2763 545 2814 γε
575 2746 732 2801 τοῦτο
768 2749 1151 2814 διατεθέντας,
1188 2752 1246 2804 ἐν
1294 2753 1414 2814 ταῖς
1467 2751 1622 2813 ἰδίαις
1662 2751 1876 2821 ἀπροσ-

294 2837 467 2904 εξίαις
491 2839 586 2892 καὶ
607 2841 743 2911 πρὸς
759 2841 1137 2913 χαλεπότητας
1156 2842 1605 2913 περιενεχθέντας
1621 2843 1716 2896 καὶ
1733 2860 1796 2895 συ
1804 2861 1876 2912 μ·-

295 2928 492 2999 φοράς.
517 2929 689 2982 Τοῦτο
717 2933 826 3002 γὰρ
853 2932 1124 3002 ἐδήλωσεν
1175 2935 1202 2985 ὁ
1237 2933 1398 3001 σοφὸς
1444 2921 1876 3004 Ἐκκλησιαστὴς

297 3019 488 3075 εἰπών·
525 3041 543 3072 ι
583 3022 695 3077 Καὶ
723 3023 963 3092 εὑρίσκω
1002 3021 1115 3092 ἐγὼ
1149 3025 1316 3096 αὐτὴν
1351 3026 1684 3096 πικροτέραν
1734 3024 1877 3096 ὑπὲρ

295 3109 552 3166 θάνατον.
594 3131 614 3165 ι

363 3203 602 3271 Αὐτὴν,
632 3203 791 3269 τίνα;
820 3203 1033 3276 Δηλαδὴ
1077 3224 1096 3256 ι
1125 3205 1222 3277 τὴν
1263 3205 1457 3275 σοφίαν
1500 3207 1594 3260 καὶ
1631 3206 1730 3278 τὴν
1773 3207 1882 3279 ψῆ-

297 3310 424 3364 φον,
451 3312 470 3346 ›
507 3295 626 3365 ἦτοι
650 3295 848 3365 τέχνην
875 3293 985 3348 τῶν
1015 3293 1382 3366 ἀστρολόγων,
1422 3295 1499 3359 ὡς
1544 3297 1632 3349 ἀεὶ
1666 3297 1882 3368 μυρίοις

301 3387 554 3449 θανάτοις
578 3387 1101 3442 καθυποϐἁλλουσαν
1129 3391 1256 3451 τοὺς
1279 3388 1696 3444 κατακολουθεῖν
1740 3390 1876 3460 αὐτῇ

302 3476 656 3546 βουλομένους
675 3492 690 3509 ·
723 3478 820 3530 καὶ
857 3478 943 3530 διὰ
971 3481 1070 3546 τὴν
1099 3480 1427 3548 προσδοκίαν
1459 3479 1567 3532 τῶν
1594 3479 1877 3548 λυπηρῶν,

299 3566 396 3617 καὶ
423 3564 513 3616 διὰ
531 3564 628 3634 τὴν
649 3564 934 3628 ἀπότευξιν
959 3566 1066 3617 τῶν
1095 3566 1422 3636 χαροποιῶν,
1451 3566 1632 3632 "Aucte
1653 3567 1750 3634 μὲν
1771 3569 1878 3636 γὰρ

301 3655 560 3724 θνήσκειν
589 3655 878 3724 ἄνθρωπος
920 3655 1162 3720 πέφυκεν
1181 3672 1196 3686 ο
1233 3657 1326 3710 ἅτε
1361 3655 1425 3724 δὴ
1443 3655 1536 3708 καὶ
1566 3656 1756 3724 θνητὸς
1779 3654 1875 3710 ὤν.

303 3743 380 3795 Τὸ
406 3741 464 3794 δὲ
491 3742 770 3805 τοιαύταις
799 3741 1018 3805 πολλαῖς
1051 3744 1147 3795 καὶ
1197 3743 1466 3814 διηνεκέσι
1513 3744 1610 3798 καὶ
1635 3744 1880 3816 χρονίαις

303 3829 821 3902 καθυποὸεὸλῆσθαι
850 3833 958 3886 τῶν
977 3833 1256 3904 δυσχερῶν
1295 3836 1390 3888 καὶ
1421 3835 1680 3906 λυπηρῶν
1703 3849 1878 3908 προσ·-

299 3921 533 3986 δοκίαις,
557 3923 651 3977 καὶ
689 3923 873 3992 μέντοι
899 3923 1006 3977 τῶν
1031 3923 1190 3992 δῆθεν
1210 3925 1430 3992 ἀγαθῶν
1459 3927 1552 3979 καὶ
1572 3927 1878 3996 χαροποιῶν

301 4013 647 4079 ἀποτεύξεσι,
689 4013 808 4076 πῶς
839 4015 960 4084 οὐχὶ
985 4017 1079 4069 καὶ
1125 4015 1359 4069 θανάτου
1417 4019 1746 4088 πικροτέραν
1779 4019 1894 4092 τὴνη

300 4105 556 4176 τοιαύτην
582 4105 820 4158 δείκνυσι
851 4104 1200 4179 ψηφοφορίαν
1222 4109 1315 4161 καὶ
1334 4110 1566 4179 τέχνην;
1599 4111 1663 4164 Ὃ
1686 4111 1744 4164 δέ
1773 4129 1877 4180 φη-

303 4217 388 4255 σιν
406 4203 434 4255 ὁ
475 4200 926 4270 Ἐκκλησιαστής·
965 4219 985 4251 ι
1008 4201 1325 4256 Ἑκύκλωσα
1359 4204 1470 4272 ἐγὼ
1495 4204 1589 4258 καὶ
1617 4207 1649 4276 ἠ
1679 4205 1877 4276 καρδία

304 4310 407 4363 μου
426 4307 441 4322 ο
467 4311 487 4344 ›
517 4293 706 4362 μηδεὶς
733 4293 946 4364 οἰηθείη
985 4293 1179 4364 δηλοῦν
1209 4295 1270 4347 τὸ
1295 4293 1408 4365 ἐγὼ
1447 4295 1596 4361 ἄλλο,
1628 4297 1723 4350 καὶ
1759 4298 1876 4366 τὴν

300 4387 554 4457 καρδίαν
595 4387 758 4442 ἄλλο·
791 4387 1093 4458 ἀδιαίρετος
1151 4388 1260 4458 γάρ
1303 4391 1467 4463 ἐστιν.
1498 4390 1527 4442 ὁ
1562 4389 1872 4459 ἄνθρωπος,

1981 579 2162 618 rerum
2184 564 2430 619 omnium
2466 563 2838 627 Conditorem,
2874 565 3141 620 malarum
3171 581 3390 637 quoque
3422 584 3555 624 cau-
3609 601 3614 607 ο

1979 672 2096 712 sam
2125 657 2422 721 exstitisse,
2456 671 2582 712 cum
2621 657 2689 711 ab
2726 671 2793 712 eo
2823 665 2972 712 astra
3009 659 3228 712 condita
3274 660 3406 726 siut,
3435 676 3557 731 quze

1981 748 2123 802 mala
2153 747 2346 802 aﬂ‘erre
2378 756 2434 802 et
2471 748 2728 804 vitiorum
2759 763 2938 804 causae
2972 743 3108 804 esse
3143 749 3410 820 feruntur,
3447 768 3553 806 non

1979 839 2144 910 igitur
2173 839 2576 910 astrologorum
2612 848 2782 895 artem
2809 839 3054 896 ediscere
3078 841 3306 908 studuit,
3340 853 3400 897 ut
3431 843 3554 898 talia

1979 929 2314 1000 epinaretur,
2340 944 2462 998 quas
2483 929 2796 1000 importuna
2825 938 2956 985 sunt
2983 938 3038 984 et
3059 930 3312 995 infamia,
3342 946 3406 986 ac
3436 932 3556 1001 pla-

1979 1035 2048 1075 ne
2081 1019 2377 1076 deridicula
2413 1038 2427 1074 :
2458 1021 2552 1075 sed
2584 1028 2642 1074 ut
2673 1021 2856 1092 potius
2885 1035 2916 1076 e
2948 1019 3228 1076 contrario
3266 1021 3555 1090 impiorum

1979 1111 2264 1167 stultitiam
2307 1120 2361 1166 et
2399 1111 2790 1186 turbulentiam
2831 1125 2883 1168 et
2919 1112 3402 1168 circumactionem
3438 1113 3557 1182 ipsa

1979 1203 2224 1261 scientia:
2251 1205 2583 1275 experientia
2629 1205 2920 1275 detegeret.
2955 1205 3090 1260 Cum
3129 1198 3274 1260 enim
3319 1205 3558 1276 appella-

1978 1296 2052 1351 rit
2083 1316 2103 1349 ι
2147 1297 2471 1368 sapientiam
2494 1301 2549 1351 et
2575 1295 2870 1360 calculum;
2904 1314 2923 1348 ι
2958 1297 3362 1368 astrologorum
3384 1305 3556 1352 artem

1979 1387 2508 1458 diserte-designavit
2533 1405 2546 1454 ;
2575 1388 2776 1458 quippe
2799 1403 2922 1458 quae
2948 1388 3002 1442 in
3028 1388 3362 1443 calculorum
3393 1389 3559 1444 ratio-

1979 1482 2142 1536 nibus
2175 1481 2428 1535 ineundis
2454 1481 2690 1535 maxime
2711 1480 3012 1536 consistere
3048 1481 3278 1535 videtur.
3310 1481 3423 1536 Nec
3451 1481 3556 1536 mi-

1981 1588 2085 1627 nus
2119 1571 2518 1640 astrologorum
2565 1579 2736 1624 artem
2769 1570 2876 1625 illae
2904 1569 3212 1640 signiﬁcant
3235 1570 3558 1640 appellatio-

1979 1679 2100 1726 nes,
2125 1661 2483 1725 turbulentiw,
2507 1661 2752 1730 inquam,
2768 1669 2822 1716 et
2845 1662 3308 1726 circumactionis;
3325 1677 3448 1717 cum
3467 1661 3554 1727 iis,

1978 1755 2071 1825 qui
2107 1771 2226 1810 eam
2279 1757 2484 1822 colunt,
2539 1755 2840 1819 assiduam,
2875 1754 2959 1808 vel
3009 1753 3192 1823 potius
3238 1761 3555 1822 perpetuam

1975 1845 2165 1901 all'erat
2190 1845 2682 1914 perturbationem,
2699 1843 3130 1900 etsectatoribus
3151 1858 3344 1898 eorum
3369 1843 3558 1898 ﬁdem-
3628 1867 3637 1877 -

1975 1952 2082 2006 que
2120 1936 2446 1992 habentibus
2475 1935 2581 1991 hoc
2613 1945 2666 1990 et
2701 1934 2833 1990 illud
2867 1935 3154 1990 denuntiet
3189 1949 3254 1989 ac
3299 1934 3557 2005 pollicea-

1975 2031 2088 2087 tur,
2120 2025 2452 2093 eosdemque
2492 2025 2546 2078 in
2595 2024 2928 2080 contrariam
2974 2031 3284 2094 retorqueat
3317 2024 3554 2078 circum-

1977 2113 2262 2175 actionem,
2292 2121 2351 2167 ut
2383 2126 2600 2182 semper
2631 2120 2972 2182 exspectent,
3003 2111 3132 2166 dum
3167 2111 3432 2181 promissa
3464 2127 3556 2168 ac-

1977 2204 2204 2274 cipiant,
2233 2219 2355 2274 qua:
2389 2203 2465 2258 illi
2497 2203 2712 2265 dedere,
2745 2201 2958 2258 faustos
2997 2203 3204 2278 scilicet
3247 2204 3428 2258 exitus
3460 2212 3556 2256 aut

1979 2293 2161 2349 tn'stes
2192 2311 2207 2348 :
2243 2293 2428 2364 itaque
2454 2307 2734 2364 nunquam
2763 2293 3007 2348 animum
3041 2307 3173 2348 cura
3205 2307 3436 2348 vacuum
3471 2293 3554 2347 in-

1977 2383 2220 2451 veniant,
2247 2383 2437 2438 talium
2470 2398 2654 2438 rerum
2684 2382 3089 2452 exspectatione
3122 2391 3177 2436 et
3201 2383 3358 2437 vanis
3387 2370 3584 2438 illecti'

1978 2474 2275 2538 blanditiis,
2305 2489 2428 2544 quae
2448 2474 2658 2529 nullum
2690 2474 2824 2543 ipsis
2846 2473 3105 2544 gaudium
3128 2473 3375 2528 allatum
3401 2473 3551 2529 sint:

1979 2580 2044 2621 ac
2079 2573 2379 2636 propterea
2412 2565 2770 2636 negligentius
2814 2577 2880 2620 ‘se
2913 2573 3122 2635 gerant,
3151 2577 3204 2620 et
3249 2565 3305 2619 in
3341 2573 3555 2620 suamet

1979 2655 2187 2711 desidia
2233 2655 2478 2726 undique
2522 2653 2933 2710 difﬁcultatibus
2969 2654 3339 2724 arumnisque
3365 2652 3555 2709 conﬂi-

1979 2749 2213 2800 ctentur.
2242 2743 2378 2798 Nam
2419 2743 2522 2798 hoc
2554 2742 2732 2813 ipsum
2773 2741 2992 2813 sapiens
3027 2741 3382 2798 Ecclesiastes
3409 2741 3557 2798 indi-

1977 2837 2143 2900 cavit,
2167 2850 2292 2890 cum
2316 2835 2455 2892 dixit
2485 2854 2499 2892 :
2527 2855 2546 2887 ι
2570 2833 2650 2889 'Et
2669 2835 2888 2892 invenio
2920 2849 3024 2906 ego
3052 2849 3170 2891 eam
3201 2842 3378 2892 morte
3400 2847 3560 2890 amav

1978 2926 2200 2982 riorem.
2243 2943 2265 2978 ι

2053 3207 2211 3276 Eam,
2235 3207 2568 3278 quamnam?
2591 3207 2697 3262 nisi
2726 3226 2746 3260 ι
2776 3200 3113 3278 Sapientiam
3139 3215 3194 3262 et
3214 3206 3507 3273 calculum,
3529 3221 3553 3256 ι

1979 3300 2094 3356 sive
2147 3309 2318 3353 artem
2371 3299 2812 3368 astrologorum,
2866 3301 2991 3354 cum
3045 3299 3164 3354 hare
3213 3298 3410 3354 millies
3459 3310 3560 3354 eos

1978 3386 2118 3442 mori
2153 3386 2556 3456 quodammodo
2593 3395 2774 3456 cogat,
2827 3390 2926 3456 qul
2973 3400 3034 3442 se
3068 3385 3143 3439 illi
3176 3384 3556 3440 'dedideruut:

1979 3479 2176 3548 partim
2209 3477 2282 3532 ob
2313 3478 2549 3534 tristium
2586 3477 2956 3542 formidinem,
2997 3478 3194 3546 partim
3234 3477 3306 3532 ob
3346 3476 3560 3532 fausto-

1979 3583 2099 3621 rum
2131 3567 2564 3622 frustrationem.
2595 3565 2771 3621 Semel
2795 3569 2940 3621 enim
2973 3566 3182 3621 homini
3211 3567 3558 3623 moriendum

1977 3665 2086 3716 est.
2117 3663 2176 3710 ut
2215 3657 2460 3712 mortalis
2505 3656 2625 3724 ejus
2674 3665 2872 3712 natura
2923 3657 3042 3712 fert.
3079 3658 3149 3710 At
3181 3672 3310 3711 vero
3345 3673 3409 3711 ea
3435 3672 3559 3714 esse

1968 3748 2312 3813 conditione,
2347 3757 2407 3803 ut
2445 3748 2662 3802 funesta
2695 3758 2856 3816 atque
2905 3747 3081 3802 tristia
3137 3746 3397 3802 diuturna
3433 3763 3560 3818 per-

1977 3848 2248 3911 petuaque
2297 3838 2658 3908 trepidatione
2702 3838 2896 3893 timere
2945 3838 3168 3904 debeas,
3216 3837 3360 3894 bona
3393 3847 3559 3910 atque

1977 3933 2100 4002 laeta
2149 3947 2428 4002 nunquam
2476 3914 2771 3985 adventare
2801 3931 3008 3996 videas,
3043 3930 3322 4000 quomodo
3351 3947 3558 4002 suppu-

1977 4022 2237 4077 tationem
2302 4021 2458 4091 197
2518 4018 2788 4088 ejusmodi
2848 4027 3010 4085 atque
3071 4026 3242 4072 artem
3282 4033 3390 4072 non
3438 4019 3556 4088 ipsa

1977 4123 2156 4168 morte
2201 4113 2530 4167 amariorem
2559 4110 2836 4166 declarat?
2862 4109 3018 4174 Quod
3046 4116 3229 4162 autem
3275 4108 3422 4164 dicat
3449 4107 3557 4163 Ec-

1977 4205 2254 4260 clesiastes
2294 4223 2308 4258 :
2346 4223 2364 4255 ι
2402 4201 2640 4264 Circuivi
2693 4217 2794 4272 ego
2841 4211 2897 4255 et
2945 4216 3042 4256 cor
3079 4217 3285 4268 meum,
3319 4219 3339 4254 ι
3393 4216 3557 4258 nemo

1975 4305 2146 4367 putet,
2193 4295 2338 4350 aliud
2385 4309 2518 4349 voce
2546 4293 2680 4363 Ego,
2731 4293 2878 4348 aliud
2906 4307 3038 4346 voce
3081 4291 3186 4347 Cor
3225 4291 3546 4362 signiﬁcari.

1975 4387 2295 4442 lndividuus
2319 4385 2462 4441 enim
2491 4395 2573 4440 est
2600 4386 2785 4450 homo,
2815 4384 3100 4446 nominum
3124 4383 3250 4438 licet
3279 4382 3556 4452 signiﬁca-

299 4480 401 4534 κᾶν
428 4479 678 4550 διῄρηται
729 4481 850 4541 ταῖς
896 4479 1195 4550 σημασίαις
1235 4479 1343 4534 τῶν
1385 4479 1690 4548 ὀνομάτων
1737 4481 1872 4534 ἀλλὰ

1977 4479 2222 4534 tionibus
2253 4477 2544 4532 dividatur.
2577 4475 2777 4530 Verum
2813 4476 2893 4531 sic
2921 4475 3125 4544 accipe,
3152 4483 3214 4530 ut
3253 4475 3332 4530 rei
3370 4474 3552 4544 inqui-

299 4571 597 4638 λογιζέσθω
619 4568 718 4639 τὴν
735 4569 843 4622 ἀπὸ
863 4569 1088 4640 καρδίας
1113 4571 1206 4621 ἐπὶ
1227 4568 1304 4640 τῷ
1329 4570 1611 4640 πράγματι
1640 4572 1869 4642 ζήτησιν

295 4664 359 4714 τὸ
379 4661 666 4732 εἰρημένον
705 4661 920 4730 δηλοῦν.
948 4661 1299 4730 Παρεμπεδοῑ
1324 4661 1380 4713 δὲ
1407 4661 1501 4714 καὶ
1527 4679 1867 4734 κατακωμῳ-

297 4751 376 4804 δεῖ
406 4750 513 4804 τῶν
541 4749 801 4802 τοιούτων
830 4752 928 4820 τὴν
958 4749 1236 4821 ὲξαπάτην
1262 4751 1356 4804 καὶ
1383 4750 1468 4806 διὰ
1514 4751 1624 4805 τῶν
1647 4754 1867 4818 ὰαέσως

297 4845 578 4914 ἑπομένων
605 4842 796 4896 εἰπών.
824 4843 962 4914 Φησὶ
991 4842 1128 4914 γάρ·

1978 4569 2231 4626 sitionem
2261 4582 2293 4622 a
2330 4555 2493 4622 corde
2535 4569 2770 4636 pendere
2819 4567 2926 4622 illis
2969 4567 3152 4622 verbis
3191 4567 3547 4636 signiﬁcetur.

1976 4657 2157 4730 Pergit
2177 4672 2338 4728 porro
2358 4657 2662 4728 praestigias
2691 4657 2922 4712 istorum
2945 4667 3000 4710 et
3025 4652 3268 4710 fallacias
3289 4655 3552 4726 perstrin-

1976 4765 2102 4820 gere
2136 4748 2202 4804 iis
2231 4748 2414 4816 etiam,
2441 4762 2564 4818 quae
2588 4747 2844 4822 protinus
2873 4756 3196 4817 sequuntur.
3231 4746 3320 4801 Ait
3346 4745 3494 4802 enim
3527 4762 3547 4802 :

1855 4962 1984 5032 5v.

365 5049 492 5105 Σὺν
521 5049 636 5119 τὴν
682 5050 970 5121 γυναῖκα,
1023 5049 1160 5120 ἥτις
1195 5050 1324 5106 ἐστί
1359 5041 1719 5128 θηρεύματα,
1770 5059 1870 5111 καί

295 5141 558 5212 σαγῆναι
585 5143 797 5210 καρδία
817 5143 1025 5212 αὐτῆς,
1056 5143 1282 5213 δεσμὸς
1309 5147 1396 5210 εἰς
1420 5144 1618 5213 χεῖρας
1655 5146 1866 5216 αὐτῆς.

305 5229 545 5304 ’Ἀγαθός
585 5235 697 5302 πρὸ
737 5233 1059 5302 προσώπου
1093 5234 1200 5288 τοῦ
1240 5235 1388 5288 Θεοῦ
1425 5234 1868 5302 ἐξαιρεθήσεται

297 5323 396 5381 ἀπ’
429 5323 622 5392 αὐτῆς
645 5365 662 5393 ,
711 5323 812 5378 καί
853 5323 1202 5394 ἁμαρτάνων
1241 5326 1743 5396 συλληφθήσεται
1798 5330 1869 5383 ἐν

230 5426 240 5436 '
297 5411 470 5482 sin-ﬁ.

295 5527 553 5597 praeditus
584 5535 701 5594 est;
741 5527 832 5582 sed
859 5529 1018 5582 veluti
1043 5527 1264 5582 vinculis
1307 5529 1640 5599 quibusdam,
1673 5547 1736 5584 ac
1774 5547 1865 5585 ue-

293 5599 577 5660 cessitatis,
603 5607 658 5650 ut
681 5599 760 5653 ita
783 5599 976 5664 dicam,
995 5599 1212 5652 nexibus
1233 5599 1545 5654 constrictus
1573 5603 1641 5654 ad
1663 5611 1867 5655 utrum-

292 5686 392 5739 que
426 5667 711 5721 adducitur
749 5685 766 5721 :
799 5669 930 5722 nihil
962 5679 1017 5721 ut
1066 5668 1322 5739 reliquum
1350 5669 1451 5734 sit,
1479 5687 1580 5739 quo
1610 5687 1642 5724 a
1681 5672 1863 5724 bestiis

294 5738 535 5807 differat,
569 5739 658 5807 qui
697 5741 928 5792 omnium
957 5753 1139 5792 earum
1170 5738 1449 5806 imperium
1471 5738 1725 5795 divinitus
1762 5759 1860 5794 na-

297 5819 412 5862 ctus
445 5815 544 5860 est.

573 5900 843 5964 ΡΑτιιοι..
885 5903 1002 5963 Gn.
1029 5902 1301 5965 XCVlll.
1413 5901 1420 5914 “

1967 5762 2059 5796 τον
2091 5745 2187 5797 σὺν
2215 5745 2314 5814 τὴν
2341 5748 2590 5812 γυναῖκα,
2625 5747 2658 5814 ἦ

2046 5059 2212 5117 Vens.
2243 5059 2333 5115 ‘26.
2373 5059 2646 5115 Mulierem
2673 5077 2789 5130 quae
2814 5070 2890 5114 est
2919 5062 3096 5132 laquei
3116 5058 3455 5126 aenatorum,
3495 5073 3545 5116 et

1973 5169 2177 5223 sageua:
2221 5169 2312 5206 cor
2342 5153 2476 5221 ejus,
2510 5153 2772 5207 vinculum
2801 5155 2855 5206 iu
2890 5155 3130 5210 manibus
3174 5155 3310 5225 ejus.
3364 5155 3544 5211 Bonus

1972 5260 2149 5298 coram
2176 5243 2280 5296 Deo
2305 5255 2521 5297 eruetur
2554 5247 2618 5297 ab
2663 5261 2745 5312 ea,
2777 5253 2824 5298 et
2853 5245 2944 5323 qui
2971 5257 3171 5316 peccat,
3215 5249 3453 5317 capietur
3491 5249 3546 5302 in

1970 5335 2067 5390 illa
2095 5336 2229 5407 (οι).

2041 5535 2162 5609 (94)-
2193 5532 2335 5609 LXX
2385 5535 2586 5609 habent
2613 5536 2892 5609 Δθήρευμιιι
2941 5553 3040 5608 pro
3089 5537 3430 5609 θηρεύματα.
3471 5538 3544 5595 At

1972 5621 2104 5659 vero
2152 5606 2205 5658 in
2243 5604 2725 5661 Constitutionibus
2771 5604 3076 5674 apostolicis
3112 5604 3386 5664 sententia
3430 5621 3538 5664 tota

1970 5678 2050 5729 sic
2078 5675 2301 5749 ali'ertur
2331 5675 2448 5746 (lib.
2488 5693 2526 5749 ι,
2560 5694 2606 5730 c.
2633 5679 2726 5749 H9):
2773 5679 3046 5748 Ἐμίσησα
3081 5679 3221 5749 ὑπὲρ
3251 5681 3341 5734 τὸν
3372 5678 3540 5733 θάνα-

2665 5764 2746 5810 τις
2774 5749 2889 5822 ἐστὶ
2922 5751 3171 5820 θῄρευμα
3207 5752 3299 5804 καὶ
3327 5750 3538 5822 σαγήνη

1970 5816 2218 5886 καρδίας,
2250 5815 2438 5884 δεσμοὶ
2461 5817 2518 5869 δὲ
2548 5819 2729 5886 χεῖρες
2760 5819 2948 5889 αὐτῆς.

3103 5914 3177 5974 33
