4076 6310
464 300 670 383 ’⁸ῖίῡ35

1649 315 1714 378 S.
1769 313 2146 378 GREGORII
2189 311 2704 379 AGRIGENTINI

3667 274 3856 388 me“

481 469 494 499 ,
601 431 943 490 Amartorem
976 432 1151 482 morte
1177 439 1299 481 cum
1333 423 1532 480 dixerit
1566 425 1839 482 calculum
1873 427 2108 484 astrolo-

2283 427 2516 500 Πικροτέ
2525 445 2622 500 ραν
2639 427 2869 481 θανάτου
2880 425 2978 500 τὴν
2997 425 3178 499 ψῆφον
3197 425 3306 482 τῶν
3321 427 3670 500 ἀστρολόγων
3689 451 3830 488 κατ-

482 519 493 576 .’
531 538 749 593 gorum,
779 520 849 575 ob
886 533 1082 574 vanam
1115 517 1326 574 scilicet
1353 517 1769 588 occupationem
1797 529 1850 574 et
1892 519 2108 575 labores

477 647 484 654 ι
533 613 773 680 inutiles,
796 627 938 684 quos
959 626 1144 667 secum
1164 611 1340 677 aliert,
1365 611 1610 666 eamdem
1629 611 1740 682 jam
1765 621 1936 667 artem
1959 613 2112 668 adul-

530 718 660 766 terae
690 702 1060 776 improbaeque
1089 704 1306 761 feminae
1335 713 1642 785 comparat,
1681 719 1804 776 quae
1858 704 2112 760 homines

531 798 780 854 incautos
817 797 1088 853 demulcet
1135 811 1200 852 ac
1251 794 1508 862 fascinat,
1571 805 1628 852 et
1675 804 2000 852 venatorum
2047 811 2114 852 ac

447 877 455 881 ’
530 889 864 959 piscatorum
902 904 1051 944 more
1100 889 1310 944 retibus
1361 887 1610 959 impedit,
1651 888 1834 958 specie
1886 887 2010 958 ejus
2059 896 2114 942 et

530 980 820 1050 colloquiis
845 990 1054 1050 captos,
1078 990 1241 1050 atque
1273 979 1329 1035 in
1351 979 1558 1050 peccati
1592 979 1822 1050 laqueos
1852 989 2114 1034 mortem-

529 1087 634 1144 que
661 1072 1006 1128 transmittit.
1033 1069 1170 1126 Nam
1195 1071 1355 1128 dolos
1383 1071 1568 1128 animo
1597 1072 1881 1138 meditata,
1905 1079 1961 1126 et
1988 1086 2113 1126 cor-

529 1165 865 1236 ruptelarum
913 1165 1182 1221 instructa
1227 1165 1521 1232 illecebris,
1572 1172 1832 1236 tanquam
1865 1165 2114 1221 marinus

531 1258 762 1328 polypus
794 1257 1068 1327 quasdam.
1102 1257 1266 1311 veluti
1290 1257 1758 1328 manushiloridos
1788 1271 1853 1312 ac
1885 1271 2116 1312 suaveo-

531 1348 703 1404 lentes
731 1347 966 1417 explicat
995 1348 1198 1411 crines,
1231 1347 1587 1416 subdolisque
1617 1362 1714 1402 usa
1741 1347 2112 1415 sermonibus,

529 1441 686 1510 quasi
743 1441 1021 1506 funiculis,
1081 1441 1253 1512 illigat
1300 1451 1642 1510 venaturque
1699 1440 2109 1510 simpliciores:

529 1531 623 1600 qui
656 1529 878 1600 quidem
905 1546 939 1586 e
965 1531 1190 1585 nefariis
1216 1531 1465 1600 corporis
1502 1522 1876 1600 voluptatibus
1909 1530 2116 1600 paulis-

531 1637 626 1691 per
647 1621 988 1677 dulcedinem
1010 1621 1248 1692 aliquam
1270 1623 1508 1692 experiri
1536 1623 1640 1678 sibi
1665 1623 1954 1688 videntur;
1984 1621 2115 1676 sub-

532 1711 658 1766 inde
687 1721 867 1765 autem
902 1719 1067 1781 atque
1096 1711 1238 1765 intra
1261 1711 1424 1766 breve
1456 1720 1666 1782 tempus
1694 1710 1962 1782 ejusmodi
1991 1712 2115 1767 dul-

532 1801 776 1857 cedinem
811 1799 934 1856 felle
963 1772 1314 1871 amariorem,
1362 1811 1416 1858 et
1448 1772 1594 1858 ferro
1628 1772 1852 1874 ancipiti
1903 1804 2120 1860 acutio-I
2143 1772 2190 1832 Β

534 1909 648 1950 rem
679 1893 978 1949 invenient.
1004 1893 1295 1948 Enimvero
1327 1893 1504 1949 simile
1531 1895 1814 1966 quidpiam
1851 1895 1904 1948 in
1939 1903 2114 1950 astro-

532 1985 782 2056 logorum
826 1985 990 2039 etiam
1025 1993 1143 2040 arte
1177 1985 1302 2054 quis
1341 1995 1527 2055 aperte
1560 1986 1796 2055 reperiat
1836 1985 1970 2055 (95).
2006 1985 2112 2041 De-

535 2064 834 2132 mulcetites
855 2077 1000 2131 enim
1025 2092 1088 2132 ac
1107 2076 1484 2146 pertrahentes
1508 2077 1844 2131 initiatorum
1865 2077 2114 2132 animum

533 2169 810 2237 voluptate
856 2166 948 2220 illa
1001 2175 1166 2236 atque
1225 2167 1534 2235 dulcedine,
1593 2170 1758 2238 qnam
1826 2169 2114 2240 promissis

532 2259 688 2337 aiunt
713 2257 1044 2322 sublimibus
1077 2267 1130 2312 et
1159 2258 1322 2328 198
1343 2259 1681 2329 ingentibus,
1719 2268 1978 2330 tanquam
2021 2261 2115 2330 qui

533 2351 902 2423 cognitionem
969 2365 1152 2406 rerum
1202 2350 1449 2405 omnium
1507 2351 1766 2416 habeant,
1826 2361 1882 2407 et
1929 2351 2114 2408 futura

426 2476 427 2479 η
537 2442 888 2512 ριίενίύεαηι,
917 2449 970 2496 et
999 2441 1180 2495 abdita
1207 2456 1438 2511 quaeque
1468 2441 1900 2512 deprehendant,
1937 2444 1991 2497 in
2025 2459 2114 2498 er-

535 2534 678 2590 roris
701 2541 864 2603 atque
898 2531 1148 2588 interitus
1193 2547 1450 2602 sagenam
1496 2534 1803 2603 impellunt,
1843 2543 1898 2589 et
1932 2533 2114 2588 inutili

533 2625 694 2696 plane
729 2638 994 2694 vanaque
1019 2623 1367 2693 occupationi
1407 2638 1472 2678 ac
1525 2625 1782 2681 inanibus
1836 2625 2116 2682 laboribus

536 2717 856 2788 subjiciunt.
913 2715 1158 2770 Elabitur
1192 2731 1323 2770 vero
1353 2723 1518 2786 atque
1577 2717 1758 2772 avolat
1787 2732 1932 2772 unus
1965 2726 2116 2773 certo

536 2808 602 2864 ab
636 2825 722 2875 ea,
755 2807 806 2862 id
841 2817 924 2863 est
952 2807 1022 2863 ab
1051 2816 1286 2878 utraque
1317 2807 1462 2880 (nam
1494 2807 1626 2862 illud
1659 2807 1722 2862 ab
1755 2824 1817 2863 ea
1847 2807 2118 2864 Ecclesia-

537 2914 648 2962 stes
679 2905 963 2961 communi
1005 2905 1405 2972 significatione
1439 2901 1742 2978 usurpavit)
1791 2907 1874 2961 vir
1919 2921 2117 2978 nempe

537 3001 739 3070 probus
773 3008 830 3056 et
861 2999 1114 3068 diligens,
1150 2999 1366 3057 honesti
1397 3008 1612 3059 amator
1638 2998 1860 3070 Deoque
1890 3000 2112 3056 charus.

2211 519 2482 590 ονομάσας
2496 520 2586 574 διὰ
2603 519 2664 574 τὸ
2688 519 2926 591 ματαίαν
2941 519 3198 592 ἀσχολίαν
3215 519 3360 592 ἔχειν
3377 522 3470 576 καὶ
3494 521 3830 592 φιλοπονίαν

2211 611 2492 682 ἀνόνητον,
2525 611 2828 666 ἀπείκασεν
2865 612 3034 683 αὑτὴν
3069 611 3166 667 νῦν
3197 611 3469 683 μοιχαλίδι
3484 614 3579 666 καὶ
3595 615 3829 686 πονηρᾷ

2212 704 2434 771 γυναικὶ
2482 701 2897 776 καταθελγούσῃ
2935 704 3030 758 καὶ
3065 703 3544 776 καταγοητευούση
3585 707 3682 760 καὶ
3709 705 3830 778 θη-

2217 791 2451 863 ρευούσῃ
2467 792 2560 846 καὶ
2579 791 2954 864 σαγηνευούσῃ
2969 793 3088 856 ταῖς
3103 791 3306 864 ἀρκυσι
3319 793 3430 848 τῶν
3445 793 3621 864 λόγων
3637 795 3829 866 αὐτῆς

2213 883 2307 936 καὶ
2325 882 2621 953 σχημάτων
2638 884 2765 947 τοὺς
2781 883 3085 954 ἀπροσεξίᾳ
3107 883 3407 949 συζῶντας,
3423 885 3520 938 καὶ
3549 885 3688 958 πρὸς
3708 887 3830 940 πά-

2214 988 2318 1044 γην
2331 989 2407 1026 πα
2414 973 2704 1046 ραπεμπού
2713 989 2784 1046 σῃ
2793 973 2894 1044 τῆς
2904 973 3179 1044 ἁμαρτίας
3191 974 3286 1029 καὶ
3297 974 3547 1031 θάνατον.
3560 977 3796 1032 Μελστῶ
3815 1007 3828 1014 ~

2216 1081 2288 1130 ᾳα
2313 1063 2425 1136 γὰρ
2454 1066 2514 1118 ὲν
2529 1067 2596 1135 τῇ
2617 1064 2816 1137 καρδίᾳ
2830 1067 2924 1118 καὶ
2941 1065 3383 1137 διενθυμουμένη
3413 1067 3828 1138 συλλογισμοὺς

2213 1158 2314 1229 τῆς
2337 1156 2616 1228 ἐξαπάτης
2645 1159 2740 1212 καὶ
2785 1157 3169 1230 βεϐηλώσεως,
3219 1157 3412 1230 ὥσπερ
3457 1162 3486 1214 ὁ
3515 1160 3826 1226 θαλάσσιος

2216 1248 2515 1316 πολύπους,
2545 1244 2658 1303 οἷόν
2708 1267 2858 1314 τινας
2883 1253 3075 1323 χεῖρας
3108 1251 3488 1322 ὲφαπλὼσασα
3519 1255 3653 1318 τοὺς
3677 1255 3788 1308 πλο
3809 1286 3825 1296 -

2215 1340 2430 1411 κάμους
2464 1340 2575 1396 τῶν
2607 1341 2988 1415 ἀνθηροτέρων
3014 1343 3323 1416 βαμμάτων
3358 1345 3604 1410 καὶτοὺς
3624 1347 3824 1411 κάλως

2215 1430 2322 1486 τῶν
2356 1433 2651 1504 ἀπατηλῶν
2671 1433 2868 1503 λόγων,
2889 1435 3083 1506 δεσμοί
3120 1436 3216 1489 καὶ
3265 1436 3492 1509 θηρεύει
3522 1439 3654 1502 τοὺς
3681 1439 3826 1492 ἀκε-

2220 1524 2574 1595 ραιοτέρους·
2611 1525 2661 1578 οἳ
2715 1525 2940 1579 δοκοῦσι
2989 1524 3382 1594 γλυκαίνεσθαι
3430 1529 3568 1599 πρὸς
3611 1528 3816 1600 βραχὺ.

2215 1617 2338 1678 ταῖς
2359 1618 2652 1686 σαρκικαῖς
2683 1617 2786 1670 ,καὶ
2829 1616 3150 1687 βδελυκταῖς
3205 1618 3446 1689 ἡδοναῖς,
3495 1619 3723 1693 ὕστερον
3755 1621 3820 1676 δὲ

2216 1707 2312 1760 καὶ
2338 1706 2476 1776 μετά
2503 1707 2701 1777 μικρὸν
2743 1709 3084 1780 πικροτέραν
3137 1709 3306 1781 χολῆς
3356 1712 3660 1782 εὑρήσουσι
3711 1715 3822 1784 τὴν

2215 1795 2472 1868 τοιαύτην
2500 1797 2840 1870 γλυκύτητα,
2871 1799 2968 1853 καὶ
3007 1799 3210 1869 μᾶλλον
3240 1801 3500 1872 διστύμου
3533 1804 3821 1878 μαχαίρας

2213 1889 2583 1961 ἠκονημένην.
2639 1891 3032 1962 Παραπλήσιον
3076 1892 3135 1946 δέ
3187 1911 3272 1958 τις
3325 1895 3571 1966 εὑρίσκει
3622 1896 3819 1966 σαφῶς

2217 1978 2357 2032 κάπὶ
2390 1983 2456 2050 τῇ
2484 1980 2652 2053 τέχνῃ
2679 1979 2789 2033 τῶν
2811 1981 3180 2052 ἀστρολόγων.
3210 1984 3658 2054 Καταθέλγοντες
3703 1987 3816 2055 γὰρ

2216 2072 2308 2124 καὶ
2335 2071 2746 2142 παρασύροντες
2773 2072 2880 2126 τῶν
2912 2073 3288 2145 εἰσαγομένων
3317 2075 3410 2130 τὸν
3441 2079 3566 2131 νοῦν
3589 2077 3680 2131 διά
3714 2079 3815 2148 τῆς

2213 2159 2410 2230 ἡδονῆς
2459 2162 2552 2214 καὶ
2594 2160 2938 2232 γλυκύτητος
2987 2163 3099 2216 τῶν
3149 2163 3374 2234 ὑψηλῶν
3425 2169 3520 2221 καὶ
3557 2168 3813 2239 μεγάλων

2215 2250 2556 2322 ἐπαγγελιῶν
2588 2251 2697 2306 τῶν
2723 2251 2817 2304 ἀπὶ
2846 2255 2912 2324 τῇ
2944 2253 3205 2308 παντελεῖ
3231 2257 3434 2326 γνώσει
3461 2257 3572 2312 τῶν
3615 2259 3811 2326 ὄντων,

2215 2343 2308 2396 καὶ
2331 2345 2398 2414 τῇ
2425 2340 2538 2396 τῶν
2559 2342 2868 2415 μελλόντων
2897 2347 3206 2419 προρρήσει
3237 2349 3334 2404 καὶ
3354 2336 3664 2420 καταλήψει
3705 2328 3815 2406 τῶν

2216 2423 2566 2504 ἁφανῶν,ἐίς
2597 2435 2696 2506 τὴν
2717 2435 2816 2506 τῆς
2839 2436 3120 2511 ἐξαπάτης
3149 2441 3246 2495 καὶ
3283 2441 3384 2514 τὴν
3407 2445 3508 2515 τῆς
3533 2442 3814 2505 ἀπωλείας

2216 2527 2551 2622 ἐμϐάλλουσι
2606 2528 2874 2600 σαγήνην,
2905 2529 3042 2599 πρὸς
3088 2533 3350 2604 ἀνόνητον
3405 2535 3501 2588 καὶ
3548 2536 3815 2608 περιττὴν

2215 2619 2472 2690 ἀσχολίαν
2510 2620 2604 2674 καὶ
2637 2620 3035 2692 ματαιοπονίαν
3077 2623 3607 2691 καθυποϐἀλλοντες.
3647 2629 3814 2682 Ἀπο-

2214 2707 2496 2780 διδράσκει
2521 2711 2578 2764 δὲ
2610 2712 2706 2765 καὶ
2721 2713 3104 2786 ,ὑπερίπταται
3129 2715 3296 2786 μόνος
3319 2717 3506 2787 σαφῶς
3547 2737 3567 2770 ι
3607 2719 3818 2774 ἀπἀὐ-

2214 2800 2336 2872 τῆς,
2379 2821 2396 2854 ι
2443 2803 2688 2874 δηλονότι
2729 2807 2828 2876 τῆς
2891 2806 3202 2876 ἑκατέρας⁸
3267 2809 3414 2864 κατά
3464 2810 3650 2866 κοινοῦ
3704 2813 3814 2885 γὰρ

2216 2891 2424 2963 ἐλήφθη
2445 2893 2525 2962 τῷ
2563 2893 2965 2968 Ἐκκλησιαστῇ
2995 2897 3243 2968 δηλονότι
3283 2901 3346 2955 τὸ
3395 2901 3502 2956 ἀπ’
3522 2903 3715 2974 αὐτῆς
3735 2921 3756 2938 ο
3786 2907 3816 2960 ὁ

2216 2983 2422 3053 ἀγαθὸς
2445 2984 2539 3039 καὶ
2558 2985 2843 3052 σπουδαῖος
2872 2989 3264 3062 εὑρισκόμενος
3279 2991 3566 3067 ἄνθρωπος
3594 2997 3695 3050 καὶ
3721 3015 3816 3066 φιο

537 3089 652 3146 Hoc
677 3093 824 3147 enim
864 3091 1070 3148 indicat
1099 3092 1208 3148 illis
1229 3092 1409 3150 verbis
1455 3111 1474 3144 ι
1519 3106 1705 3146 coram
1743 3090 1870 3155 Deo,
1909 3111 1927 3143 ι
1964 3090 2115 3145 Ami-

2217 3075 2444 3140 λόκαλος
2467 3077 2562 3132 καὶ
2577 3077 3030 3150 θεοφιλής.Τοῦτο
3050 3081 3162 3154 γὰρ
3183 3085 3464 3155 σημαίνει,
3489 3087 3628 3159 (πρὸ
3643 3104 3813 3160 προσ-

530 3196 660 3236 cum
680 3182 929 3238 veritatis
951 3181 1267 3253 designans,
1295 3192 1349 3236 et
1373 3180 1468 3252 qui
1493 3179 1605 3236 Deo
1630 3181 1975 3250 potissimum
2004 3181 2118 3250 pla-

531 3290 658 3330 cere
685 3275 923 3330 studeat.
943 3274 1426 3342 Quemadmodum
1455 3289 1486 3330 e
1510 3273 1790 3330 contrario
1815 3275 1909 3345 qui
1950 3288 2118 3344 pravo

535 3367 722 3422 animo
753 3375 808 3422 et
842 3367 1132 3422 inhonesto
1161 3367 1219 3422 in
1253 3381 1316 3422 ea
1358 3375 1628 3433 versetur,
1659 3366 1808 3421 hunc
1847 3365 2116 3437 superari,

539 3465 598 3512 ut
629 3473 729 3528 par
785 3467 889 3524 est,
939 3465 1104 3528 atque
1154 3457 1546 3531 comprehendi
1591 3456 1750 3513 dixit.
1785 3457 1874 3512 Ait
1925 3457 2116 3512 enim:

543 3569 560 3602 ι
593 3549 661 3604 Ει
695 3549 788 3620 qui
831 3557 1040 3620 peccat,
1080 3549 1425 3620 capietur~in
1473 3549 1602 3616 illa;
1642 3567 1661 3601 ι
1707 3548 1760 3603 id
1793 3557 1877 3603 est
1908 3555 2016 3602 tam
2050 3547 2118 3603 ab

536 3642 784 3698 adultera
812 3641 1068 3712 malaque
1095 3639 1320 3707 femina,
1355 3655 1522 3712 quam
1551 3641 1621 3695 ab
1648 3641 1766 3710 ipsa
1793 3648 1909 3695 arte
1936 3639 2120 3694 calcu-

538 3735 674 3791 laria
699 3734 1120 3804 astrologorum.
1147 3731 1284 3788 Nam
1312 3733 1405 3804 qui
1438 3747 1588 3803 spem
1616 3733 1670 3786 in
1699 3731 1931 3786 Domino
1961 3746 2118 3787 suam

539 3840 646 3882 non
671 3823 982 3892 collocavit,
1009 3839 1110 3880 nec
1135 3825 1312 3893 ipsum
1349 3840 1518 3879 unum
1551 3824 1722 3878 credit
1747 3839 1812 3879 ac
1834 3823 2120 3894 profitetur

539 3926 818 3974 auctorem
859 3917 1212 3983 seculorum,
1247 3924 1301 3971 et
1325 3915 1533 3980 omnia,
1562 3929 1686 3985 quae
1710 3923 1860 3982 sunt,
1890 3923 1944 3970 et
1966 3929 2120 3968 com-

537 4008 862 4080 plectentem
892 4017 946 4062 et
969 4006 1361 4079 gubernantem
1389 4017 1444 4058 ct
1472 4012 1918 4070 conservantem;
1957 4003 2003 4059 is
2033 4004 2120 4058 in-

539 4098 819 4154 ﬁdelitatis
847 4113 962 4154 sua:
992 4112 1055 4153 ac
1093 4092 1494 4166 desperationis
1530 4091 1759 4148 vinculis
1788 4091 2118 4163 catenisque

539 4193 956 4264 constringitur.

611 4374 673 4428 At
709 4372 802 4427 ubi
839 4385 986 4426 nunc
1031 4377 1179 4432 sunt,
1225 4367 1320 4438 qui
1365 4365 1672 4436 astrologia:
1708 4363 2118 4418 exercitationi-

2219 3168 2372 3224 ὠπου
2413 3170 2510 3225 τοῦ
2544 3171 2680 3226 Θεοῦ
2712 3213 2727 3240 ,
2767 3192 2790 3249 ε
2846 3173 2938 3230 τὸν
2969 3177 3210 3250 ἐραστὴν
3237 3178 3336 3251 τῆς
3381 3181 3668 3253 ἀληθείας,
3717 3183 3812 3238 καὶ

2221 3263 2349 3334 περὶ
2386 3264 2585 3319 πολλοῦ
2619 3263 2948 3337 ποιούμενον
2978 3268 3078 3343 τὴν
3122 3269 3276 3326 θείαν
3308 3273 3606 3344 ἀρέσκειαν
3633 3277 3812 3332 αίνιτ⁸

2219 3355 2696 3440 τόμενος.⁸Ὠσπερ
2733 3359 2827 3413 καὶ
2879 3361 2942 3415 τὸ
2972 3361 3212 3432 ἔμπαλιν
3239 3363 3332 3418 τὸν
3360 3364 3556 3437 ἔχοντα
3600 3369 3812 3441 φαύλην

2221 3447 2318 3502 καὶ
2344 3448 2913 3526 μισόκαλον’γνώμην
2963 3458 3024 3509 ὲν
3063 3453 3228 3527 αὐτῇ,
3282 3459 3658 3531 κεκρατῆσθαι
3715 3464 3812 3516 καὶ

2222 3539 2694 3610 συλλαμϐάνεσθαι
2727 3543 2872 3597 κατὰ
2902 3544 2963 3599 τὸ
2991 3545 3284 3623 ἀκόλουθον
3315 3541 3464 3604 εἷπε.
3494 3551 3632 3621 Φησὶ
3664 3551 3808 3621 γάρ·

2224 3646 2244 3682 ι
2275 3631 2384 3685 Καὶ
2405 3631 2740 3704 ἁμαρτάνων
2761 3635 3200 3710 συλληφθήσεται
3227 3638 3286 3692 ὲν
3307 3638 3449 3710 αὑτῇ
3471 3651 3488 3671 δ
3519 3660 3539 3694 ι
3564 3641 3810 3714 δηλονότι

2220 3721 2314 3774 καὶ
2341 3725 2406 3794 τῇ
2440 3725 2710 3794 μοιχαλίδι
2736 3727 2831 3781 καὶ
2853 3729 3072 3801 πονηρᾷ
3098 3731 3342 3798 γυναικὶ,
3377 3730 3472 3785 καὶ
3503 3732 3687 3802 μέντοι
3716 3736 3812 3789 καὶ

2218 3816 2287 3885 τῇ
2314 3814 2632 3890 ψηφοφορίᾳ
2660 3818 2769 3873 τῶν
2791 3820 3162 3892 ἀστρολόγων.
3209 3823 3267 3876 'U
3289 3823 3400 3896 γὰρ
3427 3824 3530 3878 οὑκ
3557 3823 3698 3896 ἔχων
3714 3827 3809 3882 ἐπὶ

2219 3905 2426 3978 Κύριον
2452 3909 2556 3974 τὰς
2580 3909 2823 3976 ἐλπίδας,
2874 3911 2970 3968 καὶ
3005 3913 3166 3984 μόνον
3207 3915 3371 3970 αὑτὸν
3404 3916 3675 3971 πιστεύων
3714 3920 3810 3974 καὶ

2219 4001 2608 4068 καταγγέλλων
2660 4002 2894 4075 ποιητὴν
2925 4004 3033 4058 τῶν
3075 4007 3312 4060 αἰωνίων
3351 4008 3444 4062 καὶ
3495 4011 3811 4064 συνεκτικὸν

2220 4091 2438 4145 πάντων
2453 4092 2561 4147 τῶν
2576 4093 2764 4160 ὄντων,
2789 4096 2885 4148 καὶ
2909 4095 3253 4170 κυϐερνήτην
3271 4097 3367 4153 καὶ
3389 4100 3674 4167 σωστικὺν,
3687 4103 3810 4166 ταῖς

2221 4183 2428 4274 σειραῖς
2451 4184 2812 4254 συσφίγγεται
2841 4185 2942 4258 τῆς
2963 4187 3102 4253 ἰδίας
3119 4189 3382 4274 ἀπιστίας
3411 4179 3504 4246 καί
3531 4193 3632 4264 τῆς
3653 4192 3810 4248 ἀνελ-

2221 4273 2442 4340 πιστίας

2305 4367 2466 4421 Ἀλλά
2491 4366 2594 4421 ποῦ
2635 4367 2730 4423 νῦν
2762 4371 2902 4426 εἰσιν
2931 4373 2992 4425 οί-
3024 4375 3144 4438 ταῖς
3193 4377 3612 4446 ἀστρολογικαῖς
3640 4377 3808 4448 ἀσχο·

539 4466 642 4520 bus
673 4475 836 4533 atque
870 4459 1370 4532 supputationibus,
1401 4465 1667 4528 quantum
1695 4465 1798 4519 est,
1826 4455 1949 4510 vitae
1981 4471 2118 4523 prae-

2222 4455 2365 4521 λίαις
2400 4459 2494 4512 καὶ
2545 4457 2913 4532 ψηφοφορίαις
2942 4463 3003 4517 τὸ
3063 4440 3314 4536 χρονικὺν
3373 4440 3656 4538 διάστημα

539 4555 708 4612 sentis
747 4553 986 4624 spatium
1044 4553 1351 4614 insumunt,
1405 4559 1460 4604 et
1511 4549 1568 4602 in
1617 4547 1846 4614 sidereis
1881 4547 2160 4622 motibus.

539 4655 703 4714 atque
726 4643 1038 4713 aspectibus
1059 4639 1488 4710 contemplandis
1519 4648 1686 4708 atque
1709 4637 1852 4692 inter
1881 4652 1941 4692 se
1965 4652 2120 4692 com-

537 4733 800 4806 parandis
846 4732 1120 4802 occupati,
1165 4731 1464 4784 humanam
1519 4726 1706 4782 abhis
1754 4727 1922 4781 vitam
1957 4733 2122 4795 atque

538 4827 1068 4884 administrationem
1118 4823 1233 4894 regi
1287 4822 1534 4893 jactant,
1595 4833 1771 4890 eoque
1827 4819 2121 4889 impietatis

539 4920 734 4974 morbo
765 4919 1038 4980 laborant,
1071 4929 1234 4984 quem
1262 4911 1624 4968 disertissime
1648 4910 1870 4980 sapiens
1901 4924 2122 4979 quoque

537 5007 896 5064 Ecclesiastes
941 5007 1320 5062 demonstrare
1355 5019 1480 5059 cum
1534 5001 1716 5068 vellet,
1763 5000 1946 5055 dixit:
1991 5017 2010 5051 ι
2052 4997 2122 5054 Ut

539 5101 948 5157 eonsiderarem
979 5107 1033 5154 et
1055 5111 1355 5168 quaererem
1385 5095 1707 5165 sapientiam
1739 5101 1794 5147 et
1822 5091 2116 5156 calculum,

540 5200 594 5246 et
628 5199 688 5246 ut
713 5204 1102 5260 cognoscerem
1135 5186 1286 5256 impii
1319 5185 1606 5241 stultitiam
1639 5191 1693 5238 et
1725 5180 2116 5236 turbulentiam

541 5295 594 5341 et
615 5283 1123 5341 circumactionem.
1163 5299 1182 5332 ι
1211 5277 1472 5344 Videsne,
1511 5273 1930 5346 appellationem
1963 5273 2120 5344 impii

541 5377 800 5438 adivinis
849 5375 1072 5432 Litteris
1128 5373 1436 5444 astrologiae
1485 5368 1746 5426 studiosis
1795 5366 2112 5422 attributam

615 5533 728 5606 (95)
795 5534 930 5589 Rem
1004 5533 1252 5592 eamdem
1313 5531 1751 5606 Olympiodorus
1796 5530 2122 5606 brevissime

540 5600 884 5676 complexus,
936 5608 1050 5662 ait:
1081 5606 1296 5676 Ὥσπερ
1336 5600 1692 5676 γὰρ-ἐκείνῃ
1729 5600 2120 5676 θηρεύειῌτοὺς

540 5670 692 5738 νέους
725 5670 907 5745 λόγοις
935 5675 1236 5746 ἀπατηλοῖς
1256 5670 1278 5704 ’⁷
1302 5670 1451 5746 οὕτω
1481 5672 1575 5725 καὶ
1619 5670 1759 5746 αὕτη
1796 5670 1926 5735 τοὺς
1957 5670 2123 5746 {cepo-

514 5797 516 5799 ,
542 5760 660 5814 νας,
682 5741 1060 5817 συλλογισμῶν
1085 5741 1325 5816 σαγήνας
1355 5743 1649 5798 πλέκουσα.
1683 5741 1888 5814 Nempe
1915 5757 1928 5795 :
1965 5741 2118 5798 Sicut

2221 4547 2508 4620 παρούσης
2565 4547 2714 4620 ζωῆς
2746 4551 3152 4622 ἀναλίσκοντες,
3186 4555 3284 4608 καὶ
3313 4558 3436 4620 ταῖς
3482 4559 3810 4630 παρατηρή-

2221 4657 2339 4694 σεσι
2364 4641 2473 4696 τῶν
2525 4642 2788 4713 ἀστρῴων
2819 4647 3088 4720 κινήσεων
3135 4647 3230 4700 καὶ
3265 4647 3506 4717 σχέσεων
3535 4649 3645 4702 τῶν
3673 4649 3809 4720 πρὸς

2216 4731 2483 4802 ἀλλήλους
2501 4733 2592 4786 τὸν
2620 4733 2744 4788 νοῦν
2773 4735 3178 4804 ἐφιστάνοντες,
3209 4739 3304 4792 καὶ
3334 4737 3543 4792 τούτων
3570 4739 3806 4810 ἐξηρτῆ-

2222 4821 2346 4876 σθαι
2369 4822 2468 4896 τὴν
2496 4822 2846 4895 ἀνθρωπίνην
2877 4821 3024 4898 ζωὴν
3052 4827 3148 4884 καὶ
3171 4827 3438 4899 διοίκησιν
3460 4829 3807 4898 διαγγέλλον-

2217 4929 2330 4976 τες,
2363 4913 2458 4966 καὶ
2479 4913 2748 4985 τοσαύτην
2787 4916 3072 4982 νοσοῦντες
3131 4917 3409 4984 ἀσέϐειαν,
3440 4919 3508 4989 ην
3548 4922 3808 4988 ὲκφαντι-

2217 5003 2440 5060 κώτατα
2480 5007 2762 5078 παριστῶν
2789 5008 2887 5062 καὶ
2915 5011 2942 5062 ὁ
2963 5011 3128 5080 σοφὸς
3146 5009 3584 5082 Ἐκκλησιαστὴς
3611 5011 3802 5083 ἔφησε,

2223 5115 2242 5148 ι
2267 5097 2737 5168 Κατασκέψασθαι
2759 5100 2855 5154 καὶ
2874 5099 3110 5173 ζητῆσαι
3135 5101 3327 5172 σοφίαν
3357 5103 3452 5156 καὶ
3478 5101 3684 5174 ψῆφον,
3713 5103 3805 5157 καὶ

2216 5186 2307 5240 τοῦ
2335 5187 2538 5258 γνῶναι
2566 5189 2799 5256 ἀσεϐοῦς
2818 5192 3134 5266 ἀφροσύνην
3157 5195 3253 5248 καὶ
3282 5193 3414 5267 ὀχλη
3424 5194 3544 5266 ρίαν
3571 5195 3667 5250 καὶ
3706 5211 3810 5248 πσ-

2229 5281 2481 5353 ριφοράν.
2520 5302 2540 5336 ι
2590 5283 2754 5356 Ὁρᾷς
2791 5286 2888 5358 τὴν
2915 5288 3212 5357 ὀνομασίαν
3259 5287 3355 5342 τοῦ
3404 5288 3638 5352 ἀσεϐοῦς
3695 5291 3809 5352 τοῖς

2220 5373 2642 5446 ἀστρολογοῦσιν
2705 5377 3246 5451 ἀποκεκληρωμένην
3299 5377 3453 5450 παρά
3503 5379 3605 5450 τῆς
3658 5379 3810 5446 θείας

2217 5537 2358 5610 enim
2397 5539 2498 5594 illa
2536 5539 2744 5596 blandis
2778 5540 3109 5595 sermonibus
3149 5541 3400 5610 juvenes,
3453 5540 3535 5595 ita
3572 5539 3686 5594 lucc
3713 5555 3809 5610 ore

2217 5607 2406 5684 stultos
2420 5619 2690 5684 yenatur,
2710 5611 3137 5684 syllogismorum
3150 5607 3452 5682 implicant
3484 5611 3704 5667 retibus.
3717 5607 3807 5684 (In

2220 5677 2379 5765 Auct.
2418 5680 2549 5760 Duc.
2585 5697 2640 5752 p.
2671 5677 2772 5738 651
2815 5677 2902 5751 Β.)

2477 5845 2589 5859 --ο-ο.
2633 5833 2746 5861 εμκ
2757 5861 2769 5864 _

2261 5853 2408 5867 -_,....-.
2436 5851 2452 5859 ι-
