4076 6310
474 347 611 419 1047

545 465 720 533 Super
752 464 926 534 ipsum
956 464 1120 535 igitur
1147 465 1446 530 hominem,
1479 465 1592 520 sive
1616 467 1761 521 circa
1786 468 1904 520 vita:
1932 483 2044 519 sua:
2075 472 2122 524 Α

474 556 748 619 rationes,
795 555 966 609 multa
1020 555 1228 611 homini
1287 557 1516 612 scientia
1571 567 1848 612 estzcum
1900 558 2046 612 enim

475 646 690 699 utilium
728 646 860 700 latet
893 647 1050 701 nihil.
1093 649 1272 716 Atque
1317 647 1450 702 eniti
1477 651 1712 718 quisque
1752 650 1930 712 debet,
1980 665 2048 704 ne

473 736 604 804 quid
650 750 883 800 eorum,
935 751 1056 806 quae
1109 735 1213 790 sibi
1258 737 1575 807 pratscripta
1622 747 1788 808 atque
1845 735 2046 792 indicta

473 825 700 891 fuerint,
748 841 843 895 per
868 825 1154 896 segnitiem
1187 835 1283 880 aut
1325 836 1694 897 contemptum
1741 837 1836 882 aut
1878 827 2047 881 animi

474 917 852 973 remissionem
878 918 1358 988 praetergrediatur
1383 935 1448 974 ac
1470 920 1707 988 negligat
1735 938 1750 974 :
1776 919 1876 974 etsi
1901 920 2046 973 enim

474 1007 711 1074 ignorat,
749 1013 955 1074 quanta
990 1007 1362 1062 damnationis
1393 1023 1506 1062 suae
1541 1023 1701 1078 ptena
1738 1007 1921 1062 futura
1954 1007 2044 1072 sit,

473 1110 539 1150 ac
569 1109 696 1148 num
723 1095 906 1166 gravis
931 1105 986 1151 et
1005 1097 1317 1163 vehemens,
1359 1114 1426 1152 an
1461 1099 1686 1173 levis_ac
1713 1100 1890 1166 mitis;
1918 1099 2047 1152 illud

473 1193 623 1241 certe
659 1186 811 1240 novit
839 1201 903 1242 ac
948 1187 1086 1242 bene
1129 1187 1394 1259 ﬁrmeque
1427 1191 1703 1260 cognitum
1735 1189 1919 1254 habet,
1953 1188 2047 1258 qui

474 1276 794 1331 mandatum
829 1278 1176 1345 custodierit,
1233 1281 1302 1335 ab
1348 1295 1434 1344 eo,
1485 1281 1579 1350 qui
1624 1281 1792 1347 dedit,
1827 1281 2048 1351 dignum

467 1370 777 1440 judicatum
829 1371 918 1433 iri,
959 1378 1019 1424 ut
1051 1371 1356 1426 mercedem
1405 1383 1458 1425 et
1487 1373 1704 1442 praemia
1743 1371 1880 1427 ferat
1908 1390 1922 1424 :
1955 1373 2056 1440 qui

475 1477 605 1515 vero
636 1476 748 1515 non
787 1461 1140 1528 custodierit,
1171 1477 1201 1518 e
1241 1463 1520 1516 contrario
1547 1462 1796 1532 dignum,
1834 1472 1890 1516 ut
1913 1461 2050 1530 judi-

473 1552 618 1604 cium
671 1563 726 1607 et
771 1552 1286 1608 condemnationem
1335 1562 1388 1608 et
1432 1569 1647 1624 poenam
1697 1570 1795 1624 pro
1840 1554 2051 1610 meritis

473 1640 686 1695 subeaL

544 1732 699 1797 Quod
727 1740 910 1786 autem
943 1733 1019 1787 ait
1045 1751 1060 1787 :
1095 1753 1113 1784 ι
1141 1733 1352 1804 Quippe
1380 1735 1523 1789 sicut
1549 1738 1671 1799 erit,
1696 1737 1819 1806 quis
1845 1752 2054 1792 annun-

474 1821 632 1874 tiabit
659 1821 747 1876 ei?
775 1840 794 1872 ι
828 1822 1190 1892 ignorantiam
1233 1802 1485 1880 similiter
1523 1802 1774 1896 designat
1803 1827 2054 1882 vindictae
2086 1802 2126 1856 Β

475 1918 640 1978 atque
665 1910 881 1980 judicii.
913 1909 1100 1982 Neque
1125 1913 1268 1966 enim
1296 1914 1586 1984 quisquam
1622 1916 1900 1970 hominum
1933 1932 2052 1972 mo-

475 2000 606 2054 dum
657 2001 810 2055 novit
845 2001 938 2056 ira:
986 2003 1132 2074 regis
1165 2015 1259 2058 aut
1303 2016 1591 2075 parentum
1629 2018 1724 2062 aut
1765 2009 2055 2078 magistro-

476 2107 620 2154 rum,
667 2093 950 2161 multoque
1006 2093 1188 2150 minus
1213 2095 1553 2164 judiciorum
1591 2099 2054 2168 consiliorumque

478 2182 593 2246 Dei,
654 2182 813 2252 cujus
850 2184 1122 2254 justitiam
1183 2188 1402 2256 assequi
1457 2203 1616 2243 nemo
1668 2199 1863 2257 potest.
1918 2189 2053 2244 Nam

476 2274 728 2328 homines
781 2275 1000 2344 quidem
1034 2316 1049 2342 ,
1109 2292 1234 2331 eum
1288 2279 1575 2334 minimum
1643 2296 1702 2336 se
1759 2281 2056 2352 deliquisse

478 2365 884 2432 existimarent,
921 2382 1162 2437 persaepe
1200 2385 1227 2422 a
1271 2369 1554 2437 iudicibus
1591 2372 1890 2442 plurimum
1931 2390 2054 2442 pec-

478 2471 637 2511 casse
691 2457 927 2512 convicti
977 2468 1152 2514 sunt:
1186 2461 1359 2514 multo
1405 2463 1578 2532 magis
1627 2465 1696 2518 ab
1726 2481 1814 2532 eo,
1857 2466 1951 2535 qui
2001 2474 2056 2520 et

479 2548 646 2602 corda
691 2557 993 2612 scrutatur,
1041 2559 1095 2604 et
1144 2551 1431 2608 hominum
1479 2556 1835 2624 cogitationes
1882 2561 2052 2624 novit,

482 2639 648 2710 206
668 2638 734 2694 de
763 2656 871 2709 quo
901 2650 955 2694 ct
983 2640 1228 2696 Joannes
1261 2643 1548 2714 theologus
1575 2647 1811 2715 quodam
1851 2650 1902 2702 in
1935 2649 2056 2706 loco

481 2730 556 2783 ait
579 2731 624 2761 ⁷⁸
661 2749 673 2783 :
715 2749 735 2782 ι
765 2729 1035 2796 Quoniam
1075 2719 1251 2800 major
1283 2746 1368 2789 est
1403 2735 1544 2792 Deus
1582 2739 1745 2794 corde
1785 2751 1994 2796 nostro.
2031 2762 2049 2793 ι

551 2817 634 2872 Tu
682 2819 866 2889 igitur,
913 2836 946 2873 ο
991 2823 1259 2888 mortalis,
1305 2825 1645 2890 mandatum,
1690 2829 2056 2899 quodcunque

484 2906 581 2961 tibi
618 2907 940 2962 Dominator
974 2925 1156 2964 rerum
1197 2911 1445 2966 omnium
1488 2911 1632 2968 Deus
1672 2917 1924 2982 dederit,
1965 2927 2055 2973 aut

480 2997 624 3053 alius
669 2999 966 3068 quisquam
1011 3017 1223 3065 eorum,
1275 3003 1368 3072 qui
1422 3006 1916 3078 quomodoeunqne
1966 3027 2058 3064 sn-

482 3089 824 3182 pereminent
845 3105 908 3145 ae
932 3091 1173 3160 majores
1194 3102 1343 3156 sunt,
1369 3109 1658 3164 capessere
1691 3099 1822 3152 totis
1843 3101 2051 3160 viribus
2079 3123 2121 3182 ο

482 3175 706 3244 gestias,
750 3173 1088 3250 operamque
1130 3182 1248 3246 des,
1295 3191 1354 3235 ut
1394 3185 1674 3240 custodias
1720 3203 1784 3244 ac
1831 3206 2062 3250 serves:

483 3281 582 3321 nec
606 3267 671 3321 ad
695 3271 1079 3325 excusationes
1109 3282 1162 3326 et
1187 3285 1480 3342 prietextus
1509 3276 1806 3348 confugere
1833 3284 2061 3352 cegites,

482 3358 556 3412 ob
576 3373 808 3429 eamque
831 3378 944 3416 rem
978 3362 1046 3417 ad
1073 3364 1201 3419 illud
1225 3368 1658 3435 plzntercundum
1687 3373 2022 3440 pertraharis
2049 3391 2062 3440 ;

484 3449 574 3501 sed
615 3451 976 3508 custodiendo
1016 3457 1396 3526 servandoque
1427 3459 1713 3528 prmmium
1763 3473 1816 3516 et
1849 3463 2061 3520 laudent

484 3538 580 3590 tibi
611 3539 911 3596 obventura
947 3553 1099 3600 certo
1130 3562 1340 3626 speres.
1377 3548 1586 3605 Idcirco
1629 3553 1821 3624 utique
1865 3555 2066 3625 adjecit

485 3631 736 3698 protinus
769 3650 784 3688 :

1597 357 1656 416 S.
1686 353 2063 416 GREGORII
2100 353 2612 414 AGRIGENTINI

3592 345 3742 410 1013

2231 464 2349 517 Ἐπ’
2395 465 2559 516 αὐτὸν
2598 458 2690 516 οὖν
2737 462 2829 514 τὸν
2854 460 3160 534 ἄνθρωπον,
3201 459 3365 532 ἤγουν
3403 462 3483 526 είς
3521 463 3590 516 τὰ
3632 465 3740 535 τῆς

2154 555 2288 618 ιδίας
2343 554 2684 622 διεξαγωγῆς
2725 553 2819 607 καὶ
2869 551 3034 622 ζωῆς.
3066 551 3215 605 ἔστιν
3255 554 3289 621 ἡ
3335 552 3539 620 γνῶσις
3581 555 3740 626 αὐτῷ

2149 645 2318 716 πολλή
2340 661 2354 674 ·
2391 644 2646 699 λανθάνει
2677 642 2786 715 γὰρ
2817 643 2980 697 αὐτὸν
3005 642 3112 696 τῶν
3136 643 3522 713 συμφερόντων
3553 645 3731 700 οὐδέν.

2148 736 2261 789 Καὶ
2297 736 2380 789 δεῖ
2412 733 2917 803 κατασφαλίιζεσθαι
2949 732 3218 804 μηδαμῶς
3250 733 3609 804 παρεξελθεῖν
3636 736 3736 790 καὶ

2149 823 2533 895 παρεκκλίνειν
2559 825 2668 876 τῶν
2695 824 3102 892 ἐντεταλμένων
3128 823 3278 894 αὐτῷ
3303 824 3396 878 καὶ
3419 823 3740 878 θεσπισθέν·

2147 935 2257 974 των
2300 918 2359 985 ἐξ
2399 916 2732 987 ἀπροσεξίας
2767 915 2861 970 καὶ
2891 915 3356 986 καταφρονήσεως
3389 916 3486 968 καὶ
3513 933 3737 986 γνωμι-

2149 1008 2251 1077 κῆς
2283 1007 2552 1078 ῥᾳθυμίας
2576 1021 2588 1035 ·
2625 1007 2707 1059 ὅτι
2738 1005 2844 1058 κᾶν
2871 1005 2972 1056 οὐκ
2995 1003 3109 1056 ἔστι
3134 1003 3439 1072 γινώσκων,
3467 1005 3741 1074 ὁπηλίκον
3778 987 3797 994 μ

2149 1098 2304 1153 ἔσται
2333 1099 2392 1152 τὸ
2420 1098 2784 1169 δοθησόμενον
2809 1096 2956 1166 αὐτῷ
2975 1097 3149 1166 κρῖμα
3172 1096 3273 1166 τῆς
3308 1096 3631 1165 καταδίκης,
3653 1098 3740 1150 εῖ-

2147 1207 2209 1244 τε
2251 1189 2490 1261 χαλεπὸν
2525 1191 2620 1242 καὶ
2669 1187 2920 1256 σφοδρὸν,
2971 1188 3082 1240 εἴτε
3130 1187 3313 1259 ῥᾴδιον
3351 1188 3448 1241 καὶ
3487 1187 3735 1257 κοῦφονο

2152 1282 2290 1354 πλὴν
2334 1281 2472 1336 ἀλλά
2511 1281 2620 1352 γὰρ
2663 1275 2807 1334 οἶδεν
2849 1277 3110 1346 ἀσφαλῶς
3137 1278 3232 1331 καὶ
3277 1278 3533 1346 βεϐαίως,
3586 1277 3666 1340 ὡς
3704 1279 3740 1331 ὁ

2153 1373 2438 1442 φυλάττων
2469 1369 2712 1440 ἐντολὴν,
2743 1367 3016 1437 ἀποδοχῆς
3048 1366 3196 1432 ἄξιος
3226 1367 3474 1438 κρίνεται
3513 1368 3608 1420 καὶ
3636 1383 3739 1435 γε-

2157 1462 2262 1532 ρῶν
2297 1461 2450 1531 παρὰ
2475 1461 2570 1514 τοῦ
2609 1457 2901 1520 δεδωκότος
2921 1473 2935 1488 °
2963 1458 2992 1510 6
3019 1456 3074 1509 δὲ
3103 1453 3178 1526 μὴ
3210 1455 3515 1523 φυλάττων,
3550 1455 3740 1524 ἐμπα-

2151 1553 2235 1605 λιν
2273 1552 2533 1622 μέμψεως
2568 1551 2662 1604 καὶ
2685 1549 2784 1618 τῆς
2815 1546 3083 1614 ἀναλόγου
3109 1543 3409 1609 καταδίκης
3440 1545 3534 1598 καὶ
3565 1561 3745 1616 κατα-

2154 1642 2410 1714 κρίσεως.

2231 1736 2294 1787 ’0
2333 1733 2390 1786 δέ
2439 1745 2623 1800 φησιν·
2665 1748 2683 1780 t
2713 1730 2837 1782 Ὀτι
2878 1726 3060 1792 καθὼς
3106 1727 3281 1787 ἔσται,
3315 1727 3398 1790 τίς
3442 1725 3746 1794 ἀναγγελεῖ

2155 1824 2338 1894 αύτῷς
2377 1842 2396 1874 ι
2430 1821 2690 1884 ὡσαύτως
2714 1819 2811 1891 τὴν
2832 1819 3054 1889 ἄγνοιαν
3077 1820 3336 1889 σημαίνει
3364 1819 3466 1887 τῆς
3497 1819 3736 1886 καταλη-

2155 1917 2396 1986 ψομὲνης
2425 1912 2590 1968 αὐτὸν
2619 1911 2774 1982 δίκης
2816 1911 2910 1965 καὶ
2939 1909 3194 1980 κρίσεως.
3227 1911 3414 1972 Οὐδεὶς
3446 1909 3555 1978 γὰρ
3595 1905 3738 1961 οἶδεν

2155 2009 2251 2060 άνθ
2264 2007 2461 2078 ρώπων
2479 2003 2602 2057 οὔτε
2639 2002 2838 2074 μέτρον
2863 2001 3128 2072 βασιλέως
3155 2001 3348 2070 ὀργῆς,
3387 2000 3420 2070 ἦ
3443 1999 3672 2067 γονέων,
3701 1998 3732 2065 ἦ

2153 2099 2513 2158 διδασκάλων,
2563 2096 2595 2165 ἦ
2646 2092 2830 2162 πολλῷ
2897 2092 3096 2162 μᾶλλον
3138 2092 3248 2144 τῶν
3279 2091 3588 2158 ἁνεφίκτων
3641 2088 3735 2141 τοῦ

2155 2191 2290 2245 Θεοῦ
2317 2186 2650 2243 δικαστικῶν
2677 2183 2964 2254 χριμάτων
2985 2183 3079 2236 καὶ
3104 2181 3507 2252 βουλευμάτων.
3525 2179 3738 2248 Ἐλαχί-

2157 2299 2288 2352 στην
2339 2281 2448 2350 γὰρ
2490 2279 2539 2332 οἱ
2573 2276 2851 2348 ἄνθρωποι
2884 2274 3144 2337 πολλάκις
3183 2275 3424 2344 οἰόμενοι
3465 2273 3566 2342 τὴν
3603 2272 3738 2326 ἰδίαν

2155 2371 2557 2443 πλημμέλειαν,
2593 2367 2856 2439 μεγίστην
2881 2365 3290 2436 ἐξηλέγχθησαν
3321 2366 3468 2436 ἔχειν
3494 2365 3598 2418 ὑπὸ
3627 2364 3740 2417 τῶν

2154 2465 2483 2527 δικαζόντων
2505 2479 2518 2493 ·
2549 2459 2727 2528 πολλῷ
2755 2457 2956 2528 μᾶλλον
2995 2458 3088 2510 ἐπὶ
3115 2456 3211 2511 τοῦ
3246 2457 3340 2511 καὶ
3373 2456 3473 2519 τὰς
3511 2455 3739 2525 καρδίας

2156 2536 2504 2627 ἐρευνῶντος,
2538 2551 2632 2604 καὶ
2664 2549 2732 2602 τὰ
2770 2548 3125 2618 ἐνθυμήματα
3163 2545 3274 2599 τῶν
3312 2543 3618 2615 ἀνθρώπων
3655 2561 3742 2612 γι-

2155 2647 2475 2708 νώσκοντος,
2543 2643 2671 2714 περὶ
2727 2633 2790 2694 οὗ
2856 2639 2989 2710 φησί
3053 2656 3156 2692 που
3217 2637 3313 2692 καὶ
3384 2635 3646 2705 Ἰωάννης
3711 2635 3742 2686 6

2157 2737 2426 2804 θεολόγος·
2469 2753 2487 2785 ι
2529 2735 2651 2786 ’Ὀτι
2678 2734 2706 2786 6
2735 2731 2867 2794 Θεὸς
2889 2728 3093 2801 μείζων
3117 2729 3217 2798 τῆς
3247 2726 3474 2798 καρδίας
3495 2725 3673 2797 ἡμῶν.
3714 2743 3736 2776 ι

2226 2829 2299 2881 Σὺ
2331 2827 2530 2889 τοίνυν,
2560 2822 2839 2892 ἄνθρωπε,
2883 2822 3064 2875 πᾶσάν
3109 2837 3191 2874 σοι
3228 2819 3476 2873 δοθεῖσαν
3517 2817 3743 2887 ἐντολὴν

2158 2919 2310 2989 παρὰ
2338 2916 2434 2970 τοῦ
2471 2917 2744 2968 Δεσπότου
2784 2915 2878 2966 καὶ
2910 2912 3045 2965 Θεοῦ
3075 2911 3184 2964 τῶν
3209 2911 3486 2972 ἁπάντων,
3528 2909 3560 2976 ἦ
3605 2909 3742 2978 παρ’

2159 3009 2320 3063 ἄλλου
2350 3007 2492 3070 τινὸς
2515 3007 2624 3058 τῶν
2653 3003 2901 3058 ὁπωσοῦν
2926 3003 3306 3073 ὑπερεχόντων
3330 3000 3426 3054 καὶ
3450 2995 3741 3068 μειζόνων,

2159 3099 2609 3172 παραλαμϐάνειν
2661 3095 2822 3149 παντὶ
2893 3095 3070 3147 σθένει
3140 3091 3568 3161 προθυμήθητι,
3647 3090 3748 3141 καὶ

2161 3193 2459 3246 σπούδασον
2503 3189 2793 3258 φυλάττειν
2829 3187 2923 3240 καὶ
2967 3187 3252 3253 συντηρεῖν
3285 3199 3298 3214 ο
3345 3181 3614 3252 μηδαμῶς
3661 3181 3748 3242 τίς

2162 3277 2458 3344 ἀπολογίας
2485 3273 2926 3346 προφασιστικὰς
2949 3270 3402 3341 διενθυμούμενος
3435 3269 3748 3340 προελθεῖν,

2163 3373 2257 3425 καὶ
2294 3370 2382 3423 διὰ
2437 3369 2598 3421 τοῦτο
2633 3367 2768 3438 πρὸς
2810 3367 2910 3436 τῂν
2953 3366 3268 3436 παράϐασιν
3303 3364 3703 3434 καθελκόμενος
3727 3379 3745 3396 ο

2163 3463 2276 3517 ἀλλ’
2301 3463 2358 3514 ὲν
2388 3463 2454 3532 τῇ
2491 3460 2707 3530 φυλακῇ
2737 3457 2830 3510 καὶ
2865 3457 3196 3528 συντηρήσει
3225 3457 3322 3526 τὴν
3344 3455 3616 3535 ἀποδοχὴν
3649 3455 3748 3507 καὶ

2159 3555 2250 3607 τὸν
2280 3553 2499 3606 ἔπαινον
2531 3549 2984 3622 ὁμολογουμένως
3024 3547 3282 3612 ἐλπίζων.
3318 3547 3535 3617 Ἀμέλει
3562 3547 3750 3599 τοίνυν

2162 3647 2196 3699 ἀ
2205 3646 2383 3714 μέσως
2414 3644 2684 3715 ἐπήγαγε·

2033 3755 2060 3825 §
2091 3753 2182 3807 x1.

554 3842 722 3898 Vens.
760 3843 816 3907 8,
847 3843 904 3896 9.
950 3840 1072 3894 Non
1123 3851 1198 3894 est
1228 3843 1382 3896 homo
1419 3854 1731 3914 potestatem
1765 3849 1960 3903 habens
2007 3851 2061 3903 in

485 3933 755 4004 spiritum,
788 3941 844 3985 ut
877 3932 1148 4002 prohibeat
1178 3933 1450 4000 spiritum.
1485 3934 1550 3986 Et
1586 3953 1692 3990 non
1723 3949 1797 3992 est
1835 3949 2065 4008 potestas

483 4027 540 4079 in
563 4026 648 4078 die
672 4025 878 4086 mortis,
907 4033 954 4078 et
984 4039 1086 4077 non
1115 4035 1190 4078 est
1220 4026 1433 4078 emissio
1469 4027 1523 4078 in
1559 4027 1647 4082 die
1680 4031 1802 4083 belli
1828 4046 1846 4084 :
1871 4037 1919 4084 et
1961 4047 2066 4084 non

473 4116 713 4172 'ﬂtlt’abll
733 4117 972 4184 impietas
1001 4131 1117 4169 eum
1132 4116 1222 4186 qui
1247 4124 1324 4170 est
1359 4117 1422 4170 ab
1441 4135 1524 4171 ea.
1566 4119 1629 4172 Et
1658 4137 1808 4176 omne
1821 4123 1917 4176 hoc
1935 4125 2064 4188 ridi,

483 4218 535 4263 et
559 4208 679 4262 dedi
711 4225 801 4261 cor
833 4224 999 4262 meum
1027 4208 1082 4260 in
1111 4223 1260 4262 omne
1287 4225 1438 4278 opus,
1473 4213 1612 4280 quod
1637 4213 1840 4281 factum
1863 4225 1939 4268 est
1967 4215 2062 4269 sub

485 4299 616 4362 sole,
650 4315 766 4370 qua:
795 4316 891 4370 pro
931 4307 1194 4368 potestate
1226 4299 1351 4367 fecit
1391 4300 1544 4354 homo
1593 4303 1644 4357 in
1677 4304 1962 4374 hominem,
2003 4318 2063 4363 ut

487 4391 735 4462 uﬂligeret
763 4405 880 4444 eum
913 4387 1054 4458 (ll).

563 4653 976 4726 Diligenliorem
1022 4661 1187 4722 atque
1238 4653 1636 4708 accuratiorem
1679 4671 1952 4725 quemque
2000 4671 2068 4712 ex

492 4746 841 4801 auditoribus
878 4744 1059 4799 reddit
1091 4743 1309 4813 sapiens
1348 4742 1706 4801 Ecclesiastes
1737 4747 1791 4800 in
1822 4748 1930 4801 vita
1968 4763 2066 4801 sua

456 4859 460 4864 ι
491 4839 557 4891 ad
589 4835 847 4890 mandata
868 4835 1012 4890 bona
1038 4851 1160 4906 qua:
1182 4835 1472 4904 acceperit,
1495 4851 1712 4908 semper
1737 4838 2065 4902 ordinanda,

492 4937 546 4981 rt
601 4928 654 4980 in
705 4927 954 4981 moribus
1011 4925 1313 4981 secundum
1362 4925 1636 4994 potiorum
1699 4927 2067 4982 institutiones

493 5017 942 5096 conformandis,
993 5017 1208 5072 ratione
1255 5017 1441 5071 habita
1487 5033 1700 5097 eorum.
1758 5034 1880 5088 quae
1924 5033 2067 5087 smpe

493 5092 841 5176 contingunt,
869 5123 971 5163 nec
1018 5119 1143 5162 ante
1178 5117 1442 5178 apparent
1490 5092 1586 5164 aut
1612 5109 2062 5180 prospiciuntur:

495 5198 840 5254 adventantis
869 5214 1066 5268 nempe
1099 5198 1206 5253 diei
1257 5199 1403 5255 illius
1443 5200 1706 5268 supremi,
1749 5215 1859 5269 quo
1898 5199 2066 5254 homo

492 5306 560 5346 ex
607 5291 864 5345 humanae
910 5291 1243 5347 conditionis
1289 5292 1550 5360 periculis
1582 5307 1647 5346 ac
1699 5291 1826 5348 sede
1863 5291 2064 5356 luctus,

493 5382 610 5438 sive
645 5397 713 5437 ex
745 5382 849 5436 hac
889 5382 1002 5437 vita
1045 5381 1113 5436 ad
1150 5381 1418 5446 futuram,
1441 5397 1606 5452 quam
1647 5391 1849 5452 sperat,
1885 5392 2065 5437 trans-

493 5471 689 5530 fertur.
725 5471 911 5544 Neque
954 5473 1100 5527 enim
1139 5475 1192 5527 in
1225 5473 1456 5544 Spiritus
1493 5475 1742 5542 humani,
1779 5474 1894 5529 sive
1929 5489 2062 5542 pro-

580 5611 627 5643 "
655 5610 827 5682 Epist.
864 5629 903 5674 ι,
935 5627 1052 5683 cap.
1084 5613 1136 5678 5,
1172 5630 1226 5667 ιι.
1257 5613 1346 5666 20.

567 5727 1073 5800 (ll)0lympiod0r.
1127 5729 1219 5783 καὶ
1268 5729 1368 5782 οὐκ
1419 5728 1563 5780 ἔστιν
1619 5725 1943 5792 ἐξουσιάζων
2001 5701 2059 5778 έν
2094 5724 2296 5797 ἡμέρᾳ.

2241 3852 2360 3902 Οὐκ
2403 3848 2576 3902 ἐστιν
2605 3846 2917 3917 ἄνθρωπος
2953 3846 3318 3912 ἐξουσιάζων
3345 3846 3416 3901 ἐν
3454 3845 3533 3912 τῷ
3561 3847 3750 3901 πνεύ-

2158 3956 2300 4008 ματι
2334 3939 2436 3991 τοῦ
2463 3938 2734 3992 κωλῦσαι
2765 3938 2888 3992 σὺν
2916 3937 2984 3992 τὸ
3015 3937 3270 4006 πνεῦμα.
3297 3936 3409 3990 Καὶ
3431 3938 3543 3992 οὐκ
3571 3937 3752 3990 ἐστιν

2163 4029 2421 4092 ἐξουσιά
2449 4027 2520 4080 ἐν
2562 4028 2754 4098 ἡμέρᾳ
2781 4029 3068 4106 θανάτου,
3117 4029 3214 4082 καί
3251 4029 3363 4082 οὐκ
3395 4027 3566 4081 ἐστιν
3591 4029 3748 4083 ἀπο-

2165 4119 2361 4188 στολὴ
2393 4120 2461 4172 ἐν
2488 4119 2676 4188 ἡμέρᾳ
2708 4119 2978 4189 πολέμου
2999 4135 3014 4150 ⁸
3047 4119 3145 4173 καί
3180 4121 3252 4173 οὐ
3283 4118 3570 4173 διασώσει
3597 4117 3745 4171 ἀσέ-

2167 4215 2293 4265 ϐεια
2331 4213 2439 4265 τὸν
2471 4213 2608 4279 παρ’
2634 4209 2845 4279 αὐτῆς.
2882 4211 2992 4265 Καί
3030 4213 3282 4280 σύμπαν
3332 4211 3506 4265 τοῦτο
3556 4205 3747 4275 εἶδον,

2168 4303 2266 4357 καί
2318 4304 2512 4358 ἔδωκα
2568 4300 2686 4370 τὴν
2726 4301 2980 4367 καρδίαν
3024 4318 3147 4369 μου
3200 4303 3285 4366 εἰς
3337 4298 3462 4356 πᾶν
3519 4301 3752 4366 ποίημα

2168 4394 2234 4448 τὸ
2293 4391 2700 4462 πεποιημένον
2752 4390 2870 4446 ὑπὸ
2916 4391 3022 4444 τὸν
3065 4390 3266 4458 ἣλιον,
3309 4389 3428 4444 ὅσα
3469 4388 3754 4452 ἐξουσιά-

2170 4502 2338 4540 σατον
2383 4488 2417 4539 ὁ
2470 4484 2612 4552 ἅνθι,
2622 4497 2782 4548 ωπος
2831 4483 2904 4536 ἐν
2955 4481 3249 4551 ἀνθρώπῳ
3307 4481 3414 4535 τοῦ
3476 4477 3752 4534 κακῶσαι

2166 4576 2373 4628 αὐτόν.

2237 4662 2752 4736 Προσεκτικὼτερον
2797 4658 2893 4716 καὶ
2930 4657 3338 4729 νηφαλιὼτερον
3375 4658 3607 4714 ἕκαστον
3634 4657 3754 4710 τῶν

2167 4752 2532 4822 πεπυσμένων
2553 4751 2874 4820 καθίστησιν
2900 4751 2930 4803 6
2962 4748 3122 4818 σοφὸς
3157 4748 3589 4820 Ἐκκλησιαστὴς
3611 4747 3755 4816 πρὸς

2165 4843 2227 4896 τὸ
2274 4847 2504 4898 πάντοτε
2557 4844 2678 4906 ταῖς
2719 4841 3040 4910 δεδομέναις
3087 4839 3321 4905 ἀγαθαῖς
3365 4837 3608 4900 ἐντολαῖς
3651 4839 3749 4890 τὸν

2169 4935 2300 4991 ἴδιον
2345 4933 2645 5004 στοιχειοῦν
2676 4931 2812 5001 βίον,
2852 4933 2949 4985 καὶ
2985 4931 3107 4992 ταῖς
3139 4927 3248 4981 τῶν
3281 4929 3605 4998 κρειττόνων
3634 4929 3750 4981 εἱσ-

2167 5027 2400 5094 ηγήσεσι
2444 5019 2728 5092 ῥυθμίζειν
2758 5021 2855 5090 τὴν
2897 5019 3033 5072 ἰδίαν
3068 5016 3238 5087 ζωὴν,
3268 5017 3354 5070 διὰ
3392 5018 3452 5070 τὸ
3489 5019 3748 5088 άσυμφα-

2165 5115 2254 5177 νὲς
2283 5115 2378 5167 καὶ
2399 5113 2709 5184 ἀπρόοπτον
2733 5110 2842 5163 τῶν
2873 5111 3284 5180 συμϐαινόντων
3314 5110 3575 5172 πολλάκις
3598 5125 3612 5140 ·
3649 5110 3746 5162 καὶ

2169 5204 2354 5274 μέντοι
2387 5202 2482 5254 καὶ
2509 5201 2606 5272 τὴν
2632 5199 2814 5268 ἄφιξιν
2849 5199 2950 5268 τῆς
2983 5199 3196 5268 ἡμέρας
3241 5198 3338 5252 τοῦ
3369 5196 3603 5251 θανάτου
3645 5194 3746 5249 τοῦ

2179 5294 2540 5364 μεθιστῶντος
2567 5293 2660 5346 τὸν
2682 5290 2969 5362 ἄνθρωπον
3002 5291 3110 5344 ἀπὺ
3135 5289 3231 5344 τοῦ
3267 5289 3522 5360 βιωτικοῦ
3553 5306 3742 5358 πειρα-

2171 5386 2363 5454 τηρίου
2394 5384 2489 5438 καὶ
2518 5384 2610 5438 τοῦ
2639 5383 2805 5437 τόπου
2841 5379 2934 5434 τοῦ
2964 5380 3344 5452 κλαυθμῶνος,
3374 5380 3616 5452 δηλονότι
3644 5381 3744 5449 τῆς

2171 5475 2453 5548 παρούσης
2479 5475 2645 5548 ζωῆς,
2675 5476 2755 5539 είς
2780 5475 2880 5544 τὴν
2909 5471 3270 5546 ἐλπιζομένην
3291 5473 3386 5528 καὶ
3417 5471 3740 5544 μέλλουσαν·

3109 5701 3140 5728 κ
