4076 6310
527 321 655 392 1051

1620 326 1682 387 S.
1732 324 2107 386 GREGORII
2155 322 2671 416 AGRIGENTINI

3614 325 3776 392 2052

523 446 652 514 quid
681 439 947 510 injustitia
971 447 1024 494 ct
1046 439 1274 494 avaritia
1294 447 1348 495 et
1374 439 1646 494 calumnia
1671 439 1861 494 all’crre
1888 439 2082 508 possit,

2190 437 2552 506 συκοφαντίας
2595 434 2980 506 πορευομένων
3029 437 3108 500 εἰς
3139 435 3310 502 τέλος,
3345 437 3441 494 καὶ
3485 438 3772 510 μηδαμῶς

525 554 625 594 nec
663 547 842 590 tamen
888 535 1146 604 peccandi
1196 549 1434 603 unquam
1479 542 1534 588 et
1571 533 1799 588 nocendi
1849 533 1956 586 ulla
2005 541 2089 587 est

523 629 766 684 satietas.
804 625 860 679 Id
897 629 1043 680 enim
1081 624 1374 695 expressit,
1407 638 1530 678 cum
1562 623 1697 678 dixit
1727 642 1740 678 :
1777 642 1795 674 ι
1824 621 1955 689 Qua:
1992 638 2088 692 pro

523 726 790 788 potestate
840 715 970 770 fecit
1015 715 1178 768 homo
1239 713 1294 766 in
1347 713 1663 777 hominem,
1719 722 1775 767 ut
1831 711 2087 781 afﬂigeret

523 821 686 871 cum;
727 823 746 855 ι
801 804 997 873 quippe
1048 801 1329 858 rationalis
1388 801 1846 871 intelligentisque
1893 801 2088 854 anima:

526 899 774 952 libertate
805 897 857 950 in
891 910 952 950 re
979 893 1121 948 mala
1148 893 1374 961 abusus,
1405 901 1723 964 potestatem
1748 903 2088 948 suam‘exer—

525 998 643 1053 cet,
690 985 986 1042 voluntatis
1031 995 1368 1039 momentum
1426 984 1492 1039 ad
1548 983 1878 1053 peccnndnm
1928 982 2089 1036 incli-

525 1075 725 1142 nando,
762 1075 816 1130 id
841 1085 921 1130 est
949 1075 1213 1144 indulget,
1243 1082 1302 1128 ut
1333 1074 1626 1128 mentiatur
1650 1081 1701 1126 et
1726 1072 2091 1126 calumnietur

523 1175 578 1221 et
609 1175 764 1221 vexet
790 1173 845 1220 et
872 1165 1099 1219 ditescat
1138 1165 1352 1224 alienis.
1389 1174 1443 1217 et
1481 1163 1790 1232 proximum
1832 1161 2017 1216 multis
2041 1170 2094 1214 et

524 1260 690 1314 variis
751 1259 930 1312 modis
992 1257 1228 1325 pessime
1289 1255 1504 1310 alliciat.
1552 1253 1843 1323 Propterea
1905 1252 2095 1324 utique

524 1350 720 1422 adjecit
745 1349 995 1421 protinus
1023 1367 1037 1402 :

2185 527 2592 596 κορεννυμένων
2618 528 2675 580 ἐν
2704 528 2824 589 ταῖς
2851 527 3252 598 κακοπραγίαις
3278 529 3372 580 καὶ
3403 543 3770 600 πονηροπρα-

2185 614 2344 681 ξίαις.
2371 615 2541 670 Τοῦτο
2563 616 2668 686 γάρ
2693 614 2957 686 ἐδήλωσεν
2979 615 3170 669 εἰπών’
3201 635 3220 666 ‹
3240 615 3382 668 Ὅσα
3402 617 3774 682 ἐξουσιάσατο

2183 708 2213 761 6
2252 705 2539 776 ἄνθρωπος
2583 708 2639 759 ἐν
2685 705 2958 777 ἀνθρώπῳ
2985 706 3078 760 τοῦ
3109 707 3360 762 κακῶσαι
3391 709 3576 764 αὐτόν.
3609 729 3628 761 ι
3669 710 3774 781 Τῷ

2183 799 2292 868 γὰρ
2323 796 2656 866 αὑτεξουσίῳ
2702 797 2800 867 τῆς
2828 797 3055 867 λογικῆς
3096 799 3190 851 καὶ
3229 801 3422 871 νοερᾶς
3455 800 3630 871 ψυχῆς
3663 803 3774 855 ἐπὶ

2183 891 2296 952 τοῖς
2325 887 2548 958 φαύλοις
2578 888 3057 959 ἀποχρησάμενος,
3089 891 3118 941 6
3144 889 3242 959 τὴν
3274 890 3448 960 ῥοπὴν
3484 891 3584 960 τῆς
3621 909 3772 962 προ-

2183 979 2448 1058 αιρέσεως
2497 980 2634 1050 πρὸς
2688 980 2749 1032 τὸ
2805 979 3012 1033 ἀδικεῖν
3068 981 3366 1044 ἀποκλίνας
3428 980 3768 1048 ἐξουσιάζει,

2182 1071 2432 1123 τουτέστι
2464 1069 2877 1139 συγκεχώρηται
2913 1069 3008 1122 καὶ
3045 1069 3438 1138 διαψεύσασθαι
3468 1071 3564 1124 καὶ
3593 1087 3772 1124 συκο-

2187 1161 2411 1230 φαντεῖν
2457 1161 2554 1214 καὶ
2599 1159 2904 1214 διαϐάλλειν
2953 1161 3046 1213 καὶ
3081 1161 3444 1225 πλεονεκτεῖν,
3475 1162 3570 1214 καὶ
3598 1161 3774 1215 πολυ-

2183 1251 2402 1324 τρόπως
2443 1250 2537 1302 καὶ
2581 1249 2838 1312 ποικίλως
2884 1250 2978 1304 τὸν
3017 1249 3244 1321 πλησίον
3272 1249 3501 1305 κακοῦν.
3539 1241 3780 1322 Ἀμέλει

2183 1343 2366 1396 τοίνυν
2394 1341 2617 1412 άμέσως
2639 1341 2889 1411 ἐπήγαγε
2917 1357 2935 1371 ’⁴

2050 1496 2080 1568 §
2115 1495 2233 1550 xu.

599 1621 759 1674 Vens.
800 1619 888 1674 10.
927 1617 996 1672 Et
1029 1625 1152 1672 tunc
1185 1616 1291 1670 vidi
1323 1614 1510 1684 impias
1544 1615 1599 1668 in
1639 1612 1876 1682 sepulcra
1909 1613 2077 1666 intro-

2247 1606 2357 1662 Kal
2384 1608 2516 1662 τότε
2536 1603 2703 1663 εἶδον
2729 1604 2968 1674 ἀσεϐεῖς
2995 1609 3080 1675 εις
3111 1606 3340 1678 τάφους
3358 1607 3684 1678 ἀχθέντας.

523 1714 708 1764 ductos
735 1711 779 1782 (l
793 1710 868 1781 3).

595 1800 823 1865 Quando
865 1799 1070 1854 scilicet
1107 1798 1370 1854 adversus
1418 1795 1800 1851 imbecillimos
1839 1809 2089 1865 quosque

527 1892 718 1946 saevire
751 1897 1054 1958 casperunt.
1093 1896 1147 1943 et
1171 1889 1234 1943 ad
1273 1888 1526 1957 nequitia:
1559 1902 1613 1942 et
1640 1887 2008 1958 improbitatis
2033 1895 2090 1940 et

525 1981 836 2050 rapinarum
857 1990 909 2035 et
925 1981 1167 2034 avaritiae
1189 1994 1464 2034 summum
1487 1993 1707 2033 venere:
1731 1987 1869 2046 tum,
1890 1977 2088 2047 inquit,
2135 2012 2148 2022 ρ

527 2068 821 2138 improviso
859 2083 922 2121 ac
971 2076 1164 2136 praeter
1213 2082 1362 2136 spem
1395 2079 1749 2134 supergressa
1798 2078 1948 2118 mors
1991 2077 2088 2118 eos

527 2161 581 2214 in
634 2170 832 2214 terram
887 2159 1218 2229 prostravit,
1281 2158 1655 2227 sepulcrisque
1713 2157 1974 2212 contexit.
2030 2155 2089 2210 Id

501 2253 707 2304 autem
761 2248 937 2318 ipsum
985 2257 1040 2306 et
1082 2247 1250 2301 David
1288 2247 1551 2317 propheta
1596 2247 1742 2300 clare
1789 2260 2090 2314 represen-

525 2349 626 2401 tat.
668 2354 792 2394 eum
837 2340 954 2393 ait:
989 2356 1010 2390 ι
1042 2337 1382 2401 Delecerunt,
1405 2337 1691 2408 perierunt
1723 2347 1941 2406 propter
1990 2336 2090 2391 ini-

525 2429 784 2500 quitatem
844 2442 998 2483 suam
1019 2427 1086 2482 ".
1116 2446 1137 2479 ι
1187 2425 1254 2480 Ει
1311 2441 1530 2481 rursum
1569 2442 1584 2479 :
1621 2445 1642 2478 ‹
1673 2425 1792 2481 Vidi
1861 2425 2089 2495 impium

525 2520 986 2592 superexaltatum
1010 2527 1064 2573 et
1094 2517 1361 2572 elevatum
1385 2517 1527 2572 sicut
1561 2517 1753 2572 cedros
1779 2515 1995 2572 Libani.
2023 2515 2092 2570 Et

526 2611 773 2673 transivi.
803 2619 858 2665 et
893 2623 1019 2664 ecce
1071 2623 1178 2662 non
1205 2616 1342 2671 erat,
1373 2614 1428 2661 et
1459 2599 1684 2676 quaesivi
1714 2621 1863 2671 eum,
1893 2615 1948 2661 et
1980 2621 2088 2662 nou

524 2711 607 2756 est
629 2702 876 2758 inventus
899 2701 1052 2772 lpcus
1079 2701 1199 2770 ejus
1221 2699 1300 2765 ἠς
1326 2719 1345 2752 ι
1369 2698 1563 2754 mortis
1592 2699 1846 2753 nimirum
1871 2709 2092 2769 repente

526 2795 829 2866 ingruentis
847 2793 1100 2854 adventu.
1123 2793 1176 2846 in
1195 2791 1488 2860 perniciem
1509 2789 1890 2860 sempiternam
1911 2805 2092 2846 aman-

526 2885 637 2940 dati
665 2893 814 2940 sunt.
845 2882 957 2940 lloc
986 2883 1134 2940 enim
1162 2881 1400 2939 ostendit
1431 2881 1519 2948 iis,
1543 2895 1666 2952 qua:
1689 2880 1934 2952 proxime
1957 2882 2094 2938 sub-

522 2977 654 3048 jecit
682 2994 698 3032 :

2267 1785 2460 1840 Ἦνίκα
2497 1785 2744 1856 δηλονότι
2781 1787 3226 1858 κατεφρυάξαντο
3269 1789 3377 1840 τῶν
3424 1786 3772 1841 ἀδυνατωτέο

2190 1895 2320 1950 ρων,
2351 1879 2448 1931 καὶ
2489 1879 2625 1951 πρὸς
2669 1869 2769 1949 τὴν
2802 1878 3078 1948 ἀκρότητα
3122 1877 3251 1947 τῆς.
3277 1878 3474 1940 κακίας
3527 1877 3622 1930 καὶ⁵
3659 1877 3773 1946 τῆς

2188 1967 2542 2038 φαυλότητος,
2569 1967 2795 2021 καὶτῶν
2817 1967 3175 2038 ἀρπακτικῶν
3203 1967 3299 2021 καὶ
3319 1967 3429 2020 τῶν
3458 1967 3772 2020 πλεονεκτι-

2189 2060 2300 2114 κῶν
2341 2059 2789 2131 ἐπιτηδευμάτων
2828 2058 3108 2128 ἀφίκοντο,
3155 2061 3300 2124 τότε,
3349 2061 3533 2130 φησιν,
3583 2040 3772 2132 ἀπρο-

2188 2152 2368 2215 όπτως
2415 2154 2508 2205 καὶ
2539 2153 2670 2222 παρ’
2702 2151 2922 2214 ἐλπίδας
2951 2150 3194 2204 ἐπελθὼν
3223 2155 3252 2204 6
3277 2150 3526 2214 θάνατος.
3555 2152 3764 2222 κατέρ-

2190 2245 2321 2316 ραξε
2348 2245 2487 2316 πρὸς
2509 2244 2607 2313 τὴν
2635 2245 2760 2312 γῆν,
2779 2243 3009 2305 καὶτοῖς
3033 2243 3224 2310 τάφοις
3251 2241 3507 2310 ἐκάλυψε.
3531 2241 3604 2294 Τὸ
3629 2242 3768 2296 αὐτὸ
3875 2247 3886 2254 ’

2187 2337 2245 2390 δὲ
2272 2335 2432 2389 τοῦτο
2459 2335 2760 2404 παρίστησι
2787 2333 2974 2402 σαφῶς
2999 2334 3095 2386 καὶ
3120 2332 3287 2386 Δαϐὶδ
3314 2335 3342 2386 6
3367 2334 3657 2402 προφήτης
3687 2335 3773 2387 sic

2191 2427 2327 2482 πὼν·
2352 2447 2370 2479 ι
2392 2427 2693 2492 Ἐξέλιπον,
2723 2425 3004 2480 ἀπώλοντο
3028 2425 3117 2479 διά
3139 2425 3236 2494 τὴν
3257 2425 3489 2495 ἀνομίαν
3507 2425 3719 2480 αὐτῶν.
3741 2445 3760 2478 ο

2189 2519 2302 2574 Καὶ
2320 2519 2498 2573 πάλιν
2521 2536 2540 2569 t
2563 2515 2718 2573 Εἶδον
2732 2517 2822 2572 τδν
2839 2517 3010 2588 ἀσεϐῆ
3030 2517 3462 2586 ύπεραιρόμενον
3483 2517 3575 2569 καὶ
3594 2517 3770 2588 ὑπερ-

2192 2610 2495 2680 υψούμενον
2533 2610 2608 2674 ὡς
2640 2609 2742 2673 τάς
2784 2610 3013 2681 κέδρους
3055 2608 3150 2663 τοῦ
3195 2609 3453 2672 Λιϐάνου,
3498 2609 3592 2664 καὶ
3627 2625 3770 2680 παρα

2188 2703 2371 2773 ἦλθον,
2403 2703 2498 2756 καὶ
2534 2701 2647 2756 ίδοὺ
2677 2703 2777 2756 οὐκ
2804 2697 2890 2774 ἦν,
2925 2703 3022 2756 καὶ
3058 2701 3300 2772 ἐζήτησα
3322 2700 3506 2765 αὑτὸν,
3539 2702 3636 2754 καὶ
3667 2701 3769 2772 οὐχ

2191 2794 2388 2865 εὑρέθη
2414 2797 2442 2847 6
2467 2793 2633 2858 τόπος
2661 2793 2827 2846 αὑτοῦ
2848 2810 2862 2824 ·
2903 2811 2922 2844 ι
2953 2793 3060 2846 ὑπὸ
3082 2793 3182 2862 τῆς
3210 2791 3437 2857 ἐξάπινα
3456 2792 3635 2847 τοίνυν
3665 2794 3767 2846 ἐπ-

2192 2883 2450 2955 ελθούσης
2481 2884 2664 2947 αὐτοῖς
2693 2882 2788 2966 τού
2819 2883 3049 2938 θανάνου
3074 2883 3265 2953 φορᾶς,
3291 2881 3428 2954 πρὸς
3455 2881 3554 2952 τὴν
3577 2881 3769 2936 διαιω-

2116 2981 2161 3041 c
2192 2972 2447 3038 νίζουσαν
2519 2972 2800 3027 ἀπώλειαν
2868 2971 3366 3043 παρεπέμφθησαν.
3426 2970 3596 3026 Τοῦτο
3654 2969 3787 3044 γὰρ’

2195 3063 2428 3134 ἐδήλωσε
2454 3063 2676 3135 ἀμέσως
2703 3062 2876 3118 εἰπών
2892 3078 2906 3092 ·

2037 3213 2066 3286 s
2105 3213 2242 3270 xm.

601 3377 668 3431 Et
695 3378 758 3432 de
779 3377 977 3433 Sancto
1017 3375 1244 3441 inerunt,
1275 3381 1324 3426 et
1355 3371 1562 3427 laudati
1599 3381 1723 3427 sunt
1769 3373 1824 3426 in
1859 3373 2092 3438 civitate,

526 3470 651 3540 quia
683 3470 758 3524 sic
783 3469 1038 3538 fecerant.
1089 3467 1157 3520 At
1181 3465 1279 3519 hoc
1303 3481 1502 3536 quoque
1531 3465 1736 3519 vanitas
1765 3464 1813 3536 (l
1827 3465 1902 3532 l).

593 3643 750 3714 lmpii
781 3643 1026 3714 quidem,
1059 3640 1266 3716 inquit,
1289 3639 1344 3694 in
1388 3639 1697 3709 sepulcrum
1729 3639 1883 3704 illati,
1911 3654 1940 3693 a
1983 3639 2096 3695 Deo

526 3734 756 3805 sejuncti
786 3742 937 3789 sunt.
975 3730 1110 3786 Nam
1158 3731 1208 3784 id
1248 3729 1437 3784 Sancti
1487 3730 1779 3800 appellatio
1825 3730 1928 3785 hoc
1975 3731 2097 3786 loco

525 3827 796 3896 designat,
821 3821 1277 3894 quemadmodum
1308 3821 1573 3890 scriptum
1596 3829 1680 3875 est
1705 3837 1719 3874 :
1746 3837 1768 3872 ι
1803 3819 2095 3876 Auferatur

527 3917 745 3986 impius,
772 3930 840 3970 ne
874 3915 1050 3969 videat
1076 3913 1303 3982 gloriam
1337 3911 1549 3966 Domini
1575 3912 1662 3965 W.
1693 3930 1714 3963 ι
1743 3914 1811 3966 At
1839 3912 1932 3981 qui
1969 3927 2092 3967 cum

529 4008 636 4062 illis
662 4018 844 4077 parem
872 4021 1090 4078 cperam
1121 4005 1187 4058 ad
1215 4004 1544 4073 impietatem
1576 4013 1631 4058 et
1660 4003 1866 4059 scelera
1901 4014 2095 4058 contu-

529 4097 727 4161 lerunt,
762 4111 1063 4166 eorumque
1091 4095 1332 4164 vestigiis
1362 4093 1526 4163 209
1554 4093 1610 4147 in
1649 4093 1754 4148 hac
1784 4093 1891 4146 vita
1934 4092 2093 4148 insti-

397 4181 418 4196 ’
527 4199 664 4250 tere,
692 4187 963 4256 praaconio
993 4186 1118 4240 illos
1154 4186 1429 4240 celebrare
1459 4194 1624 4253 atque
1674 4199 1940 4239 exornare
1983 4199 2090 4238 non

525 4276 782 4331 desinunt
827 4277 897 4331 ob
939 4290 1002 4328 ea
1053 4275 1192 4342 ipsa,
1241 4289 1363 4344 quae
1420 4273 1666 4342 improbe
1715 4282 1878 4342 atque
1929 4271 2094 4342 impie

524 4377 831 4439 gesserunt.
865 4365 1066 4419 Multos
1095 4364 1237 4418 enim
1270 4365 1402 4418 tales
1430 4364 1624 4418 civitas
1653 4363 1818 4418 habet
1846 4382 1860 4416 :
1891 4364 2091 4437 saapius

524 4449 725 4530 quippe
763 4459 904 4514 inter
944 4457 1224 4526 improbos
1273 4455 1567 4510 consensio
1608 4463 1712 4520 est,
1748 4470 1910 4524 quam
1952 4455 2094 4510 inter

529 4551 728 4620 probos
786 4559 840 4604 et
892 4548 1154 4602 honestos
1202 4564 1216 4601 :
1272 4555 1332 4600 ut
1383 4554 1704 4616 propterea,
1747 4545 1842 4615 qui
1901 4546 2088 4600 eadem

2265 3371 2376 3428 Καὶ
2423 3374 2494 3428 ἐκ
2543 3373 2650 3430 τοῦ
2697 3374 2890 3444 Ἀγίου
2930 3373 3365 3443 ἐπορεύθησαν,
3413 3373 3512 3430 καί
3547 3375 3768 3446 eamd-

2196 3467 2393 3532 θησαν
2423 3465 2494 3518 ἐν
2523 3462 2598 3534 τῇ
2628 3465 2820 3531 πόλει,
2853 3464 2943 3518 ὅτι
2980 3465 3172 3532 οὕτως
3203 3465 3522 3532 ἐποίησαν.
3556 3467 3678 3519 Καί
3701 3483 3772 3535 γε

2195 3555 2371 3610 τοῦτο
2387 3557 2732 3625 ματαιότης.

2267 3647 2331 3701 Ol
2365 3647 2464 3717 μὲν
2509 3647 2749 3712 ἀσεϐεῖς,
2785 3648 2970 3718 φησὶν,
3016 3649 3096 3710 είς
3131 3645 3299 3712 τάφον
3347 3645 3626 3716 ἀχθέντες,
3667 3647 3774 3714 ἀφ-

2195 3737 2506 3809 ωρίσθησαν
2552 3739 2617 3791 ἐκ
2653 3739 2746 3792 τοῦ
2789 3739 2944 3792 Θεοῦ.
2984 3738 3152 3791 Τοῦτο
3191 3738 3300 3806 γάρ
3331 3737 3427 3791 τοῦ
3485 3737 3679 3805 Ἀγίου
3709 3737 3772 3789 τὸ

2193 3829 2364 3898 ὄνομα
2392 3829 2543 3898 δηλοῖ
2573 3828 2689 3891 νῦν,
2722 3829 2862 3880 κατὰ
2892 3830 2952 3881 τὸ
2982 3829 3364 3898 γεγραμμένον
3390 3845 3402 3857 ·
3434 3847 3454 3880 ι
3475 3828 3771 3900 ’Δρθήτωό

2194 3919 2416 3988 ἀσεϐὴς,
2452 3921 2538 3972 ίνα
2587 3920 2662 3989 μὴ
2708 3919 2793 3990 ἴδῃ
2821 3917 2916 3988 τὴν
2943 3918 3100 3982 δόξαν
3141 3919 3372 3988 Κυρίου.
3408 3937 3426 3969 ι
3464 3911 3539 3972 ’οί
3575 3919 3628 3972 δέ
3659 3918 3769 3987 τῶν

2196 4009 2380 4064 αὐτῶν
2408 4012 2636 4074 ἐκείνοις
2677 4007 3039 4079 ἀσεϐημάτων
3095 4011 3190 4063 καὶ
3242 4010 3768 4080 κακοπραγημάτων

2194 4103 2424 4173 ἐργάται
2455 4106 2513 4154 ἐν
2539 4105 2605 4174 τῇ
2641 4100 2764 4172 ζωῇ
2786 4099 2960 4171 ταύτῃ
2991 4101 3554 4170 προσαπαμείϐοντες,
3591 4116 3764 4170 προσ-

2197 4195 2464 4265 επῄνεσαν
2491 4195 2692 4258 αὐτοὺς
2720 4193 3166 4264 ἀνευφημοῦντες
3193 4193 3287 4246 καλ⁸
3309 4191 3658 4263 γεραίροντες
3683 4192 3768 4260 ἐφ’

2191 4280 2273 4349 οἷς
2325 4285 2591 4356 ἔπραττον
2623 4285 2844 4354 φαύλως
2897 4285 2990 4339 καὶ
3037 4282 3332 4346 δυσσεϐῶς.
3371 4283 3606 4345 Πολλοὺς
3655 4282 3768 4352 γὰρ

2193 4373 2390 4444 ἔχουσα
2433 4373 2708 4439 τοιούτους
2747 4379 2780 4447 ή
2812 4377 2967 4441 πόλις
2991 4393 3006 4410 ·
3035 4376 3128 4429 ἐπὶ
3164 4375 3350 4429 πλεῖον
3393 4375 3501 4446 γάρ
3546 4377 3697 4429 ἐστιν
3732 4375 3767 4445 ἡ

2191 4467 2300 4520 τῶν
2333 4466 2552 4536 φαύλων
2601 4469 2952 4540 ὁμοφροσύνη
3005 4469 3106 4538 τῆς
3154 4467 3264 4521 τῶν
3318 4467 3620 4520 σπουδαίων
3673 4465 3768 4520 καὶ

2193 4557 2502 4627 φιλοκάλων
2524 4574 2538 4587 ·
2560 4558 2853 4612 ἀκόλουθον
2885 4555 2954 4630 ἦν
2985 4559 3113 4622 τοὺς
3141 4559 3431 4629 ὁμοδόξους
3450 4557 3547 4611 καὶ
3573 4555 3767 4612 ταυτό-

529 4643 822 4710 opinantur
870 4655 936 4693 ac
973 4638 1252 4704 sentiunt,
1300 4636 1406 4692 illis
1459 4636 1673 4691 laudem
1725 4637 1812 4690 vel
1859 4637 2092 4692 mortuis

2198 4663 2401 4723 φρονας
2427 4653 2522 4702 καὶ
2543 4649 2874 4720 τεθνηκότας
2903 4649 3261 4719 ἀνευφημεῖν.
3293 4648 3393 4702 Διά
3415 4647 3572 4701 τοῦτό
3601 4661 3768 4718 φησιν

528 4733 792 4795 tribuere,
826 4730 1136 4784 mirandum
1174 4743 1281 4783 non
1305 4728 1394 4784 sit.
1424 4726 1550 4782 Ideo
1573 4727 1792 4797 sapiens
1822 4727 2093 4783 Ecclesia-

527 4837 638 4880 Stes
680 4824 796 4878 ait:
834 4841 854 4875 ι
890 4823 957 4876 At
995 4821 1099 4900 hoc
1125 4836 1343 4892 quoque
1383 4819 1614 4884 vanitas,
1647 4836 1666 4870 ι
1707 4819 1962 4874 usitatam
1996 4819 2095 4874 ite—

524 4931 652 4970 rans
681 4914 979 4969 formulam
1015 4914 1081 4967 ad
1122 4911 1567 4967 condemnandas
1601 4910 2094 4979 improbandasque

524 5008 744 5062 fallaces
790 5015 845 5061 et
893 5007 1064 5059 malas
1105 5005 1390 5075 opiniones
1443 5013 1606 5073 atque
1649 5000 2093 5058 facta.Jamvero

523 5105 586 5151 ut
638 5107 861 5150 causam
913 5111 1132 5166 quoque
1185 5097 1621 5162 demonstraret,
1679 5095 1750 5150 ob
1799 5109 1964 5166 quam
2022 5093 2091 5149 ad

523 5187 719 5256 impios
750 5187 838 5240 vel
877 5199 1127 5242 mortuos
1161 5181 1629 5242 commendandos
1673 5185 1894 5243 adducti
1937 5196 2090 5252 sunt,

522 5275 721 5348 adjecit
748 5277 1000 5347 protinus
1029 5296 1042 5331 :

2189 4737 2220 4788 6
2241 4737 2402 4805 σοφὸς
2433 4738 2888 4808 Ἐκκλησιαστήςσ
2922 4759 2940 4792 ι
2965 4739 3076 4793 Καί
3107 4755 3172 4808 γε
3205 4738 3363 4792 τοῦτο
3391 4738 3711 4807 ματαιότης,
3742 4755 3763 4789 ι

2189 4826 2253 4880 τδ
2303 4826 2531 4895 σύνηθες
2578 4829 2876 4900 πρόσρημα
2932 4830 3034 4900 τῆς
3088 4829 3505 4898 καταγνώσεως,
3536 4829 3631 4882 καὶ
3668 4831 3768 4898 τῆς

2189 4919 2614 4992 ἀπαγορεύσεως
2655 4921 2767 4976 τῶν
2815 4923 3172 4994 ἐσφαλμένων
3210 4924 3305 4977 καὶ
3339 4921 3590 4993 πονηρῶν
3631 4922 3766 4976 ὑποι-

2189 5007 2407 5079 λήψεων
2466 5010 2561 5064 καὶ
2611 4997 2860 5083 πράξεων
2917 5012 3184 5068 ἐπειπών.
3233 5009 3368 5066 Εἶτα
3421 5012 3636 5076 δεικνὺς
3677 5012 3767 5066 καὶ

2195 5099 2294 5170 τὴν
2316 5099 2515 5164 αίτίαν,
2545 5101 2613 5155 δι’
2641 5104 2706 5173 ἢν
2731 5103 3088 5175 προήχθησαν
3113 5104 3352 5170 καὶτοὺς
3375 5104 3764 5175 ἀποιχομένους

2197 5189 2414 5253 ἀσεϐεῖς
2447 5193 2711 5259 ἐπαινεῖν,
2742 5195 2964 5265 ἀμέσως
3000 5196 3306 5266 ἐπήγαγενο

591 5438 638 5469 ⁷³
661 5434 806 5492 Psal.
839 5447 1010 5500 Lxxu,
1039 5435 1126 5492 19.
1205 5435 1250 5468 ⁷⁸
1273 5433 1416 5491 Psal.
1456 5449 1640 5502 xxx",
1668 5433 1758 5490 35.
1839 5434 1905 5468 ⁷⁸*
1928 5433 2034 5490 Isa.
2065 5449 2214 5503 xxvi,
2251 5434 2336 5490 10.

597 5621 708 5692 (13)
737 5619 970 5692 Olymp:
995 5621 1306 5692 εἱςίτάφους
1341 5616 1709 5692 εἰσαχθέντας.

599 5685 709 5760 (Η)
739 5685 976 5746 ΑιίΧΧ
1008 5685 1249 5747 referunt
1296 5688 1370 5754 ad.
1411 5685 1692 5756 superiora
1742 5686 1832 5738 καὶ
1874 5685 1937 5738 ἐκ
1991 5685 2084 5738 τοῦ

2201 5577 2378 5686 ἀγίου,
2406 5625 2456 5672 et
2481 5617 2684 5674 addunt
2721 5617 2812 5673 καὶ
2845 5617 3218 5690 ἐπορεύθησαν
3252 5619 3378 5674 καὶ.
3397 5655 3442 5675 ο.
3467 5657 3480 5676 .
