4076 6310
471 351 607 413 1055

1564 355 1625 416 S.
1686 355 2064 416 GllEGORlI
2110 357 2622 418 AGRIGENTINI

3594 358 3790 424 1056

467 465 564 510 aut
604 472 824 524 avaros,
861 467 956 512 aut
983 459 1259 514 delatores
1313 459 1584 530 malignos
1639 471 1804 532 atque
1839 462 2047 516 calum—

2164 480 2337 530 παγας
2361 465 2457 518 καὶ
2492 465 2848 530 πλεονέκτας,
2905 467 3010 522 xiv
3060 469 3333 538 πονηροὺς
3385 471 3784 538 συκοφάνταις

469 549 712 601 uiatores
737 587 752 610 ,
780 555 875 601 aut
928 557 1262 605 scortatores
1297 560 1350 606 et
1399 551 1729 620 impudicos,
1768 552 1819 605 hi
1853 567 2045 607 omnes

468 637 677 706 peccati
711 637 932 692 nomine
967 647 1227 708 tanquam
1255 639 1468 709 generis
1510 639 1874 708 appellatione
1895 653 2046 693 cem-

469 727 909 796 prehenduntur.
967 729 1036 784 At
1107 739 1166 783 ut
1211 731 1521 786 ostenderet
1569 732 1845 786 diversum
1907 719 2046 784 esse

470 825 830 888 utrorumque
857 819 1086 886 exitum,
1123 821 1288 874 alium
1320 836 1514 890 nempe
1559 836 1776 887 eorum,
1807 819 1900 888 qui
1933 818 2046 888 pie-

468 920 634 964 tatem
664 919 869 974 amant,
906 921 962 966 et
1009 921 1215 967 rectam
1262 913 1570 968 doctrinam
1613 913 1872 975 retinent,
1898 925 1962 964 ac
1995 909 2050 962 in

469 1013 616 1056 recte
635 1001 793 1056 factis
819 1003 1093 1058 sinceram
1113 1005 1548 1075 prudentemque
1565 1019 1789 1074 operam
1812 1011 2049 1072 ponunt;

469 1092 636 1146 alium
670 1109 800 1148 vero
831 1109 1046 1158 eorum,
1098 1096 1193 1165 qui
1238 1095 1515 1151 contraria
1550 1095 1637 1150 his
1668 1103 1723 1150 et
1747 1097 2054 1164 prazoptant

467 1193 524 1239 et
553 1185 765 1242 faciunt
825 1187 948 1242 ideo
970 1187 1178 1242 addidit
1208 1187 1493 1257 protinus:

2153 555 2247 605 καὶ
2292 553 2596 617 διαϐόλους,
2631 553 2737 608 κᾶν
2789 557 3023 626 πόρνους
3061 558 3156 610 καὶ
3187 557 3470 628 βεϐήλους,
3493 559 3599 610 ὑπὸ
3647 557 3786 626 τὴν

2151 642 2430 713 ἀμαρτῖαν
2493 645 2692 708 πάντες
2751 647 2827 708 ὡς
2857 647 2964 700 ὑπὸ
2989 649 3146 716 γένος
3197 648 3328 701 ῐδιον
3385 646 3786 716 εὑρίσκονται

2151 733 2431 797 τελοῦντες
2453 750 2466 764 ⁸
2499 736 2634 790 ἀλλὰ
2659 737 2877 801 δεικνὺς
2901 739 2962 792 τὸ
2983 739 3238 810 διάφορον
3267 738 3421 802 τέλος
3457 739 3567 791 τῶν
3599 741 3786 792 ἑκα-

2151 825 2347 892 τέρων,
2381 826 2626 896 δηλονότι
2673 827 2783 880 τῶν
2843 829 2942 898 τῆς
2997 829 3286 892 εὐσεϐείας
3342 829 3612 900 ἐραστῶν,
3651 829 3786 882 καὶ

2154 918 2489 988 συνιστόρων
2544 919 2653 972 τῶν
2707 919 3004 989 όρθοδόξων
3077 920 3366 990 δογμάτων
3391 959 3406 983 ,
3460 921 3555 974 καὶ
3629 919 3788 972 τῶν

2153 1005 2460 1061 σπουδαίων
2493 1008 2748 1078 πράξεων
2783 1007 3188 1080 ἀκαπηλεύτων
3228 1011 3318 1062 καὶ
3359 1010 3596 1064 συνετῶν
3651 1012 3782 1081 ἐρ-

2151 1093 2358 1162 γατῶν,
2393 1096 2487 1149 καὶ
2533 1097 2718 1166 μέντοι
2775 1099 2885 1152 τῶν
2913 1100 3175 1153 τάναντία
3200 1099 3412 1162 τούτοις
3436 1115 3784 1171 προαιρου-

2157 1185 2338 1255 μένων
2377 1188 2471 1240 καὶ
2503 1188 2780 1259 δρώντων,
2814 1191 3040 1260 ἀμέσως
3088 1193 3368 1262 ἐπήγαγεν
3397 1207 3410 1220 ·

2011 1293 2038 1365 §
2067 1294 2188 1352 xv.

538 1387 697 1457 211
726 1388 882 1444 Vers.
919 1390 1004 1454 12,
1041 1393 1129 1446 15.
1165 1392 1346 1456 Quare
1375 1400 1424 1445 et
1473 1407 1727 1461 cognosco
1783 1406 1895 1458 ego,
1927 1389 2054 1456 quia

469 1477 568 1531 erit
594 1479 782 1531 bonum
804 1481 1109 1536 timentibus
1139 1481 1332 1549 Deum,
1356 1493 1413 1536 ut
1439 1484 1654 1536 timeant
1681 1499 1713 1534 a
1735 1483 1874 1551 facie
1898 1480 2052 1546 ejus;

469 1577 516 1622 et
546 1569 738 1622 bonum
767 1587 871 1624 non
893 1573 997 1625 erit
1036 1575 1220 1642 impio,
1257 1585 1306 1628 et
1345 1590 1448 1627 non
1491 1573 1824 1643 prolongabit
1861 1571 1974 1626 dies
1995 1571 2050 1624 in

469 1659 680 1725 umbra,
713 1661 803 1730 qui
825 1678 928 1716 non
959 1672 1034 1716 est
1064 1666 1248 1718 timens
1279 1681 1311 1718 a
1339 1666 1476 1734 facie
1500 1666 1600 1720 Dei
1629 1665 1767 1734 (l8).

542 1833 828 1905 Tanquam
863 1839 907 1892 si
941 1840 1167 1907 diceret,
1203 1798 1546 1912 exploratum
1571 1843 1825 1913 equidem
1854 1841 2052 1908 habeo,

471 1940 526 1982 et
559 1929 910 1985 verissimum
931 1947 1053 1988 esse
1086 1935 1222 2000 scio,
1255 1937 1349 2004 qui
1376 1935 1469 1990 Dei
1494 1938 1748 1990 timorem
1803 1939 1852 1990 in
1879 1937 2054 1990 oculis

346 2077 368 2095 ‘
475 2019 672 2085 ferant,
703 2037 940 2094 eumque
996 2025 1105 2081 illis
1145 2027 1326 2083 verbis
1360 2028 1740 2098 alloquantur.:
1777 2047 1795 2080 ι
1831 2028 2056 2100 Conﬁge

475 2114 672 2168 timore
711 2122 804 2170 tuo
823 2131 1020 2174 carnes
1043 2133 1194 2174 meas
1221 2117 1392 2189 (19),»
1427 2135 1496 2175 ne
1541 2137 1781 2191 unquam
1812 2137 1843 2175 a
1884 2121 2057 2174 virtu-

477 2206 548 2256 tis
594 2205 842 2259 excidam
884 2207 1412 2280 dignitate;quippe
1465 2212 1830 2266 orthodoxam
1894 2211 2053 2266 Iidem

476 2293 688 2360 puriter
723 2305 968 2360 servant,
1001 2313 1102 2353 nec
1133 2300 1318 2354 minus
1347 2301 1414 2354 ad
1448 2301 1678 2370 iustitiae
1709 2302 1951 2356 rationes
1975 2301 2055 2356 ri—

472 2395 587 2440 tam
612 2401 768 2441 suam
821 2398 1040 2459 regunt,
1070 2391 1330 2459 pratclara
1367 2391 1452 2447 his
1487 2392 1708 2461 premia
1741 2393 2088 2461 justissimo'

475 2473 571 2528 Dei
608 2475 819 2544 judicio
844 2477 1030 2532 datum
1060 2479 1147 2544 iri,
1185 2479 1238 2534 id
1267 2488 1353 2535 est
1387 2481 1618 2550 gloriam
1650 2481 1824 2550 ipsam
1845 2491 1899 2536 et
1927 2483 2057 2536 hea-

479 2561 686 2616 titatem
725 2563 1046 2632 angelorum
1083 2565 1390 2619 caelestium
1421 2581 1488 2619 ac
1531 2566 1858 2636 spiritalium
1911 2569 2058 2622 ordi-

480 2667 607 2706 tum
633 2661 796 2724 atque
829 2655 1141 2710 cohortium
1176 2655 1344 2710 divini
1375 2655 1520 2712 Solis
1553 2657 1901 2726 splendoiem
1934 2673 2059 2726 pcr-

478 2753 644 2811 petuo
671 2748 1184 2816 contemplantium,
1221 2757 1276 2802 et
1307 2741 1582 2804 incli‘ahile
1621 2749 1748 2806 inde
1795 2751 2053 2822 gaudium

479 2836 836 2906 divinamque
907 2839 1310 2907 iucunditatem
1378 2841 1866 2898 haurientium:at
1925 2859 2056 2899 vero

481 2927 683 2996 itupios
727 2936 783 2982 et
837 2928 1140 2998 ﬂagitiosos
1172 2947 1238 2988 ac
1295 2933 1610 2988 divinorum
1665 2935 2052 2989 mandatorum

2230 1390 2361 1444 "Ott
2389 1392 2494 1448 καί
2511 1409 2580 1461 γε
2605 1393 2877 1462 γινώσκω
2897 1393 3033 1462 ἐγὼ,
3060 1393 3150 1446 ὅτι
3166 1389 3339 1446 rem;
3365 1391 3594 1460 ἀγαθὸν
3611 1387 3776 1454 τοῖς

2153 1479 2549 1550 φοϐουμένοις
2577 1482 2686 1535 τὸν
2717 1483 2886 1546 Θεὸν,
2913 1481 3074 1548 ὅπως
3093 1479 3524 1550 φοϐῶνταιάπὸ
3547 1491 3776 1545 apod-

2150 1566 2317 1622 ώπου
2371 1569 2594 1623 αὑτοῦ·
2623 1569 2724 1623 καὶ
2773 1570 3000 1637 ἀγαθόν
3043 1571 3156 1624 οὐκ
3193 1570 3366 1623 ἔσται
3403 1568 3482 1632 τῷ
3505 1565 3768 1631 ἀσεϐεῖ,

2082 1691 2128 1746 Β
2152 1658 2252 1710 καὶ
2281 1661 2353 1712 οὐ
2383 1660 2683 1727 μακρυνεῖ
2703 1661 2932 1730 ἡμέρας
2955 1662 3024 1714 ἐν
3048 1659 3216 1728 σκιᾷ,
3243 1661 3310 1726 ὃς
3337 1661 3449 1714 οὐκ
3469 1659 3602 1712 ἐστι
3632 1674 3771 1726 φο-

2159 1749 2448 1818 ϐούμενος
2469 1752 2592 1806 ἀπὸ
2618 1751 2946 1820 προσώπου
2976 1753 3083 1806 τοῦ
3113 1751 3284 1806 Θεοῦ.

2227 1843 2530 1912 Μονονουχὶ
2567 1845 2677 1912 γάρ
2730 1860 2892 1912 φησι·
2923 1843 3429 1914 Πεπληροφόρημαι
3470 1841 3612 1909 ἐγὼ,
3643 1839 3766 1893 καὶ

2159 1934 2340 1986 πᾶσαν
2401 1933 2780 2004 ἀληθεστάτην
2837 1934 2947 2003 ἔχω
2987 1934 3319 2004 βεϐαίωσιν,
3377 1933 3454 1996 ὡς
3490 1934 3603 1994 τοῖς
3638 1931 3764 2000 μὲν

2158 2023 2344 2094 ἔχουσι
2373 2025 2466 2077 τὸν
2492 2025 2658 2094 φόϐον
2685 2027 2779 2080 τοῦ
2814 2026 2950 2080 Θεοῦ
2985 2027 3092 2098 πρὸ
3138 2025 3247 2080 τῶν
3281 2023 3575 2094 ὀφθαλμῶν
3597 2063 3610 2084 ,
3642 2023 3762 2075 καὶ

2157 2115 2376 2184 λέγουσι
2411 2118 2547 2187 πρὸς
2582 2119 2766 2184 αὐτὸν,
2809 2139 2827 2170 ι
2867 2116 3205 2190 Καθήλωσον
3250 2116 3360 2169 ἀπὸ
3415 2114 3510 2167 τοῦ
3569 2112 3760 2182 φόϐου

2160 2221 2255 2256 σου
2285 2205 2385 2267 τὰς
2417 2205 2629 2274 σάρκας
2654 2223 2778 2276 μου,
2800 2225 2820 2259 ι
2856 2194 2994 2278 πρὸς
3028 2206 3090 2258 τὸ
3127 2204 3396 2276 μηδαμῶς
3424 2202 3760 2271 παρακινεῖ-

2159 2293 2284 2347 σθαι
2317 2293 2418 2364 τῆς
2446 2295 2770 2365 πρεπούσης
2803 2296 2901 2350 καὶ⁵
2921 2297 3044 2350 κατ’
3069 2297 3274 2366 ἀρετὴν
3319 2294 3755 2354 καταστάσεως,

2159 2387 2253 2440 καὶ
2282 2387 2612 2457 κατορθοῦσι
2643 2387 2736 2440 καὶ
2763 2387 2864 2458 τὴν
2892 2387 3171 2458 ὀρθόδόξον
3189 2386 3372 2440 πίστιν
3403 2383 3753 2453 εἰλικρινῶς,

2157 2476 2254 2530 καὶ¹
2290 2476 2478 2546 μέντοι
2515 2478 2738 2548 καὶτῆς
2765 2479 3120 2548 δικαιοσύνης
3158 2477 3250 2531 τὸν
3278 2478 3438 2545 λόγον
3470 2473 3614 2529 κατὰ
3651 2473 3759 2526 τὸν

2161 2567 2292 2622 ἴδιον
2329 2568 2464 2638 βίον,
2493 2569 2852 2639 ἀνταμείψεις
2878 2571 3082 2638 ἀγαθαὶ
3107 2569 3429 2638 δοθήσονται
3453 2566 3604 2636 παρὰ
3639 2563 3758 2634 τῆς

2156 2660 2252 2714 τοῦ
2284 2661 2420 2714 Θεοῦ
2454 2662 2854 2732 δικαιοκρισίας
2880 2678 2894 2692 ⁸
2926 2663 3094 2732 ἤγουν
3129 2662 3162 2730 ή
3192 2661 3322 2726 δόξα
3346 2659 3440 2712 καὶ¹
3475 2656 3761 2726 μακάριός

2157 2769 2258 2822 της
2283 2753 2390 2805 τῶν
2421 2753 2837 2824 ὑπερουρανίων
2866 2751 3114 2820 ἀγγέλων
3156 2751 3250 2804 καὶ
3299 2747 3503 2818 νοερῶν
3553 2744 3756 2799 διακό-

2161 2859 2316 2912 σμων
2347 2844 2442 2896 καὶ
2493 2842 2720 2906 τάξεων,
2751 2842 2862 2896 τῶν
2890 2846 3009 2904 ταῖς
3067 2841 3286 2908 αἴγλαις
3330 2839 3428 2892 τοῦ
3456 2838 3608 2908 ἡλίου
3643 2839 3757 2904 τῆς

2159 2935 2316 3004 δόξης
2373 2934 2876 3004 καταυγαζομένων
2928 2935 3035 2995 ἀεὶ,
3071 2935 3164 2987 καὶ
3205 2933 3306 3002 τῆς
3354 2930 3567 2984 ἐκεῖθεν
3599 2929 3756 2996 πλη-

479 3031 886 3091 ιοιιιειηριοτεε
912 3025 1046 3078 nihil
1073 3026 1300 3080 omnino
1345 3027 1412 3080 de
1457 3027 1552 3081 illo
1576 3029 1928 3098 praemiorum
1964 3046 2055 3100 ge-

2164 3025 2446 3096 Ρουμένων
2471 3025 2714 3094 ἀῤῥήτου
2755 3026 2852 3078 καὶ
2880 3022 3030 3086 Θείας
3057 3021 3438 3093 ἀγαλλιάσεως
3489 3021 3582 3072 καὶ
3612 3033 3756 3088 τερ-

479 3127 612 3167 uere
661 3114 1020 3180 delibaturus,
1049 3117 1356 3186 animaeque
1403 3117 1626 3174 facienti
1656 3120 1860 3174 malum
1893 3137 2056 3190 para-

479 3215 564 3258 tas
588 3218 711 3260 esse
759 3219 1036 3263 aerumnas
1081 3218 1133 3264 et
1155 3208 1440 3279 angustias
1470 3218 1526 3265 et
1561 3210 1700 3265 iram
1729 3220 1785 3266 et
1813 3212 2059 3283 indigna-

479 3293 683 3350 tionem
715 3294 784 3350 ".

553 3563 611 3620 Id
641 3572 822 3620 autem
846 3575 932 3622 -οι
973 3568 1145 3626 David
1194 3571 1457 3642 propheta
1489 3572 1796 3640 conﬁrmat,
1817 3573 1908 3628 ubi
1941 3575 2056 3629 ait:

488 3656 928 3714 «Semellocutus
956 3669 1042 3715 est
1071 3660 1237 3725 Deus,
1267 3661 1376 3716 duo
1409 3662 1523 3716 haec
1554 3661 1762 3728 audivi,
1795 3663 1921 3732 quia
1956 3679 2057 3734 po-

482 3755 652 3804 testas
675 3758 760 3806 est
787 3749 904 3816 Dei,
925 3759 977 3806 et
1003 3751 1106 3814 tui.
1129 3751 1380 3820 Domine,
1401 3753 1779 3809 misericordia
1803 3773 1814 3808 :
1837 3755 1967 3825 quia
2004 3768 2058 3811 tu

481 3841 680 3898 reddes
706 3843 1004 3913 unicuique
1038 3845 1196 3915 juxta
1226 3861 1390 3916 opera
1419 3862 1520 3902 sua
1550 3849 1615 3901 ⁷⁸.
1648 3866 1666 3899 ι
1703 3846 1761 3903 ld
1789 3864 1919 3904 vero
1947 3866 2061 3904 ma-

483 3933 567 4001 gis
589 3935 750 3989 etiam
796 3937 1089 3993 exhibetur
1151 3939 1207 3993 in
1261 3939 1458 3995 salutis
1513 3949 1714 3995 nostrae
1738 3940 2058 4010 Evangelia,

486 4025 579 4078 ubi
605 4025 851 4083 dicitur:
893 4049 911 4081 (
948 4029 1013 4084 Ει
1049 4039 1341 4100 resurgent
1393 4031 1490 4102 qui
1522 4031 1664 4086 bona
1715 4045 1945 4102 egerunt
2003 4032 2058 4086 in

484 4117 950 4173 resurrectionem
989 4121 1148 4185 vitae;
1185 4121 1280 4191 qui
1313 4136 1444 4176 vero
1507 4122 1651 4176 mala
1702 4121 1972 4188 fecerunt,
2005 4125 2059 4178 in

484 4209 1158 4281 resurrectioncmjudicii
1191 4213 1328 4283 (ΞΟ).
1362 4231 1379 4263 ι
1408 4213 1487 4267 Ac
1540 4214 1714 4268 multo
1761 4215 1914 4284 prius
1963 4215 2065 4269 Da-

485 4297 594 4351 niel
623 4299 882 4368 propheta
919 4301 972 4354 in
997 4301 1245 4357 eamdem
1283 4303 1442 4372 plane
1485 4304 1814 4358 sententiam
1843 4293 2062 4361 locutus

2165 3117 2464 3184 πνότητος·
2503 3117 2616 3176 τοῖς
2651 3113 2872 3168 ἀσεϐέσι
2896 3114 2953 3167 δὲ
2987 3114 3082 3168 καὶ
3117 3115 3375 3184 πονηροῖς
3427 3111 3524 3164 καὶ
3571 3113 3756 3162 καται

2166 3207 2468 3276 φρονηταῖς
2519 3203 2631 3256 τῶν
2661 3203 2824 3256 θείων
2875 3203 3288 3273 δικαιωμάτων,
3315 3202 3468 3254 οὐδὲν
3499 3197 3758 3252 τοιοῦτον

2164 3287 2547 3366 ἀνταμείψεως
2580 3291 2722 3359 εἶδος
2750 3295 3036 3366 δοθήσεται
3058 3297 3119 3350 τὸ
3149 3295 3412 3367 παράπαν
3432 3309 3446 3324 ·
3474 3290 3609 3346 ἀλλά
3627 3289 3759 3342 θλί-

2167 3389 2262 3458 ψις
2295 3387 2390 3440 καὶ
2423 3386 2761 3456 στενοχωρία
2793 3386 2890 3438 καὶ
2922 3385 3091 3454 θυμὸς
3132 3387 3227 3439 καὶ
3271 3383 3408 3456 ὀργὴ
3437 3383 3530 3436 ἐπὶ
3559 3382 3757 3435 πᾶσαν

2165 3477 2344 3548 ψυχὴν
2375 3477 2474 3546 τὴν
2503 3475 2990 3546 κατεργαζομένην
3028 3478 3089 3528 τὺ
3119 3473 3376 3546 πονηρόν.

2238 3568 2410 3623 Τοῦτο
2431 3569 2487 3621 δὲ
2518 3567 2862 3638 παρεμπεδοῖ
2879 3567 2976 3620 καὶ
3004 3566 3170 3619 Δαϐὶδ
3187 3568 3214 3618 ὁ
3240 3565 3527 3636 προφήτης
3547 3561 3753 3626 εἰπὼν,

2175 3681 2193 3714 ι
2231 3661 2416 3726 Ἀπαξ
2466 3659 2733 3730 ἐλάλησεν
2763 3661 2792 3714 ό
2813 3659 2976 3725 Θεὸς,
3008 3658 3102 3711 δύο
3162 3655 3336 3710 ταῦτα
3381 3656 3590 3725 ἤκουσα
3612 3693 3627 3714 ,
3661 3654 3756 3706 ὅτι

2167 3754 2228 3806 τὸ
2255 3752 2458 3822 κράτος
2484 3749 2580 3804 τοῦ
2609 3751 2768 3816 Θεοῦ,
2788 3751 2882 3804 καὶ
2912 3749 3031 3816 σοῦ,
3057 3749 3256 3820 Κύριε,
3278 3747 3340 3799 τὸ
3359 3745 3508 3807 ἔλεος
3532 3761 3544 3773 ·
3566 3744 3648 3796 ὅτι
3683 3743 3753 3796 σὺ

2167 3843 2474 3906 ἀποδώσεις
2503 3843 2719 3913 ἑκάστῳ
2745 3843 2884 3896 κατά
2903 3842 2971 3894 τά
2989 3840 3126 3912 ἔργα
3159 3839 3350 3893 αὐτοῦ.
3387 3855 3408 3890 ι
3434 3835 3755 3906 Παρίστησι

2167 3936 2224 3989 δὲ
2256 3930 2434 3990 τοῦτο’
2475 3935 2658 4006 πολλῷ
2689 3934 2892 4006 μᾶλλον
2922 3933 3018 3987 καὶ
3059 3933 3120 3986 τὸ
3149 3932 3252 4002 τῆς
3293 3930 3568 4000 σωτηρίας
3589 3926 3754 3998 ήμῶν

2168 4028 2504 4096 Εὐαγγέλιον
2539 4028 2750 4096 φάσκον
2771 4044 2786 4057 ο
2821 4046 2840 4079 ι
2875 4027 2988 4080 Καὶ
3016 4019 3416 4096 ἀναστήσονται
3438 4022 3488 4074 οἱ
3509 4019 3577 4073 τά
3601 4020 3752 4086 ἀγα-

2170 4118 2240 4171 οά
2265 4120 2593 4189 ποιήσαντες
2621 4121 2702 4181 είς
2731 4117 3028 4171 ἀνάστασιν
3075 4113 3242 4183 ζωῆς,
3275 4110 3324 4166 οἱ
3369 4111 3426 4164 δὲ
3467 4109 3534 4162 τά
3567 4107 3754 4176 φαῦλα

2169 4212 2483 4285 πράξαντες
2515 4209 2596 4272 εἰς
2636 4208 2937 4263 ἀνάστασιν
2978 4203 3239 4276 κρίσεως.
3277 4219 3296 4252 ι
3334 4201 3446 4254 Καὶ
3486 4197 3668 4266 πολλῷ
3692 4196 3752 4250 δὲ
3790 4259 3797 4266 ,

2171 4302 2364 4376 πρώην
2387 4301 2532 4356 κατά
2563 4300 2631 4353 τὰ
2653 4288 2794 4352 αὑτά
2833 4297 2929 4352 καὶ
2955 4294 3219 4356 ὡσαύτως
3248 4290 3448 4362 Δανιὴλ
3475 4292 3504 4344 ὁ
3528 4288 3752 4359 προφή-

484 4397 590 4444 est.
624 4409 642 4442 ι
677 4389 742 4444 Ει
772 4393 930 4446 multi
961 4393 1026 4447 de
1064 4394 1170 4457 his,
1203 4395 1298 4464 qui
1333 4393 1618 4448 dormiunt
1668 4395 1722 4449 in
1763 4404 1921 4452 terra:
1943 4398 2058 4467 pul-

2171 4413 2274 4467 της
2301 4393 2494 4464 φησιν,
2526 4410 2546 4444 ι
2581 4389 2692 4444 Καὶ
2737 4388 2926 4442 πολλοὶ
2974 4386 3084 4440 τῶν
3126 4382 3500 4438 καθευδόντων
3546 4379 3604 4467 ὲν
3643 4377 3754 4447 γῆς

487 4493 636 4545 vere,
667 4491 974 4552 resurgent,
1007 4483 1100 4537 alii
1142 4487 1194 4539 in
1243 4485 1412 4540 vitam
1445 4495 1724 4554 aeternam,
1755 4487 1844 4542 alii
1877 4489 1930 4543 in
1951 4503 2070 4560 pte—

486 4585 612 4625 uam
637 4581 954 4642 perpetuam
985 4573 1121 4644 (‘21).
1168 4593 1188 4627 ι

563 4659 718 4728 Quod
749 4673 932 4717 autem
973 4665 1196 4718 additur
1220 4683 1270 4720 ει
1307 4665 1374 4719 Et
1415 4680 1524 4721 non
1568 4667 1918 4739 prolongabit
1951 4670 2071 4726 dies

494 4751 551 4804 in
588 4753 806 4818 umbra,
832 4756 926 4824 qui
961 4770 1067 4809 non
1103 4766 1187 4813 cst
1210 4757 1406 4810 timens
1437 4773 1467 4811 a
1492 4757 1630 4816 l‘acie
1658 4761 1776 4826 Dei,
1812 4781 1830 4812 ι
1865 4763 2068 4832 justam

494 4841 632 4894 iram
665 4842 719 4896 in
751 4842 854 4896 hac
871 4858 1091 4914 quoque
1124 4846 1232 4899 vita
1252 4861 1648 4918 praeproperam
1677 4851 1968 4908 manifesto
1991 4853 2066 4908 si-

503 4932 798 5003 gniﬁcavit.
825 4935 990 5005 212
1035 4935 1291 4992 Umbram
1340 4941 1486 4994 enim
1527 4949 1850 5011 praisentcm
1884 4943 2072 5014 cujus-

499 5038 608 5091 que
637 5024 878 5081 hominis
911 5027 1078 5080 vitam
1110 5027 1269 5094 dixit,
1299 5030 1442 5099 quod
1487 5031 1833 5088 velocissime
1849 5042 2072 5102 praeter-

495 5117 794 5186 grediatur,
821 5129 876 5176 ct
930 5120 1139 5175 umbra:
1168 5120 1341 5184 instar
1363 5123 1664 5194 dispereat,
1702 5125 1866 5181 simul
1896 5133 2059 5196 atque

569 5317 616 5349 ⁷⁸
649 5315 809 5373 Rom.
844 5334 908 5384 It,
938 5318 991 5376 9.
1065 5321 1114 5356 ⁷⁸
1139 5319 1286 5378 Psal.
1321 5321 1540 5390 “1,12,
1573 5324 1656 5377 t3.

573 5457 686 5530 (ιδ)
722 5456 936 5530 Θιῐηιρ·
967 5474 1078 5514 ηοη
1116 5459 1283 5530 habet
1310 5459 1542 5530 ἡμξρεε·

603 5521 688 5598 l9)
726 5521 1104 5594 Ps'al.'cxwtr,
1139 5529 1260 5582 1'20.
1287 5521 1363 5584 Αἵ
1392 5521 1531 5582 LXX
1560 5524 1724 5598 (Psal.
1762 5539 1907 5590 cstx,
1946 5521 2069 5594 {20)

511 5597 840 5668 Ιιειὶδθηινὲκ
885 5600 977 5654 τοῦ
1020 5600 1281 5668 φόϐου....

582 5665 696 5736 (ΞΟ)
733 5667 893 5722 Joan'.
933 5687 985 5734 ν,
1029 5664 1118 5723 99.
1158 5670 1263 5723 Sed
1312 5674 1364 5723 in
1399 5668 1554 5738 Vulg.
1601 5665 1835 5738 exempl.
1890 5664 2068 5729 leges:

513 5735 624 5801 Καὶ
675 5735 1094 5808 ἐκπορεύσονται
1148 5740 1194 5789 οἱ
1256 5739 1322 5790 τά
1380 5735 1561 5806 ἀγαθὰ
1631 5737 1955 5808 ποιήσαντες

2168 4463 2388 4554 χώματι
2421 4481 2818 4548 ἀναστήσονται
2845 4516 2860 4543 ,
2885 4469 3032 4530 οῦτοι
3066 4473 3166 4545 μὲν
3199 4473 3280 4534 είς
3325 4467 3474 4540 ζωὴν
3506 4463 3752 4530 αἰώνιον,

2167 4569 2316 4642 οὗτοι
2345 4571 2405 4626 δὲ
2437 4571 2520 4634 είς
2548 4570 2772 4624 κόλασιν
2795 4566 3179 4634 ἀτελεύτητον.
3215 4579 3234 4612 ι
3520 4645 3523 4646 ν
3655 4641 3660 4646 ι

2245 4665 2310 4718 Ὃ
2338 4663 2396 4716 δέ
2423 4677 2610 4732 φησιν·
2651 4677 2670 4709 ι
2712 4659 2824 4711 Καὶ
2846 4656 2908 4710 οὺ
2945 4653 3214 4726 μακρυνεῖ
3251 4646 3470 4718 ἡμέρας
3511 4645 3568 4697 ὲν
3595 4641 3748 4712 σκιᾷ,

2165 4757 2227 4820 ὃς
2255 4756 2356 4810 οὐκ
2383 4755 2500 4807 ἐστι
2528 4751 2868 4821 φοϐούμενος
2921 4747 3032 4802 ἀπὸ
3062 4743 3362 4817 προσώπου
3395 4736 3494 4792 τοῦ
3524 4733 3685 4800 Θεοῦ,
3730 4752 3749 4785 ι

2179 4849 2446 4916 σύντομον
2508 4844 2606 4897 καὶ
2649 4841 2858 4895 δίκαιον
2901 4839 3074 4910 ὀργὴν
3111 4838 3212 4890 κάν
3253 4835 3320 4905 τῇ
3357 4822 3754 4916 παρούσῃ-ζωῇ

2176 4937 2328 5009 δηλοῖ
2346 4911 2691 5006 προφανῶς.
2719 4929 2887 4984 Σκιάν
2928 4928 3038 4998 γάρ
3075 4925 3168 4979 τὸν
3202 4921 3450 4993 παρόντα
3480 4915 3594 4986 βίον
3621 4911 3755 5009 εκά-
3795 4931 3804 4940 ’

2180 5005 2310 5082 στου
2343 5024 2638 5098 ἀνθρώπου
2673 5023 2984 5092 ὠνόμασεν,
3025 5017 3102 5082 ὡς
3153 5011 3566 5086 παρερχόμενον
3615 5005 3759 5057 ὠκυ-

2165 5121 2367 5188 τάτως,
2401 5117 2497 5174 καὶ
2523 5117 2684 5174 δίκην
2717 5115 2884 5188 σκιᾶς
2903 5111 3329 5178 περιιστάμενον
3375 5105 3457 5166 εἰς
3507 5104 3756 5168 ἀνύπαρ-

2253 5447 2373 5520 (ἓ-Ιὶ
2403 5447 2539 5501 Dan.
2569 5461 2669 5511 xu,
2701 5445 2762 5520 ἓ.
2789 5440 3072 5520 -Sed__ip_sa
3097 5439 3383 5520 Panielis‘
3399 5437 3754 5520 yerbaypqd

2183 5509 2327 5598 LXX
2346 5509 2812 5598 'hatc_suntni.l(at
2842 5509 3028 5598 πολλοὶ
3055 5511 3167 5598 τῶν
3181 5509 3756 5598 καθευδόντωνὶὲντγῇς

2185 5589 2400 5658 χώματι
2435 5577 3086 5658 ὲξεγερθήσονται,-οῦτοι
3115 5583 3196 5645 εἰς
3209 5579 3457 5658 αἰώνιον,
3484 5578 3577 5632 καὶ
3597 5577 3742 5632 οὗτοι

2187 5639 2609 5727 ἒίςτόνειδιᾶρῖὸν
2643 5639 2739 5706 καὶ
2761 5654 2842 5716 εἰς
2871 5639 3134 5723 αἰσχύνην
3167 5639 3404 5706 αἰώνιον.
