4076 6310
369 321 507 393 1θ57

1422 333 1504 395 IN
1543 334 2102 400 ECCLESIASTEN
2161 363 2232 373 ’-
2272 335 2422 400 LIB.
2463 339 2598 404 VII.

3506 347 3646 416 1058

359 441 510 508 ξίαν,
545 443 673 496 ὅσον
709 433 848 513 ἧκεν
879 443 960 507 είς
987 441 1087 512 τὴν
1120 443 1416 515 πρόχειρον
1464 445 1601 498 θέαν
1635 447 1732 498 καὶ
1763 447 1935 516 φαινό-

2055 449 2365 506 ostenderit
2392 465 2533 518 sese,
2566 451 2700 506 etin
2731 461 3092 524 conspectum
3144 453 3431 514 hominum
3475 476 3644 518 vene-

359 551 546 604 μενον.
574 534 636 587 Et
663 534 775 606 γὰρ
807 534 900 588 καὶ
937 535 1014 608 μὴ
1051 536 1262 602 πάντας
1291 538 1425 601 τοὺς
1471 539 1694 606 ἀσεϐεῖς
1725 540 1952 612 ώκυμὸο

361 641 490 692 ρους
518 625 676 694 ἴσμεν
726 625 822 680 καὶ
879 625 1251 697 καρπαλίμως
1299 627 1628 702 δεχομένους
1695 632 1796 702 τὴν
1845 630 1954 685 ἀπὸ

355 715 460 786 τῆς
497 714 782 788 παρούσης
811 717 958 788 ζωῆς
989 717 1266 772 ἔκπτωσιν
1293 722 1392 774 καὶ
1432 725 1776 796 περιτροπήν
1798 739 1812 752 °
1837 721 1954 775 ἀλλ’

357 805 462 860 οὐκ
503 806 568 860 ἐκ
597 807 708 860 τῶν
737 805 1182 876 διαγνωσθέντων
1233 810 1366 879 ἡμῖν
1407 813 1668 867 τοιούτων
1696 813 1782 882 ἐφ’
1816 812 1951 865 ἐκά-

361 915 465 972 στῃ
484 900 652 971 γενεᾷ
676 899 923 972 δηλονότι
948 901 1045 955 καὶ
1064 901 1251 972 γενεᾷ,
1268 901 1347 973 τῷ
1380 905 1790 977 Ἐκκλησιαστῇ
1815 919 1956 974 παρ-

358 990 618 1063 είληπται
671 991 736 1045 τὸ
787 993 1084 1065 είρημένον
1126 993 1222 1046 καὶ
1248 993 1364 1050 νῦν.
1391 991 1529 1052 Εἶτά.
1561 1012 1728 1068 φησιν
1753 997 1782 1050 ὁ
1821 994 1946 1048 Ἐκ-

2053 541 2144 596 rit.
2181 539 2320 596 Nam
2349 543 2454 598 etsi
2489 559 2598 599 non
2631 559 2825 601 omnes
2874 545 3076 616 impios
3129 547 3308 606 brevis
3336 554 3437 607 arvi
3471 553 3646 612 fuisse

2052 632 2283 696 scimus,
2332 640 2388 687 et
2418 647 2485 687 ex
2528 633 2630 689 hac
2660 635 2770 688 vita
2811 635 2995 691 medio
3035 639 3089 692 in
3127 652 3296 696 cursu
3357 654 3645 715 correptos

2051 719 2286 777 celerius
2313 719 2616 790 migrasse;
2646 738 2754 776 non
2817 725 2962 793 ideo,
2988 725 3034 780 si
3065 727 3206 782 ratio
3244 729 3514 787 habeatur
3547 749 3644 790 eo-

2051 825 2172 864 rum
2201 827 2326 880 quae
2368 812 2610 881 singulis
2657 815 2914 870 aetatibus
2968 819 3268 888 contigisse
3302 824 3642 894 accepimus,

2051 901 2203 972 quod
2235 903 2326 973 hic
2357 902 2564 958 dictum
2618 913 2722 971 est,
2756 913 2961 961 temere
2995 909 3065 964 ab
3104 908 3439 970 Ecclesiaste
3467 917 3644 986 prola-

2050 1003 2165 1048 tum
2201 994 2374 1050 videri
2402 994 2560 1050 debet
2585 995 2722 1067 (2‘2).
2755 996 2847 1052 Ait
2873 997 3073 1056 deinde
3105 999 3472 1064 Ecclesiastes
3501 1023 3514 1061 :

357 1079 704 1154 κλησιαστης
735 1100 744 1114 ·
1931 1134 1934 1136 γ
2111 1123 2120 1134 ,

1895 1195 1922 1268 ς
1953 1191 2100 1249 XVI.
3513 1243 3518 1250 .

433 1288 609 1342 Ἔστι
628 1288 982 1357 ματαιότης,
1011 1285 1050 1356 ἢ
1075 1289 1397 1360 πεποίηται
1423 1291 1522 1346 ἐπὶ
1549 1289 1658 1360 τῆς
1688 1289 1820 1362 γῆς,
1853 1290 1935 1344 ὅτι

2120 1281 2278 1340 Vers.
2309 1285 2399 1340 M.
2435 1283 2534 1340 Est
2560 1286 2794 1350 vanitas,
2825 1302 2944 1357 qua:
2964 1285 3112 1355 facta
3131 1297 3208 1343 est
3233 1306 3390 1360 super
3418 1300 3635 1354 terram,

356 1378 478 1432 εισι
507 1377 751 1446 δίκαιοι,
779 1378 869 1433 ὅτι
891 1378 1106 1448 φθάνει
1127 1381 1278 1449 πρὸς
1306 1383 1554 1450 αὐτοὺς,
1585 1384 1666 1448 ὠς
1715 1383 1935 1452 ποίημα

2047 1377 2174 1447 quia
2211 1385 2334 1430 sunt
2377 1377 2532 1442 iusti,
2560 1377 2690 1448 quia
2750 1377 2888 1431 venit
2941 1377 3011 1430 ad
3062 1393 3149 1432 eos
3179 1420 3192 1443 ,
3235 1382 3391 1451 quasi
3434 1383 3636 1452 factum

357 1467 482 1524 τῶν
503 1469 742 1525 ἀσεϐῶν
761 1485 775 1502 ο
805 1471 907 1525 καὶ
943 1471 1108 1526 εἰσιν
1128 1473 1392 1542 ἀσεϐεῖς,
1425 1475 1517 1530 ὅτι
1553 1475 1769 1545 φθάνει
1792 1474 1935 1542 πρὸς

2046 1466 2373 1535 impiorum;
2403 1475 2452 1520 et
2509 1475 2634 1520 sunt
2687 1467 2838 1532 impii
2862 1505 2876 1530 ,
2901 1467 3028 1536 quia
3075 1469 3212 1520 venit
3240 1477 3310 1522 ad
3339 1487 3450 1537 eos,
3477 1478 3632 1543 quasi

357 1559 585 1627 αὐτοὺς
601 1561 682 1626 ὠς
717 1561 946 1631 ποίημα
972 1560 1093 1616 τῶν
1144 1561 1411 1620 δικαίων.
1465 1565 1580 1620 Καὶ
1613 1563 1755 1621 εἶπα
1780 1582 1794 1596 °
1831 1569 1935 1620 Καὶ

2047 1555 2253 1624 factum
2307 1555 2604 1624 justorum.
2662 1554 2732 1608 Et
2789 1555 2961 1610 dixi:
3021 1554 3140 1612 Ηοὸ
3201 1561 3362 1614 etiam
3423 1567 3634 1619 vanitas

356 1667 427 1720 τε
459 1650 638 1705 τοῦτο
665 1653 1012 1721 ματαιότης.
1977 1679 2019 1734 Β
2046 1641 2292 1734 “((23).

430 1741 756 1813 Παράλογος
800 1743 1030 1816 εὓρηται
1081 1748 1226 1818 φορὰ
1271 1749 1368 1802 καὶ
1395 1749 1521 1816 δόξα
1565 1749 1935 1822 διεφθαρμένη

2119 1731 2435 1787 Absurdam
2465 1731 2904 1808 distributionem
2934 1745 2988 1792 et
3015 1747 3336 1811 corruptum
3361 1740 3631 1811 judicium

356 1835 455 1890 nui
478 1836 656 1908 πάντη
681 1835 906 1909 ψευδὴς,
931 1841 964 1909 ἡ
1011 1840 1158 1911 παρὰ
1176 1840 1286 1895 τῶν
1317 1842 1626 1912 μισοκάλων
1653 1843 1747 1896 καὶ
1772 1821 1935 1895 κακο-

2051 1835 2114 1876 ac
2135 1822 2295 1890 plane
2322 1821 2522 1879 falsum
2577 1825 2843 1882 induxere
2891 1827 3148 1885 homines
3177 1831 3476 1899 inhonesti,
3505 1849 3633 1904 per-

353 1927 525 1992 δόξων
557 1927 862 1999 ἀνθρώπων
889 1931 988 1985 καὶ
1036 1931 1317 1986 δυσσεϐὦν
1345 1933 1611 2006 γινομένη
1643 1937 1762 1998 τοῖς
1784 1934 1942 1987 εὐσε-

357 2017 481 2072 ϐέσι
505 2019 600 2072 καὶ
636 2019 889 2084 δικαίοις,
917 2021 1012 2074 καὶ
1047 2015 1150 2093 τῆς
1199 2023 1402 2094 ἀρετῆς
1443 2025 1724 2096 ἐρασταῖς,
1762 2024 1942 2081 καὶτὸ

355 2105 598 2177 ἔμπαλιν
633 2111 748 2172 τοῖς
807 2109 1037 2164 ἀσεϐέσι
1069 2111 1167 2164 καὶ
1217 2115 1477 2186 πονηροῖς
1499 2116 1533 2185 ἡ
1571 2114 1668 2168 καὶ
1695 2115 1795 2179 τὰς
1827 2114 1940 2168 τῶν

353 2199 639 2270 ἑκατέρων
669 2200 972 2271 ὑπολήψεις
1006 2203 1339 2272 ἀμείϐουσα,
1384 2207 1480 2259 καὶ
1510 2205 1696 2275 μέντοι
1717 2207 1812 2259 καὶ
1841 2205 1940 2270 τὰς

353 2289 750 2362 προσηκούσας
777 2293 872 2346 καὶ
897 2293 1273 2364 καταλλήλους
1287 2284 1651 2368 ἀνταμείψεις
1679 2297 1940 2353 ἐναλλάτ·

351 2396 548 2448 τουσα,
583 2383 680 2436 καὶ
709 2382 813 2446 τὰς
862 2383 964 2454 μὲν
1013 2384 1378 2457 ὀφειλομένας
1435 2390 1549 2452 τοῖς
1589 2389 1814 2459 ἀγαθοῖς
1842 2390 1940 2444 κα)⁸

254 2496 274 2510 ν
353 2472 585 2536 δικαίοις
613 2473 966 2545 ἀπονέμουσα
995 2478 1112 2540 τοῖς
1143 2477 1368 2532 ἀσεϐέσι
1387 2479 1483 2534 καὶ
1509 2483 1770 2552 πονηροῖς
1800 2498 1814 2512 ·
1844 2482 1938 2536 καὶ

353 2563 418 2618 τὸ
440 2563 680 2634 ἔμπαλιν
705 2563 805 2628 τὰς
830 2567 1224 2639 ἐπηρτημένας
1241 2568 1472 2634 ἐκείνοις
1489 2570 1936 2642 ἀντιπαρέχουσα

355 2654 590 2721 τούτοις,
612 2655 735 2710 κατ’
763 2657 1082 2712 ἐναντίωσιν
1109 2659 1212 2730 τῆς
1234 2659 1574 2732 θεοπρεποῦς
1597 2663 1937 2732 ἀγαθότητος

353 2748 454 2802 καὶ
500 2747 926 2820 δικαιοκρισίας.
974 2750 1034 2803 '0
1064 2751 1164 2820 μὲν
1199 2752 1312 2822 γὰρ
1361 2753 1496 2816 Θεὸς
1555 2757 1667 2818 τοῖς
1711 2754 1938 2822 ἀγαθοῖς

354 2840 570 2910 ἀγαθὰς
624 2840 856 2895 δίδωσιν
906 2841 1208 2907 ἀντιδόσεις
1233 2883 1248 2910 ,
1277 2843 1539 2926 ώσαύτως
1597 2863 1662 2915 γε
1710 2846 1817 2918 μὴν
1842 2847 1936 2900 καὶ

351 2933 467 2996 τοῖς
517 2933 781 3002 πονηροῖς
815 2934 1092 3004 πονηράς·
1127 2933 1224 2988 ἀτε
1267 2935 1332 3006 δὴ
1364 2936 1670 3008 θεοπρεπεῖ
1691 2939 1932 3010 τρυτάνῃ

2048 1912 2305 1982 versique
2359 1923 2524 1983 atque
2571 1914 2746 1985 impii,
2777 1925 2886 1972 tam
2925 1922 3106 1988 quoad
3139 1921 3263 1990 pios
3287 1921 3536 1993 etjustos
3566 1941 3632 1980 ac

2047 2001 2265 2060 virtutis
2289 2013 2584 2070 amatores,
2614 2023 2779 2078 quam
2807 2009 2990 2079 quoad
3050 2011 3254 2082 impios
3283 2027 3314 2066 e
3351 2017 3632 2070 contrario

2045 2101 2101 2148 et
2125 2093 2458 2164 ﬂagitiosus,
2510 2101 2623 2167 quo
2676 2113 2870 2168 nempe
2925 2109 3291 2173 utrorumque
3341 2105 3633 2175 Opiniones

2046 2195 2380 2257 permutant,
2417 2197 2472 2244 et
2527 2192 2918 2248 convenientes
2973 2197 3332 2266 prapriasque
3447 2208 3626 2252 remn-

2045 2277 2361 2334 nerationes
2417 2279 2718 2348 invertunt,
2753 2291 2812 2336 ut
2867 2299 2991 2353 quae
3021 2285 3182 2340 bonis
3235 2302 3301 2341 ac
3338 2287 3507 2357 justls
3535 2288 3632 2344 de-

2024 2366 2266 2442 bentur,
2290 2383 2354 2424 ea
2386 2369 2571 2440 impiis
2600 2380 2655 2426 et
2677 2369 2964 2442 ﬂagitiosis
2993 2375 3278 2444 assignent
3303 2394 3319 2442 ;
3344 2385 3400 2431 et
3435 2393 3466 2433 e
3495 2393 3630 2432 con-

2047 2458 2218 2512 trario
2243 2475 2366 2528 quae
2397 2459 2518 2516 istis
2556 2460 2893 2530 impendent,
2927 2462 2980 2516 in
3019 2477 3118 2518 eos
3157 2464 3460 2533 reﬂectant,
3483 2468 3626 2524 divi-

2045 2563 2131 2602 na:
2164 2549 2396 2604 bonitati
2419 2559 2476 2604 et
2505 2550 2660 2620 justo
2697 2552 2910 2620 judicio
2955 2553 3114 2622 plane
3165 2556 3460 2612 adversati.
3489 2557 3626 2614 Nam

2045 2639 2190 2696 Deus
2235 2641 2453 2712 quidem
2512 2641 2675 2696 bonis
2705 2641 2879 2696 bonas
2919 2642 3012 2696 dat
3050 2646 3542 2714 relnturerationes,
3573 2657 3628 2702 et

2045 2733 2235 2787 eodem
2271 2733 2461 2803 utique
2491 2733 2656 2788 modo
2697 2734 2856 2788 malis
2907 2737 3084 2790 malas
3111 2727 3312 2805 quippe
3341 2738 3436 2808 qui
3465 2738 3626 2794 lance

2043 2822 2361 2891 aequissima
2395 2823 2663 2892 ponderat
2690 2829 2746 2877 et
2767 2823 3052 2879 distribuit
3073 2825 3307 2896 singulis
3328 2842 3452 2896 quae
3471 2828 3626 2898 quis-

2043 2928 2150 2982 que
2174 2912 2406 2968 meritus
2451 2921 2554 2968 est.
2611 2914 2684 2966 At
2733 2913 2988 2968 humanae
3039 2916 3238 2971 mentis
3291 2916 3562 2986 judicium
3592 2935 3626 2973 e

351 3022 724 3085 ταλαντεύων.
754 3023 852 3076 καὶ
892 3023 1166 3094 διανέμων
1228 3027 1448 3097 ἑκάστῳ
1500 3028 1570 3082 τὰ
1606 3031 1727 3082 κατ’
1755 3027 1934 3093 ἀξίαν.

2043 3007 2322 3058 contrario
2346 3004 2506 3060 bonis
2531 3005 2726 3071 malas,
2747 3016 2802 3060 et
2839 3007 2998 3061 malis
3034 3006 3210 3062 bonas
3241 3007 3476 3079 illosque
3502 3025 3622 3080 pue-

354 3114 432 3168 Τὸ
477 3114 535 3169 δέ
586 3116 875 3186 κριτήριον
916 3115 1017 3185 τῆς
1049 3115 1399 3188 ἀνθρωπίνης
1432 3119 1664 3190 γνώμης
1697 3111 1936 3191 ἔμπαλιν

353 3208 471 3269 τοῖς
505 3206 736 3274 ἀγαθοῖς
781 3206 1052 3276 πονηράς,
1101 3211 1214 3271 τοῖς
1271 3209 1328 3262 δέ
1385 3213 1648 3280 πονηροῖς
1701 3211 1934 3278 ἀγαθὰς.

352 3298 643 3362 κάκείνους
667 3299 766 3369 μὲν
791 3299 1050 3354 κολάσεσι
1077 3300 1480 3356 καθυποϐάλλει
1500 3306 1594 3357 καὶ
1615 3305 1932 3376 τιμωρίαις,

353 3387 629 3452 ποικίλαις
669 3388 913 3461 ἐξορίαις
946 3391 1424 3462 παραπέμπουσα,
1445 3394 1544 3446 καὶ
1561 3394 1935 3463 καθείργουσα

352 3477 597 3548 χρονίαις
624 3479 874 3548 εἱρκταῖς
898 3496 912 3508 ’
947 3480 1124 3532 ἐνίοτε
1169 3479 1228 3533 δέ
1261 3482 1356 3534 καὶ
1389 3481 1533 3550 λιμῷ
1567 3483 1663 3534 καὶ
1707 3483 1935 3550 μάστιγι

352 3568 452 3621 καὶ
478 3567 614 3638 πυρὶ
640 3567 737 3620 καὶ
774 3567 1002 3636 σιδήρῳ,
1027 3569 1124 3620 καὶ
1180 3567 1345 3638 βορὰν
1390 3569 1601 3640 θῃρίοις
1633 3567 1937 3638 παραπέμ-

353 3673 448 3710 πει
480 3657 576 3710 xui
607 3656 824 3710 δίδωσιν
853 3657 1094 3725 ἀκρίτως
1118 3657 1215 3709 καὶ
1261 3657 1633 3726 παραφρόνως
1657 3673 1671 3688 ·
1707 3657 1936 3722 τούτους

353 3747 414 3799 δὲ
437 3747 857 3818 καταγεραίρει,
899 3746 997 3801 καὶ
1019 3747 1244 3816 τρυφῶν
1277 3747 1424 3812 ἀξιοῖ
1470 3749 1566 3804 καὶ
1605 3749 1935 3805 δυναστειῶν

353 3839 450 3894 καὶ
481 3837 671 3904 δοξῶν.

423 3929 600 3982 Τοῦτο
644 3927 826 3982 τοίνυν
865 3927 1049 3998 πάσης
1095 3928 1413 4000 παραλόγου
1447 3929 1688 4000 κρίσεως
1716 3931 1928 4002 ἀνάμε-

352 4037 479 4075 στον
508 4019 742 4091 εὓρηται
770 4019 867 4074 καὶ
893 4019 998 4090 τῆς
1026 4020 1266 4092 ἐσχάτης
1303 4021 1701 4094 παραπληξίας
1726 4040 1935 4094 σημαν-

348 4110 524 4174 τικὸν,
585 4110 678 4162 καὶ
726 4107 1128 4177 καταγνώσεως
1167 4109 1338 4174 ἀξιον.
1393 4111 1494 4164 Διά
1532 4111 1696 4165 τοῦτό
1743 4129 1877 4182 φησι
1913 4128 1930 4146 ο

353 4219 378 4256 ‹
417 4201 528 4254 Καί
557 4217 622 4269 γε
654 4199 817 4255 τοῦτο
849 4201 1178 4272 ματαιότης,
1217 4220 1237 4254 ι
1265 4199 1331 4254 τὸ
1359 4200 1593 4269 σύνηθες
1628 4203 1932 4274 πρόσρημα

347 4293 450 4365 τῆς
500 4291 882 4362 ἐκφαυλίσεως
939 4292 1050 4346 τῶν
1106 4290 1367 4345 τοιούτων
1415 4290 1607 4346 είπών.
1685 4291 1776 4345 Διὸ
1831 4293 1932 4365 τὴν

2037 3095 2123 3151 nis
2179 3097 2571 3167 suppliciisque
2631 3097 2898 3167 subjicit,
2926 3106 2980 3152 ct
3029 3100 3194 3154 modo
3241 3102 3393 3154 varia
3426 3102 3622 3156 exsilia

2037 3187 2275 3242 tolerare
2294 3187 2475 3257 jubet,
2498 3187 2665 3243 modo
2695 3189 3012 3244 carceribus
3039 3189 3096 3243 in
3125 3189 3449 3246 diuturnum
3482 3201 3620 3248 tem--

2036 3289 2141 3346 pus
2185 3275 2418 3330 includit
2454 3275 2776 3331 :-interdum
2834 3291 2964 3332 vero
3007 3285 3061 3330 et
3091 3275 3234 3332 fame
3271 3287 3326 3332 et
3361 3277 3546 3350 ﬂagris
3568 3287 3622 3334 et

2037 3369 2163 3438 igne
2181 3377 2235 3422 et
2265 3367 2413 3422 ferro
2438 3367 2740 3432 excruciat,
2759 3375 2855 3422 aut
2872 3383 3055 3424 escam
3084 3368 3326 3424 destinat
3349 3371 3622 3440 traditque

2037 3459 2252 3523 belluis,
2282 3459 2480 3512 indicta
2512 3457 2674 3527 213
2703 3473 2870 3512 causa
2910 3469 2965 3513 et
3009 3461 3214 3515 amenti
3266 3462 3533 3532 consilio;
3566 3471 3624 3516 at

2038 3549 2140 3602 hos
2169 3549 2415 3616 praemiis
2445 3548 2632 3614 allicit,
2667 3557 2722 3602 et
2749 3549 2983 3616 deliciis,
3019 3551 3288 3620 imperiis,
3326 3554 3500 3624 gloria
3537 3552 3621 3608 di-

2038 3648 2256 3709 gnatur.

2107 3926 2162 3982 ld
2189 3940 2359 3996 porro
2387 3933 2493 3993 est,
2527 3925 2672 3996 quod
2709 3929 2951 3998 perversi
2989 3929 3183 4000 judicii
3219 3931 3442 4002 plenum
3473 3933 3621 3990 vide-

2035 4029 2144 4086 tur,
2181 4029 2236 4074 et
2267 4019 2599 4074 dementiam
2636 4019 2844 4075 indicat
2871 4036 3142 4076 summam
3173 4031 3339 4094 atque
3369 4027 3620 4082 omnium

2033 4111 2386 4166 damnatione
2415 4109 2818 4182 dignissimam.
2851 4111 3059 4168 Idcirco
3096 4113 3174 4168 ait
3201 4132 3214 4168 :
3249 4133 3268 4165 ι
3307 4114 3422 4170 lloc
3451 4117 3621 4172 etiam

2031 4203 2248 4258 vanitas
2286 4209 2404 4268 est,
2445 4220 2464 4254 ι
2513 4209 2839 4256 consuetum
2895 4217 3170 4272 usurpans
3215 4203 3420 4258 dictum
3446 4245 3462 4270 ,
3505 4222 3625 4276 quo

2032 4293 2166 4348 talia
2217 4291 2568 4362 improbaret.
2601 4289 2835 4361 Jamque
2863 4291 3151 4363 objurgata
3175 4295 3620 4366 reprehensaque

347 4383 606 4453 τοιαύτην
621 4383 1011 4456 κατακερτομή
1019 4400 1118 4448 σας
1133 4384 1230 4438 καὶ
1248 4383 1628 4455 κατακωμῳδή
1637 4401 1736 4447 σας
1757 4385 1926 4439 ἀκατ·

2035 4383 2390 4454 perversione
2419 4380 2690 4451 ejusmodi
2722 4381 2960 4435 absurda
2981 4389 3146 4450 atque
3162 4393 3514 4452 praepostera,
3547 4385 3621 4440 ad

349 4473 581 4544 άλληλον
623 4474 993 4544 ἀντιστροφὴν
1032 4473 1128 4526 καὶ
1173 4471 1509 4543 παράλογον,
1543 4473 1806 4538 ὡσαύτως
1838 4475 1932 4528 ἐπὶ

342 4565 448 4635 τὴν
478 4563 612 4634 εὐθῆ
639 4563 800 4628 δόξαν
828 4563 940 4617 τῶν
969 4565 1029 4618 ἐν
1055 4562 1136 4633 τῷ
1159 4563 1260 4633 βίῳ
1286 4563 1718 4634 πολιτευομένων
1750 4581 1932 4637 πραγ-

349 4656 537 4726 μάτων
587 4653 870 4726 ἐχώρησεν
897 4693 912 4719 ,
940 4655 1018 4718 ὡς
1072 4655 1174 4726 τῆς
1221 4655 1665 4728 διεστραμμένης
1701 4656 1931 4730 γνώμης

347 4749 443 4813 καὶ
479 4745 930 4818 πονηροπραξίας
983 4745 1282 4817 ἀμέτοχοι,
1330 4749 1427 4803 καὶ
1475 4751 1764 4821 κρείττους
1789 4751 1930 4804 ἀπο-

343 4837 671 4908 φανθέντες,
701 4837 802 4904 τὰς
846 4838 1070 4910 ἀληθεῖς
1121 4839 1424 4912 ὑπολήψεις
1469 4842 1569 4896 καὶ
1619 4842 1721 4907 τὰς
1750 4842 1930 4908 εὐθεῖς

351 4929 502 4995 δόξας
531 4930 624 4984 ἐπὶ
659 4933 775 4994 τοῖς
813 4929 1042 5000 ἀγαθοῖς
1063 4931 1158 4984 καὶ
1183 4931 1464 4986 θεοσεϐέσι
1489 4933 1585 4986 καὶ
1615 4934 1929 4998 σπουδαίοις

346 5020 680 5093 ἀνθρώποις,
709 5023 808 5077 καὶ
847 5021 912 5076 τὸ
939 5021 1177 5093 ἔμπαλιν
1223 5025 1340 5087 τοῖς
1379 5023 1604 5078 ἀσεϐέσι
1637 5025 1732 5079 καὶ
1758 5042 1927 5096 πονη-

350 5112 464 5184 ροῖς
487 5111 584 5166 καὶ
607 5111 833 5179 φαύλοις
857 5111 1184 5182 διαφυλάξαι
1232 5112 1624 5184 σπουδάσωμεν
1650 5129 1666 5146 ο
1695 5115 1786 5169 ίνα
1827 5131 1927 5168 πε·-

420 5247 534 5322 (22)
569 5249 688 5322 Alia
705 5259 788 5322 est
807 5249 1124 5322 Hieronymi
1172 5251 1599 5321 interpretatioft
1611 5251 1728 5306 Non
1753 5252 1921 5318 enim,

345 5320 544 5394 inquit,
594 5320 670 5386 hi,
697 5321 792 5390 qui
810 5321 994 5394 multo
1017 5320 1289 5394 tempore
1319 5320 1554 5394 ’vivunt,
1598 5322 1926 5394 prolongant

346 5390 466 5446 dies
530 5405 695 5457 suos;
731 5391 825 5446 sed
870 5392 964 5460 qui
1007 5390 1242 5462 grandes
1287 5407 1382 5462 eos
1421 5390 1630 5448 faciunt
1653 5390 1922 5448 bonorum

346 5475 576 5530 operum
611 5463 983 5534 magnitudine
997 5460 1031 5534 γε’
1057 5463 1202 5534 unde
1249 5471 1304 5516 et
1324 5460 1500 5534 Jacob
1526 5463 1684 5534 quasi
1711 5479 1770 5518 se
1798 5479 1924 5534 peci

346 5540 590 5587 calorem
635 5531 902 5588 conﬁtens
955 5533 1124 5588 dicit:
1167 5531 1333 5586 Parvi
1379 5543 1427 5586 et
1470 5531 1604 5586 mali
1655 5534 1769 5587 dies
1799 5531 1923 5586 'ntei

346 5597 504 5679 (Gen.
548 5601 822 5679 κινυρὴ
864 5613 922 5656 et
955 5603 1027 5679 ‘in
1065 5600 1284 5679 Psalmo
1329 5604 1618 5679 conﬁtens,
1655 5603 1924 5679 Dies,_in-

345 5671 486 5740 quit,
537 5673 639 5724 mei
687 5673 823 5742 sicut
854 5674 1041 5742 umbra
1068 5673 1343 5742 inclinati
1386 5685 1530 5733 sunt,
1562 5684 1612 5726 et
1652 5689 1745 5742 ego
1785 5671 1923 5726 sicut

347 5739 528 5802 fenum
557 5742 678 5796 arui
715 5739 891 5814 (Ρδαι.
919 5757 994 5810 αι,
1021 5741 1146 5812 12);
1177 5758 1284 5798 non
1313 5743 1460 5814 quod
1510 5739 1727 5814 longam
1758 5744 1924 5800 vitam

2035 4491 2220 4532 rerum
2267 4474 2457 4530 itidem
2487 4513 2502 4538 ,
2537 4488 2660 4544 quae
2705 4472 2762 4527 in
2799 4473 2904 4528 hac
2931 4473 3046 4528 vita
3081 4484 3372 4544 geruntur,
3407 4485 3620 4531 rectam

2033 4564 2498 4622 existimationem
2528 4563 2768 4628 devenit,
2803 4578 2914 4633 quo
2946 4563 3088 4620 male
3120 4565 3392 4620 sentiendi
3420 4581 3612 4636 prate-

2031 4672 2140 4728 que
2184 4657 2384 4728 agendi
2437 4653 2716 4710 licentiam
2778 4654 2982 4723 perosi,
3021 4662 3076 4709 et
3113 4654 3419 4724 potioribus
3446 4656 3614 4713 rebus

2033 4746 2257 4812 addicti,
2299 4761 2408 4802 non
2445 4746 2628 4801 minus
2657 4745 2723 4799 de
2739 4744 2898 4800 bonis
2921 4753 2974 4798 et
3001 4745 3105 4815 piis
3130 4746 3485 4817 honestisque
3509 4748 3613 4804 ho-

2036 4839 2300 4906 minibus,
2325 4853 2492 4910 quam
2518 4836 2586 4893 de
2613 4837 2801 4907 impiis
2845 4847 2899 4892 et
2931 4838 3090 4894 malis
3123 4839 3499 4910 improbisque
3520 4857 3616 4914 ve-

2033 4945 2124 4986 ras
2151 4929 2454 4986 sententias
2484 4937 2540 4985 et
2569 4937 2747 4985 rectas
2775 4929 3062 4999 opiniones
3088 4931 3228 4984 tueri
3254 4930 3614 4988 studeamus:

2033 5029 2096 5076 ut
2123 5019 2360 5092 quisque
2387 5030 2640 5076 nostrum
2674 5019 2863 5076 fidenti
2905 5021 3094 5074 animo
3155 5019 3323 5076 Deum
3368 5021 3616 5078 universi

2034 5128 2160 5170 cum
2183 5111 2390 5168 Davide
2421 5112 2687 5184 propheta
2736 5111 3049 5182 alloquatur
3075 5119 3130 5166 et
3147 5111 3294 5169 dicat
3317 5131 3336 5181 ς
3372 5131 3391 5166 ι
3433 5114 3614 5171 Parti-

2031 5249 2311 5320 quaesierit
2344 5249 2398 5304 in
2433 5249 2710 5319 praesenti,
2740 5248 2794 5320 in
2824 5263 2933 5318 quo
2961 5262 3143 5320 omne,
3180 5247 3325 5318 quod
3353 5248 3616 5311 vivimus,

2032 5317 2196 5376 breve
2223 5331 2276 5375 et
2301 5317 2497 5374 umbra
2524 5331 2608 5390 est
2651 5328 2706 5374 et
2742 5317 2924 5390 imago
2951 5317 3065 5390 ειη
3097 5317 3328 5388 imagine
3347 5321 3487 5390 enim
3523 5335 3616 5390 pe-

2032 5390 2303 5444 rambulat
2356 5391 2508 5444 homo
2540 5389 2657 5458 (Ps.
2686 5387 2915 5454 xxxviii,
2951 5387 3002 5458 7)
3031 5405 3046 5453 ;
3081 5391 3175 5444 sed
3211 5387 3365 5458 quod
3423 5388 3493 5442 de
3523 5387 3613 5443 t‘n-

2029 5470 2156 5516 turo
2188 5462 2401 5532 timeat,
2436 5475 2503 5514 ne
2526 5457 2810 5532 longitudo
2834 5461 2959 5516 vitae
2984 5457 3200 5530 ipsius,
3233 5457 3326 5514 ubi
3373 5471 3499 5512 vera
3531 5465 3616 5512 cst

2031 5533 2160 5586 vita.
2186 5531 2482 5586 brevietur.
2521 5551 2539 5582 ι

2101 5601 2215 5671 (25)
2254 5602 2411 5674 Apud
2460 5599 2606 5654 LXX
2661 5603 2876 5674 leges...
2916 5599 3197 5674 ’Ότι-εἰσὶ
3244 5597 3469 5674 δίκαιοι,
3529 5597 3616 5674 ὅτι

2036 5666 2376 5747 φθάνειῌὲᾒ
2433 5666 2743 5747 αὐτοὺςιρῖ
2763 5673 2980 5747 Qlymp.
3038 5671 3164 5726 Ὅτι
3233 5669 3428 5747 φθάνει
3473 5666 3616 5740 πρὸς

2034 5740 2339 5807 αὑτοῦς¹ὼς
2368 5741 2582 5814 ποίημα
2611 5745 2718 5799 τῶν
2751 5740 2996 5798 ἀδίκων..
