4076 6310
495 378 514 447 l
527 379 629 448 059

1587 363 1644 426 s.
1683 357 2061 426 GREGOBII
2101 349 2610 420 AGRIGENTINI
2706 427 2710 430 ,

3603 343 3742 414 uno

490 512 619 567 ceps
639 508 740 566 ego
765 503 885 546 sum
905 483 1148 542 omnium
1172 479 1476 537 timentium
1495 490 1547 534 te
1561 488 1615 532 et
1637 474 2062 532 custodientium

2178 465 2671 540 παρῤησιασμένως
2694 462 2926 567 nemo;
2965 461 3122 534 ἡμῶν
3151 457 3284 532 λέγῃ
3318 459 3456 530 μετά
3483 459 3582 514 τοῦ
3611 477 3743 532 προ-

493 565 743 644 ιηειιὰεια
775 592 868 636 tua
898 577 983 645 ";
1017 597 1036 628 ι
1076 584 1130 629 et
1170 587 1425 628 rursum:
1457 589 1476 621 ι
1519 569 1649 624 Mihi
1687 575 1868 621 autem
1893 565 2058 619 nimis

492 672 834 733 honoriiicati
859 678 984 725 sunt
1013 664 1172 720 amici
1204 666 1306 726 tui,
1331 661 1492 723 Deus,
1523 657 1680 712 valde
1703 655 2059 711 conﬁrmatus

489 776 576 822 est
643 761 981 834 principatus
1047 770 1236 810 eorum
1281 751 1386 807 7P.»
1430 749 1608 818 Atque
1659 764 1689 802 e
1739 744 2054 801 contrario:

367 903 374 912 .
489 857 708 918 «Nonne
740 855 984 911 odientes
1029 860 1103 914 te,
1135 846 1380 907 Domine,
1439 843 1566 898 odio
1622 839 1786 896 habui
1812 847 1866 891 et
1897 849 2060 906 super

493 952 742 1006 inimicos
773 957 894 1001 tuos
954 941 1293 996 tabescebam
1329 935 1412 990 7’?
1443 954 1462 987 ›
1497 935 1680 1003 itaque
1739 929 1890 1000 regni
1941 940 2059 982 eos-

493 1041 642 1098 lestis
672 1038 1041 1095 hereditatem
1079 1031 1342 1086 adeamus
1394 1043 1518 1082 cum
1551 1026 1669 1094 ipso
1697 1023 1918 1078 Christo
1949 1019 2060 1075 Deo

493 1143 704 1200 nostro,
735 1133 821 1188 cui
853 1129 1026 1198 gloria
1061 1137 1116 1182 et
1172 1123 1460 1191 imperium
1513 1135 1638 1175 cum
1689 1116 2062 1184 omnipotente

492 1227 653 1282 Patre
701 1233 756 1279 et
805 1231 996 1278 sancto
1027 1220 1282 1286 bonoque
1330 1215 1561 1281 vitaeque
1579 1216 1804 1265 auctore
1828 1206 2058 1276 Spiritu,

495 1298 640 1376 nunc
690 1323 745 1372 et
787 1328 1001 1383 semper
1022 1321 1076 1366 et
1107 1310 1162 1366 in
1203 1313 1456 1379 perpetua
1489 1301 1689 1358 saecula
1712 1299 2062 1356 saeculorum.

494 1415 686 1491 Amen.

2167 560 2340 629 φήτου
2381 555 2547 609 Δαϐὶδ
2586 555 2722 626 πρὸς
2763 551 2866 608 tW
2897 553 3006 608 τῶν
3043 554 3181 607 ὅλων
3221 551 3356 606 θεόν
3382 568 3396 583 ο
3431 569 3451 604 ι
3492 551 3741 622 Μέτοχος

2165 649 2278 718 ἐγώ
2313 649 2428 718 ειμι
2457 649 2675 702 πάντων
2700 647 2809 700 τῶν
2835 645 3183 716 φοϐουμένων
3208 661 3268 696 σε
3293 642 3516 696 καὶτῶν
3537 641 3743 710 φυλασ-

2170 741 2373 794 σόντων
2423 738 2524 802 τάς
2579 737 2801 800 ἐντολάς
2839 753 2956 790 σου.
2999 753 3019 788 s
3057 735 3168 788 Kal
3199 734 3362 788 πάλιν
3385 747 3400 762 ⁸
3437 750 3458 784 ι
3505 731 3663 800 Ἐμοὶ
3683 729 3745 785 δὲ

2167 830 2288 884 λῑαν
2333 828 2674 901 ἐτιμήθησαν
2705 827 2757 880 οἱ
2796 827 2938 896 φίλοι
2987 841 3105 888 σου,
3145 826 3175 878 ὁ
3209 823 3365 890 Θεὸς,
3397 821 3521 876 λίαν
3568 823 3744 891 ἐκρα-

2167 919 2484 991 ταιὼθησαν
2513 920 2567 974 αἱ
2589 919 2757 990 ἀρχαὶ
2778 917 2980 972 αὐτῶν.
3010 935 3028 970 ι
3059 915 3166 971 Kal
3181 915 3244 970 τὸ
3268 905 3506 984 ἔμπαλιν
3535 931 3550 944 ο
3587 933 3605 966 ι
3633 913 3746 967 Οὖ-

2167 1015 2224 1084 χὶ
2254 1013 2385 1076 τοὺς
2415 1009 2710 1081 μισοῦντας
2747 1026 2828 1073 σε,
2860 1008 3056 1080 Κύριε,
3081 1008 3341 1079 ἐμίσησα,
3366 1004 3462 1060 καὶ
3495 1003 3591 1058 ἐπὶ
3613 1006 3748 1068 τοὺς

2169 1103 2396 1175 ἐχθρούς
2445 1119 2539 1157 σου
2586 1101 2966 1172 ὲξετηκόμην;
3006 1119 3024 1152 ι
3060 1099 3172 1153 Kal
3213 1099 3316 1169 τὴν
3362 1097 3471 1152 τῶν
3499 1095 3748 1167 οὐρανῶν

2172 1195 2450 1267 βασιλείαν
2479 1192 2981 1262 κληρονομήσωμεν
3000 1192 3060 1244 ὲν
3089 1189 3238 1260 αὐτῷ
3269 1186 3491 1262 Χριστῷ
3518 1187 3596 1256 τῷ
3624 1185 3748 1255 Θεῷ

2169 1286 2350 1358 ἡμῶν,
2382 1279 2428 1352 ᾧ
2466 1283 2653 1355 ήδόξα
2700 1285 2797 1336 καὶ
2843 1281 2905 1335 τὺ
2942 1283 3144 1353 κράτος
3191 1281 3289 1334 σὺν
3320 1279 3399 1349 τῷ
3431 1277 3750 1346 παντοκρά-

2168 1393 2289 1446 τορι
2356 1374 2535 1446 Πατρὶ
2565 1374 2659 1429 καὶ
2690 1372 2769 1442 τῷ
2824 1373 3078 1442 παναγίῳ
3123 1372 3219 1425 καὶ
3255 1368 3448 1440 ἀγαθῷ
3487 1369 3584 1422 καὶ
3607 1366 3751 1430 ζωο-

2171 1466 2312 1537 ποιῷ
2345 1464 2627 1536 Πνεύματι
2675 1464 2769 1518 νῦν
2802 1465 2898 1518 καὶ
2922 1464 3012 1518 ἀεὶ
3037 1462 3133 1518 καὶ
3161 1463 3243 1527 εἰς
3286 1463 3416 1527 τοὺς
3455 1458 3753 1532 ἀτελευτή-

2173 1576 2299 1623 τους
2330 1559 2537 1622 αἰῶνας
2561 1557 2671 1612 τῶν
2712 1555 2950 1614 αἰώνων.
2995 1557 3192 1628 ’Δμήν.

570 1696 616 1732 ’τ
645 1694 1014 1755 Psal.cxvm,
1053 1691 1144 1744 65.
1219 1687 1264 1720 ⁷⁸
1296 1685 1444 1740 Psal.
1497 1694 1774 1746 cxxxvm,
1827 1676 1916 1734 17.
1990 1676 2039 1710 ’⁸
2083 1676 2223 1736 ibid.
2280 1677 2371 1732 2i.

506 1879 1868 1914 _______________._._.____

1671 2033 2038 2122 ΛΟΓΟΣ
2111 2027 2578 2119 ΟΓΔΟΟΣ.

1611 2396 1969 2485 LIBER
2065 2392 2640 2486 OCTAVUS.

1977 2727 2142 2800 214
2174 2725 2200 2800 §
2230 2726 2269 2782 ⁸ο

571 2847 730 2904 Vera.
763 2845 948 2902 15-17.
979 2841 1052 2899 Et
1099 2842 1316 2898 laudaui
1370 2859 1464 2913 ego
1493 2841 1760 2907 la'tiliam,
1811 2841 1938 2912 quia
1967 2859 2072 2898 non

2245 2843 2356 2896 Kal
2404 2841 2676 2910 ἐπῄνεσα
2727 2834 2842 2907 ἐγὼ
2867 2835 2990 2892 σὺν
3033 2832 3151 2902 τὴν
3197 2830 3593 2904 εὐφροσύνην
3610 2871 3626 2897 ,
3662 2834 3745 2888 ὃτι

503 2950 581 2999 est
605 2941 798 2998 bonum
841 2937 1044 2994 homini
1094 2935 1190 2994 sub
1230 2937 1359 3003 sole,
1402 2935 1506 2988 nisi
1533 2934 1800 2989 comedere
1821 2943 1872 2988 et
1911 2935 2075 2989 bibere

2178 2937 2284 2990 οὐκ
2315 2935 2488 2988 ἐστιν
2515 2929 2741 3000 ἀγαθὸν
2763 2927 2844 2994 τῷ
2875 2927 3166 2996 ἀνθρώπῳ
3187 2925 3307 2982 ὑπὸ
3339 2925 3450 2980 τὸν
3474 2924 3674 2993 ἥλιον,
3692 2926 3748 2978 ει

503 3042 554 3086 et
581 3030 776 3085 lwlari.
813 3027 891 3083 Et,
931 3029 1101 3098 ipsum
1158 3027 1321 3080 simul
1381 3025 1549 3079 aderit
1595 3027 1642 3078 ei
1675 3024 1728 3078 in
1761 3023 1940 3078 labore
1963 3025 2075 3094 ejus

2178 3023 2254 3094 μὴ
2285 3023 2354 3078 τὸ
2383 3020 2598 3092 φαγεῖν
2629 3019 2727 3076 καὶ
2757 3019 2824 3074 τὸ
2852 3018 3034 3083 πιεῖν,
3073 3017 3174 3072 καὶ
3209 3016 3276 3071 τὸ
3299 3014 3710 3086 εὐφρανθῆναι
3729 3029 3747 3046 ο

503 3139 597 3194 per
628 3123 738 3176 dies
761 3121 882 3175 vita:
907 3119 1099 3189 ipsius,
1124 3133 1253 3187 quos
1284 3116 1428 3170 dedit
1456 3117 1503 3170 ei
1547 3115 1686 3169 Deus
1723 3115 1818 3168 sub
1857 3114 1984 3169 sole.
2012 3111 2075 3168 In

2178 3115 2276 3169 καὶ
2329 3113 2479 3168 αὐτὸ
2529 3111 2992 3183 συμπροσέσται
3041 3107 3203 3175 αὐτῷ
3230 3108 3302 3162 ὲν
3330 3108 3538 3178 μόχθῳ
3561 3103 3751 3162 αὐτοῦ

505 3209 694 3278 quibus
739 3207 860 3263 dedi
885 3224 976 3261 cor
1007 3221 1199 3270 meum,
1228 3215 1284 3258 ut
1341 3219 1706 3274 cognoscerem
1739 3204 2078 3273 sapientiam,

503 3311 553 3356 et
576 3301 802 3356 uiderem
837 3297 1230 3360 distensionem,
1269 3312 1386 3366 qua:
1410 3295 1552 3365 facta
1577 3305 1652 3350 est
1683 3313 1840 3366 super
1855 3308 2072 3362 terram,

504 3393 632 3461 quia
655 3399 705 3444 et
731 3391 786 3443 in
815 3389 898 3443 die
929 3398 979 3444 et
1008 3388 1066 3442 in
1113 3396 1260 3440 nocte
1304 3403 1545 3440 somnum
1583 3387 1750 3442 oculis
1809 3389 1920 3444 suis
1970 3403 2076 3441 non

504 3491 582 3536 est
609 3479 806 3534 videns.
829 3477 918 3532 -Ει
947 3477 1056 3531 vidi
1075 3477 1252 3530 omnia
1273 3491 1430 3544 opera
1466 3477 1582 3541 Dei,
1603 3477 1731 3546 quia
1759 3493 1861 3532 non
1883 3469 2074 3547 poterit

506 3572 660 3626 homo
682 3570 912 3626 invenire
943 3584 1096 3638 opus,
1129 3567 1266 3636 quod
1300 3567 1500 3636 factum
1529 3580 1604 3623 est
1628 3569 1722 3624 sub
1744 3569 1874 3624 sole.
1912 3567 2074 3634 Quie-

505 3678 707 3732 cunque
754 3659 1015 3714 laborabit
1079 3658 1233 3711 homo
1276 3674 1541 3728 quaerere,
1581 3668 1632 3713 et
1681 3676 1785 3714 non
1831 3659 2074 3713 inveniet.

510 3749 690 3804 Etiam
721 3765 1041 3820 quacunque
1092 3747 1288 3807 digerit
1314 3750 1522 3818 sapiens
1554 3765 1608 3804 se
1644 3766 1815 3816 nosse,
1847 3767 1951 3804 nou
1978 3767 2077 3820 po-

508 3844 630 3897 terit
661 3843 912 3896 invenire.
965 3840 1144 3904 Quare
1189 3856 1340 3894 omne
1365 3841 1460 3894 hoc
1499 3840 1621 3894 dedi
1662 3842 1718 3895 in
1746 3841 1900 3895 corde
1931 3857 2078 3906 meo;

507 3943 878 3994 etcorlmeum
935 3931 1068 3986 vidit
1122 3921 1275 3983 omne
1295 3929 1714 3998 hoc:quomodo
1739 3930 1878 3999 justi
1920 3939 1970 3984 et
1995 3946 2083 3984 sa-

508 4024 702 4092 pientes
741 4029 790 4075 et
823 4020 968 4091 facta
987 4035 1171 4074 eorum
1195 4035 1378 4072 coram
1419 4019 1524 4072 Deo
1557 4019 1692 4090 (24).

2177 3206 2407 3276 ἡμέρας
2435 3203 2584 3272 ζωῆς
2615 3200 2846 3268 aurai),-
2868 3201 2942 3270 ἀς
2963 3203 3189 3257 ἔδωκεν
3211 3198 3372 3265 αὐτῷ
3397 3201 3430 3254 ό
3455 3198 3600 3265 Θεὸς
3627 3197 3747 3253 ὑπὸ

2179 3299 2286 3351 τὸν
2317 3297 2512 3364 ἥλιον.
2545 3295 2646 3348 Ἐν
2699 3290 2790 3360 οἷς
2843 3291 3036 3346 ἔδωκα
3065 3289 3182 3356 τὴν
3222 3288 3477 3358 καρδίαν
3495 3304 3627 3358 μου·
3642 3283 3750 3341 τοῦ

2180 3387 2402 3459 γνῶναι
2441 3385 2558 3454 τὴν
2603 3385 2830 3456 σοφίαν
2850 3426 2866 3450 ,
2899 3383 2997 3438 καὶ
3016 3383 3121 3438 τοῦ
3144 3382 3295 3436 ιδεῖν
3325 3381 3434 3436 τὸν
3461 3394 3752 3450 περισπα-

2181 3479 2343 3548 σμύν
2377 3478 2485 3532 τὸν
2532 3476 2940 3546 πεποιημένον
2987 3475 3085 3529 ἐπὶ
3143 3473 3256 3542 τῆς
3288 3471 3421 3544 τῆς,
3447 3473 3539 3526 ὅτι
3563 3471 3658 3526 καὶ
3680 3471 3752 3524 ἐν

2180 3569 2370 3640 ἡμέρᾳ
2397 3568 2495 3623 καὶ
2539 3568 2610 3622 έν
2655 3567 2837 3622 νυκτὶ
2889 3565 3089 3620 ὕπνον
3111 3566 3182 3620 ὲν
3205 3563 3534 3634 ὀφθαλμοῖς
3563 3562 3754 3617 αὐτοῦ

2179 3641 2293 3716 0an
2315 3661 2453 3714 ἐστι
2483 3657 2756 3724 βλέπων.
2785 3658 2892 3713 Kal
2934 3653 3102 3710 εἶδον
3132 3656 3458 3724 σύμπαντα
3479 3652 3552 3707 τὰ
3579 3651 3754 3716 ποιή-

2175 3769 2333 3823 ματα
2349 3750 2457 3806 τοῦ
2485 3751 2656 3816 Θεοῦ,
2685 3749 2777 3804 ὅτι
2831 3751 2905 3804 οὐ
2955 3747 3286 3814 δυνήσεται
3320 3746 3632 3814 ἅνθρωπος
3650 3747 3754 3798 εὑ-

2171 3842 2309 3912 ρεῖν
2367 3841 2492 3896 σὺν
2551 3841 2618 3894 τὸ
2667 3840 2890 3908 ποίημα
2938 3839 3004 3892 τὸ
3051 3837 3460 3906 πεποιημένον
3486 3833 3607 3890 ὑπὸ
3645 3832 3757 3886 τὸν

2175 3933 2360 4002 ’ἥλιον
2385 3953 2395 3964 ·
2421 3933 2538 3986 ὅσα
2563 3931 2640 3986 ἂν
2657 3930 2940 4000 μοχθήσῃ
2973 3929 3282 3998 ἄνθρωπος
3326 3927 3434 3982 τοῦ
3477 3924 3766 3994 ζητῆσαι,

2184 4024 2285 4078 καὶ
2317 4025 2428 4092 οὺχ
2454 4021 2710 4091 εὐρήσῃ.
2747 4025 2863 4078 Καί
2899 4037 2966 4092 τε
2997 4021 3114 4076 ὅσα
3140 4019 3217 4074 ἂν
3244 4019 3384 4087 εἴπῃ
3417 4017 3610 4087 σοφὸς
3646 4017 3756 4070 τοῦ

507 4113 750 4186 γνῶναι,
787 4115 860 4169 οὐ
893 4112 1224 4178 δυνήσεται
1269 4113 1374 4166 τοῦ
1427 4111 1626 4180 εὑρεῖν
1651 4128 1664 4142 ·
1695 4112 1786 4166 ὅτι
1826 4114 2079 4182 σύμπαν
2115 4116 2292 4171 τοῦτο
2329 4117 2523 4170 ἔδωκα
2549 4118 2634 4181 εις
2669 4113 2944 4183 ’καρδίαν
2971 4130 3116 4180 μου,
3145 4110 3246 4166 καὶ
3269 4109 3484 4179 καρδία
3503 4095 3760 4180 μωεῖἶε

510 4207 760 4276 σύμπαν
815 4205 993 4260 τοῦτο
1016 4221 1029 4234 ο
1056 4204 1137 4268 ὡς
1181 4206 1238 4256 οἱ
1285 4203 1503 4258 δίκαιοι
1545 4206 1644 4259 καὶ
1673 4208 1728 4260 οἱ
1764 4207 1944 4276 σοφοὶ
1977 4207 2078 4262 καὶ
2119 4211 2179 4263 αἱ
2212 4208 2487 4278 ἐργασίαι
2521 4205 2720 4262 αὐτῶν
2735 4204 3004 4260 ἐνώπιον.
3022 4205 3130 4259 τοῦ
3159 4203 3329 4258 Θεοῦ.

581 4301 876 4369 Postquam
919 4300 1108 4367 reiecit
1165 4307 1548 4370 praeposteram
1581 4309 1636 4355 et
1674 4301 1966 4355 absurdam
1993 4301 2075 4372 ju-

2252 4302 2364 4372 Τὴν
2389 4301 2760 4372 ἀκατάλληλον
2797 4301 2893 4355 καὶ
2911 4299 3224 4370 παράλογον
3250 4297 3618 4368 ἀντιστροφὴν
3658 4297 3760 4365 τῆς

511 4393 643 4448 dicii
697 4391 1105 4461 perversionem
1144 4390 1211 4444 de
1246 4389 1513 4456 utrisque,
1545 4395 1656 4442 tam
1686 4390 1844 4446 bonis
1873 4392 2084 4447 scilicet

409 4526 416 4534 .
513 4496 580 4536 ac
616 4479 740 4550 piis,
773 4494 936 4548 quam
986 4476 1169 4545 impiis
1194 4491 1258 4530 ac
1309 4477 1500 4544 malis;
1530 4487 1692 4546 atque
1717 4479 1900 4534 itidem
1932 4496 2082 4536 com-

514 4568 845 4623 mutationes
874 4566 1352 4634 traductiouesque
1378 4568 1911 4631 remunerationum,
1946 4585 2083 4638 quas

514 4659 709 4714 horum
741 4659 977 4726 ipsorum
1015 4671 1177 4711 causa
1200 4671 1264 4711 ex
1295 4657 1638 4712 convenienti
1685 4668 1740 4714 et
1763 4659 1914 4729 justo
1934 4660 2084 4730 judi-

515 4751 602 4805 cio
623 4750 828 4804 dandas
848 4763 991 4812 esse,
1027 4747 1284 4803 cordatus
1314 4749 1543 4818 quisque
1563 4757 1617 4805 et
1638 4750 1900 4806 honestus
1921 4752 2083 4808 homo

516 4839 746 4908 sentiat;
769 4841 966 4909 quippe
987 4853 1108 4908 qua:
1133 4849 1325 4894 contra
1346 4839 1442 4894 Dei
1473 4840 1749 4895 decretum
1767 4841 2087 4913 iustamque

516 4933 844 4988 sententiain
885 4932 1120 4988 inductae
1173 4939 1333 4999 sunt;
1388 4947 1454 4988 ac
1507 4943 1796 5005 postquam
1836 4938 1972 4992 nihil
2028 4938 2084 4994 in

517 5023 804 5092 impiorum
856 5038 921 5078 ac
965 5023 1499 5093 dementium,quOs
1553 5027 1781 5092 notavit,
1806 5029 2084 5084 hominum

518 5113 716 5168 studiis
746 5113 970 5184 dignum
1003 5113 1183 5169 inesse
1212 5114 1687 5171 commendatione
1723 5116 1966 5184 invenit;
1991 5133 2088 5186 per

517 5203 910 5274 appositionem
928 5204 1502 5274 comparationemque
1520 5221 1642 5261 cum
1665 5206 1891 5277 reliquis
1908 5209 2087 5262 omni-

517 5295 619 5351 bus
647 5309 832 5350 eorum
851 5293 1010 5349 factis
1022 5295 1216 5366 impiis
1231 5295 1586 5368 etﬂagitiosis
1608 5297 1900 5354 adlaudem
1923 5299 2085 5370 215

517 5388 717 5445 transit
743 5387 1083 5443 humanioris
1111 5391 1425 5444 eorumdetn
1449 5389 1648 5444 laetitiae
1667 5428 1684 5454 ,
1713 5405 1874 5460 quam
1901 5391 2004 5445 sibi
2034 5391 2086 5446 in

517 5480 729 5538 edendo
751 5479 1095 5550 bibendoque
1119 5481 1498 5548 constituunt;
1534 5488 1590 5535 et
1635 5482 1853 5537 unicum
1898 5482 2086 5537 talium

593 5674 706 5744 (24)
733 5674 802 5730 At
831 5674 973 5746 LXX,
1001 5675 1283 5746 habent”,
1305 5673 1440 5746 ’Υπδ
1471 5673 1562 5746 τὸν
1595 5674 1766 5746 ἥλιον,
1796 5675 1878 5728 ὅτι
1923 5676 1972 5728 εἰ
2009 5674 2084 5746 μὴ

523 5748 716 5816 φαγεῖν
769 5747 863 5800 καὶ
891 5745 985 5799 τοῦ
1015 5749 1156 5802 πιεῖν
1204 5745 1298 5800 καὶ
1348 5745 1443 5800 τοῦ
1475 5744 1956 5824 εὐφρανθῆναι.....
1985 5755 2039 5802 et
2068 5744 2081 5799 ἑ

2185 4393 2512 4463 ὑπολήψεως
2561 4391 2862 4461 ἑκατέρων,
2894 4391 3099 4461 δηλαδὴ
3139 4389 3250 4442 τῶν
3278 4388 3500 4458 ἀγαθῶν
3529 4387 3760 4443 καὶτῶν

2183 4485 2449 4549 εὐσεϐῶν,
2481 4486 2578 4538 καὶ
2607 4484 2792 4554 μέντοι
2815 4481 2925 4536 τῶν
2945 4482 3161 4536 ἀσεϐῶν
3189 4481 3285 4535 καὶ
3317 4481 3428 4535 τῶν
3463 4479 3722 4551 πονηρῶν
3739 4493 3759 4512 δ

2182 4571 2442 4638 ὡσαύτως
2469 4573 2526 4628 δὲ
2558 4573 2652 4626 καὶ
2678 4573 2779 4636 τὰς
2829 4571 3147 4633 ἀλλοιώσεις
3177 4571 3269 4624 καὶ
3311 4569 3613 4641 μεταϐολὰς
3644 4569 3760 4622 τῶν

2184 4667 2273 4720 ἐπ’
2299 4667 2484 4731 αὐτοῖς
2519 4665 2728 4729 τούτοις
2753 4664 3116 4735 ὀφειλομένων
3138 4663 3462 4734 δοθήσεσθαι
3491 4661 3630 4732 μετά
3655 4663 3760 4730 τῆς

2185 4756 2930 4828 πρεπούσηςδικαιοκρισίας
2957 4755 3108 4826 παρά
3132 4755 3374 4822 λογικοῖς
3405 4752 3502 4806 καὶ
3530 4751 3761 4822 φιλοκάο

2185 4849 2298 4912 λοις
2319 4833 2634 4918 ’ἀνθρώποις
2655 4847 2753 4900 καὶ
2775 4849 3018 4910 συνετοῖς
3033 4845 3375 4910 ἀντιδόσεων,
3391 4842 3760 4912 ἐκφαυλίσας,

2186 4939 2263 5002 ὥς
2289 4938 2438 5009 παρὰ
2487 4939 2586 5009 τὴν
2613 4935 2709 4990 τοῦ
2740 4935 2877 4989 Θεοῦ
2909 4935 3089 5006 ψῆφον
3133 4933 3229 4988 xal
3257 4933 3354 5004 τὴν
3385 4932 3602 4986 δικαίαν
3631 4932 3762 5003 κρί-

2189 5046 2272 5083 σιν
2303 5027 2678 5098 γεγενημένας
2703 5043 2717 5058 ·
2746 5026 2842 5080 καὶ
2871 5025 3040 5096 μηδὲν
3071 5025 3222 5090 ἄξιον
3252 5023 3526 5094 ἀποδοχῆς
3549 5024 3608 5076 ἐν
3641 5025 3764 5086 τοῖς

2185 5118 2582 5190 ἐπιτηδεύμασι
2610 5115 2720 5172 τῶν
2766 5115 3328 5189 χαρακτηριζομὲνων
3353 5115 3612 5170 τοιούτων
3633 5115 3762 5170 δυσ-

2189 5211 2364 5264 σεϐῶν
2391 5207 2697 5280 ἀνθρώπων
2726 5208 2820 5262 καὶ
2852 5207 3230 5286 παραπλήγων
3279 5204 3459 5276 εὑρών
3482 5218 3498 5234 ⁶
3541 5208 3760 5276 πρόεισι

2188 5301 2331 5356 κατά
2389 5301 2696 5372 παράθεσιν
2739 5299 2836 5352 καὶ
2885 5297 3178 5370 σύγκρισιν
3204 5297 3314 5350 τῶν
3338 5298 3516 5353 ἄλλων
3536 5297 3762 5350 πάντων

2189 5390 2368 5446 αὐτῶν
2395 5389 2762 5460 ἀσεϐημάτων
2801 5387 2898 5442 καὶ
2936 5387 3460 5458 κακοπραγημάτων
3488 5388 3571 5450 εἰς
3595 5387 3763 5440 ἔπαι-

2189 5497 2280 5536 νον
2305 5481 2406 5542 τῖες
2457 5477 2954 5552 ἀνθρωπινωτέρας
2997 5476 3177 5532 αὐτῶν
3195 5463 3536 5548 εὐφροσύνης
3563 5475 3667 5546 τῆς
3698 5477 3761 5530 ὲν

2193 5677 2306 5732 Kal
2331 5677 2388 5730 al
2420 5677 2690 5748 ,ἐργασίαι
2715 5675 2895 5730 αὐτῶν
2922 5676 2980 5748 ἐν
3012 5673 3166 5748 χειρὶ
3196 5671 3290 5748 τοῦ
3322 5671 3483 5727 Θεοῦ.
3513 5671 3756 5743 Olymp.,

2191 5748 2301 5802 Kal
2330 5743 2568 5820 ἐπῄνεσα
2600 5747 2711 5818 ἐγὼ
2744 5748 2840 5800 σὺν
2872 5747 2938 5816 τῇ
2974 5743 3395 5815 εὐφροσύνῃ.....
