4076 6310
339 341 474 416 1361

1361 348 1444 411 IN
1483 345 2059 414 ECCLESIASTEN-
2099 375 2170 384 —
2200 349 2349 411 LIB.
2387 347 2554 412 VIII.

3479 347 3500 412 l
3513 342 3619 412 0'69

343 455 600 530 βρώμασι
628 452 723 508 καὶ
740 451 950 522 πόμασι
988 453 1548 524 κατασκευαζομένης
1591 455 1678 507 ἐπ’
1714 454 1923 520 αὐτοῖς,

2031 453 2313 509 hominum
2347 455 2548 510 bonum
2579 451 2830 525 designat
2871 467 2936 508 ac
2964 460 3204 522 separat,
3245 453 3374 524 quia
3409 454 3613 512 bonum

341 546 440 602 καλΙ
469 545 630 618 μόνον
662 543 941 616 ἀφορίζων
971 543 1068 598 καὶ
1101 543 1585 615 προσαποκληρῶν
1613 543 1724 597 τῶν
1745 544 1928 598 τοιού-

331 645 450 692 ’των
505 633 810 706 ἀνθρώπων
855 633 920 688 τὸ
961 633 1187 704 ἀγαθὸν,
1231 634 1306 696 ὡς
1335 634 1490 688 οὐδὲν
1513 633 1644 689 ἄλλο
1665 635 1927 705 δυνηθέν-

335 738 470 794 των,
502 728 537 800 ἢ
578 715 781 799 μᾶλλον
810 727 986 781 εἰπεῖν
1045 725 1424 798 βουληθέντων
1463 725 1772 796 κτήσασθαι
1822 743 1926 780 κα-

335 820 430 876 λὸν
453 821 598 876 κατά
619 821 714 875 τὸν
747 820 996 890 παρόντα
1021 819 1136 890 βίον
1159 836 1173 851 ·
1215 818 1330 872 ἀλλ’
1351 819 1475 874 οὐδὲ
1499 819 1635 889 πρὸς
1657 817 1758 890 τὴν
1793 817 1926 890 μέλ-

337 913 542 968 λουσαν
584 911 733 984 ζωὴν
768 912 955 976 αὐτοῖς
994 911 1355 983 εὑρεθήσεται
1401 911 1462 964 τὸ
1491 912 1778 982 παράπαν,
1808 908 1926 963 ἀλλ’

334 1004 370 1077 ἦ
409 1005 572 1076 μόνον
597 1005 632 1075 ἡ
671 1003 814 1058 κατὰ
833 1001 925 1077 τὸν
953 1002 1200 1072 παρόντα
1225 1001 1339 1072 βίον
1375 1001 1632 1072 εὐετηρία
1653 1001 1762 1072 ’καί
1783 1001 1925 1072 θυμ-

335 1075 464 1164 ηδία
507 1095 604 1148 καὶ
631 1093 824 1166 τέρψις
846 1075 1002 1162 ἠδιά
1038 1091 1142 1162 τῆς
1167 1091 1423 1162 βρώσεως
1441 1091 1536 1146 καὶ
1559 1091 1660 1162 τῆς
1689 1091 1920 1155 πόσεως.

333 1185 641 1256 Μονονουχὶ
687 1184 796 1254 γάρ
825 1201 1000 1256 φησι·
1057 1183 1286 1238 Πάντων
1341 1182 1767 1254 ἀπεστέρηνται,
1813 1182 1924 1235 τῶν

335 1275 560 1345 ἀγαθῶν
579 1275 676 1329 xui.
725 1277 870 1330 κατά
901 1276 1004 1348 τὴν
1031 1273 1320 1346 παροῦσαν
1345 1274 1492 1344 ζωὴν
1521 1274 1619 1328 καὶ
1647 1273 1792 1326 κατὰ
1821 1273 1922 1345 τὴν

337 1367 662 1439 μέλλουσαν,
694 1366 790 1422 ἀτε
834 1366 900 1438 δὴ
960 1368 1103 1438 σφᾶς
1158 1367 1358 1431 αὐτοὺς
1401 1365 1744 1436 αὐθαιρέτως
1786 1364 1923 1430 πρὸς

335 1460 520 1514 πᾶσαν
556 1457 744 1512 ἄδικον
796 1457 1000 1529 πρᾶξιν
1072 1459 1170 1512 καὶ
1219 1459 1378 1526 δόξαν
1436 1455 1775 1528 κατάλληλον
1825 1455 1924 1510 καὶ

333 1551 654 1623 παράλογον
677 1550 1087 1624 έπιρρίψαντες,
1111 1549 1188 1615 ὡς
1219 1551 1460 1620 εὐλόγως
1489 1549 1588 1604 καὶ
1616 1549 1924 1621 προσηκόν-

331 1643 712 1698 τωνάκοῦσαι
765 1641 862 1696 καὶ⁵
893 1641 967 1696 δι’
997 1643 1131 1696 αὐτὸ
1177 1643 1339 1696 τοῦτο
1397 1641 1552 1712 παρά
1606 1640 1709 1712 τῆς
1770 1639 1924 1706 θείας

334 1734 538 1809 βουλῆς
571 1735 670 1790 καὶ
716 1734 1144 1806 δικαιοκρισίας·
1183 1753 1204 1786 ‹
1245 1734 1580 1788 Ἀπελάϐετε
1626 1731 1696 1786 τὰ
1735 1731 1922 1800 ἀγαθά

332 1829 494 1900 ὑμῶν
519 1829 578 1882 ὲν
607 1831 674 1900 τῇ
705 1817 818 1901 ζ’ωῇ
843 1826 1020 1898 ὑμῶν,
1042 1828 1138 1882 καὶ
1158 1827 1248 1882 διὰ
1273 1826 1435 1881 τοῦτο
1461 1826 1556 1881 νῦν
1577 1827 1870 1883 ὀδυνᾶσθε.
1895 1846 1916 1879 ι

331 1923 548 1987 Ζῶντες
577 1921 688 1994 γὰρ
728 1923 835 1976 ὑπὸ
859 1921 956 1976 τὸν
979 1920 1243 1992 αίσθητδν
1265 1921 1444 1991 ἥλιον,
1469 1920 1566 1976 καὶ
1597 1922 1770 1993 μήπω
1817 1939 1922 1976 κα-

330 2003 634 2086 λυφθέντες
656 2015 763 2070 ὑπὸ
800 2014 903 2085 τῆς
927 2015 1054 2084 γῆς,
1085 2015 1349 2086 οὐδεμιᾶς
1379 2012 1654 2084 ἠξιώσατε
1699 2014 1923 2086 φροντί-

2029 545 2176 600 aliud
2211 547 2264 600 in
2297 546 2400 602 hac
2429 547 2542 602 vita
2581 546 2794 602 nullum
2828 545 3133 616 potuerint,
3160 560 3269 621 Isen
3303 547 3488 615 potius
3515 563 3618 603 nn-

2029 635 2228 692 luerint
2260 635 2615 708 comparare:
2655 639 2799 708 quod
2833 638 3054 709 quidem
3079 633 3142 693 'in
3163 637 3348 694 futura
3371 641 3482 696 vita
3513 643 3618 696 mi-

2029 731 2176 785 nime
2208 729 2316 785 illis
2335 741 2537 800 praesto
2567 731 2672 786 erit
2695 747 2710 797 ;
2733 741 2795 787 ut
2829 743 2959 800 tota,
2986 733 3110 786 dum
3132 734 3324 788 vivunt
3347 775 3362 801 ,
3384 733 3617 792 felicitas

2028 831 2216 871 eorum
2251 828 2306 872 et
2339 818 2535 882 lattitia
2569 831 2622 874 et
2649 819 2967 890 jucunditas
2989 821 3182 875 edendi
3206 829 3260 874 et
3281 821 3497 877 bibendi
3521 839 3618 878 vo-

2026 907 2236 977 luptate
2291 909 2708 979 circumscripta
2765 911 2858 966 sit.
2887 909 3048 967 Velut
3071 913 3118 969 si
3151 915 3395 970 diceret:
3427 913 3616 970 Omni-

2025 1000 2128 1057 bus
2150 1001 2310 1056 bonis
2347 1001 2424 1056 illi
2457 1016 2690 1057 caruere
2731 1011 2786 1058 et
2829 1005 3014 1074 quoad
3075 1014 3398 1074 praesentem
3424 1007 3612 1074 vitam,

2025 1103 2080 1149 et
2105 1095 2282 1162 quoad
2307 1092 2542 1150 futuram
2563 1112 2579 1162 ;
2602 1109 2724 1149 cum
2757 1097 2970 1166 seipsos
3009 1105 3202 1166 sponte
3233 1099 3286 1152 in
3320 1113 3484 1156 omne
3511 1099 3614 1156 ﬂa-

2024 1185 2216 1254 gitium
2253 1194 2418 1254 atque
2449 1186 2502 1240 in
2527 1188 2738 1242 similes
2761 1188 3028 1258 planeque
3045 1187 3310 1244 absurdas
3329 1191 3632 1260 Opiniones-

2023 1277 2380 1347 projecerint,
2419 1285 2477 1333 ut
2520 1279 2648 1348 jure
2693 1279 3001 1350 meritoque
3033 1281 3118 1334 vel
3147 1280 3218 1335 ob
3248 1281 3301 1336 id
3345 1283 3520 1351 ipsum
3558 1284 3612 1337 in

2025 1369 2209 1424 divino
2275 1369 2506 1426 consilio
2541 1371 2866 1441 judicioque
2917 1371 3158 1427 addituri
3207 1373 3350 1427 sint‘:
3386 1391 3404 1424 ι
3441 1373 3614 1428 Rece-

2024 1460 2184 1531 pistis
2212 1463 2352 1517 bona
2376 1475 2556 1518 vestra
2584 1464 2634 1518 in
2660 1464 2776 1519 vita
2809 1471 2992 1520 vestra
3022 1481 3034 1518 :
3065 1479 3130 1519 ac
3163 1475 3445 1534 propterea
3467 1481 3612 1520 nunc

2025 1553 2349 1609 cruciamiui
2384 1554 2521 1626 (25).
2553 1574 2573 1606 ι
2609 1554 2747 1610 Dum
2775 1557 2920 1612 enim
2957 1556 3058 1612 sub
3093 1557 3207 1612 sole
3238 1549 3334 1613 illo
3363 1569 3610 1628 aspecta-

2023 1645 2119 1702 bili
2147 1647 2317 1702 vitam
2348 1647 2646 1714 duceretis,
2702 1663 2805 1703 nec
2855 1663 2954 1705 vos
2985 1649 3289 1705 etiamnum
3329 1656 3476 1706 terra
3516 1651 3615 1706 ob-

2027 1737 2273 1808 tegisset,
2311 1737 2522 1792 nullam
2555 1739 2625 1794 de
2663 1753 2781 1794 aevo
2836 1737 3022 1795 futuro
3049 1755 3240 1796 curam
3267 1742 3610 1811 suscepistis.

2039 1829 2260 1886 Idcirco
2283 1843 2436 1884 nunc
2490 1829 2558 1886 ad
2596 1831 2703 1886 hoc
2758 1831 3032 1898 translati,
3065 1831 3388 1903 impietatis,
3426 1840 3486 1887 ut
3517 1848 3616 1903 par

2028 1929 2168 1988 erat,
2191 1929 2247 1976 et
2271 1921 2541 1978 scelerum
2571 1931 2876 1978 vestrorum
2897 1921 3104 1992 justam
3127 1925 3430 1980 mercedem
3458 1924 3614 1979 inve-

2026 2013 2210 2070 nistis.
2744 2039 2752 2046 -
2816 2054 2824 2061 .

329 2105 424 2172 δος
447 2107 580 2178 περὶ
615 2103 713 2160 τοῦ
751 2105 1040 2178 μέλλοντος
1067 2105 1288 2166 αίῶνος.
1319 2105 1420 2159 Διά
1456 2106 1616 2160 τοῦτο
1686 2105 1784 2160 νῦν
1836 2103 2202 2178 ἀμειφθέντες
2235 2105 2320 2172 είς
2376 2101 2570 2160 τοῦτον
2592 2144 2608 2172 ,
2641 2105 2752 2174 τῶν
2791 2103 2941 2160 ίδίων
2977 2103 3352 2178 ἀσεϐημάτων
3381 2104 3479 2159 καὶ
3508 2121 3612 2158 κα-

332 2199 789 2270 κοπραγημάτων
859 2196 1018 2262 ἀξίας
1086 2197 1362 2267 εὑρήκατε
1435 2197 1535 2250 καὶ
1597 2197 1700 2262 τὰς
1747 2197 2006 2268 ἀμοιϐάς.

285 2357 292 2363 .
405 2292 596 2349 Ταῦτα
627 2292 770 2367 γάρ,
789 2294 954 2364 φησὶν
986 2295 1016 2347 ό
1044 2291 1208 2362 σοφὸς
1254 2291 1713 2366 Ἐκκλησιαστὴς,
1736 2295 1926 2366 ὲννοήο

334 2402 437 2451 σας
471 2425 486 2450 ,
536 2405 556 2438 ι
600 2385 824 2440 Ἔδωκα
865 2385 967 2456 τὴν
1020 2383 1255 2455 καρδίαν
1305 2401 1410 2455 μου
1449 2383 1547 2440 τοῦ
1585 2382 1790 2454 γνῶναι
1823 2386 1925 2459 τὴν

333 2477 554 2546 σοφίαν,
588 2475 688 2531 καὶ
709 2473 804 2530 τοῦ
839 2475 968 2530 ἰδεῖν
1011 2475 1106 2530 τὸν
1137 2475 1537 2547 ’περισπασμδν
1561 2477 1658 2530 τὸν
1681 2493 1924 2548 πεποιη-

337 2570 502 2642 μένον
523 2569 618 2623 Earl.
643 2569 744 2640 τῆς
791 2568 896 2639 γῆς
917 2585 932 2601 °
975 2585 996 2620 ι
1025 2567 1085 2622 ὃν
1145 2569 1194 2621 ei
1227 2568 1459 2636 πονηροὶ
1500 2566 1597 2622 καὶ
1631 2569 1920 2637 μισόκαλοι

335 2661 590 2731 καθάπερ
653 2658 864 2714 ένοικον
891 2657 1130 2730 ἔχοντες,
1179 2658 1242 2714 οὐ
1293 2659 1533 2712 διδόασιν
1589 2657 1759 2713 ὕπνον
1804 2662 1920 2726 τοῖς

333 2750 636 2822 ὀφθαλμοῖς
661 2751 694 2822 ἢ
718 2749 1034 2820 νυστατμδν
1061 2750 1177 2812 τοῖς
1197 2748 1493 2819 βλεφάροις
1515 2765 1530 2780 ·
1563 2749 1760 2810 ἀλλ’,ὲν
1786 2751 1922 2822 ἠμέ-

338 2859 410 2914 pq
468 2841 620 2915 πάσῃ
669 2843 766 2896 καὶ
813 2841 972 2895 νυκτὶ
1015 2839 1115 2905 τὰς
1134 2841 1280 2896 κατὰ
1309 2839 1422 2894 τῶν
1443 2840 1688 2896 εὐσεϐῶν
1715 2842 1812 2896 καὶ
1836 2843 1918 2896 δι-

334 2932 513 2986 καίων
543 2930 851 3002 ἀνθρώπων
901 2929 1142 2986 τίθενται
1165 2929 1424 3002 ,μελέτας
1458 2931 1680 3002 ἀδίκους
1700 2933 1796 2987 καὶ
1827 2950 1922 2987 πο-

335 3021 510 3094 νηράς
540 3023 622 3086 είς
651 3021 714 3074 τὸ
741 3020 936 3092 ἐξᾶραι
979 3023 1076 3075 καὶ
1105 3021 1167 3074 τὸ
1201 3022 1548 3092 μνημόσυνον
1592 3021 1773 3077 αὐτῶν
1808 3023 1918 3079 ἀπὸ

2095 2292 2240 2350 Haec.
2269 2293 2438 2360 enim,
2471 2291 2650 2364 inquit
2685 2293 2906 2364 sapiens
2951 2291 3330 2358 Ecclesiastes,
3362 2308 3484 2350 eum
3513 2309 3607 2352 co-

2019 2382 2308 2454 gitassem:
2345 2402 2364 2436 ι
2411 2383 2546 2439 Dedi
2597 2399 2693 2439 cor
2731 2399 2934 2452 meum,
2969 2391 3030 2438 ut
3077 2397 3466 2454 cognoscerem
3515 2400 3610 2441 sa-

2023 2475 2311 2546 pientiam,
2339 2483 2396 2530 et
2419 2475 2667 2530 viderem
2700 2473 3126 2539 distensionem,
3161 2489 3283 2544 quae
3335 2475 3473 2530 fa‘cta
3527 2490 3610 2532 est

2017 2578 2182 2634 super
2217 2573 2420 2619 terram
2450 2580 2464 2630 ;
2499 2583 2518 2617 ι
2557 2581 2723 2635 quam
2751 2563 2988 2634 improbi
3015 2563 3264 2618 homines
3289 2575 3343 2618 et
3373 2566 3607 2622 virtutes

2017 2655 2234 2724 hostes,
2267 2671 2388 2712 cum
2420 2657 2568 2710 intus
2613 2656 2666 2710 in
2705 2655 2888 2712 animo
2932 2655 3244 2724 patiantur,
3290 2669 3400 2709 non
3429 2655 3607 2712 oculis

2018 2762 2290 2813 somnum,
2328 2762 2436 2801 non
2491 2746 2766 2817 palpebris
2811 2745 3202 2806 domuitionem
3247 2745 3602 2802 concedunt:

2015 2841 2112 2894 sed
2137 2839 2280 2894 diem
2318 2846 2491 2893 totum
2521 2853 2586 2894 ac
2618 2847 2848 2893 noctem
2875 2837 2929 2890 in
2965 2850 3032 2890 eo
3067 2837 3380 2904 traducunt,
3406 2845 3468 2891 ιιι
3499 2836 3606 2907 piis

2017 2943 2079 2984 ac
2105 2929 2268 2999 justis
2304 2928 2620 2984 hominibus
2655 2927 2958 3001 perniciem
2999 2925 3326 2993 moliantur,
3356 2936 3414 2982 et
3455 2931 3602 2982 omni

2017 3021 2406 3090 suppliciorum
2465 3035 2528 3076 ae
2567 3027 2982 3076 tormentorum
3044 3034 3246 3090 genere
3300 3019 3382 3074 vel
3432 3019 3601 3088 ipsam

335 3112 441 3184 γῆς
472 3112 563 3166 διὰ
593 3111 860 3166 ποικίλων
913 3110 1010 3164 καὶ
1063 3112 1428 3168 παντοδαπῶν
1491 3113 1778 3185 τιμωριῶν
1822 3117 1917 3169 καὶ

2024 3128 2205 3170 eorum
2241 3112 2560 3168 memoriam
2590 3126 2621 3167 e
2670 3111 2850 3166 medio
2898 3111 3191 3166 tollendam
3239 3120 3454 3165 curent.
3509 3109 3604 3166 Et-

337 3203 611 3275 βασάνων.
641 3202 754 3256 Καὶ
795 3202 906 3272 γάρ
954 3202 1145 3274 ἐπειδὴ
1194 3205 1636 3274 προηγουμένως
1689 3205 1914 3277 ἔφησεν,

341 3312 364 3346 ι
405 3295 530 3348 Ὅτι
555 3290 813 3362 γινώσκω
839 3291 952 3362 ἐγὼ
977 3293 1182 3362 ἀγαθὸν
1205 3290 1347 3349 εἶναι
1395 3297 1516 3360 τοῖς
1551 3295 1918 3368 φοϐουμένοις

335 3383 428 3437 τὸν
464 3381 617 3449 Θεὸν,
639 3383 779 3454 ὅπερ
837 3383 939 3436 οὐκ
976 3383 1129 3437 ἔσται
1157 3386 1271 3448 τοῖς
1309 3383 1578 3438 ἀσεϐέσι·
1613 3403 1635 3439 ι
1673 3402 1918 3456 προκατ-

335 3473 623 3542 αγγέλλων
648 3471 927 3539 ἐντεῦθεν,
971 3473 1050 3538 ὡς
1089 3470 1267 3546 οἶμαι,
1295 3473 1652 3545 προφητικῶς
1679 3477 1778 3546 τὴν
1809 3477 1920 3529 τῶν

339 3567 517 3636 ἀγίων
543 3565 864 3622 ἀποστόλων
915 3565 1012 3620 καὶ
1091 3566 1386 3638 μαρτύρων
1443 3565 1660 3635 ἀγαθὴν
1732 3567 1922 3620 θεόθεν

339 3655 668 3726 ἀντάμειψιν
719 3657 780 3708 ὲν
837 3657 902 3726 τῇ
967 3655 1217 3725 βασιλείᾳ
1269 3653 1382 3708 τῶν
1431 3653 1699 3726 οὐρανῶν,
1729 3649 1922 3723 ἐφόίς

340 3745 774 3816 καθυπήνεγκαν
799 3745 984 3810 πόνοις
1014 3746 1109 3800 καὶ
1131 3745 1324 3808 κόποις
1350 3744 1439 3798 διά
1459 3744 1674 3815 μυρίων
1695 3744 1920 3800 τελειω-

343 3835 532 3898 θέντες
555 3833 810 3906 βασάνων
837 3849 854 3866 °
893 3829 1016 3888 εἶτα
1050 3833 1330 3906 παρευθὺς
1351 3834 1654 3904 ἐπαγαγὼν
1695 3839 1792 3891 καὶ
1819 3837 1926 3910 φή-

343 3944 467 3992 σας,
500 3945 521 3980 ι
551 3922 695 3981 εἶναι
719 3925 1063 3997 ματαιότητα
1086 3926 1469 3997 πεποιημένην
1499 3928 1594 3981 ἐπὶ
1616 3929 1716 3999 τῆς
1745 3929 1871 4001 γῆς,
1897 3949 1916 3982 ι

339 4017 586 4088 δηλονότι
614 4016 767 4090 παρὰ
789 4017 900 4071 τῶν
936 4017 1142 4072 ἀδίκων
1170 4017 1476 4088 ἀνθρώπων
1497 4020 1592 4074 καί
1617 4020 1921 4090 δυσσεϐῶν,

339 4111 464 4182 ἣτις
502 4108 822 4164 ἑναλλάττει
844 4109 944 4172 τὰς
981 4108 1284 4180 ὑπολήψεις
1306 4109 1416 4165 τῶν
1443 4111 1670 4166 δικαίων
1687 4113 1768 4176 είς
1794 4113 1924 4178 τοὺς

341 4200 586 4266 ἀδίκους,
622 4201 718 4255 καὶ
745 4199 855 4255 τῶν
869 4199 1083 4256 ἀσεϐῶν
1107 4203 1188 4264 είς
1205 4200 1333 4264 τοὺς
1359 4200 1603 4266 εὐσεϐεῖς
1627 4218 1640 4232 ·
1669 4203 1766 4256 καὶ
1788 4221 1924 4276 προσ

341 4292 732 4363 καταγγέλλων
775 4293 866 4348 διὰ
917 4292 1028 4347 τῶν
1062 4292 1376 4364 εἰρημένων
1433 4293 1534 4362 τὴν
1561 4292 1673 4347 τῶν
1708 4294 1923 4349 ἀσεϐῶν

264 4438 270 4444 _
340 4381 438 4436 καὶ
466 4381 798 4453 παρανόμων
822 4380 1091 4451 βασιλέων
1123 4380 1218 4434 καὶ
1245 4377 1533 4451 τυράννων
1561 4379 1923 4452 ἀντίστροφον

2019 3205 2166 3260 enim
2199 3219 2320 3260 cum
2381 3203 2637 3274 superius
2681 3202 2944 3259 dixisset:
2977 3221 2996 3252 ι
3031 3201 3212 3268 Quare
3242 3211 3296 3256 et
3334 3217 3606 3272 cognosco

2019 3311 2120 3367 ego
2151 3334 2166 3359 ,
2200 3297 2403 3351 bonum
2440 3311 2563 3352 esse
2609 3296 2928 3350 timentibus
2963 3293 3157 3360 Deum,
3185 3293 3332 3364 quod
3363 3295 3606 3350 nouerit

2021 3387 2204 3457 impiis
2232 3387 2278 3419 '°
2307 3405 2319 3442 :
2351 3405 2371 3438 ι
2406 3396 2462 3443 et
2489 3387 2689 3444 exinde
2724 3387 3142 3458 prophetarum,
3168 3393 3228 3440 ιιι
3267 3399 3414 3453 reor,
3451 3399 3604 3440 more
3713 3383 3732 3394 “

2021 3488 2338 3534 sanctorum
2397 3479 2770 3547 apostolorum
2813 3486 2977 3548 atque
3031 3486 3334 3545 martyrum
3381 3479 3601 3546 praemia

2021 3571 2466 3639 prmnuntiasset,
2499 3584 2620 3638 qua:
2669 3570 2724 3622 in
2759 3569 3145 3635 cmlestiregno
3165 3579 3378 3638 propter
3401 3570 3602 3623 tolera-

2025 3668 2108 3714 tos
2139 3660 2355 3714 labores
2383 3661 2774 3728 cruciatusque
2797 3659 3061 3727 plurimos
3083 3669 3462 3712 consummata
3491 3661 3601 3712 vﬁa

2023 3757 2054 3798 a
2085 3741 2196 3797 Deo
2255 3757 2547 3813 accepere:
2569 3744 2682 3814 jam
2729 3745 3031 3813 sutijiciens
3075 3745 3365 3815 protinus;
3405 3761 3424 3796 ι
3485 3759 3623 3800 esse-

2023 3831 2343 3897 vanitatem,
2373 3848 2496 3902 quae
2546 3832 2696 3895 ,l‘acta
2727 3844 2810 3888 est
2845 3848 3009 3902 super
3038 3842 3263 3898 terram,
3295 3850 3314 3884 ι
3352 3835 3420 3889 ab
3459 3833 3606 3904 inju-

2025 3924 2128 3978 stis
2154 3937 2352 3992 nempe
2371 3932 2538 3994 atque
2575 3923 2758 3992 impiis
2781 3923 3093 3980 hominibus
3112 3965 3128 3991 ,
3157 3925 3466 3994 quaejustos
3490 3933 3608 3982 tan-

2025 4029 2191 4086 quam
2220 4015 2476 4084 injustos,
2505 4023 2562 4070 et
2590 4016 2707 4086 pios
2723 4023 2982 4085 tanquam
3017 4017 3218 4087 impios
3243 4017 3483 4073 traducit
3505 4034 3520 4085 ;
3542 4032 3607 4074 ac

2023 4106 2586 4178 orationedesignans
2611 4107 2903 4177 impiorum
2937 4120 3126 4176 regum
3155 4117 3210 4161 et
3249 4107 3604 4163 scelestarum

2031 4206 2394 4270 tyrannorum
2446 4197 2614 4268 216
2651 4213 2966 4266 perversum
2993 4197 3123 4252 illud
3147 4211 3209 4252 ac
3231 4194 3605 4268 pertu'rbatutn
3713 4193 3717 4198 ’

2025 4289 2509 4360 inordinatumque
2534 4289 2832 4360 judicium,
2874 4305 2984 4359 quo
3019 4290 3101 4358 usi
3135 4299 3264 4343 sunt
3309 4289 3362 4344 in
3391 4291 3608 4358 pietatis

2026 4380 2260 4437 athletas
2288 4390 2344 4437 et
2373 4379 2622 4437 veritatis
2651 4390 3084 4452 propugnatores
3120 4383 3458 4452 sint-ermque
3483 4396 3608 4451 pro-
3650 4413 3670 4442 κ

340 4473 522 4544 κρίσιν
547 4472 644 4526 καὶ
687 4471 1132 4543 διεστριμμένην
1195 4471 1290 4523 καὶ
1322 4468 1542 4524 σκολιὰν
1566 4511 1580 4534 ,
1607 4472 1672 4542 ἢν
1702 4471 1922 4525 ἐποίουν

2027 4471 2284 4528 fessionis
2316 4483 2519 4528 nostrae
2551 4482 2856 4544 martyres:
2884 4471 2949 4527 iis
2989 4487 3231 4542 quoque,
3267 4473 3360 4541 qui
3397 4470 3604 4525 deliniti

338 4567 424 4630 είς
474 4565 601 4629 τοὺς
653 4561 898 4637 ἀθλητὰς
949 4562 1051 4633 τῆς
1095 4561 1383 4626 εὐσεϐείας
1409 4561 1628 4634 καὶτῆς
1660 4561 1920 4636 ἀληθείας

342 4655 664 4726 προμάχους
714 4655 812 4708 καὶ
838 4655 939 4726 τῆς
964 4650 1294 4724 εἰλικρινοῦς
1335 4651 1494 4722 ἡμῶν
1519 4651 1758 4718 πίστεως
1779 4655 1922 4726 μάρ-

339 4762 510 4818 τυρας
534 4762 548 4778 σ
585 4747 681 4801 καὶ
745 4744 931 4818 μέντοι
971 4743 1099 4807 τοὺς
1157 4741 1778 4814 καταμαλακιζομένους
1825 4743 1922 4797 καὶ

341 4838 775 4910 πειθαρχοῦντας
797 4839 918 4902 ταῖς
950 4835 1105 4906 σφῶν
1137 4833 1454 4902 ἀξιώσεσιν,
1477 4835 1572 4888 καὶ
1597 4836 1921 4904 γινομένους

341 4927 623 4999 ἐξάρνους,
665 4928 761 4982 καὶ
809 4926 984 4982 ταῦτα
1018 4925 1198 4980 πάντα
1219 4927 1340 4988 ταῖς
1375 4925 1641 4980 ἀνωτάτω
1677 4927 1920 4998 μέμψεσι

341 5017 740 5075 καθυποϐαλὼν
829 5020 925 5074 καὶ
1016 5017 1506 5090 κατακωμῳδήσας
1528 5033 1543 5051 ·
1609 5017 1922 5085 ἀκολούθως

324 5110 618 5187 ,προῆλθεν
649 5113 827 5168 εἰπεῖν
854 5111 949 5166 καὶ
983 5111 1225 5184 σημᾶναι
1256 5111 1354 5166 καὶ
1380 5109 1474 5165 τὸν
1499 5110 1736 5166 ἄτακτον
1765 5130 1922 5186 περι-

343 5203 614 5273 σπασμδν,
645 5202 706 5257 δν
757 5205 852 5258 καὶ
910 5204 970 5258 ἐν
995 5203 1186 5276 ἡμέρᾳ
1236 5202 1332 5258 καὶ
1355 5201 1414 5256 έν
1457 5201 1616 5256 νυκτὶ
1641 5202 1784 5256 κατά
1813 5201 1922 5257 τῶν

343 5294 516 5364 ἁγίων
542 5294 846 5360 λυττῶντες
875 5289 1029 5366 εἶχον
1046 5293 1184 5364 πρὸς
1215 5292 1278 5346 τὸ
1322 5291 1659 5346 καθελκύσαι
1692 5291 1790 5346 καὶ
1817 5308 1921 5346 κα-

341 5386 624 5440 τασπάσαι
664 5385 756 5440 τὸν
786 5385 1166 5452 ἀξιεπαίνετον
1217 5383 1374 5438 τόνον
1404 5383 1505 5454 τῆς
1540 5383 1923 5456 γενναιότητος

343 5475 523 5536 αὐτῶν
551 5477 648 5531 καὶ
679 5475 966 5548 θεοφιλοῦς
988 5471 1385 5549 προαιρέσεως.
1420 5476 1430 5486 ’

414 5589 465 5623 ³⁸
493 5587 806 5658 Eccle.vnt,
841 5591 930 5646 12.

419 5718 536 5788 (‘25)
564 5719 700 5776 Luc.
733 5737 848 5785 ιινι,
871 5720 964 5776 25.
995 5722 1066 5775 At
1097 5720 1215 5790 ipsa
1242 5716 1537 5790 Evangelii
1562 5715 1918 5790 verbaAsunt:

351 5785 578 5857 Τέκνον,
611 5792 880 5877 μνήσθητι
921 5791 1004 5845 ὅτι
1047 5785 1320 5854 ἀπέλαϐες
1369 5785 1434 5842 σύ
1471 5787 1554 5872 ⁷τά
1607 5785 1790 5856 ἀγαθά
1823 5802 1918 5839 σου

2023 4571 2188 4632 atque
2219 4563 2407 4630 illecti,
2443 4577 2632 4619 eorum
2694 4561 3004 4620 auctoritati
3047 4570 3374 4632 paruerunt,
3404 4571 3458 4615 et
3489 4575 3610 4631 pro-

2025 4654 2232 4711 ditores
2254 4655 2384 4712 facti
2413 4666 2564 4724 sunt,
2596 4655 2918 4722 caeterisque
2949 4653 3266 4723 huiusmodi
3295 4653 3458 4708 rebus
3479 4668 3612 4724 ενοι

2028 4749 2259 4806 vissime
2299 4749 2628 4820 improbatis
2653 4763 2719 4804 ac
2746 4747 3127 4818 reprehensis,
3163 4761 3231 4802 eo
3250 4746 3468 4801 demum
3507 4746 3578 4802 ds

2023 4841 2194 4908 venit,
2221 4847 2284 4896 ut
2323 4841 2678 4910 irrequietam
2706 4840 2852 4894 illam
2897 4838 3290 4894 distensionem
3323 4838 3608 4904 indicaret,

2025 4945 2148 5002 qua)
2181 4930 2299 4986 dies
2355 4941 2658 5002 noctesque
2703 4931 2970 4986 adversus
2998 4936 3220 4984 sanctos
3246 4930 3612 4984 exercuiteo-

2028 5038 2152 5077 rum
2182 5022 2448 5090 furorem,
2481 5025 2527 5080 si
2556 5039 2662 5094 qua
2696 5025 2907 5079 ratione
2931 5037 3248 5094 germanam
3281 5021 3480 5076 horum
3501 5022 3610 5075 vir-

2029 5121 2201 5169 tutem
2219 5129 2250 5170 e
2274 5113 2388 5170 Deo
2408 5115 2735 5186 gratissimae
2755 5113 3052 5171 voluntatis
3075 5112 3438 5168 constantiam
3462 5127 3607 5166 nun-

2025 5222 2192 5278 quam
2247 5207 2397 5264 satis.
2439 5207 2770 5264 laudandam
2823 5205 3154 5265 labefactare
3187 5220 3254 5262 ae
3306 5203 3609 5263 dissolvere

2026 5298 2140 5354 ullo
2166 5299 2330 5356 modo
2353 5309 2600 5371 possent.

2026 5717 2086 5787 έν
2119 5713 2186 5787 τῇ
2217 5709 2330 5781 ζωῇ
2390 5727 2506 5787 σου,
2530 5710 2646 5787 -καὶ
2677 5680 2932 5787 Ᾰάζαρος
2963 5707 3164 5787 ὁμοίως
3207 5705 3276 5760 τά
3307 5703 3486 5760 κακά·
3510 5701 3609 5758 νῦν

2028 5785 2084 5839 δὲ
2117 5779 2204 5840 ὅδε
2239 5779 2658 5853 παρακαλεῖται,
2694 5781 2758 5833 σὺ
2788 5779 2851 5834 δὲ’
2871 5779 3171 5845 (Busirim,
