4076 6310
489 351 628 420 1θ63

1590 353 1650 414 S.
1696 351 2078 412 GREGORII
2117 351 2629 414 AGRIGENTINI

3599 356 3740 430 106i

557 462 747 535 Itaque
796 473 858 519 ut
891 461 1144 520 tenebras
1194 464 1424 520 istorum
1467 472 1520 518 et
1550 464 1850 518 cmeitatem
1883 461 2057 532 signi-

2232 457 2342 526 Τὴν
2391 453 2486 511 οῦν
2538 459 2801 528 ἀϐλεψίαν
2863 461 2970 515 τῶν
3024 465 3284 521 τοιούτων
3325 469 3422 523 καί¹
3459 472 3738 538 τύφλωσιν

489 557 697 623 ﬁearet,
728 555 864 611 dixit
885 570 1104 610 rursum
1135 575 1148 610 :
1191 575 1208 608 ι
1237 554 1310 608 Et
1372 554 1479 608 vidi
1527 556 1710 611 omnia
1742 567 1904 623 opera
1941 552 2057 617 Dei,

491 647 617 717 quia
643 660 748 700 non
779 647 984 716 poterit
1015 647 1178 700 homo
1203 645 1452 702 invenire
1475 661 1644 716 opus,
1683 644 1829 715 quod
1857 642 2061 697 factum

491 723 578 790 est
601 735 702 791 sub
739 737 874 790 sole.
895 754 914 787 ι
948 733 1137 805 Neque
1163 737 1306 790 enim
1351 736 1646 806 quidquam
1689 741 2064 804 cognoverunt

493 835 588 881 aut
615 827 1019 892 intellexerunt,
1037 827 1133 882 sed
1159 828 1213 882 in
1243 829 1502 884 eaacitatis
1533 842 1648 882 sua:
1673 824 1912 881 tenebris
1932 837 2061 892 pro-

493 918 666 986 gressi
727 928 877 978 sunt.
934 918 1178 973 dicentes
1225 919 1431 988 lapidi:
1468 939 1486 970 ‹
1526 918 1606 972 Τιι
1659 933 1744 972 me
1793 915 1993 980 fecisti,
2037 933 2056 967 ι

491 1017 546 1063 et
567 1023 736 1062 aureo
752 1013 1045 1064 snnutacro
1071 1010 1156 1065 vel
1178 1009 1356 1082 ligneo
1382 1029 1394 1064 :
1427 1027 1446 1062 ι
1475 1009 1618 1065 Deus
1634 1025 1786 1064 meus
1807 1024 1866 1064 es
1915 1019 1992 1062 tu.
2038 1027 2058 1061 »

492 1098 626 1152 Nam
659 1113 782 1152 cum
805 1099 877 1154 ob
917 1115 1186 1154 summam
1221 1101 1431 1155 consilii
1469 1101 1708 1168 inOpiam
1763 1099 2064 1168 intelligere

491 1202 602 1243 non
657 1189 954 1256 potuerint,
997 1189 1281 1244 materiem
1325 1189 1634 1242 universam
1667 1203 1696 1242 a
1736 1187 1846 1242 Deo
1875 1187 2064 1242 condi-

493 1285 603 1331 tam
633 1287 688 1331 et
717 1285 910 1332 caetera
936 1279 1144 1343 omnia,
1175 1294 1304 1348 qua:
1327 1289 1662 1348 spectamus,
1689 1293 1854 1347 opera
1880 1277 2063 1331 homi-

492 1380 624 1419 num
675 1365 983 1424 ministerio
1041 1369 1108 1422 ab
1160 1378 1382 1424 auctore
1451 1369 1716 1424 destinata
1783 1385 1942 1434 esse;
2009 1368 2061 1421 in

492 1453 658 1512 falsas
722 1457 1034 1527 hujusmodi
1087 1469 1140 1514 et
1199 1459 1421 1514 insanas
1473 1461 1759 1530 Opiniones
1817 1461 2060 1530 prolapsi

492 1556 621 1602 sunt
658 1547 791 1618 (9.6).
818 1549 996 1618 Atque
1047 1550 1150 1604 hac
1193 1552 1258 1605 de
1292 1567 1460 1606 causa
1511 1553 1602 1622 qui
1657 1553 1796 1622 apud
1845 1553 2064 1609 Graecos

491 1637 766 1705 sapientes
813 1653 936 1694 esse
997 1640 1270 1706 videntur,
1297 1651 1717 1712 quantacunque
1738 1659 1869 1698 cura
1895 1660 2060 1699 unum

489 1742 680 1782 verum
706 1726 874 1782 Deum
898 1729 1225 1800 investigare
1255 1741 1418 1802 atque
1444 1731 1688 1787 invenire
1713 1735 1894 1788 conati
1926 1735 2058 1800 sint,

492 1818 717 1872 minime
751 1829 1094 1886 repererunt,
1127 1820 1224 1874 sed
1251 1835 1522 1878 evanuere
1548 1823 1602 1877 in
1633 1825 2055 1894 cogitationibus

491 1909 630 1975 suis,
655 1918 709 1964 et
735 1909 1000 1979 insipiens
1016 1927 1108 1966 eor
1126 1928 1316 1967 eorum
1342 1915 1580 1970 tenebris
1606 1915 1900 1972 obductum
1929 1927 2013 1973 est
2040 1937 2054 1972 :

490 1998 722 2068 professi
751 2015 812 2056 se
839 2016 957 2057 esse
1008 2004 1304 2072 sapientes,
1349 2007 1711 2062 insanierunt.
1754 2009 1866 2078 Ego
1906 2024 2056 2076 vero,

491 2091 690 2161 inquit,
723 2107 845 2146 eum
899 2094 1014 2148 hac
1042 2096 1226 2150 omnia
1277 2097 1462 2150 animo
1485 2099 1770 2168 explorata
1801 2100 2056 2156 haberem

489 2179 758 2250 planeque
812 2171 1164 2252 cognossem,
1196 2195 1452 2241 accurate
1509 2187 1840 2258 deprehendi
1900 2201 2060 2261 atque

491 2282 968 2352 assecutus’sum:
988 2293 1006 2326 ι
1039 2275 1326 2342 Quomodo
1380 2277 1538 2348 justi,
1567 2289 1620 2334 et
1673 2281 1977 2352 sapientes,
2004 2293 2058 2338 et

489 2359 634 2415 facta
662 2376 850 2418 eorum
878 2379 1062 2419 coram
1087 2366 1236 2434 Deo;
1272 2387 1291 2420 ι
1325 2384 1390 2424 ac
1419 2371 1544 2426 licet
1589 2373 1690 2429 visi
1745 2376 1856 2430 sint
1884 2377 2060 2432 oculis

488 2451 862 2522 insipientium
911 2457 1072 2527 217
1107 2461 1454 2528 occubuisse,
1491 2471 1546 2518 et
1594 2481 1836 2520 aerumna
1881 2467 2060 2522 exitus

487 2555 678 2598 eorum
701 2545 918 2600 habitus
936 2545 1118 2614 fuerit,
1148 2563 1274 2618 spes
1296 2558 1475 2606 tamen
1497 2555 1812 2610 eorumdem
1839 2555 2060 2610 immor-

489 2635 704 2690 talitate
726 2635 884 2705 plena
918 2637 1008 2692 sit.

563 2723 685 2779 llaec
745 2727 989 2796 profecto
1041 2728 1348 2790 vaticinans
1409 2735 1628 2805 sapiens
1700 2736 2060 2795 Ecclesiastes

489 2817 778 2884 occupavit
835 2827 999 2890 atque
1057 2823 1309 2892 praedixit
1357 2825 1424 2880 de
1454 2827 1747 2896 impiorum
1779 2843 1968 2900 regum
2001 2837 2084 2886 ac'

490 2913 850 2975 tyrannorum
883 2909 1072 2967 furore
1123 2921 1287 2984 atque
1334 2916 1490 2972 rabie
1545 2918 1806 2974 adversus
1850 2919 2066 2988 pictatis

489 2995 726 3051 athletas
749 3013 815 3051 ac
843 3000 1204 3070 triumphales
1237 3016 1534 3077 martyres;
1569 3023 1800 3076 quorum
1838 3010 2064 3079 praecla-

490 3099 553 3140 ra
577 3079 904 3156 certamina,
929 3101 983 3144 et
1006 3095 1186 3147 omnis
1227 3097 1443 3164 generis
1463 3100 1738 3154 cruciatus
1777 3109 1830 3155 et
1857 3101 2064 3170 suppli-

487 3177 574 3232 cia
622 3188 676 3232 et
709 3178 930 3236 dolores
961 3191 1220 3252 tanquam
1253 3185 1752 3256 fragrantissimum
1781 3193 2064 3248 sufﬁmen-

489 3276 604 3323 tum
639 3269 708 3324 ad
739 3271 976 3326 sublime
1007 3289 1070 3327 ae
1115 3285 1370 3331 sanctum
1434 3277 1530 3333 Dei
1569 3281 1742 3338 altare
1794 3297 2063 3352 pervene-

487 3369 636 3424 runt,
696 3371 861 3432 atque
915 3363 1027 3417 illic
1095 3365 1364 3436 descripta
1413 3379 1683 3439 prostant,
1726 3383 1782 3430 et
1821 3375 2060 3431 nobilem

489 3450 816 3506 athletarum
873 3454 1126 3508 virtutem
1183 3450 1638 3527 atque,amorem
1699 3481 1826 3536 erga
1881 3467 2058 3533 illum,

485 3539 577 3607 qui
597 3555 740 3597 unus
758 3553 949 3598 natura
975 3546 1234 3616 solusque
1274 3563 1435 3604 verus
1469 3560 1550 3606 est
1579 3553 1743 3621 Deus,
1776 3572 2060 3612 commen-

483 3629 615 3684 dant
641 3642 805 3702 atque
837 3643 1127 3703 testantur,
1181 3655 1248 3694 ac
1293 3642 1454 3697 simul
1513 3645 1699 3700 odium
1757 3648 2056 3717 declarant,

481 3735 596 3792 quo
628 3723 826 3779 diaboli
867 3727 1088 3784 fraudes
1124 3741 1181 3785 et
1232 3731 1505 3790 idolorum
1563 3739 1769 3793 cultum
1807 3740 2058 3796 detestati

483 3821 646 3867 sunt:
695 3829 816 3882 quae
865 3819 1048 3872 omnia
1081 3821 1202 3876 sine
1252 3822 1568 3881 discrimine
1597 3827 1943 3900 delectuque,
1975 3833 2058 3886 vel

483 3900 662 3967 potius
694 3901 749 3955 in
784 3905 1116 3960 contrariam
1144 3918 1354 3977 partem
1393 3912 1571 3966 insani
1606 3913 1854 3973 homines
1895 3927 2059 3989 atque

484 3989 658 4060 impii,
679 3995 839 4050 noris
876 3998 1185 4054 nominibus
1218 4009 1382 4070 atque
1421 4003 1770 4072 Opinionihus
1795 4008 2056 4077 inductis,

484 4080 798 4152 immutant,
835 4101 898 4142 ac
953 4103 1134 4144 rerum
1189 4101 1440 4146 naturam
1497 4095 1797 4166 invertunt,
1855 4103 2055 4156 bonum

483 4175 610 4242 rati,
641 4178 786 4246 quod
821 4180 1044 4245 malum,
1079 4189 1242 4252 atque
1279 4199 1308 4238 e
1331 4187 1612 4241 contrario
1653 4189 1878 4254 malum,
1915 4197 2058 4261 quod

481 4265 686 4322 bonum
719 4279 839 4335 est;
877 4281 931 4325 et
981 4273 1235 4328 tenebras
1264 4290 1364 4344 pro
1395 4275 1514 4330 luce
1547 4277 1826 4346 habentes,
1853 4281 2058 4336 lucem-

481 4371 588 4426 que
619 4373 716 4426 pro
739 4359 1006 4426 tenebris;
1033 4362 1287 4430 quodque
1304 4364 1461 4418 dulce
1482 4375 1585 4434 est,
1603 4382 1850 4423 amarum
1874 4371 2058 4440 appel-

2163 547 2555 618 αἰνιττόμενος,
2591 549 2796 620 ἔφησεν
2823 547 2980 616 αὖθις
3002 569 3016 583 ·
3051 573 3070 605 ι
3107 557 3218 610 Καὶ
3247 553 3390 612 εἶδον
3440 561 3739 632 σὺμπαντᾶ

2161 635 2230 688 τὰ
2260 637 2543 706 ποιήματα
2571 640 2662 692 τοῦ
2694 639 2852 706 Θεοῦ,
2881 643 2963 695 ὅτι
2997 645 3058 697 οὑ
3109 645 3398 718 δυνήσεται
3446 649 3742 724 ἄνθρωπος

2162 727 2255 779 τοῦ
2294 729 2476 796 εὑρεῖν
2505 731 2603 784 σὺν
2629 731 2704 795 ,τὸ
2749 733 2964 804 ποίημα
3003 737 3064 789 τὸ
3104 742 3474 812 πεποιημένον
3515 746 3620 800 ὑπὸ
3643 749 3741 802 τὸν

2161 817 2332 886 ἥλιον.
2362 837 2380 869 ι
2421 819 2558 872 Οὐδὲ
2619 821 2728 893 γὰρ
2767 823 3018 892 ἔγνωσαν
3043 870 3057 893 ,
3080 829 3205 882 οὑδὲ
3241 833 3506 902 συνῆκαν,
3539 837 3654 890 ἀλλ’
3677 841 3742 892 ὲν

2165 909 2346 962 σκότει
2383 913 2484 981 τῆς
2511 911 2646 974 ιδίας
2674 913 3006 986 τυφλότητος
3049 919 3460 994 ἐπορεύθησαν,
3485 925 3746 992 λέγοντες

2161 997 2240 1068 τῷ
2265 999 2417 1068 λίθῳ,
2461 1019 2481 1052 ι
2517 1001 2588 1054 Σύ
2618 1019 2684 1071 με
2739 1004 3022 1074 ἐποίησας,
3066 1027 3084 1060 ι
3118 1009 3313 1082 καὶτῷ
3355 1016 3744 1088 χρυσοτεύκτῳ

2163 1089 2364 1160 ξοάνῳ,
2393 1091 2488 1144 καὶ
2531 1092 2718 1160 μέντοι
2765 1093 2844 1164 τῷ
2896 1095 3257 1169 ξυλοτεὺκτῳ,
3295 1123 3314 1152 ι
3353 1102 3486 1168 Θεὸς
3537 1122 3640 1176 μου
3687 1101 3746 1160 εῐ

2165 1178 2250 1233 σύ.
2289 1197 2308 1230 ι
2340 1181 2432 1250 Μὴ
2458 1180 2778 1252 δυνηθέντες
2833 1184 2942 1256 γὰρ
2975 1189 3168 1258 νοῆσαι
3221 1190 3310 1244 διὰ
3345 1193 3547 1264 πολλὴν
3572 1195 3740 1250 ἀϐου-

2163 1267 2306 1328 λίαν,
2361 1269 2437 1332 ὡς
2493 1270 2591 1342 ὕλη
2649 1275 2799 1327 πᾶσα
2847 1275 3001 1347 παρά
3034 1278 3126 1331 τοῦ
3161 1279 3296 1334 Θεοῦ
3323 1288 3606 1352 γεγονυῖα,
3644 1291 3741 1340 καὶ

2165 1362 2274 1413 πᾶν
2304 1360 2430 1414 ἄλλο
2483 1363 2690 1433 κτίσμα
2740 1365 2848 1418 τῶν
2895 1368 3192 1438 ὁρωμένων
3221 1373 3360 1443 πρὸς
3383 1373 3483 1444 τὴν
3508 1376 3618 1431 τῶν
3643 1377 3740 1432 ἀν-

2165 1454 2399 1524 θρώπων
2427 1455 2832 1528 ἑξυπηρέτησιν
2854 1461 3044 1530 γέγονε
3081 1464 3234 1535 παρά
3255 1465 3348 1519 τοῦ
3385 1469 3734 1539 ποιήσαντος,

2163 1547 2246 1608 είς
2279 1545 2381 1610 τὰς
2411 1547 2672 1612 τοιαύτας
2699 1550 3050 1620 ἐσφαλμένας
3077 1555 3175 1608 καὶ
3213 1557 3406 1628 μωρὰς
3438 1559 3740 1630 ὑπολήψεις

2165 1635 2492 1721 ἐξώκειλαν.
2520 1640 2628 1691 Καὶ
2655 1639 2848 1694 τούτου
2905 1645 3070 1714 χάριν
3118 1646 3252 1716 ὅσην
3305 1648 3374 1702 ἀν
3414 1650 3740 1721 ἐπιμέλειαν

2155 1715 2320 1798 ’ἔσχον
2347 1730 2396 1780 oi
2431 1729 2716 1793 δοκοῦντες
2767 1729 2904 1788 εἶναι
2951 1735 3106 1804 σοφοὶ
3139 1737 3246 1792 τῶν
3285 1738 3551 1812 Ἑλλήνων
3601 1744 3740 1814 πρὸς

2095 1788 2133 1842 Β
2160 1788 2481 1888 τδΙξητῆσαι
2508 1819 2605 1872 καὶ
2645 1788 2898 1892 ἐφευρεῖν
2944 1788 3039 1879 τὸν
3085 1788 3247 1898 μόνον
3829 1904 3833 1906 γ

2160 1910 2258 1978 οὑχ
2285 1903 2464 1980 εὗρον,
2498 1911 2614 1964 ἀλλ’
2638 1915 3062 1988 ἐματαιώθησαν
3105 1921 3164 1973 ἐν
3205 1923 3319 1984 τοῖς
3367 1922 3736 1996 διαλογισμοὲς

2161 2001 2362 2068 αὑτῶν,
2391 2004 2484 2056 καὶ
2510 2005 2800 2078 ἐσκοτίσθη
2821 2009 2854 2077 ἡ
2884 2007 3148 2086 ἀσύνετος
3167 2011 3350 2067 αὐτῶν
3378 2015 3601 2084 καρδία,
3629 2017 3734 2086 φά-

2163 2113 2387 2161 σκοντες
2418 2093 2558 2153 εἶναι
2596 2101 2768 2170 σοφοὶ,
2805 2085 3232 2176 ἐμωράνθησαν.
3281 2107 3423 2176 Ἐγὼ
3464 2109 3543 2176 δὲ,
3575 2112 3732 2182 φησὶ,

2162 2189 2335 2243 ταῦτα
2365 2192 2546 2245 πάντα
2577 2195 2643 2263 τῇ
2675 2193 2876 2266 καρδίᾳ
2915 2213 3019 2264 μου
3057 2197 3437 2268 παρεξετάσας
3481 2203 3572 2254 καὶ
3615 2204 3734 2257 δια·

2166 2280 2348 2346 γνοὺς,
2395 2281 2782 2353 κατελαϐόμην
2829 2284 3074 2354 ἀκριϐῶς
3113 2287 3207 2340 καὶ
3251 2287 3500 2356 διέγνων,
3541 2309 3560 2342 ι
3586 2291 3662 2354 ὡς
3685 2293 3736 2344 oi

2165 2371 2364 2426 δίκαιοι
2389 2373 2486 2426 καὶ
2515 2375 2566 2427 οἱ
2591 2377 2767 2444 σοφοὶ,
2799 2376 2892 2428 καὶ
2918 2377 2976 2428 αἱ
3011 2378 3269 2448 ἐργασίαι
3299 2380 3480 2433 αὐτῶν
3501 2381 3739 2436 ἐνώπιόν

2166 2467 2272 2517 εξσι
2299 2465 2391 2517 τοῦ
2423 2465 2556 2518 Θεοῦ
2583 2483 2596 2496 ο
2635 2489 2652 2516 ι
2686 2467 2780 2519 καὶ
2809 2467 2912 2522 κᾶν
2943 2468 3131 2536 ἔδοξαν
3153 2471 3211 2523 ὲν
3244 2471 3545 2542 ὀφθαλμοῖς
3567 2473 3732 2544 ἀφρόι

2165 2570 2272 2606 νων
2292 2555 2566 2622 τεθνάναι,
2596 2556 2689 2609 καὶ
2713 2557 2964 2629 ἐλογίσθη
3002 2560 3241 2624 κάκωσις
3267 2561 3494 2632 ήέξοδος
3517 2563 3700 2619 αὐτῶν
3733 2578 3739 2584 ‘

2165 2647 2198 2714 ἡ
2233 2645 2289 2697 δὲ
2325 2645 2480 2709 ἐλπὶς
2506 2647 2684 2700 αὑτῶν
2728 2648 3027 2712 ἀθανασίας
3064 2650 3274 2723 πλήρης
3317 2653 3456 2707 ὲστί.

2237 2734 2424 2788 Ταῦτα
2470 2736 2826 2804 προφητικῶς
2859 2737 2888 2788 ὁ
2919 2739 3082 2807 σοφὸς
3124 2741 3562 2814 Ἐκκλησιαστὴς
3599 2763 3734 2816 προσ

2163 2824 2354 2894 είληφε
2393 2825 2579 2892 σαφῶς
2608 2827 2704 2878 καὶ
2729 2827 3055 2899 κατήγγειλε
3086 2831 3215 2900 περὶ
3248 2833 3349 2902 τῆς
3377 2833 3488 2887 τῶν
3523 2835 3737 2890 ἀσεϐῶν

2167 2914 2434 2983 βασιλέων
2473 2913 2569 2967 καὶ
2607 2915 2882 2984 τυράννων
2913 2917 3242 2988 δυσμενείας
3265 2923 3358 2976 καὶ
3383 2923 3604 2996 λύττης,
3638 2927 3737 2995 τῆς

2167 3001 2309 3056 κατά
2341 3001 2450 3056 τῶν
2483 3003 2734 3072 ἀθλητῶν
2756 3005 2852 3076 τῆς
2883 3007 3170 3072 εὐσεϐείας
3199 3011 3292 3064 καὶ
3319 3015 3738 3086 τροπαιοφόρων

2172 3095 2487 3166 μαρτύρων,
2522 3091 2598 3152 ὧν
2623 3101 2680 3151 αἱ
2709 3099 2817 3152 τῶν
2861 3101 3169 3171 ἀθλητικῶν
3203 3105 3598 3177 παλαισμάτων
3639 3113 3738 3181 ὲρ-

2167 3187 2356 3253 γασίαι
2386 3188 2483 3241 καὶ
2529 3189 2770 3244 ποικίλαι
2823 3191 2918 3244 καὶ
2965 3195 3307 3248 παντοδαπαὶ
3351 3198 3602 3264 κολάσεις
3639 3203 3738 3256 καὶ

2164 3276 2429 3346 τιμωρίαι
2464 3279 2559 3331 καὶ
2601 3279 2893 3350 ἀλγηδόνες
2927 3283 3008 3344 είς
3035 3283 3095 3336 τὸ
3123 3285 3235 3340 ἄνω
3273 3287 3371 3340 καὶ
3417 3291 3602 3360 νοερὸν
3638 3291 3736 3345 τοῦ

2163 3364 2298 3418 Θεοῦ
2348 3367 2738 3440 θυσιαστήριον
2787 3370 2864 3432 ὡς
2919 3373 3120 3438 εὑῶδες
3168 3375 3402 3448 ἀνῆλθον
3461 3379 3736 3451 θυμίαμα,

2163 3454 2326 3506 κάκεῖ
2353 3455 2640 3523 γεγόνασιν
2668 3457 3160 3532 ἀπογεγραμμέναι
3195 3466 3291 3518 καὶ
3333 3472 3736 3541 παριστάμεναι

2163 3544 2258 3596 καὶ
2287 3545 2653 3614 κηρύττουσαι
2700 3549 2794 3600 καὶ
2841 3550 3218 3620 μαρτυροῦσαι
3245 3555 3346 3624 τὴν
3379 3560 3738 3630 γενναιότητα

2163 3635 2272 3687 τῶν
2298 3636 2566 3706 ἀθλητῶν,
2595 3639 2687 3691 καὶ
2718 3640 2818 3710 τὴν
2855 3641 2993 3710 πρὸς
3023 3643 3187 3697 αὑτὸν
3212 3645 3458 3718 ἀγάπην,
3491 3650 3739 3722 δηλονότι

2161 3726 2252 3780 τὸν
2277 3728 2445 3792 ὄντως
2473 3730 2602 3784 ὄντα
2625 3731 2721 3784 καὶ
2749 3731 2910 3800 μόνον
2942 3733 3200 3803 ἀληθινὸν
3220 3739 3376 3792 θεόν.
3406 3741 3519 3794 Καὶ
3547 3743 3737 3812 μέντοι

2162 3819 2257 3872 καὶ
2285 3819 2348 3872 τὸ
2385 3823 2540 3890 μῖσος
2575 3822 2671 3874 καὶ
2699 3821 2799 3892 τὴν
2841 3823 3142 3894 ἀπέχθειαν
3178 3828 3278 3898 τὴν
3319 3831 3462 3886 κατὰ
3495 3831 3588 3885 τοῦ
3621 3833 3726 3888 δια·
3777 3871 3792 3881 ο

2161 3911 2318 3964 ϐόλου
2365 3914 2459 3964 καὶ
2506 3913 2608 3982 τῆς
2661 3914 2946 3986 είδωλικῆς
2994 3917 3294 3988 ἐξαπάτης,
3345 3915 3422 3974 ὧν
3475 3923 3737 3982 ἁπάντων

2161 4004 2494 4073 ἀδιακρίτως
2559 4004 2654 4057 καὶ
2709 4007 3138 4076 συγκεχυμένως
3200 4011 3402 4080 μᾶλλον
3454 4013 3498 4067 δ’
3560 4017 3738 4069 εἰπεῖν

2159 4093 2538 4164 ἀντιστρόφως
2569 4095 2618 4146 οἱ
2654 4094 3050 4166 ματαιόφρονες
3089 4099 3188 4152 καὶ
3236 4101 3594 4173 παραπλῆγες
3636 4105 3738 4158 καὶ

2157 4184 2461 4251 δυσσεϐεῖς,
2493 4183 2594 4246 τὰς
2623 4185 2921 4254 ὀνομασίας
2968 4190 3064 4242 καὶ
3100 4189 3200 4253 τάς
3235 4191 3532 4264 ὑπολήψεις
3575 4194 3736 4260 δοξά-

2158 4275 2364 4340 ζοντες,
2393 4273 2681 4344 ἀμείϐουσι
2715 4277 2806 4327 καὶ
2829 4279 3392 4346 προσεναλλάττονται
3420 4283 3532 4338 τῶν
3555 4303 3736 4355 πραγι

2161 4367 2345 4434 μάτων
2373 4365 2472 4434 τὴν
2518 4364 2716 4435 φύσιν·
2769 4369 2862 4419 καὶ
2906 4367 3190 4434 δοξάζουσι
3223 4372 3284 4425 τὸ
3320 4373 3518 4439 καλὸν,
3564 4392 3739 4446 πονη-

481 4444 684 4514 lantes,
739 4459 794 4502 et
854 4451 1000 4518 quod
1051 4467 1320 4520 amarum,
1372 4454 1550 4522 dulce,
1597 4457 1756 4528 longe
1785 4459 1960 4528 aliter,
1993 4477 2057 4518 ac

2163 4455 2254 4526 ρόν
2273 4471 2286 4486 ο
2320 4455 2414 4508 καὶ
2447 4455 2507 4507 τὸ
2536 4455 2770 4525 ἔμπαλιν
2793 4457 2856 4510 τὸ
2878 4459 3136 4530 πονηρὸν,
3173 4462 3336 4514 καλόν
3358 4479 3372 4494 ·
3399 4464 3494 4518 καὶ
3515 4444 3734 4520 τιθέασι

479 4552 652 4592 saera:
675 4555 773 4594 nos
803 4539 1022 4596 Litterae
1055 4544 1360 4600 docuerunt
1385 4545 1454 4600 ⁸⁸.
1497 4547 1652 4614 Quod
1691 4553 1908 4620 sapiens
1944 4554 2050 4610 Ec-

477 4626 758 4686 clesiastes
795 4640 852 4685 ut
889 4637 1221 4700 ostenderet,
1270 4637 1470 4707 adjecit
1503 4641 1752 4708 protinus
1782 4655 1834 4700 et
1863 4645 1974 4700 ait:

547 4911 594 4944 ⁶¹
635 4911 742 4967 lsa.
783 4929 836 4983 v,
853 4914 949 4971 ΞΟ.

545 5028 658 5107 (ᾏϐ)
690 5029 749 5107 in
777 5031 1006 5107 εμπορεὶ
1038 5031 1346 5107 divinarum
1369 5035 1716 5102 Litterarum,
1737 5054 1858 5107 qua:
1873 5038 2042 5094 Atha—

476 5099 634 5172 na_sio
661 5099 938 5167 tribuitur,
965 5104 1078 5157 [nec
1124 5103 1242 5172 ipsa
1277 5105 1623 5162 Ecclesiastze
1649 5099 1815 5162 verba
1847 5118 2041 5163 auctor

477 5168 666 5247 refert,
699 5171 900 5247 quibus
933 5168 1198 5247 declarari
1229 5175 1502 5241 ostendat,
1530 5194 1696 5247 quam
1725 5191 1876 5232 vanae
1898 5179 2044 5247 jam-

474 5246 589 5316 tum
615 5239 1202 5316 essent‘ASgyptiorum
1241 5254 1406 5310 artes,
1430 5239 1706 5316 quamque
1739 5239 1924 5304 futiles
1955 5249 2041 5300 l'u-

474 5314 612 5361 tura:
657 5307 852 5364 deinde
903 5307 1098 5367 essent
1151 5307 1462 5370 Graecorum
1511 5307 1908 5372 contentiones.
1954 5317 2042 5372 Ἐν

471 5377 648 5469 τούτῳ
685 5378 762 5469 δὲ,
800 5381 994 5462 inquit,
1021 5383 1100 5469 τῶ
1135 5385 1612 5469 βιϐλίῳ-’περὶῇτῆς
1633 5385 2035 5469 φυσιΫιῇςθεω-

473 5447 940 5525 ρίαςςφιλοσοφῶν
993 5447 1264 5525 φαίνεται.
1296 5447 1708 5525 ’Ἐπειδηγάρ
1751 5447 2038 5525 Αἰγύπτιοι
2087 5477 2095 5485 ·

447 5515 573 5596 ﬁt!
603 5515 985 5596 ξφαντάξοντο,
1005 5515 1279 5596 ⁷’Έλληνες
1325 5515 1628 5596 δὲῗξμελλον
1659 5515 1786 5596 περὶ
1831 5515 2038 5578 τούτων

473 5585 789 5654 μυθολογεῖν
820 5607 834 5620 ·
863 5592 951 5644 διά
972 5585 980 5588 ’
1005 5585 1342 5652 τοῦτοῗοῦτος
1385 5585 1658 5661 Πνεῦματι
1691 5585 1830 5661 ἁγίῳ
1861 5595 2040 5646 κινού·

495 5669 654 5719 ιενος,
709 5660 870 5712 παύει
921 5663 1018 5728 μὲν
1051 5662 1178 5722 τοὺς
1223 5659 1638 5730 ἐπιχειροῦντας
1669 5659 2037 5730 περὶτούτων

504 5727 673 5792 ητεῐν,
710 5727 966 5795 φάσκων·
996 5732 1076 5784 Οὐ
1108 5727 1435 5795 δυνήσεται
1486 5727 1799 5798 ἄνθρωπὸς
1821 5731 1926 5785 τοῦ
1947 5733 2037 5786 εὐ-

2159 4543 2222 4596 τὸ
2255 4544 2468 4608 σκότος,
2509 4543 2646 4612 φῶς,
2687 4545 2780 4598 καὶ
2821 4545 2884 4598 τὸ
2936 4546 3069 4615 φῶς,
3104 4550 3326 4614 σκότος·
3379 4555 3472 4607 καὶ
3512 4554 3734 4622 λέγουσι

2157 4633 2218 4686 τὸ
2243 4635 2437 4702 γλυκὺ,
2471 4634 2688 4706 πικρὸν,
2716 4637 2810 4690 καὶ
2837 4637 2898 4690 τὸ
2939 4639 3155 4708 πικρὸν,
3191 4641 3388 4708 γλυκὺ,
3437 4647 3588 4716 πσρά
3633 4647 3732 4718 τὴν

2159 4727 2446 4797 εἰσήγησιν
2473 4725 2574 4796 τῆς
2622 4724 2772 4790 θείας
2814 4729 3062 4798 Γραφῆς.
3103 4732 3286 4804 Ὅπερ
3332 4738 3733 4806 παρεμφαίνων

2159 4819 2186 4869 ὁ
2219 4816 2379 4886 σοφὸς
2407 4816 2859 4888 Ἐκκλησιαστὴς,
2889 4819 3110 4890 ἀμέσως
3139 4823 3393 4894 ἐπήγαγε
3417 4825 3510 4880 καί
3538 4843 3730 4898 φησιν’

2135 5043 2271 5126 ,ρεῒν
2297 5043 2366 5126 τὸ
2397 5046 2624 5126 ποίημα
2653 5048 2742 5126 te;
2765 5058 3172 5126 πεποιημένον
3202 5056 3330 5126 ,ὐπῤ
3381 5057 3488 5112 τὸν
3523 5057 3726 5126 ἣλιον,

2142 5111 2366 5200 ὅσιηᾶν
2378 5111 2661 5200 μοχθῆσῃ
2684 5111 3159 5200 ,ᾅνθρωπὸξχτοῦ
3189 5111 3439 5200 (inﬁrmi
3455 5167 3470 5190 ,
3497 5111 3599 5182 καί
3611 5111 3728 5200 δή

2140 5182 2412 5250 εὑρήσει.
2438 5182 2494 5242 ltl
2519 5182 2602 5242 θέε
2623 5182 2656 5242 ἴ
2675 5189 2788 5243 Hoc
2811 5182 3076 5248 autem't'n
3097 5182 3339 5250 libro'De
3364 5182 3574 5251 natura!
3595 5182 3728 5254 con:

2143 5255 2884 5345 temptat-ianephilosophari
2899 5263 3138 5345 ridetur:
3156 5264 3290 5318 Cum
3321 5268 3461 5345 enirn
3485 5265 3728 5345 ὤρθριῆ
3795 5335 3803 5342 _

2141 5323 2254 5402 iant
2281 5323 2592 5402 opinionum
2625 5323 2934 5402 commentis
2970 5333 3138 5387 dediti
3172 5345 3368 5402 essent,
3399 5323 3726 5394 (ἑνωσῖῗενο

2142 5391 2321 5468 multa
2361 5395 2426 5450 de
2482 5397 2564 5450 his
2619 5399 2915 5467 fabulaturt'
2946 5412 3117 5456 essent
3137 5421 3158 5468 ;
3187 5391 3386 5460 idcirco
3421 5407 3600 5460 divino
3636 5391 3728 5464 ille

2147 5461 2354 5529 Spiritu
2392 5461 2689 5543 impulsus,
2723 5473 2904 5543 quifle
2923 5473 3040 5526 istis
3073 5461 3336 5542 inquirere
3383 5461 3724 5543 conarentur,

2145 5537 2428 5600 compescit
2463 5537 2939 5612 _inq_uien_s’:_Non
3003 5537 3201 5612 poterit
3256 5545 3422 5600 homo
3478 5537 3727 5604 invenire

2145 5615 2305 5668 opus,
2334 5604 2478 5671 quod
2505 5604 2608 5660 sub
2641 5609 2758 5662 sole
2791 5604 3103 5666 factum'est
3129 5630 3142 5666 :
3178 5630 3277 5668 nec
3302 5615 3557 5684 quamvis
3572 5632 3725 5687 quan-

2146 5670 2617 5744 rendol‘atigetur,
2651 5677 2909 5735 inveniet.
2947 5682 3200 5753 (Synops.
3228 5685 3322 5739 lib.
3354 5697 3469 5756 xv.)

2359 5709 2617 5744 ιηιδςιυι,
2651 5709 2909 5735 "nuncu-
2947 5709 3200 5744 toguupa.
3228 5709 3322 5739 uu.
3355 5709 3444 5740 ιν.

2565 5886 2588 5918 ἱ
