4076 6310
420 266 557 339 1069

1444 273 1524 340 IN
1553 279 2132 341 ECCLESIASTEN.
2179 305 2250 315 —
2295 281 2442 341 LIB.
2491 275 2658 342 VIII.

3539 265 3674 331 ιθτο

411 383 794 455 ἀποιχομένων
835 380 896 439 ὲκ
934 387 1034 456 τῆς
1066 387 1348 456 παρούσης
1395 386 1578 458 ζωῆς,
1634 389 1729 444 καὶ
1759 389 1869 442 τῶν
1915 391 1987 440 ἑτι

2099 389 2194 457 qui
2219 389 2382 458 impie
2403 406 2460 445 se
2490 389 2776 460 gesserint,
2809 393 2863 442 et
2903 387 3049 440 nulla
3077 385 3203 439 data
3235 380 3570 454 pmnitentite
3594 385 3672 437 si-

413 477 718 546 περιόντων
750 478 810 528 ὲν
837 479 973 548 αὐτῇ
998 495 1012 508 ·
1061 479 1154 532 καὶ
1181 479 1485 542 δείκνυσιν,
1508 481 1598 543 ’ὡς
1635 481 1685 532 οἱ
1730 479 1829 549 μὲν
1867 481 1986 531 άσε-

411 565 681 634 ϐήσαντες
715 565 810 619 καὶ
837 565 1164 640 τεθνηκότες
1194 571 1253 620 ὲν
1291 572 1355 640 τῇ
1391 569 1542 636 σςῶν
1572 569 1800 640 άσεὸείᾳ
1829 572 1995 640 μηδε-

414 656 546 726 μίαν
581 653 872 712 ἀλλοίωσιν
905 658 1310 730 ἐπιδειξάμενοι
1339 661 1436 715 καὶ
1468 661 1836 732 μεταμέλειαν
1859 663 1994 733 πρὸς

411 745 473 799 τὸ
502 749 778 818 κρεῖττον,
813 751 914 803 οὑκ
961 749 1042 804 ἔτι
1086 751 1592 824 μεταδληθήσονται
1631 753 1739 806 τῶν
1780 755 1994 806 ἀσεϐῶν

413 837 742 908 ὑπολήψεων
782 841 878 895 καὶ
927 828 1494 914 κακοπραγημάτωνδ
1543 845 1665 898 οὐδὲ
1701 840 1752 898 τί
1787 859 1851 912 γε
1888 842 1994 916 μὴν

411 929 526 982 τῶν
539 932 792 986 ἐντεῦθεν
815 935 1030 1005 ὲπηρτη
1041 935 1219 1003 μένων
1241 937 1427 998 αὐτοῖς
1442 935 1994 1006 άπολυτρωθήσονται

411 1021 698 1092 τιμωριῶν
740 1023 836 1076 καὶ
878 1025 1158 1079 κολάσεων
1211 1027 1470 1081 αἰωνίων.
1507 1027 1572 1080 Οἱ
1614 1027 1898 1098 περιόντες
1935 1027 1994 1080 δὲ

413 1109 509 1166 καὶ
537 1111 742 1176 ζῶντες
773 1113 854 1167 ἐτι
891 1115 1034 1170 κατὰ
1095 1115 1284 1171 τοῦτον
1327 1117 1418 1171 τὸν
1447 1116 1583 1188 βίον,
1616 1117 1863 1188 εὐχερῶς
1899 1117 1994 1171 καὶ

414 1204 616 1274 ῥᾳδίως
641 1207 762 1267 ταῖς
783 1207 890 1259 τῶν
918 1209 1249 1278 κρειττόνων
1290 1209 1387 1262 καὶ
1415 1209 1596 1278 σοφῶν
1627 1209 1724 1262 καὶ
1751 1203 1994 1263 συνετῶν

411 1295 718 1366 ἀνθρώπων
744 1297 854 1352 τῶν
882 1299 1101 1369 άληθῶς
1121 1299 1200 1368 τῷ
1221 1299 1342 1369 Θεῴ
1364 1298 1586 1364 ζώντων
1611 1302 1992 1372 εἰσηγήσεσιν,

410 1385 487 1450 ὡς
542 1387 632 1440 ἐπ’
687 1388 868 1460 ἀγαθῇ
925 1387 1074 1461 ζύμῃ
1124 1389 1700 1460 μεταφυραθήσονται,
1769 1389 1864 1445 καὶ
1915 1391 1994 1462 τῷ

411 1477 573 1533 ἅλατι
612 1477 723 1533 τῶν
773 1480 1046 1552 ἀληθινῶν
1093 1480 1386 1551 δογμάτων
1432 1482 1818 1551 άλισθήσονται
1838 1523 1852 1549 ,
1896 1482 1993 1538 καὶ

408 1569 521 1624 τῶν
569 1572 884 1640 ,κακοδόξων
930 1575 1292 1644 ἐκστήσονται
1337 1573 1651 1644 δογμάτων,
1709 1575 1811 1630 κᾶν
1859 1569 1993 1630 ὦσιν

409 1661 651 1728 εὐτελεῖς
691 1682 834 1730 τινες
878 1667 976 1718 καὶ
1019 1667 1210 1736 μικροὶ
1253 1665 1350 1719 καὶ
1387 1667 1620 1735 πάμπαν
1649 1667 1991 1738 ἠτιμωμένοι

2097 479 2470 549 guilt-alioue.
2527 481 2672 534 nulla
2738 495 2952 534 morum
3028 477 3494 532 emendaudorum
3541 486 3674 529 cura

2096 579 2370 640 suscepta,
2397 571 2678 641 impietate
2727 585 2825 626 sua
2857 569 3080 640 obligati
3127 567 3510 640 occubuerlnt,
3537 563 3672 620 nihil

2091 661 2203 732 jam
2237 663 2360 718 illos
2385 645 2456 718 de.
2487 663 2672 735 impiis
2723 661 3074 732 opinionibus
3105 673 3168 714 ac
3205 657 3506 714 sceleribus
3555 655 3673 711 suis

2095 753 2473 822 deposituros:
2501 769 2600 808 uec
2625 754 2922 824 quidquam
2963 751 3027 807 de
3073 749 3250 820 poenis
3287 747 3674 819 suppliciisque

2094 846 2339 911 aeternis,
2363 862 2486 914 qua:
2544 847 2738 900 exinde
2797 843 3528 906 imminebant,evitaturns.
3567 837 3672 905 Qui

2095 952 2227 993 vero
2257 938 2584 1006 superstites
2607 938 2768 991 vitam
2787 937 3085 991 etiamnum
3127 936 3354 999 ducunt,
3385 947 3478 987 eos
3507 947 3674 999 expe—

2095 1026 2204 1080 dite
2227 1037 2391 1096 atque
2407 1024 2568 1080 facile
2615 1027 2909 1095 proborum
2933 1035 2988 1081 et
3012 1025 3338 1094 sapientium
3363 1022 3670 1084 hominum,

2095 1118 2188 1188 qui
2220 1117 2388 1173 Deum
2429 1131 2494 1172 ex
2537 1117 2724 1172 animo
2765 1117 2974 1180 colunt,
3025 1117 3460 1175 institutionibus
3513 1114 3672 1190 quasi

2097 1210 2241 1264 bono
2275 1208 2540 1263 fermento
2573 1210 2856 1264 subactum
2891 1209 2978 1271 iri,
3013 1219 3069 1263 et
3095 1224 3236 1264 verae
3259 1210 3517 1265 doctrina:
3542 1227 3674 1280 quoa

2095 1297 2216 1353 dam
2245 1298 2410 1356 veluti
2443 1299 2554 1353 sale
2580 1314 2929 1369 conspersos,
2973 1312 3242 1368 perversa:
3276 1299 3384 1354 vim
3414 1316 3520 1355 non
3545 1319 3673 1357 seu-

2095 1403 2290 1444 suros:
2348 1390 2456 1444 sint
2477 1389 2602 1445 licet
2660 1400 2848 1444 tenues
2877 1389 3096 1458 quidam
3128 1391 3430 1460 etparvuli,
3465 1398 3521 1444 et
3553 1391 3674 1444 sine

2094 1479 2302 1534 honore
2330 1481 2552 1534 omnino
2592 1493 2656 1535 ac
2709 1480 3008 1549 despicatui
3061 1479 3254 1547 habiti,
3283 1490 3540 1551 tanquam
3585 1497 3674 1534 σοι

2095 1570 2361 1642 nosti“):
2410 1585 2535 1626 cum
2586 1571 2621 1625 ii
2674 1579 2887 1632 contra.
2948 1573 3038 1640 qui
3093 1586 3218 1626 cum
3257 1573 3535 1642 impietate
3574 1588 3672 1629 sua

2093 1661 2368 1725 obierunt,
2402 1668 2456 1714 et
2517 1660 2583 1713 ad
2631 1673 2729 1714 eos
2768 1661 2860 1728 qui
2890 1660 3099 1727 priores
3158 1662 3462 1726 decessere,
3508 1656 3690 1733 221.

409 1753 508 1808 καὶ
538 1756 960 1828 παρεωραμένοι
983 1735 1144 1829 δίκην
1165 1759 1364 1814 κυνῶν.
1399 1759 1464 1814 Οἱ
1494 1758 1552 1812 δὲ
1585 1735 1985 1813 συναποθανόν·

2095 1752 2288 1822 impias
2318 1751 2603 1820 opiniones
2630 1758 2686 1805 et
2706 1753 2936 1807 scelesta
2966 1751 3108 1805 facta
3144 1751 3506 1820 pertulerunt,
3541 1754 3670 1807 nihil

407 1863 500 1910 τες
543 1849 665 1912 ταῖς
709 1847 862 1918 σφῶν
905 1849 1206 1914 ἀσεϐείαις,
1229 1849 1326 1904 καὶ
1371 1849 1511 1920 πρὸς
1546 1850 1671 1913 τοὺς
1701 1851 1801 1922 ἤδη
1851 1867 1987 1922 προ-

2089 1843 2192 1916 iam
2216 1844 2432 1908 borum,
2485 1843 2657 1897 versis
2703 1843 2756 1896 in
2801 1842 2996 1897 melius
3013 1843 3302 1905 moribus.
3331 1843 3671 1898 itnmutaturl

407 1936 840 2006 κατοιχομένους
881 1938 1212 2004 ἀπελθόντες
1260 1939 1401 2008 μετὰ
1441 1938 1551 1994 τῶν
1589 1939 1806 1995 ἀσεϐῶν
1851 1941 1986 1995 ὐπο-

405 2027 621 2098 ληψεων
645 2029 740 2082 καὶ
761 2029 870 2083 τῶν
897 2031 1442 2101 ἁνοσιουργημάτων,
1468 2029 1568 2084 οὐκ
1595 2029 1677 2084 ἔτι
1698 2029 1985 2096 τεύξονται

405 2135 553 2182 τινος
599 2120 926 2192 ἀπαλλαγῆς
978 2121 1088 2177 τῶν
1135 2121 1393 2176 τοιούτων
1441 2121 1532 2176 διὰ
1587 2123 1685 2192 τῆς
1719 2123 1874 2194 πρὸς
1918 2123 1988 2178 τὰ

408 2210 606 2283 βελτίω
641 2213 980 2284 μετασολῆς,
1019 2213 1126 2268 κᾶν
1173 2207 1308 2268 ὦσιν
1349 2213 1613 2285 ἄρχοντές
1662 2231 1842 2279 τινες,
1881 2213 1987 2268 κᾶν

409 2302 658 2358 πλούσιοι
706 2303 804 2357 καὶ
855 2303 1118 2360 δυνάσται
1171 2303 1268 2359 καὶ
1316 2303 1580 2375 βασιλεῖς,
1633 2303 1708 2367 ώς
1762 2302 1858 2358 καὶ
1909 2305 1989 2377 τῷ

2085 1941 2193 1996 sint
2221 1961 2236 1996 :
2263 1939 2342 1994 vel
2365 1939 2410 1994 si
2437 1938 2790 2008 magistratus
2829 1936 3142 2008 gesserint.’
3181 1934 3263 1991 vel
3318 1937 3364 1990 si
3394 1934 3590 1988 divites
3612 1944 3669 1988 et

2085 2034 2328 2103 dynastas
2361 2041 2416 2086 et
2443 2045 2596 2099 reges
2625 2027 2850 2090 fuerint,
2882 2035 3047 2096 atque
3087 2027 3222 2082 adeo
3243 2036 3459 2096 propter
3487 2023 3667 2094 adi-pii

2087 2121 2427 2192 principatus
2454 2135 2520 2176 ac
2552 2117 2944 2172 dominat'ouis
2964 2116 3222 2172 ferociam
3248 2115 3495 2171 leonibus
3521 2129 3671 2170 rom.

2093 2211 2274 2282 parari
2335 2210 2629 2280 potuerint.
2677 2206 2796 2262 Jam
2846 2207 2994 2262 enim
3046 2207 3352 2276 interempti
3415 2216 3562 2266 sunt,
3592 2214 3669 2266 rt,

2099 2316 2156 2357 ut
2219 2303 2478 2372 scriptum
2509 2311 2630 2357 est:
2671 2319 2688 2350 ι
2721 2297 2826 2352 Eos
2865 2297 3009 2356 Deus
3063 2297 3366 2368 interclusit
3399 2296 3535 2368 (55).
3573 2315 3592 2347 ι

406 2395 730 2467 φρυάγματι
799 2397 898 2466 τῆς
944 2395 1228 2466 παρούσης
1275 2398 1463 2460 αὐτοῖς
1532 2396 1708 2466 ἀρχῆς
1753 2396 1849 2449 καὶ
1893 2395 2217 2460 δυναστείας
2283 2394 2522 2448 ἐοικέναι
2587 2392 2701 2455 τοῖς
2744 2389 2979 2447 λέουσιν.
3017 2391 3158 2464 Ἤδη
3201 2391 3311 2462 γὰρ
3364 2388 3672 2460 ινεκρώθηο

407 2508 527 2555 σαν,
578 2493 674 2546 καὶ
721 2491 866 2547 κατὰ.
913 2492 976 2546 τὸ
1027 2490 1443 2562 γεγραμμένον,
1483 2511 1502 2543 ι
1551 2491 1904 2546 ’Δπέκλεισεν
1958 2493 1988 2545 ό
2015 2491 2148 2556 Θεὸς
2179 2492 2300 2546 κατ’
2333 2490 2536 2544 αὐτῶν.
2579 2510 2598 2541 ι

473 2582 645 2638 Τοῦτο
704 2579 834 2648 οὖν,
904 2585 933 2636 ὃ
987 2600 1154 2654 φησιν
1214 2585 1244 2636 ὁ
1295 2583 1460 2668 σοφὸς
1511 2584 1981 2655 Ἐκκλησιαστὴς,

411 2693 432 2726 ‹
467 2675 654 2728 Ἔστιν
683 2674 858 2740 ἐλπὶς,
877 2677 960 2729 ὅτι
985 2677 1012 2727 ὁ
1033 2674 1184 2728 κύων
1207 2677 1235 2728 ό
1266 2673 1394 2739 ζῶν,
1415 2675 1578 2739 αὐτὸς
1609 2676 1816 2744 ἀγαθὸς
1840 2677 1982 2748 ὑπὲρ

403 2762 498 2816 τὸν
533 2763 726 2818 λέοντα
768 2765 862 2818 τὸν
892 2765 1108 2836 νεκρὸν,
1147 2783 1166 2816 ι
1201 2765 1294 2817 τὸν
1315 2760 1674 2835 ’ἠτιμωμένον
1707 2767 1799 2819 καὶ
1829 2767 1982 2820 λελο-

2164 2585 2218 2640 Id
2251 2587 2413 2653 igitur
2443 2585 2710 2653 est,quod
2743 2581 2815 2638 ait
2845 2577 3059 2652 sapiens
3103 2575 3486 2636 Ecclesiastes:
3525 2598 3543 2632 ι
3575 2571 3673 2636 Est

2091 2692 2236 2746 Spes,
2270 2677 2526 2746 quonlaut
2589 2675 2740 2730 canis
2787 2674 2972 2729 vivens
3013 2673 3126 2743 ipse
3173 2673 3348 2728 bonus
3373 2687 3536 2741 super
3561 2671 3672 2726 leo:

2090 2785 2210 2823 ueni
2253 2778 2545 2830 mortuum,
2591 2784 2608 2814 ο
2645 2774 3017 2834 contemptum
3053 2776 3100 2820 et
3140 2766 3295 2834 quasi
3349 2779 3538 2818 canem
3574 2764 3672 2818 lia--

404 2855 670 2925 γισμένον
703 2857 778 2920 ώς
813 2856 972 2922 κύνα,
1002 2855 1092 2910 διὰ
1128 2857 1230 2925 τὴν
1259 2856 1527 2926 ἀφάνειαν
1570 2859 1666 2910 καὶ
1702 2857 1800 2928 τὴν
1823 2874 1986 2928 προσο

2099 2861 2291 2923 bilum,
2323 2858 2903 2928 proptr-rinhaet'enten:
2928 2856 3318 2925 ignobilitatem
3349 2865 3399 2908 et
3431 2856 3669 2925 inopiam

405 2943 578 2997 οὖσαν
622 2945 772 3015 αύτῷ
817 2947 1010 3000 πενίαν
1053 2948 1148 3001 καὶ
1191 2948 1504 3017 πτωχείαν,
1534 2947 1746 3016 ἀγαθὸς
1802 2946 1975 3000 εἰπὼν

403 3035 494 3089 διὰ
547 3036 648 3107 τὴν
704 3037 839 3110 πρὸς
888 3039 958 3090 τὰ
1013 3038 1250 3110 κρείττω
1297 3037 1636 3108 μεταϐολὴν,
1695 3039 1835 3104 ὑπὲρ
1893 3037 1983 3089 τὸν

405 3126 597 3180 λέοντα
629 3128 721 3181 τὸν
752 3129 1189 3200 ὑπεραιρόμενον
1211 3131 1305 3181 καὶ
1337 3129 1852 3198 μεγαλαυχούμενον
1879 3129 1985 3182 πά-

406 3217 495 3272 λαι
530 3219 662 3272 ποτὲ
711 3222 776 3291 τῇ
815 3221 1109 3291 πορφυρίδι
1161 3222 1255 3272 καὶ
1291 3221 1369 3290 τῷ
1415 3220 1709 3290 διαδήματι
1748 3219 1826 3290 τῷ
1863 3220 1982 3272 δια-

405 3308 538 3380 λίθῳ
568 3293 665 3363 καὶ
721 3312 1256 3382 μεμαργαρωμένῳ·
1298 3311 1603 3379 τεθνηκότα
1645 3313 1708 3382 δὴ
1763 3310 1857 3363 νῦν
1889 3314 1984 3363 καὶ

407 3401 670 3468 γεγονότα
698 3404 914 3474 νεκρὸν,
968 3404 1061 3455 καὶ
1106 3403 1193 3456 διὰ
1221 3403 1381 3456 τοῦτο
1417 3403 1691 3472 μηδεμίαν
1727 3401 1985 3468 δέξασθαι

407 3492 763 3562 δεδυνημένον
809 3495 1097 3564 διόρθωσιν
1147 3497 1241 3548 καὶ
1291 3495 1595 3562 βελτίωσιν.
1649 3495 1822 3546 Τοῦτο
1878 3497 1986 3564 γὰρ

412 3584 640 3652 ἐμπεδοῖ
661 3585 757 3636 καὶ
779 3585 842 3636 τὺ
867 3585 1136 3652 ἑπόμενον
1167 3585 1388 3652 άμέσως
1420 3584 1514 3636 καὶ¹
1543 3583 1773 3650 φάσκον,
1811 3603 1828 3632 ι
1866 3585 1987 3636 Ὅτι

410 3677 462 3727 οι
486 3673 686 3737 ζῶντες
710 3673 1011 3742 γνώσονται
1043 3675 1124 3726 ὅτι
1145 3673 1568 3734 ἀποθανοῦνται.
1604 3675 1698 3726 tui.
1727 3674 1774 3725 ol
1805 3675 1990 3745 νεκροὶ

411 3767 514 3817 οὐκ
547 3766 655 3817 εἰσὶ
682 3764 1044 3833 γινώσκοντες
1071 3764 1248 3827 οὐδὲν,
1276 3766 1369 3817 καὶ
1388 3766 1490 3816 οὑκ
1516 3764 1666 3818 ἔστιν
1697 3767 1881 3831 αύτοΐς
1909 3765 1990 3819 ἔτι

413 3855 730 3928 μισθὸς,ὅτι
757 3855 1088 3927 ἐπελήσθηή
1121 3859 1310 3926 μνήμη
1336 3857 1516 3910 αὐτῶν
1539 3873 1552 3885 ο
1587 3858 1680 3910 καί
1711 3875 1774 3926 γε
1798 3858 1989 3928 ἀγάπη

409 3948 615 4014 αὐτῶν,
663 3947 760 4002 καί
809 3965 873 4015 γε
925 3948 1086 4018 μίσος
1134 3947 1334 4008 αὐτῶν.
1373 3947 1469 4000 καί
1505 3964 1570 4016 γε
1605 3949 1767 4019 ζῆλος
1809 3949 1990 4003 αὐτῶν

407 4044 509 4115 ἤδη
549 4040 818 4107 ἀπώλετο,
849 4042 944 4094 καὶ⁸
979 4043 1137 4111 μερὶς
1163 4040 1263 4092 οὑκ
1299 4040 1453 4093 ἔσται
1486 4040 1671 4104 αὐτοῖς
1709 4043 1790 4102 είς
1816 4043 1990 4096 αἰῶνα

2085 2961 2134 3004 et
2161 2956 2566 3018 paupertatem;
2596 2956 2787 3003 etcum
2826 2948 3021 3000 mutari
3054 2946 3142 3000 ille
3170 2948 3222 3000 iu
3257 2945 3447 3000 melius
3475 2945 3670 3014 possit,

2085 3041 2248 3094 bonus
2291 3041 2438 3092 audit
2473 3055 2582 3109 pra:
2628 3041 2798 3100 leone,
2832 3039 2922 3108 qui
2966 3038 3093 3090 olim
3129 3037 3272 3092 τας-ιιι
3312 3037 3670 3106 strperbiaq'tu

2083 3130 2280 3194 elatus,
2311 3143 2606 3198 purpuram
2629 3140 2682 3183 et
2717 3131 2964 3183 diadema
3033 3144 3062 3182 e
3089 3128 3316 3196 genuinis
3362 3141 3426 3182 ac
3458 3143 3670 3194 marga-

2087 3221 2205 3275 ritis
2237 3221 2573 3284 ostentabat;
2639 3235 2784 3273 nunc
2810 3207 2959 3274 vero
3001 3221 3330 3282 exstinctus,
3354 3229 3406 3272 et
3436 3221 3672 3274 mortuis

2085 3319 2498 3374 annumeratus,
2531 3311 2676 3365 nullo
2705 3320 2985 3380 propterea
3049 3312 3208 3365 modo
3244 3311 3441 3381 corrigi
3471 3321 3528 3366 et
3558 3329 3668 3364 me-

2086 3403 2274 3455 liorem
2301 3407 2366 3456 ad
2386 3402 2596 3471 frugem
2627 3405 2804 3456 redire
2821 3412 3016 3471 potest.
3044 3401 3156 3457 Hoc
3181 3402 3324 3457 enim
3353 3417 3414 3455 et
3452 3417 3671 3472 qucque

2088 3493 2433 3556 roullrmaut,
2457 3507 2576 3561 quae
2620 3492 2866 3559 prosime
2909 3503 3274 3562 sequunturu
3308 3493 3444 3558 Quia
3479 3495 3670 3546 viven-

2088 3592 2171 3635 los
2225 3583 2398 3637 st-ieut
2445 3584 2588 3650 quod
2664 3584 3003 3647 morientur;
3059 3591 3112 3636 et
3163 3585 3360 3636 mortui
3395 3598 3500 3637 non
3543 3592 3672 3639 sunt

2087 3683 2474 3739 cOguoscentes
2531 3673 2850 3740 quidquam,
2905 3684 2957 3726 et
3022 3687 3130 3726 non
3179 3681 3264 3727 est
3309 3673 3391 3727 eis
3433 3675 3672 3743 amplius

2091 3778 2329 3830 merces;
2360 3765 2413 3818 in
2458 3764 2787 3818 oblivionem
2821 3765 2966 3818 enim
3000 3764 3145 3818 venit
3167 3766 3426 3819 memoria
3452 3781 3667 3824 eorum.

2088 3853 2267 3909 Etiam
2299 3855 2522 3911 dilectio
2559 3871 2772 3919 eorum,
2819 3857 2983 3910 etiam
3039 3856 3223 3910 odium
3265 3871 3476 3922 eorum,
3503 3859 3668 3912 etiam

2090 3949 2236 4002 zelus
2264 3965 2452 4003 eorum
2478 3949 2590 4018 jam
2641 3949 2837 4018 periit:
2889 3957 2942 4003 et
2969 3963 3096 4018 pars
3145 3963 3250 4002 non
3281 3950 3386 4005 erit
3416 3951 3496 4006 eis
3525 3953 3669 4007 ultra

2090 4043 2143 4093 lu
2188 4040 2468 4103 satillum,
2502 4041 2555 4093 in
2605 4041 2754 4094 omni
2809 4041 2956 4107 quod
3005 4039 3211 4095 factum
3231 4041 3430 4096 eststh
3459 4043 3594 4098 sole.
3645 4063 3664 4095 ι

407 4136 465 4188 ἂν
497 4133 663 4188 παντὶ
701 4131 780 4200 τῷ
829 4132 1185 4202 πεποιημένῳ
1229 4132 1338 4184 ὑπὸ
1372 4132 1463 4183 τὸν
1492 4130 1668 4201 ἥλιον.
1711 4151 1730 4184 ι
1777 4131 1837 4184 '0
1878 4132 1987 4204 γὰρ

2091 4128 2225 4182 Nam
2259 4130 2351 4198 qui
2385 4143 2510 4182 cum
2557 4129 2833 4197 impietate
2857 4138 2912 4182 et
2947 4127 3094 4184 vitiis
3123 4144 3189 4184 ac
3227 4129 3526 4186 sceleribus
3555 4133 3671 4188 suis

409 4221 799 4281 συναποθανὼν
836 4225 958 4286 ταῖς
1003 4223 1164 4287 ίδίαις
1211 4222 1556 4286 eameam;
1587 4223 1683 4276 καὶ
1734 4221 1987 4293 πλημμε-

2095 4231 2338 4274 mortuus
2368 4231 2472 4284 est,
2501 4236 2814 4292 quanquam
2865 4221 3093 4276 illustris
3129 4231 3286 4276 antea
3312 4232 3431 4276 erat
3469 4231 3525 4277 et
3554 4227 3671 4292 glo-

408 4314 582 4377 λεὶαις
610 4315 707 4368 καὶ
725 4302 1218 4386 πονηροπραξίαις,
1236 4311 1338 4366 κᾶν
1364 4314 1674 4385 περιφανὴς
1701 4315 1798 4366 καὶ
1823 4311 1980 4383 περίς

407 4404 557 4471 δοξος
585 4400 678 4477 ἦν,
713 4406 807 4459 καὶ
845 4405 1338 4477 λελαμπρυσμένος
1371 4405 1466 4458 καὶ
1510 4403 1985 4475 κατηγλαῖσμένος

406 4493 486 4564 τῷ
535 4493 753 4564 πλούτῳ
796 4497 890 4548 καὶ
940 4494 1140 4564 κόμπῳ
1185 4493 1284 4563 τῆς
1322 4489 1766 4562 περικυκλούσης
1819 4489 1985 4542 αὐτὸν

410 4582 750 4654 πανταχόθεν
805 4583 1128 4655 εὐετηρίας,
1187 4583 1389 4654 χείρων
1441 4580 1676 4652 εὕρηται
1744 4581 1837 4632 καὶ
1888 4577 1984 4632 τοῦ

407 4675 799 4730 ταπεινοτάτου
841 4677 937 4730 καὶ
973 4676 1304 4729 πενεστάτου
1347 4675 1442 4727 καὶ
1473 4673 1846 4743 πτωχοτάτου,
1887 4674 1982 4726 καὶ

410 4767 883 4838 περιεσχισμένοις
931 4765 1178 4836 ρακκίοις
1226 4765 1608 4836 ἠμφιεσμένον
1665 4764 1762 4818 καὶ
1814 4780 1984 4835 προσ-

409 4858 687 4924 αιτοῦντος
713 4899 727 4925 ,
759 4859 856 4913 καὶ
886 4860 961 4929 μή
997 4876 1084 4912 πω
1125 4858 1449 4929 τεθνηκότος
1475 4899 1488 4923 ,
1525 4857 1640 4910 ἀλλ’
1669 4855 1986 4920 ἐλπίζοντος

479 5041 595 5114 (54)
629 5041 1227 5114 Prover‘biumnempe
1263 5038 1394 5114 illud
1424 5037 1814 5114 fuissecenset
1849 5040 1988 5096 Dru-

415 5110 532 5166 sius
557 5110 756 5181 (Prov.
792 5111 860 5167 cl.
892 5111 936 5175 1,
958 5110 1052 5164 lib.
1083 5125 1120 5164 ll
1141 5148 1157 5172 ,
1195 5125 1252 5166 n.
1281 5110 1420 5180 ‘55),
1445 5111 1986 5181 quoideclararrtur,

406 5180 669 5237 omnibus
696 5183 940 5254 partibus
965 5181 1244 5234 meliorem
1287 5195 1412 5235 esse
1441 5180 1810 5254 conditionem
1840 5185 1990 5238 vivo-

413 5267 559 5317 rum,
583 5250 746 5320 quain
779 5261 1122 5306 mortuorum
1158 5267 1173 5304 :
1201 5260 1460 5306 cancrum
1511 5250 1562 5304 id
1605 5266 1671 5304 ex
1703 5252 1988 5307 hominum

413 5325 845 5391 voluptariorum
897 5331 1164 5376 seuteutta
1233 5329 1557 5390 usurpatum
1617 5322 1741 5376 aliis
1791 5323 1988 5386 videri,

414 5396 559 5462 quod
588 5393 666 5446 illi
719 5395 772 5447 iu
813 5401 985 5447 morte
1013 5391 1148 5462 nihil
1197 5393 1436 5445 hominis
1475 5395 1765 5460 superesse
1797 5395 1988 5449 crede-

415 5459 569 5534 rent,
600 5467 785 5534 itaque
825 5465 875 5516 ei
928 5459 1248 5534 pra-ferrent
1283 5463 1448 5514 vitam
1481 5459 1854 5534 quatutumvis
1891 5464 1988 5519 ab-

409 5530 768 5600 iectissimaut
795 5544 847 5586 et
873 5530 1421 5603 cuutetupttssimatu.
1449 5532 1609 5603 Addit
1639 5543 1819 5586 tamen
1852 5535 1985 5603 ipse,

413 5603 560 5674 quod
592 5603 838 5674 Gregorii
889 5601 1527 5674 tt05tt_i_interpretationi
1578 5618 1811 5658 tnaxztne
1851 5601 1988 5659 con-

415 5669 597 5741 gruit;
641 5669 729 5729 ait'
755 5675 899 5728 enim
931 5689 943 5724 :
978 5689 995 5722 ι
1039 5669 1212 5726 Verba
1245 5673 1333 5726 illa
1364 5671 1500 5726 Huic
1538 5688 1652 5742 spcs
1685 5682 1794 5738 est,
1833 5691 1985 5730 cotu-

2092 4311 2170 4363 ria
2201 4310 2397 4374 elatus,
2427 4325 2494 4366 ac
2521 4311 2812 4379 splendore
2859 4312 3172 4366 divitiarum
3202 4320 3258 4366 ct
3291 4311 3540 4366 aﬂluente
3565 4329 3668 4366 unc

2089 4403 2461 4472 diquexerutn
2504 4405 2662 4473 capia
2713 4406 2954 4458 enitebat
2996 4418 3167 4472 seque
3201 4403 3465 4472 jactabat,
3519 4405 3670 4472 pejor

2082 4492 2197 4560 jam
2215 4492 2395 4551 factus
2417 4501 2501 4550 est
2535 4495 2840 4549 humillimo
2892 4509 3117 4566 quoque
3145 4502 3200 4548 et
3246 4496 3590 4564 pauperrimo
3613 4505 3667 4550 et
3716 4531 3724 4538 -

2089 4585 2464 4653 egentissimo,
2504 4588 2596 4655 qui
2634 4600 2914 4656 pannosus
2937 4571 3226 4652 ineudicet,
3257 4586 3352 4640 sed
3405 4585 3564 4639 vitam
3590 4596 3670 4638 ta.

2093 4695 2213 4731 tuen
2247 4678 2445 4742 trahat,
2469 4679 2553 4733 cui
2576 4687 2874 4733 etiamnum
2915 4693 3040 4747 spes
3076 4687 3179 4742 est,
3213 4693 3273 4732 se
3311 4681 3380 4732 ad
3409 4683 3668 4733 emeuda~

2096 4770 2293 4823 tionem
2337 4771 2422 4823 sui
2461 4771 2842 4840 potioremque
2878 4769 3090 4825 vivendi
3132 4768 3396 4824 rationem
3443 4785 3671 4840 perven-

2070 4869 2291 4918 turum.
2320 4858 2538 4913 Illorqu
2561 4860 2705 4914 enim
2728 4859 2912 4916 omnia
2937 4857 3122 4914 abiere
3159 4873 3225 4914 ac
3253 4859 3484 4929 disiecta
3519 4872 3668 4925 sunt,

2086 5043 2248 5100 mode
2274 5043 2448 5114 accipi
2497 5050 2721 5114 possent
2754 5041 2825 5098 de
2871 5056 2939 5098 eo
2989 5040 3083 5114 qui
3115 5041 3261 5098 vitiis
3283 5039 3505 5096 deditus
3532 5048 3618 5114 est
3651 5057 3663 5094 :

2085 5117 2174 5168 cui
2204 5115 2326 5168 vivo
2348 5112 2417 5168 ad
2448 5112 2728 5168 meliorem
2765 5112 3024 5168 meutem‘
3043 5123 3096 5167 et
3125 5113 3450 5168 sententiam
3491 5112 3672 5164 redire

2087 5184 2233 5249 licet,
2272 5195 2493 5238 mortuo
2539 5184 2722 5238 nullus
2753 5185 2980 5239 relicrus
3030 5181 3364 5239 honestiuris
3399 5184 3522 5235 vitae
3566 5182 3673 5234 ini-

2089 5255 2223 5307 tium
2275 5254 2595 5308 exordiendi
2645 5255 2824 5308 locus.
2859 5271 2878 5303 ι
2928 5252 3099 5308 Porro
3147 5255 3522 5322 interpretatio
3581 5251 3674 5308 illa

2089 5326 2240 5394 prior
2271 5324 2514 5392 Gregorii
2562 5323 3020 5394 Neocaesariensis
3060 5333 3145 5378 est
3199 5321 3614 5394 (itr’ﬂetaphm
3653 5338 3666 5373 :

2089 5389 2206 5448 lucc
2229 5389 2418 5458 altera,
2443 5409 2606 5462 quam
2641 5393 2871 5448 Drusius
2893 5389 3268 5463 antplectitu'r,
3280 5389 3674 5463 Hieronymum

2091 5475 2369 5518 auctorem
2401 5459 2561 5518 habet
2595 5466 2673 5532 (in
2697 5459 3010 5518 Comment.
3043 5459 3300 5528 Eceles.).

2168 5536 2276 5604 (ὃὸ)
2321 5536 2538 5588 Davidis
2573 5529 2734 5588 verba
2776 5535 3005 5604 indicari
3037 5533 3291 5604 Videntur
3325 5529 3463 5604 psal.
3502 5545 3665 5596 xxxv,

2095 5607 2130 5662 ‘5
2158 5600 2529 5672 ε’Σὺ-ίκλεισον
2570 5603 2882 5668 ἐξεναντίας
2924 5603 3035 5655 τῶν
3078 5600 3530 5655 καταδιωκόντων
3577 5619 3670 5670 με.
