4076 6310
459 511 593 579 1075
1585 507 1646 569 S.
1701 505 2078 566 GREGORII
2133 503 2644 567 AGRIGENTINI
3586 495 3721 564 1076

453 627 704 682 rationes
741 623 1042 690 deﬂectas;
1073 620 1206 676 illud
1257 619 1493 676 subinde
1535 619 1716 673 virum
1743 619 1953 681 e'docet,
1979 627 2038 672 ut

2157 617 2624 687 παρεκτρέπεσθαι
2659 614 2792 686 πρὸς
2824 613 2928 676 τὰς
2967 613 3080 668 τῶν
3123 611 3404 683 λογισμῶν
3436 613 3724 684 σκολιότη-

453 733 558 772 una
588 717 820 786 quisque
881 728 1052 769 uxore
1097 721 1392 768 contentus
1419 711 1512 775 sit,
1557 726 1622 765 ea
1653 724 2032 779 nempequam

2157 724 2259 772 :a;,
2284 707 2597 770 ἀκολούθως
2625 708 2720 760 καὶ
2767 705 2900 776 μίαν
2943 703 3090 776 ἐχειν
3119 706 3358 773 γυναῖκα
3386 703 3478 758 τὸν
3506 703 3604 758 ἐνα
3630 705 3726 759 ἀνα

455 822 630 874 pruna
655 825 684 856 ιι
717 805 915 860 amavit
948 819 1012 858 ac
1042 803 1144 858 sibi
1179 803 1366 868 duxit;
1393 813 1560 870 utque
1587 801 1640 855 in
1695 815 1888 855 omnes
1913 801 2038 854 vitae

2157 797 2242 866 ipa
2273 797 2555 862 διδάσκει,
2603 796 2703 866 τὴν
2731 796 2790 863 ἐξ
2819 797 2998 866 ἀρχῆς
3031 796 3416 866 ἀγαπηθεῶαν
3447 795 3598 867 αὐτῷ
3631 798 3728 853 καὶ

455 913 569 951 smn
595 897 712 951 dies
765 896 834 950 ab
879 895 986 950 alia
1009 909 1340 964 quacunque
1373 905 1599 963 prorsus
1641 891 1950 953 abstineat;
1985 899 2040 942 et

2157 887 2590 957 κροσληφθεῖσαν
2611 905 2626 920 ο
2660 888 2754 941 καὶ
2787 887 3054 957 μηδαμῶς
3105 889 3164 940 ἐν
3198 887 3400 950 πάσαις
3438 890 3560 951 ταῖς
3587 890 3728 958 ὴμέ-

459 988 549 1043 uni
579 1001 683 1042 una
725 986 796 1040 sit
853 985 1008 1050 satis,
1063 982 1523 1054 quemadmodum
1570 976 2041 1048 pt'atscripsitedi-

2157 994 2272 1048 ραις
2304 979 2403 1048 τῆς
2439 979 2677 1033 ἐνταῦθα
2712 979 3005 1047 παροικίας
3036 977 3204 1048 ἀλλην
3254 978 3386 1032 ποτὲ
3429 978 3727 1046 διαγνῶναι

459 1079 646 1144 sitque
673 1075 960 1140 Conditor,
1011 1091 1133 1128 cum
1167 1075 1274 1128 ait:
1311 1093 1328 1125 ι
1362 1071 1479 1126 Neu
1537 1082 1620 1126 est
1663 1071 1866 1124 bonum
1916 1083 2042 1123 esse

2157 1067 2218 1127 ιδ,
2237 1069 2459 1124 σύνολον
2480 1085 2494 1100 ·
2525 1069 2646 1123 ἀλλ’
2692 1069 2986 1139 ἀρκεῖσθαι
3033 1071 3128 1124 τδν
3169 1070 3270 1124 ἐνα
3298 1073 3366 1141 τῇ
3417 1071 3519 1140 μιᾷ
3539 1109 3553 1131 ,
3585 1071 3729 1127 κατὰ

459 1163 733 1220 ιιοιυίηοιιι
777 1161 977 1224 solum,
1027 1159 1298 1214 faciamus
1351 1162 1400 1213 ei
1467 1158 1799 1227 adjutorium
1865 1156 2044 1210 s‘mile

2157 1161 2237 1212 τὸν
2266 1161 2391 1231 ὃρον
2418 1163 2513 1216 καὶ
2543 1163 2704 1231 λόγον
2731 1162 2827 1216 τοῦ
2853 1163 3386 1233 Δημιουργήσαντος
3415 1163 3508 1214 καὶ
3541 1161 3728 1214 εἰπόν-

460 1252 564 1306 sibi
596 1252 644 1285 ⁸⁸
666 1267 740 1316 ςσι
777 1266 869 1320 qut
897 1261 951 1306 et
985 1266 1091 1306 una
1115 1250 1182 1304 de
1229 1248 1396 1304 costis
1429 1247 1546 1315 ejus
1581 1256 1820 1316 sumpta,
1857 1263 1876 1298 ι
1919 1260 2044 1299 θαι-ο

2157 1266 2260 1316 τος,
2294 1270 2312 1302 ι
2353 1252 2428 1305 (ιύ
2463 1251 2628 1306 καλὸν
2679 1248 2819 1306 εἶναι
2863 1254 2956 1306 τὸν
2993 1253 3280 1324 ἄνθρωπον
3332 1254 3530 1322 μόνον,
3572 1253 3732 1322 ποιή-

461 1354 584 1395 ttem
622 1337 850 1409 replevit
879 1352 977 1406 pro
1007 1352 1070 1392 ea
1097 1336 1164 1402 ",
1204 1355 1222 1388 ι
1265 1345 1586 1406 castamque
1615 1351 1780 1405 quam
1808 1334 2047 1404 sumpsit

2157 1357 2335 1413 σωμεν
2373 1342 2524 1414 αὐτῷ
2555 1343 2750 1414 βοηθὸν
2779 1347 2902 1398 κατ’
2936 1345 3139 1399 αὐτόν⁵
3182 1363 3200 1396 ι
3239 1343 3299 1406 δς
3329 1345 3425 1397 καὶ
3458 1343 3588 1414 μίαν
3627 1343 3731 1399 λαε

463 1431 516 1489 iu
553 1429 799 1486 mulieris
853 1429 1090 1500 speciem
1147 1427 1495 1498 formamque
1555 1427 1864 1482 adornavit.
1907 1424 2045 1482 Pars

2157 1429 2262 1484 δῶν
2319 1431 2430 1484 τῶν
2483 1432 2736 1505 πλευρῶν
2789 1434 2978 1497 αὑτοῦ,
3041 1453 3059 1484 ι
3094 1433 3275 1504 σάρκα
3341 1433 3732 1503 ἀνεπλήρωσεν

465 1523 630 1588 igitur
658 1523 869 1578 homini
929 1525 1055 1578 data
1112 1525 1228 1592 ipsa
1277 1533 1402 1589 est;
1447 1532 1631 1592 aperte
1691 1523 1838 1577 enim
1897 1531 2048 1578 costa

2157 1519 2265 1573 ἀντ’
2294 1521 2488 1588 αὐτῆς,
2520 1539 2539 1572 ι
2575 1523 2668 1576 καὶ
2697 1521 2796 1592 τὴν
2827 1521 3090 1593 πλευρὰν,
3108 1521 3176 1592 ἢν
3204 1520 3418 1582 ἐλαϐεν,
3445 1521 3522 1579 είς
3538 1537 3733 1588 γυναι-

467 1631 572 1675 una
596 1617 662 1672 de
712 1617 862 1672 illius
899 1625 1097 1670 natura
1137 1615 1254 1669 fuit.
1297 1614 1445 1669 llanc
1487 1616 1651 1684 igitur
1671 1616 1812 1681 vide,
1851 1614 2048 1684 inquit,

2157 1611 2248 1673 κδς
2276 1605 2416 1675 εἶδος
2447 1613 2542 1665 καὶ¹
2575 1612 2791 1682 μορφὴν
2833 1611 3261 1666 κατεσκεύασεν,
3309 1609 3458 1678 Αὕτη
3492 1605 3586 1662 οὖν
3613 1611 3732 1668 ἐστι

467 1712 524 1756 et
562 1703 821 1757 omnibus
851 1703 972 1755 vitae
1025 1703 1188 1770 hujus
1227 1712 1280 1754 et
1319 1702 1574 1758 vanitatis.
1611 1701 1804 1756 diebus
1845 1715 2052 1770 (εοεηο-

2157 1703 2186 1770 ή
2215 1701 2432 1754 δοθεῖσα
2464 1702 2544 1772 τῷ
2573 1703 2852 1772 ἀνθρώπῳ
2882 1705 3070 1774 μερίςο
3105 1703 3318 1770 πλευρά
3357 1701 3466 1771 γὰρ
3507 1701 3604 1771 μία
3632 1700 3733 1768 τῆς

473 1791 616 1848 scito
652 1791 761 1861 (ιιι)
791 1809 804 1846 :
832 1789 992 1845 aliam
1022 1807 1150 1846 vero
1175 1807 1452 1860 nunquam
1480 1791 1706 1844 omnino
1731 1806 2050 1866 cognoscas.

2157 1791 2365 1845 ἐκείνου
2397 1792 2612 1861 φύσεως
2645 1795 2858 1864 ὑπῆρχε
2897 1794 3107 1862 σαφῶς.
3141 1793 3360 1859 Ταύτην
3389 1789 3480 1845 οὖν
3531 1791 3604 1845 ίδέ
3635 1791 3736 1843 καὶ

471 1883 782 1942 V'anitatetn
840 1894 1022 1940 autem
1094 1883 1219 1938 vitae
1264 1884 1556 1955 appellavit
1613 1884 1932 1940 varietatem
1996 1892 2052 1937 et

2157 1883 2415 1954 γνώριζε,
2467 1884 2636 1957 φησι,
2677 1885 2860 1949 πάσας
2915 1885 3014 1948 τὰς
3067 1883 3281 1956 ἡμέρας
3337 1883 3440 1953 τῆς
3493 1881 3733 1936 ἐνταῦθα

470 1976 887 2031 conversionem
939 1978 1412 2040 mutationemque
1457 1974 1671 2030 arbitrii
1712 1975 2050 2029 voluntatum

2157 1971 2306 2042 ζωῆς
2328 1976 2420 2027 καὶ
2448 1977 2809 2047 ματαιότητος
2834 1993 2848 2007 ⁸
2878 1977 3072 2048 ἑτέραν
3096 1977 3151 2028 δὲ
3174 1975 3442 2044 μηδέποτε
3459 1974 3646 2042 γνοίης
3671 1976 3736 2026 τὴ

471 2067 874 2124 humanarum:
906 2065 977 2118 ob
1022 2078 1145 2132 qua:
1169 2079 1312 2132 saepe
1360 2061 1548 2116 infelix
1589 2063 1753 2115 homo
1783 2077 1848 2114 ex
1877 2062 2050 2131 negli-

2157 2064 2400 2119 σύνολον.
2432 2067 2794 2137 Ματαιότητα
2834 2067 2891 2120 δέ
2919 2067 3066 2137 ζωῆς
3091 2065 3348 2136 ὠνόμασε
3375 2065 3476 2136 τὴν
3505 2065 3736 2118 ἀλλοίω-

469 2157 651 2226 ιιειηὶα
683 2156 916 2225 quadam
953 2163 1006 2207 et
1028 2153 1351 2208 remissione
1382 2154 1447 2206 ad
1481 2168 1545 2206 ea
1577 2153 1762 2205 animo
1792 2151 2051 2205 volvenda

2157 2173 2240 2207 σιν
2273 2158 2366 2209 καὶ
2400 2158 2744 2228 περιτροπὴν
2779 2160 2872 2211 καὶ
2903 2157 3210 2228 μεταϐολὴν
3237 2158 3335 2227 τῆς
3383 2157 3468 2226 ἐφ’
3495 2155 3733 2225 ἑκάτερα

469 2247 764 2312 delabitur,
821 2243 984 2323 225
1028 2260 1150 2316 quae
1187 2245 1252 2303 ad
1305 2253 1587 2315 peccatum
1635 2243 1924 2296 adducant.
1962 2241 2053 2294 Ait

2157 2245 2332 2324 ῥοπῆς
2369 2247 2478 2299 τῶν
2521 2247 2881 2318 ἀνθρωπίνων
2911 2247 3182 2318 γνωμῶν
3233 2251 3292 2302 ἐν
3339 2242 3424 2310 αἷς
3475 2246 3732 2310 πολλάκις

392 2413 402 2422 Α
469 2335 664 2396 deinde
695 2353 707 2392 :

2153 2336 2248 2390 καὶ
2297 2337 2434 2408 πρὸς
2496 2339 2884 2411 ἀμαρτητικὰς
2934 2338 3264 2410 ἐνθυμήσεις
3313 2340 3342 2391 ὁ
3387 2336 3734 2407 ταλαίπωρος

2154 2425 2445 2496 ἄνθρωπος
2491 2427 2557 2480 ἐκ
2601 2445 2746 2492 τινος
2800 2429 3136 2500 ἀπροσεξίας
3182 2426 3585 2482 κατολισθαίνει
3636 2427 3732 2482 καὶ

2158 2518 2453 2590 ῥᾳθυμίας.
2494 2515 2629 2579 Εἶτά
2667 2536 2835 2594 φησι⁶

2008 2618 2036 2691 5
2072 2621 2202 2677 vm.

549 2717 710 2775 Vens.
745 2718 832 2773 10.
872 2719 1064 2774 Omnia
1093 2732 1211 2789 qua
1247 2716 1499 2770 invenerit
1527 2729 1713 2768 manus
1741 2723 1830 2765 tua
1855 2715 2046 2778 facere,

474 2823 626 2880 prout
654 2812 820 2866 riuus
851 2823 967 2879 tua,
993 2812 1111 2880 fac:
1141 2811 1266 2880 quia
1292 2824 1394 2862 non
1417 2818 1494 2861 est
1527 2814 1742 2876 opus,“
1775 2805 2048 2874 cogitatio,

473 2911 522 2959 et
560 2905 805 2969 scientia,
829 2914 878 2958 et
912 2903 1172 2973 sapientia
1208 2903 1263 2955 in
1323 2899 1528 2967 inferno
1558 2938 1572 2962 ,
1627 2914 1730 2968 quo
1781 2910 1838 2950 ut
1891 2897 2048 2950 vades

475 2994 604 3048 illuc
636 2994 768 3064 (Η).

554 3087 842 3158 Egregium
880 3083 1003 3139 vitae
1028 3084 1316 3138 hominum
1349 3083 1717 3136 institutorem
1745 3096 1809 3136 ac
1835 3079 2054 3148 sapien-

481 3193 588 3235 tem
623 3178 998 3236 consiliarium
1023 3193 1082 3231 se
1112 3177 1294 3246 prodit
1340 3173 1721 3230 Ecclesiastes.
1774 3172 2055 3225 Auditori-

481 3275 494 3326 l
519 3288 583 3328 us
613 3270 763 3326 enim
803 3270 920 3326 suis
953 3269 1246 3338 inculpaLe
1272 3266 1392 3321 vitae
1422 3275 1473 3320 et
1499 3281 1528 3320 a
1556 3272 1779 3334 peccato
1803 3303 1818 3330 ,
1871 3277 2053 3333 quan-

2232 2721 2432 2778 Πάντα
2472 2725 2590 2778 ὅσα
2632 2724 2710 2778 ἂν
2749 2723 2892 2792 εὕρῃ
2933 2723 2970 2790 ἡ
3001 2724 3131 2792 χείρ
3167 2741 3286 2778 σου
3319 2723 3427 2778 τοῦ
3460 2723 3728 2792 ποιῆσαι,

2157 2811 2238 2876 ὡς
2264 2813 2302 2880 1}
2330 2813 2587 2882 δύναμίς
2615 2831 2754 2876 σου,
2784 2813 3072 2878 ποίησον-ο
3103 2811 3192 2865 ὅτι
3221 2814 3332 2866 οὐκ
3355 2814 3488 2867 ἐστι
3510 2817 3732 2882 ποίημα

2156 2903 2256 2955 καὶ
2281 2903 2574 2972 λογισμὸς
2602 2905 2698 2957 καὶ
2730 2902 2951 2974 γνῶσις
2978 2902 3074 2956 καί
3106 2904 3292 2972 σοφία
3315 2903 3386 2956 ἐν
3409 2903 3544 2973 ᾅδῃ,
3579 2905 3731 2960 ὅπου

2155 2994 2236 3048 σὺ
2276 2997 2548 3064 πορεύσῃ
2575 2995 2718 3049 ἐκεῖ.

2235 3086 2465 3154 Ἀγαθὸς
2507 3087 2808 3157 εἰσηγητὴς
2846 3086 2942 3141 καὶ
2970 3084 3132 3154 σοφὸς
3162 3085 3471 3156 σύμϐουλος
3505 3087 3733 3159 εὕρηται

2149 3180 2216 3249 τῇ
2265 3177 2377 3248 ζωῇ
2426 3177 2532 3230 τῶν
2563 3179 2870 3248 ἀνθρώπων
2910 3181 2938 3230 ὀ
2976 3178 3427 3249 Ἐκκλησιαστής.
3477 3181 3587 3250 Τῆς
3623 3183 3734 3250 γὰρ

2149 3265 2575 3334 ἀκαταγνὼστου
2603 3269 2699 3321 καὶ
2729 3267 2871 3320 κατά
2895 3268 2954 3321 τὸ
2982 3269 3206 3322 δυνατὸν
3227 3270 3616 3341 ἀναμαρτήτου
3643 3287 3736 3325 που

482 3375 595 3420 tum
629 3361 747 3420 fieri
787 3363 987 3432 potest,
1040 3361 1230 3416 alienae
1277 3367 1435 3414 notas
1475 3359 1728 3427 proponit
1753 3395 1766 3417 ,
1815 3371 1881 3410 ac
1913 3353 2052 3408 nihil

2157 3356 2358 3420 λιτείας
2399 3357 2690 3425 ὑποτίθησι
2735 3359 2866 3423 τοὺς
2913 3362 3270 3432 χαρακτῆρας
3309 3365 3422 3426 τοῖς
3454 3363 3734 3430 ἐπαΐουσι,

479 3469 672 3515 eorum
701 3469 825 3525 quae
855 3457 1093 3509 humana
1127 3463 1321 3507 natura
1351 3459 1610 3520 praestare
1650 3449 1842 3518 possit,
1875 3446 2048 3516 negli-

464 3545 714 3612 gendum
746 3557 870 3599 esse
898 3543 1080 3605 docet,
1133 3556 1234 3596 nec
1272 3539 1569 3610 quidquam
1631 3539 2056 3608 praetermitten-

481 3636 610 3688 dum
641 3648 831 3688 eorum
859 3646 984 3702 qua:
1015 3630 1126 3686 Deo
1150 3639 1301 3701 grata
1350 3637 1514 3693 sunt,
1564 3635 1620 3684 et
1659 3629 1726 3682 ad
1787 3628 2050 3682 honorem

482 3727 603 3795 ejus
631 3734 795 3794 atque
825 3725 890 3777 ad
913 3723 1227 3777 divinarum
1261 3721 1438 3792 legum
1479 3720 1884 3775 observantiam
1918 3734 2056 3773 con-

481 3819 728 3878 ducunt:
763 3830 951 3870 verum
1008 3815 1055 3870 si
1101 3812 1189 3868 cui
1227 3813 1308 3867 vel
1357 3813 1539 3867 brevis
1577 3811 1839 3881 temporis
1880 3813 2053 3866 otium

483 3909 744 3963 oilerstur
773 3909 840 3964 ad
889 3906 1215 3978 hymnorum
1257 3914 1482 3959 cantum
1525 3911 1578 3959 et
1623 3903 2052 3966 obsecrationes,

486 4001 568 4054 vel
627 3999 693 4053 ad
743 3997 1153 4053 meditationem
1213 3995 1838 4065 contemplationemque
1873 4009 2055 4048 rerum

486 4090 816 4154 rmlestium,
845 4097 1009 4159 atque
1035 4088 1102 4144 ad
1128 4085 1540 4155 temperantiam
1563 4083 1920 4152 etjejunium,
1940 4084 2058 4138 sive

486 4192 850 4251 opportunam
893 4182 1145 4236 ciborum
1197 4178 1497 4232 multorum
1537 4191 1601 4231 ac
1647 4175 1923 4232 variorum
1959 4177 2054 4230 de-

485 4272 840 4336 ductionem,
887 4271 973 4326 vel
1028 4270 1093 4325 ad
1157 4267 1590 4324 misericordiam
1653 4275 1708 4320 et
1747 4265 2053 4336 largitatem

485 4379 614 4434 erga
638 4363 828 4433 inopes
856 4371 911 4416 et
946 4361 1244 4425 mendicos,
1281 4359 1365 4414 vel
1407 4359 1474 4413 ad
1510 4357 1736 4427 iustitiae
1787 4359 2058 4428 cognitio-.-

489 4469 611 4513 uem
650 4467 714 4508 ac
745 4451 1173 4507 manifestiorem
1211 4448 1456 4504 veritatis
1502 4448 1943 4514 illustrationem,
1973 4449 2056 4504 vel

489 4544 556 4598 ad
587 4543 1036 4598 calamitosorum
1067 4539 1348 4605 solatium,
1379 4551 1434 4594 et
1467 4539 1835 4609 patrocinium
1863 4555 2054 4594 eorum

489 4636 586 4704 qui
623 4635 692 4690 ab
717 4633 998 4706 judicibus
1033 4633 1303 4703 perversis
1331 4640 1386 4685 et
1429 4645 1458 4684 a
1481 4631 1727 4701 dynastis
1754 4630 2057 4685 immitibus

2153 3450 2248 3502 xui.
2274 3448 2516 3503 διδάσκει
2549 3451 2716 3522 μηδὲν
2743 3451 2852 3504 τῶν
2882 3455 2962 3516 είς
2992 3451 3222 3524 δύναμιν
3245 3452 3592 3528 ἀνθρωπίνης
3625 3454 3736 3524 φύ-

2155 3553 2293 3602 σεως
2322 3539 2632 3610 ἀνηκόντων
2663 3541 3149 3613 παραλογίζεσθαι.
3175 3545 3268 3601 καὶ
3290 3544 3736 3614 παραλιμπάνειν

2154 3629 2266 3684 τῶν
2290 3630 2622 3685 ἀνδανόντων
2657 3632 2733 3702 τῷ
2761 3632 2882 3703 Θεῷ
2913 3635 3006 3688 καὶ
3037 3634 3432 3690 συντελούντων
3460 3639 3540 3701 είς
3573 3637 3738 3702 δόξαν

2156 3721 2323 3774 αὐτοῦ
2349 3721 2444 3774 καὶ
2484 3721 2592 3776 τῶν
2630 3721 2790 3777 θείων
2829 3723 3056 3777 ἐντολῶν
3096 3726 3512 3798 ἀποπλήρωσιν.
3569 3728 3738 3783 Ἀλλά

2158 3811 2260 3866 κᾶν
2291 3812 2427 3884 πρὸς
2469 3813 2664 3882 μικρὸν
2693 3815 2830 3888 εὕρῃ
2867 3832 2952 3879 τις
2993 3817 3190 3889 σχολὴν
3227 3819 3306 3881 είς
3338 3819 3612 3890 ὑμνῳδίαν
3639 3823 3738 3876 καὶ

2158 3903 2488 3973 προσευχὴν,
2538 3905 2640 3958 κᾶν
2691 3906 2824 3976 πρὸς
2863 3906 3046 3960 νεῦσιν
3085 3909 3178 3961 καὶ
3208 3909 3439 3980 θεωρίαν
3472 3911 3578 3964 τῶν
3622 3912 3737 3966 ἀνω

2157 3991 2254 4046 καὶ
2278 3993 2509 4062 νοητῶν,
2535 3995 2627 4048 καὶ
2657 3997 2794 4066 πρὸς
2829 3998 3160 4068 ἐγκράτειαν
3193 4001 3288 4052 καὶ
3315 4001 3592 4071 νηστείαν,
3624 4001 3738 4055 τῶν

2158 4083 2368 4136 πολλῶν
2391 4087 2484 4138 καὶ
2515 4087 2788 4159 διαφόρων
2810 4089 2994 4141 σιτίων
3026 4089 3280 4162 εὔκαιρον
3305 4093 3596 4164 ἀποδοχήνο
3628 4095 3736 4147 κᾶν

2158 4175 2296 4244 πρὸς
2351 4177 2723 4248 ἐλεημοσύνην
2746 4181 2841 4232 καὶ
2888 4179 3150 4252 διαμονὴν
3203 4185 3298 4236 καὶ
3347 4184 3583 4238 διάδοσιν
3634 4184 3737 4256 τὴν

2158 4267 2296 4337 πρὸς
2322 4270 2462 4333 τοὺς
2500 4270 2698 4334 ἐνδεεῖς
2749 4273 2842 4324 καὶ
2886 4274 3124 4344 πένητας
3173 4276 3267 4327 καὶ
3298 4276 3545 4346 πτωχούς
3569 4293 3585 4308 ο
3631 4277 3738 4330 κᾶν

2159 4355 2298 4428 πρὸς
2344 4359 2526 4429 κρίσιν
2579 4360 2927 4435 δικαιοσύνης
2977 4363 3206 4434 καὶτῆς
3241 4365 3498 4436 ἀληθείας
3543 4367 3737 4442 ἀριδη-

2156 4448 2384 4520 λοτέραν
2423 4452 2734 4521 φανέρωσιν
2763 4472 2774 4482 ·
2816 4456 2918 4507 κᾶν
2961 4456 3098 4525 πρὸς
3146 4457 3244 4522 τὴν
3290 4458 3402 4510 τῶν
3447 4458 3740 4528 ἀδικουμέ-

2159 4559 2265 4596 νων
2306 4543 2400 4594 καὶ
2442 4544 2770 4616 παραλόγως
2807 4547 3127 4616 πασχόντων
3171 4548 3276 4601 ὗπὸ
3301 4567 3462 4602 τινων
3492 4550 3736 4619 ἀκρίτων

2160 4631 2364 4704 κριτῶν
2412 4633 2444 4703 ἦ
2495 4635 2769 4690 δυναστῶν
2815 4638 3160 4709 ἀσυμπαθῶν
3214 4641 3309 4694 καὶ
3357 4639 3737 4708 ἀνελεημόνων

490 4741 652 4800 atque
688 4728 1004 4784 inhumanis
1043 4727 1250 4796 iniusta
1294 4725 1608 4795 patiuntur;
1655 4725 1770 4778 ha-c
1825 4724 2011 4777 omnia
2038 4763 2053 4788 ,

2162 4725 2446 4797 ἀντίληψιν
2486 4728 2581 4780 καὶ
2631 4729 2992 4797 προστασίαν,
3027 4731 3208 4785 πάντα
3245 4731 3419 4788 ταῦτα
3457 4731 3594 4802 μετὰ
3626 4732 3738 4784 τῶν

489 4831 793 4890 καθῆψε
819 4819 904 4872 his
935 4819 1158 4880 similia,
1190 4833 1307 4887 qua:
1343 4817 1396 4871 in
1434 4815 1648 4876 virtutis
1669 4817 1840 4870 choro
1861 4831 2057 4871 recenc

489 4921 700 4975 sentur,
743 4911 862 4966 sine
891 4925 1042 4964 mora
1077 4919 1127 4964 et
1155 4919 1268 4963 toto
1311 4894 1496 4963 animo
1523 4907 1870 4976 suscipienda
1897 4922 2056 4965 esse:

488 5017 613 5056 cum
643 5016 884 5072 praesens
929 5002 1120 5070 utique
1165 5009 1379 5070 tempus
1431 5001 1497 5054 ad
1543 5001 1681 5054 bona
1722 5009 1776 5054 et
1829 4999 2056 5055 honesta

491 5091 795 5162 peragenda
865 5091 1118 5147 idoneum
1187 5092 1294 5153 sit,
1361 5088 1608 5144 futurum
1655 5105 1788 5144 vero
1843 5091 2056 5145 nullum

489 5183 815 5239 abeuntibus
851 5183 942 5239 det
975 5185 1194 5249 locum,
1247 5190 1308 5237 ut
1365 5182 1474 5235 tale
1533 5179 1741 5248 aliquid
1793 5193 2056 5250 praestare

491 5275 721 5346 possint.
755 5273 910 5341 Quod
935 5273 1259 5336 declaravit,
1295 5286 1417 5327 cum
1439 5268 1683 5324 addidit:
1719 5287 1738 5320 ι
1771 5267 1910 5334 Quia
1945 5285 2053 5324 non

487 5379 570 5424 est
599 5383 760 5438 opus,
783 5376 836 5423 et
885 5368 1162 5439 cogitatio,
1185 5377 1240 5420 et
1268 5361 1515 5426 scientia,
1547 5371 1600 5415 et
1669 5361 1935 5436 sapientia
1999 5362 2054 5416 in

587 5504 634 5537 ⁸⁸
666 5505 802 5562 Gru.
845 5522 906 5569 tt,
949 5504 1033 5558 l8.
1108 5502 1155 5534 ⁸⁵
1185 5497 1320 5553 ibid.
1353 5496 1444 5552 ‘M.

562 5648 676 5714 (ll)
715 5643 849 5701 Illud
885 5644 961 5714 ἱδέ
993 5641 1151 5694 refert
1195 5636 1406 5714 Noster_
1439 5639 1505 5692 ad
1534 5643 1802 5696 mat-italia
1840 5643 1964 5712 jura
2006 5656 2060 5700 et

489 5709 828 5784 ronju'galem
854 5713 1174 5784 societatem
1207 5727 1220 5762 :
1259 5709 1486 5784 omnino
1519 5721 1702 5784 recte;
1735 5709 1875 5784 idem
1910 5716 2055 5768 enim

491 5779 734 5840 Hebr-sitis
760 5785 920 5837 vitam
943 5782 1136 5841 videre,
1171 5794 1234 5834 ac
1267 5781 1429 5832 vitam
1453 5779 1694 5850 jucunde
1734 5783 2054 5850 traducere;

491 5853 947 5924 quemadmodum
990 5850 1124 5924 alibi
1158 5850 1386 5924 legimus
1410 5865 1424 5924 _:
1448 5848 1658 5924 _Videre
1686 5867 1950 5924 somnum,
1983 5848 2058 5906 vi;

492 5918 615 5987 dare
649 5923 840 5978 bonum
871 5932 925 5974 ct
967 5918 1329 5986 εἰιιιίιὶιιῖυὺί
1372 5918 1544 5976 videre
1573 5929 1654 5975 est
1697 5921 1828 5976 frui.
1873 5920 2057 5992 Itaque

2162 4817 2337 4872 ἄλλων
2380 4818 2488 4872 τῶν
2530 4821 2924 4891 παραπλησίως
2948 4822 3160 4886 τούτοις
3183 4825 3278 4888 ⁹είς
3303 4823 3394 4876 τὸν
3432 4823 3738 4890 κατάλογον

2157 4910 2743 4980 παραλαμϐανομένων
2769 4913 2870 4980 τῆς
2890 4915 3111 4986 ἀρετῆς,
3143 4915 3528 4986 ἀνυπερθέτως
3559 4917 3738 4968 ποιεῖν

2157 4999 2300 5070 μετά
2335 5002 2646 5070 προθυμίας
2681 5003 2934 5074 ἀπάσης·
2971 5004 3046 5066 ὼς
3085 5004 3181 5058 τοῦ
3227 5005 3495 5075 παρόντος
3537 5003 3734 5074 καιροῦ

2152 5091 2250 5160 τῆς
2294 5091 2556 5162 ἐργασίας
2611 5093 2948 5163 ὑπάρχοντος
2995 5094 3104 5148 τῶν
3144 5095 3367 5164 ἀγαθῶν
3397 5095 3486 5148 καὶ
3529 5094 3736 5158 καλῶν,

2153 5182 2248 5235 τοῦ
2293 5181 2349 5236 δὲ
2393 5183 2510 5250 μετ’
2547 5183 2710 5236 αὐτὸν
2759 5183 2962 5254 ἥκιστα
2992 5184 3178 5256 χώραν
3200 5186 3437 5249 διδόντος
3475 5189 3587 5248 τοῖς
3631 5187 3737 5238 άπ-

2161 5271 2466 5341 οιχομένοις
2497 5272 2737 5325 τοιοῦτόν
2764 5290 2816 5326 τι
2843 5273 2998 5344 δρᾷν.
3027 5273 3206 5343 Ὅπερ
3246 5271 3505 5341 ἐνέφηνεν
3539 5269 3732 5334 εἰπὼν,

2169 5381 2186 5412 ι
2217 5362 2342 5422 ’Ὁτι
2371 5364 2471 5416 οὐκ
2498 5362 2612 5416 ἔστι
2639 5364 2852 5438 ποίημα
2883 5364 2978 5416 καὶ
3011 5362 3270 5432 λογισμὸς
3293 5365 3388 5416 καὶ
3411 5361 3615 5428 γνῶσις
3641 5363 3737 5415 καὶ

2165 5649 2527 5716 Symmachus
2557 5649 2736 5701 locum
2767 5643 3172 5716 huue‘reddidit
3189 5641 3524 5695 Ἀπὸλαυσον
3543 5637 3694 5708 ζωῆς
3716 5677 3732 5703 ,

2161 5714 2220 5775 οι
2255 5721 2480 5774 Latinus
2523 5719 2850 5786 interp:cs':
2901 5714 3186 5783 Perfruere
3221 5717 3327 5766 vita
3373 5726 3490 5764 cum
3535 5723 3736 5776 uxore,

2161 5807 2320 5860 quam
2342 5787 2543 5860 diligis:

2234 5861 2344 5932 (4'2;
2373 5847 2609 5912 AtvLXX
2648 5857 2915 5912 habent...
2948 5856 3081 5908 ὅπου
3133 5853 3196 5904 σὺ
3243 5847 3450 5920 πορεύῃ
3485 5849 3620 5902 ἐκεῖ.
