4076 6310
377 403 514 471 107⁸7

1383 404 1475 463 IN”
1509 401 2100 464 ECCLESIASTEN.
2140 431 2207 440 -
2247 405 2395 464 LIB.
2439 405 2612 466 VIII.

3492 361 3630 468 167s

371 519 537 590 σοφία
555 519 614 568 ὲν
642 513 766 585 ᾅδῃ,
795 512 928 566 ὅπου
959 513 1022 568 σὺ
1048 491 1289 586 πορεύσῃ
1320 515 1466 568 ἐκεῖ·
1499 535 1517 566 ι
1555 515 1655 585 οὐχ
1693 514 1769 579 ὡς
1812 513 1954 568 ἀπο-

2081 515 2296 583 nierno,
2321 531 2434 586 quo
2481 525 2538 570 tu
2585 516 2749 571 vades
2784 497 2947 582 illuc;
3004 534 3022 568 ι
3086 515 3228 570 haud
3267 515 3397 585 quia
3443 517 3632 572 anima

371 610 608 680 θεμένης
630 607 726 662 καὶ
754 604 1033 668 παντελῶς
1060 607 1508 676 ἀποϐαλλομένης
1533 607 1658 668 τοὺς
1680 604 1954 676 ἐμφύτους

372 701 674 771 λογισμοὺς
699 699 799 770 τῆς
825 699 1006 770 ψυχῆς
1031 699 1125 754 καὶ
1150 701 1250 771 τὴν
1271 698 1504 773 οὐσιώδη
1525 698 1730 770 γνῶσίν
1763 717 1822 752 τε
1860 698 1956 753 καὶ

375 795 589 864 σοφίαν,
639 791 754 846 ἀλλ’
787 793 866 856 ὡς
889 791 1144 862 οὐδαμῶς
1171 791 1476 862 δυναμένης
1519 791 1657 862 μετὰ
1691 791 1790 860 τὴν
1821 791 1958 844 ἀπο-

373 887 568 940 σίωσιν
591 885 691 955 τὴν
726 883 960 938 ἐνταῦθα
986 883 1374 954 ἐξομολόγησιν
1408 883 1680 936 ποιεῖσθαι
1715 881 1822 934 τῶν
1852 873 1958 934 ὦν-

377 995 486 1048 περ
511 977 650 1048 μετὰ
673 975 769 1030 τοῦ
796 974 1050 1047 σώματος
1077 974 1494 1046 ἐπλημμέλησε,
1525 975 1616 1026 καὶ
1636 975 1735 1043 τὴν
1758 973 1960 1027 ἐπανά-

376 1069 539 1140 ληψιν
582 1070 690 1123 τῶν
739 1067 1071 1139 κρειττόνων
1115 1066 1215 1119 καὶ
1267 1066 1680 1136 συμφερόντων.
1730 1065 1804 1118 Τὸ
1849 1066 1958 1135 γὰρ

379 1157 794 1232 συναμφότερόν
821 1161 970 1211 ἐστιν
991 1159 1020 1210 ὁ
1049 1157 1357 1229 ἄνθρωπος,
1384 1159 1418 1228 ἡ
1445 1155 1593 1228 ψυχὴ
1634 1155 1838 1228 δηλαδὴ
1869 1159 1960 1210 καὶ

378 1253 440 1305 τὸ
467 1251 648 1320 σῶμα,
682 1250 776 1304 καὶ
803 1251 912 1304 πᾶν
943 1249 1281 1320 κατόρθωμα
1329 1248 1426 1302 καὶ
1469 1247 1848 1320 πλημμέλημα
1875 1248 1962 1301 διά

377 1344 490 1397 τῶν
517 1342 844 1412 ἀμφοτέρων
885 1339 1124 1394 ἐνταῦθα
1169 1339 1498 1410 γινομένων,
1545 1341 1674 1409 παρ’
1697 1337 1961 1408 ἐκατέρου

384 1434 478 1486 καὶ
527 1433 628 1501 τὴν
677 1430 822 1483 ἴασιν
855 1429 1105 1500 δέχεσθαι
1154 1428 1393 1493 πέφυκε.
1431 1427 1552 1482 Κᾶν
1591 1425 1718 1498 δόξῃ
1775 1425 1832 1479 δέ
1878 1443 1964 1487 τις

380 1521 754 1592 προϐαλέσθαι
795 1521 893 1581 τὰς
943 1519 1163 1583 ἀσεϐεῖς
1209 1518 1306 1571 καὶ
1336 1517 1582 1588 πονηρὰς
1614 1517 1962 1586 ἐνθυμήσεις,

378 1614 456 1677 ὡς
487 1614 576 1667 διὰ
607 1614 770 1684 μόνον
800 1611 1149 1682 ἐνεργεῖσθαι
1177 1610 1284 1664 τῶν
1302 1608 1539 1678 λογικῶν
1559 1608 1840 1678 δυνάμεων
1870 1609 1964 1676 τῆς

379 1707 583 1776 ψυχῆς,
628 1704 896 1774 μηδαμῶς
935 1702 1411 1760 ὲπικοινωνοῦντος
1440 1699 1534 1754 τοῦ
1580 1700 1848 1769 σώματος,
1890 1701 1966 1763 ὡς

385 1798 460 1869 μή
495 1815 580 1849 πω
609 1795 744 1865 πρὸς
775 1793 978 1866 πρᾶξιν
993 1792 1359 1866 ὲκὸεὸηκυίας
1383 1810 1396 1824 ο
1424 1779 1538 1848 ἀλλ’
1563 1788 1655 1846 οὖν
1680 1791 1966 1858 συνεζευγ-

387 1855 524 1958 μένη
551 1887 629 1958 τῷ
653 1855 924 1956 oti—iisan;
941 1886 1030 1940 διὰ
1057 1889 1156 1956 τῆς
1183 1855 1326 1955 ’μετ’
1343 1855 1521 1938 αὑτοῦ
1551 1884 1844 1953 συναφείας
1875 1855 1967 1935 καὶ
2000 1855 2038 1909 Β

382 1979 592 2039 ταύτας
623 1977 912 2046 ὠδίνησεν.

455 2067 571 2122 Οὐκ
623 2065 771 2119 ἐστιν
799 2065 915 2128 οὖν,
947 2084 966 2117 ι
986 2066 1044 2118 ὲν
1105 2063 1182 2134 τῷ
1209 2063 1308 2135 ᾅδῃ
1345 2062 1508 2129 σοφία
1533 2063 1626 2116 καὶ
1653 2063 1852 2132 γνῶσις
1875 2065 1969 2118 καὶ

385 2159 666 2228 λογισμὸς,
715 2158 851 2212 ὅπου
899 2157 964 2210 σὺ
1011 2157 1253 2228 πορεύσῃ
1303 2157 1438 2218 ἐκεῖ,
1472 2177 1490 2206 ο
1539 2155 1781 2226 δηλονότι
1835 2157 1970 2228 πρὸς

388 2252 772 2324 ἐπανόρθωσιν
817 2252 912 2306 καὶ
959 2250 1265 2322 βελτίωσιν.
1321 2249 1431 2302 Καὶ
1485 2249 1574 2303 διὰ
1619 2249 1777 2303 τοῦτο
1828 2267 1972 2322 παρ-

389 2349 659 2418 εγγυᾶται
701 2347 870 2418 μηδὲν
901 2346 1009 2398 τῶν
1039 2343 1337 2398 λυσιτελῶν
1369 2345 1465 2398 καὶ
1493 2343 1669 2415 ψυχῆς
1692 2345 1975 2399 σωστικῶν

391 2443 451 2492 ἐν
505 2439 584 2511 τῷ
649 2439 880 2510 παρόντι
945 2439 1042 2508 βίῳ
1101 2439 1478 2510 παραϐλέπειν
1537 2438 1632 2492 καὶ
1692 2439 1971 2509 παρορᾷν,

391 2528 531 2584 ἀλλὰ
573 2527 725 2602 πάσῃ
776 2527 1001 2598 δυνάμει
1043 2526 1406 2604 καρπαλίμως
1442 2528 1636 2584 ποιεῖν.
1683 2523 1816 2580 Εἶτά
1867 2544 1972 2602 φη-

396 2639 516 2684 σιν⁶

2059 605 2297 674 deponat
2335 617 2390 662 et
2433 608 2662 662 omnino
2696 616 2862 662 exuat
2901 606 3092 662 insitas
3137 607 3500 678 cogitationes
3537 617 3659 665 aut.

2059 698 2429 768 cognitionem
2463 708 2517 752 et
2547 699 2874 768 sapientiam
2909 708 3118 753 natura;
3161 699 3440 768 propriam
3465 739 3480 764 ,
3535 699 3631 754 sed

2057 790 2241 860 quod,
2295 801 2585 860 postquam
2631 792 2760 847 hinc
2801 807 2832 846 e
2871 791 2981 846 vita
3018 791 3298 856 excessit,
3357 807 3466 845 non
3521 791 3635 860 jam

2059 895 2247 933 eorum
2277 896 2400 950 quae
2438 897 2562 936 cum
2605 897 2835 952 corpore
2868 881 3122 946 admisit,
3172 881 3467 936 criminum
3507 897 3640 936 cou-

2061 970 2356 1026 ft-ssionem
2391 987 2648 1044 peragere
2685 974 2881 1042 possit,
2919 988 3018 1028 nec
3037 989 3095 1028 se
3125 974 3192 1027 ad
3219 975 3446 1028 honesta
3473 984 3639 1042 atque

2061 1063 2212 1116 utilia
2240 1061 2466 1118 referre.
2509 1063 2604 1118 Est
2655 1065 2799 1118 enim
2845 1065 3008 1118 homo
3051 1073 3346 1134 utrumque
3376 1066 3641 1132 conjunc-

2061 1164 2198 1216 tum,
2227 1155 2410 1208 anima
2457 1155 2667 1210 scilicet
2710 1163 2876 1224 atque
2918 1169 3157 1224 corpus,
3210 1163 3423 1209 etcum
3479 1169 3642 1210 omne

2063 1245 2275 1300 facinus
2306 1261 2372 1300 ac
2403 1246 2602 1312 scelus,
2636 1247 2764 1300 dum
2800 1247 2887 1300 hic
2921 1246 3086 1316 226
3105 1246 3270 1300 simul
3309 1247 3536 1315 degunt,
3571 1247 3642 1300 ab

2063 1349 2295 1407 utroque
2327 1337 2422 1403 sit,
2451 1347 2742 1406 utrumque
2774 1339 2899 1393 item
2946 1339 3235 1392 sanitatem
3278 1337 3518 1408 recipere
3549 1353 3643 1392 ue—

2061 1444 2213 1484 cesse
2243 1439 2348 1483 est.
2373 1427 2488 1484 Nisi
2516 1431 2661 1499 quod
2687 1429 3024 1499 objiciendas
3044 1430 3166 1498 quis
3191 1439 3416 1485 censeat
3445 1431 3642 1499 impias

2065 1522 2350 1591 malasque
2383 1523 2744 1590 cegitatiOnes
2765 1561 2780 1586 ,
2809 1523 2955 1576 velut
2993 1537 3115 1590 quae
3155 1523 3312 1576 solisi
3335 1522 3535 1576 animm
3561 1525 3642 1574 fa-

2067 1613 2358 1668 cultatibus
2434 1613 2789 1682 perﬁciantur
2825 1653 2840 1679 ,
2892 1615 2981 1669 cui
3027 1615 3176 1667 nulla
3239 1627 3364 1668 cum
3414 1627 3644 1682 corpore

2066 1707 2382 1760 communio
2413 1717 2524 1759 tum
2567 1707 2660 1769 sit,
2713 1707 2860 1776 quod
2910 1709 2976 1761 ad
3015 1706 3230 1760 facinus
3272 1705 3452 1774 ipsum
3505 1722 3645 1760 non-

2067 1800 2195 1853 dum
2225 1797 2550 1868 pervenerit.
2586 1797 2784 1852 Verum
2820 1800 2949 1868 quia
2981 1799 3195 1877 corppri
3223 1795 3516 1866 conjuncta
3537 1807 3643 1860 est,

2067 1907 2160 1946 eas
2201 1905 2418 1960 quoque
2465 1905 2574 1944 non
2615 1891 2736 1946 sine
2785 1890 3034 1961 ejusdem
3091 1889 3424 1946 commercio
3480 1903 3646 1958 pepe-

2067 1984 2138 2036 rit
2166 1981 2275 2052 (45)
2287 2022 2300 2036 .

2134 2071 2254 2127 Non
2283 2081 2368 2126 est
2415 2072 2578 2142 igitur
2617 2091 2636 2124 ι
2671 2072 2726 2125 in
2755 2069 2972 2126 inferno
3001 2073 3288 2142 sapientia,
3317 2081 3372 2128 et
3392 2071 3642 2132 scientia,

2066 2173 2122 2218 et
2143 2164 2420 2235 cogitatio,
2443 2177 2552 2234 quo
2572 2171 2629 2217 tu
2649 2163 2812 2218 vades
2836 2162 2984 2228 illuc,
3022 2183 3041 2216 ι
3078 2164 3128 2218 id
3145 2165 3310 2221 estad
3341 2163 3645 2219 correctio-

2071 2270 2190 2311 nem
2232 2264 2396 2324 atque
2424 2253 2761 2324 profectum,
2815 2268 2880 2308 ac
2918 2263 3204 2324 propterea
3258 2253 3510 2309 hortatur
3561 2261 3645 2317 ut,

2072 2363 2128 2402 re
2153 2347 2302 2402 nulla
2332 2363 2455 2417 quae
2478 2346 2630 2401 utilis
2657 2354 2711 2402 et
2735 2345 2992 2401 salutaris
3020 2347 3217 2402 animae
3247 2345 3356 2410 sit,
3405 2345 3536 2402 dum
3568 2346 3650 2400 vi-

2073 2441 2272 2502 vimus,
2307 2438 2552 2509 neglecta
2587 2447 2682 2493 aut
2717 2447 3058 2508 contempta,
3090 2437 3222 2493 illud
3253 2447 3467 2494 mature
3485 2437 3648 2507 atque

2069 2531 2217 2588 omni
2247 2531 2596 2587 contentione
2627 2543 2938 2600 urgeamus.
2979 2531 3141 2586 Addit
3166 2531 3396 2589 deinde:

1961 2759 2102 2827 δικ.

479 2895 879 2967 Ἑπέστρεψα,
916 2899 1015 2984 καὶ
1059 2896 1224 2955 εἶδον
1259 2899 1373 2955 ὑπὸ
1416 2901 1518 2952 τὸν
1559 2899 1754 2967 ἣλιον,
1787 2900 1876 2954 ὅτι
1902 2903 1972 2956 οὐ

399 2991 527 3056 τοῖς
566 2991 816 3059 κούφοις
853 2993 886 3045 ό
919 2990 1160 3060 δρόμος.
1200 2992 1296 3044 καὶ
1349 2992 1421 3046 οὐ
1463 2992 1586 3056 τοῖς
1613 2991 1891 3058 δυνατοῖς
1941 2995 1974 3046 ὁ

398 3083 686 3152 πόλεμος.
718 3083 820 3135 καί
845 3099 911 3151 γε
945 3085 1018 3138 οὐ
1059 3082 1138 3149 τῷ
1177 3079 1346 3152 σορῷ
1387 3087 1419 3136 ό
1445 3083 1622 3153 ἄρτος
1642 3100 1657 3115 ·
1686 3085 1788 3138 καί
1809 3102 1874 3155 γε
1901 3087 1973 3140 οὐ

2153 2900 2320 2956 Vsus.
2364 2903 2452 2958 ιε.
2505 2901 2751 2958 Conveni
2793 2917 2909 2963 me,
2949 2909 2998 2954 et
3036 2900 3141 2954 uidi
3177 2898 3270 2954 sub
3329 2899 3471 2964 sole,
3522 2915 3654 2966 quo-

2083 2995 2226 3047 niam
2257 3011 2361 3048 non
2387 3005 2462 3049 est
2491 2994 2751 3048 velocibus
2776 3009 2987 3054 cursus,
3037 3008 3126 3046 nec
3172 2991 3470 3062 potentibus
3515 3008 3656 3062 prte-

2081 3088 2235 3150 lium.
2271 3104 2362 3142 nec
2388 3087 2600 3159 quidem
2624 3085 2850 3157 sapienti
2873 3085 3028 3155 panis
3052 3127 3067 3151 ,
3097 3102 3187 3140 nec
3218 3083 3431 3155 quidem
3457 3084 3656 3138 intelli-

401 3173 524 3240 τοῖς
545 3171 828 3238 συνετοῖς
847 3172 1132 3239 πλοῦτος,
1164 3175 1265 3228 καί
1295 3191 1360 3242 γε
1389 3177 1460 3228 οὺ
1494 3174 1616 3240 τοῖς
1649 3175 1972 3244 γινώσκουο

2081 3181 2319 3252 gentibus
2347 3180 2564 3244 divitia,
2598 3196 2690 3234 nec
2721 3178 2932 3249 quidem
2964 3177 3252 3232 scientibus
3303 3176 3502 3248 gratia,
3526 3192 3658 3245 quo-

398 3282 464 3320 σι
501 3264 674 3334 χάρις
695 3281 709 3295 °
751 3264 841 3318 ὅτι
869 3265 1078 3334 καιρὸς
1113 3264 1211 3319 και
1244 3265 1568 3337 deeds-truta
1593 3266 1972 3337 συναντήσε-

402 3373 497 3410 ται
513 3355 646 3423 τοῖς
668 3354 860 3412 πᾶσιν
879 3355 1105 3423 αὐτοῖς.
1129 3358 1256 3411 Ὀτι
1291 3360 1403 3412 οὐκ
1436 3358 1590 3429 ἔγνω
1613 3362 1646 3414 ὁ
1668 3360 1979 3428 ἄνθρωπος

401 3443 508 3501 τὸν
535 3444 744 3514 καιρὸν
774 3445 980 3502 αὐτοῦ.
1025 3445 1124 3512 Ὠς
1155 3450 1210 3501 oi
1249 3449 1451 3517 ἰχθύες
1502 3451 1557 3502 oi
1595 3451 1980 3518 θηρευόμενοι

401 3539 472 3591 ἐν
496 3536 928 3606 ἀμφιϐλήστρῳ
956 3537 1143 3604 κακῷ,
1179 3539 1278 3592 καί
1317 3540 1400 3603 ὡς
1425 3539 1606 3606 ὄρνεα
1635 3540 1709 3592 τὰ
1733 3540 1981 3606 θηρευό·

400 3645 553 3700 μεν-ιι
596 3630 666 3682 ἐν
703 3629 929 3696 ararim,
960 3630 1041 3698 ὡς
1087 3629 1242 3686 αὐτὰ
1294 3629 1717 3698 παγιδεύονται
1763 3633 1818 3684 oi
1864 3629 1983 3684 υἱοὶ

405 3720 512 3773 τοῦ
559 3721 875 3786 ἀνθρώπου
930 3721 999 3774 ἐν
1028 3719 1211 3788 καιρῷ
1245 3717 1508 3789 πονηρῷ,
1542 3719 1690 3775 ὅταν
1723 3719 1985 3796 ἐπιπέσῃ

407 3810 502 3864 ἐπ’
526 3811 750 3878 αὐτοὺς
777 3811 966 3880 ἄφνω.
1368 3869 1374 3876 ,

479 3899 650 3955 Πόθεν
672 3901 996 3970 ἐπιστρέψαι
1017 3901 1183 3972 φησίν
1200 3901 1321 3967 ;Ἐκ
1337 3901 1448 3955 τῶν
1473 3901 1986 3972 περιστοιχιζουσῶν

407 3993 576 4049 αὑτὸν
607 3991 904 4063 φροντίδων
931 3993 1028 4047 καὶ
1054 3993 1336 4064 μεριμνῶν
1367 3993 1580 4047 πολλῶν
1609 3994 1705 4047 καὶ
1738 3994 1990 4048 παντοδα-

409 4087 548 4152 πῶν,
577 4085 652 4149 ὡς
681 4085 908 4157 βασιλέα
937 4087 1031 4140 καὶ
1053 4087 1247 4156 κριτὴν
1277 4087 1372 4141 καὶ
1397 4085 1742 4156 κυϐερνήτην
1766 4085 1867 4155 τῆς
1897 4087 1989 4152 ὲγ-

409 4177 836 4248 κεχειρισμένης
884 4176 1036 4248 αὐτῷ
1094 4176 1280 4230 θεόθεν
1337 4175 1580 4247 μεγάλης
1623 4175 1851 4238 ὁλκάδος
1892 4177 1988 4229 τοῦ

409 4265 815 4338 δυσαριθμήτου
847 4267 1088 4340 πλήθους
1114 4267 1222 4322 τῶν
1267 4267 1644 4339 Ἰσραηλιτῶν.
1682 4266 1845 4330 Είκδς
1882 4267 1989 4339 γὰρ

409 4355 479 4418 ἢν
519 4358 668 4428 αὐτῷ
715 4361 836 4422 ταῖς
866 4359 1274 4430 ἀναφυομέναις
1305 4357 1660 4428 ἀσχολεῖσθαι
1691 4358 1989 4427 διοικήσεσι

409 4451 510 4522 τῆς
541 4450 827 4521 βασιλικῆς
871 4450 1234 4522 προμηθείας.
1277 4451 1558 4506 Ἐντεῦθεν
1604 4447 1696 4506 οὖν
1735 4453 1989 4522 ἐπιστρέ-

2080 3274 2225 3327 niam
2247 3280 2446 3340 tempus
2484 3281 2534 3325 et
2561 3279 2772 3326 eventus
2799 3276 3039 3324 occurret
3069 3267 3312 3323 munibus
3345 3267 3478 3322 illis.
3513 3266 3656 3332 Quia

2081 3364 2243 3418 nescit
2274 3363 2426 3416 homo
2459 3371 2660 3430 tempus
2699 3377 2874 3418 suum.
2919 3362 3088 3427 Quasi
3120 3361 3316 3431 pisces,
3351 3360 3442 3430 qui
3477 3369 3657 3412 tenen-

2083 3465 2172 3508 tur
2199 3455 2254 3508 in
2285 3453 2541 3508 retiaculo
2568 3453 2730 3514 malo,
2751 3461 2802 3506 et
2845 3455 2980 3506 sicut
3013 3454 3267 3516 volucres,
3303 3468 3420 3520 quia
3445 3451 3656 3516 capiun-

2085 3555 2171 3597 tur
2223 3546 2278 3598 in
2319 3544 2547 3615 laqueo:
2579 3545 2714 3598 sicut
2765 3559 2829 3597 ea
2872 3543 3240 3611 illaqueautur
3285 3543 3388 3611 ﬁlii
3433 3541 3661 3596 hominis

2086 3636 2140 3686 in
2195 3643 2422 3701 tempore
2473 3633 2615 3687 malo
2645 3675 2660 3700 ,
2723 3648 2842 3688 cum
2875 3633 3121 3689 ceciderit
3162 3649 3320 3698 super
3378 3635 3517 3702 ipsos
3579 3649 3653 3686 su-

2087 3721 2194 3775 bito
2229 3721 2363 3796 (44),

2160 3897 2314 3954 Unde
2352 3899 2570 3955 tandem
2598 3913 2659 3954 se
2684 3913 3009 3954 conversum
3052 3899 3166 3953 ait?
3193 3897 3239 3952 Α
3260 3899 3410 3954 curis
3448 3913 3658 3964 nempe,

2087 3993 2290 4062 quibus
2332 3993 2735 4060 circumseptus
2769 3999 2924 4054 erat,
2966 3991 3310 4060 negotiisque
3364 3992 3554 4047 multis
3600 4008 3665 4047 ac

2088 4085 2294 4151 variis;
2335 4082 2534 4154 quippe
2560 4083 2654 4154 qui
2680 4097 2774 4137 rex
2810 4095 2866 4136 et
2897 4082 3064 4152 judex
3107 4093 3162 4137 et
3195 4091 3377 4137 rector
3403 4085 3664 4137 creditam

2092 4179 2196 4234 sibi
2237 4177 2504 4233 divinitus
2543 4174 2797 4230 immensi
2846 4174 3218 4230 Israelitarum
3259 4175 3446 4244 populi
3482 4177 3664 4228 navim

2092 4269 2503 4325 moderabatur.
2541 4266 2676 4322 Eum
2708 4266 2855 4321 enim
2901 4265 3283 4321 oborientibus
3327 4265 3486 4333 ι’ρείςιξ
3542 4281 3668 4333 pro-

2091 4363 2343 4418 videntiae.
2366 4362 2516 4416 curis
2544 4359 2794 4416 distineri
2818 4357 3124 4428 oportebat.
3158 4356 3293 4411 lline
3329 4357 3494 4425 igitur
3539 4375 3668 4411 cou-

2094 4471 2306 4521 versus,
2344 4454 2542 4524 inquit,
2593 4453 2710 4507 sive
2757 4451 3110 4522 praesentium
3168 4459 3333 4520 atque
3375 4465 3670 4504 occurren-

411 4544 542 4613 ψας,
572 4545 757 4613 φησὶν,
787 4545 907 4598 ἀντὶ
928 4543 1446 4615 τοῦ.προκειμένων
1471 4546 1564 4598 καὶ
1593 4545 1979 4615 προσϐλεπομὲ

2097 4549 2232 4602 tium
2262 4561 2442 4601 rerum
2481 4544 2843 4614 occupatione
2873 4541 3206 4613 posthabita,
3248 4542 3316 4596 ad
3355 4541 3430 4594 rei
3465 4557 3670 4610 prepo-

415 4652 523 4687 νων
554 4635 898 4704 πραγμάτων
927 4637 1026 4707 τὴν
1055 4637 1314 4705 ἀσχολίαν
1347 4635 1683 4699 καταλιπὼν,
1708 4635 1990 4689 ἀνθείλκυ·

419 4742 485 4778 σα
547 4725 680 4796 πρὸς
735 4724 834 4796 τὴν
881 4727 1250 4796 προκειμένην
1296 4727 1530 4798 θεωρίαν
1573 4727 1664 4778 τὸν
1707 4725 1852 4791 νοῦν,
1898 4726 1993 4778 καὶ

419 4812 577 4877 εἶδον,
597 4815 840 4884 δηλονότι
868 4817 984 4878 τοῖς
1013 4817 1217 4884 νοεροῖς
1247 4815 1567 4885 ὀφθαλμοῖς,
1585 4815 1660 4878 ὡς
1688 4816 1807 4885 οὐχὶ
1833 4816 1938 4876 πᾶς
1967 4819 1994 4868 ὁ

417 4905 698 4976 χρώμενος
744 4907 1051 4970 ὠκυτάτοις
1083 4908 1230 4972 ποσὶ,
1266 4909 1361 4962 καὶ
1412 4910 1546 4979 πρὸς
1595 4909 1845 4961 σύντονον
1899 4907 1994 4960 καὶ

420 4999 762 5068 κουφοτάτην
785 5001 1011 5070 πορείαν
1033 4998 1173 5066 ἄγαν
1208 4998 1420 5070 εὐφυῶς
1443 5000 1602 5068 ἔχων,
1635 5000 1734 5069 τῆς
1755 4999 1910 5069 νίκης
1933 4999 1995 5052 τὸ

423 5091 674 5162 βραϐεῖον
733 5091 1028 5160 ἀπείληφε.
1083 5091 1352 5154 Πολλάκις
1406 5091 1513 5162 γὰρ
1575 5089 1993 5161 διολισθὴσαςῆ

423 5181 831 5250 συμποδισθεὶς,
895 5181 1074 5252 ἥττων
1137 5181 1427 5253 ἀπεφάνθη
1497 5181 1606 5235 τῶν
1661 5181 1992 5236 ἀντιπάλων.

434 5271 574 5324 Ἀλλ’
618 5271 738 5325 οὐδὲ
773 5273 887 5336 τοῖς
917 5272 1320 5342 ἀλκιμωτάτοις
1361 5275 1388 5326 δ
1429 5272 1664 5341 πόλεμος
1698 5271 1995 5344 κατορθοῦν

425 5361 550 5416 σθαί
586 5380 704 5425 πως
737 5363 983 5432 πέφυκε’
1028 5364 1120 5420 καὶ
1155 5363 1254 5435 τὴν
1295 5364 1434 5418 κατά
1468 5363 1576 5418 τῶν
1604 5364 1862 5418 ἐναντίων
1903 5363 1996 5416 καὶ

423 5451 698 5523 πολεμίων
720 5455 754 5524 ἡ
780 5444 984 5524 (pudici;
1011 5453 1296 5508 δυναστεία
1320 5457 1673 5524 ἐπικράτειαν
1704 5454 1999 5526 προεξένη-

495 5607 606 5678 (45)
659 5607 1108 5662 Ἐπανατέλλουσι
1140 5608 1268 5678 γὰρ,
1297 5603 1733 5678 iuquit'Basilius
1761 5607 1836 5678 (in
1857 5607 1992 5676 ρειαί.

427 5694 464 5736 ι,
494 5678 568 5745 1),
593 5677 844 5748 λογισμοὶ
875 5680 1102 5748 πονηροὶ
1148 5677 1227 5730 ὲκ
1257 5677 1385 5730 τῶν
1419 5677 1608 5748 παθῶν
1657 5677 1776 5748 τῆς
1795 5678 1996 5748 σαρκὸς

424 5750 543 5818 ταῖς
596 5746 795 5816 ψυχαῖς
847 5746 1010 5818 ἡμῶν
1057 5749 1445 5816 ὲντικῑὸμενοι.
1495 5747 1546 5800 Id
1579 5758 1701 5803 est:
1738 5746 1996 5800 Orinntur

424 5817 562 5872 cnim
585 5831 762 5884 praue
805 5819 1152 5887 cogitationes
1179 5834 1206 5871 e
1253 5821 1428 5873 carnis
1460 5819 1758 5886 affectibus,
1801 5830 1845 5871 ct
1879 5821 1998 5870 ani-

2095 4640 2214 4695 sita'
2243 4637 2764 4704 contemplationem
2825 4635 3070 4690 animum
3125 4633 3369 4697 adduxi,
3440 4650 3504 4688 ac
3537 4635 3667 4695 vidi.

2095 4732 2294 4786 mentis
2318 4729 2508 4798 utique
2537 4727 2734 4792 oculis,
2767 4743 2874 4780 non
2906 4742 3354 4797 unumquemque
3379 4766 3394 4790 ,
3453 4727 3542 4781 cui
3580 4742 3672 4780 ve-

2097 4823 2360 4880 locissimi
2387 4823 2498 4878 sint
2524 4822 2710 4892 pedes,
2742 4829 2797 4874 et
2839 4820 3057 4874 habitus
3091 4819 3340 4888 corporis
3389 4820 3457 4874 ad
3493 4819 3672 4872 conci-

2097 4927 2268 4972 tatum
2316 4914 2708 4985 pernicemque
2758 4927 2980 4968 cursum
3028 4911 3388 4980 aptissimus,
3428 4910 3674 4965 victoriae

2095 5013 2281 5066 laurea
2310 5009 2510 5079 potiri;
2539 5022 2682 5076 saepe
2708 5006 2854 5060 enim
2893 5007 3181 5076 prolapsus
3217 5015 3311 5060 aut
3357 5004 3670 5074 impeditus,

2097 5103 2258 5174 227
2282 5100 2510 5155 inferior
2543 5099 2873 5152 adversar-iis
2908 5107 2992 5153 est
3027 5097 3419 5162 renuntiatus;
3453 5098 3585 5166 quin
3622 5107 3674 5150 et

2098 5192 2500 5251 robustissimis
2528 5191 2839 5262 quibusque
2863 5204 2968 5243 non
3007 5204 3221 5258 semper
3252 5189 3454 5242 bellum
3483 5204 3674 5244 succe-

2097 5286 2228 5340 dere
2256 5299 2287 5339 e
2315 5281 2623 5347 sententia;
2667 5294 2766 5335 nec
2797 5289 3008 5332 naturae
3045 5280 3212 5340 vires,
3245 5277 3392 5332 vcl'si
3429 5278 3674 5347 superio-
3753 5316 3764 5324 .

2097 5393 2188 5433 res
2225 5385 2432 5439 essent,
2465 5381 2655 5428 contra
2709 5372 2894 5426 hostes
2941 5379 3242 5440 pugnantes
3297 5385 3512 5437 semper
3579 5385 3672 5422 va-

2102 5473 2288 5528 luisse.
2317 5466 2626 5538 Aliquando
2655 5464 2798 5520 enim
2830 5442 3080 5533 potentes
3118 5462 3187 5516 ab
3217 5461 3670 5516 imbecillioribus

2101 5609 2200 5660 niis
2238 5602 2434 5657 nostris
2472 5601 2869 5667 ingenerantur.

2176 5674 2288 5745 (Nl
2319 5659 2752 5745 Uly'ntp.'.:...xai
2774 5684 2834 5732 γε
2863 5664 2920 5745 οὐ
2983 5664 3094 5745 τοῖς
3129 5663 3368 5745 σςὶφοξςῆὁ
3400 5659 3670 5745 {gmw-nr.

2097 5730 2800 5809 ὡς’αὖτωξποίγιδεύονταὶ
2851 5735 2905 5809 οἱ.
2954 5733 3202 5809 υἱοὶπῴ
3253 5730 3545 5809 ἀνθρώπου
3597 5732 3673 5796 εἰς

2103 5803 2291 5888 χάριν
2323 5803 2575 5883 nomen),
2608 5810 2734 5862 ὅταν
2766 5804 2980 5875 ἐμπέσῃ
3015 5803 3101 5854 ἐπ’
3127 5803 3323 5866 αὐτοὺς
3360 5803 3532 5872 ἄφνω.
