4076 6310
273 364 450 424 1085

1351 365 1439 430 IN
1493 367 2070 434 ECCLESIASTEN.
2104 401 2172 410 -—
2208 364 2354 434 LIB.
2407 375 2516 436 IX.

3431 370 3566 434 1086

273 474 576 526 ἵπτασθαι
605 470 743 542 πρὸς
766 471 867 537 τὰς
889 473 1001 529 ἄνω
1026 475 1120 528 καὶ
1142 477 1337 548 νοητὰς
1362 477 1596 547 θεωρίας
1617 495 1630 510 ο
1663 479 1887 546 πένητα

1998 482 2063 535 ad
2091 498 2360 551 supernas
2385 499 2450 538 ac
2481 482 2755 552 spiritales
2800 480 3296 550 contemplationes
3349 484 3561 538 avolat:

265 563 388 617 διὰ
421 563 485 616 τὺ
521 562 836 634 πενητεύειν
864 567 978 629 τοῖς
1000 565 1094 619 τοῦ
1138 565 1392 636 σώματος
1422 569 1609 632 ὅπλοις
1641 573 1734 623 καὶ
1769 573 1890 632 ταῖς

271 653 503 714 ἀλκαῖς
529 653 666 723 πρὸς
696 655 794 717 τὰς
829 655 937 716 τῶν
964 656 1173 726 νοητῶν
1203 658 1446 727 ὲφέδρων
1479 661 1574 714 καὶ
1605 660 1890 730 δυσμενῶν

273 744 507 811 πάλας.
556 738 729 808 Οὗτος
769 740 864 799 οὖν
901 749 930 800 ό
967 747 1187 818 κληθεὶς
1210 749 1388 818 ’ἀνὴρ
1419 749 1631 818 πένης,
1664 751 1832 821 ήγουν
1863 753 1892 804 ό

271 838 454 904 νοῦς,
483 837 542 890 ὲν
569 838 636 908 τῇ
669 836 932 912 δεδομένῃ
973 838 1122 908 αὐτῷ
1161 839 1346 893 θεόθεν
1377 840 1540 910 σοφίᾳ
1583 843 1678 894 καὶ
1707 843 1890 911 χάριτι

275 927 678 983 καταπαλαίει
703 929 800 986 καὶ
823 929 1152 987 καταϐάλλει
1173 931 1300 995 τοὺς
1327 931 1660 1002 ἀλλοφύλους
1683 935 1775 989 καὶ
1797 950 1893 988 πο-

274 1021 558 1090 λεμίους,
611 1021 704 1074 καὶ
753 1021 1053 1090 περισώζει
1098 1021 1198 1093 τὴν
1248 1023 1406 1077 πόλιν
1447 1023 1546 1094 τῆς
1589 1023 1792 1094 ψυχῆς,
1821 1020 1891 1095 ἦς

275 1111 429 1164 ἔστι
459 1110 691 1182 δύναμις
719 1111 1058 1182 κυριωτάτη,
1089 1112 1184 1165 καὶ
1207 1113 1267 1165 ἐν
1358 1115 1678 1184 καταμένει,
1703 1115 1803 1183 τῆς
1827 1117 1892 1170 ὲκ

277 1199 420 1256 τῶν
451 1199 844 1270 ἀντικειμένων
885 1199 1160 1265 ἁλώσεως,
1191 1202 1468 1274 αἰσθητῶν
1510 1204 1754 1274 δηλονότι
1796 1207 1892 1260 καὶ

275 1291 538 1360 νοητῶν.
595 1290 653 1344 '0
709 1291 819 1361 γὰρ
868 1289 1020 1346 θείαν
1068 1293 1262 1359 σοφίαν
1317 1293 1415 1346 καὶ
1463 1295 1625 1364 χάριν
1683 1296 1890 1350 ἄνωθεν

276 1379 570 1449 εἰληφὼς,
611 1381 670 1434 οὐ
710 1381 872 1450 μόνον
916 1381 1015 1446 τὰς
1073 1381 1387 1445 διαϐολικὰς
1431 1385 1524 1444 καὶ
1569 1384 1890 1454 δαιμονικὰς

277 1469 606 1533 ὲπιδουλὰς
637 1470 744 1529 τῶν
780 1470 1031 1542 πονηρῶν
1071 1471 1442 1541 ἐνθυμήσεων,
1473 1472 1610 1526 ἀλλὰ
1653 1475 1748 1527 καὶ
1790 1477 1889 1545 τὰς

277 1561 414 1614 τῶν
443 1560 768 1631 κακούργων
794 1563 888 1614 καὶ
911 1560 1236 1630 πανούργων
1260 1562 1352 1616 καὶ
1375 1561 1662 1633 βασκάνων
1688 1565 1890 1636 ἀνθρὼ-

279 1670 426 1706 πων
467 1653 746 1719 ἐξαπάτας
782 1653 1246 1722 προῦπειδόμενος
1291 1654 1386 1710 καὶ
1423 1653 1889 1724 προκαταλαμϐἀο

280 1759 411 1796 νων
434 1743 817 1814 διαρῤήγνυσι,
839 1745 936 1796 καὶ
957 1743 1235 1806 παντελῶς
1259 1745 1574 1812 ἀπράκτους
1597 1743 1886 1816 καθίστησι

281 1832 413 1890 τῶν
443 1831 722 1902 ἑκατέρων
747 1833 846 1894 τὰς
875 1831 1144 1902 μηχανάς.

375 1924 507 1978 Ὅτι
535 1922 592 1976 δὲ
627 1922 780 1986 πόλις
809 1923 842 1992 ἡ
879 1922 1076 1992 λογικὴ
1103 1921 1249 1992 ψυχή
1280 1923 1742 1994 προσηγόρευται,
1773 1923 1880 1978 δείο

286 2030 501 2066 κνυσιν
529 2014 558 2065 ό
586 2015 873 2084 προφήτης
895 2013 1059 2086 Δαὸξιδ
1088 2013 1264 2082 λέγων
1288 2029 1301 2043 ο
1341 2032 1358 2065 ι
1389 2014 1494 2067 Τοῦ
1533 2014 1778 2084 ποταμοῦ
1818 2014 1887 2068 τὰ

285 2106 610 2177 ὁρμήματα
649 2106 998 2174 εὐφραίνουσι
1036 2105 1136 2172 τὴν
1179 2103 1332 2157 πόλιν
1375 2105 1470 2158 τοῦ
1501 2103 1638 2157 Θεοῦ
1663 2123 1676 2136 ο
1719 2125 1736 2157 ι
1786 2105 1886 2168 τὰς

289 2197 402 2249 τοῦ
433 2195 705 2263 παναγίου
730 2194 1048 2264 Πνεύματος
1079 2193 1359 2264 ἐνεργείας
1393 2197 1489 2248 καὶ
1525 2195 1757 2266 χάριτας
1789 2213 1886 2250 κα-

291 2289 470 2350 λέσας
520 2306 537 2336 ι
575 2287 872 2358 ὁρμήματα
903 2289 1173 2356 ποταμοῦ,
1215 2306 1232 2340 ο
1288 2289 1357 2340 τὰ
1414 2288 1890 2357 κατευφραίνοντα

292 2378 408 2449 τὴν
430 2377 630 2449 ψυχὴν,
659 2377 759 2448 τὴν
788 2378 880 2430 ἐπὶ
901 2376 1034 2430 Θεὸν
1063 2375 1293 2446 ἔχουσαν
1323 2377 1422 2440 τὰς
1451 2377 1694 2440 ἐλπίδας.
1723 2379 1884 2446 Ἀμέ-

296 2469 392 2520 λει
428 2469 607 2522 τοίνυν
637 2468 736 2539 τὴν
769 2466 1025 2535 τοιαύτην
1051 2467 1300 2540 ἐκδοχὴν,
1331 2468 1698 2538 παρεμπεδῶν
1729 2471 1821 2522 καὶ
1859 2473 1887 2523 ὁ

301 2556 476 2625 σοφὸς
515 2555 948 2628 Ἐκκλησιαστὴς
975 2556 1224 2626 ἐπήγαγε
1244 2573 1258 2586 ·
1293 2573 1313 2606 ι
1344 2557 1453 2608 Καὶ
1479 2555 1765 2625 ἄνθρωπος
1786 2558 1886 2611 οὐκ

299 2647 558 2719 ἐμνήσθη
585 2647 680 2701 τοῦ
702 2647 892 2718 ἀνδρὸς
917 2646 1009 2700 τοῦ
1037 2646 1270 2716 πένητος
1297 2645 1530 2699 ἐκείνου.
1561 2665 1579 2698 ι
1612 2647 1748 2701 Οὐδὲ
1777 2648 1886 2716 γάρ

300 2759 394 2804 τις
445 2739 674 2811 εὓρηται
728 2739 838 2797 τῶν
888 2738 1064 2793 ἄλλων
1114 2735 1418 2808 ἀνθρώπων
1479 2738 1735 2792 ἁπάντων
1787 2738 1885 2808 τὴν

305 2830 523 2889 ἐκείνου
573 2831 749 2900 πάλην
800 2831 896 2884 καὶ
940 2829 1099 2898 νίκην
1137 2827 1316 2894 εἰδὼς,
1369 2827 1492 2881 καθ’
1525 2829 1584 2882 ὃν
1613 2830 1804 2900 καιρὸν
1849 2833 1882 2900 ή

308 2923 616 2990 πολυορκία
659 2922 757 2988 τῆς
804 2921 1000 2992 ψυχῆς,
1055 2921 1172 2992 ἦτοι
1222 2921 1323 2990 τῆς
1372 2920 1580 2984 πόλεως
1620 2923 1882 2991 γέγονεν⁹

307 3015 434 3068 οὐδέ
465 3014 518 3067 τί
546 3030 610 3082 γε
646 3013 752 3083 μήν
788 3031 806 3063 ι
845 3014 984 3066 εἰσιν
1014 3011 1338 3081 ἀκουόμενοι
1379 3030 1398 3064 ι
1435 3013 1589 3084 παρά
1613 3029 1757 3066 τισιν
1788 3013 1884 3067 ἄλ-

310 3103 425 3168 λοις
463 3121 483 3155 ι
522 3103 572 3156 οἱ
607 3102 756 3170 λόγοι
793 3098 983 3165 αὐτοῦ,
1016 3118 1035 3152 ι
1081 3098 1322 3170 δηλονότι
1361 3096 1456 3154 τοῦ
1497 3098 1612 3166 νοῦ,
1645 3101 1765 3154 καθ’
1791 3099 1886 3165 οὓς

311 3195 525 3267 ἀπῆρξε
563 3196 689 3260 τοὺς
732 3193 1080 3258 ἀντιπάλους.
1121 3194 1232 3248 Καὶ
1263 3193 1351 3248 διὰ
1388 3195 1548 3248 τοῦτο
1587 3195 1682 3248 καὶ
1721 3211 1887 3248 κατα·-

313 3289 650 3360 πεφρόνηται
672 3287 765 3342 καὶ
788 3286 1246 3354 κατεξουδένιινται
1270 3287 1530 3350 πολλάκις
1549 3289 1583 3360 ή
1611 3287 1772 3356 σοφία
1791 3287 1885 3342 τοῦ

313 3379 554 3434 τοιούτου
596 3380 849 3450 πένητος,
879 3378 955 3443 ὡς
979 3377 1341 3449 ἀγνοουμένη,
1373 3377 1605 3448 πηλίκον
1640 3378 1890 3449 παγκράο

313 3487 428 3526 τιον
457 3472 808 3540 ὲνεστήσατο,
831 3469 929 3524 καὶ
963 3469 1226 3540 τρόπαιον
1251 3469 1494 3538 ἤγειρεν.

399 3557 538 3611 Ἀλλ’
586 3561 615 3611 ό
664 3559 828 3627 σοφὸς
878 3557 1312 3625 Ἐκκλησιαστὴς
1375 3554 1738 3626 ἀνακηρῦττει
1797 3553 1890 3611 τὸν

318 3647 556 3718 ἀθλητὴν
577 3645 664 3701 διὰ
684 3647 784 3719 τὴν
809 3646 962 3717 παρὰ
989 3645 1084 3700 τοῦ
1115 3644 1404 3698 ἀθλοθέτου
1427 3643 1718 3716 δεδομένην
1741 3641 1892 3714 αὐτῷ

321 3735 512 3806 σοφίαν
551 3736 645 3790 καὶ
675 3737 857 3807 χάριν,
876 3735 969 3789 καί
999 3751 1152 3805 φησι,
1181 3753 1200 3786 ι
1224 3735 1336 3788 Καὶ
1365 3729 1496 3788 εἶπα
1521 3732 1653 3802 ἐγὼ,
1686 3733 1888 3804 Ἀγαθὴ

321 3826 477 3894 σοφία
496 3825 646 3898 ,ὑπὲρ
671 3825 956 3897 δύναμιν.)
983 3825 1154 3877 Τοῦτο
1179 3822 1236 3878 δὲ
1270 3823 1455 3893 σαφῶς
1483 3823 1627 3877 ἔοικε
1651 3821 1712 3876 τὸ
1728 3821 1890 3894 ῥητὸν

317 3915 392 3986 τῷ
422 3917 686 3984 φάσκοντι
719 3914 864 3984 λόγῳ
895 3913 990 3967 τοῦ
1017 3915 1294 3987 προφήτου
1323 3913 1510 3980 Δαὸὶδ,
1543 3931 1560 3968 t
1595 3913 1708 3968 Οὐκ
1733 3915 1792 3968 ὲν
1821 3915 1886 3984 τῇ

317 4005 600 4077 δυναστείᾳ
635 4005 730 4058 τοῦ
767 4006 933 4060 ἵππου
962 4004 1198 4074 θελήσει,
1230 4005 1348 4058 οὐδὲ
1394 4005 1451 4057 ἐν
1489 4006 1611 4068 ταῖς
1649 4005 1888 4074 κνήμαις

224 4138 237 4142 -
317 4095 408 4149 τοῦ
441 4096 634 4167 ἀνδρὸς
660 4095 890 4160 εὐδοκεῖ,
923 4092 1041 4148 ἀλλ’
1081 4094 1290 4147 εὐδοκεῖ
1315 4093 1520 4164 Κύριος
1559 4095 1617 4147 ἐν
1649 4096 1764 4159 τοῖς
1791 4109 1888 4161 φο-

321 4187 598 4255 ϐουμένοις
624 4185 808 4251 αὑτὸν,
849 4185 940 4239 καὶ
973 4187 1029 4238 ἐν
1059 4188 1173 4248 τοῖς
1199 4185 1509 4248 ἐλπίζουσιν
1538 4185 1636 4238 ἐπὶ
1658 4184 1720 4237 τὸ
1741 4183 1888 4247 ἔλεος

321 4276 498 4332 αὑτοῦ.
530 4295 548 4327 ι
580 4273 1060 4328 Καταπαλαίονται
1083 4274 1191 4345 γὰρ
1214 4276 1309 4329 καὶ
1331 4273 1659 4346 τροποῦνται
1687 4275 1887 4343 μᾶλλον

321 4367 382 4418 τὰ
412 4366 578 4436 στίφη
609 4364 718 4420 τῶν
757 4364 1090 4421 ἁντιστατῶν
1119 4365 1411 4440 δαιμόνων,
1443 4367 1524 4418 ἔτι
1557 4381 1618 4434 γε
1657 4364 1763 4436 μὴν
1791 4365 1886 4419 καὶ

1989 588 2270 640 pauperem
2302 585 2506 640 autem,
2539 575 2686 644 quod
2717 575 2969 644 corporis
2990 583 3176 628 careat
3201 575 3370 628 armis
3401 581 3567 644 atque

1991 665 2250 719 subsidiis
2267 665 2331 716 ad
2360 665 2687 734 spiritalium
2723 666 3108 722 insidiatorum
3144 665 3562 734 atqueliostiuin

1991 755 2190 811 luctas.
2232 755 2334 811 Hic
2373 757 2561 827 igitur,
2589 760 2683 828 qui
2707 759 2788 813 vir
2815 775 3016 828 pauper
3043 759 3370 828 appellatur,
3408 755 3462 812 id
3483 768 3566 812 est

1991 846 2322 912 intellectus,
2358 862 2444 906 ea.
2495 863 2663 917 quam
2705 849 2966 904 divinitus
2999 848 3242 918 accepit,
3291 846 3565 915 sapientia

1988 949 2153 1006 atque
2201 941 2374 1008 gratia
2410 949 2668 996 externos
2717 941 2904 996 hostes
2945 939 3205 996 luctando
3240 938 3560 1008 prosternit,

1989 1037 2042 1083 et
2081 1029 2271 1084 urbem
2303 1030 2522 1095 animae,
2555 1029 2715 1100 cujus
2755 1029 3041 1099 potissima
3085 1029 3318 1095 facultas
3344 1037 3429 1084 est
3454 1069 3469 1096 ,
3508 1035 3565 1083 et

1991 1117 2044 1170 in
2077 1132 2183 1185 qua
2215 1127 2421 1182 manet,
2453 1121 2520 1175 ali
2564 1119 3006 1175 adversariorum
3057 1127 3170 1172 tam
3219 1115 3562 1174 sensibilium

1989 1223 2153 1276 quam
2191 1208 2521 1276 spiritalium
2576 1209 2892 1276 captivitate
2945 1209 3152 1262 salvam
3205 1217 3404 1261 tuetur.
3459 1209 3562 1272 Qui

1988 1298 2132 1350 enim
2165 1299 2406 1352 divinam
2461 1299 2785 1366 sapientiam
2842 1308 3008 1366 atque
3044 1299 3278 1366 gratiam
3314 1297 3382 1352 de
3423 1300 3562 1354 caelo

1987 1390 2218 1458 aecepit,
2251 1406 2356 1444 non
2394 1391 2569 1444 solum
2595 1390 2794 1444 diaboli
2829 1389 3049 1447 fraudes
3077 1405 3130 1444 et
3159 1390 3425 1444 malarum
3469 1405 3576 1445 co-

1987 1479 2308 1546 gitationum
2345 1479 2504 1548 232
2539 1479 2787 1542 insidias,
2830 1479 2924 1534 sed
2963 1478 3133 1532 etiam
3187 1477 3561 1548 improborum

1991 1569 2274 1624 hominum
2297 1571 2652 1624 calliditatem
2693 1580 2747 1624 et
2798 1570 3056 1623 invidiam
3091 1579 3146 1622 et
3171 1569 3328 1624 dolos
3375 1571 3562 1638 provi-

1987 1653 2166 1708 dendo
2189 1665 2531 1724 praroccupat
2564 1657 2908 1726 dissipatque
2933 1697 2948 1718 ,
2993 1672 3058 1712 ac
3087 1666 3446 1728 utrorumque
3469 1673 3558 1712 ar-

1989 1745 2155 1799 tiﬁcia
2189 1746 2402 1800 inutilia
2423 1761 2673 1814 prorsus
2695 1757 2860 1816 atque
2894 1747 3077 1802 inania
3107 1746 3305 1800 reddit.

2058 1919 2212 1984 Quod
2249 1935 2380 1975 vero
2413 1893 2698 1976 ratidnalis
2733 1921 2913 1976 anima
2941 1921 3094 1976 urbis
3127 1921 3344 1975 nomine
3379 1921 3562 1990 appel-

1987 2008 2092 2062 lata
2119 2010 2210 2071 sit,
2233 2009 2402 2064 David
2443 2013 2706 2080 propheta
2736 2012 3006 2076 ostendit,
3037 2027 3162 2066 cum
3212 2012 3330 2066 ait:
3373 2031 3392 2062 ι
3435 2010 3562 2064 Flu-

1989 2099 2153 2154 minis
2191 2098 2426 2170 impetus
2451 2101 2725 2156 Izetilicant
2767 2102 3042 2155 civitatem
3079 2100 3168 2154 Dei
3201 2100 3287 2165 3’;
3330 2119 3348 2152 ι
3383 2100 3560 2155 sancti

1989 2191 2227 2262 Spiritus
2250 2193 2480 2250 virtutes
2506 2209 2571 2249 ac
2585 2195 2726 2248 dona
2744 2194 3024 2264 appellans
3044 2193 3280 2262 ﬂuminis
3300 2202 3522 2261 impetus
3541 2232 3558 2252 .

1986 2283 2187 2351 quibus
2232 2283 2410 2337 anima
2425 2285 2783 2349 exhilaratur,
2801 2297 3135 2353 quaecunque
3151 2297 3300 2351 spem
3323 2297 3477 2336 suam
3507 2282 3558 2334 in

1991 2375 2098 2428 Deo
2132 2375 2438 2432 collocarit.
2477 2375 2664 2446 itaque
2709 2385 2764 2430 ut
2810 2375 3314 2444 interpretationem
3368 2372 3560 2446 hujus-

1988 2462 2131 2516 modi
2187 2463 2574 2532 conﬁrmaret,
2639 2466 2860 2535 sapiens
2923 2478 3144 2533 quoque
3195 2461 3560 2516 Ecclesiastes

1987 2555 2222 2624 adjecit:
2252 2574 2272 2606 ι
2312 2555 2379 2608 Ει
2411 2556 2576 2610 homo
2620 2571 2728 2611 non
2769 2563 2852 2609 est
2895 2554 3214 2608 recordatus
3260 2553 3360 2606 viri
3413 2553 3562 2605 illius

1988 2645 2268 2714 pauperis.
2309 2663 2326 2694 ι
2365 2643 2550 2716 Neque
2577 2645 2722 2698 enim
2755 2661 2822 2700 ex
2867 2643 3125 2699 omnibus
3160 2643 3285 2697 aliis
3320 2643 3560 2696 homini-

1987 2737 2090 2791 bus
2127 2737 2379 2793 inventus
2407 2747 2489 2794 est
2517 2739 2812 2807 quispiam,
2845 2738 2960 2806 qui,
3003 2751 3112 2805 quo
3145 2746 3388 2804 tempore
3442 2735 3562 2788 ani-

1987 2842 2073 2883 ma
2105 2827 2220 2882 sive
2258 2827 2390 2883 urbs
2413 2828 2714 2884 obsidione
2767 2829 3133 2897 premebatur,
3180 2827 3382 2882 luctam
3416 2826 3560 2880 illius

1985 2925 2040 2972 et
2062 2917 2341 2986 victoriam
2379 2919 2634 2982 noverit;
2679 2933 2856 2987 neque
2898 2918 2966 2970 ab
3007 2918 3132 2972 aliis
3169 2916 3295 2972 ullis
3337 2933 3355 2966 ι
3391 2931 3562 2969 θιθιιι-
3631 2987 3637 2993 ο

1985 3009 2094 3063 uita
2121 3019 2247 3064 sunt
2287 3009 2450 3063 verba
2493 3008 2650 3079 ejus,
2707 3027 2726 3059 ι
2771 3008 2946 3077 ipsius
2991 3023 3182 3078 nempe
3228 3007 3559 3070 intellectus,

1986 3099 2192 3170 quibus
2225 3099 2574 3155 adversarios
2603 3099 2858 3174 exclusit.
2893 3098 3102 3155 Idcirco
3139 3111 3282 3166 saepe
3305 3099 3566 3166 pauperis

1988 3181 2256 3264 ejusmodi
2287 3193 2552 3262 sapientia
2586 3200 2898 3260 contempta
2947 3200 3072 3255 est,
3115 3204 3177 3245 ac
3230 3203 3328 3258 pro
3383 3187 3560 3242 nihilo

1991 3285 2195 3350 habita,
2220 3286 2366 3354 quod
2409 3286 3073 3355 ignoraretur,quantum
3129 3281 3222 3336 ille
3281 3289 3560 3336 certamen

1989 3377 2364 3442 sustinuisset,
2392 3385 2446 3430 et
2479 3385 2742 3446 quantum
2781 3385 3045 3444 tropa'um
3069 3377 3386 3429 excitasset.

2057 3549 2126 3608 At
2149 3550 2371 3618 sapiens
2402 3548 2762 3604 Ecclesiastes
2795 3549 3057 3606 athletam
3089 3548 3466 3623 huncextollit
3494 3549 3563 3602 ab

1988 3641 2114 3696 data
2149 3641 2224 3694 illi
2255 3655 2285 3695 a
2315 3640 2633 3696 certaminis
2671 3641 3034 3694 constitutore
3078 3639 3348 3706 sapientia
3393 3649 3562 3708 atque

1988 3733 2185 3808 gratia,
2211 3743 2266 3787 et
2299 3733 2414 3788 ait:
2455 3750 2476 3784 ι
2509 3731 2574 3786 Ει
2605 3732 2717 3787 dixi
2743 3747 2846 3800 ego
2873 3749 2888 3785 :
2921 3732 3066 3790 Bona
3096 3731 3366 3800 sapientia
3398 3746 3563 3800 super

1988 3826 2308 3896 potentiam.
2348 3844 2367 3876 ι
2397 3824 2550 3890 Quod
2584 3824 2788 3878 dictum
2821 3824 2981 3893 plane
3020 3823 3313 3891 respondet
3336 3821 3561 3876 Davidis

1988 3917 2271 3990 propheta:
2314 3918 2494 3971 verbis
2537 3915 2821 3970 dicentis:
2873 3932 2891 3966 ι
2943 3914 3059 3969 Non
3124 3914 3176 3966 in
3239 3913 3562 3970 fortitudine

1987 4009 2112 4076 equi
2139 4007 2468 4062 voluntatem
2501 4006 2744 4070 habebit,
2784 4020 2960 4074 neque
3005 4005 3056 4057 in
3089 4005 3238 4059 tibiis
3270 4005 3366 4057 viri
3397 4006 3560 4059 liene-

1988 4100 2247 4168 placitum
2299 4108 2382 4153 est
2418 4097 2561 4161 Deo,
2622 4097 2716 4152 sed
2771 4097 3173 4165 beneplacitum
3209 4106 3287 4150 est
3329 4095 3560 4149 Domino

1987 4207 2153 4260 super
2203 4191 2455 4245 timentes
2485 4205 2633 4252 eum,
2675 4197 2730 4243 et
2772 4189 2824 4241 in
2851 4189 2933 4242 eis
2999 4187 3093 4257 qui
3133 4196 3356 4256 sperant
3397 4201 3561 4254 super

1987 4283 2367 4338 misericordia
2411 4281 2532 4350 ejus
2571 4282 2642 4335 σθ.
2695 4299 2714 4332 ι
2760 4277 2981 4335 'l'urm:e
3031 4280 3177 4333 enim
3219 4276 3556 4332 infensorum

1986 4375 2317 4439 daemonum,
2338 4389 2400 4429 ac
2423 4373 2730 4427 invidorum
2766 4372 3250 4440 improbet-unique
3279 4369 3557 4422 hominum

217 4503 222 4508 .
323 4457 419 4509 τῶν
452 4455 735 4526 βασκάνων
766 4457 859 4508 καὶ
884 4455 1195 4525 μισοκάλων
1227 4456 1531 4527 ἀνθρώπων
1563 4455 1664 4509 ὑπὸ
1691 4455 1882 4524 σοφίας

1987 4466 2162 4519 multo
2219 4464 2396 4532 magis
2440 4479 2470 4517 a
2508 4463 2777 4532 sapientia
2821 4472 2872 4514 et
2920 4461 3095 4531 gratia
3152 4470 3206 4512 et
3247 4455 3556 4526 piudentia,

325 4549 409 4602 καὶ
451 4549 673 4618 χάριτος
721 4546 816 4600 καὶ
864 4547 1198 4616 φρονήσεως,
1233 4547 1267 4618 ἢ
1301 4547 1586 4618 δυνάμεως
1619 4549 1878 4618 φυσικῆς.

323 4637 482 4691 Τοῦτο
510 4640 616 4708 γὰρ
649 4637 923 4706 ἐμπεδῶν,
947 4637 1167 4708 ἀμέσως
1191 4640 1474 4710 ἐπήγαγεν
1497 4640 1526 4691 ὁ
1557 4640 1718 4712 σοφὸς
1752 4642 1878 4698 Ἐκ-

323 4731 648 4801 κλησιαστής
671 4746 686 4760 ο

1986 4569 2149 4623 quam
2190 4569 2219 4607 a
2257 4563 2466 4606 natura:
2509 4558 2712 4606 virtute
2757 4552 3142 4622 propelluntur
3186 4565 3252 4604 ac
3296 4561 3561 4616 supera-s-

1988 4653 2098 4699 tur.
2132 4643 2184 4698 id
2213 4643 2356 4697 enini
2381 4654 2440 4698 ut
2466 4645 2834 4710 conﬁrmaret,
2854 4641 3048 4712 adjecit
3077 4641 3324 4711 protinus
3340 4637 3560 4706 sapiens

1987 4732 2348 4790 Ecclesiastes
2379 4753 2392 4792 :
2605 4735 2622 4745 ’

383 4937 556 5004 Λόγοι
605 4934 814 5004 σοφῶν
865 4935 937 4990 ἐν
973 4935 1311 4990 ἀναπαύσει
1357 4937 1699 4993 ἀκούονται
1731 4939 1882 5006 ὑπὲρ

325 5025 581 5096 κραυγὴν
612 5027 1082 5091 ἐξουσιαζόντων
1109 5027 1176 5080 ἐγ
1201 5028 1594 5096 ἀφροσύναις.

381 5207 679 5278 Μονονουχὶ
697 5209 822 5278 γὰρ,
848 5209 1032 5276 φησὶν,
1071 5207 1124 5258 οἱ
1166 5205 1418 5276 λογισμοὶ
1459 5207 1553 5260 καὶ
1592 5207 1742 5276 λόγοι
1779 5209 1874 5262 τοῦ

2063 4936 2227 4992 Vens.
2261 4939 2346 4993 17.
2396 4938 2562 4993 Verba
2602 4940 2900 5008 sapientum
2942 4939 2998 4990 in
3036 4938 3210 5008 quiete
3236 4933 3522 4987 audiuntur
3550 4977 3564 5001 ,

1987 5043 2144 5095 super
2182 5027 2468 5082 clamorem
2513 5045 2730 5092 eorum,
2770 5029 2860 5098 qui
2895 5037 3208 5097 potestatem
3255 5023 3443 5080 habent
3505 5023 3558 5072 in

1984 5117 2229 5170 stultitiis
2255 5115 2388 5184 (48).

2055 5206 2336 5277 Tanquam
2373 5208 2418 5262 si
2459 5205 2709 5263 dieeret’:
2742 5207 3110 5280 Cogitationes
3151 5222 3204 5267 et
3250 5215 3411 5270 verba
3469 5233 3558 5272 sa-

329 5298 757 5368 παραληφθέντος
809 5298 974 5366 σοφοῦ
1023 5301 1135 5361 τοῖς
1197 5297 1378 5362 ἄλλοις
1427 5301 1592 5352 πᾶσιν
1649 5303 1875 5369 ἀφανεῖς

1987 5297 2205 5368 pientis,
2247 5297 2314 5351 de
2346 5313 2456 5368 quo
2514 5299 2808 5367 loquimur,
2854 5298 3014 5369 233
3053 5304 3264 5356 ιωιιιισὶε
3302 5306 3556 5362 omnibus

327 5393 436 5449 εἰσι,
478 5391 570 5441 καὶ
615 5388 855 5459 κρυφίαν
907 5389 1088 5458 ἔχουσι
1132 5389 1228 5442 καὶ
1275 5389 1546 5460 μυστικὴν
1581 5390 1682 5457 τὴν
1724 5393 1876 5444 ἀντι-

1982 5393 2194 5444 occulta
2226 5401 2390 5454 sunt,
2437 5399 2602 5459 atque
2645 5407 2900 5444 arcanam
2957 5401 3011 5445 et
3057 5393 3337 5462 niystiratn
3381 5398 3558 5450 conti-

330 5477 613 5546 ⁵ιαιρό.ταξιν
658 5479 752 5532 καὶ
801 5479 1141 5550 κατασχολήν
1163 5495 1177 5509 ο
1210 5481 1340 5544 τοῖς
1368 5479 1640 5533 ἐθέλουσιν
1679 5480 1875 5546 αὐτοὺς

1987 5493 2113 5538 ncnt
2145 5484 2420 5554 pugnandi
2453 5485 2919 5554 sequeexetccndi
2945 5496 3150 5538 artem:
3183 5487 3270 5556 qui
3305 5487 3552 5551 ediscere

303 5675 306 5678 .
382 5634 426 5675 βο
456 5633 597 5689 Psal.
627 5649 726 5688 xu
755 5673 769 5697 ,
790 5633 847 5688 5.
925 5634 970 5666 "
993 5631 1335 5696 Psal.cxt.vt,
1378 5637 1459 5689 l0.

387 5745 490 5814 (48)
531 5743 741 5818 Olyntp.
778 5747 926 5814 λόγοι
957 5747 1142 5816 σοφοῦ.
