4076 6310
171 277 317 339 1089

1235 274 1318 335 IN
1360 269 1944 336 ECCLESIASTE'N.
1983 293 2053 306 -·
2085 268 2232 330 LIB.
2281 265 2388 326 IX-

3303 256 3436 321 1090

166 383 360 452 φύλων
385 397 400 412 °
419 380 523 435 ¹ἵνα
557 379 830 452 μηδέποτε
867 381 1252 454 διαμαρτήσας
1277 385 1306 436 ὁ
1334 381 1456 444 νοῦς
1485 380 1594 433 τῶν
1625 379 1760 446 ἀλησ

1879 377 2066 430 ,ἰοιιειιι
2097 374 2322 441 oblitus,
2355 371 2584 428 victoria
2614 372 2834 428 excidat
2857 411 2872 435 ,
2917 377 2973 426 et
3021 383 3277 436 omnem,
3326 386 3434 439 qua

170 473 291 528 θῶν
309 473 654 544 ὑπολήψεων,
671 468 966 546 πἀραρρυῇ
985 473 1090 544 τῆς
1109 477 1288 544 νίκης,
1313 475 1408 528 καὶ
1419 474 1600 526 πᾶσαν
1621 473 1760 524 ἀπο-

163 565 325 620 λέσει
357 566 457 635 τὴν
485 563 760 636 προτέραν
795 563 1048 620 εὔκλειαν
1077 567 1174 619 καὶ
1205 565 1463 635 σπουδήν.
1490 557 1627 617 Εἶτά
1657 577 1761 630 φη-

169 672 262 710 σιν
295 657 324 708 ὀ
369 655 807 726 Ἐκκλησιαστής
827 671 842 688 ·

1866 465 2119 530 ﬂorebat,
2147 465 2376 537 gloriam
2425 471 2790 533 navatamque
2825 477 3045 534 operam
3091 461 3302 530 perdat.
3349 461 3438 514 Ait

1865 555 2066 613 deinde
2089 555 2311 626 sapiens
2331 554 2691 612 Ecclesiastes
2713 573 2741 611 ς.

1731 757 1874 831 gtv.

247 861 429 914 Μυῖαι
459 860 755 916 θανοῦσαι
794 861 1124 930 σαπριοῦσι
1163 857 1507 914 σκευασίαν
1549 857 1758 910 ἐλαίου

173 946 554 1014 ἡδύσματος.
1735 1011 1757 1032 ο

253 1037 539 1108 Αίσθητῶς
569 1037 670 1110 μὲν
687 1039 750 1092 τὺ
775 1037 954 1109 παρὸν
985 1036 1150 1107 ῥητὸν
1184 1035 1445 1106 σημαίνει
1488 1034 1558 1087 ea
1589 1039 1768 1106 μικρὰ

170 1129 353 1182 ταύτα
379 1129 597 1199 ζωθφια
616 1131 686 1184 τὰ
705 1131 1037 1202 διῐπτάμενα
1065 1131 1160 1184 καὶ
1191 1129 1461 1184 νύσσοντα
1498 1129 1595 1182 καὶ
1623 1145 1764 1198 παρ-

173 1219 502 1290 ενοχλοῦντα
527 1221 666 1292 μετά
691 1221 802 1274 τῶν
834 1221 1012 1276 ἄλλων
1041 1220 1199 1285 ζώων
1227 1219 1486 1275 ἁπάντων
1505 1220 1612 1274 ,καὶ
1636 1222 1763 1284 τοὺς

176 1310 531 1379 ἀνθρώπους,
563 1310 601 1366 ἅ
649 1313 754 1389 ,καὶ
806 1313 944 1384 πρὸς
995 1315 1057 1366 τὸ
1104 1311 1556 1365 κατασκευασθὲν
1605 1309 1764 1380 χάριν

175 1403 496 1473 ἡδύσματος
541 1403 720 1459 ἔλαιον
762 1405 1100 1473 ἐμπεσόντα,
1134 1404 1638 1472 συναποπνίγονται
1674 1403 1767 1456 καὶ

177 1490 546 1546 θανατοῦνται
599 1495 668 1564 τῇ
725 1493 828 1564 τῆς
882 1493 1016 1564 ὕλης
1063 1494 1367 1564 παχύτητι,
1413 1494 1506 1546 καὶ
1549 1491 1638 1544 διὰ
1670 1491 1764 1543 τοῦ

178 1581 340 1650 σφῶν
383 1582 618 1638 θανάτου
678 1585 891 1655 σαπρὸν
929 1585 1050 1655 ἦτοι
1078 1585 1326 1648 ¹δυσῶδες
1363 1584 1768 1654 ἀπεργάζονται
1803 1574 1842 1628 Β

181 1672 280 1723 καὶ
303 1673 560 1739 φευκτόν.
598 1674 986 1742 Ἀναγωγικῶς
1009 1675 1067 1727 δὲ
1101 1677 1266 1746 μυίας
1286 1675 1630 1734 θανατούσας
1650 1674 1768 1727 ὀνο-

183 1764 384 1834 μάζειν
430 1765 558 1830 τοὺς
611 1767 942 1837 μισοκάλους
979 1765 1242 1835 δαίμονας
1277 1765 1682 1835 ὑπειλήφαμεν,
1717 1763 1769 1816 οἳ

178 1853 342 1924 δίπην
373 1855 550 1925 μυιῶν
591 1857 701 1919 τοῖς
745 1853 1006 1926 μώλωψιν
1039 1855 1390 1926 ἐπιτρέχουσι
1423 1855 1532 1907 τῶν
1561 1852 1772 1923 ἀνθρω-

181 1945 358 1998 πίνων
402 1944 614 2016 ψυχῶν,
646 1947 742 1998 καὶ
791 1946 928 2016 πρὸς
959 1945 1020 1998 τὸ
1051 1945 1284 2015 κέντρον
1331 1944 1636 1998 συνωθοῦσι
1668 1943 1770 2012 τῆς

181 2037 489 2106 ἁμαρτίας,
537 2039 678 2108 ὅπερ
716 2037 836 2090 ἐστὶ
867 2039 1088 2099 πάντως
1115 2039 1144 2090 ὁ
1177 2037 1439 2100 θάνατος’
1472 2035 1768 2091 κάντεῦθεν

180 2129 285 2197 τὴν
347 2128 704 2200 κατασκευὴν
735 2131 831 2183 τοῦ
876 2131 1070 2200 νοητοῦ
1108 2129 1210 2200 τῆς
1235 2129 1418 2200 ψυχῆς
1447 2129 1652 2195 ἐλαίου,
1683 2128 1772 2182 διὰ

181 2219 300 2272 τῶν
356 2220 479 2272 κατ’
538 2221 744 2290 ἀρετὴν
795 2222 1112 2293 ἀρωμάτων
1153 2222 1401 2289 γίνεσθαι
1458 2222 1772 2290 πεφυκυῖαν

187 2309 334 2380 πρὸς
382 2310 600 2380 ἥδυσμα
639 2311 742 2382 τῆς
777 2313 930 2376 θείας
973 2313 1276 2384 ἀρεσκείας
1305 2312 1400 2364 καὶ
1434 2309 1774 2380 θεοπρεποῦς

183 2403 552 2474 ἀγαθότητος,
583 2405 878 2473 σαπριοῦσι
918 2405 1007 2458 διά
1051 2404 1144 2458 τοῦ
1179 2404 1412 2458 θανάτου
1455 2402 1558 2472 τῆς
1597 2403 1778 2472 ἀμαρ-

185 2495 334 2559 τίας,
363 2496 456 2549 καὶ
475 2499 598 2561 ταῖς
630 2497 1026 2570 ὀσφραντικαίς
1047 2495 1142 2550 τοῦ
1176 2495 1312 2549 Θεοῦ
1355 2495 1655 2566 δυνάμεσιν
1684 2494 1776 2546 εὐ-

189 2589 484 2660 ρίσκεσθαι
516 2581 728 2661 δυσώδη
774 2589 1330 2662 παρασκευάζουσιν
1377 2587 1454 2650 ὡς
1509 2584 1778 2656 μηδαμῶς

1934 851 2065 912 Car.
2096 851 2163 908 Χ.
2222 850 2384 907 Vens.
2449 852 2500 907 1.
2560 851 2762 907 Musca;
2806 861 3031 906 mortua:
3079 849 3440 922 putrefaciunt

1867 946 2296 1014 compositionem
2331 944 2434 997 olei
2455 947 2738 998 suauitatis
2779 944 2916 1016 (5i).
3236 1009 3244 1016 _
3278 1010 3286 1014 _

1941 1034 2157 1089 Dictum
2191 1035 2313 1100 hoc,
2348 1043 2410 1090 ut
2439 1043 2622 1099 sonat,
2645 1051 2840 1104 parvas
2863 1036 3028 1091 hasce
3058 1035 3318 1090 bestiolas
3345 1032 3443 1087 de-

1871 1125 2411 1195 signatpervolantes
2445 1135 2610 1196 atque
2649 1134 2988 1196 pungentes,
3042 1141 3143 1181 uec
3187 1125 3446 1180 omnibus

1870 1217 2048 1272 solum
2085 1217 2415 1272 animalibus
2452 1217 2734 1280 molestas,
2791 1217 2883 1272 sed
2913 1217 3077 1272 etiam
3107 1217 3443 1280 hominibus,

1870 1324 1992 1379 qua;
2023 1309 2080 1362 in
2123 1309 2304 1364 oleum
2350 1325 2571 1380 quoque
2626 1310 2913 1366 suavitatis
2972 1325 3140 1366 causa
3193 1321 3445 1380 paratum

1873 1405 2176 1458 incidentes
2221 1404 2580 1468 suﬂ'ocantur,
2626 1407 2868 1460 materiae
2899 1405 3046 1461 illius
3089 1405 3450 1460 crassitudine

1871 1505 2110 1558 enectae,
2145 1495 2328 1566 ibique
2353 1497 2662 1552 immortua:
2693 1507 2848 1568 putre
2880 1499 3011 1552 illud
3046 1508 3099 1553 et
3126 1499 3450 1567 graveolens

1873 1586 2106 1641 reddunt
2133 1587 2404 1658 planeque
2435 1591 2758 1644 aversabile.
2795 1589 2958 1644 Juxta
2997 1604 3272 1660 anagogen
3320 1605 3450 1642 vero

1876 1693 2096 1731 muscas
2125 1677 2439 1732 mortiferas
2470 1679 2742 1734 nominari
2793 1681 3128 1734 arbitramur
3179 1679 3452 1748 malignos

1875 1767 2172 1830 daemones,
2199 1767 2318 1836 qui,
2339 1783 2657 1824 muscarum
2689 1783 2874 1834 more,
2915 1769 3224 1822 animarum
3274 1769 3456 1823 homi-

1877 1873 2007 1912 num
2037 1857 2304 1912 tibicibus
2337 1858 2595 1925 insident,
2649 1867 2702 1914 et
2739 1859 3021 1914 stimulum
3062 1868 3322 1929 praeterea
3370 1859 3454 1913 in-

1879 1949 2049 2018 ligunt
2077 1949 2306 2018 peccati,
2337 1949 2434 2018 qui
2461 1949 2690 2004 omnino
2719 1965 2870 2005 mors
2911 1958 2994 2004 est
3014 1987 3029 2014 ,
3072 1949 3258 2019 itaque
3289 1951 3454 2018 spiri-

1881 2037 2005 2090 talis
2036 2038 2235 2091 animae
2258 2038 2362 2092 olei
2409 2039 2886 2108 compositionem,
2923 2055 2952 2092 e
2985 2039 3250 2094 virtutum
3286 2037 3452 2092 veluti

1879 2129 2139 2183 aromatis
2163 2128 2381 2182 conﬂati
2399 2129 2464 2184 ad
2494 2131 2693 2184 divinae
2721 2131 3105 2187 oblectationis
3145 2140 3199 2186 et
3227 2145 3457 2186 summa:

1879 2217 2143 2272 bonitatis
2168 2217 2416 2284 delicias,
2453 2219 2664 2288 peccati
2701 2231 2876 2275 morte
2905 2231 3297 2292 corrumpunt,
3343 2219 3458 2274 ραι-

1878 2309 2161 2378 ciuutque,
2187 2317 2250 2363 ut
2279 2323 2400 2364 eam
2431 2309 2573 2365 Deus
2589 2312 2992 2380 graveolentcm
3021 2313 3238 2382 sibique
3269 2315 3456 2382 ingra-

1879 2406 1991 2451 tam
2022 2398 2284 2464 inveniat,
2323 2411 2424 2453 nec
2449 2398 2562 2452 ullo
2613 2401 2779 2454 modo
2829 2401 3012 2456 oleum
3068 2403 3340 2474 ejusmodi
3389 2417 3458 2455 ex

1877 2491 2178 2545 virtutibus
2222 2489 2386 2561 235
2445 2491 2810 2564 compositum
2873 2493 3140 2548 Dominus
3191 2505 3452 2565 tanquam

1879 2581 2050 2635 odore
2085 2581 2370 2636 suavitatis
2400 2579 2732 2651 fragrantem
2764 2581 3025 2637 odoretur
3061 2585 3194 2655 (52).

186 2681 273 2744 είς
303 2681 483 2752 ὀσμὴν
511 2682 741 2746 εὐωδίας
787 2681 1163 2754 ὀσφρανθῆναι
1191 2680 1284 2734 τὸν
1306 2679 1512 2748 Κύριον
1545 2679 1644 2749 τῆς
1679 2673 1937 2742 τοιαύτης
1975 2672 2070 2726 τοῦ
2138 2673 2322 2726 ἐλαίου
2387 2673 2484 2726 τοῦ
2553 2673 2674 2726 κατ’
2701 2673 2904 2746 ἀρετὴν
2952 2676 3454 2751 παραλαμϐανομέ-

187 2786 286 2826 νου
313 2767 683 2844 κατασκευῆς.

851 2858 913 2912 τὸ
945 2859 1303 2930 παράδειγμα
1353 2860 1640 2931 προήγαγε
1661 2857 1770 2911 τῶν

1949 2851 2240 2905 Enimvero
2297 2850 2541 2919 apposite
2595 2851 2823 2906 omnino
2895 2855 3208 2925 exemplum
3265 2860 3452 2916 intulit

195 2947 394 3020 μυιῶν,
417 2949 642 3011 ταύταις
667 2946 988 3010 ἀπεικάζων
1013 2947 1142 3010 τοὺς
1168 2947 1458 3018 δαίμονας,
1481 2947 1576 3000 καὶ
1605 2946 1695 3000 διὰ
1721 2945 1782 2998 τὸ

189 3041 354 3112 δίκην
408 3037 580 3108 μυιῶν
625 3039 828 3105 ἀερίως
875 3037 1270 3107 περιίπτασθαι
1323 3038 1639 3106 πανταχόσε
1687 3038 1780 3089 καὶ

192 3132 418 3186 νύσσειν
445 3133 572 3194 τοὺς
623 3129 950 3202 ἀνθρώπους
1005 3131 1102 3184 καὶ
1145 3130 1428 3201 πλήττειν,
1462 3131 1556 3183 καὶ
1601 3129 1689 3182 διὰ
1722 3129 1778 3182 τὸ

197 3223 352 3292 σφῶν
397 3221 620 3284 ἀναιδὲς
672 3221 766 3276 καὶ
813 3222 1006 3292 ἰταμὸν
1085 3221 1182 3275 καὶ
1228 3221 1608 3291 ἀναίσχυντον,
1639 3221 1777 3290 ὅπερ

193 3315 382 3384 ἔχουσι
417 3314 513 3366 καὶ
534 3316 654 3376 ταῖς
676 3315 866 3384 μυίαις
893 3314 1311 3386 παραπλησίως.
1329 3315 1436 3368 Καὶ
1463 3315 1571 3383 γάρ
1591 3315 1778 3382 ἐπειδὴ

197 3403 397 3476 μικρὸν
427 3404 618 3459 ἀνόπιν
649 3403 793 3470 εἶπε,
829 3423 850 3457 ‹
886 3405 996 3459 Καὶ
1029 3407 1364 3476 ἁμαρτάνων
1397 3399 1480 3466 εἷς
1521 3405 1780 3458 ἀπολέσει

195 3494 562 3566 ἀγαθωσύνην
611 3495 840 3564 πολλὴν,
887 3513 908 3546 ι
959 3493 1271 3556 ἀκολούθως
1326 3495 1422 3546 καὶ
1467 3492 1568 3554 τὰς
1614 3492 1780 3562 μυίας

194 3585 632 3656 παρεισκέκρικε
661 3585 758 3648 τὰς
782 3583 1122 3646 θανατούσας
1147 3585 1244 3636 καὶ
1275 3581 1620 3650 σαπριούσας
1642 3598 1656 3611 ο
1693 3581 1780 3634 ἵνα

192 3675 348 3747 δείξῃ
383 3675 594 3742 σαφῶς,
625 3675 703 3740 ὡς
741 3674 978 3746 μάλιστα
1001 3674 1095 3726 τὸν
1118 3675 1216 3742 τῆς
1242 3672 1522 3742 ἁμαρτίας
1543 3670 1778 3724 αἰνίττε-

192 3781 290 3818 ται
317 3765 571 3830 θάνατον,
607 3765 668 3828 ὃς
699 3763 937 3834 ὁπηνίκα
981 3764 1210 3834 γένηταί
1237 3781 1348 3817 τινι
1391 3763 1480 3816 διὰ
1531 3763 1631 3832 τὴν
1684 3760 1778 3815 τοῦ

195 3857 318 3916 νοὸς
367 3855 700 3928 ἀπροσεξίαν
755 3859 852 3910 καὶ
904 3855 1200 3927 ρᾳθυμίαν,
1239 3855 1502 3909 ἀπόλλυσι
1550 3852 1781 3925 χρονίων

199 3948 444 4020 ίδρώτων
477 3949 574 4002 καὶ
615 3947 978 4004 παντοδαπῶν
1029 3947 1258 4015 ἀγώνων
1311 3945 1510 4018 πολλὴν
1555 3948 1777 4018 ἀρετήν.

209 4040 428 4110 Ἀμέλει
448 4039 629 4094 τοίνυν
656 4042 934 4111 ἐπήγαγε·

1883 2957 2219 3005 muscarum,
2260 2941 2440 3011 iisque
2467 2942 2749 2998 daemones
2779 2947 3135 3016 comparavit,
3183 2959 3296 3006 tum
3330 2956 3462 3023 quia

1883 3044 2144 3102 tanquam
2170 3046 2371 3086 muscae
2402 3031 2645 3102 undique
2676 3048 2774 3102 per
2817 3048 3000 3090 aerem
3062 3036 3313 3094 feruntur
3347 3082 3362 3103 ,
3409 3054 3463 3096 ct

1883 3124 2135 3179 homines
2159 3132 2408 3193 pungunt
2439 3138 2503 3178 ac
2534 3125 2825 3191 sauciant;
2861 3135 2975 3181 tum
3005 3129 3132 3198 quia
3168 3131 3460 3202 im-pudcn-
3525 3161 3529 3163 -

1881 3216 2012 3272 tiam
2053 3214 2253 3270 habent
2280 3224 2335 3270 et
2357 3215 2646 3270 audaciam
2680 3225 2734 3286 et
2758 3217 3035 3274 licentiam
3069 3235 3175 3276 non
3211 3223 3461 3279 dissim-

1879 3308 2006 3362 lem.
2040 3305 2308 3372 Quoniam
2340 3315 2521 3361 autem
2569 3307 2732 3376 paulo
2766 3319 2894 3365 ante
2941 3310 3103 3376 dixit,
3140 3329 3161 3364 ι
3208 3311 3276 3367 Ει
3323 3330 3462 3385 pec—

1879 3412 2013 3453 cans
2044 3413 2186 3452 unus
2227 3397 2417 3466 perdet
2459 3398 2762 3454 bonitatem
2795 3402 3049 3468 multam,
3083 3422 3103 3454 ι
3144 3406 3341 3460 merito
3373 3407 3462 3460 iu-

1879 3490 2036 3544 duxit
2065 3504 2285 3544 muscas
2324 3501 2380 3544 et
2435 3500 2665 3544 mortem
2727 3491 3026 3548 inferentes
3095 3503 3148 3548 et
3173 3499 3462 3564 putredine

1879 3579 2318 3635 contaminantes
2347 3597 2360 3633 :
2385 3589 2441 3633 ut
2477 3581 2784 3635 luculenter
2802 3584 3120 3638 ostenderet
3174 3602 3234 3641 se
3280 3591 3476 3644 maxi-~

1885 3686 1973 3725 me
2003 3670 2210 3740 peccati
2259 3679 2488 3725 mortem
2535 3671 2884 3741 significare,
2930 3690 3054 3745 quae
3095 3676 3263 3730 simul
3296 3687 3462 3748 atque

1885 3761 2159 3816 hominem
2184 3761 2255 3816 ob
2284 3760 2594 3815 intellectus
2621 3765 2931 3818 socordiam
2972 3774 3027 3819 et
3076 3765 3460 3822 remissionem

1885 3853 2240 3926 Oppresserit,
2275 3853 2502 3907 multam
2541 3853 2798 3908 virtutem
2842 3857 3122 3914 diuturnis
3165 3859 3465 3918 sudoribus

1885 3957 1938 4002 et
1980 3945 2162 4001 omnis
2210 3945 2428 4016 generis
2466 3945 2860 4002 certaminibus
2904 3956 3113 4017 partam
3171 3950 3460 4020 dispertiit.

1886 4039 2095 4094 idcirco
2115 4038 2304 4107 utique
2330 4036 2530 4107 adjecit
2572 4054 2584 4089 :

1835 4131 1905 4186 ν.

269 4223 470 4292 Τίμιον
499 4223 712 4300 ὀλίγον
749 4205 973 4290 δοφίας
1002 4219 1158 4288 ὑπὲρ
1194 4217 1386 4283 δόξαν
1425 4131 1775 4288 ἀφροσύνηὲ

1957 4219 2254 4274 Pretiosum
2280 4220 2563 4288 paulu'um
2597 4217 2876 4288 sapientia:
2906 4236 3062 4290 super
3079 4221 3308 4290 gloriam
3341 4225 3466 4277 ἱιιδὶ-
3514 4255 3525 4260 -

198 4315 487 4384 μεγάλην.

271 4402 575 4472 ιΙσρίστησι
599 4400 708 4471 γὰρ
730 4399 1006 4466 ἐντεῦθεν,
1033 4399 1109 4462 ὡς
1135 4400 1228 4454 καὶ
1261 4401 1322 4453 τὸ
1351 4398 1547 4469 μικρὸν
1583 4399 1781 4469 μέτρον

197 4497 300 4565 τῆς
328 4495 536 4550 ἀνωθεν
566 4495 952 4566 δεδωρημένης
985 4495 1139 4566 παρὰ
1165 4492 1302 4547 Θεοῦ
1336 4492 1530 4562 σοφίας
1552 4494 1650 4546 καὶ
1685 4492 1781 4562 xci—

199 4603 368 4657 ριτος,
394 4584 753 4659 αἱρετώτερον
797 4586 893 4638 καὶ
936 4583 1382 4655 λυσιτελέστερόν
1416 4585 1533 4637 ἐστι
1581 4584 1780 4655 μᾶλλον

194 4678 272 4733 ὡς
299 4678 481 4748 τίμιον
509 4678 619 4732 τῶν
646 4679 708 4731 ὲν
738 4680 852 4741 τοῖς
885 4677 1284 4748 ἐπιτηδεύμασι
1315 4675 1408 4729 καὶ
1446 4679 1560 4738 τοῖς
1593 4674 1778 4746 ἔργοις

195 4769 297 4839 τῆς
327 4770 640 4840 ἀφροσύνης
660 4771 778 4842 ἦτοι
805 4768 1145 4840 φαυλότητος
1165 4767 1326 4832 δόξαν
1359 4766 1607 4839 μεγάλην
1636 4765 1776 4837 λαμ-

196 4859 471 4913 ϐανόντων
506 4860 659 4929 παρὰ
691 4859 800 4912 τῶν
851 4861 1196 4931 ὀμοφρόνων,
1246 4859 1376 4928 περὶ
1421 4851 1496 4910 ὧν
1545 4875 1712 4927 φησιν
1748 4857 1776 4908 ὁ

211 4946 556 5015 Ἂπόστολος.
608 4969 628 5002 α
671 4944 773 5005 Ὧν
817 4954 852 5022 ἡ
903 4953 1029 5017 δόξα
1072 4953 1130 5004 ἑν
1158 4953 1224 5024 τῇ
1253 4949 1488 5023 αἰσχύνῃ
1528 4949 1728 5003 αὐτῶν.
1757 4971 1776 5001 ι

265 5070 307 5102 ’³
333 5069 569 5138 Philipp.
601 5085 684 5135 ιιι,
722 5068 805 5125 19.

267 5189 382 5258 (5|)
421 5187 636 5259 Olymp.
677 5190 851 5244 Μυϊαι
900 5188 1230 5244 θανατοῦσαι
1254 5230 1266 5243 .
1296 5227 1344 5243 ..
1371 5230 1385 5244 .
1440 5189 1584 5259 quod
1625 5187 1780 5259 LXX

197 5257 418 5327 queque
463 5257 684 5314 habent.
735 5261 877 5325 Quin
902 5273 955 5314 et
996 5259 1196 5315 Noster
1227 5262 1281 5314 in
1322 5257 1580 5314 contextu
1615 5257 1782 5312 θανα-

1882 4314 2100 4382 ρξεηιὶω
2129 4329 2377 4382 magnam
2414 4313 2551 4382 (55).

1955 4401 2094 4456 Hinc
2125 4402 2510 4466 enim'statuit,
2547 4402 2624 4455 vel
2665 4401 2916 4472 exiguam
2941 4411 3146 4471 partem
3184 4402 3464 4472 ejus,quae

1883 4507 1912 4546 a
1939 4490 2048 4547 Deo
2076 4493 2258 4560 datur,
2287 4492 2572 4558 sapientia:
2619 4503 2783 4564 atque
2815 4494 3002 4564 gratia:
3025 4534 3040 4557 ,
3077 4495 3461 4564 Optahiliorcm

1885 4586 2057 4640 multo
2080 4599 2201 4640 esse
2221 4598 2274 4640 et
2303 4585 2600 4649 utiliorem,
2633 4601 2797 4655 quam
2842 4586 3079 4642 honores
3123 4600 3341 4650 eorum,
3371 4587 3462 4654 qui

1885 4676 2085 4732 studiis
2128 4675 2398 4746 factisque
2453 4679 2707 4730 amentim
2759 4685 2922 4746 atque
2975 4677 3232 4746 nequitiae
3291 4677 3466 4746 plenis

1885 4768 2028 4838 apud
2071 4769 2310 4824 asseclas
2347 4783 2478 4824 suos
2531 4784 2784 4839 magnam
2834 4769 2938 4825 sibi
2985 4777 3308 4838 comparant
3351 4768 3467 4838 glo-

1883 4861 2018 4914 riam
2063 4859 2177 4932 (54)
2219 4877 2236 4926 ;
2299 4859 2368 4914 de
2415 4861 2618 4930 quibus
2665 4862 2740 4915 ait
2770 4861 3061 4929 Apostolus
3104 4878 3118 4915 :
3167 4880 3184 4912 ι
3223 4859 3464 4926 Quorum

1887 4951 2058 5024 gloria
2083 4953 2138 5006 in
2175 4951 2496 5008 confusione
2525 4955 2768 5023 ipsorum
2789 4953 2854 5006 “.
2886 4973 2904 5005 ι
2937 4951 3073 5007 Nam
3104 4954 3196 5023 qui
3228 4967 3284 5007 sc
3310 4968 3462 5007 exer-

1881 5187 2026 5268 (cap.
2057 5205 2180 5268 νιιι,
2206 5205 2262 5268 _v_.
2295 5189 2584 5268 2i)A:_Kal
2643 5191 2944 5268 tbacppa'thq
3001 5193 3214 5268 Κύριος
3254 5197 3284 5247 ὀ
3334 5192 3464 5268 Geo;

1878 5259 2057 5329 ὀσμὴν
2087 5259 2340 5326 εὐωδέας,
2376 5259 2751 5331 Odomtusque
2774 5259 2860 5316 ἐει
2889 5259 3144 5318 Dominus
3179 5263 3312 5318 Deus
3336 5265 3467 5318 odo-

193 5328 394 5404 τούσας
417 5331 576 5404 dicit.
601 5331 669 5383 At
696 5339 881 5404 ﬂvetns
924 5330 1258 5404 Scholiastes
1299 5331 1554 5404 explicat.
1589 5328 1778 5382 Μυιῶν
1881 5343 1990 5380 rem
2017 5328 2326 5404 suavitatis.
2373 5329 2431 5384 In
2471 5348 2582 5400 quo
2612 5328 2843 5386 Paulum
2881 5337 3189 5404 apostolum
3222 5337 3466 5388 imitatus

196 5401 428 5461 θάνατος
479 5397 642 5471 σήψει
693 5399 872 5453 ἔλαιον
926 5401 1124 5471 εὐῶδες
1165 5397 1430 5471 μυρεψοῦ.
1470 5398 1775 5471 Musam-um

1879 5406 1984 5471 est,
2013 5401 2107 5468 qui
2143 5400 2458 5471 dictionem
2488 5397 2734 5456 eamdem
2786 5420 2888 5456 nec
2919 5397 3148 5459 'diversa
3200 5406 3464 5458 sententia

195 5487 332 5524 mars
378 5470 691 5538 putrel'aciet
734 5480 1053 5538 unguentum
1089 5470 1213 5524 bene
1244 5469 1396 5525 ‘olens
1436 5469 1774 5524 aromatarii.

197 5542 253 5592 In
289 5541 458 5594 Hebr.
495 5537 694 5592 Musca:
723 5537 929 5596 mortis.

265 5611 381 5678 (532)
413 5607 684 5680 Geneseos
737 5611 930 5664 alludit
993 5610 1194 5672 verbis,
1237 5612 1439 5680 quibus
1487 5617 1768 5678 acceptum

1875 5467 2298 5543 bis___u_surp-tvit.
2334 5469 2552 5540 (Ephes.
2581 5489 2632 5533 ν,
2663 5475 2698 5526 2
2725 5489 2740 5538 ;
2772 5472 2972 5543 Philip.
3006 5491 3078 5540 tv,
3110 5473 3220 5543 i8.)

1947 5539 2061 5612 (ξιξ)
2100 5539 2319 5612 υιιιιιι).
2357 5539 2634 5612 μεγάλης.

1947 5560 2061 5606 (θοι
2100 5560 2319 5612 Uiytup.
2357 5560 2537 5609 μεγαν.
2587 5560 2634 5604 ς.

1947 5609 2065 5682 (.54)?
2096 5610 2514 5682 Atigermanam
2547 5560 2723 5682 τίιιιῇιιε
2768 5613 2871 5668 loci
2905 5615 3214 5678 lectionem,
3244 5625 3364 5682 qua:
3405 5629 3461 5664 in

196 5679 306 5735 Deo
344 5679 520 5733 fuisse
567 5678 758 5735 Νοειοί
813 5695 844 5734 a
883 5681 1087 5737 dilutio
1119 5678 1446 5738 sacri—[icium
1502 5680 1766 5734 docemur
1874 5678 2155 5737 codicibus
2181 5678 2391 5738 Latinis
2418 5678 2716 5752 plurimum
2739 5686 2933 5752 variat,
2959 5685 3099 5739 hanc
3129 5698 3246 5738 esse
3278 5679 3460 5734 lineas
