4076 6310
492 197 628 263 [095

1623 191 1686 256 S.
1733 190 2104 250 GREGORII
2149 186 2655 247 AGRIGENTINI

3604 175 3760 242 1096

493 302 571 346 tes
603 297 658 346 et
680 289 934 344 cordatos
967 286 1141 350 decet,
1165 281 1643 338 animadversione
1669 296 1733 336 ac
1765 281 2059 336 sobrietate

2184 295 2274 334 ςιν.
2307 279 2370 332 Ei
2399 277 2508 348 γὰρ
2565 277 2654 331 διὰ
2709 275 2806 346 τῆς
2841 273 3157 346 πρεπούσης
3207 273 3327 334 ταῖς
3361 271 3599 341 ἐμφροσι
3649 275 3758 323 καὶ

488 380 731 437 dividere
761 377 1070 434 intellectus
1122 390 1188 430 ac
1239 387 1527 429 secernere
1575 370 1812 425 voluerit
1868 369 2063 440 impias

491 471 850 542 cogitationes
881 469 949 522 ab
989 465 1342 537 Opinionibus
1374 463 1478 534 piis
1499 502 1514 527 ,
1553 463 1766 518 nullum
1814 460 2064 532 profecto

490 559 699 616 aditum
731 558 1068 630 spiritalibus
1101 555 1360 628 nequitia:
1405 554 1732 610 commentis
1769 554 1824 607 in
1853 552 2066 608 animo-

458 669 614 709 -rum
650 652 920 707 thalamos
951 665 1016 704 ac
1040 649 1336 718 penetralia
1365 645 1610 717 patuisse
1643 647 2064 715 comperiemus;

493 743 640 814 quod
691 743 738 798 si
788 741 1084 811 aliquando
1135 740 1422 810 repentina
1485 737 1894 808 Oppugnatione
1957 751 2064 790 non

495 832 744 902 praevisa,
797 831 1109 886 intellectus
1153 829 1365 883 tardior
1399 827 1745 892 occurrerit,
1781 834 1842 881 ut
1865 825 1949 880 vel
1999 825 2066 880 ad

497 931 660 980 breve
693 923 825 978 illud
871 933 1085 992 tempus
1119 921 1294 976 malas
1341 919 1705 990 cogitationes
1764 917 2064 988 prohibea-

497 1033 621 1072 mus
645 1033 710 1072 ac
742 1015 1094 1086 repellamus.
1119 1012 1258 1066 Nam
1277 1021 1332 1067 et
1361 1013 1454 1065 ille
1486 1025 1545 1066 se
1574 1011 1752 1080 ipsum
1782 1023 2065 1073 revocans,

496 1107 652 1161 adea
694 1105 999 1175 reputanda
1038 1111 1411 1165 convertetur,
1447 1116 1569 1170 qua
1607 1099 1782 1156 dolori
1814 1115 1916 1155 suo
1953 1114 2070 1153 me-

497 1199 752 1260 deantur,
781 1204 836 1251 et
861 1195 1160 1251 adversarii
1195 1193 1508 1250 violentiam
1536 1191 1788 1248 retundct
1815 1207 1880 1246 ac
1916 1191 2073 1247 dissi-

497 1289 672 1358 pabit.

571 1461 687 1518 lloc
724 1464 871 1518 enim
927 1461 1278 1534 signiﬁcavit,
1308 1476 1435 1516 cum
1491 1446 1738 1515 addidit:
1765 1477 1782 1510 ι
1807 1458 1943 1525 Quia
1976 1473 2075 1511 cn-

497 1551 642 1604 ratio
695 1551 1036 1620 requiescere
1093 1549 1253 1604 faciet
1302 1557 1523 1618 peccata
1569 1561 1786 1616 magna.
1859 1564 1878 1598 »
1913 1545 2076 1616 239

2167 373 2416 434 συνεταῖς
2448 369 2698 442 καρδίαις
2725 368 3004 440 προσοχῆς
3042 367 3136 421 καλ⁵
3177 365 3570 439 νηφαλιόιεητος
3609 366 3758 416 ἁπτι-

2165 462 2504 516 διαστέλλειν
2533 462 2626 515 καὶ
2653 459 2953 531 διακρίνειν
2980 460 3008 511 ὁ
3041 458 3160 522 νοῦς
3183 456 3472 530 βουληθείη
3493 455 3592 519 τὰς
3617 455 3754 507 ἀσε-

2166 552 2278 616 ϐεῖς
2313 554 2644 625 ἐνθυμήσεις
2670 553 2780 607 ἀπὸ
2807 553 2917 606 τῶν
2955 550 3195 604 εὐσεϐῶν
3223 549 3567 620 ὑπολήψεων,
3597 549 3756 600 ἀπα-

2169 645 2404 716 ράδεκτα
2431 643 2712 708 παντελῶς
2739 643 3131 716 εὑρεθήσονται
3161 640 3230 694 τὰ
3270 640 3621 716 πνευματικὰ
3650 639 3750 707 τῆς

2168 737 2436 808 πονηρίας
2485 735 2850 807 ἐνθυμήματα
2894 737 3007 798 τοῖς
3052 733 3319 804 θαλάμοις
3361 731 3469 784 τῶν
3506 729 3754 802 καρδιῶν

2169 828 2264 882 καὶ
2291 827 2556 898 ταμείοις.
2595 827 2656 880 Ei
2683 827 2740 880 δὲ
2762 825 2854 880 καί
2879 841 3010 878 ποτε
3031 824 3130 895 τὴν
3168 824 3478 894 ἀπρόοπτον
3509 821 3753 892 προσεο-

2169 918 2267 990 λὴν
2305 919 2380 990 μὴ
2431 919 2892 990 προῦπειδόμενος
2945 919 2975 970 ὁ
3015 916 3142 980 νοῦς
3181 915 3594 985 καθυστερήσει,
3643 913 3755 966 κᾶν

2170 1009 2307 1080 πρὸς
2343 1011 2538 1080 μικρὸν
2583 1006 2843 1080 ἀπεῖρξαι
2877 1008 2972 1062 καὶ
3006 1005 3309 1062 διώσασθαι
3339 1005 3438 1076 τῆς
3482 1003 3754 1074 πονηρίας

2169 1101 2267 1163 τὰς
2293 1100 2650 1172 ἐνθυμήσεις·
2683 1099 2822 1170 πλὴν
2855 1099 2996 1153 ἀλλά
3039 1098 3150 1170 γὰρ
3203 1097 3298 1150 καὶ
3341 1096 3504 1152 πάλιν
3545 1097 3756 1149 ἀνακαο

2171 1191 2431 1262 λούμενος
2471 1192 2686 1254 ἑαυτὸν,
2737 1189 3082 1244 ἀκεσὼδυνον
3134 1183 3574 1259 ἐνθυμηθήσεται
3605 1185 3753 1254 λογι-

2174 1283 2331 1354 σμὸν,
2373 1281 2470 1336 καὶ
2500 1281 2843 1352 καταργήσει
2879 1280 2974 1335 καὶ
2995 1278 3227 1332 διολέσει
3250 1277 3346 1331 τοῦ
3371 1277 3752 1347 ἀντικειμένου

2173 1373 2272 1436 τὰς
2294 1371 2622 1444 προσϐολάς.

2246 1463 2417 1516 Τοῦτο
2445 1463 2552 1532 γὰρ
2585 1461 2804 1534 ᾐνίξατο
2843 1464 3045 1533 φήσας,
3093 1479 3112 1514 t
3149 1461 3272 1514 Ὅτι
3301 1459 3438 1528 ἴαμα
3462 1457 3754 1512 καταπαύ-

2179 1571 2260 1608 σει
2292 1553 2565 1626 ἀμαρτίας
2611 1553 2874 1624 μεγάλας.
2917 1573 2935 1604 ι
2984 1551 3043 1604 '0
3075 1552 3172 1622 μὲν
3207 1546 3301 1604 οὖν
3347 1548 3549 1620 Κύριός
3585 1564 3755 1618 φησιν

500 1641 588 1692 Ait
630 1655 760 1694 vero
793 1639 1056 1694 Dominus
1096 1639 1154 1692 in
1187 1637 1525 1707 Evangeliis:
1571 1656 1590 1689 ι
1625 1636 1788 1692 Venit
1821 1637 2075 1707 princeps

2184 1647 2238 1699 ἐν
2266 1648 2376 1708 τοῖς
2409 1645 2760 1722 Εὑαγγελίοις
2779 1661 2793 1676 ⁸
2829 1663 2847 1697 ι
2874 1645 3136 1716 Ἔρχεται
3159 1644 3187 1695 ὁ
3211 1641 3395 1713 άρχων
3423 1640 3518 1695 τοῦ
3543 1641 3753 1706 κόσμου

503 1727 695 1781 mundi
771 1728 970 1797 hujus,
1023 1737 1078 1781 et
1137 1728 1194 1780 in
1258 1742 1346 1782 me
1419 1742 1528 1780 non
1608 1725 1850 1781 inveniet
1913 1726 2074 1795 quid-

501 1833 666 1886 quam
705 1817 856 1891 (61);
887 1817 1187 1872 tintactum
1219 1817 1427 1872 scilicet
1458 1815 1726 1886 planeque
1773 1815 2073 1868 immunem

503 1912 574 1966 ab
593 1912 743 1966 omni
785 1911 928 1964 mala
967 1910 1296 1981 c0gitatione
1317 1909 1602 1964 declarans
1631 1906 1875 1962 animum
1913 1921 2073 1960 suum

504 2003 915 2057 immaculatum
949 2012 1113 2072 atque
1144 2002 1416 2057 divinum.
1459 2001 1510 2056 Is
1549 2000 1697 2055 enim
1743 2013 1868 2054 cum
1901 2006 2071 2061 esset,

505 2106 568 2147 ac
591 2092 916 2162 baptismate
926 2095 1040 2164 jam
1073 2102 1348 2164 suscepto,
1381 2091 1804 2162 quod-naturam
1831 2098 2075 2143 nostram

506 2187 824 2253 mundabat,
880 2188 934 2241 in
991 2186 1222 2242 desertis
1278 2191 1674 2256 perseveraret,
1717 2181 1954 2238 accessit
2008 2182 2076 2236 ad

505 2291 631 2332 eum
677 2278 932 2334 diabolus
968 2318 982 2340 ,
1039 2276 1339 2348 voluptatis
1389 2274 1754 2346 cogitationes
1803 2281 1860 2328 et
1897 2273 2078 2327 inanis

467 2412 473 2425 .
508 2368 697 2438 gloriae
723 2377 890 2438 atque
925 2368 1170 2423 avaritiae
1197 2365 1670 2436 impudentissime
1697 2363 1986 2433 ingerens:
2024 2373 2080 2417 at

507 2472 634 2512 cum
663 2457 813 2512 nullo
838 2472 1071 2526 usquam
1111 2457 1276 2511 modo
1298 2456 1480 2510 locum
1513 2454 1617 2510 sibi
1653 2453 1970 2518 invenisset,
1995 2468 2095 2507 re»

509 2549 703 2618 pulsus
729 2559 813 2606 est
845 2557 1172 2620 penitusque
1200 2547 1467 2616 disperiit,
1493 2559 1776 2613 nunquam
1814 2543 1868 2598 in
1892 2555 2078 2614 poste-

511 2654 635 2693 rum
657 2654 783 2694 cum
813 2655 878 2694 eo
909 2637 1192 2692 decertare
1213 2649 1383 2690 ausus
1402 2673 1418 2698 ,
1452 2649 1484 2689 a
1515 2649 1625 2704 quo
1657 2633 1868 2688 idoneis
1908 2647 2081 2703 oppo-

511 2730 740 2799 sitisque
790 2729 1070 2798 responsis
1113 2728 1342 2790 vietus;
1383 2739 1494 2780 non
1542 2723 1702 2778 aliter
1769 2722 2077 2794 aufugerat,

511 2836 676 2890 quam
708 2835 902 2876 servus
936 2819 1163 2890 ﬂagellis
1198 2832 1374 2874 caesus
1418 2831 1484 2872 ac
1532 2815 1876 2871 vulneratus.
1919 2815 2082 2870 Addit

511 2912 707 2967 deinde
732 2911 950 2981 sapiens
973 2909 1373 2967 Ecclesiastes:

2175 1737 2386 1803 τούτου,
2421 1738 2516 1791 καὶ
2559 1737 2620 1790 ἐν
2667 1735 2792 1807 ἐμοὶ⁵
2847 1735 3072 1807 εὑρήσει
3103 1733 3254 1786 οὐδέν
3274 1749 3290 1764 ο
3323 1752 3342 1784 ι
3371 1731 3756 1802 ἀπαράδεκτον

2177 1826 2270 1878 καὶ
2301 1826 2579 1889 παντελῶς
2629 1825 3082 1896 ἀπροσπέλαστον
3128 1823 3310 1893 πάσης
3366 1823 3758 1894 άμαρτητικῆς

2177 1915 2528 1988 ἐνθυμήσεως
2574 1915 2972 1987 παρεμφαίνων
3008 1914 3099 1969 τδν
3140 1915 3408 1986 ἄχραντον
3439 1914 3534 1967 καὶ
3565 1911 3760 1979 θεοφό-

2179 2021 2272 2076 ρον
2301 2005 2466 2058 αὑτοῦ
2496 2004 2644 2062 νοῦν.
2675 2003 2834 2058 Οὖτω
2857 2005 2966 2076 γὰρ
2999 2005 3090 2058 καὶ
3120 2005 3259 2075 μετά
3287 2002 3350 2057 τὸ
3379 2003 3751 2071 βαπτισθῆναι

2177 2095 2238 2148 τὸ
2266 2095 2597 2166 καθαρτικὸν
2616 2096 3001 2167 τῆς-ἡμετέρας
3032 2095 3246 2164 φύσεως
3275 2095 3560 2166 βάπτισμα
3581 2110 3758 2164 προσ-

2179 2186 2536 2257 καρτεροῦντι
2588 2187 2733 2240 κατά
2769 2187 2869 2256 τὴν
2918 2187 3164 2258 ἔρημον,
3218 2190 3248 2242 ὁ
3298 2186 3556 2249 Διάϐολος
3605 2185 3759 2254 αὑτῷ

2179 2278 2567 2350 προσελήλυθε,
2593 2279 2721 2342 τοὺς
2747 2279 2844 2350 τῆς
2860 2280 3056 2350 ήδονῆς
3078 2279 3373 2348 λογισμοὺς
3394 2276 3638 2340 καὶτοὺς
3658 2280 3754 2344 τῆς

2179 2368 2482 2436 κενοδοξίας
2531 2372 2626 2426 καὶ
2675 2364 3117 2444 φιλοχρηματίας
3155 2371 3571 2443 παρεισκρίνων
3616 2371 3756 2438 μετά

2179 2461 2380 2533 πολλῆς
2417 2456 2722 2526 ἀναιδείαςο
2757 2463 2893 2517 ἀλλὰ
2928 2465 3160 2535 μηδαμῆ
3193 2461 3463 2534 μηδαμῶς
3503 2456 3756 2531 εὑρηκὼς

2180 2553 2328 2625 αὑτῷ
2351 2554 2904 2626 τόπον,άπεκρούσθη
2922 2555 3015 2609 καὶ
3047 2554 3283 2608 διώλωλε
3311 2551 3614 2614 παντελῶς,
3645 2568 3756 2622 μη-

2181 2645 2298 2698 κέτι
2333 2646 2742 2717 προσωλαίσαι
2779 2646 3206 2717 κατατολμήσας
3249 2644 3328 2714 τῷ
3379 2644 3470 2712 ὑφ’
3503 2637 3568 2696 οὗ
3597 2659 3762 2708 νικη-

2181 2733 2296 2798 θεὶς
2319 2737 2438 2795 ταῖς
2467 2735 2819 2803 καταλλήλοις
2846 2735 2956 2789 τῶν
2981 2737 3356 2806 ἀντιρῥήσεων
3383 2733 3765 2803 ἀντιπαρατά-

2183 2822 2349 2889 ξεσιν,
2379 2825 2774 2894 ἐδραπέτευσεν
2821 2823 2912 2880 οἶά
2957 2843 3042 2890 τις
3093 2823 3279 2888 δοῦλος
3298 2823 3622 2894 -μαστιγίας
3663 2824 3766 2877 καὶ

2182 2915 2546 2984 τραυματίας.
2581 2912 2714 2971 Εἶτά
2753 2933 2919 2988 φησιν
2952 2917 2982 2971 ὁ
3011 2915 3177 2986 σοφὸς
3215 2914 3685 2987 Ἐκκλησιαστής’

2051 3003 2078 3075 §
2116 3005 2207 3062 Ix.

586 3095 756 3166 Vsus,
783 3097 904 3154 5-7.
942 3095 1036 3151 Est
1066 3095 1288 3162 malum,
1335 3095 1475 3165 quod
1505 3095 1612 3149 vidi
1651 3099 1745 3150 sub
1773 3097 1904 3160 sole.
1933 3099 2088 3168 quasi
2115 3108 2156 3162 ο

514 3206 618 3244 non
648 3199 995 3258 spontaneum
1025 3188 1166 3258 quod
1205 3188 1369 3242 exivit
1407 3204 1442 3242 a
1477 3188 1614 3258 facie
1639 3199 1954 3258 potestatem
1991 3191 2089 3244 Ita-

517 3282 706 3335 bentis.
741 3281 908 3335 Datus
938 3291 1016 3335 est
1046 3281 1241 3335 stultus
1284 3282 1340 3335 in
1384 3281 1804 3336 sublimitatibus
1852 3285 2084 3354 magnis,

516 3386 565 3428 et
592 3374 855 3427 divitesiu
895 3373 1086 3427 humili
1130 3384 1412 3439 ponentur.
1455 3372 1580 3427 Vidi
1617 3390 1790 3429 servos
1829 3375 1886 3428 in
1917 3376 2086 3446 equis,

517 3477 566 3518 et
633 3467 895 3534 principes
961 3463 1293 3519 ambulantes
1347 3465 1501 3536 quasi
1543 3480 1720 3519 seruos
1773 3481 1928 3536 super
1981 3476 2087 3521 ter-

518 3573 634 3611 ram
666 3557 798 3629 (ea).

593 3647 661 3704 Ut
691 3649 888 3704 obvius
918 3649 1211 3702 verborum
1245 3656 1331 3702 est
1359 3663 1578 3714 sensus,
1609 3647 1700 3704 hic
1747 3662 1965 3718 quoque
1996 3647 2090 3702 de-

518 3740 723 3810 signari
755 3740 1004 3794 videntur
1047 3755 1148 3794 nec
1177 3739 1386 3811 Opinati
1445 3739 1663 3795 favores
1714 3748 1998 3809 potentum
2035 3749 2089 3793 et

519 3829 769 3884 absurda:
799 3831 1194 3898 prom0tiones,
1227 3829 1298 3885 ob
1352 3845 1492 3899 quas
1541 3844 1683 3899 saepe
1729 3831 1791 3884 ﬁt
1828 3839 1888 3884 ut
1924 3830 2088 3884 homo

519 3920 723 3975 stultus
753 3921 1018 3975 militares
1042 3920 1245 3991 gradus
1271 3935 1608 3991 magnasque
1636 3921 1930 3991 dignitates
1949 3920 2091 3975 obti-

523 4018 668 4076 neat,
695 4025 760 4064 ac
800 4011 1094 4080 plurimum
1129 4021 1395 4080 potestate
1422 4010 1600 4065 valeat
1631 4011 1712 4065 vel
1762 4011 1832 4065 ob
1871 4025 2087 4064 morum

520 4099 932 4154 similitudinem
962 4100 1044 4154 vel
1074 4099 1145 4154 ob
1172 4109 1410 4154 veterem
1437 4099 1862 4168 diuturnamque
1900 4097 2092 4151 amici-

521 4191 650 4245 tiam
681 4191 764 4244 vel
801 4192 1036 4260 ineptam
1070 4191 1234 4244 aliam
1265 4189 1501 4261 aliquam
1537 4190 1610 4244 ob
1637 4205 1860 4244 causam
1903 4204 1968 4242 ex
1999 4188 2086 4252 iis,

522 4296 662 4350 quas
712 4280 845 4334 falsa
895 4281 1182 4337 hominum
1239 4280 1446 4350 judicia
1507 4281 1662 4350 sequi
1705 4281 1898 4334 solent.
1949 4278 2086 4334 Cum

519 4373 664 4426 enim
696 4373 960 4440 ejusmodi
988 4373 1240 4428 homines
1276 4373 1508 4428 summis
1551 4373 1971 4442 magistratuum
1995 4372 2087 4426 di-

521 4465 819 4534 gnitatibus
853 4465 1009 4535 potiti
1038 4464 1260 4528 fuerint,
1302 4479 1429 4518 mox
1464 4465 1581 4519 vice
1606 4479 1788 4528 versa,
1823 4465 1916 4535 qui
1951 4465 2092 4518 divi-

524 4567 605 4612 tes
646 4566 830 4622 erant,
876 4556 942 4610 ad
985 4558 1276 4610 obscuram
1331 4565 1385 4610 et
1426 4555 1690 4624 abiectam
1728 4565 1784 4612 et
1828 4555 2090 4610 humilem

525 4650 688 4700 \‘ilzltll
709 4648 1000 4702 translatos
1023 4647 1265 4702 invenias
1285 4647 1396 4718 (65)
1424 4665 1437 4701 :
1465 4663 1700 4718 cumque
1727 4648 2090 4718 principatum

524 4763 617 4816 Δεῖ
655 4759 750 4815 οὖν
797 4761 871 4832 μὴ
908 4761 1406 4830 συγκατατίθεσθαι
1448 4765 1561 4826 τοῖς
1595 4763 1964 4832 φαντάσμασι.
1997 4762 2094 4814 Γέ-

523 4849 766 4900 γραπται
797 4833 926 4900 γὸιρ,
963 4833 1037 4895 ὼς
1074 4832 1216 4886 Ἐὰν
1241 4833 1477 4901 πνεῦμα
1503 4833 1608 4886 τοῦ
1636 4832 2093 4896 ἐξουσιάζεντος

523 4902 718 4970 ἀναϐῇ
755 4901 852 4954 ἐπὶ
891 4901 986 4965 σὲ,
1017 4902 1204 4956 τόπον
1229 4919 1344 4956 σου
1383 4902 1464 4972 μὴ
1494 4901 1674 4970 ἀφῇς.
1717 4905 1781 4955 'H
1811 4902 1918 4972 γὰρ
1957 4901 2091 4972 πρὸς

526 4971 715 5044 ταῦτα
753 4972 1160 5044 συγκατάθεσις
1194 4973 1491 5044 νάντξζηλός
1545 4976 1662 5026 ἐστι
1730 4975 1796 5042 τῇ
1849 4971 2089 5040 κοσμικῇ

527 5042 776 5112 πορνείᾳ.
815 5042 869 5094 ld
906 5055 990 5096 est
1025 5059 1040 5097 :
1103 5041 1230 5097 Vide
1277 5041 1540 5096 undenam
1585 5041 1844 5112 evaseris,
1877 5059 1994 5112 nec
2045 5053 2094 5094 te

530 5111 846 5182 negligenter
873 5127 1014 5181 geres
1037 5115 1179 5166 citca
1239 5114 1540 5182 pra’senlia.
1581 5111 1825 5182 Ipsumne
1857 5111 2094 5180 fornica-

530 5181 686 5234 tionis
715 5181 925 5253 facinus
953 5185 1140 5238 victrix.
1165 5184 1432 5253 rejecisti?
1457 5181 1615 5253 liam,
1635 5197 1770 5253 qme
1791 5197 1880 5248 per
1912 5198 2094 5235 sensus

529 5263 816 5324 exercetur,
849 5252 943 5308 tibi
963 5255 1142 5324 οίυὶείι
1165 5251 1430 5307 inimicus.
1459 5251 1692 5324 Cumque
1717 5252 1781 5306 ab
1811 5255 1908 5305 hac
1934 5255 2093 5306 etiam

531 5323 920 5394 tecohibueris,
949 5322 1076 5394 quia
1104 5325 1366 5378 malorum
1394 5324 1623 5394 primum
1664 5322 1948 5394 fornicatio
1971 5331 2048 5376 est
2073 5338 2094 5390 ί

529 5393 801 5448 etiamtum
835 5396 884 5446 in
923 5390 1294 5464 cogitationum
1325 5390 1596 5464 domicilio
1645 5390 1772 5464 latet
1811 5393 1996 5452 hostis,
2032 5408 2096 5464 ac

525 5467 766 5520 materia:
815 5461 999 5519 ρατιονε
1035 5465 1090 5518 in
1123 5474 1171 5517 te
1195 5465 1422 5517 concitat
1447 5461 1658 5516 bellum.
1693 5462 1921 5516 Decorus
1957 5463 2095 5514 enim

529 5533 689 5598 facies
717 5551 780 5588 ac
801 5536 1076 5589 indecoras
1105 5536 1302 5603 ﬁguras
1341 5545 1388 5585 et
1418 5543 1590 5584 vetera
1623 5533 1885 5603 colloquia
1912 5549 2096 5602 sugge-

529 5615 598 5658 m
633 5607 730 5670 eis,
764 5622 880 5674 qutc
915 5606 1210 5660 solitariam
1247 5613 1407 5674 agunt
1442 5603 1620 5656 vitam.
1666 5605 1731 5656 At
1759 5619 1860 5657 non
1895 5611 2096 5673 oportet

2262 3105 2428 3157 Ἔστι
2468 3106 2746 3172 πονηρία,
2795 3103 2874 3172 ’ἦν
2899 3102 3064 3160 εἶδον
3096 3105 3214 3160 ὑπὸ
3267 3105 3376 3159 τὸν
3419 3103 3628 3172 ἥλιον,
3679 3103 3768 3168 ὠς

2189 3195 2479 3248 ἀκούσιον
2502 3195 2534 3247 ὃ
2562 3196 2821 3263 ἐξῆλθεν
2847 3197 2964 3250 ἀπὸ
2987 3196 3312 3266 προσώπου
3339 3194 3766 3258 τοῦκὲξουσιὰ-

2189 3285 2410 3350 ζοντος.
2459 3287 2669 3355 Ἐδόθη
2696 3291 2729 3342 ὁ
2755 3288 2962 3357 ἄφρων
2989 3289 3060 3342 ἐν
3092 3289 3280 3356 ὕψεσι
3311 3287 3623 3357 μεγάλοις,
3662 3286 3766 3338 καὶ

2189 3379 2470 3431 πλούσιοι
2500 3379 2571 3432 ἐν
2598 3379 2854 3445 ταπεινῷ
2879 3379 3256 3446 τεθήσονται.
3283 3379 3462 3432 Εἶδον
3499 3377 3764 3442 δούλους

2187 3466 2280 3534 ἐφ’
2310 3467 2556 3534 ἵππους,
2590 3468 2689 3521 καὶ
2717 3468 3014 3537 ἄρχοντας
3045 3468 3486 3538 πορευομένους
3513 3468 3594 3534 ὡς
3632 3467 3764 3520 60mi-

2191 3562 2339 3624 λοιις
2367 3560 2464 3612 ἐπὶ
2491 3558 2603 3626 τῆς
2636 3557 2766 3628 γῆς.

2260 3649 2541 3719 Αὲσθητῶς
2584 3649 2684 3718 μὲν
2733 3648 3104 3720 ὑποληπτέον,
3149 3648 3427 3704 κάνταῦθα
3467 3649 3768 3718 δηλοῦσθαι

2188 3737 2286 3801 τὰς
2316 3739 2752 3810 ἁπερισκέπτους
2784 3739 2878 3790 καί
2905 3739 3250 3808 παραλόγους
3277 3738 3646 3810 προχειρίσεις
3667 3739 3762 3790 καὶ

2190 3829 2460 3900 προϐολὰς
2505 3828 2618 3881 τῶν
2669 3827 3040 3898 κρατούντων,
3087 3824 3176 3890 αἷς
3221 3826 3454 3898 εὕρηται
3499 3827 3765 3889 πολλάκις

2190 3922 2380 3990 ἄφρων
2405 3919 2545 3991 ἀνὴρ
2567 3921 2624 3972 ἐν
2649 3921 3038 3990 στρατηγικοῖς
3063 3919 3158 3973 καὶ
3189 3912 3446 3988 μεγάλοις
3468 3917 3762 3991 ὑψώμασιν

2191 3983 2541 4082 ὑπεραρθεὶς,
2561 4010 2655 4064 καὶ
2691 3983 3046 4080 μεγαλυνθεὶς
3075 4007 3106 4079 ἢ
3139 3983 3228 4061 δια
3270 3983 3475 4079 τρόπον
3510 3983 3762 4075 συγγενι-

2192 4103 2285 4155 κον
2316 4103 2349 4170 ἢ
2383 4100 2566 4170 φιλίαν
2587 4099 2861 4172 ἀρχαϊκὴν
2881 4099 2977 4152 καὶ
2997 4099 3216 4170 χρονίαν
3241 4098 3274 4168 ἦ
3304 4115 3428 4150 τινα
3447 4096 3763 4168 παράλογον

2189 4193 2356 4262 ἄλλην
2412 4193 2590 4246 αἰτίαν
2641 4190 2751 4244 τῶν
2797 4190 3198 4262 παρεπομένων
3233 4189 3353 4250 ταῖς
3393 4185 3762 4257 ἀνθρωπίναις

2193 4287 2436 4358 κρίσεσιν
2469 4282 2854 4354 ἐσφαλμέναις.
2888 4280 3009 4334 Τῶν
3043 4279 3154 4350 γὰρ
3189 4279 3446 4332 τοιούτων
3477 4277 3763 4346 ὑπηργμέ-

2193 4398 2299 4434 νων
2343 4381 2400 4432 ἐν
2433 4378 2718 4449 ὑψώμασιν
2752 4375 3075 4446 ἀξιωμάτων
3115 4373 3475 4444 ἀρχοντικῶν,
3503 4370 3762 4441 εὕρηνται

2196 4471 2440 4526 πλούσιοι
2469 4471 2529 4524 τὸ
2559 4469 2796 4541 ἐμπαλιν
2826 4472 2882 4522 ἐν
2906 4465 3140 4538 ἀφανείᾳ
3165 4465 3261 4520 καὶ
3285 4465 3636 4534 ταπεινότητι
3667 4466 3761 4516 καὶ

2193 4561 2532 4633 χαμαιζηλία
2551 4559 2853 4630 τεθειμένοι
2873 4576 2886 4589 ·
2915 4557 3010 4611 καὶ
3029 4555 3395 4620 δεσποζόντων
3414 4555 3512 4609 καὶ
3538 4572 3758 4625 κυριευο

2192 4653 2360 4706 όντων
2399 4653 2509 4706 τῶν
2555 4653 2686 4724 πρὶν
2717 4651 2941 4716 δούλων,
2979 4650 3240 4718 ἄρχοντες
3271 4647 3616 4719 καθορῶνται
3643 4650 3765 4709 ταῖς

2192 4766 2582 4834 phantasmatis
2607 4765 2885 4830 assentiri;
2920 4765 3044 4834 quia
3081 4765 3336 4832 scriptum
3367 4769 3488 4814 est:
3514 4760 3764 4834 Si_spiri-

2197 4830 2283 4889 tus
2306 4845 2633 4904 potestatem
2667 4830 3248 4890 habentis'ascenderit
3281 4845 3444 4904 super
3473 4839 3551 4904 te,
3583 4830 3760 4904 locum

2195 4901 2348 4958 tuum
2374 4920 2441 4958 ne
2463 4905 2758 4960 dimiseris.
2779 4905 2980 4972 Quippe
3002 4919 3281 4956 consensus
3305 4901 3444 4954 circa
3463 4901 3570 4955 [nec
3591 4901 3761 4968 ipsum

2195 4974 2572 5044 fornicationis
2603 4976 2798 5028 crimen
2827 4972 3130 5044 inmutatur.

2197 5040 2206 5044 ”
2269 5045 2380 5114 (6i)
2407 5043 2566 5098 Joan.
2602 5061 2715 5110 xw,
2757 5045 2846 5099 50.
2900 5045 2970 5098 At
3006 5045 3062 5097 in
3101 5040 3350 5113 Vulgatis
3388 5051 3504 5097 est.
3527 5080 3542 5096 .
3566 5081 3579 5094 .
3605 5079 3619 5094 .
3651 5040 3762 5092 Οὐκ

2197 5113 2312 5166 ἐγει
2343 5115 2515 5166 οὐδέν.

2227 5131 2647 5258 LXX
2663 5183 2865 5258 habent
2883 5225 2898 5239 .
2921 5225 2936 5238 .
2958 5225 2970 5238 .
2989 5225 3006 5240 .
3038 5183 3148 5236 Καὶ
3177 5181 3422 5236 πλούσιοι
3442 5181 3502 5235 ἐν
3524 5176 3766 5247 ταπεινῷ

2199 5255 2304 5306 καθ
2352 5271 2442 5307 σον
2547 5295 2560 5309 .
2585 5293 2626 5310 ..
2655 5297 2668 5310 .
2832 5256 2835 5258 ’

2274 5255 2387 5390 ((2%)
2415 5272 2568 5380 limit;
2593 5325 2719 5378 olim
2748 5323 2927 5380 locum
2951 5327 3006 5377 in
3037 5322 3356 5379 memoriam
3381 5318 3655 5376 revocavit
3675 5317 3766 5390 Ni-

2201 5389 2289 5446 lns
2323 5392 2583 5464 Pompeio
2620 5395 2874 5458 diacono,
2919 5395 3140 5448 miranti
3169 5407 3362 5462 nempe
3407 5405 3472 5446 ac
3504 5389 3764 5460 stupenti.

2202 5465 2352 5532 quod
2397 5465 2596 5532 impius
2629 5465 2796 5519 homo
2834 5465 3067 5518 honores
3117 5474 3311 5532 nactus
3355 5468 3502 5516 esset
3543 5473 3770 5532 magnos

2203 5529 2364 5601 atque
2395 5529 2680 5602 praeclaras
2703 5535 2896 5603 (lipist.
2921 5533 3014 5603 74)
3053 5549 3068 5586 :
3107 5531 3414 5603 Μνήσθητι,
3445 5529 3772 5603 ἰιιιιυίμτὶς

2206 5599 2427 5675 Γραφῆς
2458 5599 2884 5676 ἐμΰοὼσηςίότι
2930 5599 3134 5672 Ἐδόοη
3173 5599 3467 5671 δ’ἀσὲϐὴς
3493 5599 3562 5655 ἐν
3592 5599 3770 5668 ὕψεσι
