4076 6310
405 310 548 378 1106

1465 319 1548 378 IN
1585 314 2157 380 ECCLESIASTEN’.
2182 345 2248 356 -
2279 319 2430 382 LIB.
2468 320 2574 380 IX.

3510 309 3646 372 11θῦ

401 431 516 504 γὰρ
566 430 780 504 φρονῶν
811 431 880 486 τὰ
926 432 1023 504 τῆς
1075 431 1352 505 ᾁληθείας,
1385 435 1481 489 καὶ
1531 438 1652 500 ταῖς
1689 435 1972 507 εὐθύτησιν

2085 435 2210 490 tatis
2261 444 2411 498 sunt,
2459 433 2649 496 sentit,
2695 439 2749 487 et
2796 444 2860 485 os
2903 428 3066 484 habet
3117 429 3185 483 ad
3233 425 3370 482 recti
3410 427 3649 497 regulam

403 523 723 592 ίθυνόμενον
767 522 863 576 καὶ
891 523 1308 595 κανονιζόμενον
1350 525 1489 595 ἔχων
1521 525 1584 580 τὸ
1625 527 1754 580 ἴδιον
1781 527 1974 598 στόμα,

400 609 593 680 λόγους
632 611 884 678 ὲκϐλόζει
917 614 1062 668 κατὰ
1086 613 1145 668 τὸ
1173 615 1468 670 ἀκόλουθον
1501 617 1742 685 ἀγαθοὺς
1769 598 1862 672 καί
1885 617 1979 688 χά-

403 717 492 770 ριν
525 704 630 765 τοῖς
664 703 947 760 ἐπαΐουσιν
991 705 1381 776 ἐμποιοῦντας,
1423 707 1518 760 καὶ
1546 710 1646 780 τῆς
1693 707 1793 778 μὲν
1819 725 1976 780 περι-

402 791 724 864 στοιχούσης
752 797 946 862 αὐτοὺς
974 799 1398 863 ἐπαναστάσεως
1443 799 1555 853 τῶν
1594 798 1847 872 παθῶνή
1890 816 1976 853 τι·-

401 901 496 947 νος
524 884 762 956 ἀθυμίας
803 888 896 940 καὶ
925 885 1101 958 λύπης
1121 888 1216 942 τοῦ
1252 888 1464 942 ἔνδοθεν
1488 887 1776 960 ἀνθρώπου
1805 907 1975 946 κατα-

400 975 713 1048 κρατούσης
769 977 1124 1049 ὲξαιροῦσαν,
1177 981 1274 1034 καὶ
1327 981 1787 1050 μετοχετεύουσαν
1839 984 1978 1054 πρὸς

401 1067 752 1137 παράκλησιν
793 1069 886 1120 καὶ
915 1067 1274 1138 ψυχαγωγίαν
1303 1072 1394 1124 καὶ
1438 1071 1728 1142 θυμηδίαν.

485 1155 626 1220 Ἀλλ’
657 1158 707 1208 οἱ
740 1155 1008 1226 βάσκανον
1034 1157 1128 1210 καὶ
1159 1159 1454 1226 μισόκαλον
1483 1159 1698 1230 ἔχοντες
1724 1161 1972 1233 γνώμην,

397 1244 494 1309 οὓς
516 1245 610 1300 καὶ
638 1246 910 1318 δεδήλωκε
934 1247 1022 1301 διὰ
1043 1249 1141 1317 τῆς
1164 1249 1458 1318 ὀνομασίας
1490 1269 1510 1303 ι
1548 1251 1642 1308 τοῦ
1663 1254 1916 1324 ἄφρονος,
1950 1275 1968 1307 ι

398 1337 808 1402 ἐπεισελθόντες
840 1341 956 1402 τοῖς
999 1340 1176 1409 σοφῶς
1217 1340 1558 1411 είσηγηθεϊσι
1603 1344 1696 1396 καὶ
1739 1345 1974 1408 συνετῶς

396 1429 702 1498 λαληθεῖσι,
729 1431 870 1500 μετά
901 1431 1295 1504 ῥαγδαιοτάτης
1321 1433 1430 1487 τῶν
1475 1435 1840 1505 παραφρόνων
1882 1434 1972 1488 λό-

396 1534 512 1584 γων
539 1518 830 1588 κινήσεως,
853 1517 1012 1588 δίκην
1035 1518 1339 1574 θαλαττίων
1361 1522 1622 1590 κυμάτων
1650 1524 1972 1594 συγχέουσιν

395 1609 594 1672 αὐτοὺς
625 1609 723 1662 καὶ
764 1608 1253 1676 καταϐαπτίζουσι,
1285 1611 1468 1676 καθὼς
1501 1613 1731 1683 ὲμπεδοῖ
1760 1615 1860 1668 κάν
1901 1617 1968 1686 τῇ

382 1689 567 1770 ’βίϐλῳ
590 1701 700 1754 τῶν
721 1703 1062 1776 Παροιμιῶν,
1090 1705 1314 1773 φάσκων
1333 1721 1348 1736 ·
1370 1724 1389 1758 ι
1411 1706 1610 1776 Σοφίαν
1635 1706 1728 1759 καὶ
1753 1706 1970 1760 παιδίαν

393 1789 614 1854 ἀσεϐεῖς
650 1770 1116 1863 ἐξουθενήνσουσιν.
1153 1811 1173 1846 ι
1207 1789 1285 1848 ἾΙ
1323 1770 1538 1866 μήποτε
1567 1795 1636 1850 τὰ
1677 1797 1829 1867 χείλη
1871 1796 1965 1850 τοῦ
2001 1770 2042 1824 Β

391 1881 628 1952 ᾶφρονος
652 1881 816 1935 αὐτὸν
839 1884 1046 1938 ἐκεῖνον
1070 1886 1485 1948 καταποντίζειν
1509 1887 1694 1957 φησὶν,
1731 1887 1844 1941 ἀλλ’
1868 1889 1966 1960 οὐχ

398 1969 630 2040 ἐτερον;
663 1990 684 2024 ι
741 1973 836 2026 Ἐκ
865 1973 972 2043 γὰρ
1001 1974 1111 2028 τῶν
1155 1973 1326 2044 λόγων
1365 1993 1459 2029 σου
1487 1976 1847 2052 δικαιωθήσῃ,
1874 1981 1968 2033 καὶ

393 2061 460 2114 ἑκ
490 2061 600 2116 τῶν
641 2061 816 2132 λόγων
848 2081 942 2120 σου
971 2067 1439 2141 καταδικασθήσῃ,
1490 2087 1509 2120 ι
1554 2071 1719 2139 φησὶν
1764 2072 1968 2136 ἐντοῖς

395 2153 748 2222 Εὑαγγελίοις
773 2158 804 2210 ό
843 2157 1048 2230 Κύριος
1068 2174 1082 2188 °
1113 2159 1363 2214 καθάπου
1411 2162 1547 2232 φησὶ
1575 2163 1668 2216 καὶ
1701 2163 1762 2217 τὸ
1786 2163 1968 2233 λόγιον

392 2241 488 2295 τοῦ
517 2244 751 2312 ἀθλητοῦ
795 2247 894 2316 τῆς
935 2247 1216 2312 εὐσεϐείας
1259 2249 1410 2303 Ἰώϐ·
1447 2269 1467 2302 ι
1516 2250 1762 2320 Ἐλέγξαι
1799 2269 1859 2306 σε
1902 2254 1966 2306 τὺ

395 2333 488 2386 σὸν
515 2333 712 2404 στόμα,
729 2335 799 2389 τὰ
821 2335 876 2390 δὲ
899 2337 1048 2410 χείλη
1075 2355 1172 2392 σου
1196 2343 1753 2414 καταμαρτυρήσουσί
1780 2360 1873 2398 σου
1899 2361 1913 2376 ·
1941 2362 1961 2396 ι

393 2421 608 2496 timeri?
641 2422 802 2477 αὑτὸν
840 2426 1046 2479 ἐκεῖνον
1083 2427 1175 2480 τὸν
1221 2428 1432 2500 ἄφρονα
1464 2431 1763 2502 γενομένην
1797 2433 1965 2489 κατά-

395 2531 578 2584 κρισιν
627 2516 718 2568 ἐπὶ
761 2519 875 2580 τοῖς
913 2517 1063 2583 ἰδίοις
1107 2520 1288 2590 λόγοις
1336 2525 1524 2592 σαφῶς
1573 2526 1966 2596 αἰνιττόμενον.

395 2601 507 2654 Καὶ
556 2602 818 2675 εὕρηνται
873 2605 1134 2672 πολλάκις
1176 2609 1228 2661 ei
1273 2609 1619 2680 παράφρονες
1661 2610 1809 2680 λόγοι
1856 2610 1966 2664 τῶν

395 2693 706 2763 μισοκάὶων
733 2696 1057 2768 ἀνθρώπων,
1097 2701 1194 2758 καὶ
1229 2700 1340 2754 τῶν
1383 2701 1562 2772 σοφῶν
1604 2704 1732 2766 τοὺς
1773 2703 1963 2772 λόγους

393 2783 728 2852 σϐεννύντες,
781 2789 876 2842 καὶ
926 2789 1233 2856 δεικνύντες
1283 2793 1680 2864 ανενεργὴτους
1725 2793 1815 2847 διὰ
1863 2795 1962 2865 τὴν

391 2874 780 2948 παρείσκρισιν
808 2879 904 2932 καὶ
928 2880 1029 2951 τὴν
1055 2881 1378 2954 ἀντίρρησιν
1409 2884 1517 2938 τῶν
1562 2885 1780 2955 ἀσόφων
1801 2901 1816 2916 ο
1869 2885 1963 2951 οὓς

391 2963 764 3038 αἰνιττόμενος
791 2965 946 3035 αὖθις
984 2973 1250 3044 ἐπήγαγεο

2077 534 2330 580 exactum
2364 541 2430 580 ac
2466 523 2896 584 conformatum,
2943 532 3249 581 sermones,
3302 526 3362 572 ut
3403 532 3502 586 par
3545 527 3660 583 est,

2077 617 2252 671 bonos
2283 615 2512 671 eii‘undit
2543 623 2598 670 et
2627 629 2749 670 eam
2798 610 3144 668 audientibus
3189 609 3495 680 ingerentes
3529 623 3652 678 gra-

2079 710 2244 772 tiam,
2301 724 2422 778 quae
2459 723 2566 762 non
2607 707 2784 764 solum
2837 701 3240 773 insurgentium
3289 699 3651 770 cupiditatum

2077 800 2336 868 impetum
2374 807 2429 853 et
2457 797 2900 867 desperationem
2939 807 3006 850 ac
3041 793 3283 849 dolorem
3332 792 3516 848 animo
3566 790 3654 845 in-

2078 893 2243 946 ﬁxum
2283 891 2458 954 tollat,
2501 890 2594 945 sed
2633 889 2797 944 etiam
2839 887 2894 942 in
2935 885 3114 941 solatii
3169 898 3224 940 et
3269 882 3652 939 oblectationis
3687 876 3692 954 ξ

2076 993 2129 1039 et
2159 981 2360 1036 laetitiae
2395 979 2839 1036 communionem
2878 985 3197 1047 partemque
3222 979 3398 1029 vocet.

2147 1161 2216 1215 At
2249 1174 2377 1214 vero
2407 1161 2499 1230 qui
2536 1157 2774 1229 maligno
2808 1162 2938 1209 sunt
2986 1152 3173 1208 animo
3203 1162 3256 1208 et
3296 1150 3508 1207 honesti
3541 1149 3648 1204 ini-

2077 1253 2240 1317 mico,
2277 1267 2418 1320 quos
2451 1247 2955 1317 etiam.insipientis
2995 1243 3360 1314 appellatione
3397 1241 3650 1310 designa-

2074 1346 2170 1404 vit,
2225 1344 2291 1400 iis
2335 1341 2629 1403 adversati,
2685 1355 2809 1410 quae
2859 1335 3482 1406 sapienter~proposita.
3519 1349 3649 1404 pru-

2072 1436 2372 1504 denterque
2431 1431 2630 1487 tradita
2685 1438 2834 1494 sunt,
2902 1426 3301 1483 violentissimo
3357 1425 3644 1492 stultorum

2073 1527 2362 1582 verborum
2398 1524 2630 1594 impetu,
2671 1532 2928 1591 tanquam
2980 1517 3207 1574 marinis
3244 1515 3500 1572 ﬂuctibus
3549 1513 3652 1568 ob-

2071 1623 2240 1670 ruunt
2275 1614 2398 1667 illos
2435 1621 2599 1682 atque
2630 1611 2954 1680 demergunt
2990 1626 3004 1662 :
3041 1615 3100 1663 ut
3137 1608 3192 1661 in
3224 1603 3644 1660 Proverbiorum

2071 1721 2294 1778 quoque
2340 1705 2484 1762 libro
2529 1705 2851 1765 conﬁrmat,
2905 1717 3028 1755 cum
3082 1699 3158 1753 ait
3195 1715 3208 1752 :
3249 1715 3268 1749 ι
3309 1695 3643 1766 Sapientiam

2072 1810 2237 1867 atque
2263 1795 2570 1852 doctrinam
2598 1793 2750 1867 impii
2781 1792 3084 1861 despicicnt
3108 1789 3176 1844 ⁸⁸.
3208 1807 3227 1840 ι
3261 1787 3402 1854 Quid
3433 1788 3478 1842 si
3504 1787 3646 1842 labia

2073 1886 2380 1957 ins‘pientis
2402 1885 2556 1940 illum
2581 1885 2756 1954 ipsum
2783 1883 3098 1951 demergere
3126 1879 3279 1943 dicit,
3305 1893 3410 1932 non
3441 1877 3648 1931 alium?

2079 1999 2098 2030 c
2138 1979 2213 2032 Et
2246 1976 2428 2032 verbis
2457 1975 2601 2030 enim
2647 1975 2757 2030 tuis
2791 1971 3205 2045 justiilcaberis,
3255 1980 3310 2024 et
3358 1984 3424 2024 ex
3466 1967 3646 2022 verbis

2073 2070 2186 2124 tuis
2217 2066 2674 2124 condemnaberis
2696 2067 2765 2131 9’,
2807 2085 2824 2118 ι
2870 2063 3046 2136 inquit
3081 2061 3344 2116 Dominus
3384 2059 3436 2114 in
3465 2057 3644 2114 Evan-

2073 2158 2270 2230 geliis;
2325 2155 2470 2212 sicut
2515 2154 2751 2225 quodam
2799 2154 2852 2208 in
2906 2153 3024 2206 loco
3061 2151 3262 2205 athleta
3311 2149 3398 2204 ille
3428 2149 3645 2220 pictatis

2068 2247 2242 2304 Jobus
2269 2246 2550 2302 oraculum
2586 2245 2756 2300 edidit
2790 2241 3150 2312 hujusmodi:
3185 2259 3204 2293 ι
3241 2244 3446 2312 Arguat
3494 2251 3542 2294 to
3582 2258 3644 2296 os

2070 2349 2248 2402 tuum,
2275 2342 2332 2393 et
2359 2337 2499 2390 labia
2539 2345 2630 2390 tua
2667 2334 3105 2389 testiiicabuntur
3135 2341 3324 2387 contra
3356 2340 3406 2384 te
3429 2329 3576 2401 (14):
3620 2349 3640 2381 ι

2069 2432 2274 2486 diserte
2310 2426 2628 2498 significans
2662 2433 2850 2480 contra
2883 2424 3039 2492 illum
3077 2422 3254 2492 ipsum
3294 2421 3642 2492 insipientem

2069 2521 2124 2574 in
2173 2519 2416 2588 ejusdem
2465 2515 2647 2572 verbis
2703 2515 2884 2570 inesse
2950 2513 3482 2567 condemnationem.
3533 2509 3646 2565 Nec

2070 2610 2180 2666 rari
2235 2617 2364 2664 sunt
2405 2607 2556 2663 stulti
2597 2605 2972 2676 improborum
3019 2603 3301 2658 hominum
3339 2617 3642 2666 sermones,

2070 2703 2165 2773 qui
2220 2699 2548 2770 sapientium
2606 2698 2954 2754 sermonibus
3011 2695 3263 2752 tenebras
3322 2693 3642 2756 oll‘undant,

2071 2807 2276 2864 eosque
2299 2789 2674 2860 insipientium
2702 2789 3110 2864 comparatione
3135 2795 3190 2840 et
3212 2785 3646 2840 contradictione

2073 2863 2352 2939 inﬁrmeut
2387 2891 2551 2952 atque
2589 2863 3005 2950 eleventpquos
3037 2887 3097 2934 ut
3128 2876 3413 2941 indicaret,
3449 2877 3648 2946 adjecit

2075 2989 2332 3030 τυγευηιε

1933 3094 1940 3142 ἶ
1974 3085 2114 3142 Xlll.

476 3174 657 3244 Ἀρχὴ
697 3176 896 3246 λόγων
920 3179 1220 3249 στόματος
1247 3183 1433 3237 αὐτοῦ
1472 3183 1788 3254 ἀφροσύνη
1811 3198 1825 3213 ·
1867 3087 1964 3236 argi

2074 3087 2114 3142 Ι.

2142 3179 2310 3236 Vens.
2354 3181 2437 3235 15.
2469 3177 2692 3232 Initium
2721 3177 2995 3230 verborum
3025 3176 3134 3231 aris
3166 3177 3280 3244 ejus
3311 3175 3641 3244 insipientia.

391 3260 620 3336 ἐσχάτῃ
661 3268 958 3336 στόματος
985 3272 1171 3326 αὑτοῦ
1201 3273 1539 3344 περιφέρεια
1566 3275 1802 3344 πονηρά
1820 3293 1834 3310 ο
1865 3273 1965 3328 καὶ

391 3355 427 3407 ὁ
450 3353 654 3424 ἄφρων
689 3361 990 3428 πληθυνεῖ
1021 3364 1264 3432 λόγους.

463 3448 560 3501 Διὰ
582 3447 690 3502 τῶν
717 3453 774 3504 ἐν
806 3454 946 3524 ἀρχῇ
980 3453 1072 3507 καὶ
1095 3456 1204 3508 τῶν
1232 3457 1476 3526 ἐσχάτως
1506 3457 1660 3526 παρὰ
1686 3455 1780 3511 τοῦ
1802 3456 1968 3526 ἄφρο-

391 3554 480 3600 νος
523 3539 832 3609 λεγομένων
863 3546 1042 3598 πᾶσαν
1087 3545 1184 3614 τὴν
1207 3546 1314 3598 τῶν
1359 3546 1536 3613 λόγων
1565 3545 1728 3598 αὐτοῦ
1765 3563 1968 3616 προφο-

397 3631 496 3698 ρὰν
546 3633 903 3686 ἐνδιαϐάλλων
941 3637 1032 3688 καὶ
1069 3635 1518 3702 κατασκώπτων,
1575 3637 1758 3702 καθὼς
1803 3639 1897 3690 καὶ
1938 3639 1967 3691 δ

394 3722 680 3791 προφήτης
721 3723 992 3795 Ἱερεμίας
1033 3728 1144 3790 τοῖς
1177 3726 1438 3787 τοιούτοις
1479 3728 1968 3800 παραινιττόμενος

393 3809 536 3864 οὕτω
587 3813 718 3883 φησί
741 3830 761 3844 ο
794 3833 812 3866 ι
857 3816 1253 3889 Μεμάθηκενή
1305 3819 1528 3888 γλῶσσα
1579 3817 1756 3872 αὐτῶν
1787 3819 1967 3873 λαλεῖν

389 3899 586 3970 ψεύδη,
641 3902 925 3975 ἠδίκησαν,
984 3907 1078 3958 καὶ
1134 3907 1195 3959 οὐ
1251 3907 1488 3960 διέλιπον
1539 3909 1882 3978 ἐπιστρέψαι.
1941 3929 1961 3962 ι

397 4011 418 4042 ι
459 3992 614 4057 Βολὶς
661 3995 1038 4066 τιτρώσκουσα
1087 3997 1120 4067 ή
1173 3999 1395 4066 γλῶσσα
1441 3999 1641 4066 αὐτῶν,
1693 4000 1846 4054 δόλια
1893 4002 1964 4056 τὰ

393 4083 616 4154 ῥήματα
646 4085 740 4137 τοῦ
786 4085 1054 4156 στόματος
1093 4087 1294 4153 αὐτῶν,
1313 4089 1412 4158 ’τῷ
1443 4090 1670 4162 πλησίον
1701 4092 1854 4146 λαλεῖ
1889 4093 1967 4146 εἰ-

393 4176 613 4245 ρηνικὰ,
643 4177 737 4230 καὶ
767 4177 826 4230 ἐν
853 4177 1002 4248 αὐτῷ
1034 4179 1147 4250 ἔχει
1179 4181 1278 4252 τὴν
1308 4180 1527 4253 ἔχθραν.
1573 4201 1595 4234 ι
1627 4182 1700 4236 Τὸ
1745 4183 1876 4237 αὐτὸ
1907 4183 1966 4237 δὲ

391 4263 550 4317 τοῦτο
619 4265 714 4320 καὶ
768 4267 932 4321 Δαϐὶδ
1000 4271 1029 4323 ό
1082 4271 1366 4341 προφήτης
1421 4272 1646 4341 ὲμπεδοῖ
1702 4273 1964 4341 φάσκωνο

399 4371 420 4406 ι
471 4355 884 4426 Ἦπαλύνθησαν
915 4359 965 4412 ei
1017 4358 1165 4427 λόγοι
1211 4360 1392 4414 αὐτῶν
1442 4361 1582 4430 ὑπὲρ
1627 4361 1828 4428 ἔλαιον,
1877 4363 1968 4416 καὶ

392 4445 547 4500 αὐτοί
593 4448 711 4502 eiet:
739 4447 965 4518 βολίδες.
1021 4470 1042 4502 ι
1078 4451 1190 4506 Καὶ
1237 4451 1297 4505 τὸ
1337 4451 1395 4504 δὲ
1445 4451 1841 4523 χαλεπώτερον,
1884 4453 1968 4508 ὅτι

2069 3282 2120 3328 et
2141 3274 2482 3328 novissimum
2513 3271 2620 3325 oris
2641 3268 3124 3340 ejuecircumactio
3144 3267 3388 3338 pessima.
3413 3265 3482 3319 Et
3511 3265 3658 3328 stul-

2069 3376 2154 3420 tus
2191 3365 2510 3433 nouitiplirat
2542 3364 2698 3416 verba
2725 3363 2862 3435 (75).

2139 3455 2210 3510 lis
2255 3470 2468 3522 nempe,
2519 3468 2642 3522 quas
2690 3453 2954 3522 insipiens
2991 3454 3046 3509 in
3093 3453 3364 3510 sermonis
3421 3450 3642 3508 exordio

2065 3551 2229 3611 atque
2285 3543 2338 3596 in
2390 3544 2496 3596 line
2533 3543 2798 3612 loquitur,
2847 3545 3156 3598 universam
3221 3543 3484 3598 orationis
3527 3542 3644 3611 ejus

2068 3647 2340 3688 summam
2378 3635 2749 3702 perstringens
2799 3647 2862 3685 ac
2917 3641 3141 3697 notans,
3186 3635 3642 3702 quemadmodum

2067 3731 2122 3776 et
2154 3721 2419 3790 propheta
2451 3720 2723 3776 Jeremias
2755 3722 3010 3777 homines
3054 3721 3320 3790 ejusmodi
3349 3722 3644 3790 designans

2069 3813 2151 3868 sic
2187 3812 2264 3866 ait
2301 3829 2316 3866 :
2356 3830 2374 3863 ι
2415 3811 2616 3868 Didicit
2657 3813 2840 3881 lingua
2886 3827 3077 3868 eorum
3125 3813 3273 3881 loqui
3326 3812 3641 3876 mendacia,

2070 3904 2256 3973 inique
2283 3912 2530 3974 egerunt,
2559 3912 2613 3958 et
2642 3918 2748 3957 non
2777 3904 3210 3965 intermiserunt,
3241 3902 3404 3973 24.6
3423 3914 3480 3956 ut
3505 3918 3638 3958 con-

2068 3995 2500 4057 verterentur'.)
2528 4025 2595 4036 —
2617 4013 2637 4046 ι
2663 3993 2868 4066 Sagitta
2897 3994 3192 4049 vulnerans
3215 3995 3397 4063 lingua
3427 4009 3640 4056 eorum,

2068 4088 2260 4144 dolosa
2295 4088 2459 4143 verba
2492 4087 2545 4142 in
2579 4101 2677 4142 ore
2715 4101 2945 4151 eorum,
2983 4086 3238 4155 proximo
3281 4084 3520 4154 loquitur
3551 4099 3644 4154 pa-

2069 4181 2248 4246 ciﬁca,
2275 4189 2330 4234 et
2357 4183 2412 4234 in
2441 4194 2500 4235 se
2535 4179 2700 4234 habet
2725 4177 3069 4232 inimicitiam
3091 4177 3134 4231 '.
3171 4193 3189 4228 ι
3221 4175 3275 4230 Id
3306 4190 3437 4230 vero
3465 4175 3644 4246 ipsum

2069 4283 2123 4327 et
2171 4269 2340 4326 David
2389 4270 2656 4342 propheta
2706 4268 3016 4332 conﬁrmat,
3075 4283 3198 4325 cum
3245 4269 3364 4322 ait;
3402 4292 3420 4319 ι
3455 4267 3640 4322 Molliti

2069 4371 2197 4416 sunt
2249 4376 2531 4417 sermones
2577 4376 2770 4433 eorum
2813 4376 2980 4430 super
3024 4359 3232 4422 oleum.
3267 4368 3320 4414 et
3367 4359 3466 4430 ipsi
3517 4369 3646 4414 sunt

2065 4452 2244 4522 jacula
2279 4451 2582 4534 (76).rlllud
2610 4467 2740 4507 vero
2773 4452 3010 4524 gravius,
3062 4452 3208 4522 quod
3249 4461 3452 4506 temere
3507 4466 3632 4519 gar-

394 4537 492 4590 ιιαὶ
542 4540 904 4608 παραφρόνως
955 4542 1324 4613 φθεγγόμενοι
1354 4545 1449 4597 καὶ
1497 4543 1823 4614 παραλόγως
1865 4543 1962 4597 λα-

2071 4547 2274 4600 rieutes
2300 4553 2356 4600 et
2379 4544 2623 4600 absurda
2649 4543 2981 4598 blaterantes
3009 4558 3117 4597 non
3144 4543 3472 4612 intelligunt,
3503 4556 3560 4594 se
3586 4540 3641 4593 in

391 4625 612 4691 λοῦντες
637 4629 736 4682 οὐκ
759 4631 937 4684 ἴσασιν
965 4629 1040 4697 ὡς
1076 4635 1156 4696 είς
1191 4633 1533 4702 κατάγνωσιν
1563 4633 1660 4688 καὶ
1699 4635 1966 4708 κατάκρις

396 4733 481 4773 σιν
511 4719 648 4774 ιδίαν
671 4723 1113 4794 ᾀποφθέγγονται
1144 4725 1240 4778 καὶ
1269 4725 1511 4790 λαλοῦσι,
1545 4727 1638 4780 καὶ
1677 4721 1766 4780 διὰ
1809 4725 1969 4781 τοῦτο

396 4809 756 4880 πληθυνοῦσιν
787 4814 968 4868 αὐτῶν
1011 4817 1105 4870 καὶ
1134 4817 1257 4880 τοὺς
1278 4816 1490 4886 λόγους*
1525 4817 1682 4870 τοῦτο
1719 4817 1829 4889 γὰρ
1855 4817 1971 4889 ᾐνί-

397 4901 524 4966 ξατο
555 4903 732 4974 φήσας
754 4923 767 4936 ·
795 4923 814 4957 ι
855 4907 963 4960 Καὶ
991 4909 1019 4961 ὁ
1051 4907 1238 4977 ἄφρων
1271 4908 1534 4976 πληθυνεῖ
1572 4909 1782 4978 λόγους.
1833 4929 1852 4962 ι
1893 4911 1967 4964 Οὐ

389 4993 504 5064 ,γὰρ
547 4995 745 5066 ήκουσε
778 4997 876 5068 τῆς
919 5000 1296 5070 παραινέσεως
1323 5000 1417 5054 τοῦ
1449 4999 1768 5065 λαλοῦντος·
1805 5021 1824 5055 ι
1874 5002 1969 5055 Ἐκ

398 5085 720 5156 πολυλογίας
743 5091 844 5144 οὐκ
877 5091 1116 5162 ἐκφεύξῃ
1145 5093 1442 5161 ἁμαρτίαν.
1482 5113 1501 5144 ι

466 5177 778 5248 Είσηγεῖται
827 5181 1006 5234 τοίνυν
1053 5185 1082 5236 ό
1133 5182 1296 5252 σοφὸς
1369 5183 1819 5255 Ἐκκλησιαστὴς,
1871 5187 1965 5240 καὶ

397 5269 858 5339 κατασφαλίζεται
924 5275 1131 5340 πάντας
1196 5276 1322 5340 τοὺς
1379 5277 1706 5342 ὲπαῒοντας,
1777 5278 1854 5350 μή
1910 5278 1970 5332 τὸ

471 5381 518 5416 ’⁸
555 5384 718 5443 Prov.
757 5404 794 5452 ι,
827 5387 882 5441 7.
956 5390 1003 5421 ⁸³
1045 5388 1232 5445 Matth.
1276 5407 1384 5457 sit,
1422 5393 1510 5448 57.
1594 5392 1608 5423 ⁸
1647 5389 1851 5447 Jerem.
1895 5406 1980 5454 It.
2019 5391 2072 5445 5.

472 5493 584 5572 (7:5)
620 5493 724 5572 θοι)
753 5513 844 5572 xv,
888 5499 943 5552 ϐ.
979 5497 1084 5572 Sed
1119 5503 1261 5572 apud
1319 5501 1460 5556 LXX
1503 5505 1669 5572 leges,
1715 5503 1964 5572 Ἑλεγξαι

405 5578 462 5615 σε
482 5563 678 5644 Δ’ἔδοξεν
707 5567 899 5637 στόμα.
933 5571 1036 5644 ,καὶ
1067 5563 1306 5644 μὴ’ὲγὼ.
1339 5577 1406 5644 τὰ
1434 5573 1492 5626 δὲ
1523 5563 1798 5644 χὲί·λή.....

474 5633 582 5702 (75)
618 5633 830 5706 Οιδνιιιρ.
862 5638 956 5692 καὶ
991 5633 1187 5710 sciui-1;
1217 5633 1498 5699 c.5105”...

2065 4636 2545 4706 reprehensionem
2583 4643 2636 4689 et
2684 4634 3196 4688 condemnationem
3246 4648 3402 4687 suam
3436 4630 3645 4701 garrire

2067 4743 2132 4782 ac
2174 4728 2462 4793 blaterare,
2497 4727 2681 4796 itaque
2713 4725 2878 4780 verba
2925 4739 3024 4779 sua
3071 4723 3454 4792 multiplicant.
3507 4719 3643 4773 Nam

2069 4823 2172 4875 hoc
2203 4819 2486 4886 indicavit,
2523 4835 2648 4873 cum
2681 4819 2864 4874 dixit.
2903 4835 2921 4868 ι
2963 4814 3029 4869 Et
3075 4816 3276 4870 stultus
3321 4813 3645 4883 multiplicat

2065 4910 2250 4964 verba.
2289 4929 2306 4960 ι
2349 4909 2536 4979 Neque
2563 4908 2707 4963 enim
2741 4907 3180 4962 admonitionem
3225 4906 3465 4976 percepit
3490 4903 3636 4973 ejus,

2065 5002 2158 5072 qui
2201 5003 2277 5056 ait
2330 5021 2342 5055 :
2397 5019 2415 5052 ι
2488 5001 2546 5056 In
2605 4999 2952 5069 multiloquio
3005 5011 3116 5053 non
3169 4997 3398 5068 eﬂ‘ugies
3448 5011 3644 5065 pecea-

2068 5106 2180 5149 tum
2207 5095 2248 5148 ³.
2275 5113 2292 5145 ι

2148 5184 2458 5240 Praescribit
2491 5183 2658 5254 igitur
2687 5181 2908 5253 sapiens
2942 5178 3321 5240 Ecclesiastes,
3360 5178 3645 5234 omnibus-

2081 5293 2186 5346 que
2214 5277 2555 5330 auditoribus
2581 5283 2773 5329 auctor
2800 5283 2902 5340 est,
2939 5293 3004 5331 ne
3031 5293 3092 5330 os
3119 5275 3354 5330 habeant
3382 5286 3640 5343 praeceps,

2151 5392 2172 5420 ²
2216 5391 2346 5445 ibid.
2393 5390 2445 5444 8.
2522 5389 2544 5422 ³
2582 5387 2744 5443 Prov.
2781 5405 2836 5456 ι,
2870 5389 2956 5444 19.

2115 5499 2252 5585 ⁸(Ἱίξ)
2298 5498 2435 5558 Psal.
2477 5507 2695 5570 m,22,
2739 5493 2922 5558 verum
2970 5495 3112 5552 LXX
3156 5497 3356 5552 habent
3399 5495 3448 5548 οί
3493 5493 3642 5564 λόγοι

2070 5585 2253 5622 αυτου.
