4076 6310
527 346 667 409 1123
711 407 719 413 ,
1613 337 1684 399 -S.
1730 275 2105 398 GREGODU
2145 322 2655 386 AGPJGENTINI
3677 313 3832 380 1121

595 464 726 526 Ουω
759 473 886 511 νεξΓο
919 457 988 510 ab
1020 471 1264 527 anagoge
1308 457 1526 527 p‘udet,
1571 465 1636 510 -et
1683 464 1790 508 tota
1824 449 2092 522 spiritalis

2263 440 2476 496 Οὐκοῦν
2506 441 2736 510 εἴπομεν
2754 440 2847 493 καὶ
2875 434 3333 508 τὴνᾶναγωγικήν
3357 451 3416 490 τε
3447 437 3536 490 καὶ
3555 438 3831 504 νοητήν.

525 562 630 613 est,
651 551 760 620 jam
785 562 1146 616 exponamus.
1175 547 1516 601 Dcnuntians
1542 548 1712 608 enim,
1745 557 1812 596 ne
1837 545 1962 611 quis
1985 540 2095 608 regi

2221 533 2432 590 Ξασιλέα
2447 533 2556 602 γὰρ
2582 532 2656 603 μὴ
2679 530 3022 602 καταρᾶσθαι
3040 529 3179 598 μήτε
3208 527 3459 580 πλούσιον
3479 543 3690 593 καταγ
3707 527 3832 593 ,θέλ-

525 652 619 696 aut
657 638 812 694 dititi
865 638 1217 706 imprecetur,
1275 634 1436 707 251
1482 636 1772 692 Christum
1828 631 2100 702 signiﬁcat

2221 643 2324 688 ων,
2371 624 2463 678 τὸν
2491 622 2726 693 Χριστὸν
2753 621 3054 675 αἰνίττεται
3085 620 3179 674 καὶ
3206 619 3339 672 Θεὸν
3360 619 3470 671 τῶν
3501 619 3664 672 ὅλων
3723 620 3832 670 καὶ

529 730 697 784 Deum
736 727 976 782 universi
1017 742 1083 780 ac
1115 741 1296 796 regem
1327 726 1543 794 gloriae,
1569 739 1739 796 quem
1767 721 2100 790 compellans

2221 716 2423 770 ιασιλέα
2442 719 2539 785 τῆς
2577 714 2756 784 δόξης,
2790 713 2925 783 πρὸς
2952 713 3011 765 ὃν
3043 729 3205 784 φησιν
3230 713 3258 764 ό
3300 711 3628 781 Προφήτης,
3681 728 3707 759 ι
3760 709 3833 762 ἸΙ

529 817 797 884 Propheta
821 815 998 869 dixit:
1037 833 1054 864 ι
1093 813 1338 884 Regnum
1389 823 1542 868 tuum
1581 827 1806 882 regnum
1855 811 2098 864 onminm

2221 809 2454 862 ίασιλεία
2484 825 2578 861 σου
2609 797 2856 878 βασιλεία
2901 806 3121 858 πάντων
3171 804 3280 856 τῶν
3313 803 3550 867 αίὼνων,
3619 803 3742 854 καὶ
3794 803 3831 872 ἡ

532 909 884 969 sazcnlorum,
921 914 977 958 et
1007 906 1310 960 dominatio
1347 917 1437 960 tua
1474 906 1528 960 in
1553 903 1718 959 omni
1754 901 2102 972 generatione

2221 903 2490 956 ῑεσποτεία
2515 919 2609 954 σου
2641 903 2699 953 ὲν
2735 900 2888 972 πάσῃ
2936 899 3100 968 γενεᾷ
3139 898 3235 951 καὶ
3275 897 3460 966 γενεᾷ.
3503 913 3524 945 ι
3566 893 3832 962 Πέφυκε

531 1010 584 1052 et
613 997 962 1066 generatione
991 997 1055 1052 ιδ.
1095 1017 1115 1050 ι
1151 997 1282 1052 Fuit
1311 996 1456 1051 enim
1479 997 1664 1066 quoad
1695 1005 1982 1062 utramque
2000 1007 2104 1044 na-

2221 995 2312 1066 (ὰρ
2343 993 2461 1047 καθ’
2479 992 2748 1062 ἑκατέραν
2779 991 2964 1042 οὐσίαν
2997 988 3094 1041 καὶ
3127 985 3382 1056 βασιλεὺς
3404 985 3501 1038 καὶ
3533 983 3832 1046 πλούσιος

531 1101 709 1145 turam
741 1099 798 1146 et
841 1105 936 1144 rex
969 1098 1029 1144 et
1065 1090 1216 1144 dives
1253 1105 1440 1142 revera
1493 1089 1607 1143 sive
1642 1085 1912 1140 Dominus
1941 1103 1954 1138 :
1987 1092 2102 1137 tan-

532 1197 696 1250 quam
730 1181 982 1249 princeps
1008 1182 1162 1249 paris
1190 1189 1236 1232 et
1267 1180 1411 1246 regis
1440 1177 1610 1231 Filius
1645 1175 1956 1246 unigenitus
1981 1187 2102 1226 om-

533 1272 834 1341 nipotentis
881 1270 976 1324 Dei
1028 1270 1224 1335 Patris,
1273 1273 1381 1338 qua
1436 1269 1576 1322 Deus
1625 1275 1818 1320 natura
1864 1275 1988 1331 est;
2041 1278 2106 1318 ac

532 1371 793 1432 praeterea
829 1377 922 1430 per
955 1361 1208 1414 humanae
1254 1371 1463 1414 naturae
1497 1358 1954 1426 assumptionem,
1987 1364 2106 1409 tan-

2202 1083 2420 1153 ἀληθῶς
2471 1083 2589 1153 ἢτοι
2617 1082 2882 1152 δυνάστης
2902 1095 2916 1109 ·
2949 1079 3024 1142 ὡς
3053 1079 3238 1146 ἄρχων
3291 1077 3392 1146 τῆς
3421 1075 3662 1145 εἰρήνης
3722 1073 3834 1124 καὶ

2185 1175 2466 1246 -βασιλέως
2487 1175 2605 1236 υἱὸς
2637 1175 2930 1245 μονογενὴς
2950 1169 3045 1224 τοῦ
3073 1169 3510 1238 παντοκράτορος
3538 1165 3702 1218 Θεοῦ
3723 1165 3830 1215 καὶ

2207 1266 2440 1336 ΙΙατρδς,
2523 1265 2655 1326 Θεός
2682 1267 2797 1317 ἐστι
2824 1261 2948 1315 κατ’
2976 1248 3278 1315 οὗσίανοέτι
3310 1274 3369 1328 γε
3403 1258 3508 1328 μὴν
3529 1257 3630 1310 καὶ
3665 1257 3832 1309 κατὰ

2205 1357 2302 1426 τὴν
2327 1355 2594 1426 πρόληψιν
2619 1354 2718 1423 τῆς
2743 1351 3096 1424 ἀνθρωπίνης
3131 1350 3367 1420 φύσεως,
3386 1349 3470 1412 ὡς
3495 1349 3617 1410 υίὸς
3643 1348 3830 1416 βασι-

532 1465 696 1519 quaut
731 1451 872 1504 filius
903 1464 1068 1518 regis,
1103 1464 1296 1516 nempe
1329 1447 1518 1508 David,
1557 1445 2020 1514 quemadmodum
2053 1452 2107 1498 et

2221 1449 2364 1511 téw;,
2390 1444 2588 1515 δηλαδὴ
2609 1445 2702 1498 τοῦ
2732 1445 2916 1509 suae,
2968 1441 3152 1504 καθὼς
3181 1443 3284 1495 κάν
3305 1443 3415 1502 τοῖς
3437 1437 3828 1507 Εὐαγγελίοις

534 1541 588 1594 in
627 1542 934 1610 Evangeliis
981 1541 1246 1609 scriptum
1293 1548 1412 1603 cst,
1455 1539 1669 1594 Judazos
1727 1539 1826 1606 ipsi
1875 1537 2108 1589 interro-

2221 1540 2516 1609 γέγραπται
2549 1537 2676 1598 τοὺς
2716 1533 3004 1596 Ἰουδαίους
3029 1534 3200 1584 εἰπεῖν
3227 1529 3366 1600 πρὸς
3399 1530 3563 1584 αὐτὸν
3587 1529 3829 1598 sparti;-

529 1631 704 1701 ganti,
755 1631 913 1700 cujus
949 1631 1092 1685 ﬁlius
1127 1637 1274 1685 esset
1297 1669 1310 1692 ,
1348 1630 1571 1690 dixisse,
1608 1631 1798 1698 utique
1843 1626 2062 1680 Davidis
2086 1640 2105 1678 :

2221 1645 2400 1690 ταντα,
2431 1627 2576 1691 τίνος
2615 1625 2729 1688 υίός
2757 1629 2940 1690 ὲστινς
2972 1625 3054 1678 ὃτι
3075 1623 3181 1676 τοῦ
3197 1619 3374 1676 Δαϐίδ
3395 1637 3408 1650 ·
3443 1617 3539 1672 τοῦ
3558 1619 3616 1672 δὲ
3653 1618 3817 1687 πρὸς

532 1719 657 1786 ipso
687 1719 883 1772 deinde
911 1719 1218 1788 obiectante
1247 1719 1356 1772 illis
1381 1734 1445 1773 ac
1473 1708 1688 1772 dicente
1716 1737 1730 1772 :
1761 1736 1782 1769 ί
1822 1717 2108 1782 Quomodo

2221 1721 2406 1781 ιὺτοὺς
2457 1715 2949 1784 ἀνθυπενεγκόντος
3001 1716 3098 1768 καὶ
3135 1715 3430 1784 φήσαντος,
3486 1731 3506 1764 ι
3533 1710 3670 1773 ῐιῶς
3706 1707 3816 1762 οὖν

530 1823 667 1878 ergo
694 1809 770 1861 ait
801 1787 1009 1862 David:
1041 1807 1186 1862 Dixit
1218 1807 1484 1867 Dominus
1519 1808 1757 1862 Domino
1781 1824 1935 1864 meo:
1968 1808 2106 1863 Sede

2221 1813 2376 1882 φησιν
2395 1813 2422 1864 ὁ
2450 1809 2669 1873 mea.
2697 1789 2896 1862 εἷπενό
2919 1805 3123 1877 Κόριος
3141 1805 3218 1876 τῷ
3243 1804 3430 1874 Κυρίῳ
3458 1820 3581 1874 μου,
3609 1801 3824 1856 Κάθου

537 1912 571 1950 a
599 1898 805 1952 dextris
839 1899 1010 1953 meis?
1040 1898 1094 1952 Si
1128 1913 1259 1967 ergo
1302 1899 1564 1954 Dominus
1591 1898 1811 1953 Davidis
1837 1909 1941 1965 est,
1971 1915 2106 1968 quo-

2221 1909 2271 1958 ὲκ
2299 1903 2486 1970 δεξιῶν
2509 1919 2614 1976 μου
2638 1917 2653 1966 ;
2689 1921 2708 1952 «
2747 1901 2796 1953 et
2823 1895 2917 1953 οὖν
2942 1898 3144 1968 Κύριος
3163 1895 3256 1950 τοῦ
3283 1895 3446 1948 Δαϐίδ
3470 1899 3645 1956 ἐστιν,
3687 1893 3825 1956 πῶς

539 1987 703 2040 modo
739 1995 790 2040 et
828 1987 972 2041 illius
1005 1987 1126 2056 ejus
1164 1996 1249 2042 est
1272 1987 1355 2040 ‘5?
1389 2006 1408 2038 ι
1452 1985 1570 2042 Non
1615 1997 1670 2041 ut
1704 2003 1764 2044 se
1791 1989 1960 2043 [ilium
2005 1988 2110 2041 Da-

2221 1999 2353 2048 ὲστιν
2381 1991 2549 2048 αὑτοῦ
2573 1981 2670 2044 καί
2706 1991 2853 2056 υἱὸς;
2891 2007 2910 2040 ι
2947 1987 3080 2058 Οὐχὶ
3109 1985 3170 2038 τδ
3199 1985 3312 2048 υἱὸς
3342 1981 3480 2038 εἶναι
3508 1983 3606 2037 τοῦ
3635 1981 3825 2036 Δαὸὶδ

538 2075 682 2130 vidis
727 2090 852 2130 esse
902 2076 1264 2138 inficiaretur,
1325 2077 1421 2132 sed
1477 2086 1538 2131 ut
1589 2077 1820 2148 gemina:
1871 2087 2108 2142 naturae,

541 2153 758 2230 divinae,
793 2167 1040 2236 inquam,
1074 2177 1122 2222 et
1166 2169 1438 2232 humanae,
1474 2169 1528 2220 in
1578 2183 1702 2230 eum
1732 2169 2112 2223 concurrentis

542 2258 824 2312 veritatem
859 2258 1228 2313 confirmaret.
1262 2260 1444 2324 Quare
1477 2259 1545 2313 de
1581 2260 1768 2313 eodem
1811 2259 1888 2313 ait
1921 2274 2112 2313 rursus

538 2349 777 2417 quodam
830 2350 882 2402 in
932 2350 1052 2404 loco
1084 2351 1344 2420 propheta
1393 2350 1557 2404 David
1589 2369 1601 2404 :
1641 2369 1659 2400 ι
1699 2349 1965 2405 Dominus
1998 2351 2110 2404 vir-

539 2449 720 2493 tutum
777 2437 892 2507 ipse
941 2449 1026 2492 est
1080 2455 1175 2494 rex
1225 2441 1496 2509 gloriae“.
1541 2459 1560 2493 ι
1605 2439 1746 2496 lluic
1793 2443 1959 2511 igitur
1999 2443 2110 2512 regi

513 2511 516 2514 ”
544 2541 908 2596 nequaquam,
946 2526 1142 2596 inquit,
1175 2527 1492 2596 imprecere,
1525 2529 1576 2582 id
1603 2537 1706 2596 est,
1739 2545 1872 2584 cave
1896 2539 1980 2594 ω,
2015 2511 2116 2599 po-

543 2615 668 2684 pule
685 2614 1021 2679 .ludazorum,
1048 2617 1134 2670 cui
1163 2615 1499 2670 obstinatum
1528 2627 1612 2673 est
1637 2635 1733 2673 cor
1757 2635 1854 2674 nec
1877 2621 2114 2675 circum-

529 2703 756 2770 'cisum;
793 2719 978 2762 cavete
1012 2724 1124 2774 vos,
1173 2709 1353 2764 caeteri
1387 2725 1454 2766 ex
1492 2711 1803 2766 infideli-bus
1836 2714 2114 2784 gentibus,

545 2811 614 2850 ne
659 2796 806 2852 hunc
851 2800 1180 2854 contumelia
1237 2799 1504 2868 aﬂiuiatis,
1546 2818 1680 2857 neve
1726 2804 1981 2859 irrisione
2021 2813 2118 2860 aut

541 2887 798 2941 cuitvicio
831 2891 1154 2958 objurgetis,
1189 2907 1290 2960 pro
1331 2895 1529 2962 quibus
1561 2874 1879 2965 praeoptavit
1927 2895 2116 2964 singu-

549 2979 648 3030 lari
674 2993 798 3048 erga
837 2981 1084 3036 homines
1114 2968 1390 3039 voluntate
1427 2986 1480 3038 in
1513 2987 1810 3043 humanam
1845 2987 2116 3042 conditio-

2207 2086 2550 2154 ἀνατρέπων,
2581 2081 2716 2135 ἀλλὰ
2747 2079 2858 2147 τῶν
2895 2077 3319 2150 συνδραμουσῶν
3341 2077 3625 2146 ἑκατέρων
3641 2072 3818 2143 αὐτῷ

2211 2177 2446 2246 φύσεων,
2477 2175 2574 2244 τῆς
2606 2172 2757 2235 θείας
2777 2172 2921 2242 φημὶ
2947 2171 3039 2254 καὶ
3061 2169 3160 2238 τῆς
3188 2169 3542 2239 ἀνθρωπίνης
3568 2165 3816 2220 πιστού-

2214 2282 2374 2337 μενος
2403 2265 2500 2336 τὴν
2524 2262 2801 2333 ἀληθειαν.
2836 2261 2934 2315 Διά
2966 2259 3128 2314 τοῦτο
3176 2259 3306 2330 περὶ
3329 2257 3494 2312 αὐτοῦ
3522 2259 3662 2329 φησί
3701 2273 3816 2310 που

2213 2357 2374 2411 πάλιν
2406 2356 2434 2406 ὁ
2469 2355 2756 2431 προφήτης
2807 2351 2995 2418 Δασὶδ,
3059 2371 3078 2402 ι
3109 2351 3312 2422 Κύριος
3363 2349 3475 2402 τῶν
3511 2348 3814 2420 δυνάμεων

2212 2446 2374 2509 αὑτός
2417 2448 2565 2497 ἐστιν
2597 2447 2624 2496 ὁ
2657 2441 2910 2512 βασιλεὺς
2942 2439 3042 2509 τῆς
3079 2438 3255 2508 δόξης.
3293 2457 3311 2490 ι
3361 2437 3561 2490 Τοῦτον
3614 2437 3814 2489 τοίνυν

2212 2536 2304 2589 τὸν
2333 2533 2557 2604 βασιλέα
2590 2531 2852 2604 μηδαμῶς
2886 2529 3190 2601 καταράσῃ,
3223 2529 3379 2597 φησι,
3401 2525 3682 2580 τουτέστιν
3727 2522 3808 2594 μὴ

2213 2625 2620 2696 διαλοιδορήσῃς
2653 2622 2788 2693 μηδὲ
2817 2621 3202 2690 καταμωμήσῃ
3236 2619 3328 2672 καὶ
3351 2615 3731 2688 κατασκώψῃς
3777 2615 3810 2668 ὁ

2226 2714 2517 2776 Ἰουδαῖκὺς
2557 2711 2681 2774 λαὸς
2731 2710 2824 2762 καὶ
2853 2709 3230 2780 ἀπερίτμητος
3281 2708 3379 2776 τὴν
3429 2707 3660 2778 καρδίαν
3707 2703 3810 2758 καὶ

2219 2802 2663 2875 σκληροκάρδιος,
2715 2801 2848 2872 μηδὲ
2880 2816 2964 2864 τις
2992 2799 3150 2860 ἄλλος
3179 2797 3284 2852 τῶν
3319 2797 3564 2852 ἀπίστων
3597 2795 3808 2858 ἐθνῶν,

2215 2897 2332 2950 ἀνθ’
2353 2891 2427 2949 ὧν
2464 2895 2633 2948 είλετο
2660 2893 2795 2964 πρὸς
2819 2891 2914 2963 τὴν
2948 2891 3290 2961 ἀνθρωπίνην
3311 2891 3568 2960 ἐσχατιὰν
3609 2885 3812 2942 κατελ-

2219 2988 2330 3042 θεῖν
2363 2986 2458 3040 καὶ
2494 2985 2720 3058 φορέσαι
2741 2983 2841 3055 τὴν
2871 2982 3132 3052 ταπεινὴν
3169 2981 3266 3035 τοῦ
3301 2981 3433 3034 ίδίου
3479 2980 3818 3048 πλάσματος

544 3083 672 3120 nem
709 3083 739 3122 a
771 3084 830 3122 se
861 3085 1023 3138 quam
1063 3075 1488 3127 remotissimam
1532 3075 1892 3142 descendere,
1936 3077 2115 3132 humi-

545 3155 564 3174 ι
808 3173 815 3174 ,
1599 3167 1606 3174 .
1673 3165 1684 3174 .

2221 3079 2380 3146 φύσιν
2411 3075 2749 3146 αὐθαιρέτως
2775 3075 2868 3128 καὶ
2892 3073 3304 3142 φιλανθρώπως,
3338 3071 3470 3140 πρὸς
3497 3071 3812 3124 ἀνάπλασιν

545 3155 764 3230 lenique
796 3173 1020 3228 cperunt
1053 3176 1278 3216 suorum
1315 3173 1562 3217 naturam
1598 3165 1842 3232 induere,
1889 3181 2009 3221 eam
2055 3175 2114 3221 ut

2221 3163 2390 3234 αὐτῆς
2418 3162 2514 3216 καὶ
2543 3161 2678 3232 πρὸς
2719 3163 3002 3231 κρείττονα
3035 3159 3186 3231 λῆξιν
3210 3163 3304 3214 καὶ
3331 3159 3808 3213 ἀποκατάστασιν.

552 3252 858 3320 relingeret,
911 3267 974 3306 ac
1026 3253 1321 3308 beatiorem
1370 3254 1435 3308 ad
1495 3256 1654 3308 tinem
1709 3265 1874 3326 atque
1914 3265 2115 3312 statum

543 3341 894 3396 transferret.
966 3343 1152 3414 Neque
1205 3361 1330 3398 vero
1382 3355 1560 3406 tecum
1615 3347 1730 3415 ipse
1782 3349 2115 3418 cogitando,

533 3431 1052 3488 'inhumanationem
1084 3435 1177 3488 tali
1206 3451 1328 3506 rege
1359 3437 1632 3508 indignam
1656 3454 1777 3494 esse
1801 3441 2116 3510 putaveris;

551 3537 730 3592 neque
768 3517 1163 3595 centempseris
1210 3538 1304 3581 aut
1345 3528 1770 3599 improbaveris,
1813 3532 1958 3600 quod
1997 3546 2120 3586 cor-

549 3629 685 3684 pore
705 3625 988 3686 assumpto
1009 3618 1372 3673 voluntariam
1395 3620 1450 3674 in
1469 3636 1632 3677 cruce
1652 3631 1882 3678 mortem
1903 3623 2118 3688 obierit,

546 3707 794 3776 atquein
831 3708 1052 3762 tertium
1081 3710 1224 3764 diem
1267 3711 1320 3764 in
1356 3712 1612 3782 sepulcro
1660 3715 1880 3770 clausus
1911 3712 2118 3770 fuerit:

547 3813 646 3868 per
677 3815 798 3867 qua:
845 3799 899 3853 in
925 3799 1136 3869 judicio
1168 3811 1221 3856 et
1244 3801 1480 3868 iustitia,
1523 3813 1582 3859 ut
1629 3805 1895 3875 scriptum
1926 3814 2011 3860 est
2034 3805 2079 3836 ⁸⁷
2101 3843 2116 3870 ,

549 3888 882 3942 homicidam
911 3906 976 3944 ac
997 3894 1292 3962 superbum
1320 3893 1578 3948 Satanam
1607 3897 1934 3966 proﬂigavit,
1962 3906 2124 3966 teque

547 3995 618 4034 ex
647 3980 812 4044 illius,
841 3997 872 4034 a
905 3999 1017 4053 quo
1047 3983 1232 4040 fueras
1262 3985 1542 4055 deceptus.
1579 3989 2126 4056 tyrannidecrudeli-

555 4086 663 4142 que
682 4073 962 4128 dominatu
988 4074 1388 4130 humanissime
1409 4075 1698 4132 liberatum
1725 4077 1796 4132 ad
1820 4078 2142 4150 majestatis.

555 4181 666 4220 suae
693 4165 970 4234 fastigium
1001 4163 1201 4223 evexit.
1982 4224 1988 4229 .

623 4257 789 4329 258
812 4260 972 4324 Quod
997 4269 1172 4314 autem
1207 4259 1386 4314 addit:
1427 4278 1446 4312 ι
1481 4260 1619 4326 Quia
1647 4263 1884 4319 volucris
1907 4265 2029 4322 caeli
2053 4263 2128 4320 ef-

553 4347 689 4402 feret
706 4363 888 4404 vocem
911 4361 1078 4414 tuam,
1093 4360 1147 4404 et
1171 4351 1374 4408 habens
1393 4367 1596 4422 pennas
1613 4355 1945 4410 renuntiabit
1965 4357 2126 4412 verba

2216 3255 2366 3325 Μηδὲ
2385 3258 2491 3322 γὰρ
2519 3254 2742 3318 ἀναξίαν
2768 3251 2864 3306 τοῦ
2885 3252 3124 3306 τοιούτου
3148 3251 3412 3322 βασιλέως
3434 3250 3814 3320 διενθυμηθῇς

2219 3347 2278 3398 ἐν
2299 3347 2409 3408 τοῖς
2432 3345 2677 3415 ταμείοις
2708 3345 2806 3414 τῆς
2839 3346 2938 3416 σῆς
2965 3344 3186 3414 καρδίας
3221 3342 3361 3396 εἶναι
3393 3344 3493 3414 τὴν
3521 3342 3808 3412 ὲνανθρώ-

2221 3453 2416 3508 πησινο
2460 3435 2595 3508 μηδὲ
2616 3435 3021 3507 διαλοιδορήσῃς
3052 3437 3172 3508 ἦτοι
3194 3435 3678 3509 δυσφημήσῃςυτὴν
3713 3437 3808 3486 ὲν-

2223 3529 2547 3598 σωμάτωσιν
2579 3527 2745 3581 αὐτοῦ
2777 3529 2870 3582 καὶ
2911 3527 3007 3599 τὴν
3026 3527 3331 3583 ἐθελούσιον
3377 3529 3672 3598 ἁνάρτησιν
3706 3529 3810 3582 ἐπὶ

2202 3620 2314 3674 ’τοῦ
2347 3619 2582 3698 σταυροῦ
2610 3621 2701 3674 καὶ
2721 3619 2817 3691 τὴν
2839 3621 3132 3692 τριήμερον
3157 3621 3332 3690 ταφήν
3349 3634 3362 3648 ·
3395 3621 3462 3673 δι’
3485 3614 3560 3674 ὧν
3588 3621 3682 3674 τὸν
3703 3623 3808 3674 ἁν-

2223 3716 2598 3787 θρωποκτόνον
2629 3720 2722 3786 κα).
2750 3716 3090 3787 μεγάλαυχον
3121 3717 3422 3788 κατέρῤαξε
3469 3717 3713 3770 Σατανᾶν
3745 3719 3806 3771 ἐν

2224 3808 2403 3878 κρίσει
2431 3809 2527 3861 καὶ
2547 3807 2859 3878 δικαιοσύνῃ
2886 3808 3036 3862 νκατά
3075 3809 3138 3862 τδ
3160 3809 3565 3880 γεγραμμένον,
3589 3809 3812 3881 καὶτῆς

2226 3902 2435 3955 ἐκείνου
2461 3901 2772 3970 τυραννίδος
2799 3902 2893 3954 καὶ
2917 3901 3112 3972 λύττης
3135 3903 3228 3955 καὶ
3257 3900 3715 3964 καταδυναστείας
3740 3916 3803 3954 σε

2224 3990 2316 4044 τὸν
2343 3991 2436 4045 ὑπ’
2469 3989 2634 4044 αὑτοῦ
2660 3991 3050 4058 φενακισθέντα
3068 3991 3460 4062 φιλανθρώπως
3484 3990 3804 4061 ἀπελυτρώ-

2228 4097 2382 4145 σατο,
2412 4080 2504 4133 καὶ⁵
2534 4080 2670 4150 πρὸς
2696 4081 2756 4133 τὸ
2795 4080 2926 4150 ὕψος
2956 4083 3052 4152 τῆς
3112 4080 3248 4146 ιδίας
3292 4081 3684 4152 μεγαλωσύνης
3706 4081 3804 4134 ἀνα

2375 4187 2400 4222 ε
2439 4212 2452 4226 .

2227 4171 2372 4312 ἠγῗᾶ
2395 4187 2450 4310 gs
2491 4273 2676 4326 φησιν,
2715 4275 2734 4309 ι
2767 4257 2889 4311 Ὀτι
2920 4257 3169 4312 πετεινδν
3201 4258 3294 4312 τοῦ
3323 4260 3558 4334 οὐρανοῦ
3589 4262 3794 4338 ἀποίσῃ

2227 4354 2326 4423 τὴν
2355 4353 2538 4425 φωνήν
2579 4369 2696 4414 σου,
2735 4355 2830 4407 καὶ
2853 4354 2883 4406 ό
2901 4354 3000 4417 τὰς
3026 4355 3305 4426 πτέρυγας
3335 4355 3476 4426 ἔχων
3498 4359 3800 4426 ἀπαγγελεῖ

555 4453 668 4504 tua,
713 4460 732 4492 ι
767 4441 1041 4499 diabolum
1080 4440 1368 4503 manifesto
1415 4445 1685 4516 significat
1713 4459 1765 4502 et
1801 4449 1981 4506 socios
2007 4452 2119 4520 ejus

2230 4445 2386 4512 λόγον
2414 4462 2532 4510 σου,
2576 4464 2595 4496 ι
2629 4443 2724 4498 τοῦ
2755 4444 3002 4498 διαϐόλου
3039 4446 3132 4499 καὶ
3153 4447 3261 4500 τῶν
3287 4449 3603 4502 συνοπαδῶν
3631 4449 3795 4504 αὑτοῦ

555 4531 824 4601 malignos
867 4533 1144 4588 dannones
1197 4547 1320 4602 quae
1363 4533 1644 4604 loquaris,
1690 4546 1744 4592 et
1779 4555 1933 4608 Qqua:
1961 4541 2128 4596 etiam

556 4624 764 4693 cogites
794 4623 1178 4678 observantes:
1215 4625 1308 4694 qui
1363 4633 1624 4695 tanquam
1678 4607 1843 4684 aeriae
1880 4632 2129 4688 volucres

2227 4536 2323 4585 καὶ
2349 4531 2662 4602 μισοκὰλων
2694 4529 2962 4602 δαιμόνων
3006 4533 3105 4602 τὴν
3146 4537 3528 4607 παρατήρησιν
3572 4541 3682 4592 τῶν
3724 4543 3798 4592 εἰ·

2227 4622 2481 4695 ρημένων
2529 4622 2704 4692 λόγων
2729 4662 2745 4688 ,
2781 4622 2862 4677 έτι
2896 4641 2958 4692 γε
2992 4625 3098 4695 μὴν
3138 4626 3234 4679 καὶ
3261 4627 3370 4680 τῶν
3399 4629 3797 4700 ἐνθυμημάτων

559 4713 788 4768 insidias
835 4722 1058 4768 struunt
1089 4723 1142 4768 et
1191 4715 1606 4779 circumvolant,
1647 4719 1765 4774 sine
1806 4722 1914 4776 ulla
1950 4723 2119 4793 quiete

2226 4717 2520 4768 αἰνίττεται
2550 4715 2864 4786 προφανῶς,
2889 4716 2938 4770 οἳ
2965 4717 3123 4788 δίκην
3151 4719 3416 4774 πετεινῶν
3442 4722 3646 4792 ἀερίων
3669 4726 3796 4790 ἑφε-

555 4804 872 4874 vigilautes:
902 4813 956 4859 et
995 4807 1084 4868 iis,
1116 4807 1209 4876 qui
1240 4805 1407 4861 Deum
1441 4819 1646 4876 amant,
1691 4811 1890 4868 infensi
1916 4830 2130 4884 semper

557 4907 720 4965 atque
751 4897 1053 4962 terribiles;
1084 4898 1174 4952 ubi
1223 4899 1586 4970 dignoverint,
1629 4903 1790 4957 verba
1819 4905 1982 4974 impia
2025 4906 2124 4961 ad-

555 5001 750 5042 versus
792 5004 995 5058 regem,
1035 4991 1103 5046 de
1141 5006 1250 5061 quo
1297 4995 1530 5063 agimus,
1577 4996 1644 5048 ab
1679 4995 1864 5065 aliquo
1917 4999 2127 5067 prolata

555 5089 700 5144 csse,
733 5087 828 5134 aut
881 5081 1050 5136 malas
1079 5083 1436 5152 cogitationes
1465 5085 1518 5138 in
1559 5086 1725 5140 animi
1761 5091 2129 5156 penetralibus

557 5179 825 5237 receptas,
861 5173 1108 5242 exemplo
1129 5176 1194 5228 ad
1225 5175 1597 5230 accusandum
1629 5176 1938 5243 prosiliunt,
1969 5179 2130 5248 quid-

559 5257 690 5327 quid
738 5258 784 5313 is
833 5265 917 5314 vel
971 5261 1186 5320 locutus
1231 5263 1399 5320 fuerit
1441 5265 1522 5319 vel
1571 5275 1752 5320 mente
1790 5269 2126 5336 conceperit:

558 5363 669 5404 non
713 5351 840 5421 quia
885 5353 1187 5412 invisibiles
1231 5356 1399 5410 animi
1439 5355 1796 5426 cogitationes
1833 5357 1909 5412 illi
1961 5359 2130 5430 inspi-

560 5440 710 5494 ciant
730 5453 893 5512 atque
923 5456 1290 5514 cognoscant:
1334 5447 1388 5502 id
1437 5447 1582 5501 enini
1617 5463 1776 5502 nemo
1801 5457 1992 5518 putare
2012 5466 2132 5506 om»

559 5527 690 5583 nino
728 5530 888 5586 debet
949 5534 1094 5602 (97);
1147 5535 1244 5590 sed
1294 5535 1417 5604 quia
1469 5534 1726 5590 admissa:
1765 5552 1939 5593 necne
1979 5539 2128 5606 sint,

2227 4806 2478 4877 δρεύουσι
2509 4809 2603 4861 καὶ
2657 4808 3068 4878 περιίπτανται,
3114 4811 3572 4880 διαγρυπνοῦντες
3622 4815 3796 4869 ἀπαύ-

2236 4917 2376 4962 στως
2403 4900 2496 4952 καὶ⁵
2520 4900 2618 4970 τὴν
2651 4901 2788 4970 πρὸς
2821 4901 2948 4964 τοὺς
2982 4901 3310 4968 ἀγαπῶντας
3336 4902 3426 4958 τὴν
3458 4904 3664 4972 Κύριον
3683 4908 3797 4959 ἑπι-

2236 4990 2434 5062 6ουλὴν
2479 4992 2576 5045 καὶ
2613 4992 3012 5063 παρενόχλησιν
3049 4992 3266 5064 ἔχοντες
3291 5011 3306 5025 ο
3339 4996 3501 5062 ἡνίκα
3544 4997 3798 5066 διαγνῶσι

2237 5085 2380 5136 κατὰ
2405 5082 2500 5136 τοῦ
2533 5083 2980 5154 παραληφθέντος
2997 5087 3126 5158 ἡμῖν
3155 5085 3421 5155 βασιλέως
3451 5087 3646 5156 λόγους
3673 5090 3797 5143 δυσ-

2235 5175 2307 5244 φή
2317 5190 2450 5244 μους
2504 5175 2838 5246 εἰρημένους
2859 5176 3008 5248 παρά
3027 5193 3192 5241 τινος,
3223 5177 3256 5248 ἢ
3293 5181 3537 5249 πονηρὰς
3566 5179 3796 5248 ἐνθυμήο

2239 5281 2354 5326 σεις
2383 5267 2442 5316 ὲν
2468 5265 2580 5326 τοῖς
2627 5265 2872 5336 ταμείοις
2919 5269 3019 5336 τῆς
3075 5266 3303 5336 καρδίας
3343 5267 3794 5339 παραδεχθέντας,

2235 5359 2314 5422 είς
2354 5357 2690 5428 κατηγορίαν
2733 5360 3044 5430 παραυτίκα
3091 5359 3486 5430 προϐάλλονται
3527 5361 3667 5413 κατὰ
3696 5359 3796 5412 τῶν

2237 5451 2586 5520 λαλησάντων
2613 5450 2647 5520 ἢ
2683 5451 3138 5522 παραδεξομένων
3159 5468 3172 5482 ·
3203 5452 3306 5522 οὐχ
3338 5453 3413 5516 ὼς
3450 5453 3558 5506 τῶν
3585 5450 3796 5522 ἀφανῶν

2237 5543 2527 5612 νοημάτων
2563 5541 2661 5608 τῆς
2709 5541 2934 5612 καρδίας
2963 5541 3116 5604 ὄντες
3144 5541 3381 5594 ἐπόπται
3407 5544 3500 5597 καὶ
3525 5542 3758 5610 γνῶσται
3779 5553 3792 5569 °

631 5640 1019 5712 “Psal.cu.v,
1053 5647 1138 5702 l5.
1217 5639 1461 5702 "Matth.
1496 5660 1632 5714 nn,
1662 5648 1751 5704 42.
1829 5650 1874 5685 ⁸⁸
1899 5649 2046 5706 Psal.
2087 5671 2119 5710 χ

2222 5696 2236 5721 ,
2269 5652 2352 5708 Ιθ.
2432 5653 2473 5684 ⁸⁷
2507 5651 2650 5707 Psal.
2685 5668 2828 5721 cxtx,
2870 5657 2926 5710 4.

621 5730 904 5810 _(9_7)‘Ilac_c
957 5749 1384 5810 sane__vetcrttm
1436 5737 1658 5795 Patrum
1710 5741 1955 5798 doctrina
2014 5755 2117 5803 est.

562 5799 846 5873 υίαιιοιαε,
875 5805 1050 5876 inquit
1083 5806 1446 5880 Hieronymus
1481 5811 1557 5880 (in
1587 5811 1723 5882 psal.
1753 5811 1888 5881 xvi),
1917 5813 1970 5870 in
2007 5799 2129 5874 ani.-

2233 5763 2320 5802 ma
2357 5745 2689 5822 intrinsecus
2721 5749 2913 5822 nescit,
2944 5751 3086 5818 quod
3114 5750 3315 5822 cogitet
3356 5749 3540 5822 homo,
3575 5749 3679 5804 nisi
3702 5761 3796 5822 per

2239 5817 2543 5874 exteriores
2595 5815 2782 5876 inotus
2837 5815 3122 5890 intelligat.
3162 5815 3212 5874 »⁷
3235 5819 3442 5878 Similia
3490 5815 3798 5877 Gennadius
