4076 6310
547 428 675 492 1131
1672 434 1731 492 S.
1759 433 2134 492 GREGURII
2178 432 2684 493 AURIGENTINI
3670 431 3815 500 1132

543 566 718 615 mens,
758 563 877 617 qua:
923 548 1245 618 longissime
1306 548 1608 614 distabant,
1656 549 1710 602 in
1767 547 2117 618 prudentium

2224 547 2320 618 τὴν
2346 546 2505 613 δόξαν
2543 546 2640 600 τοῦ
2668 546 3115 619 προσηλωθέντος
3151 547 3209 601 ὲν
3246 546 3323 618 τῷ
3358 541 3637 620 σταυρικῷ
3666 551 3814 623 ξύλῳ

543 643 854 699 auditorum
900 640 1187 697 utilitatem
1242 648 1405 710 atque
1433 640 1667 696 salutem
1703 638 2112 711 praenuntiavit.

2226 638 2464 709 Χριστοῦ
2492 638 2561 693 δι’
2591 638 2799 708 ἄφατον
2830 639 2979 693 ἔλεον
3012 640 3106 693 καὶ
3137 639 3237 711 τὴν
3283 639 3668 713 ἀπολύτρωσιν
3717 646 3816 696 καὶ

542 737 630 791 Ait
664 733 883 790 deinde:

2225 731 2323 802 τὴν
2379 732 2659 803 σωτηρίαν
2718 729 2813 785 τοῦ
2867 731 3061 800 γένους
3100 729 3211 785 τῶν
3258 730 3590 803 ἀνθρώπων.
3621 733 3818 798 Οὕτως

545 828 734 898 σαφῶς
783 826 925 895 ἄγαν
972 824 1041 878 τὰ
1086 824 1329 894 μυστικά
1375 824 1470 879 καὶ
1500 823 1785 897 παράδοξα
1849 821 1958 876 τῶν
2020 822 2368 893 πραγμάτων
2427 823 2456 875 ό
2505 821 2667 891 σοφὸς
2713 818 3154 893 Ἐκκλησιαστής
3192 823 3318 885 ταῖς
3373 822 3667 893 αἰσθηταῖς
3690 824 3817 877 δνο-

548 921 776 991 μασίαις
803 917 1177 986 ἐξεικονίζων,
1206 917 1493 990 πόρρωθεν
1518 917 1589 971 τὰ
1618 916 1879 988 μέλλοντα
1913 915 2391 986 προκατήγγειλεν
2450 918 2531 979 είς
2591 914 2868 986 ὠφέλειαν
2929 914 3026 970 καὶ
3075 912 3353 987 σωτηρίαν
3401 914 3512 969 τῶν
3566 916 3816 979 συνετῶς

541 1012 868 1069 ἀκουόντων.
899 1006 1037 1067 Εἶτά
1067 1028 1201 1082 φησι
1216 1026 1230 1041 ο

2064 1094 2289 1169 gxxn.

612 1195 780 1252 Vens.
810 1195 866 1260 4,
892 1194 945 1250 5.
975 1189 1075 1259 Qui
1110 1194 1348 1246 observat
1382 1200 1579 1255 ventos,
1618 1207 1721 1245 non
1765 1190 2029 1256 seminat;
2069 1200 2119 1244 et

541 1292 628 1360 qui
653 1286 841 1356 aspicit
873 1286 1054 1351 nubes,
1090 1300 1194 1337 non
1221 1291 1398 1338 metet.
1460 1282 1523 1338 In
1558 1282 1745 1353 quibus
1781 1298 1884 1335 non
1915 1292 1991 1336 est
2028 1297 2118 1335 co-

541 1391 958 1450 gnoscens,qute
1018 1376 1087 1429 sit
1121 1375 1206 1428 via
1258 1374 1503 1443 spiritus,
1540 1374 1679 1427 sicut
1730 1388 1850 1427 ossa
1898 1374 1950 1426 in
1971 1381 2119 1426 utero

542 1469 894 1542 prwgnantis,
923 1469 998 1521 sic
1041 1482 1143 1521 non
1196 1481 1474 1537 cognosces
1510 1480 1668 1535 opera
1706 1463 1835 1532 Dei,
1872 1465 1961 1534 qui
1996 1463 2119 1533 fecit

540 1565 721 1619 omnia
750 1562 851 1631 (6).

614 1735 715 1792 Hic
771 1747 991 1804 quoque
1041 1746 1261 1787 rursum
1306 1731 1360 1786 in
1408 1730 1620 1801 vulgari
1667 1729 1959 1786 verborum
1984 1743 2121 1785 sono

542 1827 811 1896 obvioque
833 1838 998 1880 sensu
1032 1822 1297 1877 moralem
1324 1820 1634 1877 doctrinam
1674 1821 1933 1891 exprimit
1957 1828 2122 1891 atque

542 1918 784 1976 exhibet.
833 1912 1306 1981 Quemadmodum
1344 1911 1490 1967 enim
1517 1912 1611 1982 qui
1630 1921 1819 1967 ventos
1846 1911 2120 1977 observat,

542 2010 588 2066 si
609 2011 869 2065 adversos
895 2004 1216 2076 dispexerit,
1253 2019 1433 2060 serere
1464 2020 1574 2060 non
1601 2004 1717 2060 vult
1742 2044 1758 2071 ,
1794 2004 1878 2059 vel
1906 2003 1953 2060 si
1978 2012 2119 2059 tem-

544 2100 825 2173 pestivitas
868 2105 1102 2170 urgeat;
1138 2104 1193 2152 et
1218 2096 1309 2167 qui
1340 2095 1512 2152 nubes
1554 2096 1818 2167 prospicit
1869 2095 2121 2151 assiduas

541 2205 597 2252 et
633 2195 787 2251 vario
816 2199 967 2248 motu
1001 2190 1236 2247 invicem
1284 2190 1681 2256 discurrentes,
1733 2188 1917 2260 segnis
1949 2195 2033 2245 est
2055 2185 2122 2242 ad

546 2284 882 2354 metendum,
935 2296 1060 2339 cum
1111 2280 1256 2337 haud
1298 2280 1437 2337 bene
1485 2280 1665 2348 norit,
1698 2294 1862 2351 quem
1888 2278 2123 2349 denique

542 2374 751 2431 exitum
794 2370 920 2427 caeli
969 2378 1268 2440 tempestas
1324 2368 1397 2425 sit
1426 2367 1713 2426 habitura:
1758 2382 1885 2423 nam
1915 2367 2020 2423 hoc
2041 2367 2121 2423 si-

543 2463 856 2538 gniﬁcavit,
912 2460 1004 2517 illa
1055 2460 1361 2531 adjiciens:
1430 2477 1448 2512 ι
1487 2459 1544 2514 In
1608 2459 1809 2530 quibus
1880 2473 1989 2513 non
2037 2467 2123 2514 est

2306 1186 2506 1254 γηρῶν
2560 1186 2843 1257 ἀνέμους,
2889 1188 2963 1242 οὐ
3019 1187 3254 1256 σπείρει
3276 1203 3291 1219 ⁸
3323 1188 3422 1243 καί
3466 1188 3819 1255 βλέπωνέν

2226 1277 2356 1344 ταῖς
2414 1278 2721 1347 νεφέλαις,
2756 1280 2829 1333 οὐ
2885 1280 3130 1348 θερίσει.
3180 1281 3277 1334 Ἐν
3305 1275 3397 1347 οἷς
3419 1282 3533 1336 οὐκ
3561 1284 3697 1337 ἔστι
3731 1303 3819 1355 γι-

2225 1368 2477 1422 νώσκων
2506 1370 2599 1434 τίς
2626 1371 2662 1438 ἠ
2703 1367 2843 1436 ὁδὸς
2876 1370 2984 1424 τοῦ
3029 1371 3371 1441 πνεύματος
3391 1411 3407 1437 ,
3429 1373 3511 1440 ὡς
3552 1375 3709 1430 ὀστᾶ
3747 1377 3819 1428 ἐν

2226 1456 2443 1528 γαστρὶ
2513 1456 2625 1526 τῆς
2697 1461 3124 1529 κυοφορούσης
3149 1500 3165 1525 ,
3218 1461 3408 1528 οὕτως
3460 1465 3535 1518 οὐ
3604 1464 3817 1535 τνιὶισῃ

2225 1550 2300 1603 τὰ
2353 1549 2659 1619 ποιήματα
2712 1549 2822 1605 τοῦ
2868 1551 3048 1620 Θεοῦ,
3103 1552 3174 1618 ὃς
3227 1553 3480 1623 ἐποίησε
3525 1556 3603 1610 τὰ
3659 1558 3821 1626 σύμ-

2226 1651 2445 1691 «arta.

2299 1728 2409 1782 Kal.
2442 1728 2536 1783 νῦν
2568 1728 2726 1794 αὖθις
2753 1731 2813 1784 έν
2842 1729 2922 1804 τῷ
2942 1731 3241 1804 γράμματι
3264 1733 3362 1789 καὶ
3404 1735 3483 1806 τῷ
3528 1736 3819 1809 προχείρῳ

2226 1818 2458 1889 νοήματι
2484 1817 2584 1890 τὴν
2624 1820 2897 1892 τροπικήν
2951 1821 3249 1878 αἰνίττεται
3295 1825 3392 1879 καὶ
3429 1827 3817 1899 παρεμφαίνει

2225 1909 2597 1967 διδασκαλίαν.
2631 1912 2847 1985 Ὠσπερ
2891 1914 3003 1987 γάρ
3030 1916 3058 1970 ό
3087 1916 3187 1986 τὴν
3227 1916 3336 1972 τῶν
3374 1917 3593 1991 ἀνέμων
3626 1938 3819 1993 παρα·-

2225 2003 2463 2074 τήρησιν
2498 2002 2640 2075 ἔχων
2664 2043 2680 2070 ,
2735 2006 3122 2077 ἐναντιότητας
3148 2008 3402 2080 καθορῶν
3422 2048 3439 2075 ,
3466 2011 3528 2064 οὐ
3554 2006 3818 2081 βούλεται

2229 2094 2499 2166 σπείρειν,
2542 2095 2785 2166 καίτοιγε
2823 2096 2917 2151 τοῦ
2968 2098 3164 2171 καιροῦ
3209 2101 3637 2172 κατεπείγοντος
3662 2119 3678 2134 ·
3719 2102 3818 2157 καὶ

2225 2183 2327 2247 τὰς
2356 2185 2587 2255 νεφέλας
2616 2185 2673 2239 δὲ
2697 2187 3061 2257 προσϐλέπων
3094 2192 3345 2263 συνεχεῖς
3387 2193 3579 2259 οὔσας,
3602 2195 3704 2249 καὶ
3733 2213 3816 2249 κιο

2231 2275 2421 2345 νήσεις
2456 2274 2900 2349 ἀλλεπαλλήλους
2937 2282 3340 2352 πεποιημένας,
3364 2282 3686 2356 ἀπρόθυμος
3725 2285 3816 2353 γί-

2229 2381 2377 2418 νεται
2411 2364 2506 2418 τοῦ
2536 2364 2794 2436 Θερίζειν,
2846 2368 3088 2440 καίτοιγε
3139 2372 3215 2444 μὴ
3259 2372 3548 2443 γινώσκων
3594 2376 3814 2445 σαφῶς,

2229 2452 2388 2506 ποίαν
2412 2454 2441 2507 ό
2476 2452 2617 2527 ἀνήρ
2637 2456 2731 2510 τοῦ
2762 2456 2895 2511 ίδίου
2921 2460 3348 2531 καταστήματος
3383 2460 3497 2529 ἔξει
3519 2461 3620 2534 τὴν
3647 2462 3815 2516 ἔκϐα-

543 2533 905 2628 cognoscens,
939 2565 1063 2624 quae
1091 2551 1161 2608 sit
1186 2551 1275 2606 via
1304 2549 1566 2620 spiritus;
1605 2567 1625 2602 ι
1654 2558 1818 2620 atque
1842 2547 1978 2603 adeo
1991 2547 2121 2602 talia

2224 2558 2338 2598 σινο
2372 2542 2534 2599 τοῦτο
2568 2545 2678 2619 γὰρ
2706 2547 2984 2620 ἐσήμανεν
3028 2548 3226 2618 είπὼν,
3258 2569 3279 2604 ι
3328 2552 3419 2607 Ἕν
3463 2548 3549 2617 οἷς
3571 2533 3671 2606 οὐκ
3690 2553 3815 2607 ἔστι

546 2655 879 2718 spectantes,
912 2652 1076 2713 atque
1100 2639 1322 2697 indiciis
1344 2647 1399 2695 et
1428 2638 1602 2710 signis
1633 2638 1792 2693 ﬁdem
1835 2637 2119 2703 habentes,

545 2739 617 2793 ob
648 2752 817 2793 vanas
842 2744 897 2791 et
918 2735 1118 2792 stultas
1138 2731 1576 2798 observationes,
1602 2744 1781 2801 neque
1805 2744 1990 2787 serere
2029 2744 2122 2785 ne-

544 2843 652 2899 que
680 2836 881 2883 metere
934 2833 1268 2897 potuerunt;
1306 2831 1362 2880 et
1400 2823 1504 2879 hoc
1524 2823 1669 2879 nacti
1705 2830 1855 2888 sunt,
1888 2830 1950 2877 ut
1979 2819 2123 2876 fame

544 2935 610 2975 ac
670 2918 760 2975 siti
812 2917 1306 2978 contabescerent;
1360 2930 1544 2986 neque
1593 2914 1740 2971 enim
1796 2914 2027 2971 sationis
2069 2922 2124 2969 et

545 3012 743 3069 messis
783 3010 1260 3081 tempestivitatem
1329 3009 1609 3079 negligere
1657 3007 1973 3071 debebant;
2027 3006 2123 3062 sed

494 3096 507 3111 '
546 3117 644 3172 spe
671 3109 836 3170 atque
879 3098 986 3154 ﬁde
1035 3099 1094 3154 in
1130 3099 1244 3154 Deo
1268 3098 1446 3167 posita
1494 3096 1741 3152 animum
1772 3096 2121 3162 conﬁrmare,

544 3202 710 3262 atque
731 3191 801 3248 ab
832 3204 924 3257 eo,
944 3188 1165 3259 rejectis
1210 3187 1716 3254 observationibus,
1761 3186 1990 3242 ﬁdenter
2022 3201 2119 3242 ex-

544 3285 762 3354 quirere
789 3279 952 3352 263
972 3288 1027 3336 et
1053 3279 1282 3336 seminis
1302 3293 1621 3335 successum
1656 3286 1712 3333 et
1731 3278 1929 3334 messis
1958 3279 2122 3333 uber-

545 3380 751 3429 tatem:
778 3369 891 3437 Sic,
944 3368 1148 3442 inquit,
1179 3384 1213 3423 ο
1266 3369 1537 3435 mortalis,
1571 3376 1629 3423 tu
1679 3383 1899 3439 quoque
1944 3367 2124 3423 insitis

540 3461 848 3533 prudentiae
874 3459 1131 3516 terminis
1167 3458 1362 3526 fultus,
1409 3466 1464 3515 et
1507 3457 1858 3514 rationalium
1891 3457 2123 3513 faculta-

546 3564 685 3621 tum,
740 3567 862 3625 quae
922 3551 1022 3609 tibi
1066 3566 1097 3608 a
1143 3550 1439 3608 Conditore
1470 3549 1788 3623 obtigerunt
1838 3549 2049 3623 judicio
2069 3558 2125 3605 et

544 3645 880 3719 cognitione,
907 3659 1033 3717 qua
1074 3644 1272 3701 idonea
1308 3655 1437 3702 sunt
1488 3654 1544 3702 et
1577 3646 1732 3721 utilia
1756 3653 1811 3702 et
1836 3644 2122 3713 salutaria,

545 3747 806 3811 reputans
839 3748 1005 3809 atque
1029 3737 1299 3808 cogitans,
1343 3751 1444 3794 nec
1482 3737 1550 3793 de
1592 3736 1770 3793 ventis
1822 3737 2122 3809 quidquam

2223 2633 2530 2703 γινώσκων,
2562 2637 2649 2701 τίς
2677 2638 2713 2709 ή
2741 2638 2860 2704 ὁδὸς
2884 2639 2978 2693 τοῦ
3005 2640 3344 2713 πνεύματος.
3384 2660 3403 2695 ι
3438 2642 3503 2697 οι
3530 2642 3590 2697 δὲ
3630 2643 3812 2697 ταῦτα

2224 2725 2696 2798 παρατηροῦντες,
2744 2729 2841 2783 καὶ
2873 2730 3125 2802 σημείοις
3174 2733 3269 2786 καὶ
3306 2730 3600 2803 συμϐόλοις
3632 2751 3811 2805 προσο

2223 2819 2458 2892 ἔχοντες,
2492 2820 2617 2875 οὔτε
2643 2821 2893 2895 σπείρειν
2915 2821 3038 2876 οὔτε
3072 2822 3313 2894 θερίζειν
3338 2824 3689 2896 ἠδυνήθησαν
3718 2824 3812 2881 διὰ

2221 2912 2323 2984 τὴν
2353 2912 2592 2985 ματαίαν
2614 2912 2712 2966 καὶ
2737 2912 3053 2984 παράλογον
3091 2915 3478 2987 παρατήρησιν
3496 2931 3512 2947 ο
3539 2916 3637 2971 καὶ
3663 2918 3812 2971 κατὰ

2221 3005 2284 3058 τὸ
2310 3005 2605 3060 ἀκόλουθον
2629 3004 2776 3078 λιμῷ
2829 3005 2925 3059 καὶ
2978 3004 3109 3078 δίψῃ
3162 3006 3353 3073 κακῶς
3399 3006 3808 3080 διεφθάρησαν.

2227 3097 2375 3151 Ἔδει
2425 3097 2534 3169 γὰρ
2566 3098 2770 3170 ἥκιστα
2813 3098 3075 3168 παριδεῖν
3126 3098 3221 3154 τὸν
3243 3099 3337 3154 τοῦ
3372 3101 3578 3173 σπόρου
3605 3102 3811 3173 καιρδν
3862 3111 3868 3121 ’

2223 3189 2319 3243 καὶ
2344 3189 2441 3244 τοῦ
2471 3189 2687 3262 θέρους,
2733 3189 2830 3245 ἅτε
2858 3190 2922 3262 δὴ
2941 3192 3008 3262 τῇ
3043 3191 3184 3263 πρὸς
3224 3190 3356 3247 Θεὸν
3387 3190 3567 3247 ἐλπίδι
3590 3195 3687 3249 καὶ
3720 3194 3812 3248 πε.

2226 3298 2341 3335 στει
2376 3281 2872 3354 κεκραταιωμένην
2904 3282 3131 3354 ἔχοντας
3156 3282 3253 3355 τὴν
3273 3278 3525 3355 καρδίαν,
3547 3287 3641 3339 καὶ
3669 3287 3807 3356 παρ’

2224 3369 2390 3426 αὑτοῦ
2440 3371 2739 3444 ζητοῦντας
2789 3373 2848 3427 ὲν
2895 3375 3319 3447 άπαρατηρήτῳ
3358 3376 3684 3449 προαιρέσει
3717 3395 3813 3431 τεο

2224 3460 2582 3534 θαρῤηκότως
2632 3460 2724 3516 τοῦ
2777 3463 2979 3536 σπόρου
3020 3463 3122 3535 τήν
3169 3464 3540 3520 κατευόδωσιν
3580 3467 3674 3520 καὶ
3703 3467 3811 3537 τὴν

2222 3553 2316 3608 τοῦ
2345 3552 2539 3626 θέρους
2573 3554 2866 3620 ὲπίτευξιν.
2903 3554 3116 3622 Οὕτως,
3144 3555 3424 3629 ἄνθρωπε,
3460 3557 3559 3611 καὶ
3592 3557 3656 3612 σὺ
3688 3558 3808 3623 τοῖς

2224 3643 2491 3716 ὲμφύτοις
2520 3644 2624 3716 τῆς
2677 3647 2993 3717 φρονήσεως
3035 3645 3185 3715 ὅροις
3231 3646 3684 3719 ἐπερειδόμενος,
3712 3646 3812 3702 καὶ

2222 3737 2343 3799 ταῖς
2371 3735 2741 3807 διακριτικαίς
2772 3737 3108 3807 ἐπιστήμαις
3140 3736 3250 3791 τῶν
3296 3738 3810 3811 άποκληρωθεισῶν

544 3842 639 3888 aut
664 3830 907 3905 nubibus
931 3829 1209 3895 laborans,
1238 3830 1451 3885 varium
1497 3828 1721 3885 virtutis
1780 3843 1967 3885 semen
1999 3844 2122 3899 per-

2227 3843 2309 3880 σοι
2334 3827 2623 3898 δυνάμεων
2648 3827 2884 3897 λογικῶν
2919 3830 3070 3899 παρὰ
3091 3828 3186 3883 τοῦ
3215 3831 3546 3901 ποιήσαντος
3570 3830 3644 3885 τὰ
3671 3848 3808 3886 κατ-

542 3932 710 3993 petuo
739 3935 923 3978 serere
960 3930 1184 3992 paratus
1212 3921 1322 3985 sis;
1355 3936 1456 3977 nec
1477 3921 1662 3978 minus
1688 3928 1916 3988 metere,
1939 3933 2121 3990 super-

543 4028 646 4069 nas
713 4011 1189 4069 remunerationes
1260 4010 1615 4081 divinamque
1684 4009 2119 4066 benevolentiam

548 4100 643 4159 tibi
704 4102 1032 4171 concilians,
1077 4101 1421 4158 misericordi
1461 4116 1657 4172 nempe
1712 4100 2042 4157 liberalitate
2069 4116 2124 4156 et

544 4194 1020 4250 obsecrationibus
1076 4191 1356 4264 iargisque
1421 4192 1718 4264 lacrymis,
1783 4201 1898 4247 tum
1955 4192 2123 4248 rectis

539 4284 763 4357 iudiciis
815 4293 871 4341 et
917 4285 1080 4355 longa
1124 4284 1390 4354 patientia
1444 4282 1867 4354 patrocinioque
1926 4298 2121 4340 eorum

542 4376 662 4448 qui,
693 4384 918 4447 propter
942 4375 1372 4432 imbecillitatem
1400 4383 1564 4445 atque
1584 4373 1851 4446 inepiam,
1873 4375 2122 4431 subsidio

541 4475 598 4523 et
629 4467 798 4523 tutela
823 4464 985 4538 egent
1014 4467 1419 4538 potentiorum:
1455 4464 1642 4533 itaque
1681 4465 1919 4537 optimas
1954 4481 2124 4536 quas-

536 4573 651 4629 que
698 4559 930 4614 virtutes
983 4557 1082 4613 tibi
1136 4572 1416 4626 compara.
1467 4552 1647 4612 Habes
1697 4556 1843 4613 enim
1879 4556 1966 4613 vel
2004 4557 2124 4614 sine

543 4649 887 4719 spiritalibus
926 4648 1105 4704 ventis
1137 4663 1201 4703 ac
1242 4647 1505 4712 nubibus,
1547 4648 1768 4718 scriptis
1801 4648 2014 4704 scilicet
2038 4648 2121 4705 le-

541 4741 704 4812 gibus
751 4748 806 4796 et
831 4740 1074 4796 oraculis
1095 4747 1149 4794 et
1178 4739 1540 4807 documentis,
1580 4739 1884 4795 naturalem
1924 4747 2120 4810 poten-

542 4834 675 4888 tiam
726 4832 951 4905 vimque
1010 4831 1082 4888 ad
1130 4832 1283 4888 utilia
1345 4848 1374 4888 a
1404 4832 1585 4889 noxiis
1635 4833 2014 4889 discernenda.
2055 4831 2122 4887 Et

543 4932 781 4995 oportet,
808 4924 948 4981 nihil
991 4932 1053 4980 ut
1093 4938 1286 4981 eorum
1322 4940 1444 4996 quae
1492 4925 1639 4982 circa
1693 4934 1745 4982 te
1783 4925 2123 4998 sunt,negli-

542 5030 695 5085 gens,
723 5015 841 5072 sine
870 5015 1050 5072 fructu
1097 5032 1376 5088 nunquam
1427 5031 1695 5085 maneas;
1737 5016 1831 5073 sed
1866 5016 2123 5073 utbonus

543 5107 752 5177 palmes
779 5122 845 5164 ac
876 5106 1054 5175 ferax,
1089 5119 1257 5180 atque
1279 5117 1340 5165 ut
1368 5109 1588 5182 pinguis
1618 5118 1764 5166 terra
1801 5124 1867 5165 ac
1891 5106 2119 5180 frugife-

2225 3917 2435 3989 άλληλα
2490 3919 2586 3972 καὶ
2624 3919 2977 3990 συμφέροντα
3016 3918 3114 3972 καὶ
3139 3920 3381 3976 σωστικὰ
3420 3920 3804 3993 διανοούμενος

2220 4008 2322 4064 καὶ
2358 4008 2597 4081 φρονῶν,
2619 4010 2717 4064 καὶ
2744 4010 2854 4064 τῶν
2875 4011 3094 4081 ἀνέμων
3117 4012 3214 4065 καὶΙ
3240 4011 3350 4066 τῶν
3383 4013 3625 4083 νεφελῶν
3647 4014 3802 4086 ἄτερ,

2224 4100 2475 4172 σπείρειν
2501 4099 2589 4153 ἀεὶ¹
2636 4100 3021 4172 προθυμήθητι
3071 4100 3166 4155 τὸν
3191 4100 3438 4156 ποικίλον
3467 4102 3675 4173 σπόρον
3701 4103 3805 4173 τῆς

2223 4190 2425 4263 ἀρετῆς
2448 4208 2462 4223 ο
2499 4190 2758 4256 ὡσαύτως
2786 4191 2843 4245 δὲ
2874 4191 2968 4246 καλ⁵
3005 4190 3244 4265 θερίζειν
3261 4232 3280 4259 ,
3305 4193 3407 4266 τὴν
3431 4193 3640 4249 ἄνωθεν
3668 4195 3803 4248 ἁπο-

2222 4283 2386 4356 δοχήν
2419 4283 2515 4339 καὶ
2549 4282 2702 4337 θείαν
2727 4282 3020 4353 εὐμένειαν
3052 4284 3441 4356 ἐφελκόμενος,
3480 4287 3540 4341 ὲν
3574 4286 3800 4357 ἐλεημο-

2225 4374 2415 4440 σύναις
2441 4372 2684 4444 δηλονότι
2705 4373 2800 4428 καὶ
2824 4376 3161 4447 προσευχαῖς
3182 4376 3280 4431 καὶ
3298 4376 3533 4448 δάκρυσι
3554 4378 3801 4448 δαψιλέσι

2224 4468 2320 4524 καὶ
2370 4468 2795 4539 δικαιοκρισίαις
2853 4468 2948 4523 καὶ⁸
2982 4468 3394 4541 μακροθυμίαις
3438 4471 3533 4526 καὶ
3564 4487 3802 4544 προστα-

2224 4559 2369 4623 σίαις
2402 4561 2524 4624 ταῖς
2557 4557 2697 4629 πρὸς
2741 4559 2871 4623 τοὺς
2902 4557 3202 4625 ἀδυνάτους
3247 4562 3347 4615 καὶ
3391 4561 3679 4634 δεομένους
3706 4565 3803 4635 τῆς

2223 4648 2616 4721 άντιληπτικῆς
2641 4647 3016 4721 χειραγωγίας
3044 4648 3155 4705 τῶν
3184 4650 3507 4725 ὑπερτέρων
3524 4666 3542 4683 °
3577 4656 3677 4708 καὶ
3708 4671 3803 4707 πο-

2218 4740 2378 4810 ρίζου
2414 4739 2514 4803 τὰς
2566 4738 2867 4811 κρατίστας
2899 4737 3009 4794 τῶν
3055 4741 3293 4813 ἀρετῶν.
3317 4743 3509 4815 Ἔχεις
3560 4744 3677 4816 γὰρ
3709 4744 3802 4799 καὶ

2224 4829 2393 4901 χωρὶς
2421 4828 2531 4883 τῶν
2556 4829 2765 4901 νοητῶν
2805 4829 3026 4903 ἀνέμων
3058 4833 3154 4886 καὶ
3191 4831 3454 4904 νεφελῶν,
3488 4836 3661 4907 ἦγουν
3697 4837 3802 4891 τῶν

2224 4909 2487 4991 γραπτῶν
2515 4918 2698 4991 νόμων
2728 4921 2825 4975 καὶ
2868 4921 3259 4995 θεσπισμάτων
3294 4926 3392 4981 καὶ
3435 4926 3800 4998 διδαγμάτων,

2225 5011 2461 5083 φυσικάς
2491 5012 2755 5085 δυνάμεις
2801 5015 2898 5069 καὶ
2952 5014 3257 5087 διακρίσεις
3297 5015 3394 5072 τοῦ
3432 5020 3804 5092 συμφέροντος

2224 5103 2321 5158 καὶ
2343 5104 2439 5158 τοῦ
2468 5104 2818 5175 βλάπτοντος.
2859 5105 2972 5162 Καὶ
2996 5106 3078 5161 δεῖ
3106 5125 3164 5162 σε
3195 5108 3463 5181 μηδαμῶς
3499 5110 3804 5183 ἀμελοῦντα

542 5211 625 5263 ra,
651 5210 719 5252 ex
749 5196 866 5267 ipsa
908 5196 1071 5254 domo
1109 5208 1199 5254 tua
1253 5207 1416 5272 atque
1443 5214 1473 5255 a
1506 5200 1794 5269 temetipso
1830 5198 2003 5253 multa
2032 5212 2120 5254 re-

2224 5194 2335 5250 τῶν
2367 5197 2655 5269 προσεχῶν
2680 5214 2740 5252 τε
2764 5200 2862 5253 καὶ
2898 5198 3168 5269 σύνεγγυς
3192 5201 3446 5271 ἄκαρπον
3484 5202 3764 5275 διαμένειν
3785 5218 3801 5234 °

543 5287 762 5354 fundas,
819 5297 872 5343 et
919 5300 1171 5346 racemos
1211 5289 1355 5347 teras
1412 5300 1661 5346 maturos
1690 5289 1955 5360 nullaque
1983 5289 2125 5344 alio-

544 5397 667 5437 rum
704 5395 873 5452 opera
924 5380 1164 5453 indigos,
1194 5395 1254 5439 ut
1308 5382 1498 5452 justus
1541 5380 1699 5447 Abel,
1719 5390 1782 5435 ut
1828 5378 1999 5447 Eoos,
2063 5388 2147 5437 ut.

542 5472 752 5539 Euoch,
806 5483 868 5529 ut
904 5470 1041 5540 Noe,
1072 5482 1135 5530 ut
1186 5474 1382 5529 beatus
1436 5480 1493 5525 et
1557 5470 1773 5541 patiens
1823 5468 2017 5535 Jobus,
2062 5478 2125 5525 ut

544 5573 767 5621 sanctus
793 5564 1090 5637 Abraham.
1114 5561 1233 5620 Nisi
1246 5561 1405 5619 enim
1446 5568 1645 5631 sponte
1676 5568 1842 5630 atque
1870 5575 1900 5614 a
1926 5568 1977 5616 te
1999 5560 2122 5630 ipso

544 5656 800 5712 incitatus
821 5657 890 5712 ad
922 5665 1069 5713 recte
1093 5655 1258 5717 facta,
1297 5654 1534 5710 fructum
1568 5660 1619 5707 te
1670 5651 1919 5707 attulisse
1939 5659 2124 5707 osten-

2227 5284 2343 5338 ἀλλ’
2367 5285 2444 5349 ὡς
2476 5287 2685 5356 ἀγαθὸν
2706 5288 2894 5360 κλῆμα
2920 5290 3017 5343 καὶ
3046 5289 3371 5361 πολυφόρον,
3416 5290 3511 5344 καὶ
3550 5285 3628 5361 γῆ
3669 5291 3805 5345 πίων

2226 5375 2323 5429 καὶ
2349 5376 2721 5449 καρποφόρος,
2753 5379 2966 5433 οἴκοθεν
3006 5380 3104 5434 καὶ
3144 5379 3277 5449 παρ’
3308 5378 3488 5451 ἑαυτῷ
3530 5380 3803 5452 πολύχουν

2225 5466 2599 5539 εὑρίσκεσθαι,
2627 5469 2725 5523 καὶ
2746 5468 2977 5543 βότρυας
3027 5471 3317 5542 βαστάζειν
3351 5470 3671 5542 πεπείρους,
3703 5472 3795 5526 καὶ

2229 5560 2498 5631 μηδαμῶς
2524 5561 2625 5631 τῆς
2668 5564 2799 5634 παρ’
2828 5564 3032 5635 ἑτέρων
3078 5563 3400 5635 καλιεργίας
3431 5563 3796 5635 ἠξιωμένους,

2233 5648 2307 5711 ὼς
2332 5650 2361 5701 ὁ
2390 5649 2600 5714 δίκαιος
2632 5651 2825 5720 Ἀδελ,
2861 5654 2993 5718 ags
3029 5652 3217 5720 Ἐνὼς,
3254 5652 3330 5718 ὡς
3373 5654 3404 5708 ό
3435 5652 3639 5725 Ἑνὼχ,
3681 5653 3755 5719 ὡς
3780 5654 3813 5709 6

616 5825 691 5896 (6)
720 5826 788 5879 At
820 5804 959 5881 ιῖχχ
1002 5825 1220 5894 habent,
1278 5824 1473 5896 Τηρῶν
1525 5824 1817 5893 avenam...
1847 5823 1946 5876 ὅσα
1999 5824 2122 5895 ποιή

2240 5825 2306 5879 τά
2340 5826 2655 5898 σύμπαντα.
