4076 6310
400 235 535 306 1137

1450 239 1537 302 IN
1575 238 2155 301 ECCLESIASTEN.
2195 267 2262 277 —
2309 241 2458 302 LIB.
2514 238 2588 298 Χ.

3520 235 3658 300 1138

405 369 496 429 [ον
519 351 620 423 τῆς
642 349 847 424 ἀρετῆς
866 349 928 405 οὗ
954 347 1296 424 προσήκατο,
1319 349 1409 404 διά
1428 350 1489 405 τὸ
1511 353 1653 423 μετά
1678 368 1824 418 τινος
1855 353 1975 406 ἔπι-

2098 359 2277 408 aetum
2322 361 2427 419 est,
2457 366 2568 407 non
2602 347 2866 415 admisit;
2897 347 3099 420 quippe
3151 348 3240 406 cui
3283 364 3508 420 gramen
3563 353 3663 408 ad-

401 442 584 516 μιξίας
610 441 937 514 χορτώδους,
964 441 1134 512 ῆγουν
1167 439 1453 511 ὲμπαθοῦς
1477 441 1775 507 διαθέσεως
1806 459 1976 496 κατα-

412 534 687 609 ειηθῆναι,
722 535 819 589 καὶ
873 533 1140 606 μηδαμῶς
1191 532 1285 589 τοῦ
1333 533 1577 606 καθαροῦ
1626 535 1833 606 σπόρου
1876 537 1979 607 τὴν

408 629 667 689 ιιπάθειαν
698 627 843 700 ἔχειν
863 643 878 659 ο
925 627 1096 698 ῆγουν
1118 627 1194 692 ὼς
1225 627 1301 700 μὴ
1335 627 1403 682 δι’
1435 626 1568 682 αὐτὸ
1595 626 1657 681 τδ
1687 627 1852 683 καλὸν
1894 645 1981 698 γι-

399 719 628 791 νόμενον
669 718 732 774 τδ
765 717 928 774 καλὸν
961 717 1317 788 θεασάμενος,
1343 716 1459 772 ἀλλ’
1489 717 1888 789 ιπιφερόμενός
1924 735 1978 771 τι

399 810 497 864 καὶ
529 809 770 875 ζιζάνιον
803 807 1154 882 ἀνθρωπίνης
1185 807 1479 881 ἀρεσκείας
1521 809 1555 880 ἢ
1599 807 1908 876 κενοδοξίας
1943 809 1978 880 ἦ

397 917 549 964 τινος
573 899 742 970 ἄλλης
769 899 1040 972 κοσμικῆς
1071 897 1398 970 ὲμπαθείας.
1431 898 1553 968 Χρὴ
1588 899 1788 962 τοίνυν,
1820 899 1976 971 φησὶ,

401 991 681 1064 μηδέποτε
731 990 1031 1062 λαμϐάνειν
1083 987 1296 1044 παῦλαν
1335 988 1436 1060 τῆς
1479 991 1832 1061 κατασπορᾶς
1870 989 1979 1044 τῶν

399 1080 626 1151 ἀγαθῶν
667 1079 766 1135 ml.
809 1078 1116 1135 σπουδαίων
1169 1079 1462 1150 νοημάτων
1507 1079 1604 1134 καὶ
1652 1079 1827 1149 λόγων
1883 1081 1981 1136 καὶ

401 1169 677 1244 πράξεων.
703 1168 818 1224 ἀλλ’
852 1169 919 1222 ἑκ
947 1167 1202 1224 παιδόθεν
1230 1169 1327 1224 καὶ
1361 1168 1525 1240 μέχρι
1555 1170 1761 1241 γήρως.
1793 1169 1982 1226 Ταῦτα

400 1259 512 1330 γὰρ
570 1259 898 1332 σημαίνεται
955 1257 1146 1330 σαφῶς
1203 1258 1294 1314 διὰ
1323 1259 1421 1329 τῆς
1455 1260 1681 1326 aptatae
1732 1259 1828 1314 καί
1879 1259 1981 1332 τῆς

401 1347 692 1419 ἑσπέρας-⁸
731 1351 830 1404 καὶ
865 1350 1176 1421 προσευχὰς
1223 1350 1322 1404 καί¹
1369 1349 1682 1420 δοξολογίας
1716 1352 1853 1423 πρὸς
1888 1352 1980 1407 τὸν

401 1441 496 1496 ἐπὶ
524 1442 742 1498 πάντων
784 1442 940 1509 Θεὸν,
973 1442 1070 1497 καὶ
1099 1443 1358 1514 νηστείας
1404 1442 1506 1508 τὰς
1538 1442 1683 1497 κατὰ
1724 1443 1978 1515 δύναμιν,

401 1531 500 1586 καὶ
521 1529 620 1604 τὴν
647 1531 928 1603 πραότητα
955 1533 1050 1586 καὶ
1073 1531 1172 1604 τὴν
1193 1532 1415 1603 ἀγάπην
1441 1533 1536 1586 καὶ
1560 1532 1658 1603 τὴν
1683 1532 1806 1604 ὲλεη
1816 1533 1982 1604 pecti-

402 1641 501 1694 νην
522 1623 636 1695 ’τὴν
665 1623 804 1696 πρὸς
833 1624 959 1687 τοὺς
989 1623 1186 1687 ἐνδεεῖς
1223 1623 1320 1677 καί¹
1363 1624 1616 1694 πτωχοὺς
1649 1625 1981 1696 ἐργάζεσθαι

405 1713 703 1784 φιλοτίμως
734 1713 830 1790 καὶ
857 1713 1097 1785 δαψιλῶς
1115 1730 1128 1744 ·
1159 1715 1246 1769 ἴνα
1278 1713 1382 1768 κᾶν
1408 1715 1482 1786 μὴ
1506 1715 1576 1769 τὰ
1607 1717 1800 1786 πρῶτα
1827 1717 1982 1789 παρὰ
2011 1697 2056 1756 Β

399 1804 496 1860 τοῦ
525 1805 756 1878 ποιητοῦ
782 1807 880 1864 καὶ,
903 1807 1165 1862 δεσπότου
1199 1806 1585 1878 παραδεχθῶσι
1615 1807 1710 1860 καὶ
1741 1825 1978 1879 στοιχειο

401 1897 560 1966 θῶσι,
599 1899 668 1954 τὰ
703 1899 836 1970 πρὸς
881 1899 1141 1970 ἑσπέραν,
1177 1899 1346 1970 ἤγουν
1384 1897 1453 1956 τά
1491 1897 1619 1972 τέλη
1673 1899 1772 1970 τῆς
1809 1899 1978 1971 ζωῆς,

399 1991 500 2063 τὴν
530 1991 800 2063 ἀποδοχὴν
825 1991 1007 2059 ἕξουσι
1039 1992 1133 2046 καὶ⁹
1159 1991 1252 2046 τὸν
1285 1991 1505 2046 ἔπαινον
1525 2007 1538 2022 ο
1569 1991 1612 2064 if
1633 1993 1680 2046 εί
1711 1991 1788 2064 μὴ
1809 1991 1981 2048 ταῦτα

402 2084 644 2148 πάντως,
689 2086 895 2138 ἐκεῖνα.
945 2084 1006 2137 El
1045 2082 1091 2138 δ’
1130 2083 1416 2154 ἀμφότερα
1458 2083 1572 2145 τοῖς
1617 2082 1980 2155 παντεφόροις

401 2175 702 2246 ὀφθαλμοῖς
731 2175 826 2229 τοῦ
859 2175 1067 2246 Κυρίου
1095 2175 1202 2228 τῶν
1229 2175 1484 2244 γνώσεων
1505 2174 1690 2240 ἕξουσι
1714 2175 1814 2245 τὴν
1846 2177 1982 2230 ἀπο-

400 2265 587 2335 δοχὴν,
611 2265 764 2319 ἔσται
790 2265 868 2334 τῷ
891 2265 1170 2336 σπείροντι
1196 2265 1398 2336 μᾶλλον
1419 2265 1478 2320 τὸ
1503 2265 1729 2334 ἀγαθὸν,
1753 2265 1980 2335 ἀγαθὸν,

402 2356 498 2409 καὶ
526 2355 794 2426 πολύχουν
823 2355 1030 2428 θερίσει
1065 2355 1249 2410 θεόθεν
1279 2356 1380 2428 τὴν
1409 2356 1668 2430 ἀμοιϐήν.
1699 2351 1835 2412 Εἶτά
1875 2374 1982 2429 φη-

403 2462 489 2500 σιν
517 2448 546 2501 6
576 2446 739 2515 σοφὸς
785 2446 1221 2519 Ἐκκλησιαστὴς
1239 2465 1256 2479 ·

2083 443 2305 498 mistum
2337 452 2505 512 esset,
2551 441 2606 497 id
2637 449 2722 498 est
2749 439 2980 496 allectus
3022 447 3186 512 atque
3228 441 3523 510 cupiditas,
3560 460 3664 500 nec

2081 535 2212 591 vitio
2243 537 2393 590 omni
2443 535 2606 606 plane
2646 542 2860 591 careret
2896 551 2911 589 :
2959 533 3077 590 sive
3123 533 3251 606 quia
3283 533 3510 590 minime
3539 549 3663 591 tan-

2079 641 2245 696 quam
2275 626 2478 680 bonum
2503 624 2862 697 spectaveris,
2889 623 3040 696 quod
3069 639 3258 680 revera
3286 624 3493 680 bonum
3517 636 3658 691 erat,
3728 643 3737 650 ’

2081 717 2176 772 sed
2210 715 2377 770 alieni
2431 713 2637 786 aliquid
2695 713 3170 786 superinduxeris,
3204 722 3260 770 et
3313 714 3509 771 lolium
3555 717 3653 772 hu-

2081 821 2257 862 mana:
2290 807 2550 871 levitatis,
2583 807 2835 863 inanisve
2868 806 3056 879 gloria:
3079 805 3270 874 studii,
3301 815 3396 863 aut
3425 807 3660 880 alicujus

2081 900 2147 953 de
2177 897 2392 953 exteris
2418 895 2584 966 hujus
2609 896 2734 952 vitae
2753 896 3166 966 cupiditatibus.
3205 895 3395 968 Itaque
3421 909 3663 970 oportet.

2081 991 2277 1061 inquit,
2311 1004 2592 1060 nunquam
2629 997 2692 1045 ut
2727 1003 3010 1046 cessemus
3043 1003 3077 1045 a
3103 989 3372 1046 bonarum
3406 990 3658 1048 honesta-

2082 1083 2758 1154 rumquecogitationum,
2779 1089 2838 1138 et
2865 1097 3208 1149 sermonum,
3231 1089 3288 1138 et
3311 1097 3539 1154 operum
3571 1099 3659 1138 sa~

2081 1175 2252 1240 tione,
2279 1189 2406 1230 cum
2433 1173 2502 1229 ab
2527 1174 2644 1245 ipsa
2674 1173 2930 1244 pueritia,
2966 1181 3080 1228 tum
3113 1189 3292 1244 usque
3324 1175 3392 1230 ad
3415 1175 3659 1238 senium,

2083 1269 2200 1326 haec
2233 1267 2378 1324 enim
2419 1265 2711 1322 manifesto
2750 1266 3062 1322 indicantur
3093 1281 3191 1336 per
3245 1265 3574 1320 Matutinum
3610 1275 3665 1320 ct

2095 1358 2375 1429 Vesperum
2401 1374 2418 1411 :
2447 1365 2616 1429 utque
2656 1372 2758 1414 nos
2787 1357 2843 1412 in
2885 1357 3360 1419 obsecrationibus
3405 1371 3666 1413 exercea-

2083 1466 2208 1506 mus
2229 1465 2294 1506 ac
2325 1450 2524 1506 summi
2553 1449 2644 1505 Dei
2675 1449 2950 1511 laudibus.
2975 1457 3030 1505 et
3054 1448 3109 1504 in
3127 1447 3374 1520 jejuniis,
3396 1456 3662 1520 quantum

2085 1543 2229 1598 vires
2265 1542 2469 1609 ferunt,
2496 1549 2550 1597 et
2578 1539 2634 1596 in
2666 1540 3086 1597 mansuetudine
3109 1549 3164 1597 et
3188 1555 3380 1598 amore
3403 1551 3458 1596 et
3503 1541 3666 1595 mise-

2085 1634 2321 1691 ricordia
2352 1649 2481 1706 erga
2511 1649 2713 1704 egenos
2753 1643 2808 1689 et
2843 1648 3111 1706 pauperes
3160 1633 3407 1694 studiose
3440 1633 3667 1687 omnino

2083 1743 2149 1783 ac
2185 1726 2418 1797 benigne
2459 1743 2474 1785 :
2513 1739 2647 1795 quo,
2684 1725 2732 1780 si
2763 1724 2950 1784 minus
2990 1723 3204 1782 auctori
3247 1732 3439 1780 nostro
3472 1733 3527 1779 et
3569 1725 3665 1780 do.-

2083 1819 2232 1873 mino
2259 1824 2414 1888 grata
2449 1821 2612 1886 atque
2637 1822 2857 1885 accepta
2896 1813 3121 1881 fuerint,
3159 1829 3282 1886 qua:
3322 1815 3502 1886 prima
3536 1815 3666 1871 fre?-

2083 1925 2227 1975 mus,
2273 1923 2342 1964 ea
2388 1907 2674 1980 praemium
2725 1922 2792 1964 ac
2833 1905 3055 1963 laudem
3101 1907 3358 1974 habeant,
3403 1923 3526 1976 quae
3561 1907 3666 1964 sub

2081 2018 2368 2075 vesperum
2402 2002 2519 2059 sive
2545 2001 2807 2058 extremis
2848 2001 2974 2057 vita:
2995 2000 3190 2058 diebus
3221 1999 3552 2056 fecerimus:
3580 2003 3665 2057 vel

2082 2095 2130 2151 si
2162 2111 2272 2152 non
2307 2095 2424 2150 hate
2453 2093 2702 2160 omnino,
2747 2093 2940 2150 saltem
2994 2093 3106 2148 illa.
3139 2090 3299 2160 Quod
3347 2095 3395 2149 si
3431 2103 3666 2164 utraque

2081 2187 2282 2243 divinis
2309 2186 2486 2243 oculis
2519 2184 2706 2241 omnia
2736 2183 3100 2242 lustrantibus
3126 2193 3180 2240 et
3208 2186 3666 2258 cognoscentibus

2082 2286 2302 2348 accepta
2335 2285 2518 2344 erunt,
2557 2277 2696 2334 bene
2722 2276 2800 2333 illi
2837 2277 2963 2343 erit,
3003 2278 3096 2345 qui
3127 2277 3252 2348 plus
3287 2277 3664 2343 seminaverit,

2086 2379 2141 2426 et
2168 2386 2199 2426 a
2228 2369 2340 2426 Deo
2369 2368 2580 2427 fructus
2606 2377 2771 2426 metet
2793 2368 3092 2426 uberiores.
3116 2368 3208 2425 Ait
3231 2367 3426 2426 deinde
3446 2368 3668 2439 sapiens

2087 2460 2442 2518 Ecclesiastes
2475 2478 2490 2516 :

1968 2575 2086 2645 §ll.

476 2671 588 2726 Kal
614 2669 812 2742 γλυκὺ
841 2669 907 2726 τὸ
931 2670 1076 2740 φῶς,
1114 2667 1215 2724 καί
1242 2669 1470 2740 ἀγαθὸν
1497 2668 1624 2736 τοῖς
1651 2669 1984 2739 ὀφθαλμοῖς

405 2762 472 2817 τὸ
504 2762 762 2828 βλέπειν
785 2761 908 2816 σὺν
929 2762 1036 2814 τὸν
1059 2761 1241 2828 ἥλιον·
1257 2777 1271 2790 ·
1301 2759 1390 2815 ὅτι
1417 2761 1515 2815 καί
1533 2761 1642 2816 ἐὰν
1660 2759 1765 2829 ἔτη
1782 2759 1993 2815 πολλὰ

405 2851 642 2917 ζήσεται
669 2851 1000 2920 ἅνθρωπος,
1031 2850 1103 2904 ἐν
1131 2849 1322 2906 πᾶσιν
1347 2848 1556 2914 αὐτοῖς
1575 2847 1988 2918 εὐφρανθήσε-

406 2959 524 3006 ται,
570 2941 669 2995 καί
701 2941 1123 3012 μνησθήσεται
1156 2941 1262 3007 τὰς
1298 2939 1522 3011 ἡμέρας
1561 2939 1667 2994 τοῦ
1703 2943 1984 3006 σκότους,

408 3034 442 3088 ὅ
447 3051 497 3088 τι
521 3034 746 3088 πολ.ίαί
775 3033 1044 3088 ἔσονται.

491 3125 826 3188 ’Λκολούοως
854 3125 1037 3196 ἔχεται
1075 3125 1183 3180 τῶν
1215 3125 1487 3198 αἰσθητῶν
1517 3125 1763 3193 εἰκόνων,
1803 3126 1890 3180 ἵνα
1917 3126 1986 3179 δι’

409 3219 610 3283 αὐτῶν,
640 3218 714 3283 ὡς
743 3218 812 3272 δι’
840 3219 1124 3290 ἐσόπτρων
1156 3217 1268 3272 τῶν
1309 3217 1639 3290 ἀρχετύπων
1673 3220 1770 3273 καὶ⁷
1802 3235 1990 3291 κρειτ·

411 3309 582 3363 τόνων
608 3309 958 3378 ἀσυγκρίτως
992 3307 1295 3379 παραδείξῃ
1319 3309 1381 3362 τὸ
1402 3307 1616 3372 κάλλος.
1649 3309 1827 3363 Γλυκὺ
1855 3309 1985 3380 γὰρ,

413 3399 568 3469 φησὶ,
609 3397 772 3451 τοῦτο
799 3399 864 3451 τὸ
900 3398 1016 3466 φῶς
1052 3398 1148 3450 καὶ
1175 3397 1297 3451 λίαν
1333 3397 1538 3466 ἀγαθὸν
1569 3398 1630 3450 τὸ
1651 3398 1867 3468 δέρκειν
1899 3398 1992 3450 τὸν

411 3487 672 3557 αἰσθητὸν
699 3488 851 3558 ἥλιον
877 3491 997 3552 ταῖς
1028 3487 1186 3557 ὄψεσι
1222 3487 1332 3540 τῶν
1355 3485 1634 3556 αἰσθητῶν
1671 3485 1988 3556 ὀφθαλμῶν.

414 3578 588 3630 Τοῦτο
612 3579 670 3633 δὲ
703 3579 938 3646 φάσκειν
969 3577 1065 3632 καὶ
1101 3576 1378 3630 διδάσκειν
1425 3575 1698 3646 παρέλκον
1737 3577 1857 3628 ἐστὶ
1895 3575 1994 3627 καὶ

416 3668 693 3739 περιττὸν,
728 3671 779 3722 εἰ
804 3670 882 3739 μὴ
909 3669 1048 3740 πρὸς
1073 3667 1202 3724 ἀλλο
1249 3686 1301 3722 τι
1326 3669 1580 3738 κρεῖττον
1612 3666 1727 3737 φῶς
1753 3662 1993 3720 ἀποϐλέ-

417 3775 534 3825 πει,
562 3759 658 3814 καὶ
681 3759 820 3831 πρὸς
847 3759 940 3814 τδν
961 3759 1156 3832 νοητὸν
1180 3760 1284 3832 τῆς
1310 3757 1665 3829 δικαιοσύνης
1691 3756 1848 3829 ῆλιον
1870 3754 1996 3828 βού-

416 3851 570 3907 λεται
598 3852 726 3916 τοὺς
752 3851 1032 3924 ἀκροατὰς
1056 3850 1476 3924 παραπέμπειν.
1509 3851 1687 3904 Ἴσασι
1717 3847 1828 3922 γὰρ
1853 3848 1994 3904 πάν·

415 3959 510 4009 τες
537 3943 849 4016 ἄνθρωποι,
893 3942 992 3998 καὶ
1031 3942 1205 4014 χωρὶς
1252 3941 1348 3998 τοῦ
1384 3940 1852 4014 Ἐκκλησιαστοῦ,
1899 3940 1998 3995 καὶ

414 4035 592 4106 γλυκὺ
619 4035 782 4091 τοῦτο
828 4037 891 4092 τὺ
917 4036 1037 4106 φῶς
1075 4033 1366 4108 ὑπάρχειν,
1413 4034 1509 4089 καὶ
1540 4033 1603 4088 τὸ
1645 4033 1867 4106 βλέπειν
1903 4035 1998 4088 τὸν

2161 2669 2324 2728 Vens.
2365 2673 2420 2726 7.
2462 2669 2532 2726 Et
2560 2671 2713 2726 dulce
2753 2672 2929 2726 lumen
2967 2683 3017 2726 et
3054 2672 3248 2725 bonum
3288 2669 3456 2724 oculis
3497 2671 3670 2725 videre

2085 2762 2251 2818 solent
2281 2779 2300 2818 :
2323 2763 2449 2834 quia
2477 2765 2576 2818 etsi
2625 2768 2782 2818 annis
2817 2762 3004 2818 multis
3041 2763 3226 2818 vixerit
3259 2762 3438 2824 homo,
3473 2762 3526 2814 in
3557 2778 3671 2815 om-

2085 2855 2239 2909 nibus
2261 2855 2355 2910 ‘Itis
2383 2855 2675 2920 (relabitur,
2701 2864 2752 2910 et
2785 2854 3152 2911 recordabitur
3181 2854 3384 2909 dierum
3429 2854 3671 2908 tenebra-

2088 2963 2224 3012 rum,
2255 2949 2345 3018 qui
2371 2947 2527 3002 multi
2557 2957 2708 3002 erunt
2737 2945 2870 3020 (Η).
3085 2942 3087 2946 ’

2163 3123 2421 3180 Protinus
2458 3123 2747 3180 sensibiles
2775 3124 3040 3195 imagines
3065 3120 3432 3193 persequitur,
3476 3129 3535 3174 ut
3566 3119 3672 3173 illis

2093 3229 2353 3288 tanquam
2379 3215 2618 3288 speculis
2643 3214 3104 3287 pulchritudinem
3139 3214 3301 3286 267
3325 3221 3675 3284 repraesentet

2093 3325 2282 3364 earum
2314 3324 2498 3363 rerum
2538 3323 2661 3378 qum
2694 3307 2980 3378 praecipuae
3004 3313 3154 3371 sunt,
3182 3314 3238 3360 et
3268 3312 3425 3361 extra
3452 3318 3672 3360 omnem

2093 3401 2554 3468 comparationem
2613 3401 2872 3469 potiores.
2928 3398 3095 3457 Dulce
3137 3398 3306 3461 enim,
3347 3396 3546 3468 inquit,
3592 3404 3677 3450 est

2099 3490 2201 3544 hoc
2227 3489 2436 3554 lumen,
2468 3499 2524 3546 et
2551 3491 2705 3546 valde
2735 3491 2937 3546 bonum
2969 3491 3088 3547 acie
3137 3490 3421 3546 oculorum
3458 3497 3676 3544 nostro-

2097 3595 2220 3633 rum
2249 3579 2420 3634 solem
2469 3581 2616 3636 hunc
2645 3582 3034 3650 aspectabilem
3079 3582 3300 3638 intueri.
3336 3581 3464 3638 llaec
3491 3591 3672 3637 autem

2096 3666 2341 3740 proferre
2365 3683 2432 3725 ac
2455 3670 2651 3726 docere
2675 3686 3144 3742 supervacaneum
3167 3681 3251 3728 est
3274 3681 3439 3744 atque
3464 3673 3674 3737 inutile,

2098 3761 2208 3818 nisi
2235 3761 2420 3816 lumen
2449 3761 2596 3816 aliud
2625 3762 2972 3832 praestantius
3009 3761 3288 3833 nespiciat,
3314 3771 3370 3818 et
3397 3762 3678 3818 auditores

2099 3853 2166 3912 ad
2197 3852 2497 3925 spiritalem
2513 3853 2743 3924 iustitiae
2767 3853 2938 3910 solem
2967 3855 3254 3911 traducere
3275 3853 3426 3915 velit.
3452 3851 3591 3914 Nam
3624 3861 3680 3909 et

2099 3945 2220 4000 sine
2249 3943 2579 4000 Ecclesiaste
2608 3957 2806 4000 omnes
2832 3943 3083 4003 homines
3117 3953 3338 4011 norunt,
3366 3943 3526 4000 dulce
3553 3958 3679 3999 esse

2099 4037 2205 4094 hoc
2231 4035 2437 4108 lumen,
2468 4045 2523 4093 et
2553 4035 2728 4092 solem
2761 4034 2948 4092 videre
2977 4035 3207 4091 bonum.
3233 4033 3365 4090 lnde
3391 4036 3537 4091 enim
3569 4035 3678 4091 vita

415 4131 593 4205 ἥλιον,
620 4130 848 4201 ἀγαθόν.
891 4129 1178 4186 Ἐντεῦθεν
1201 4131 1312 4202 γὰρ
1336 4130 1370 4202 ἡ
1396 4129 1512 4202 ζωὴ
1543 4129 1654 4183 τῶν
1690 4128 1989 4203 ἀνθρώπων

2091 4128 2387 4191 hominum
2454 4125 2903 4184 constitutionem
2958 4125 3141 4193 habet,
3189 4133 3245 4181 et
3296 4126 3481 4181 omnia
3531 4124 3680 4189 illius

417 4226 532 4296 ἔχει
555 4222 656 4298 τῆν
683 4223 966 4290 σύστασιν,
985 4221 1083 4278 καὶ
1110 4221 1183 4276 τά
1204 4220 1299 4277 τοῦ
1329 4219 1449 4293 βίου
1475 4219 1772 4275 διιθύνεται
1795 4220 1996 4287 πάντα,

418 4317 515 4370 καὶ
555 4315 666 4370 τῶν
709 4315 1056 4386 πραγμάτων
1084 4313 1143 4370 αί
1181 4311 1376 4384 φύσεις
1402 4311 1502 4384 τὴν
1532 4311 1823 4384 διαστολὴν
1859 4312 2000 4382 λαμ-

2100 4222 2289 4280 munia
2317 4220 2972 4293 diriguntur,,rerumq_ue
3001 4226 3215 4279 natura;
3248 4217 3540 4279 discrimen
3587 4232 3681 4274 ca-

2099 4316 2260 4388 piunt
2285 4322 2342 4372 et
2365 4321 2614 4378 mutuam
2639 4311 3066 4369 distinctionem.
3095 4309 3242 4366 Luce
3267 4309 3412 4366 enim
3444 4308 3678 4373 sublata,

419 4405 646 4462 σάνουσι
674 4405 774 4462 καὶ
803 4405 1082 4477 διάκρισιν
1105 4403 1202 4460 ἀπ’
1227 4402 1496 4474 ἀλλήλων.
1521 4403 1706 4468 Φωτδς
1741 4403 1854 4475 γὰρ
1889 4404 1989 4458 ἀπ-

2103 4407 2224 4464 sine
2254 4406 2438 4479 specie
2470 4404 2708 4463 mundus
2744 4411 2914 4470 esset,
2942 4403 3164 4476 vitaque
3191 4403 3314 4459 sine
3339 4400 3474 4457 vita.
3499 4400 3682 4477 Quare

418 4499 594 4564 ὄντος,
637 4498 880 4570 ἄκοσμος
901 4491 972 4570 ῆν
1001 4498 1032 4551 6
1059 4496 1301 4568 κόσμος,
1328 4496 1426 4551 καὶ
1450 4493 1607 4559 ἀόιος
1649 4495 1682 4550 6
1725 4493 1874 4566 βίος·
1903 4496 2001 4550 καὶ

418 4588 511 4642 διὰ
553 4586 714 4643 τοῦτο
761 4587 1088 4660 προφθάσας
1137 4588 1169 4643 6
1213 4586 1452 4658 θεόπτης
1503 4583 1751 4657 Menon;
1804 4583 1998 4656 ῑφησε·

427 4698 449 4734 ι
481 4679 594 4739 Καὶ
619 4677 731 4733 ῐδεν
766 4679 797 4734 6
821 4677 958 4744 Θεδς
981 4677 1046 4734 τὸ
1065 4677 1206 4750 φῶς,
1233 4678 1329 4734 καὶ
1358 4672 1540 4745 εἶπεν,
1570 4676 1654 4732 ὅτι
1678 4672 1866 4732 καλόν.
1907 4695 1926 4730 ι

495 4773 617 4830 Ἵνα
635 4769 818 4827 τοίνυν
848 4772 926 4845 μὴ
958 4771 1308 4841 παρέλκοντα
1345 4771 1444 4826 καὶ
1483 4771 1721 4844 περιττά
1763 4761 1860 4825 κει
1895 4770 2001 4842 μά-

422 4882 554 4920 ταια
595 4863 778 4932 λέγειν
819 4881 906 4930 τις
947 4862 1162 4936 οἰηθείη
1201 4863 1295 4919 τὸν
1331 4863 1496 4935 σοφὸν
1541 4862 2000 4936 Ἐκκλησιαστὴν,

424 4958 504 5024 ῶς
531 4957 593 5013 τὺ
620 4958 789 5013 πᾶσιν
819 4955 1213 5028 ἀριδηλότατον
1246 4957 1344 5012 καὶ
1375 4955 1776 5027 διεγνωσμένον
1805 4971 2004 5027 πειρα-

425 5049 588 5106 θέντα
611 5050 924 5106 διδάσκεινο
955 5051 1098 5105 νοεῖν
1121 5049 1270 5120 ἡμᾶς
1312 5048 1376 5115 ἐξ
1414 5049 1664 5121 ἀνάγκης
1703 5051 2003 5122 προσῆκεν,

2099 4499 2194 4556 ille
2247 4497 2344 4558 Dei
2396 4496 2797 4568 contemplator
2845 4493 3062 4568 Moyses
3111 4502 3444 4566 praeverteris
3487 4492 3626 4548 dixit
3663 4510 3678 4547 :

2105 4609 2125 4644 ι
2166 4590 2234 4648 Et
2258 4589 2398 4650 vidit
2418 4587 2564 4652 Deus
2591 4587 2793 4656 lucem,
2831 4597 2886 4644 et
2910 4587 3011 4654 ait,
3045 4586 3176 4658 quia
3203 4585 3408 4646 bonum
3447 4583 3582 4656 (l2).
3621 4603 3639 4636 ι

2171 4765 2251 4824 Ne
2317 4763 2484 4839 igitur
2541 4763 2854 4836 sapientem.
2899 4761 3286 4819 Ecclesiastem
3347 4777 3683 4834 supervacuo

2101 4859 2228 4932 quis
2254 4867 2310 4915 et
2340 4856 2578 4918 inaniter
2599 4855 2900 4926 leviterque
2927 4855 3170 4911 locutum
3199 4853 3514 4920 arbitretur,
3555 4871 3679 4924 per-

2105 4951 2230 5009 inde
2259 4949 2440 5022 quasi,
2478 4948 2622 5020 quod
2669 4948 2928 5004 omnibus
2975 4944 3484 5003 manifestissimum
3518 4957 3685 5017 atque

2104 5043 2384 5116 cognitum
2417 5049 2522 5108 est,
2553 5041 2751 5096 docere
2783 5038 3154 5106 contenderit;
3190 5037 3432 5110 cogitare
3460 5053 3560 5096 nos
3588 5055 3684 5092 ne-

427 5143 506 5212 ὥς
531 5143 623 5200 διά
643 5143 747 5214 τῆς
773 5141 1076 5216 ὀνομασίας
1104 5140 1202 5196 τοῦ
1246 5139 1509 5211 αἰσθητοῦ
1540 5142 1720 5211 φωτὸς
1765 5141 1827 5196 τὸ
1861 5141 1989 5214 μέγα

2105 5135 2346 5199 cessario
2375 5133 2653 5200 convenit,
2705 5131 2860 5188 illum
2899 5131 3290 5204 prophetarum
3340 5146 3516 5195 more,
3559 5147 3684 5185 cum

426 5236 526 5291 καὶ
551 5232 810 5305 ἀληθινὸν
858 5233 956 5288 καὶ⁵
997 5231 1174 5288 ἀΐδιον
1224 5231 1366 5301 φῶς,
1413 5248 1433 5283 ι
1471 5232 1538 5286 '0
1561 5229 1787 5301 φωτίζει
1827 5232 2004 5287 πάντα

427 5325 717 5397 ἄνθρωπον
739 5325 822 5400 εἰς
843 5323 938 5378 τὸν
957 5323 1166 5395 κόσμον
1195 5322 1514 5394 ἐρχόμενον,
1540 5339 1560 5377 ι
1597 5323 1845 5394 δηλονότι
1869 5325 2004 5392 Χρι-

428 5417 555 5474 στδν
585 5417 678 5472 τὸν
707 5417 937 5489 Σωτῆρα
965 5413 1059 5470 τοῦ
1089 5415 1298 5487 κόσμου
1329 5413 1424 5470 καὶ
1446 5413 1766 5486 Λυτρωτὴν,
1785 5432 1930 5486 προφ
1943 5435 2000 5488 η-

2112 5223 2369 5284 sensibile
2421 5227 2605 5280 lumen
2657 5223 2995 5292 nominavit,
3047 5221 3120 5278 ob
3175 5223 3364 5280 oculos
3426 5223 3688 5279 hahu?sse

2114 5337 2370 5394 magnum
2397 5329 2453 5378 et
2475 5335 2662 5376 verum
2692 5330 3065 5391 aeternumque
3089 5319 3298 5386 lumen,
3322 5320 3468 5390 quod
3504 5338 3524 5368 ι
3557 5319 3684 5372 illu-

2111 5416 2283 5474 minat
2309 5427 2525 5471 omnem
2569 5413 2845 5470 hominem
2895 5414 3201 5468 venientem
3255 5413 3308 5464 in
3348 5411 3488 5464 Ιιυιτο
3526 5426 3685 5467 umn-

501 5593 612 5665 (Η)
643 5591 859 5665 Qlytnp.
907 5595 1410 5665 κοιίψησθήοεται
1447 5595 1514 5647 τὰ
1563 5593 1698 5665 ἔργα
1744 5594 1838 5645 τοῦ
1895 5594 2208 5657 πκότους....

505 5664 618 5736 (η)
657 5662 763 5718 sed
796 5662 934 5734 apud
965 5663 1104 5717 LXX
1134 5662 1470 5747 desideratur
1499 5662 1663 5718 καὶεί
1677 5681 1788 5718 nev.
