4038 6274
493 283 636 353 H63

1633 287 1696 348 S.
1729 287 2109 349 GREGORII
2149 289 2661 353 AGBIGENTINI

3603 284 3741 383 unt

571 396 802 468 Egregie
848 407 978 450 vero
1021 391 1229 464 aptavit
1264 393 1433 450 verba
1480 390 1782 464 inquiens:
1819 415 1839 448 ι
1875 397 1932 452 In
1961 407 2071 452 ter-

2245 399 2578 471 Θαυμασίως
2633 398 2691 453 δὲ
2747 398 2838 454 τὸν
2887 399 3048 468 λόγον
3077 395 3498 470 eumnam“
3549 399 3738 451 εἰπών·

500 507 640 556 ram,
683 489 827 544 sicut
855 495 993 551 erat,
1030 505 1048 539 ι
1084 486 1134 539 id
1163 494 1268 552 est,
1296 487 1760 556 quemadmodum
1789 488 1919 543 item
1945 497 2073 544 ante

495 589 638 644 erat,
679 593 845 650 quam
899 577 1009 632 tale
1060 591 1266 648 corpus
1321 592 1350 632 a
1406 576 1704 634 Conditore
1753 581 2070 650 ﬁngeretur.

499 671 634 728 Nam
666 679 720 726 et
751 684 986 740 magnus
1028 667 1242 740 Moyses
1291 669 1410 724 ait:
1449 689 1466 722 ι
1509 667 1576 724 Et
1625 669 1884 725 formavit
1931 669 2075 726 Deus

499 763 817 826 hominem,
873 761 1157 832 pulverem
1217 761 1496 830 accipiens
1547 762 1621 816 de
1676 771 1824 816 terra
1875 762 2008 832 (59).
2049 780 2070 814 ι

499 853 798 910 Enimvero
849 853 1206 920 observasis,
1264 853 1549 922 quomodo
1599 867 1801 924 corpus
1851 855 2072 924 quidem

499 947 615 1001 sive
670 944 946 1014 pulverem
1000 943 1260 998 distincte
1301 945 1358 997 in
1406 952 1608 998 terram
1661 947 1858 1000 reverti
1893 945 2072 1000 dixit:

499 1039 756 1106 spiritum
785 1043 970 1090 autem
1007 1034 1073 1088 ad
1121 1033 1310 1101 Deum,
1360 1033 1824 1090 immortalitatem
1879 1035 2075 1092 animae

498 1125 954 1182 manifestissime
999 1125 1129 1179 hinc
1171 1125 1578 1181 demonstrans.
1619 1127 1828 1181 Etenim
1859 1127 2071 1198 inquit:

505 1235 521 1268 ι
554 1217 621 1272 Et
644 1217 874 1288 spiritus
893 1215 1193 1270 revertitur
1219 1215 1285 1269 ad
1309 1214 1506 1280 Deum,
1537 1217 1630 1287 qui
1658 1217 1809 1272 dedit
1831 1218 2015 1286 illum;
2047 1236 2066 1270 ι

497 1311 743 1380 theologi
788 1307 994 1380 lloysis
1035 1309 1349 1364 doctrinam
1401 1309 1470 1365 de
1517 1311 1702 1366 anima
1739 1312 2074 1368 conﬁrmans

498 1401 736 1459 dicentis
790 1417 988 1470 nempe
1038 1418 1051 1455 :
1113 1420 1131 1453 ι
1174 1399 1242 1456 Et
1289 1402 1549 1457 formavit
1597 1402 1742 1460 Deus
1793 1403 2073 1458 hominem

499 1495 779 1564 pulverem
831 1493 900 1548 de
952 1503 1121 1560 terra,
1174 1503 1228 1548 et
1279 1493 1567 1562 inspiravit
1606 1495 1660 1557 in
1711 1493 1908 1549 faciem
1953 1494 2075 1563 ejus

500 1587 779 1657 spiramen
811 1588 940 1640 vitae
969 1623 984 1648 ,
1025 1593 1080 1640 et
1125 1584 1301 1640 factus
1324 1595 1406 1640 est
1441 1587 1606 1640 homo
1636 1585 1692 1640 in
1721 1585 1964 1640 animam
1993 1585 2077 1640 vi-

2181 510 2198 544 ι
2250 490 2374 545 Ἐπὶ
2405 491 2506 562 τὴν
2537 491 2662 561 γῆν,
2689 491 2766 555 ὡς
2798 486 2888 562 ἦν,
2924 509 2944 544 ι
2974 489 3223 544 τουτέστι
3253 488 3392 544 καθὸ
3417 489 3512 543 xal
3543 491 3744 560 πρότε-

2177 600 2270 652 ρον
2303 578 2372 653 ἦν
2406 582 2516 652 πρὸ
2543 581 2638 636 τοῦ
2667 583 3068 654 διαπλασθῆναι
3102 580 3255 654 παρὰ
3276 581 3372 635 τοῦ
3402 581 3745 653 Δημιουργοῦ

2175 672 2333 743 σῶμα
2374 673 2640 729 τοιοῦτον.
2695 675 2808 727 Καὶ
2841 674 2949 748 γάρ
2979 691 3146 746 φησιν
3195 674 3402 746 Μωσῆς
3461 677 3490 728 6
3537 675 3744 745 μέγας,

2179 783 2198 815 ι
2235 765 2347 818 Kal
2375 764 2612 819 ἔπλασεν
2637 767 2666 819 6
2687 765 2822 830 Θεὸς
2849 767 2944 820 τὸν
2964 765 3253 838 ἄνθρωπον
3281 764 3411 838 χοῦν
3440 765 3620 821 λαϐὼν
3641 768 3748 821 ἀπὸ

2171 856 2273 926 τῆς
2301 857 2425 926 γῆς.
2463 876 2481 910 ι
2515 846 2834 929 Παρατηρεϊ
2863 858 2922 912 δδ
2954 859 3065 922 πᾶς
3093 859 3124 914 6
3157 857 3505 929 βουλόμενος,
3545 861 3664 924 πῶς
3689 861 3748 915 τὸ

2176 948 2338 1018 σῶμα
2364 947 2486 1020 μὲν,
2514 950 2634 1020 ἦτοι
2663 949 2756 1004 τὸν
2798 947 2929 1020 χοῦν
2975 949 3069 1004 ἐπὶ
3104 950 3203 1022 τὴν
3237 950 3344 1020 γῆν
3373 951 3746 1023 ἐπιστρέφειν,

2173 1037 2578 1108 διεσταλμένως
2607 1034 2749 1093 εἶπεν
2787 1057 2807 1091 ι
2837 1039 2912 1094 Τὸ
2929 1038 2988 1092 δὲ
3019 1039 3236 1111 πνεῦμα
3265 1041 3405 1114 πρὸς
3433 1042 3526 1095 τὸν
3557 1042 3742 1096 Θεόνσι

2171 1129 2271 1201 τὴν
2300 1129 2600 1186 ἀθανασίαν
2649 1133 2749 1203 τῆς
2778 1129 2957 1202 ψυχῆς
2984 1131 3234 1188 ἐντεῦθεν
3278 1132 3562 1204 πρώήλως
3604 1151 3750 1204 παρ-

2173 1217 2476 1287 εμφαίνων.
2524 1219 2636 1272 Kal
2684 1218 2794 1288 γάρ
2827 1231 2962 1288 φησι
2990 1234 3002 1249 ·
3045 1236 3063 1270 ι
3109 1219 3220 1272 Καὶ
3262 1219 3326 1273 τὸ
3366 1219 3582 1290 πνεῦμα
3625 1221 3748 1274 em.

2176 1309 2400 1382 στρέφει
2435 1312 2573 1382 πρὸς
2604 1310 2694 1365 τὸν
2723 1310 2878 1374 Θεὸν,
2903 1311 2963 1376 ὃς
2998 1311 3199 1368 ἔδωκεν
3248 1311 3380 1365 αὐτό
3402 1328 3417 1342 ο
3453 1330 3473 1364 ι
3501 1312 3596 1366 τοῦ
3628 1312 3748 1366 θεο-

2178 1399 2447 1468 φάντορος
2479 1399 2756 1462 Μωῦσέως
2787 1399 2848 1454 τὸ
2875 1399 3004 1470 περὶ
3028 1399 3209 1472 ψυχῆς
3239 1400 3419 1472 δόγμα
3459 1418 3748 1472 παρεμπε-

2173 1490 2282 1547 δῶν
2309 1490 2550 1562 δηλονότι
2585 1491 2647 1545 τὸ
2689 1491 2919 1558 φάσκον,
2957 1509 2977 1544 ι
3019 1492 3132 1549 Kal
3168 1491 3406 1547 ἔπλασεν
3437 1493 3466 1546 6
3495 1493 3629 1557 Θεὸς
3657 1494 3749 1547 τὸν

2175 1581 2484 1654 ἄνθρωπον,
2515 1581 2646 1653 χοῦν
2680 1583 2788 1638 ἀπὸ
2811 1585 2912 1654 τῆς
2939 1583 3062 1654 γῆς,
3094 1583 3190 1638 καὶ
3212 1583 3546 1654 ἐνεφύσησεν
3577 1588 3664 1650 εἰς
3689 1587 3749 1640 τὸ

506 1686 746 1730 ventem.
806 1693 826 1726 ι
872 1673 1054 1741 Quare
1109 1674 1376 1744 spiratum
1409 1677 1526 1730 sive
1552 1677 1754 1731 'vitam
1779 1693 1847 1732 ex
1877 1676 2071 1733 divinat

2179 1673 2473 1746 πρόσωπον
2498 1673 2666 1728 αὑτοῦ
2702 1675 2870 1747 πνοὴν
2897 1673 3064 1746 ζωῆς,
3102 1677 3198 1730 καὶ
3229 1677 3450 1744 ὲγένετο
3478 1677 3507 1732 6
3533 1677 3749 1749 ἄνθρωο

505 1769 834 1840 spirationis
871 1769 1044 1838 gratia
1093 1765 1294 1830 ortam,
1333 1782 1458 1837 quae
1485 1769 1823 1838 p'rogenitori
1865 1778 2071 1833 nostro,

2181 1782 2282 1831 πος
2327 1767 2408 1831 εις
2445 1767 2625 1838 ψυχὴν
2667 1766 2868 1832 ζῶσαν.
2905 1785 2926 1820 ι
2963 1767 3074 1838 Τὴν
3110 1762 3204 1821 οὖν
3245 1767 3354 1824 ἀπὸ
3385 1767 3488 1839 τῆς
3527 1747 3748 1840 χάριτος

501 1861 685 1931 primo
717 1859 925 1914 homini
953 1873 984 1912 a
1012 1857 1239 1928 pulvere
1268 1855 1505 1912 formato
1531 1857 1658 1914 data
1681 1867 1784 1925 est,
1822 1860 2072 1929 spiritum

501 1953 666 2008 modo
701 1950 1060 2009 Ecclesiastes
1093 1949 1596 2021 appellavit,quem
1636 1951 1799 2022 plane
1825 1951 2076 2008 distinxit

500 2059 530 2098 a
565 2044 807 2116 pulvere,
839 2042 934 2114 qui
965 2041 1018 2095 in
1058 2051 1258 2096 terram
1289 2042 1604 2107 revertitur,
1633 2058 1758 2098 cum
1783 2043 1851 2100 ad
1879 2042 2066 2100 Deum.

501 2151 530 2188 a
560 2151 673 2206 quo
702 2135 866 2190 datus
896 2141 1004 2198 est,
1041 2133 1192 2188 illum
1224 2147 1472 2189 remeare
1503 2133 1896 2189 enuntiaverit.

2177 1857 2274 1910 τοῦ
2307 1859 2708 1930 έμφυσήματος
2732 1859 2829 1914 τοῦ
2868 1858 3018 1931 παρὰ
3043 1859 3136 1912 τοῦ
3166 1859 3303 1914 Θεοῦ
3332 1861 3642 1929 γεγονότος,
3672 1863 3748 1924 εἰς

2179 1949 2270 2004 τὸν
2299 1949 2408 2004 ἀπὸ
2426 1949 2523 2004 τοῦ
2553 1950 2676 2021 χοὸς
2703 1949 3103 2006 διαπλασθέντα
3131 1951 3438 2022 γεννάρχην
3466 1951 3626 2021 ἡμῶν
3657 1951 3748 2004 καὶ

2183 2042 2617 2114 πρωτόπλαστον
2677 2045 2963 2116 ἄνθρωπον
3017 2043 3313 2114 δεδομένην
3375 2045 3546 2114 πνοὴν
3571 2083 3588 2108 ,
3631 2045 3746 2116 ἢτοι

2184 2131 2352 2205 ζωὴν,
2389 2135 2626 2205 πνεῦμα
2643 2133 2740 2190 νῦν
2757 2137 2785 2190 6
2809 2135 3241 2206 Ἐκκλησιαστὴς
3273 2135 3744 2208 προσηγόρευσεν,

501 2228 638 2298 ὅπερ
669 2221 1061 2280 ἀντεδιέστειλε
1111 2224 1191 2296 τῷ
1224 2223 1310 2296 χοῖ
1367 2221 1445 2297 τῷ
1499 2225 1880 2298 επιστρέφοντι
1939 2223 2076 2298 πρὸς
2107 2223 2207 2298 τὴν
2250 2227 2374 2297 γῆν·
2411 2227 2506 2282 καὶ
2572 2228 2710 2300 πρὸς
2750 2228 2843 2282 τὸν
2871 2227 3004 2282 Θεὸν
3081 2228 3433 2300 δπιστρέφειν
3455 2229 3547 2284 τὸν
3587 2228 3746 2287 δεδω-

501 2325 636 2378 κότα
663 2323 1018 2394 κατήγγειλε.

572 2505 853 2563 Aduotare
881 2503 1046 2574 igitur
1076 2503 1310 2558 maxime
1349 2513 1604 2575 praestat,
1656 2521 1823 2576 quam
1873 2514 2076 2563 temere

499 2608 672 2668 atque
703 2597 1030 2662 insipienter
1059 2596 1287 2650 omnino
1316 2597 1684 2658 existimarint
1727 2599 1972 2668 quidam.
2017 2598 2073 2655 in

503 2688 882 2758 superioribus
929 2687 1276 2743 sermonibus
1349 2687 1494 2743 hanc
1563 2689 1824 2759 sapientis
1890 2689 2074 2746 Eccle-

499 2783 690 2838 oiasttr.
735 2782 1052 2851 opinionem
1089 2778 1260 2836 fuisse
1316 2779 1483 2852 284
1519 2782 1768 2842 eamdem
1816 2773 1940 2838 esse
1973 2783 2074 2838 ho-
2119 2823 2124 2829 .

501 2873 670 2928 minis
695 2882 751 2927 et
773 2871 1005 2941 jnmeuti
1053 2872 1316 2937 animam,
1351 2888 1476 2928 cum
1527 2875 1602 2928 ait
1631 2891 1646 2929 :
1690 2892 1709 2926 ι
1751 2875 1818 2929 Et
1851 2874 2070 2944 quidem

501 2975 730 3018 eventus
759 2963 992 3018 liliornm
1021 2963 1281 3028 hominis,
1311 2972 1364 3018 et
1391 2975 1619 3019 eventus
1639 2965 1880 3034 pecudis,
1907 2981 2071 3022 even-

503 3065 592 3110 tus
621 3069 766 3108 unus
798 3053 972 3122 ipsis;
1010 3059 1069 3106 ut
1105 3067 1256 3107 mors
1293 3053 1476 3122 hujus,
1509 3054 1582 3108 ita
1631 3069 1779 3109 mors
1819 3055 1987 3121 illius,
2018 3064 2072 3110 et

2253 2505 2720 2578 Παρασημαντέον
2767 2505 2947 2560 τοίνυν
3001 2503 3400 2576 ὀφειλομένους,
3449 2503 3528 2569 ὡς
3573 2503 3744 2576 μάτην

2177 2597 2273 2652 καὶ
2305 2598 2485 2667 πάντη
2540 2597 2868 2670 παραλόγως
2914 2597 3171 2670 ᾠήθησαν
3211 2597 3471 2661 τινες,“ὲν
3511 2598 3631 2658 τοῖς
3660 2597 3746 2649 ἀνι

2175 2689 2301 2744 ὄπιν
2349 2689 2528 2758 λόγοις
2557 2689 2754 2744 ταυτὸν
2801 2684 2940 2743 εἶναι
2989 2689 3088 2759 τὴν
3118 2679 3211 2742 τοῦ
3250 2687 3540 2758 ἀνθρώπου
3573 2685 3745 2758 ψυχὴν

2177 2783 2275 2840 καὶ
2317 2781 2412 2836 τοῦ
2450 2783 2678 2854 κτήνους
2707 2779 2952 2846 δοξάζειν
2987 2780 3078 2835 τὸν
3107 2780 3272 2850 σοφὸν
3313 2779 3745 2851 Ἐκκλησιαστὴν

2177 2876 2238 2927 ὲν
2267 2873 2344 2944 τῷ
2384 2874 2636 2942 φάσκειν,
2679 2891 2700 2924 ι
2747 2871 2857 2926 Καί
2903 2888 2968 2940 γε
3017 2871 3334 2942 συνάντημα
3366 2871 3500 2924 υἱῶν
3535 2869 3746 2940 ἀνθρώ·

2175 2983 2282 3020 που
2307 3007 2320 3028 ,
2373 2965 2467 3019 καὶ⁵
2501 2963 2821 3035 συνάντημα
2871 2961 2964 3016 τοῦ
2999 2965 3265 3034 κτήνους,
3322 2963 3644 3030 συνάντημα
3690 2959 3746 3013 έν

2176 3057 2396 3120 αὐτοϊςο-
2419 3055 2494 3119 ὡς
2530 3057 2558 3109 6
2597 3055 2828 3116 θάνατος
2853 3051 3069 3118 τούτου,
3102 3051 3278 3118 οὕτως
3305 3051 3334 3104 6
3368 3050 3600 3113 Θάνατος
3628 3049 3746 3102 τού-

502 3147 732 3217 spiritus
749 3145 906 3199 linus
940 3144 1217 3200 omnibus.
1260 3141 1323 3224 Et
1357 3144 1490 3212 quid
1521 3145 1818 3200 abundavit
1855 3147 2015 3202 homo
2041 3161 2071 3200 a

2175 3163 2290 3211 του,
2315 3147 2411 3200 καὶ
2443 3145 2664 3216 πνεῦμα
2693 3145 2751 3198 ἓν
2779 3147 2892 3208 τοῖς
2923 3145 3079 3198 πᾶσι.
3110 3143 3220 3198 Kal
3256 3142 3310 3196 τε
3353 3141 3746 3212 ἐπερίσσευσεν

495 3235 754 3306 pecude?
791 3232 962 3288 Nihil.
1001 3233 1140 3300 Quia
1181 3234 1367 3288 omnia
1411 3233 1664 3300 vanitas;
1723 3236 1904 3290 omnia
1947 3251 2069 3319 per-

495 3335 638 3397 gunt
675 3326 742 3382 ad
782 3326 960 3380 locum
995 3343 1162 3380 unum
1195 3343 1209 3380 :
1245 3325 1431 3380 omnia
1472 3325 1618 3382 facta
1664 3335 1794 3382 sunt
1835 3327 1902 3382 de
1955 3327 2073 3398 pul-

499 3435 649 3484 vere,
691 3427 746 3474 et
779 3419 964 3474 omnia
1001 3426 1354 3472 revertuntur
1396 3417 1450 3472 in
1493 3418 1791 3488 pulverem.
1837 3418 1902 3473 Et
1949 3418 2072 3488 quis

502 3512 672 3577 novit,
733 3510 964 3580 spiritus
1016 3509 1250 3564 ﬁliorum
1299 3509 1539 3564 hominis
1569 3509 1616 3564 si
1650 3509 1913 3566 ascendat
1955 3509 2072 3578 ipse

493 3617 744 3668 sursum,
773 3609 829 3658 et
855 3601 1081 3670 spiritus
1116 3601 1338 3671 pecudis
1369 3600 1418 3654 si
1441 3600 1736 3656 descendat
1764 3601 1880 3672 ipse
1905 3601 2070 3656 deor-

492 3711 620 3750 sum
653 3695 706 3750 in
742 3703 946 3748 terram
973 3694 1112 3764 (40).
1155 3712 1173 3745 ι
1213 3691 1310 3746 Hic
1358 3691 1503 3747 enim
1547 3707 1768 3747 omnem
1799 3691 2070 3763 ejusmodi

487 3785 870 3857 suspicionem
919 3785 1166 3850 sustulit,
1220 3795 1275 3838 et
1325 3783 1571 3840 stultitiae
1625 3785 1804 3852 arguit
1853 3799 1918 3838 ac
1949 3798 2072 3852 per-

489 3893 672 3934 versae
721 3877 998 3946 opinionis
1019 3917 1034 3940 ,
1089 3877 1182 3946 qui
1221 3891 1556 3946 quocunque
1590 3877 1750 3930 modo
1781 3877 1888 3932 tale
1919 3877 1970 3930 in
2003 3889 2070 3930 eo

493 3977 870 4040 commentum
905 3969 1172 4038 suspicati
1195 3976 1344 4034 sunt,
1371 3982 1493 4022 cum
1521 3966 1609 4021 hic
1633 3966 1866 4020 maxime
1887 3966 2066 4022 dicat:

491 4083 517 4116 4
557 4063 886 4120 Revertatur
913 4061 1094 4130 pulvis
1125 4061 1179 4116 in
1219 4068 1443 4124 terram,
1490 4059 1634 4114 sicut
1670 4065 1808 4112 erat.
1848 4057 1916 4111 Et
1956 4057 2070 4128 spi-

493 4158 636 4212 ritus
658 4155 956 4210 revertitur
982 4153 1050 4208 atl
1077 4152 1269 4216 Deum,
1296 4150 1388 4221 qui
1412 4149 1562 4204 dedit
1587 4149 1760 4204 illum.
1788 4166 1807 4201 ι
1846 4147 2066 4204 Utrum-

480 4265 602 4320 que
647 4230 794 4303 enim
846 4246 984 4300 mire
1038 4253 1205 4313 atque
1235 4241 1451 4311 egregie
1484 4240 1736 4296 distinxit
1766 4255 1830 4295 ac
1868 4239 2070 4310 dijudi-

484 4343 636 4418 cavit
671 4359 685 4394 :
718 4337 998 4408 pulverem
1043 4335 1095 4388 in
1133 4345 1336 4388 terram
1374 4333 1574 4387 reverti
1615 4332 1926 4397 declarans,
1955 4333 2066 4404 spi-

2173 3241 2202 3292 6
2216 3237 2500 3304 ᾶνθρωπος
2524 3238 2673 3308 παρὰ
2688 3239 2750 3292 τὸ
2779 3237 2976 3307 κτῆνος
2997 3253 3013 3302 ;
3036 3236 3224 3290 Οὐδένο
3245 3236 3329 3290 ὅτι
3349 3235 3420 3288 τὰ
3442 3235 3622 3288 πάντα
3651 3253 3748 3306 μα-

2171 3329 2392 3401 ταιότης
2413 3345 2431 3362 ο
2451 3330 2518 3384 τὰ
2551 3331 2728 3386 πάντα
2749 3329 3044 3401 πορεύεται
3062 3331 3140 3394 εἰς
3155 3329 3321 3382 τόπον
3349 3327 3464 3382 ἕνα·
3489 3327 3555 3380 τὰ
3573 3329 3747 3385 πάντα

2173 3421 2389 3488 ἐγένετο
2403 3419 2512 3473 ἀπὸ
2529 3421 2620 3474 τοῦ
2643 3423 2787 3491 χοὸς,
2807 3421 2988 3475 καὶτὰ
3010 3419 3187 3474 πάντα
3211 3419 3538 3488 ὑποστρέφει
3560 3419 3642 3480 εἱς
3661 3417 3748 3471 τὸν

2174 3510 2324 3582 χοῦν.
2363 3511 2471 3564 Kal
2505 3511 2587 3573 τίς
2612 3509 2720 3564 οἶδε
2743 3511 2805 3566 τὸ
2824 3509 3040 3580 πνεῦμα
3075 3510 3210 3563 υἱῶν
3245 3509 3339 3562 τοῦ
3362 3508 3679 3582 ἀνθρώπου,
3699 3508 3746 3559 εἰ

2171 3602 2458 3656 ἀναῦαίνει
2485 3603 2616 3658 αὐτὸ
2638 3605 2717 3668 εἰς
2738 3603 2871 3669 ἄνω,
2897 3601 3110 3660 καὶτοῦ
3145 3602 3399 3670 κτήνους,
3417 3602 3466 3654 εἰ
3484 3599 3747 3654 καταϐαι-

2172 3711 2254 3748 νει
2285 3694 2418 3748 αὐτὸ
2454 3695 2606 3748 κάτω
2633 3696 2712 3758 εἰς
2741 3694 2866 3766 γῆν.
2907 3713 2926 3747 ι
2960 3694 3074 3748 Νῦν
3109 3694 3220 3766 γὰρ
3269 3697 3449 3750 πᾶσαν
3477 3695 3746 3766 ὑπόληψιν

2173 3785 2432 3858 τοιαύτην
2473 3786 2674 3850 ἀνεῖλε,
2708 3787 2803 3840 καὶ
2833 3786 3241 3856 ματαιόφρονας
3267 3785 3481 3858 ἐλέγχει
3511 3788 3607 3840 καὶ
3640 3805 3745 3841 κα-

2171 3875 2426 3941 κοδόξους
2455 3877 2584 3940 τοὺς
2612 3875 2860 3930 ὁπωσοῦν
2895 3876 2958 3929 τὸ
3003 3876 3246 3932 τοιοῦτον
3289 3875 3484 3947 ψεῦδος
3521 3877 3746 3946 ὑπειλη-

2171 3969 2360 4036 φότας,
2395 3970 2454 4020 ὲν
2481 3966 2560 4036 τῷ
2601 3967 2696 4022 νῦν
2748 3967 2987 4037 μάλιστα
3031 3967 3231 4036 λέγειν,
3269 3984 3290 4020 ι
3342 3967 3743 4038 Ἐπιστρέψειδ

2170 4059 2297 4131 χοῦς
2336 4059 2430 4112 ἐπὶ
2463 4057 2564 4128 τὴν
2589 4057 2713 4128 γῆν,
2745 4057 2821 4120 ὡς
2845 4053 2936 4128 ἦν’
2967 4057 3061 4110 καὶ
3090 4057 3152 4110 τὸ
3177 4056 3740 4128 πνεῦμαιέπιστρέφει

2171 4149 2310 4220 πρὸς
2338 4149 2431 4202 τὸν
2463 4147 2618 4212 Θεὸν,
2649 4147 2710 4211 ὃς
2737 4146 2940 4202 ἔδωκεν
2963 4147 3114 4201 αὐτὸ.
3139 4165 3158 4200 ι
3191 4146 3498 4218 Παράδοξον
3519 4148 3623 4219 γὰρ
3647 4149 3740 4202 καὶ

2169 4240 2485 4310 θαυμασίαν
2516 4239 2624 4292 τῶν
2671 4238 2951 4309 ἑκατέρων
2981 4239 3280 4308 ἐποιήσατο
3319 4239 3418 4308 τὴν
3458 4237 3739 4308 διαστολὴν

2167 4330 2262 4384 καὶ
2286 4330 2582 4401 διάκρισινο
2597 4329 2692 4382 τὸν
2724 4327 2823 4399 μὲν
2857 4328 2987 4399 χοῦν
3016 4329 3108 4381 ἐπὶ
3133 4329 3232 4400 τὴν
3261 4328 3365 4398 γῆν
3391 4329 3738 4400 ἐπιστρέφειν

486 4434 662 4488 ritum
683 4445 816 4485 vero
834 4429 948 4484 sive
968 4426 1230 4487 animant,
1253 4437 1598 4493 nequaquam
1619 4423 1762 4478 sicut
1786 4425 2062 4494 pulverem

2173 4423 2612 4495 ἀποφηνάμενος,
2653 4421 2714 4475 τὸ
2751 4420 2809 4474 δὲ
2848 4421 3089 4492 πνεῦμα,
3116 4421 3366 4475 τουτέστι
3406 4420 3504 4494 τὴν
3538 4421 3734 4492 ψυχὴν,

489 4523 546 4578 in
581 4531 806 4586 terram,
863 4519 954 4574 sed
1001 4517 1070 4572 ad
1122 4515 1292 4570 Deum
1325 4514 1542 4579 reverti,
1591 4517 1685 4584 qui
1717 4515 1979 4582 condidit,
2010 4525 2064 4571 et

2173 4514 2270 4567 οὐκ
2318 4513 2400 4567 ἐτι
2433 4512 2686 4584 καθάπερ
2719 4514 2772 4565 6.
2799 4511 2928 4581 χοῦς
2975 4512 3112 4582 πρὸς
3141 4512 3240 4584 τὴν
3278 4513 3404 4582 γῆν,
3434 4512 3571 4566 ἀλλὰ
3605 4512 3737 4582 πρὸς

485 4613 794 4669 simulacro
821 4625 988 4666 sensu
1013 4607 1222 4662 carenti
1252 4604 1418 4675 atqu'e
1447 4605 1672 4661 inanimi
1701 4616 1758 4660 et
1787 4622 1818 4662 e
1843 4609 2064 4677 pulvere

2173 4604 2260 4657 τὸν
2294 4603 2428 4656 Θεὸν
2476 4603 2829 4673 ἐπιστρέφειν
2849 4601 2940 4656 τὸν
2973 4603 3271 4674 ποιήσαντα
3301 4603 3434 4657 αὐτὸ
3463 4604 3560 4657 καὶ
3577 4603 3734 4656 δεδω-

476 4705 621 4758 dicto
661 4701 859 4758 indidit
889 4697 1273 4772 inspirationis
1302 4712 1414 4752 sua:
1443 4699 1616 4766 gratia
1651 4697 1786 4766 (4t).

553 4994 904 5050 Erubescant
940 4989 1175 5060 denique
1210 4986 1457 5043 veritatis
1488 4985 1904 5047 adulteratores,
1940 4985 2060 5038 vul-

490 5099 690 5157 tusque
719 5097 912 5140 eorum
947 5079 1248 5152 ignominia
1283 5079 1637 5147 impleantur,
1671 5090 1796 5130 cum
1825 5076 2060 5142 videant,

557 5331 668 5402 (59)
709 5327 910 5402 gerunt
938 5324 1080 5395 apud
1285 5322 1440 5402 tie-est
1484 5319 1684 5402 λαϐὼν.

557 5388 671 5472 ξω)
711 5388 988 5472 Eccleuu,
1011 5413 1040 5450 a
1072 5411 1124 5448 v.
1161 5395 1248 5472 lt}.
1278 5391 1346 5472 γ.
1375 5392 1582 5472 hiclib.
1621 5407 1702 5472 ιιι,
1736 5388 1826 5472 εις
1850 5389 1943 5472 2οζ

2170 4695 2304 4749 κάτα
2346 4695 2424 4766 τῷ
2462 4695 2774 4764 ἀναισθήτῳ
2821 4693 2916 4747 καὶ
2961 4693 3155 4766 ἀψύχῳ
3200 4696 3477 4765 ἀνδριάντι
3509 4693 3736 4750 διαπλα·

2175 4784 2357 4838 σθέντι
2384 4787 2448 4839 ὲκ
2488 4784 2582 4838 τοῦ
2609 4785 2752 4854 χοὸς,
2784 4783 2874 4838 διὰ
2917 4786 3016 4854 τῆς
3045 4786 3144 4840 τοῦ
3176 4787 3315 4841 ἳδίου
3345 4787 3735 4859 ἑμφυσήματος

2172 4875 2414 4946 χάριτος.

2241 4984 2700 5055 Αἰσχυνέσθωσαν
2725 4988 2794 5042 τὰ
2824 4988 2918 5042 νῦν
2945 4989 2996 5043 οἱ
3027 4989 3450 5062 παραχαρὼιται
3478 4991 3582 5062 τῆς
3607 4989 3734 5058 ἀλη-

2171 5075 2342 5140 θείας,
2387 5080 2483 5130 καὶ
2513 5077 2581 5130 τὰ
2628 5078 2896 5148 πρόσωπα
2923 5079 3105 5134 αὐτῶν
3137 5077 3588 5150 πληρωθήτωσαν
3617 5081 3730 5134 ἀτι-

2162 5319 2229 5373 de
2247 5319 2368 5374 libri
2391 5321 2737 5378 Ecclesiaste:
2755 5323 3078 5379 auctoritate
3096 5322 3522 5382 controversiam
3541 5320 3725 5378 luisse.

2169 5408 2200 5462 ι
2225 5390 2574 5456 Quaerebam,
2617 5393 2893 5462 inquiunt,
2927 5397 3201 5462 sapientes
3226 5395 3506 5448 occultare
3537 5391 3725 5462 librum

559 5457 669 5541 illi
709 5469 834 5524 llmc
865 5457 1160 5541 iii-v{etere_s
1191 5463 1406 5541 Iudaeus
1435 5457 1881 5541 dictavidentur.
1925 5457 2057 5512 Nam
2161 5457 2568 5541 Ecclesiasten,
2611 5457 2742 5541 quia
2779 5457 3342 5541 inveniebat_i_t_‘in‘_e_o
3382 5462 3545 5541 verba
3578 5459 3721 5541 incli-

488 5531 667 5599 uti'cst
697 5555 726 5596 a
767 5536 1180 5608 multisjamdin
1215 5531 1638 5608 adnotatum,_in
1673 5545 2059 5608 eorumcom-

490 5613 790 5677 tneutariis,
841 5601 1226 5680 quirinagistri
1289 5605 1427 5658 inter
1477 5601 1757 5680 Hebraeos.
1788 5601 2054 5661 audiunt,

486 5683 750 5751 scriptum
775 5673 1102 5746 accepimus
1126 5717 1140 5737 .
1179 5689 1428 5744 magnam
1465 5673 1607 5742 apud
1657 5673 1888 5740 majores
1923 5681 2052 5720 suos

2161 5533 2346 5604 nantia
2379 5533 2446 5604 ad
2481 5529 2754 5604 heare—sin:
2777 5550 2796 5583 ι
2835 5531 2967 5590 Vide
2995 5533 3178 5590 Mellil‘.
3221 5533 3388 5590 llebr.
3412 5529 3723 5604 Christoph.

2158 5601 2508 5672 Cartwrighti
2541 5617 2661 5672 cap.
2695 5600 2780 5657 ιε.
