4038 6274
521 312 652 378 1179

1390 322 1487 384 DE
1525 322 1785 387 IETATE
1814 326 1885 387 ‘S.
1941 324 2319 388 GREGORII
2360 326 2868 390 AGRIGENTINI

3641 331 3755 400 1181)

514 430 637 481 vim:
661 427 872 482 meritis
898 430 1078 483 aanda
1105 442 1209 485 est.
1252 430 1423 504 Igitur
1459 439 1683 508 sapiens
1724 436 2083 494 Ecclesiastes

2202 440 2292 492 τῶν
2321 439 2671 516 βεϐιωμένων
2700 439 2991 494 ἀντίδοσιν.
3022 438 3088 492 '0
3112 437 3294 501 μέντοι
3331 441 3512 510 σοφὸς
3545 441 3754 515 Ἐκκλη-

512 518 657 586 quod
686 518 794 572 illis
818 518 932 573 ﬁeri
968 520 1197 575 omnino
1230 538 1341 578 non
1381 540 1544 595 posse
1586 527 1819 593 videtur,
1850 544 1961 583 uno
1990 544 2085 583 vo-

513 610 708 664 cabulo
743 608 1066 665 facillimum
1114 613 1537 684 demonstravit,
1585 617 1750 690 29‘.
1790 619 2083 690 inquiens:

519 717 537 750 ι
581 699 722 765 Quia
753 716 918 756 omne
951 702 1155 758 factum
1189 706 1422 762 adducet
1450 706 1597 763 Deus
1641 710 1696 763 in
1724 710 2017 780 judicium.
2059 728 2079 762 ι

518 792 689 845 Deum
758 792 902 847 enim
940 808 1067 849 cum
1118 796 1287 862 dixit,
1343 800 1437 868 qui
1471 802 1822 870 omnipotens
1856 811 1958 868 est,
2004 802 2086 858 vel

520 884 698 954 potius
715 885 805 951 qui
836 887 1135 953 potentiam
1176 904 1318 945 unus
1348 891 1827 963 circumscriptam
1852 908 1960 948 non
1991 893 2087 947 ba-

520 973 626 1039 bet,
654 975 860 1043 quique
890 978 1099 1044 omnia,
1132 994 1254 1048 qua:
1282 981 1468 1036 animo
1510 991 1607 1036 aut
1639 984 1890 1039 sensibus
1924 999 2088 1038 usur-

439 1093 447 1103 ε
519 1077 742 1138 pantur,
788 1085 912 1124 cum
963 1084 1237 1142 nusquam
1276 1084 1481 1139 essent,
1507 1076 1773 1131 exsistere
1815 1076 1998 1145 jussit,
2022 1091 2087 1133 ac

519 1159 717 1214 coelum
754 1170 1017 1232 tanquam
1070 1165 1265 1234 pellem
1288 1167 1551 1230 extendit,
1597 1167 1861 1237 nulloque
1890 1166 2088 1221 funda-

518 1261 703 1307 mento
740 1254 1031 1309 haerentem
1083 1262 1282 1310 terram
1326 1257 1632 1325 suspendit,
1691 1266 1747 1312 et
1795 1258 2087 1313 luminaria

517 1345 627 1399 duo
657 1361 852 1416 magna
882 1347 1178 1416 stellasque
1215 1358 1442 1404 caeteras
1470 1364 1665 1405 omnes
1701 1352 1767 1405 ad
1801 1351 1944 1405 diem
1985 1366 2086 1406 no-

519 1445 772 1505 ctemque
802 1438 1225 1493 illuminandam
1256 1441 1565 1508 constituit,
1585 1456 1702 1496 eam
1738 1442 1926 1512 utique
1957 1457 2089 1499 con-

521 1529 847 1583 troversiam
911 1544 945 1586 e
977 1531 1157 1586 medio
1199 1531 1442 1587 sustulit.
1492 1531 1611 1587 Non
1658 1535 1805 1589 enim
1850 1534 2087 1603 quadam

520 1623 915 1676 consecutione
964 1632 1195 1689 naturas,
1246 1625 1571 1689 adducetur,
1628 1625 1827 1694 inquit,
1862 1626 1918 1680 in
1937 1625 2089 1690 judi-

519 1714 668 1768 cium
704 1730 723 1763 ‹
757 1728 920 1767 omne
970 1713 1196 1779 factum,
1229 1734 1247 1767 ι
1289 1716 1342 1770 id
1367 1716 1617 1784 estquod
1647 1717 1968 1771 rationalem
2007 1718 2092 1771 in-

2186 530 2413 601 σιαστής
2445 532 2505 585 τὸ
2530 531 2723 585 δοκοῦν
2752 536 2864 596 τοῖς
2894 533 3155 597 τοιούτοις
3191 533 3498 596 ἀδύνατον,
3522 534 3615 589 διὰ
3645 539 3755 607 μιᾶς

2184 622 2381 687 λέξεως
2431 623 2631 694 ῥᾷστον
2678 623 3029 694 παρέστησεν
3060 624 3265 691 είπὼν,
3306 642 3332 677 ε
3373 625 3509 677 Ὅτι
3552 627 3755 696 σύμπαν

2182 714 2247 767 τὸ
2280 714 2492 784 ποίημα
2534 712 2651 780 ἀξει
2689 717 2719 768 ὁ
2755 715 2888 777 Θεὸς
2924 717 3006 778 είς
3032 715 3239 785 κρίσιν.
3277 732 3296 768 ι
3344 714 3493 768 Θεὸν
3526 715 3636 787 γὰρ
3658 719 3757 771 ὀνο-

2188 804 2368 875 μάσας
2392 805 2483 858 τὸν
2508 804 2804 874 πανσθενῆ.
2832 804 3033 874 μᾶλλον
3059 804 3102 857 δ’
3135 808 3308 858 είπεπν
3338 805 3522 876 μόνον
3550 808 3757 877 ἀπειρο-

2184 896 2441 965 δύναμον,
2484 896 2575 950 τὸν
2624 897 2682 963 ἐξ
2727 896 2827 949 οὐκ
2875 896 3049 949 ὄντων
3103 899 3284 950 πᾶσαν
3338 897 3655 950 ὑπόστασιν
3688 902 3756 959 εἰς

2184 985 2441 1039 οὐσίωσιν
2470 986 2865 1056 παραγαγόντα
2905 985 3014 1039 τῶν
3052 987 3262 1055 νοητῶν
3304 988 3408 1040 καὶ
3442 987 3559 1041 τῶν
3586 988 3757 1058 αἰσθη-

2186 1075 2317 1143 τῶν,
2359 1077 2455 1131 καὶ
2487 1076 2795 1129 τανύσαντα
2829 1076 2929 1146 μὲν
2957 1076 3049 1130 τὸν
3093 1077 3321 1147 οὐρανὸν
3368 1077 3520 1130 ὡσεὶ
3563 1078 3757 1149 app”,

2186 1170 2621 1239 ἀπαιωρήσαντα
2657 1169 2714 1220 δὲ
2745 1168 2840 1221 καὶ
2865 1166 2962 1239 τήν
2988 1171 3092 1239 γῆν
3129 1167 3216 1222 ἐπ’
3243 1168 3471 1232 οὐδενὸς
3500 1169 3565 1222 τὸ
3593 1172 3759 1237 παρά-

2186 1273 2294 1313 παν
2323 1259 2742 1330 ἐρηρεισμένην,
2762 1260 2857 1311 καὶ
2885 1259 3013 1322 τοὺς
3038 1259 3307 1329 μεγάλους
3333 1259 3440 1314 δύο
3473 1263 3761 1331 φωστῆρες

2187 1352 2438 1414 καὶτοὺς
2486 1349 2680 1413 ἀλλους
2725 1349 2966 1421 ἀστέρας
3014 1350 3262 1414 ἀπαντας
3304 1353 3392 1415 είς
3428 1350 3638 1419 φαῦσιν
3673 1353 3760 1422 τῆς

2188 1441 2402 1515 ἡμέρας
2432 1443 2527 1495 καὶ
2555 1442 2653 1512 τῆς
2686 1443 2880 1506 νυκτὸς
2906 1444 3292 1515 ὑποστήσαντα
3319 1485 3336 1510 ,
3373 1446 3484 1516 τὴν
3514 1446 3765 1515 τοιαύτην

2188 1531 2601 1604 προεξέστειλεν
2635 1533 3069 1606 ἀμφισϐήτησιν.
3102 1536 3179 1589 Οὐ
3203 1536 3314 1608 γὰρ
3340 1537 3646 1609 ἀκολουθίᾳ
3673 1540 3762 1602 φύ-

2192 1640 2332 1688 σεως
2379 1625 2677 1696 ἀχθήσεται
2702 1667 2717 1692 ,
2771 1627 2968 1696 φησὶν,
3014 1628 3098 1691 είς
3137 1628 3324 1699 κρίσιν
3373 1646 3400 1682 ε
3436 1628 3667 1700 σύμπαν
3709 1628 3764 1681 τδ

2191 1717 2425 1787 ποίημα,
2462 1734 2481 1767 ι
2508 1716 2753 1787 δηλονότι
2784 1717 2846 1771 τὸ
2874 1717 3105 1788 λογικήν
3128 1719 3226 1773 καὶ⁵
3251 1720 3456 1790 νοεράν
3478 1720 3664 1791 ψυχὴν
3692 1719 3764 1772 εί-
3820 1774 3830 1783 ,

522 1804 972 1874 telligentemque
1000 1807 1242 1861 animam
1264 1782 1670 1877 complectitur,
1703 1818 1757 1862 et
1793 1809 2090 1864 voluntatis

2202 1782 2381 1876 ληφδς,
2416 1808 2509 1861 καὶ
2533 1782 2601 1879 τῇ
2624 1782 3073 1881 αὐτεξουσιότητι
3093 1782 3472 1884 τετιμημένον

522 1897 778 1950 libertate
818 1896 1006 1965 pollet,
1042 1905 1205 1966 atque
1258 1898 1549 1968 utriusque
1607 1899 1779 1969 partis
1828 1899 2092 1969 eligendae

522 1988 923 2058 sequendaeque
970 1988 1199 2042 arbitrio
1230 1990 1513 2058 preditum
1536 2000 1648 2045 est:
1686 1991 1778 2045 sed
1806 1990 1860 2044 id
1911 1990 2091 2044 omni-

523 2078 766 2147 potentis
798 2076 888 2132 Dei
918 2078 1198 2152 voluntate
1226 2079 1337 2144 ﬁet,
1361 2080 1455 2151 qui
1484 2089 1539 2136 et
1579 2081 1731 2151 prius
1754 2096 1822 2135 ex
1847 2081 2094 2136 elemen-

524 2170 598 2225 tis
658 2178 893 2238 quatuor
953 2171 1223 2241 oppositis
1280 2172 1557 2226 hominem
1593 2172 1869 2237 formavit,
1930 2183 2093 2242 atque

521 2250 925 2318 contrariorum
958 2272 1013 2319 et
1072 2264 1215 2319 inter
1249 2279 1308 2320 se
1362 2265 1729 2337 pugnantium
1765 2274 2014 2320 naturam
2036 2266 2093 2320 in

524 2360 970 2430 conjunctionem
1020 2362 1479 2433 concordiamque
1518 2362 1809 2433 perduxit;
1838 2362 2094 2432 idemque

523 2450 665 2505 diem
687 2450 879 2521 judicii
905 2450 1177 2521 justaeque
1201 2454 1661 2508 remunerationis
1692 2453 1955 2517 deﬁnivit,
1982 2467 2094 2522 quo

523 2543 612 2598 die
638 2558 851 2608 omnes,
909 2543 1038 2598 boni
1085 2545 1298 2600 scilicet
1349 2560 1415 2601 ac
1473 2547 1627 2611 mali,
1660 2547 1925 2614 recipiant
1972 2560 2096 2615 qum

525 2647 754 2703 corpore
809 2632 1092 2704 promeriti
1120 2632 1343 2696 fuerint,
1374 2634 1457 2689 vel
1499 2635 1704 2688 bonum
1741 2634 1823 2687 vel
1865 2634 2091 2698 malum,

430 2735 443 2749 '
522 2724 827 2779 secundum
851 2739 917 2779 ea
944 2738 1065 2792 qua:
1092 2724 1326 2793 quisque
1350 2724 1599 2794 gesserit.

595 2812 833 2881 Apparet
863 2813 1048 2882 igitur,
1074 2813 1209 2867 nihil
1234 2828 1358 2867 eum
1398 2813 1466 2867 ab
1499 2812 1814 2883 evangelica
1845 2811 2098 2868 doctrina

527 2902 839 2963 dissentire,
862 2903 1031 2972 quiet
1053 2903 1227 2958 multo
1260 2912 1417 2958 antea
1447 2902 1813 2959 universalem
1847 2910 2097 2956 mortuo-

529 3009 650 3049 rum
677 2993 1157 3057 resurrectionem,
1181 3003 1241 3048 ut
1266 3004 1348 3048 est
1367 2995 1419 3047 ia
1450 2994 1571 3049 aliis
1594 2992 1900 3046 divinarum
1926 2991 2099 3046 Litte-

2192 1900 2479 1970 αιρέσεως,
2499 1902 2592 1952 καὶ
2618 1900 2716 1971 τὴν
2747 1902 2831 1971 ἐφ’
2862 1902 3099 1968 ἑκάτερα
3118 1903 3408 1975 γνωμικήν
3435 1903 3655 1973 αἰρεσιν
3680 1900 3762 1954 καὶ

2196 1988 2368 2060 ῥοπήν
2395 1988 2516 2058 ἔχον
2537 2005 2551 2020 ⁸
2595 1989 2732 2043 ἀλλὰ
2775 1989 2851 2061 τῷ
2885 1992 3280 2064 παντοδυνάμῳ
3329 1993 3642 2064 βουλήματι
3677 1990 3763 2043 τοῦ

2192 2079 2354 2142 Θεοῦ,
2380 2078 2476 2132 τοῦ
2504 2081 2598 2133 καὶ
2632 2080 2763 2150 πρὶν
2789 2082 2854 2133 ὲκ
2880 2080 2990 2135 τῶν
3016 2082 3296 2154 τεσσάρων
3320 2083 3597 2138 ἐναντίων
3637 2096 3764 2134 στοι-

2193 2187 2254 2240 χε
2264 2171 2356 2223 ίων
2381 2169 2473 2223 τὸν
2501 2169 2788 2240 ἄνθρωπον
2816 2170 3234 2236 διαπλάσαντος,
3260 2172 3357 2226 καὶ
3378 2172 3501 2226 τῶν
3535 2173 3763 2226 ἀντικει-

2195 2261 2377 2331 μένων
2422 2259 2522 2332 τήν
2557 2260 2721 2327 φύσιν
2749 2261 2845 2313 καὶ
2869 2261 3146 2333 πολεμίων
3189 2264 3271 2327 είς
3320 2264 3458 2334 μίαν
3499 2261 3764 2331 συνθήκην

2194 2358 2289 2411 καὶ
2334 2355 2656 2426 συμφωνίαν
2700 2356 3245 2421 κατασκευάσαντος,
3290 2359 3389 2411 καὶ
3437 2355 3764 2427 διορίσαντος

2195 2447 2409 2518 ἡμέραν
2431 2447 2666 2516 κρίσεως
2706 2449 2800 2502 καὶ
2826 2449 3044 2512 δικαίας
3087 2448 3509 2511 ἀνταποδόσεως
3544 2445 3678 2514 πρὸς
3711 2442 3764 2496 τδ

2196 2537 2466 2608 λήψεσθαι
2501 2538 2733 2602 πάντας,
2778 2540 2875 2594 καὶ
2924 2541 3054 2604 τοὺς
3083 2539 3407 2602 σπουδαίως
3430 2536 3643 2607 δηλαδὴ
3678 2534 3763 2588 καὶ

2195 2629 2325 2692 τοὺς
2350 2628 2608 2697 φαύλους,
2642 2628 2710 2682 τά
2741 2629 2828 2683 διὰ
2856 2630 2950 2685 τοῦ
2981 2632 3236 2701 σώματος
3264 2630 3401 2701 πρὸς
3432 2630 3473 2685 ἃ.
3508 2626 3762 2700 ἔπραξαν,

2196 2721 2308 2775 εἴτε
2335 2720 2558 2789 ἀγαθὸν,
2589 2721 2702 2776 εἴτε
2738 2723 2931 2777 κακόν.
3032 2736 3041 2747 “

2271 2811 2481 2865 Οὐκοῦν
2513 2812 2622 2883 ἀρα
2662 2813 2952 2883 σύμφωνος
2990 2812 3219 2885 εὕρηται
3247 2813 3361 2877 τοῖς
3390 2809 3765 2881 εὐαγγελικά

2198 2903 2433 2974 δόγμασι
2451 2944 2467 2968 ,
2524 2904 2620 2959 καὶ
2664 2903 2846 2975 πολλῷ
2891 2904 3085 2977 πρώην
3141 2905 3625 2976 προκαταγγείλας
3676 2898 3763 2970 τὴν

2201 2994 2497 3063 καθολικὴν
2531 2994 2827 3048 ἀνάστασιν
2870 2994 2982 3049 τῶν
3026 2995 3237 3067 νεκρῶν
3284 2995 3430 3049 κατά
3477 2995 3577 3058 τὰς
3614 2991 3766 3052 ἀλλᾶς

529 3101 714 3141 rarum
746 3084 904 3150 locis,
940 3085 1344 3154 prtenuntiarit.
1402 3085 1536 3139 Nam
1596 3085 1654 3139 in
1692 3085 1833 3139 libro
1875 3084 2096 3154 quidem

2202 3085 2598 3148 θεοπνεύστους
2634 3086 2877 3157 Γραφάς.
2905 3086 2970 3140 Ἦ
3003 3086 3104 3157 μὲν
3128 3088 3237 3158 γὰρ
3268 3086 3454 3157 βίϐλος
3482 3086 3578 3141 τοῦ
3608 3083 3765 3151 ἀθλη-

532 3191 633 3231 suo
665 3176 869 3231 athleta
897 3176 987 3229 ille
1016 3175 1234 3245 pietatis
1287 3172 1459 3231 Jobus
1497 3176 1603 3230 ait:
1654 3194 1673 3227 ι
1715 3176 1992 3243 Scriptum
2023 3182 2109 3228 est

531 3270 708 3338 ipsum
738 3282 932 3323 rursus
976 3281 1100 3321 cum
1132 3267 1199 3323 iis
1236 3276 1609 3323 surrecturum
1632 3310 1645 3332 ,
1681 3282 1820 3337 quos
1849 3266 2108 3321 Dominus

536 3360 769 3416 suscitat
785 3358 921 3428 (60).
948 3374 971 3411 ι
1005 3360 1178 3415 Isaias
1217 3375 1349 3414 vero
1381 3359 1679 3429 propheta:
1722 3378 1742 3412 r
1781 3359 2106 3429 Resurgent,

538 3451 738 3521 inquit,
765 3444 990 3512 mortui,
1024 3458 1078 3505 et
1111 3451 1499 3505 excitabuntur
1528 3450 1623 3519 qui
1659 3458 1789 3506 sunt
1820 3452 1873 3504 in
1909 3464 2109 3503 monu—

538 3542 738 3597 mentis
756 3543 844 3609 ⁸⁶;
887 3560 905 3593 ι
963 3552 1077 3598 tum
1147 3550 1203 3597 et
1240 3540 1427 3595 Daniel
1471 3542 1693 3596 divinus
1746 3552 1937 3594 vates:
1977 3559 1995 3590 ‹
2043 3537 2110 3592 Et

538 3634 693 3689 multi
725 3643 1014 3704 resurgent
1042 3650 1072 3689 e
1109 3641 1269 3689 terra:
1300 3634 1543 3704 pulvere,
1579 3634 1633 3688 hi
1661 3633 1883 3703 quidem
1917 3632 1972 3686 in
2023 3631 2108 3686 vi-

536 3733 647 3780 tam
675 3735 957 3793 aeternam,
989 3726 1045 3780 hi
1096 3741 1228 3781 vero
1280 3726 1334 3779 in
1360 3725 1630 3795 judicium
1668 3724 2110 3796 suppliciumque

537 3825 859 3886 perpetuum
896 3815 1045 3886 (6i);
1083 3835 1102 3869 ι
1130 3832 1255 3887 quae
1275 3817 1462 3872 omnia
1487 3816 1755 3872 doctrina
1785 3816 2112 3885 evangelica:

540 3905 898 3976 proclamatio
914 3907 1161 3977 quaedam
1185 3917 1315 3964 sunt
1343 3917 1508 3978 atque
1536 3907 1843 3979 praadicuo,
1868 3914 1928 3961 ut
1949 3903 2110 3975 295

540 4014 733 4054 omnes
771 4011 998 4054 norunt.
1047 4000 1236 4071 Itaque
1266 4000 1354 4055 bis
1383 3998 1661 4065 illustrati,
1696 3996 1893 4053 lumini
1922 4011 2112 4066 parea-

541 4107 667 4149 mus
690 4093 919 4149 sincerte
957 4093 1082 4149 ﬁdei
1117 4103 1280 4163 atque
1302 4093 1507 4158 cultus,
1536 4105 1698 4162 quem
1732 4088 1845 4144 Deo
1869 4086 2111 4143 universi

540 4184 827 4251 debemus,
867 4200 931 4241 ac
959 4185 1417 4241 resurrectionem
1449 4198 1477 4237 a
1514 4181 1750 4237 mortuis
1774 4179 1959 4235 animo
1992 4191 2110 4233 me-

539 4275 809 4331 ditemur:
845 4286 960 4331 tum
994 4277 1159 4331 vitam
1191 4285 1431 4332 nostram
1450 4273 1547 4328 Dei
1582 4273 1780 4327 timore
1821 4270 2112 4325 moderan-

542 4378 622 4422 tes
655 4406 670 4429 ,
701 4382 766 4421 ac
797 4378 1064 4437 praecepta
1084 4366 1205 4436 ejus
1238 4366 1505 4422 salutaria
1561 4363 1955 4426 custodientes,
1986 4375 2113 4431 gra-

2205 3176 2300 3230 τοῦ
2325 3176 2424 3247 τῆς
2452 3176 2734 3240 εὐσεϐείας
2772 3177 2891 3230 ’1ὡὸ
2922 3195 3057 3248 φησι
3076 3195 3090 3211 ο
3129 3196 3150 3230 r
3182 3178 3506 3251 Γέγραπται
3531 3178 3589 3231 δὲ
3615 3172 3766 3230 αὐτὸν

2209 3267 2371 3321 πάλιν
2400 3268 2802 3338 ἀναστήσεσθαι
2846 3269 2965 3339 μεθ’
3000 3263 3075 3325 ὧν
3104 3272 3132 3324 ὁ
3164 3270 3371 3341 Κύριος
3412 3270 3713 3337 ἀνίστησιν.
3741 3279 3760 3316 ι

2223 3357 2280 3412 Ὁ
2315 3357 2372 3410 δέ
2408 3374 2491 3410 τοι
2524 3360 2809 3430 προφήτης
2842 3360 3070 3425 Ἡσαΐας
3103 3361 3288 3430 φησὶν,
3322 3363 3408 3416 ὅτι
3450 3380 3473 3414 r
3520 3357 3767 3425 Ἀναστή⁴

2209 3466 2394 3501 σονται
2420 3449 2469 3503 oi
2503 3449 2712 3519 νεκροὶ,
2747 3446 2849 3504 ’καὶ
2903 3452 3295 3523 ἐγερθήσονται
3318 3454 3369 3506 οἱ
3398 3454 3463 3508 ἐν
3487 3454 3601 3515 τοῖς
3643 3464 3768 3519 μνη-

2212 3537 2404 3608 μείοις.
2438 3556 2457 3590 t
2502 3538 2623 3591 Ἔτι
2646 3538 2704 3592 δὲ
2741 3540 2834 3593 καὶ
2861 3540 3059 3611 Δανιὴλ
3083 3543 3112 3595 ὁ
3135 3542 3425 3606 θεσπέσιος
3470 3542 3765 3612 προφήτης,

2216 3647 2236 3679 r
2274 3628 2385 3682 Καὶ
2415 3628 2601 3683 πολλοὶ⁵
2629 3630 3027 3701 ἀναστήσονται
3064 3632 3129 3685 ἐκ
3170 3633 3275 3701 γῆς
3303 3631 3594 3702 χώματος,
3630 3623 3768 3682 οὗτοι

2213 3719 2310 3792 μὲν
2334 3720 2414 3783 είς
2440 3719 2586 3790 ζωὴν
2616 3720 2857 3785 αἰώνιον,
2891 3713 3040 3775 οὗτοι
3069 3721 3126 3775 δὲ
3158 3722 3239 3785 είς
3283 3721 3470 3795 κρίσιν
3503 3724 3597 3777 καὶ
3622 3717 3769 3773 κόλαο

2212 3828 2296 3865 σιν
2340 3811 2717 3879 ἀτελεύτητον.
2758 3830 2777 3864 ι
2835 3812 2905 3866 "A
2947 3813 3126 3867 πάντα
3174 3814 3636 3886 προαναφώνησις
3686 3806 3770 3863 καὶ

2211 3904 2517 3974 πρόρρησις
2561 3900 2820 3973 εὕρηνται
2865 3901 2975 3956 τῶν
3024 3902 3401 3972 εὐαγγελικῶν
3455 3901 3765 3971 δογμάτων.

2211 3993 2394 4055 καθὼς
2419 3992 2655 4056 ἅπαντες
2685 3992 2884 4047 ἴσασιν.
2919 3992 3041 4061 Ὑφ’
3070 3986 3145 4047 ὧν
3174 3986 3770 4065 καταυγαζόμενοι,τήν

2209 4085 2447 4139 διάνοιαν
2472 4088 2593 4146 ταῖς
2623 4084 2840 4152 αῐγλαις
2867 4084 2963 4154 τῆς
3002 4085 3139 4155 πρὸς
3162 4084 3253 4138 τὸν
3278 4086 3373 4139 ἐπὶ
3403 4087 3623 4140 πάντων
3651 4078 3767 4135 Θεὸν

2212 4162 2543 4247 εἰλικρινοῦς
2590 4175 2825 4238 πίστεως
2875 4175 2972 4229 δαὶ
3023 4174 3281 4247 λατρείας
3344 4172 3767 4247 ὁμολογουμένην

2212 4267 2446 4337 ἓξωμεν,
2484 4265 2579 4319 καὶ
2609 4263 2958 4335 λογισώμεθα
2985 4266 3084 4336 τὴν
3123 4267 3188 4319 ὲκ
3212 4264 3426 4338 νεκρῶν
3456 4267 3763 4320 ἀνάστασιν·

2219 4358 2313 4412 καὶ
2341 4358 2419 4429 τῷ
2443 4357 2593 4427 φόϐῳ
2618 4355 2715 4409 τοῦ
2744 4354 2882 4410 Θεοῦ
2928 4356 3286 4428 ῥυθμίζοντες
3314 4356 3414 4430 τὴν
3447 4358 3582 4413 ἰδίαν
3619 4350 3765 4421 ζωὴν,

541 4457 670 4513 tiam
705 4457 849 4527 apud
879 4473 1003 4512 eum
1036 4468 1297 4528 perpetua
1340 4456 1688 4511 contentione
1732 4454 1872 4508 inire
1904 4452 2101 4509 studea-

2224 4448 2319 4502 καὶ
2344 4447 2442 4511 τάς
2480 4449 2785 4517 σωτηρίους
2824 4445 2993 4500 αὐτοῦ
3040 4446 3403 4515 φυλάττοντες
3441 4447 3659 4507 ἐντολάς
3690 4440 3767 4494 εὑ-

541 4563 690 4613 mus,
739 4548 1041 4618 domusque
1093 4564 1340 4618 operam,
1379 4559 1438 4603 ut
1476 4556 1741 4618 quantum
1772 4545 1982 4600 homini
2036 4542 2101 4597 l‘a:

2221 4541 2471 4611 αρεστεϊν
2499 4537 2645 4609 αὐτῷ
2667 4541 2897 4592 πάντοτε
2931 4539 3093 4591 παντὶ
3120 4538 3298 4593 σθένει
3321 4537 3767 4611 προθυμηθῶμενν

544 4649 648 4704 cs1,
701 4654 919 4695 omnem
953 4641 1161 4708 peccati
1213 4640 1389 4694 labem
1441 4641 1679 4694 vitemus
1715 4656 1729 4693 :
1769 4652 1878 4707 quo
1909 4645 1964 4692 et
1989 4636 2120 4691 bea-

544 4741 663 4786 tum
698 4730 1044 4787 inveniamus
1073 4730 1254 4795 linem,
1279 4743 1331 4785 et
1363 4732 1415 4786 in
1437 4728 1914 4801 judieiidiejustis
1944 4740 2122 4782 annu-

551 4821 769 4884 merati,
827 4820 1067 4876 cmlestis
1096 4823 1246 4891 regni
1310 4821 1678 4877 haereditatem
1716 4817 2114 4889 adipiscamur:

2221 4633 2314 4685 καὶ
2355 4630 2453 4700 τὴν
2498 4630 2917 4701 ἀναμαρτησίαν
2965 4629 3266 4702 κατορθοῦν
3296 4632 3438 4686 κατά
3470 4633 3532 4685 τὸ
3568 4623 3769 4685 δυνατὸν

2221 4717 2535 4789 ἀνθρώποις
2564 4719 2957 4791 σπουδάσωμεν
2979 4737 3011 4787 ζ
3038 4720 3124 4773 ἵνα
3166 4720 3262 4774 καὶ
3290 4721 3351 4774 τὸ
3399 4724 3661 4793 μακάριον
3692 4713 3770 4769 εὖ·

2230 4831 2410 4886 ρωμεν
2442 4813 2614 4877 τέλος,
2645 4814 2737 4866 καὶ
2762 4815 2900 4868 κατά
2922 4815 3020 4883 τὴν
3048 4815 3261 4885 ἡμέραν
3284 4816 3385 4884 τῆς
3414 4815 3647 4886 κρίσεως
3675 4806 3771 4866 τοῖς

550 4926 650 4982 per
698 4913 950 4999 eumdem
985 4912 1267 4969 Christum
1300 4914 1468 4969 Deum
1508 4920 1782 4976 nostrum,
1823 4911 1911 4966 cui
1947 4906 2101 4981 glori:

2228 4905 2455 4969 δικαίοις
2487 4903 3087 4976 συναποκληρωθῶμεν,
3116 4907 3212 4959 καὶ
3257 4905 3355 4978 τὴν
3397 4906 3506 4959 τῶν
3550 4897 3769 4975 οὐρανῶν

619 5046 666 5077 ⁸⁸
695 5045 796 5104 lsa.
815 5063 967 5113 xxvr,
1000 5049 1088 5103 i9.

619 5154 728 5228 (60)
768 5155 870 5212 Joh
902 5174 1025 5218 χιχ,
1074 5158 1166 5212 ‘15.
1196 5154 1348 5228 LXX
1394 5156 1629 5228 habent,
1677 5151 1810 5228 Οἶδα

549 5223 775 5290 arma;
820 5231 967 5280 ἐστιν
1007 5231 1035 5281 ὁ
1080 5227 1295 5281 ἐκλύειν
1333 5224 1699 5297 μεᾼμέλλωνν
1727 5226 1818 5277 ἐπὶ
1852 5223 2120 5297 γῆς-ἀνατ

1857 5153 2003 5224 γὰρ,
2034 5152 2119 5205 ὅτι
2222 5150 2455 5224 ίστησιν,
2477 5149 2621 5224 Διίξχρι
2652 5151 2863 5224 τέλους,
2886 5153 2954 5224 οὐ
2978 5154 3157 5224 κεῖται
3182 5154 3333 5222 παρά
3360 5150 3761 5224 τοῖςἘδραίοιςς

2217 5214 2739 5293 δλιότξερ-οὺδῖπαοὰ
2766 5214 2859 5293 τῷ
2883 5222 3119 5293 Ἀκγύλᾳο
3153 5214 3306 5292 παρά
3342 5225 3403 5277 δὲ
3447 5214 3561 5285 τοῖς
3584 5214 3655 5275 ’θ’
3691 5214 3770 5268 καὶ

550 5299 754 5369 στῆσαι
784 5298 845 5351 τὸ
876 5300 1055 5369 δέρμα
1099 5315 1270 5369 μου.,.
1295 5289 1366 5338 -ὲ-
1394 5289 1657 5369 Origenes
1690 5296 1743 5369 in
1776 5289 2011 5369 epistola
2052 5307 2101 5345 at

2219 5289 2539 5369 Hso§osl9w
2570 5292 2638 5345 τὰ
2673 5289 3107 5369 ἰσοδυναμο-ἰὲντα
3133 5289 3441 5369 ἀλλήλοις-⁷

550 5364 867 5423 Africanum
899 5364 1195 5423 desiderari
1240 5368 1354 5421 haec
1401 5364 1477 5419 ait
1508 5364 1564 5417 in
1612 5364 1892 5419 Hebraicis
1932 5377 2121 5416 exem-

552 5439 829 5510 plaribus,
862 5437 1201 5510 atqueadeo
1233 5452 1329 5492 nec
1355 5435 1653 5510 _ab_Aquil_a
1691 5433 1914 5510 reddita
1949 5447 2069 5487 esse
2102 5447 2116 5485 :

552 5504 675 5578 qua:
700 5504 877 5564 autem
908 5504 962 5564 in
995 5507 1130 5563 LXX
1166 5517 1328 5577 atque
1354 5506 1407 5559 in
1441 5504 1814 5578 Titeodotione
1836 5505 2120 5578 lfguutur,

554 5572 599 5632 si
632 5582 811 5633 minus
845 5581 1051 5644 verbis,
1102 5587 1159 5633 at
1192 5572 1352 5631 ειῖιιειι
1382 5576 1579 5631 similia
1612 5590 1753 5629 esse.
1805 5573 1990 5630 Ἀλλὰ.
2037 5572 2119 5644 iu-

554 5649 706 5716 quit,
742 5651 837 5703 καὶ
884 5652 991 5704 ἀπὸ
1022 5640 1116 5702 τοῦ
1158 5647 1278 5701 ἰὼθ
1322 5647 1389 5700 τὰ
1421 5647 1528 5698 ἀπὸ
1564 5644 1678 5716 τρῦ,
1710 5640 2111 5716 Γέγραπται-δὲ

560 5708 717 5795 αὑτὸν
757 5721 917 5774 πάλιν
968 5718 1373 5789 ἀναστήσεσθαι
1410 5716 1526 5786 μεθ’
1578 5708 1652 5769 ὧν
1698 5718 1725 5767 ὁ
1779 5708 1978 5781 Κύριος
2019 5711 2109 5761 ἀν-

1272 5820 1301 5851 ν

2294 5359 2407 5426 (61)
2434 5358 2569 5412 Dan.
2597 5375 2697 5425 ιιι,
2723 5364 2776 5414 2.
2815 5352 3059 5416 At'Lxx
3094 5352 3315 5428 habent,
3336 5352 3446 5416 Καὶ
3473 5361 3653 5416 πολλοι
3675 5352 3770 5428 τῶν

2223 5421 2694 5503 καθερδδντωνέκ
2728 5432 2833 5501 γῆς
2873 5430 3090 5503 χώματι
3119 5421 3570 5503 ἐξεγερθήσονται
3594 5471 3608 5493 ,
3646 5421 3770 5503 sint”

2227 5499 2307 5572 είς
2345 5498 2491 5572 ζ-ωὴν
2521 5492 2760 5572 αἰώνιον,
2789 5492 2906 5553 ’καῖ
2945 5492 3089 5555 οὗτοι
3132 5492 3550 5572 εἷς’ὀνειδισμδν
3587 5501 3672 5553 καὶ
3702 5492 3770 5572 εἰς

2226 5567 2487 5637 αἰσχύνην
2567 5570 2808 5623 αἰώνιον.
2898 5571 3370 5635 Quemadmodum
3436 5567 3491 5626 ἐι
3548 5567 3771 5639 ευμριίυσ

2233 5639 2616 5692 κεΙηιυιιιιὶηιιιε
2650 5640 2686 5695 I.
2730 5655 2823 5706 vn,
2857 5640 2883 5709 §
2925 5640 3006 5694 l5.
