4038 6274
241 259 248 262 ’
295 313 452 383 1181

1675 333 2197 402 DISSERTATIO.

3428 341 3564 414 1182

235 479 240 481 _
296 429 1143 528 gae-thigvuiqpovepﬁowpsv'
1163 438 1224 494 ὲν
1248 439 1400 513 αὐτῷ
1427 443 1651 516 Χριστῷ
1670 445 1750 516 τῷ
1767 447 1864 517 8st]

1988 462 2042 508 et
2072 453 2360 524 imperium
2406 469 2532 512 cum
2597 457 2973 528 omnipotente
3029 457 3213 522 Patre.
3261 469 3318 514 et
3371 471 3563 516 sancto

295 519 496 591 ἡμῶν,
521 512 567 590 ᾧ
590 523 623 590 ἠ
657 520 784 587 δόξα
818 525 914 578 καὶ
938 525 1002 579 τὸ
1027 527 1228 598 κράτος
1257 531 1356 586 σὺν
1373 512 1457 604 7τῷ
1483 512 1890 608 nava-expirem

1988 543 2242 614 bonoque
2264 558 2330 602 ac
2357 547 2482 603 vitae
2505 558 2732 605 auctore
2771 549 3005 620 Spiritu,
3024 563 3172 608 nunc
3198 555 3486 622 etsetnper
3505 561 3563 607 et

294 611 496 683 Πατρὶ
556 614 651 668 καὶ
695 613 776 686 τῷ
823 618 1074 691 παναγεῳ
1118 622 1214 675 καὶ
1262 623 1457 694 ἁγαθῷ
1505 626 1598 679 καὶ
1639 624 1864 696 ζωοποιᾴ

1991 634 2044 688 in
2075 611 2276 692 secula
2313 639 2662 696 meulowm.
2691 611 2887 696 Amen.

299 704 599 776 Πνεόματι
620 748 636 774 ,
684 707 778 762 νῦν
824 709 921 764 καὶ
961 711 1050 764 ἀεὶ
1097 713 1194 766 καὶ
1238 715 1320 776 εἰς
1365 716 1494 778 τοὺς
1539 715 1744 780 αἰῶνας
1781 717 1891 771 τῶν

298 796 547 852 αἰώνων.
600 798 798 870 Ἀμήν.

302 884 310 890 ’
663 889 842 958 Τέλος
878 892 986 948 τοῦ
1035 893 1545 962 Tauno-tuatui}.

2483 892 2640 950 Finis
2705 893 3064 956 Ecclesiaste.

1386 1311 1552 1388 aee
1649 1297 2488 1482 APPENDIX.

388 1678 734 1764 Reliquum
759 1689 881 1760 est,
909 1691 984 1749 ut
1011 1685 1175 1750 illud
1205 1693 1526 1768 prmstem,
1573 1656 1750 1769 quod
1779 1691 1843 1754 in
1873 1692 2402 1772 annotationibus
2444 1695 2524 1755 ad
2553 1694 2806 1756 Leontii
2851 1693 3387 1760 commentarium
3455 1713 3552 1756 re-

293 1781 480 1860 cepi,
511 1799 610 1846 me
633 1783 880 1848 scilicet
907 1793 1306 1860 curaturum,
1336 1794 1408 1848 ut
1434 1787 1509 1849 ad
1542 1788 1777 1852 calcem
1809 1792 2042 1872 Operis
2069 1793 2450 1855 Dissertatio
2472 1795 2742 1856 Joannis
2776 1797 3038 1858 Lancea
3067 1797 3146 1859 de
3173 1803 3351 1858 atate
3387 1795 3552 1858 Gre-

293 1881 474 1960 gorii
505 1883 707 1945 nostri
733 1885 1059 1950 ederetur.
1091 1889 1252 1950 Ecce
1297 1904 1450 1950 vero
1477 1887 1680 1965 illam,
1711 1890 1922 1969 qualis
1954 1892 2122 1954 inter
2177 1893 2505 1972 Opuscula
2559 1901 2892 1958 auctorum
2931 1897 3330 1973 Siculorum,
3362 1906 3407 1960 t.
3439 1897 3550 1968 IV,

293 1999 452 2062 pag.
483 1982 544 2058 5,
582 1984 753 2049 edita
780 1994 878 2048 est
907 1988 1200 2051 Panormi
1231 2003 1402 2052 anno
1430 1987 1606 2052 1760.

697 2225 722 2239 ρ
820 2192 930 2258 ne
965 2188 1260 2262 mare
1315 2199 1386 2264 B.
1426 2197 1818 2267 cannon"
1869 2201 2605 2272 AGRIGENTINORUM
2671 2155 3030 2272 EPISCOPI

1517 2369 2304 2484 DISSERTA'TIO

1343 2593 1630 2653 JOANNIS
1655 2592 1954 2656 LANCEE
1985 2597 2481 2658 PANORMITANI.

371 2905 416 2962 l.
434 2903 1020 2976 OctaviusCajetanus,
1036 2903 1266 2978 egregia!
1281 2904 1364 2962 vel
1381 2903 1675 2976 singularis
1690 2907 1873 2976 potius
1903 2913 1946 2969 Β
1973 2914 2212 2970 aratione
2243 2913 2506 2981 aemulari,
2535 2914 2614 2970 uel
2656 2922 2794 2970 certe
2823 2914 2887 2970 de
2922 2917 3125 2972 sanctis
3152 2917 3262 2974 iiiis
3313 2923 3546 2992 magnis-
3639 2943 3646 2960 ι

295 2997 566 3053 austrinus
620 2996 725 3062 vir,
786 2995 992 3066 quique
1028 2995 1218 3052 Siculo
1248 2997 1455 3052 nomini
1508 2998 1748 3054 maxime
1771 2998 1875 3053 fuit

298 3093 664 3154 incremento,
697 3090 839 3145 vitas
863 3090 1206 3146 concinnans
1257 3091 1564 3147 sanctitatis
1625 3091 1773 3148 fama
1810 3093 1873 3146 il-

297 3183 556 3238 lustrium
623 3179 975 3248 Siculorum,
1035 3181 1272 3252 publicis
1334 3183 1530 3238 litteris
1596 3186 1874 3242 commisit

299 3267 517 3328 Leontii
545 3273 802 3328 monachi
839 3273 1311 3330 Commentariun:
1339 3315 1356 3342 ,
1408 3273 1596 3330 Graece
1646 3275 1868 3345 quidem

297 3365 586 3436 scriptum,
619 3366 712 3422 sed
744 3364 936 3422 Latine
951 3373 1165 3422 tantum
1197 3373 1672 3436 repraesentatum,
1701 3366 1871 3420 inter-

297 3464 450 3524 prete
488 3454 786 3510 Francisco
825 3455 1042 3525 Rajato,
1086 3455 1160 3510 de
1205 3455 1368 3510 rebus
1418 3469 1450 3508 a
1519 3455 1868 3510 sanctissimo

295 3545 774 3616 Agrigentinorum
837 3545 1098 3614 episcopo
1131 3544 1398 3615 Gregorio
1427 3545 1616 3615 gestis,
1665 3547 1758 3614 qui
1793 3554 1872 3600 tot

298 3635 497 3691 saecula
557 3635 612 3689 in
649 3633 984 3690 Messanensi
1037 3633 1439 3690 Basilianorum
1476 3635 1869 3689 monachorum

299 3724 631 3780 bibliotheca
689 3723 1002 3780 delituerat.
1033 3723 1248 3796 Quippe
1297 3739 1430 3780 vero
1478 3724 1708 3781 scholiis
1738 3726 1868 3780 illn-

300 3813 588 3868 strandum’
615 3813 721 3869 sibi
751 3813 1034 3882 imposuit,
1069 3809 1338 3884 quidquid
1369 3814 1475 3870 hoc
1505 3828 1734 3870 munere
1777 3813 1867 3868 di-

297 3914 462 3976 gnum
526 3899 880 3959 exhiberetur
903 3903 959 3958 in
991 3904 1062 3960 iis
1093 3904 1179 3958 vel
1206 3903 1276 3959 ab
1331 3919 1478 3972 sese,
1507 3905 1590 3959 vel
1625 3905 1696 3960 ab
1719 3903 1864 3970 aliis,

295 4002 529 4067 quorum
585 4005 866 4066 promeret
915 4009 1076 4066 opus,
1131 3996 1486 4066 conscriptis,
1513 3997 1654 4052 hanc
1685 3997 1864 4068 ipsam

297 4089 509 4144 navavit
559 4097 803 4160 spartam
839 4088 894 4143 in
940 4088 1152 4144 Leontii
1185 4088 1413 4144 historia
1449 4088 1682 4144 edenda.
1718 4089 1862 4160 Ergo

1974 3019 2072 3074 que
2103 3004 2351 3059 Patribus
2375 3007 2672 3076 quempiam
2694 3005 2852 3076 plane
2881 3007 3106 3062 videtur.
3135 3009 3202 3063 At
3223 3021 3415 3078 praeter
3439 3029 3546 3068 cte-

1973 3100 2112 3147 teros
2157 3093 2468 3148 incredibile
2513 3095 2649 3164 cepit
2699 3109 2765 3148 ea:
2801 3094 3012 3149 homine
3077 3097 3329 3167 gaudium
3367 3101 3548 3169 piissi-

1971 3200 2088 3238 mus
2126 3185 2414 3254 imperator
2466 3195 2642 3240 noster
2667 3183 3004 3240 lustinianus
3035 3224 3050 3250 ,
3077 3199 3390 3261 senatusque
3422 3193 3548 3246 uni-

1970 3289 2170 3330 uersus.
2205 3275 2339 3330 Eum
2361 3277 2526 3348 igitur
2563 3277 2852 3348 amplexati
2889 3278 3078 3334 Patres
3115 3294 3314 3346 omnes,
3358 3285 3450 3354 qui
3475 3283 3545 3338 ad

1969 3380 2084 3418 eam
2124 3367 2380 3438 synodum
2429 3377 2796 3432 convenerant.
2841 3370 3007 3440 eique,
3047 3377 3107 3424 ut
3140 3371 3258 3440 jam
3283 3372 3536 3441 diximus,

1971 3457 2247 3524 gratulati,
2288 3458 2358 3511 ad
2377 3473 2519 3522 suae
2580 3461 2816 3528 ipsorum
2870 3461 3017 3514 sedes
3053 3463 3272 3532 quisque
3315 3465 3533 3521 rediere.

1971 3546 2118 3615 Ergo
2151 3548 2230 3601 sic
2273 3549 2466 3602 statuit
2499 3549 2826 3619 Cajetanus:
2874 3549 2956 3615 Si,
3009 3565 3120 3622 quo
3170 3568 3316 3608 anno
3348 3557 3541 3612 habita

1968 3635 2442 3706 Constantinopoli
2472 3641 2720 3709 synodus
2753 3641 3119 3704 meumenica,
3154 3657 3335 3698 rerum
3367 3649 3546 3714 potie-

1969 3725 2134 3780 batur
2163 3723 2509 3781 Justinianus
2539 3727 2706 3798 Aug.,
2741 3745 2824 3783 nae
2845 3728 3092 3799 Gregorii
3119 3741 3252 3788 actas
3279 3733 3346 3787 ad
3374 3733 3546 3790 Justi-

1968 3817 2193 3872 nianum
2216 3818 2234 3871 1
2259 3818 2585 3882 revocanda,
2611 3819 2768 3888 cujus
2787 3819 3004 3890 imperii
3025 3823 3280 3890 ann026,
3335 3824 3543 3883 Christi

1968 3909 2304 3982 Dionysiano
2337 3910 2462 3975 555,
2515 3920 2708 3966 coacta
2764 3911 3238 3985 Constantinopoli
3285 3931 3534 3973 cacume-

1967 4001 2091 4055 nica
2115 4017 2148 4056 ν
2175 4000 2442 4072 synodus,
2479 4015 2622 4056 nam
2640 4003 2706 4057 ad
2746 4019 2798 4057 νι
2821 4003 2965 4073 quod
2996 4005 3221 4074 attinet,
3249 4023 3371 4078 quae
3391 4008 3539 4065 Cen-

1967 4091 2448 4162 stantinopolitana
2504 4108 2586 4157 ιιι,
2630 4103 2958 4166 congregata
2991 4110 3138 4152 anno
3183 4096 3386 4153 Christi
3435 4099 3530 4154 68i

268 4183 386 4250 ,ubi
427 4184 846 4256 disquirendum
901 4183 1008 4240 sibi
1053 4185 1220 4240 sumit
1273 4185 1342 4241 de
1378 4193 1557 4250 aetate,
1587 4199 1697 4256 qua
1723 4185 1864 4241 vixit
1899 4252 1925 4256 Α
1963 4183 2330 4240 Constantino
2401 4184 2682 4255 Pogonato
2765 4185 3092 4255 imperante.
3177 4187 3316 4243 Cum
3407 4204 3538 4246 vero

298 4252 612 4347 GregOrius,
661 4275 716 4330 in
742 4291 863 4331 eam
898 4277 996 4330 ivit
1045 4277 1392 4340 sententiam,
1424 4252 1620 4347 quam—
1645 4277 1860 4333 cunctis
1885 4252 1930 4314 ο
1961 4275 2226 4332 Leontius
2244 4284 2403 4332 aetate
2423 4252 2648 4348 aequalis
2666 4252 3538 4350 fueritGregorio,utexipsemet
3629 4307 3644 4319 ν

297 4363 422 4419 viris
479 4365 765 4436 equisque,
800 4371 862 4420 ut
897 4364 1121 4432 dicitur,
1154 4375 1462 4436 propugnat
1500 4407 1516 4434 ,
1555 4367 1863 4436 conjicien-

299 4457 416 4514 dum
439 4458 591 4512 illum
620 4457 678 4512 in
721 4453 1017 4514 Iustiniani
1061 4455 1084 4510 Ι
1129 4456 1272 4526 Aug.
1311 4464 1578 4526 tempora,
1625 4456 1861 4510 erroris-

297 4564 397 4618 que
424 4549 641 4604 incusat
661 4563 786 4604 cum
859 4546 1154 4618 Menologii
1187 4587 1202 4613 ,
1269 4542 1472 4602 Basilio
1535 4543 1726 4618 lAng.
1771 4546 1861 4618 ju-

301 4643 454 4697 bente
481 4641 794 4711 perscripti,
836 4649 951 4696 tum
982 4639 1252 4710 epitomes
1284 4639 1407 4695 vitae
1435 4647 1738 4706 auctorem,
1763 4655 1860 4695 cu-

295 4733 376 4805 jus
401 4733 649 4790 Graecum
687 4733 966 4804 exemplar
1019 4743 1087 4790 ex
1140 4748 1248 4788 ms.
1279 4733 1472 4788 codice
1520 4731 1732 4788 Veneto
1761 4732 1857 4788 de-

298 4831 599 4896 promptum
639 4826 744 4881 sibi
775 4825 1002 4882 miserat
1029 4823 1096 4880 ν.
1139 4823 1222 4880 Cl.
1263 4823 1660 4879 Constantinus
1691 4821 1859 4880 frater

297 4915 456 4970 abbas
501 4911 910 4980 Benedictinus,
953 4925 1185 4985 eamque
1216 4912 1511 4969 Latinitate
1549 4913 1807 4969 donatam
1835 4953 1852 4978 ,

298 5005 514 5074 suisque
603 5013 824 5060 auctam
943 5005 1514 5062 animadversionibus
1573 5005 1853 5076 supplevit

1961 4366 2355 4424 commentario
2403 4365 2674 4432 hauritur,
2733 4366 2884 4422 nullo
2937 4370 3102 4424 modo
3147 4367 3534 4438 dubitandum,

1959 4460 2091 4530 quin
2123 4473 2223 4514 nec
2247 4473 2372 4512 vera
2411 4456 2698 4513 tradiderit
2735 4458 3025 4524 Baronius,
3076 4461 3174 4530 qui
3206 4461 3260 4514 in
3291 4461 3441 4516 notis
3465 4461 3534 4516 ad

1959 4550 2270 4605 Romanum
2328 4547 2772 4620 Martyrologium
2813 4551 2974 4606 annis
3023 4549 3260 4606 Mauritii
3311 4552 3450 4620 Aug.
3479 4561 3534 4607 et

1959 4639 2206 4711 Gregorii
2258 4637 2298 4704 Ι,
2337 4629 2526 4706 Ρ.’Μ.,
2559 4640 2798 4696 vindicat
2833 4640 3158 4711 Gregorium
3190 4641 3530 4712 episcopum,

1955 4747 2132 4801 neque
2163 4731 2340 4804 ipsum
2369 4731 2506 4791 adeo
2547 4729 2912 4802 Menelog'ium
2961 4731 3320 4802 Basilia'num,
3355 4750 3534 4806 neque

1955 4821 2176 4876 tandem
2223 4821 2590 4892 Epitomastes
2615 4822 2858 4888 Graecus,
2894 4823 2989 4892 qui
3038 4824 3104 4878 ad
3152 4822 3446 4880 Iustiniani
3481 4825 3526 4880 Il

1954 4907 2289 4965 Rhinottncti
2361 4921 2605 4982 tempora
2662 4912 3012 4981 protrahunt.
3094 4911 3218 4969 Haec
3273 4912 3556 4984 Cajetani.

1952 5002 2238 5056 sententiae
2263 5017 2504 5068 summa,
2524 5015 2666 5071 qum,
2698 5010 2758 5057 ut
2793 5003 2977 5072 specie
3009 5005 3126 5059 veri
3153 5020 3261 5059 non
3295 5008 3536 5062 destitu-

301 5094 600 5151 leontianae
625 5097 890 5164 historiae,
913 5097 1041 5168 quia
1063 5097 1266 5154 diserte
1282 5098 1352 5152 ab
1371 5099 1439 5152 iis
1461 5097 1527 5152 ad
1554 5098 1683 5168 imp.
1709 5097 1848 5154 Caes.
1948 5102 2023 5161 ta,
2053 5095 2128 5148 ita
2159 5107 2351 5163 reapse
2405 5093 2574 5163 (quod
2602 5093 2743 5148 tanti
2783 5093 2886 5148 viri
2921 5096 3355 5168 pace_dixerim)
3383 5111 3413 5152 a
3437 5115 3537 5154 ve.

296 5183 574 5240 Justiniani
600 5183 646 5242 ll
679 5203 856 5244 annos
924 5187 1218 5245 referatur.
1251 5183 1546 5245 Sententia:
1587 5205 1702 5246 sua:
1725 5189 1852 5246 fun-

1947 5181 2110 5237 ritate
2179 5195 2316 5236 sane
2368 5197 2534 5251 quant
2583 5183 2910 5250 abhorrens,
2965 5187 3112 5254 quod
3157 5201 3267 5242 non
3323 5205 3436 5243 uno
3492 5205 3535 5244 ea

297 5273 595 5331 damentum
621 5279 675 5332 in
690 5293 757 5332 eo
781 5279 1040 5350 positum,
1073 5280 1218 5350 quod
1245 5277 1528 5344 Leontius,
1559 5292 1847 5352 postquam
1945 5273 2124 5343 Capite
2155 5271 2376 5342 planum
2410 5287 2496 5328 me
2550 5272 2825 5328 facturum
2869 5277 3108 5332 conﬁdo.
3154 5274 3346 5348 Itaque
3385 5282 3524 5336 rele-

297 5375 592 5422 enarrasset
611 5369 967 5424 mcumenicae
998 5370 1210 5442 synodo
1227 5367 1848 5442 Constantinopolitanae

1964 5377 2068 5434 gain
2099 5362 2458 5417 Leontianam
2503 5365 2812 5432 historiam,
2861 5373 3000 5432 tum,
3048 5382 3174 5436 qua:
3213 5371 3532 5426 evertendas

295 5454 594 5512 interfuisse
617 5455 963 5529 Gregorium,
993 5477 1282 5532 personam
1321 5473 1595 5534 gerentem
1633 5468 1848 5536 episco-

1944 5455 2220 5526 Cajctanae
2250 5455 2496 5524 opinioni
2533 5467 2849 5525 occurrunt,
2884 5473 3212 5528 proponam,
3245 5471 3524 5530 postremo

295 5541 340 5612 pi
366 5540 605 5598 Sardicae
623 5545 958 5602 Constantia:
1006 5547 1195 5620 Cypri,
1245 5549 1650 5623 baerelicosque
1683 5553 1844 5624 plane
1941 5549 2120 5607 dicam
2171 5565 2296 5620 quae
2323 5550 2501 5606 sentio
2555 5551 2624 5606 de
2655 5552 2905 5623 Gregorii
2943 5561 3121 5618 wtate,
3151 5567 3327 5624 eaque
3354 5569 3522 5626 argu-

295 5630 618 5703 proliigasse,
667 5635 782 5692 haec
815 5639 1012 5694 tradit:
1046 5639 1180 5707 ρυω
1206 5657 1334 5696 sane
1373 5655 1493 5696 cum
1520 5642 1676 5698 multi
1695 5662 1844 5702 ιιι-σει-

294 5721 497 5791 νξσιεηι,
527 5725 786 5780 undeuam
813 5727 894 5782 vir
921 5729 1016 5784 iste
1039 5731 1064 5784 2’
1084 5729 1338 5786 Dicebant
1367 5748 1385 5787 :
1421 5731 1675 5804 Angelum
1705 5735 1845 5791 enim

1937 5652 2246 5700 mentorum
2273 5643 2512 5713 pondere
2540 5645 2850 5701 iirmavero.
2931 5677 2958 5697 ι

2006 5736 2208 5806 11.Ακθ
2263 5736 2377 5804 jam
2411 5733 2671 5793 Leontius
2713 5739 2924 5808 patrios
2989 5739 3135 5796 lares
3191 5739 3520 5798 deseruisse.
