4038 6274
503 347 644 416 1183

1393 355 1491 415 DE
1529 356 1792 417 ιΕΤΛΤΕ
1827 359 1886 418 S.
1911 357 2291 425 GREGORII
2331 363 2839 426 AGRIGENTINI

3653 367 3798 433 113i

499 465 826 535 Gregorium
868 461 1240 534 Hierosolyma
1279 466 1606 536 c0gitantem
1660 470 1853 526 scribit
1895 473 2072 541 pridie
2099 479 2146 534 Α
2176 491 2300 540 nus,
2337 474 2658 545 Epltraamus
2693 475 3068 531 Antiochenus
3094 516 3109 542 ,
3153 475 3347 532 Petrus
3385 475 3796 548 .lcrosolymi-

503 555 621 610 Kal.
656 553 790 619 Jul,
823 567 947 608 cum
993 568 1199 608 annum
1232 565 1416 623 ageret
1461 557 1547 622 18,
1581 559 1812 630 navique
1845 563 2076 632 imposi-

504 656 618 701 tum
655 645 1042 714 Carthaginem
1075 645 1355 715 appulisse
1393 658 1514 717 post
1565 659 1676 706 tres
1727 652 1866 717 dies,
1895 655 2078 724 ibique

515 738 803 806 ltospitioa
835 737 1092 791 nauclero
1119 738 1236 806 ipso
1262 741 1683 811 exceptum,qui
1721 758 1788 797 eo
1820 745 2074 809 duxerat,

504 829 691 884 tandiu
715 829 1051 892 consedisse,
1083 831 1262 898 quoad
1322 830 1536 886 Marcus
1571 835 1872 890 monachus
1908 834 2080 890 Roma

507 921 792 974 advenerit
819 935 944 972 cum
979 917 1300 988 Serapione,
1325 931 1379 975 ct
1425 921 1674 988 Leontio,
1713 924 1805 992 qui
1831 924 1930 995 (sic
1963 941 2081 980 mo~

505 1011 844 1080 nente.{)eo)
887 1011 1264 1084 Hierosolyma
1319 1014 1645 1070 deduceret:
1691 1023 2000 1072 transactos
2048 1034 2081 1074 a

505 1103 854 1171 Carthaginis
881 1105 1108 1157 decessu
1139 1103 1206 1157 ad
1249 1103 1753 1175 Hierosolymorum
1791 1107 2080 1161 adventum

508 1209 722 1246 menses
741 1191 792 1255 6,
831 1193 921 1247 ubi
953 1209 982 1248 a
1015 1194 1252 1248 Macario
1284 1196 1402 1261 ejus
1435 1197 1588 1251 urbis
1623 1199 1881 1266 episcopo
1916 1199 2080 1270 297

509 1283 824 1338 Pentecoste
855 1325 869 1350 ,
925 1300 1046 1354 quae
1107 1287 1353 1355 proxime
1388 1288 1647 1354 obvenit,
1687 1289 1950 1346 diaconus
1967 1289 2084 1346 lue-

511 1375 582 1428 rit
607 1376 869 1430 initiatus:
891 1377 1122 1431 subinde
1148 1393 1276 1432 vero
1299 1380 1479 1434 abisse
1518 1379 1574 1434 itt
1624 1378 1896 1436 Olivetum
1925 1397 2082 1438 mon-

513 1474 644 1529 tem,
682 1467 774 1521 ubi
803 1483 1005 1521 annum
1037 1469 1306 1538 integrum
1338 1470 1684 1526 diversatus:
1718 1473 1843 1527 inde
1882 1474 1935 1527 in
1967 1489 2085 1530 ere-

513 1573 659 1610 Inum
689 1559 1006 1620 secessisse.
1027 1561 1081 1613 in
1102 1576 1208 1629 qua
1231 1577 1405 1616 annos
1428 1578 1480 1614 tv
1501 1563 1715 1618 delituit
1735 1583 1746 1618 :
1764 1565 1890 1620 hinc
1902 1563 2089 1620 Hiero-

512 1646 720 1715 solyma
749 1662 1050 1710 reversum,
1088 1647 1329 1702 Macario
1353 1651 1532 1706 adhuc
1572 1652 1862 1719 pontiﬁce,
1900 1669 2086 1708 mora-

515 1745 738 1806 tumque
795 1753 1000 1791 annum
1045 1754 1238 1804 unum,
1308 1739 1432 1795 inde
1477 1740 1820 1796 Antiochiam
1875 1742 2088 1814 Syriae!

2184 572 2345 616 Ianus
2381 563 2646 632 episcopi.
2679 561 2907 617 lubente
2935 579 2994 617 eo
3023 564 3151 633 (hoc
3187 574 3272 620 est
3305 563 3682 631 Iustiniano,
3719 567 3799 622 ait

2183 653 2472 709 Liberatus
2496 670 2614 724 cap.
2653 655 2724 711 25
2754 654 3041 726 Breviarii)
3100 657 3304 711 dictata
3341 667 3417 712 est
3463 660 3534 712 in
3579 658 3798 729 Orige-

2183 760 2320 806 nent,
2354 757 2404 798 et
2437 747 2533 800 illa
2570 747 2818 816 Capitula
2845 750 3198 802 anathematis
3225 749 3504 803 damnatio
3549 792 3568 816 ,
3619 767 3798 818 quam

2183 834 2560 889 subscribentes
2608 851 2713 888 una
2776 851 2894 888 cum
2961 836 3116 890 Mena
3171 839 3580 904 archiepiscopo
3640 839 3799 904 apud

2185 925 2699 993 Constantinopolim
2733 930 2944 996 reperti,
2968 929 3154 982 deinde
3199 931 3406 982 directa
3433 941 3511 983 est
3579 930 3802 997 Vigilio

2187 1015 2426 1071 Romano
2454 1021 2712 1088 episcopo,
2748 1017 2900 1073 Zoilo
2945 1019 3307 1072 Alexandrino
3343 1062 3358 1084 ,
3415 1021 3802 1089 Euphrazmio

2187 1107 2528 1172 Antiocheno,
2558 1119 2606 1162 et
2652 1107 2808 1162 Petro
2856 1108 3303 1178 Jerosolymitana
3337 1152 3353 1177 ,
3396 1112 3610 1180 quibus
3672 1125 3803 1163 eant

2187 1196 2560 1264 accipientibus
2586 1195 2835 1265 Origenes
2861 1197 3146 1249 damnatus
3197 1206 3274 1250 est
3335 1210 3590 1252 mortuus
3627 1237 3649 1264 ,
3703 1199 3802 1266 qui

2189 1288 2334 1341 vivus
2372 1287 2500 1339 olim
2534 1286 2710 1354 fuerat
2745 1296 2866 1338 ante
2911 1287 3218 1340 damnatus.
3263 1285 3536 1341 Baronius
3582 1287 3802 1342 isthaac

2190 1377 2474 1445 consignat
2499 1375 2565 1429 ad
2596 1391 2801 1429 annum
2831 1375 2952 1440 546,
2986 1375 3078 1430 sed
3104 1375 3269 1444 Pagio
3301 1377 3587 1430 assentior
3615 1418 3634 1440 ,
3694 1377 3800 1446 qui

2191 1466 2412 1521 biennio
2437 1466 2703 1534 anticipat
2739 1467 2827 1535 (ad
2861 1481 2990 1519 ann.
3026 1466 3176 1534 544).
3211 1466 3310 1530 Qui
3336 1466 3503 1534 igitur
3543 1465 3805 1534 Caieta-

2192 1573 2299 1613 nus
2331 1555 2796 1627 Jerosolymorum
2828 1557 2985 1611 nobis
3013 1557 3334 1626 episcopum
3365 1557 3632 1611 obtrudit
3669 1556 3802 1611 Ma-

2192 1648 2401 1702 carium
2455 1661 2545 1700 an.
2577 1647 2699 1710 542,
2737 1663 2859 1701 cum
2899 1647 3074 1700 adhuc
3122 1662 3265 1700 anno
3313 1647 3416 1700 544
3468 1649 3799 1716 episcopa-

2196 1746 2308 1790 tum
2335 1744 2544 1806 gereret
2569 1735 2805 1790 Petrus?
2831 1736 2922 1805 qui
2955 1735 3251 1803 Gregorius
3283 1752 3312 1789 a
3348 1734 3598 1790 Macario
3639 1751 3800 1789 nun-

517 1823 861 1891 metropolim
911 1824 1248 1894 demigrasse
1291 1841 1344 1880 Iv
1395 1827 1468 1880 ld.
1513 1828 1953 1898 Aprilis,-ibique
1989 1846 2087 1885 an-
2123 1825 2164 1880 Β
2192 1824 2320 1878 dum
2354 1823 2608 1893 episcopo
2631 1825 2896 1879 diaconus
2921 1827 3250 1879 constitutus
3276 1840 3421 1878 anno
3445 1825 3599 1879 513?
3635 1822 3799 1879 Sane

518 1931 645 1970 num
693 1915 898 1985 egisse;
930 1917 1058 1972 hinc
1078 1917 1632 1988 Constantinopolim,
1659 1920 2091 1992 interfuisseque

517 2007 729 2077 synodo
757 2009 1132 2070 (conmenicaa,
1182 2024 1356 2078 eaque
1419 2011 1646 2066 dimissa
1699 2012 1928 2066 Romam
1967 2030 2095 2084 pro-

519 2095 742 2162 lectum,
805 2112 916 2166 quo
971 2101 1306 2179 pervenith
1361 2097 1488 2156 Kal.
1515 2100 1830 2166 Quintileis,
1862 2118 2095 2172 moxque

517 2185 834 2254 episcopum
867 2186 1240 2256 Agrigentinte
1279 2187 1537 2270 Ecclesia).
1572 2193 1973 2248 renuntiatum.
2017 2193 2095 2248 Ex

521 2274 621 2328 hac
655 2274 866 2330 Leontii
915 2283 1232 2332 narratione
1297 2279 1446 2334 hunc
1505 2282 1698 2336 statuit
1735 2281 2097 2354 Chronologi-

520 2381 697 2420 smum
719 2367 1012 2437 Cajelauus
1037 2387 1051 2422 :

594 2458 720 2512 512.
757 2475 888 2514 XVIII
919 2477 1078 2531 agens
1121 2476 1321 2514 annum
1348 2460 1414 2513 ab
1429 2465 1634 2530 ,angelo
1665 2459 1892 2518 ntmiitus
1926 2466 2098 2535 pridie

528 2547 657 2604 Kal.
685 2549 824 2604 Julii
874 2553 1090 2622 fugam,
1134 2563 1183 2606 et
1237 2553 1713 2622 peregrinationem
1747 2554 2098 2627 Jerosolymi-

525 2651 704 2694 tanam
731 2645 974 2712 capessit.

594 2735 720 2788 545.
745 2734 875 2788 Post
907 2752 1106 2790 menses
1131 2736 1238 2805 fere
1272 2750 1324 2788 Vl
1345 2775 1360 2800 ,
1403 2732 1792 2805 Jerosolymam
1843 2740 2094 2806 pervenit,

527 2841 783 2895 sacraque
825 2826 940 2880 loca
1001 2836 1308 2888 ueneratur,
1368 2824 1456 2878 ubi
1510 2829 1710 2880 sanctis
1764 2827 2096 2885 Pentecostes

528 2916 710 2969 diebus
754 2933 786 2970 a
820 2917 1055 2972 Macario
1089 2921 1329 2986 episcopo
1353 2915 1800 2988 Jerosolgmitano
1844 2920 2097 2976 diaconus

529 3007 833 3061 ordinatur.

603 3097 729 3151 544.
773 3092 944 3150 Paulo
967 3108 1082 3164 post
1113 3103 1304 3154 montis
1369 3101 1557 3158 Oliveti
1607 3098 1929 3154 monasteria
1968 3097 2096 3163 obit,

475 3227 480 3235 .
531 3187 764 3258 atquein
798 3187 862 3238 iis
893 3203 1089 3241 annum
1115 3189 1430 3246 diversatur.

601 3279 728 3334 549.
769 3276 850 3332 Ea:
904 3277 1105 3334 Olivelo
1170 3282 1223 3336 in
1262 3299 1491 3337 eremum
1545 3283 1844 3336 interiorem
1875 3281 2098 3348 secedit,

529 3381 576 3424 et
633 3387 800 3424 annos
881 3386 933 3424 Iv
1003 3375 1143 3442 aput
1197 3391 1369 3428 senem
1450 3374 1731 3444 quemdam
1791 3389 2094 3426 commora-

537 3474 641 3517 tur.

607 3554 731 3610 550.
762 3555 1090 3628 Jerosolgma
1139 3559 1272 3612 redit
1318 3557 1386 3610 ad
1428 3557 1726 3610 Macat'ium
1767 3556 2104 3626 episcopum:

537 3647 619 3699 hic
665 3663 827 3700 unum
877 3665 1072 3702 annum
1114 3650 1272 3718 agit:
1319 3663 1440 3702 mox
1485 3649 1820 3701 Antiochiam
1857 3647 2106 3718 proﬁcis-

535 3737 676 3790 citur
708 3753 758 3790 Iv
792 3735 921 3792 Idus
955 3737 1174 3806 Aprilis.

608 3825 732 3880 552.
771 3824 870 3880 Ubi
900 3843 1097 3880 annum
1121 3828 1416 3883 Antiochia:
1439 3830 1631 3900 exegit,
1661 3829 2107 3898 Constantinopo-

536 3916 628 3970 lim
662 3918 796 3972 adit.

611 4011 734 4063 555.
765 4007 848 4062 Ibi
879 4009 1078 4078 synodo
1120 4011 1362 4079 interfuit
1399 4051 1414 4076 ,
1461 4027 1578 4081 qua:
1629 4010 1810 4064 habita
1847 4021 1922 4065 est
1969 4027 2106 4064 anno

541 4098 741 4156 Christi
792 4099 915 4165 553,
963 4115 994 4152 a
1025 4102 1223 4168 synodo
1272 4104 1453 4154 statim
1506 4099 1728 4154 Romam
1765 4101 1995 4168 pervenit
2053 4117 2107 4154 st

542 4191 667 4248 Kal.
698 4190 851 4257 Julii,
886 4201 1190 4246 sanctorum
1234 4190 1593 4260 apostolorum
1619 4191 1861 4260 sepulcra
1897 4207 2108 4244 venera-

581 4300 714 4338 trus.

547 4294 749 4424 ΙΜέἑ5.
813 4370 916 4424 Hic
972 4388 1004 4424 a
1049 4369 1290 4424 Romano
1343 4370 1592 4440 pontiﬁce
1654 4369 1936 4424 ordinatur
1999 4371 2110 4438 epi-

2194 1913 2408 1976 Petrus,
2441 1915 2533 1984 qui
2556 1913 2848 1968 Justiniani
2883 1915 3062 1968 edicto
3125 1917 3460 1984 astipulatus
3485 1958 3499 1981 ,
3543 1915 3792 1971 let-oso-

2193 2005 2492 2075 lymitanus
2526 2005 2770 2074 pontifex
2802 2005 2975 2058 audiit
3025 2020 3169 2059 anno
3211 2005 3354 2072 525,
3400 2021 3515 2074 quo
3555 2005 3788 2060 loanni

2195 2097 2481 2152 successit.
2510 2096 2704 2152 Nullus
2729 2097 2894 2168 igitur
2927 2106 3054 2152 ante
3091 2098 3307 2152 Petrum
3341 2097 3650 2164 Macarius,
3687 2101 3790 2168 qui

2194 2187 2439 2242 diaconis
2491 2189 2810 2258 ascripserit
2855 2185 3203 2257 Gregorium.
3247 2185 3432 2256 Itaque
3478 2189 3792 2242 characte-

2195 2297 2310 2335 rem
2347 2279 2568 2335 Macarii
2616 2283 2968 2350 episcopatus
3002 2279 3362 2333 oltsistentem
3408 2280 3514 2334 sibi
3564 2281 3790 2359 sentiat

2195 2373 2509 2443 Cajetanus,
2543 2373 2638 2443 qui
2673 2372 2998 2443 Gregorium
3031 2372 3096 2426 ad
3127 2370 3422 2426 Justiniani
3463 2373 3484 2426 l
3517 2381 3788 2442 tempora

2195 2467 2392 2520 elevat.
3613 2500 3622 2506 -

2267 2553 2356 2609 ιν.
2389 2553 2527 2621 Quid
2553 2568 2683 2608 vero
2726 2554 2866 2622 quod
2894 2551 3142 2614 Pascha,
3196 2553 3338 2621 quod
3380 2551 3785 2624 Hierosolymis

2195 2645 2432 2700 coniecit
2460 2643 2780 2714 Gregorius,
2809 2645 3062 2699 convenit
3107 2645 3158 2698 in
3191 2642 3224 2697 6
3261 2643 3482 2714 Aprilis,
3526 2647 3788 2715 quando-

2197 2739 2414 2806 quidem
2462 2735 2622 2790 tradit
2681 2735 2974 2799 Leontius,
3031 2734 3181 2789 illinc
3235 2734 3475 2788 Marcum
3519 2734 3784 2806 Gregorii

2175 2830 2386 2882 'ducem
2423 2827 2736 2884 discessisse
2759 2843 2870 2882 xvu
2926 2826 3050 2881 Kal.
3111 2825 3248 2888 Maii
3311 2827 3480 2880 altero
3541 2845 3574 2880 a
3645 2843 3787 2881 nam

2201 2919 2477 2974 Dominica
2559 2919 2709 2972 die?
2772 2919 2915 2972 Nova
2982 2916 3259 2971 Dominica
3343 2918 3486 2987 apud
3552 2918 3786 2974 (ἔνευσε

2198 3013 2420 3082 perinde
2473 3021 2626 3074 erat,
2663 3021 2825 3080 atque
2856 3009 3172 3064 Latinorum
3225 3009 3504 3064 Dominica
3545 3011 3597 3064 in
3631 3009 3780 3064 albis

2201 3105 2451 3172 depositis
2474 3121 2493 3168 ;
2521 3104 2592 3156 ita
2619 3117 2744 3157 vero
2773 3103 2934 3169 dicta,
2974 3102 3087 3158 sive
3109 3103 3252 3172 quod
3280 3103 3534 3157 universa
3561 3103 3784 3158 hebdo-

2205 3212 2340 3260 mas,
2403 3210 2524 3266 quae
2597 3193 2806 3248 Pascha
2883 3197 3338 3262 consequebatur,
3391 3193 3785 3263 διακαινξσμος

2207 3290 2276 3342 ab
2309 3290 2376 3344 iis
2407 3297 2709 3352 vocaretur,
2740 3302 2915 3356 eoque
2944 3303 3079 3340 nova
3119 3286 3327 3372 sipgula
3349 3285 3532 3354 ejusce
3565 3286 3787 3340 ltebdoo

2206 3381 2382 3435 Inadis
2421 3380 2558 3442 dies,
2591 3380 2706 3434 sive
2752 3379 2893 3447 quod
2929 3377 3334 3434 ecclesiasucus
3381 3393 3558 3432 annus
3589 3391 3621 3430 a
3674 3375 3785 3430 Pa—

2205 3469 2389 3524 scltate
2451 3467 2650 3531 iniret,
2711 3467 3024 3538 quodjpse
3080 3466 3255 3520 innuit
3308 3465 3592 3531 Leontius,
3648 3467 3782 3521 dum

2207 3561 2474 3623 dicturus,
2527 3559 2787 3628 postridie
2826 3557 3110 3612 Paschatis
3140 3557 3520 3628 episcoporum
3556 3572 3785 3613 conses-

2207 3667 2324 3706 sum
2361 3653 2544 3707 Rotna:
2584 3651 2912 3718 habendum,
2950 3651 3002 3704 in
3033 3651 3143 3719 quo
3173 3649 3402 3715 crimen,
3443 3651 3602 3718 cujus
3645 3650 3786 3706 Grec

2207 3742 2388 3812 gorins
2437 3740 2806 3802 insimulatus,
2851 3739 3210 3805 judicaretur,
3240 3737 3538 3793 secundum
3569 3747 3783 3792 tantum

2207 3832 2348 3885 diem
2373 3831 2658 3898 designat:
2695 3829 2962 3898 A/ﬂrmant
2992 3827 3073 3881 illi
3127 3827 3426 3898 (inquiens)
3473 3827 3688 3881 audisse
3728 3841 3783 3879 se

2207 3924 2270 3976 de
2303 3923 2572 3976 hominum
2604 3923 2829 3976 adventu
2853 3939 2872 3976 .'
2901 3905 3014 3974 erat
3056 3930 3231 3974 autem
3289 3920 3600 3982 Parasceue,
3659 3935 3783 3974 cum

2209 4011 2542 4066 advenerant.
2565 4011 2733 4081 Igitur
2743 4010 3041 4078 pontificem
3065 4009 3140 4062 sic
3163 4008 3504 4078 alloquuntur
3518 4008 3749 4078 episcopi
3761 4023 3782 4063 :

2207 4101 2419 4156 Jubesis
2459 4104 2729 4170 episcopos
2779 4105 2918 4156 coire
2949 4115 3159 4162 omnes,
3198 4115 3260 4152 ac
3289 4101 3334 4152 si
3386 4099 3479 4154 Dei
3539 4102 3778 4154 voluntas

2212 4193 2412 4256 tulerit,
2431 4194 2513 4246 die
2542 4193 2768 4246 secundo
2787 4191 3050 4244 decernito
3075 4205 3096 4256 ;
3123 4202 3177 4244 et
3205 4205 3326 4242 IIon
3359 4206 3558 4245 nonum
3594 4205 3780 4244 nume-

2214 4295 2298 4340 rat
2327 4285 2489 4348 dient,
2514 4285 2605 4354 qui
2637 4292 2785 4337 certe
2832 4299 2860 4334 a
2887 4281 3155 4336 Paschate
3191 4298 3206 4334 :
3261 4279 3325 4334 Ut
3386 4291 3561 4334 autem
3612 4293 3778 4333 nonus

2213 4373 2389 4441 adfuit
2411 4373 2542 4435 dies,
2579 4373 2793 4424 mandat
2841 4370 3077 4440 pontifex
3126 4385 3231 4424 rem
3279 4369 3511 4433 divinant
3571 4373 3779 4437 peragat

543 4482 732 4536 scapus
793 4467 1086 4538 Agrigenti,
1141 4466 1278 4536 quod
1341 4483 1374 4520 a
1437 4464 1654 4535 Pelagio
1698 4465 1900 4534 factum
1955 4480 2108 4536 opor-
2142 4495 2188 4551 Β
2217 4460 2518 4551 Gregorius.
2549 4457 2734 4528 Neque
2755 4457 3083 4551 aliteanlli
3115 4468 3168 4551 et
3190 4457 3376 4551 belgae
3405 4473 3605 4543 annum
3627 4467 3778 4508 suum

547 4557 670 4610 luit.

547 4645 702 4702 Nunc
731 4648 914 4703 omnia
945 4613 1012 4703 ad
1039 4662 1267 4702 examen
1299 4661 1578 4714 vocemus.

2213 4526 2586 4610 ordiebantur,
2624 4526 2766 4616 quod
2822 4531 3036 4604 tandem
3079 4549 3146 4599 ab
3187 4547 3272 4600 his
3301 4526 3619 4614 abrogatum
3644 4554 3778 4595 anno

2217 4641 2379 4707 1577,
2406 4641 2475 4694 ab
2508 4640 2616 4693 illis
2641 4654 2786 4694 anno
2814 4638 2971 4693 1564.
3004 4637 3153 4708 (Pag.
3175 4638 3229 4691 in
3262 4635 3381 4691 Per.
3411 4633 3776 4690 GI'aatooDom.
3811 4701 3819 4706 _

623 4740 708 4797 ΙΙΙ.
765 4739 934 4796 Porro
987 4740 1282 4810 Cajetanus
1327 4740 1394 4794 ad
1451 4738 1671 4794 Macarii
1718 4740 1867 4810 quod
1924 4741 2118 4795 attinet,
2216 4748 2368 4787 num.
2401 4731 2514 4800 15).
2543 4729 2660 4784 Jant
2694 4731 2739 4785 si
2773 4732 3042 4784 secundus
3077 4731 3144 4782 ab
3174 4743 3310 4783 no\°a
3347 4728 3632 4782 Dominica
3667 4725 3779 4780 dies

552 4831 952 4902 pontificatum,
983 4833 1059 4886 ait
1103 4831 1299 4885 initum
1347 4831 1499 4886 illum
1526 4871 1541 4896 ,
1583 4829 1819 4887 Baronio
1871 4841 2116 4894 auctore,

552 4941 695 4980 anno
726 4924 828 4979 544
860 4924 1104 4996 (emenda
1141 4923 1290 4994 546),
1338 4939 1406 4978 ex
1465 4924 1696 4978 aliorum
1746 4939 1875 4977 vero
1898 4932 2088 4978 senten

2219 4914 2302 4967 An
2337 4913 2515 4968 isthuc
2542 4913 2912 4982 exprimemus
2952 4927 2982 4964 a
3013 4910 3255 4978 Cajetani
3289 4907 3782 4977 CltrnnOIOgismo?

554 5019 627 5072 tia
656 5032 800 5071 anno
825 5017 1136 5085 superiore;
1163 5017 1256 5070 sed
1299 5015 1395 5086 qui
1433 5023 1612 5069 tamen
1669 5015 1997 5084 repetendus
2047 5015 2091 5068 al

2223 5020 2312 5060 att.
2347 5004 2450 5059 545
2479 5003 2793 5083 agitabatur
2842 5002 2914 5056 20
2967 5001 3100 5070 cycli
3165 5000 3380 5063 solaris,
3441 4998 3508 5052 η
3565 4997 3779 5057 lunaris,

555 5121 702 5160 anno
731 5106 911 5159 saltim
948 5105 1072 5166 542,
1099 5105 1320 5174 (μωσιάο
1367 5120 1514 5160 anno
1545 5105 1668 5166 545,
1705 5121 1816 5175 quo
1843 5103 2123 5177 Jcrosoly—
2225 5096 2453 5168 proinde
2477 5096 2657 5150 littera
2688 5093 3041 5148 Dominicalis
3069 5090 3133 5154 D,
3165 5093 3432 5175 terminus
3453 5091 3734 5145 Paschalis
3755 5088 3784 5136 ί

561 5215 645 5252 IIIa
675 5200 953 5267 ingressus
1001 5177 1302 5268 Gregorius
1343 5237 1358 5262 ,
1413 5198 1529 5268 jam
1591 5197 1851 5253 Ecclesiae
1896 5207 2126 5268 praeerat
2225 5190 2448 5259 Aprilis,
2516 5187 2725 5242 Pascha
2777 5185 2844 5240 12
2874 5185 3142 5254 ejusdem,
3175 5201 3296 5237 Itum
3334 5183 3596 5238 terminus
3631 5184 3684 5236 in
3715 5180 3784 5235 ie-

561 5289 852 5354 Macarius,
894 5286 1122 5342 Leontio
1174 5298 1330 5343 teste.
1361 5288 1461 5344 Hic
1497 5289 1675 5359 primo
1717 5288 1850 5343 mihi
1899 5306 1989 5344 res
2022 5289 2129 5344 erit
2228 5284 2364 5338 riam
2402 5281 2432 5334 '7
2471 5281 2624 5342 exiit,
2665 5293 2837 5348 eoque
2872 5276 3086 5332 Pascha
3124 5275 3530 5330 diliundendum
3578 5275 3630 5327 in
3664 5275 3786 5326 alte-

559 5396 686 5437 cttm
715 5378 996 5446 Cajctauo,
1031 5378 1123 5448 qui
1168 5378 1464 5434 Macarium
1510 5377 1975 5450 Jerosolymorum
2013 5379 2128 5449 epi-
2228 5389 2344 5428 ratu
2399 5371 2761 5436 Dominicam,
2805 5384 2873 5423 ne
2899 5385 3023 5424 cum
3055 5367 3255 5422 Jlldll'is
3279 5365 3684 5429 conveniretur,
3710 5360 3785 5413 vel

461 5505 479 5523 .
562 5488 787 5542 scopum
825 5477 972 5524 ratus
1002 5484 1146 5524 anno
1175 5470 1299 5534 542,
1339 5471 1485 5539 quod
1539 5470 1768 5524 minime
1819 5469 2126 5525 ferendum.
2231 5467 2266 5521 5
2297 5465 2522 5534 Aprilis,
2554 5462 2821 5532 siquidem
2851 5477 2970 5515 mos
3000 5462 3103 5515 iste
3157 5458 3298 5526 apud
3350 5456 3784 5527 Hierosolytnits-

565 5563 854 5630 Enimvero
883 5560 1280 5618 Justiniauusl
1316 5575 1461 5614 anno
1505 5560 1629 5625 544,
1683 5561 1920 5616 edictum
1964 5561 2134 5614 edidit
2235 5574 2359 5612 nam
2395 5557 2692 5612 Ecclesiam
2720 5569 2829 5610 non
2854 5553 3173 5608 obtinuerit.
3214 5551 3574 5617 Quamobrem
3617 5546 3789 5602 Domi-

571 5665 834 5710 adversus
887 5655 990 5709 tria
1045 5653 1291 5724 Capitula
1325 5695 1340 5718 ,
1417 5652 1506 5706 cui
1554 5652 1884 5720 ascriptores
1975 5649 2133 5706 luere
2238 5652 2356 5706 nica
2395 5665 2531 5704 nova
2563 5663 2684 5704 cum
2717 5645 3079 5702 incideritch
3113 5647 3166 5698 in
3191 5644 3256 5698 19
3291 5643 3372 5697 vel
3403 5643 3455 5696 in
3483 5642 3548 5694 l2
3579 5640 3786 5708 Aprilis,

581 5749 800 5802 lucunas
853 5744 1518 5813 Constantinopolitanus,
1575 5741 1759 5799 Zoilus
1817 5742 2135 5798 Alcxandri-
2242 5749 2317 5808 Iit,
2357 5741 2538 5796 Marco
2569 5740 2873 5798 abeundum
2919 5735 3306 5805 Hierosolymis
3347 5734 3517 5787 tuisse
3573 5733 3652 5784 κει
3705 5730 3783 5788 “3|.

2219 4823 2450 4877 incurrit
2475 4823 2527 4876 in
2559 4821 2624 4876 15
2644 4821 2870 4890 Aprilis,
2901 4835 3031 4890 ergo
3081 4818 3286 4874 Pascha
3340 4820 3393 4874 itt
3440 4819 3480 4896 6_
3517 4817 3777 4887 ejusdem.
