  <div class='ocr_page' id='page_1' title='image "/cluster/home/n/w/nwhite01/storage/ocr_20150623/98/mdp.39015005675650/608.png"; bbox 0 0 4038 6274; ppageno 0'>
   <div class='ocr_carea' id='block_1_1' title="bbox 277 344 452 420">
    <p class='ocr_par' dir='ltr' id='par_1_1' title="bbox 277 344 452 420">
     <span class='ocr_line' id='line_1_1' title="bbox 277 344 452 420; baseline 0 0"><span class='ocrx_word' id='word_1_1' title='bbox 277 344 452 420; x_wconf 77' lang='lat'><strong>1185</strong></span> 
     </span>
    </p>
   </div>
   <div class='ocr_carea' id='block_1_2' title="bbox 1658 351 2189 418">
    <p class='ocr_par' dir='ltr' id='par_1_2' title="bbox 1658 351 2189 418">
     <span class='ocr_line' id='line_1_2' title="bbox 1658 351 2189 418; baseline 0 -2"><span class='ocrx_word' id='word_1_2' title='bbox 1658 351 2189 418; x_wconf 79' lang='lat' dir='ltr'><strong>DISSERTA&#39;I&#39;IO.</strong></span> 
     </span>
    </p>
   </div>
   <div class='ocr_carea' id='block_1_3' title="bbox 3404 364 3542 431">
    <p class='ocr_par' dir='ltr' id='par_1_3' title="bbox 3404 364 3542 431">
     <span class='ocr_line' id='line_1_3' title="bbox 3404 364 3542 431; baseline 0.022 -3"><span class='ocrx_word' id='word_1_3' title='bbox 3404 364 3542 431; x_wconf 80' lang='lat'><strong>1136</strong></span> 
     </span>
    </p>
   </div>
   <div class='ocr_carea' id='block_1_4' title="bbox 281 460 3546 544">
    <p class='ocr_par' dir='ltr' id='par_1_4' title="bbox 281 460 3546 544">
     <span class='ocr_line' id='line_1_4' title="bbox 281 460 3546 544; baseline 0.003 -25"><span class='ocrx_word' id='word_1_4' title='bbox 281 469 394 522; x_wconf 85' lang='lat' dir='ltr'><strong>vel</strong></span> <span class='ocrx_word' id='word_1_5' title='bbox 431 463 498 518; x_wconf 64' lang='lat' dir='ltr'><strong>ll</strong></span> <span class='ocrx_word' id='word_1_6' title='bbox 523 462 630 529; x_wconf 85' lang='lat' dir='ltr'><strong>die,</strong></span> <span class='ocrx_word' id='word_1_7' title='bbox 657 462 709 519; x_wconf 78' lang='lat' dir='ltr'><strong>‘si</strong></span> <span class='ocrx_word' id='word_1_8' title='bbox 743 461 987 534; x_wconf 87' lang='lat' dir='ltr'><strong>Cajelani</strong></span> <span class='ocrx_word' id='word_1_9' title='bbox 1016 461 1468 532; x_wconf 74' lang='lat' dir='ltr'><strong>Chronoloirismo</strong></span> <span class='ocrx_word' id='word_1_10' title='bbox 1493 460 1876 530; x_wconf 68' lang='lat' dir='ltr'><strong>inhaereamus,</strong></span> <span class='ocrx_word' id='word_1_11' title='bbox 1910 473 1954 530; x_wconf 74' lang='grc' dir='ltr'><strong>Α</strong></span> <span class='ocrx_word' id='word_1_12' title='bbox 1984 465 2350 522; x_wconf 86' lang='lat' dir='ltr'><strong>concedamus</strong></span> <span class='ocrx_word' id='word_1_13' title='bbox 2407 465 2624 522; x_wconf 80' lang='lat' dir='ltr'><strong>interim</strong></span> <span class='ocrx_word' id='word_1_14' title='bbox 2651 509 2664 533; x_wconf 93' lang='lat'><strong>,</strong></span> <span class='ocrx_word' id='word_1_15' title='bbox 2726 471 2872 540; x_wconf 91' lang='lat' dir='ltr'><strong>quod</strong></span> <span class='ocrx_word' id='word_1_16' title='bbox 2929 471 3172 540; x_wconf 73' lang='lat' dir='ltr'><strong>postulat</strong></span> <span class='ocrx_word' id='word_1_17' title='bbox 3229 471 3546 544; x_wconf 81' lang='lat' dir='ltr'><strong>Cajetanus,</strong></span> 
     </span>
    </p>
   </div>
   <div class='ocr_carea' id='block_1_5' title="bbox 281 551 1880 625">
    <p class='ocr_par' dir='ltr' id='par_1_5' title="bbox 281 551 1880 625">
     <span class='ocr_line' id='line_1_5' title="bbox 281 551 1880 625; baseline -0.001 -15"><span class='ocrx_word' id='word_1_18' title='bbox 281 571 424 610; x_wconf 82' lang='lat' dir='ltr'><strong>non</strong></span> <span class='ocrx_word' id='word_1_19' title='bbox 460 557 527 610; x_wconf 78' lang='grc'><strong>15</strong></span> <span class='ocrx_word' id='word_1_20' title='bbox 561 555 784 625; x_wconf 78' lang='lat' dir='ltr'><strong>Aprilis,</strong></span> <span class='ocrx_word' id='word_1_21' title='bbox 821 563 881 612; x_wconf 90' lang='lat' dir='ltr'><strong>ut</strong></span> <span class='ocrx_word' id='word_1_22' title='bbox 912 553 1174 610; x_wconf 84' lang='lat' dir='ltr'><strong>Leontius</strong></span> <span class='ocrx_word' id='word_1_23' title='bbox 1198 551 1488 608; x_wconf 80' lang='lat' dir='ltr'><strong>manifeste</strong></span> <span class='ocrx_word' id='word_1_24' title='bbox 1523 561 1772 609; x_wconf 88' lang='lat' dir='ltr'><strong>testatus.</strong></span> <span class='ocrx_word' id='word_1_25' title='bbox 1800 557 1880 608; x_wconf 84' lang='lat' dir='ltr'><strong>Ad</strong></span> 
     </span>
    </p>
   </div>
   <div class='ocr_carea' id='block_1_6' title="bbox 285 643 1882 718">
    <p class='ocr_par' dir='ltr' id='par_1_6' title="bbox 285 643 1882 718">
     <span class='ocr_line' id='line_1_6' title="bbox 285 643 1882 718; baseline 0 -17"><span class='ocrx_word' id='word_1_26' title='bbox 285 649 428 702; x_wconf 63' lang='lat' dir='ltr'><strong>haec</strong></span> <span class='ocrx_word' id='word_1_27' title='bbox 482 647 549 702; x_wconf 82' lang='grc'><strong>15</strong></span> <span class='ocrx_word' id='word_1_28' title='bbox 604 649 830 717; x_wconf 85' lang='lat' dir='ltr'><strong>Aprilis,</strong></span> <span class='ocrx_word' id='word_1_29' title='bbox 881 662 988 718; x_wconf 90' lang='lat' dir='ltr'><strong>qua</strong></span> <span class='ocrx_word' id='word_1_30' title='bbox 1033 645 1250 701; x_wconf 82' lang='lat' dir='ltr'><strong>Marcus</strong></span> <span class='ocrx_word' id='word_1_31' title='bbox 1282 646 1450 700; x_wconf 80' lang='lat' dir='ltr'><strong>abbas</strong></span> <span class='ocrx_word' id='word_1_32' title='bbox 1489 643 1882 717; x_wconf 84' lang='lat' dir='ltr'><strong>Hierosolymis</strong></span> 
     </span>
    </p>
   </div>
   <div class='ocr_carea' id='block_1_7' title="bbox 283 736 1882 810">
    <p class='ocr_par' dir='ltr' id='par_1_7' title="bbox 283 736 1882 810">
     <span class='ocr_line' id='line_1_7' title="bbox 283 736 1882 810; baseline 0 -18"><span class='ocrx_word' id='word_1_33' title='bbox 283 740 612 808; x_wconf 80' lang='lat' dir='ltr'><strong>digressus,</strong></span> <span class='ocrx_word' id='word_1_34' title='bbox 649 739 815 810; x_wconf 75' lang='lat'><strong>298</strong></span> <span class='ocrx_word' id='word_1_35' title='bbox 845 738 1123 792; x_wconf 87' lang='lat' dir='ltr'><strong>concurrit</strong></span> <span class='ocrx_word' id='word_1_36' title='bbox 1151 751 1276 791; x_wconf 90' lang='lat' dir='ltr'><strong>cum</strong></span> <span class='ocrx_word' id='word_1_37' title='bbox 1312 736 1444 791; x_wconf 91' lang='lat' dir='ltr'><strong>feria</strong></span> <span class='ocrx_word' id='word_1_38' title='bbox 1477 737 1554 802; x_wconf 74' lang='grc' dir='ltr'><strong>ὃς</strong></span> <span class='ocrx_word' id='word_1_39' title='bbox 1593 737 1688 792; x_wconf 89' lang='lat' dir='ltr'><strong>sed</strong></span> <span class='ocrx_word' id='word_1_40' title='bbox 1736 751 1882 792; x_wconf 88' lang='lat' dir='ltr'><strong>anno</strong></span> 
     </span>
    </p>
   </div>
   <div class='ocr_carea' id='block_1_8' title="bbox 285 829 1884 896">
    <p class='ocr_par' dir='ltr' id='par_1_8' title="bbox 285 829 1884 896">
     <span class='ocr_line' id='line_1_8' title="bbox 285 829 1884 896; baseline 0.001 -14"><span class='ocrx_word' id='word_1_41' title='bbox 285 829 440 893; x_wconf 66' lang='grc'><strong>545,</strong></span> <span class='ocrx_word' id='word_1_42' title='bbox 465 845 587 884; x_wconf 91' lang='lat' dir='ltr'><strong>cum</strong></span> <span class='ocrx_word' id='word_1_43' title='bbox 616 830 754 884; x_wconf 82' lang='lat' dir='ltr'><strong>feria</strong></span> <span class='ocrx_word' id='word_1_44' title='bbox 783 831 838 883; x_wconf 68' lang='grc' dir='ltr'><strong>Δ.</strong></span> <span class='ocrx_word' id='word_1_45' title='bbox 867 829 1137 882; x_wconf 77' lang='lat' dir='ltr'><strong>Paeoniam</strong></span> <span class='ocrx_word' id='word_1_46' title='bbox 1174 843 1398 882; x_wconf 88' lang='lat' dir='ltr'><strong>manum</strong></span> <span class='ocrx_word' id='word_1_47' title='bbox 1443 835 1720 896; x_wconf 89' lang='lat' dir='ltr'><strong>exspecto,</strong></span> <span class='ocrx_word' id='word_1_48' title='bbox 1763 843 1884 896; x_wconf 66' lang='lat' dir='ltr'><strong>quae</strong></span> 
     </span>
    </p>
   </div>
   <div class='ocr_carea' id='block_1_9' title="bbox 289 918 1884 990">
    <p class='ocr_par' dir='ltr' id='par_1_9' title="bbox 289 918 1884 990">
     <span class='ocr_line' id='line_1_9' title="bbox 289 918 1884 990; baseline -0.002 -13"><span class='ocrx_word' id='word_1_49' title='bbox 289 921 754 990; x_wconf 80' lang='lat' dir='ltr'><strong>Jeploraiissima</strong></span> <span class='ocrx_word' id='word_1_50' title='bbox 785 919 1057 988; x_wconf 85' lang='lat' dir='ltr'><strong>Cajetanae</strong></span> <span class='ocrx_word' id='word_1_51' title='bbox 1091 919 1372 972; x_wconf 72' lang='lat' dir='ltr'><strong>senlenlite</strong></span> <span class='ocrx_word' id='word_1_52' title='bbox 1397 918 1620 972; x_wconf 85' lang='lat' dir='ltr'><strong>vulnera</strong></span> <span class='ocrx_word' id='word_1_53' title='bbox 1649 934 1884 988; x_wconf 67' lang='lat' dir='ltr'><strong>prtesen-</strong></span> 
     </span>
    </p>
   </div>
   <div class='ocr_carea' id='block_1_10' title="bbox 290 1009 1811 1079">
    <p class='ocr_par' dir='ltr' id='par_1_10' title="bbox 290 1009 1811 1079">
     <span class='ocr_line' id='line_1_10' title="bbox 290 1009 1811 1079; baseline -0.002 -12"><span class='ocrx_word' id='word_1_54' title='bbox 290 1010 460 1067; x_wconf 74' lang='lat' dir='ltr'><strong>tibiis</strong></span> <span class='ocrx_word' id='word_1_55' title='bbox 489 1013 669 1065; x_wconf 86' lang='lat' dir='ltr'><strong>succis</strong></span> <span class='ocrx_word' id='word_1_56' title='bbox 703 1011 1028 1066; x_wconf 87' lang='lat' dir='ltr'><strong>demulceat.</strong></span> <span class='ocrx_word' id='word_1_57' title='bbox 1062 1009 1168 1063; x_wconf 87' lang='lat' dir='ltr'><strong>Sed</strong></span> <span class='ocrx_word' id='word_1_58' title='bbox 1197 1020 1390 1063; x_wconf 66' lang='lat' dir='ltr'><strong>caetera</strong></span> <span class='ocrx_word' id='word_1_59' title='bbox 1423 1025 1811 1079; x_wconf 80' lang='lat' dir='ltr'><strong>exsequamur.</strong></span> 
     </span>
    </p>
   </div>
   <div class='ocr_carea' id='block_1_11' title="bbox 379 1097 1885 1170">
    <p class='ocr_par' dir='ltr' id='par_1_11' title="bbox 379 1097 1885 1170">
     <span class='ocr_line' id='line_1_11' title="bbox 379 1097 1885 1170; baseline 0 -14"><span class='ocrx_word' id='word_1_60' title='bbox 379 1103 448 1156; x_wconf 89' lang='lat' dir='ltr'><strong>V.</strong></span> <span class='ocrx_word' id='word_1_61' title='bbox 484 1101 605 1169; x_wconf 86' lang='lat' dir='ltr'><strong>Quo</strong></span> <span class='ocrx_word' id='word_1_62' title='bbox 643 1117 784 1156; x_wconf 89' lang='lat' dir='ltr'><strong>anno</strong></span> <span class='ocrx_word' id='word_1_63' title='bbox 815 1101 1156 1156; x_wconf 81' lang='lat' dir='ltr'><strong>Antiochiam</strong></span> <span class='ocrx_word' id='word_1_64' title='bbox 1193 1097 1662 1170; x_wconf 87' lang='lat' dir='ltr'><strong>abiitGregorius,</strong></span> <span class='ocrx_word' id='word_1_65' title='bbox 1697 1099 1885 1156; x_wconf 78' lang='lat' dir='ltr'><strong>Eccle-</strong></span> 
     </span>
    </p>
   </div>
   <div class='ocr_carea' id='block_1_12' title="bbox 281 1190 1885 1263">
    <p class='ocr_par' dir='ltr' id='par_1_12' title="bbox 281 1190 1885 1263">
     <span class='ocr_line' id='line_1_12' title="bbox 281 1190 1885 1263; baseline 0.001 -15"><span class='ocrx_word' id='word_1_66' title='bbox 281 1193 453 1249; x_wconf 83' lang='lat' dir='ltr'><strong>siam</strong></span> <span class='ocrx_word' id='word_1_67' title='bbox 517 1193 900 1246; x_wconf 73' lang='lat' dir='ltr'><strong>moderabatur</strong></span> <span class='ocrx_word' id='word_1_68' title='bbox 963 1190 1306 1246; x_wconf 84' lang='lat' dir='ltr'><strong>Eustathius.</strong></span> <span class='ocrx_word' id='word_1_69' title='bbox 1348 1191 1436 1244; x_wconf 84' lang='lat' dir='ltr'><strong>Ita</strong></span> <span class='ocrx_word' id='word_1_70' title='bbox 1501 1190 1885 1263; x_wconf 69' lang='lat' dir='ltr'><strong>Hierosolymis</strong></span> 
     </span>
    </p>
   </div>
   <div class='ocr_carea' id='block_1_13' title="bbox 285 1279 1886 1353">
    <p class='ocr_par' dir='ltr' id='par_1_13' title="bbox 285 1279 1886 1353">
     <span class='ocr_line' id='line_1_13' title="bbox 285 1279 1886 1353; baseline 0.001 -17"><span class='ocrx_word' id='word_1_71' title='bbox 285 1284 514 1353; x_wconf 68' lang='lat' dir='ltr'><strong>(inquit</strong></span> <span class='ocrx_word' id='word_1_72' title='bbox 532 1282 1058 1352; x_wconf 83' lang='lat' dir='ltr'><strong>Leontius)egressus</strong></span> <span class='ocrx_word' id='word_1_73' title='bbox 1084 1297 1134 1334; x_wconf 86' lang='lat' dir='ltr'><strong>iv</strong></span> <span class='ocrx_word' id='word_1_74' title='bbox 1160 1279 1288 1335; x_wconf 85' lang='lat' dir='ltr'><strong>Idus</strong></span> <span class='ocrx_word' id='word_1_75' title='bbox 1305 1281 1523 1348; x_wconf 78' lang='lat' dir='ltr'><strong>Aprilis,</strong></span> <span class='ocrx_word' id='word_1_76' title='bbox 1552 1282 1886 1337; x_wconf 77' lang='lat' dir='ltr'><strong>Antiochiam</strong></span> 
     </span>
    </p>
   </div>
   <div class='ocr_carea' id='block_1_14' title="bbox 280 1358 1887 1442">
    <p class='ocr_par' dir='ltr' id='par_1_14' title="bbox 280 1358 1887 1442">
     <span class='ocr_line' id='line_1_14' title="bbox 280 1358 1887 1442; baseline 0.002 -17"><span class='ocrx_word' id='word_1_77' title='bbox 280 1375 691 1442; x_wconf 80' lang='lat' dir='ltr'><strong>proﬁciscitur,</strong></span> <span class='ocrx_word' id='word_1_78' title='bbox 729 1388 830 1442; x_wconf 88' lang='lat' dir='ltr'><strong>quo</strong></span> <span class='ocrx_word' id='word_1_79' title='bbox 880 1388 999 1426; x_wconf 88' lang='lat' dir='ltr'><strong>cum</strong></span> <span class='ocrx_word' id='word_1_80' title='bbox 1042 1373 1282 1436; x_wconf 85' lang='lat' dir='ltr'><strong>renisset,</strong></span> <span class='ocrx_word' id='word_1_81' title='bbox 1312 1371 1582 1426; x_wconf 81' lang='lat' dir='ltr'><strong>domicilio</strong></span> <span class='ocrx_word' id='word_1_82' title='bbox 1613 1358 1887 1442; x_wconf 72' lang='grc' dir='ltr'><strong>εει-σερεοά</strong></span> 
     </span>
    </p>
   </div>
   <div class='ocr_carea' id='block_1_15' title="bbox 282 1451 1888 1532">
    <p class='ocr_par' dir='ltr' id='par_1_15' title="bbox 282 1451 1888 1532">
     <span class='ocr_line' id='line_1_15' title="bbox 282 1451 1888 1532; baseline 0.001 -15"><span class='ocrx_word' id='word_1_83' title='bbox 282 1475 500 1518; x_wconf 85' lang='lat' dir='ltr'><strong>sancto</strong></span> <span class='ocrx_word' id='word_1_84' title='bbox 535 1463 818 1516; x_wconf 85' lang='lat' dir='ltr'><strong>Eustathio</strong></span> <span class='ocrx_word' id='word_1_85' title='bbox 851 1463 964 1532; x_wconf 88' lang='lat' dir='ltr'><strong>ejus</strong></span> <span class='ocrx_word' id='word_1_86' title='bbox 993 1463 1137 1516; x_wconf 80' lang='lat' dir='ltr'><strong>urbis</strong></span> <span class='ocrx_word' id='word_1_87' title='bbox 1161 1451 1616 1532; x_wconf 77' lang='lat' dir='ltr'><strong>archiepiscopo...</strong></span> <span class='ocrx_word' id='word_1_88' title='bbox 1641 1464 1722 1518; x_wconf 87' lang='lat' dir='ltr'><strong>Ab</strong></span> <span class='ocrx_word' id='word_1_89' title='bbox 1743 1479 1888 1520; x_wconf 87' lang='lat' dir='ltr'><strong>anno</strong></span> 
     </span>
    </p>
   </div>
   <div class='ocr_carea' id='block_1_16' title="bbox 280 1551 1888 1624">
    <p class='ocr_par' dir='ltr' id='par_1_16' title="bbox 280 1551 1888 1624">
     <span class='ocr_line' id='line_1_16' title="bbox 280 1551 1888 1624; baseline 0 -16"><span class='ocrx_word' id='word_1_90' title='bbox 280 1553 518 1608; x_wconf 83' lang='lat' dir='ltr'><strong>Jiistini</strong></span> <span class='ocrx_word' id='word_1_91' title='bbox 572 1555 713 1621; x_wconf 81' lang='lat' dir='ltr'><strong>Aug.</strong></span> <span class='ocrx_word' id='word_1_92' title='bbox 761 1553 972 1618; x_wconf 90' lang='lat' dir='ltr'><strong>ultimo,</strong></span> <span class='ocrx_word' id='word_1_93' title='bbox 1029 1553 1132 1606; x_wconf 87' lang='lat' dir='ltr'><strong>hoc</strong></span> <span class='ocrx_word' id='word_1_94' title='bbox 1182 1560 1269 1606; x_wconf 85' lang='lat' dir='ltr'><strong>est</strong></span> <span class='ocrx_word' id='word_1_95' title='bbox 1313 1551 1519 1607; x_wconf 78' lang='lat' dir='ltr'><strong>ChriSIi</strong></span> <span class='ocrx_word' id='word_1_96' title='bbox 1559 1553 1888 1624; x_wconf 83' lang='lat' dir='ltr'><strong>Dionysiano</strong></span> 
     </span>
    </p>
   </div>
   <div class='ocr_carea' id='block_1_17' title="bbox 286 1642 1889 1714">
    <p class='ocr_par' dir='ltr' id='par_1_17' title="bbox 286 1642 1889 1714">
     <span class='ocr_line' id='line_1_17' title="bbox 286 1642 1889 1714; baseline 0 -16"><span class='ocrx_word' id='word_1_97' title='bbox 286 1644 438 1706; x_wconf 75' lang='lat'><strong>526,</strong></span> <span class='ocrx_word' id='word_1_98' title='bbox 479 1658 591 1711; x_wconf 93' lang='lat' dir='ltr'><strong>quo</strong></span> <span class='ocrx_word' id='word_1_99' title='bbox 622 1643 958 1710; x_wconf 88' lang='lat' dir='ltr'><strong>Euphrasius</strong></span> <span class='ocrx_word' id='word_1_100' title='bbox 995 1642 1370 1698; x_wconf 82' lang='lat' dir='ltr'><strong>Antiochenus</strong></span> <span class='ocrx_word' id='word_1_101' title='bbox 1421 1643 1712 1714; x_wconf 89' lang='lat' dir='ltr'><strong>episcopus</strong></span> <span class='ocrx_word' id='word_1_102' title='bbox 1753 1643 1889 1714; x_wconf 84' lang='lat' dir='ltr'><strong>lapi-</strong></span> 
     </span>
    </p>
   </div>
   <div class='ocr_carea' id='block_1_18' title="bbox 283 1733 1886 1806">
    <p class='ocr_par' dir='ltr' id='par_1_18' title="bbox 283 1733 1886 1806">
     <span class='ocr_line' id='line_1_18' title="bbox 283 1733 1886 1806; baseline -0.001 -16"><span class='ocrx_word' id='word_1_103' title='bbox 283 1735 482 1806; x_wconf 70' lang='lat' dir='ltr'><strong>dibus</strong></span> <span class='ocrx_word' id='word_1_104' title='bbox 511 1735 740 1789; x_wconf 88' lang='lat' dir='ltr'><strong>obrutus</strong></span> <span class='ocrx_word' id='word_1_105' title='bbox 776 1736 828 1788; x_wconf 93' lang='lat' dir='ltr'><strong>in</strong></span> <span class='ocrx_word' id='word_1_106' title='bbox 858 1733 1198 1789; x_wconf 85' lang='lat' dir='ltr'><strong>memorabili</strong></span> <span class='ocrx_word' id='word_1_107' title='bbox 1229 1734 1348 1804; x_wconf 85' lang='lat' dir='ltr'><strong>ejus</strong></span> <span class='ocrx_word' id='word_1_108' title='bbox 1381 1735 1534 1790; x_wconf 90' lang='lat' dir='ltr'><strong>urbis</strong></span> <span class='ocrx_word' id='word_1_109' title='bbox 1573 1741 1886 1790; x_wconf 66' lang='lat' dir='ltr'><strong>terrasmotu</strong></span> 
     </span>
    </p>
   </div>
   <div class='ocr_carea' id='block_1_19' title="bbox 1984 553 3548 630">
    <p class='ocr_par' dir='ltr' id='par_1_19' title="bbox 1984 553 3548 630">
     <span class='ocr_line' id='line_1_19' title="bbox 1984 553 3548 630; baseline 0.006 -24"><span class='ocrx_word' id='word_1_110' title='bbox 1984 553 2148 607; x_wconf 87' lang='lat' dir='ltr'><strong>modo</strong></span> <span class='ocrx_word' id='word_1_111' title='bbox 2177 553 2464 624; x_wconf 89' lang='lat' dir='ltr'><strong>intelligat,</strong></span> <span class='ocrx_word' id='word_1_112' title='bbox 2499 571 2661 626; x_wconf 88' lang='lat' dir='ltr'><strong>quam</strong></span> <span class='ocrx_word' id='word_1_113' title='bbox 2702 559 2870 612; x_wconf 87' lang='lat' dir='ltr'><strong>multa</strong></span> <span class='ocrx_word' id='word_1_114' title='bbox 2897 559 3025 623; x_wconf 87' lang='lat' dir='ltr'><strong>sint,</strong></span> <span class='ocrx_word' id='word_1_115' title='bbox 3065 575 3187 629; x_wconf 71' lang='lat' dir='ltr'><strong>qua:</strong></span> <span class='ocrx_word' id='word_1_116' title='bbox 3233 561 3338 616; x_wconf 83' lang='lat' dir='ltr'><strong>sibi</strong></span> <span class='ocrx_word' id='word_1_117' title='bbox 3382 577 3548 630; x_wconf 89' lang='lat' dir='ltr'><strong>repu-</strong></span> 
     </span>
    </p>
   </div>
   <div class='ocr_carea' id='block_1_20' title="bbox 1983 644 3550 720">
    <p class='ocr_par' dir='ltr' id='par_1_20' title="bbox 1983 644 3550 720">
     <span class='ocr_line' id='line_1_20' title="bbox 1983 644 3550 720; baseline 0.006 -22"><span class='ocrx_word' id='word_1_118' title='bbox 1983 653 2172 715; x_wconf 83' lang='lat' dir='ltr'><strong>gnant.</strong></span> <span class='ocrx_word' id='word_1_119' title='bbox 2211 644 2353 714; x_wconf 84' lang='lat' dir='ltr'><strong>Ergo</strong></span> <span class='ocrx_word' id='word_1_120' title='bbox 2381 647 2513 702; x_wconf 91' lang='lat' dir='ltr'><strong>illud</strong></span> <span class='ocrx_word' id='word_1_121' title='bbox 2545 648 2863 718; x_wconf 88' lang='lat' dir='ltr'><strong>aCajeiano</strong></span> <span class='ocrx_word' id='word_1_122' title='bbox 2905 661 3050 718; x_wconf 86' lang='lat' dir='ltr'><strong>peto,</strong></span> <span class='ocrx_word' id='word_1_123' title='bbox 3099 652 3230 720; x_wconf 90' lang='lat' dir='ltr'><strong>quid</strong></span> <span class='ocrx_word' id='word_1_124' title='bbox 3279 653 3382 706; x_wconf 83' lang='lat' dir='ltr'><strong>sibi</strong></span> <span class='ocrx_word' id='word_1_125' title='bbox 3434 655 3550 708; x_wconf 69' lang='lat' dir='ltr'><strong>haec</strong></span> 
     </span>
    </p>
   </div>
   <div class='ocr_carea' id='block_1_21' title="bbox 1981 730 3551 806">
    <p class='ocr_par' dir='ltr' id='par_1_21' title="bbox 1981 730 3551 806">
     <span class='ocr_line' id='line_1_21' title="bbox 1981 730 3551 806; baseline 0.006 -22"><span class='ocrx_word' id='word_1_126' title='bbox 1981 731 2150 784; x_wconf 77' lang='lat' dir='ltr'><strong>velint</strong></span> <span class='ocrx_word' id='word_1_127' title='bbox 2183 748 2196 783; x_wconf 88' lang='lat'><strong>:</strong></span> <span class='ocrx_word' id='word_1_128' title='bbox 2229 730 2498 786; x_wconf 85' lang='lat' dir='ltr'><strong>Romanus</strong></span> <span class='ocrx_word' id='word_1_129' title='bbox 2521 733 2815 806; x_wconf 75' lang='lat' dir='ltr'><strong>(Pontifex)</strong></span> <span class='ocrx_word' id='word_1_130' title='bbox 2845 737 3033 806; x_wconf 80' lang='lat' dir='ltr'><strong>quippe</strong></span> <span class='ocrx_word' id='word_1_131' title='bbox 3063 739 3210 806; x_wconf 79' lang='lat' dir='ltr'><strong>graui</strong></span> <span class='ocrx_word' id='word_1_132' title='bbox 3231 739 3411 792; x_wconf 83' lang='lat' dir='ltr'><strong>inorbo</strong></span> <span class='ocrx_word' id='word_1_133' title='bbox 3455 741 3551 794; x_wconf 88' lang='lat' dir='ltr'><strong>de-</strong></span> 
     </span>
    </p>
   </div>
   <div class='ocr_carea' id='block_1_22' title="bbox 1979 817 3552 898">
    <p class='ocr_par' dir='ltr' id='par_1_22' title="bbox 1979 817 3552 898">
     <span class='ocr_line' id='line_1_22' title="bbox 1979 817 3552 898; baseline 0.006 -24"><span class='ocrx_word' id='word_1_134' title='bbox 1979 829 2155 882; x_wconf 83' lang='lat' dir='ltr'><strong>tentus</strong></span> <span class='ocrx_word' id='word_1_135' title='bbox 2189 823 2424 876; x_wconf 84' lang='lat' dir='ltr'><strong>libellum</strong></span> <span class='ocrx_word' id='word_1_136' title='bbox 2457 827 2624 879; x_wconf 80' lang='lat' dir='ltr'><strong>mittit</strong></span> <span class='ocrx_word' id='word_1_137' title='bbox 2657 829 2873 895; x_wconf 91' lang='lat' dir='ltr'><strong>propria</strong></span> <span class='ocrx_word' id='word_1_138' title='bbox 2917 844 3073 881; x_wconf 89' lang='lat' dir='ltr'><strong>manu</strong></span> <span class='ocrx_word' id='word_1_139' title='bbox 3105 817 3459 898; x_wconf 66' lang='lat' dir='ltr'><strong>conscriptum</strong></span> <span class='ocrx_word' id='word_1_140' title='bbox 3487 831 3552 884; x_wconf 82' lang='lat' dir='ltr'><strong>de</strong></span> 
     </span>
    </p>
   </div>
   <div class='ocr_carea' id='block_1_23' title="bbox 1983 911 3554 986">
    <p class='ocr_par' dir='ltr' id='par_1_23' title="bbox 1983 911 3554 986">
     <span class='ocr_line' id='line_1_23' title="bbox 1983 911 3554 986; baseline 0.005 -22"><span class='ocrx_word' id='word_1_141' title='bbox 1983 911 2244 964; x_wconf 82' lang='lat' dir='ltr'><strong>sententia</strong></span> <span class='ocrx_word' id='word_1_142' title='bbox 2271 913 2685 968; x_wconf 74' lang='lat' dir='ltr'><strong>orthodoxorum</strong></span> <span class='ocrx_word' id='word_1_143' title='bbox 2717 918 3016 970; x_wconf 88' lang='lat' dir='ltr'><strong>antistitum</strong></span> <span class='ocrx_word' id='word_1_144' title='bbox 3044 919 3208 986; x_wconf 77' lang='lat' dir='ltr'><strong>ipsius</strong></span> <span class='ocrx_word' id='word_1_145' title='bbox 3241 919 3412 974; x_wconf 87' lang='lat' dir='ltr'><strong>locum</strong></span> <span class='ocrx_word' id='word_1_146' title='bbox 3439 936 3554 975; x_wconf 87' lang='lat' dir='ltr'><strong>ser-</strong></span> 
     </span>
    </p>
   </div>
   <div class='ocr_carea' id='block_1_24' title="bbox 1983 1001 3553 1082">
    <p class='ocr_par' dir='ltr' id='par_1_24' title="bbox 1983 1001 3553 1082">
     <span class='ocr_line' id='line_1_24' title="bbox 1983 1001 3553 1082; baseline 0.006 -26"><span class='ocrx_word' id='word_1_147' title='bbox 1983 1003 2216 1057; x_wconf 66' lang='lat' dir='ltr'><strong>nantium</strong></span> <span class='ocrx_word' id='word_1_148' title='bbox 2239 1003 2264 1055; x_wconf 84' lang='lat'><strong><em>?</em></strong></span> <span class='ocrx_word' id='word_1_149' title='bbox 2301 1001 2440 1066; x_wconf 85' lang='lat' dir='ltr'><strong>Quid</strong></span> <span class='ocrx_word' id='word_1_150' title='bbox 2473 1016 2528 1059; x_wconf 89' lang='lat' dir='ltr'><strong>et</strong></span> <span class='ocrx_word' id='word_1_151' title='bbox 2556 1021 2678 1074; x_wconf 74' lang='lat' dir='ltr'><strong>qua:</strong></span> <span class='ocrx_word' id='word_1_152' title='bbox 2711 1023 2835 1060; x_wconf 84' lang='lat' dir='ltr'><strong>mox</strong></span> <span class='ocrx_word' id='word_1_153' title='bbox 2895 1011 3231 1064; x_wconf 79' lang='lat' dir='ltr'><strong>succedunt:</strong></span> <span class='ocrx_word' id='word_1_154' title='bbox 3289 1010 3394 1066; x_wconf 86' lang='lat' dir='ltr'><strong>Sed</strong></span> <span class='ocrx_word' id='word_1_155' title='bbox 3443 1018 3553 1082; x_wconf 77' lang='lat' dir='ltr'><strong>epi-</strong></span> 
     </span>
    </p>
   </div>
   <div class='ocr_carea' id='block_1_25' title="bbox 1982 1089 3553 1164">
    <p class='ocr_par' dir='ltr' id='par_1_25' title="bbox 1982 1089 3553 1164">
     <span class='ocr_line' id='line_1_25' title="bbox 1982 1089 3553 1164; baseline 0.008 -24"><span class='ocrx_word' id='word_1_156' title='bbox 1982 1089 2128 1156; x_wconf 80' lang='lat' dir='ltr'><strong>scopi</strong></span> <span class='ocrx_word' id='word_1_157' title='bbox 2156 1089 2212 1141; x_wconf 89' lang='lat' dir='ltr'><strong>in</strong></span> <span class='ocrx_word' id='word_1_158' title='bbox 2239 1089 2522 1142; x_wconf 72' lang='lat' dir='ltr'><strong>concitium</strong></span> <span class='ocrx_word' id='word_1_159' title='bbox 2545 1108 2576 1143; x_wconf 90' lang='lat' dir='ltr'><strong>a</strong></span> <span class='ocrx_word' id='word_1_160' title='bbox 2595 1092 2842 1162; x_wconf 75' lang='lat' dir='ltr'><strong>pontiﬁce</strong></span> <span class='ocrx_word' id='word_1_161' title='bbox 2870 1095 3015 1148; x_wconf 84' lang='lat' dir='ltr'><strong>missi</strong></span> <span class='ocrx_word' id='word_1_162' title='bbox 3047 1091 3286 1164; x_wconf 83' lang='lat' dir='ltr'><strong>Gregorii</strong></span> <span class='ocrx_word' id='word_1_163' title='bbox 3307 1097 3553 1153; x_wconf 76' lang='lat' dir='ltr'><strong>adventui</strong></span> 
     </span>
    </p>
   </div>
   <div class='ocr_carea' id='block_1_26' title="bbox 1987 1181 3554 1257">
    <p class='ocr_par' dir='ltr' id='par_1_26' title="bbox 1987 1181 3554 1257">
     <span class='ocr_line' id='line_1_26' title="bbox 1987 1181 3554 1257; baseline 0.008 -28"><span class='ocrx_word' id='word_1_164' title='bbox 1987 1187 2361 1232; x_wconf 74' lang='lat' dir='ltr'><strong>antevertentes</strong></span> <span class='ocrx_word' id='word_1_165' title='bbox 2373 1181 2676 1250; x_wconf 80' lang='lat' dir='ltr'><strong>pontiﬁcem</strong></span> <span class='ocrx_word' id='word_1_166' title='bbox 2700 1183 2871 1246; x_wconf 85' lang='lat' dir='ltr'><strong>ipsum</strong></span> <span class='ocrx_word' id='word_1_167' title='bbox 2889 1186 3171 1239; x_wconf 76' lang='lat' dir='ltr'><strong>docuerunt</strong></span> <span class='ocrx_word' id='word_1_168' title='bbox 3192 1185 3432 1257; x_wconf 82' lang='lat' dir='ltr'><strong>Gregorii</strong></span> <span class='ocrx_word' id='word_1_169' title='bbox 3449 1192 3554 1242; x_wconf 75' lang='lat' dir='ltr'><strong>vir-</strong></span> 
     </span>
    </p>
   </div>
   <div class='ocr_carea' id='block_1_27' title="bbox 1987 1271 3554 1348">
    <p class='ocr_par' dir='ltr' id='par_1_27' title="bbox 1987 1271 3554 1348">
     <span class='ocr_line' id='line_1_27' title="bbox 1987 1271 3554 1348; baseline 0.01 -29"><span class='ocrx_word' id='word_1_170' title='bbox 1987 1275 2116 1333; x_wconf 84' lang='lat' dir='ltr'><strong>tute,</strong></span> <span class='ocrx_word' id='word_1_171' title='bbox 2139 1285 2202 1321; x_wconf 88' lang='lat' dir='ltr'><strong>ac</strong></span> <span class='ocrx_word' id='word_1_172' title='bbox 2239 1271 2526 1338; x_wconf 76' lang='lat' dir='ltr'><strong>sapientia,</strong></span> <span class='ocrx_word' id='word_1_173' title='bbox 2561 1273 2931 1328; x_wconf 72' lang='lat' dir='ltr'><strong>licereticorum</strong></span> <span class='ocrx_word' id='word_1_174' title='bbox 2966 1279 3271 1344; x_wconf 83' lang='lat' dir='ltr'><strong>audaciam,</strong></span> <span class='ocrx_word' id='word_1_175' title='bbox 3310 1281 3554 1348; x_wconf 88' lang='lat' dir='ltr'><strong>petulan-</strong></span> 
     </span>
    </p>
   </div>
   <div class='ocr_carea' id='block_1_28' title="bbox 1987 1357 3552 1437">
    <p class='ocr_par' dir='ltr' id='par_1_28' title="bbox 1987 1357 3552 1437">
     <span class='ocr_line' id='line_1_28' title="bbox 1987 1357 3552 1437; baseline 0.012 -27"><span class='ocrx_word' id='word_1_176' title='bbox 1987 1357 2218 1427; x_wconf 85' lang='lat' dir='ltr'><strong>tiamque</strong></span> <span class='ocrx_word' id='word_1_177' title='bbox 2257 1367 2594 1428; x_wconf 75' lang='lat' dir='ltr'><strong>repressam?</strong></span> <span class='ocrx_word' id='word_1_178' title='bbox 2629 1363 2764 1417; x_wconf 85' lang='lat' dir='ltr'><strong>Cum</strong></span> <span class='ocrx_word' id='word_1_179' title='bbox 2805 1364 3274 1437; x_wconf 69' lang='lat' dir='ltr'><strong>Constantinoiioli</strong></span> <span class='ocrx_word' id='word_1_180' title='bbox 3312 1385 3552 1428; x_wconf 76' lang='lat' dir='ltr'><strong>(ecunie-</strong></span> 
     </span>
    </p>
   </div>
   <div class='ocr_carea' id='block_1_29' title="bbox 1991 1445 3556 1530">
    <p class='ocr_par' dir='ltr' id='par_1_29' title="bbox 1991 1445 3556 1530">
     <span class='ocr_line' id='line_1_29' title="bbox 1991 1445 3556 1530; baseline 0.015 -36"><span class='ocrx_word' id='word_1_181' title='bbox 1991 1445 2109 1496; x_wconf 86' lang='lat' dir='ltr'><strong>nica</strong></span> <span class='ocrx_word' id='word_1_182' title='bbox 2131 1461 2155 1497; x_wconf 72' lang='grc' dir='ltr'><strong>ν</strong></span> <span class='ocrx_word' id='word_1_183' title='bbox 2182 1445 2422 1514; x_wconf 82' lang='lat' dir='ltr'><strong>synodus</strong></span> <span class='ocrx_word' id='word_1_184' title='bbox 2453 1449 2900 1522; x_wconf 38' lang='lat' dir='ltr'><strong>coivitLVigilius</strong></span> <span class='ocrx_word' id='word_1_185' title='bbox 2928 1469 3062 1522; x_wconf 86' lang='lat' dir='ltr'><strong>papa</strong></span> <span class='ocrx_word' id='word_1_186' title='bbox 3089 1456 3286 1512; x_wconf 84' lang='lat' dir='ltr'><strong>ibidem</strong></span> <span class='ocrx_word' id='word_1_187' title='bbox 3309 1461 3556 1530; x_wconf 84' lang='lat' dir='ltr'><strong>degebat,</strong></span> 
     </span>
    </p>
   </div>
   <div class='ocr_carea' id='block_1_30' title="bbox 1989 1532 3560 1622">
    <p class='ocr_par' dir='ltr' id='par_1_30' title="bbox 1989 1532 3560 1622">
     <span class='ocr_line' id='line_1_30' title="bbox 1989 1532 3560 1622; baseline 0.015 -37"><span class='ocrx_word' id='word_1_188' title='bbox 1989 1532 2332 1592; x_wconf 79' lang='lat' dir='ltr'><strong>Chalcedone</strong></span> <span class='ocrx_word' id='word_1_189' title='bbox 2364 1553 2397 1592; x_wconf 90' lang='lat' dir='ltr'><strong>a</strong></span> <span class='ocrx_word' id='word_1_190' title='bbox 2438 1537 2754 1598; x_wconf 81' lang='lat' dir='ltr'><strong>Justiniano</strong></span> <span class='ocrx_word' id='word_1_191' title='bbox 2805 1548 3038 1611; x_wconf 84' lang='lat' dir='ltr'><strong>excitus,</strong></span> <span class='ocrx_word' id='word_1_192' title='bbox 3085 1549 3402 1615; x_wconf 74' lang='lat' dir='ltr'><strong>anno-552,</strong></span> <span class='ocrx_word' id='word_1_193' title='bbox 3447 1568 3560 1622; x_wconf 85' lang='lat' dir='ltr'><strong>quo</strong></span> 
     </span>
    </p>
   </div>
   <div class='ocr_carea' id='block_1_31' title="bbox 1991 1624 3559 1704">
    <p class='ocr_par' dir='ltr' id='par_1_31' title="bbox 1991 1624 3559 1704">
     <span class='ocr_line' id='line_1_31' title="bbox 1991 1624 3559 1704; baseline 0.013 -27"><span class='ocrx_word' id='word_1_194' title='bbox 1991 1624 2280 1696; x_wconf 79' lang='lat' dir='ltr'><strong>aufugerat</strong></span> <span class='ocrx_word' id='word_1_195' title='bbox 2306 1631 2577 1699; x_wconf 88' lang='lat' dir='ltr'><strong>superiori</strong></span> <span class='ocrx_word' id='word_1_196' title='bbox 2600 1646 2744 1687; x_wconf 88' lang='lat' dir='ltr'><strong>anno</strong></span> <span class='ocrx_word' id='word_1_197' title='bbox 2783 1634 3128 1704; x_wconf 88' lang='lat' dir='ltr'><strong>imperatoris</strong></span> <span class='ocrx_word' id='word_1_198' title='bbox 3176 1641 3286 1694; x_wconf 88' lang='lat' dir='ltr'><strong>iras</strong></span> <span class='ocrx_word' id='word_1_199' title='bbox 3319 1643 3559 1697; x_wconf 84' lang='lat' dir='ltr'><strong>declina-</strong></span> 
     </span>
    </p>
   </div>
   <div class='ocr_carea' id='block_1_32' title="bbox 1995 1722 3562 1801">
    <p class='ocr_par' dir='ltr' id='par_1_32' title="bbox 1995 1722 3562 1801">
     <span class='ocr_line' id='line_1_32' title="bbox 1995 1722 3562 1801; baseline 0.011 -32"><span class='ocrx_word' id='word_1_200' title='bbox 1995 1724 2175 1784; x_wconf 87' lang='lat' dir='ltr'><strong>turus,</strong></span> <span class='ocrx_word' id='word_1_201' title='bbox 2201 1733 2339 1787; x_wconf 89' lang='lat' dir='ltr'><strong>quas</strong></span> <span class='ocrx_word' id='word_1_202' title='bbox 2365 1722 2417 1772; x_wconf 89' lang='lat' dir='ltr'><strong>in</strong></span> <span class='ocrx_word' id='word_1_203' title='bbox 2449 1736 2510 1776; x_wconf 85' lang='lat' dir='ltr'><strong>se</strong></span> <span class='ocrx_word' id='word_1_204' title='bbox 2539 1725 2843 1779; x_wconf 80' lang='lat' dir='ltr'><strong>concitarat</strong></span> <span class='ocrx_word' id='word_1_205' title='bbox 2867 1728 3042 1782; x_wconf 89' lang='lat' dir='ltr'><strong>tribus</strong></span> <span class='ocrx_word' id='word_1_206' title='bbox 3071 1730 3335 1798; x_wconf 88' lang='lat' dir='ltr'><strong>Capitulis</strong></span> <span class='ocrx_word' id='word_1_207' title='bbox 3365 1747 3562 1801; x_wconf 83' lang='lat' dir='ltr'><strong>appro-</strong></span> 
     </span>
    </p>
   </div>
   <div class='ocr_carea' id='block_1_33' title="bbox 284 1803 3586 1895">
    <p class='ocr_par' dir='ltr' id='par_1_33' title="bbox 284 1803 3586 1895">
     <span class='ocr_line' id='line_1_33' title="bbox 284 1803 3586 1895; baseline -0.001 -15"><span class='ocrx_word' id='word_1_208' title='bbox 284 1803 828 1895; x_wconf 74' lang='lat' dir='ltr'><strong>iiiteriit(Thcoph.</strong></span> <span class='ocrx_word' id='word_1_209' title='bbox 885 1825 952 1878; x_wconf 86' lang='lat' dir='ltr'><strong>ad</strong></span> <span class='ocrx_word' id='word_1_210' title='bbox 1015 1825 1069 1878; x_wconf 91' lang='lat' dir='ltr'><strong>h.</strong></span> <span class='ocrx_word' id='word_1_211' title='bbox 1132 1803 1331 1892; x_wconf 79' lang='lat' dir='ltr'><strong>a.),ad</strong></span> <span class='ocrx_word' id='word_1_212' title='bbox 1359 1825 1484 1891; x_wconf 70' lang='lat'><strong>546,</strong></span> <span class='ocrx_word' id='word_1_213' title='bbox 1532 1826 1887 1884; x_wconf 63' lang='lat' dir='ltr'><strong>Antiochense</strong></span> <span class='ocrx_word' id='word_1_214' title='bbox 1919 1803 2150 1870; x_wconf 69' lang='grc' dir='ltr'><strong>Βδειιίεο</strong></span> <span class='ocrx_word' id='word_1_215' title='bbox 2211 1825 2335 1878; x_wconf 67' lang='lat' dir='ltr'><strong>quae</strong></span> <span class='ocrx_word' id='word_1_216' title='bbox 2385 1827 2533 1867; x_wconf 69' lang='grc' dir='ltr'><strong>οητιο</strong></span> <span class='ocrx_word' id='word_1_217' title='bbox 2587 1815 2690 1870; x_wconf 70' lang='grc'><strong>547</strong></span> <span class='ocrx_word' id='word_1_218' title='bbox 2748 1817 3009 1886; x_wconf 72' lang='lat' dir='ltr'><strong>principis</strong></span> <span class='ocrx_word' id='word_1_219' title='bbox 3056 1822 3216 1887; x_wconf 13' lang='lat' dir='ltr'><strong>sie-nio</strong></span> <span class='ocrx_word' id='word_1_220' title='bbox 3276 1821 3586 1893; x_wconf 72' lang='lat' dir='ltr'><strong>indulgens</strong></span> 
     </span>
    </p>
   </div>
   <div class='ocr_carea' id='block_1_34' title="bbox 283 1914 1891 1985">
    <p class='ocr_par' dir='ltr' id='par_1_34' title="bbox 283 1914 1891 1985">
     <span class='ocr_line' id='line_1_34' title="bbox 283 1914 1891 1985; baseline -0.001 -13"><span class='ocrx_word' id='word_1_221' title='bbox 283 1917 610 1972; x_wconf 60' lang='lat' dir='ltr'><strong>Ecclesiae</strong></span> <span class='ocrx_word' id='word_1_222' title='bbox 648 1915 937 1983; x_wconf 85' lang='lat' dir='ltr'><strong>impositus</strong></span> <span class='ocrx_word' id='word_1_223' title='bbox 1008 1914 1350 1984; x_wconf 69' lang='lat' dir='ltr'><strong>Ephriemus,</strong></span> <span class='ocrx_word' id='word_1_224' title='bbox 1407 1917 1588 1985; x_wconf 84' lang='lat' dir='ltr'><strong>eique.</strong></span> <span class='ocrx_word' id='word_1_225' title='bbox 1628 1919 1891 1973; x_wconf 86' lang='lat' dir='ltr'><strong>successit</strong></span> 
     </span>
    </p>
   </div>
   <div class='ocr_carea' id='block_1_35' title="bbox 285 2005 1892 2078">
    <p class='ocr_par' dir='ltr' id='par_1_35' title="bbox 285 2005 1892 2078">
     <span class='ocr_line' id='line_1_35' title="bbox 285 2005 1892 2078; baseline 0.004 -18"><span class='ocrx_word' id='word_1_226' title='bbox 285 2007 566 2062; x_wconf 72' lang='lat' dir='ltr'><strong>Donatius</strong></span> <span class='ocrx_word' id='word_1_227' title='bbox 585 2005 744 2074; x_wconf 88' lang='lat' dir='ltr'><strong>l|,qui</strong></span> <span class='ocrx_word' id='word_1_228' title='bbox 765 2024 793 2058; x_wconf 88' lang='lat' dir='ltr'><strong>e</strong></span> <span class='ocrx_word' id='word_1_229' title='bbox 811 2008 946 2060; x_wconf 85' lang='lat' dir='ltr'><strong>vivis</strong></span> <span class='ocrx_word' id='word_1_230' title='bbox 961 2007 1195 2062; x_wconf 79' lang='lat' dir='ltr'><strong>excessit</strong></span> <span class='ocrx_word' id='word_1_231' title='bbox 1215 2022 1355 2060; x_wconf 90' lang='lat' dir='ltr'><strong>anno</strong></span> <span class='ocrx_word' id='word_1_232' title='bbox 1375 2007 1496 2062; x_wconf 81' lang='lat'><strong>559.</strong></span> <span class='ocrx_word' id='word_1_233' title='bbox 1512 2009 1710 2078; x_wconf 86' lang='lat' dir='ltr'><strong>Ecquis</strong></span> <span class='ocrx_word' id='word_1_234' title='bbox 1728 2011 1892 2078; x_wconf 84' lang='lat' dir='ltr'><strong>igitur</strong></span> 
     </span>
    </p>
   </div>
   <div class='ocr_carea' id='block_1_36' title="bbox 289 2097 1890 2168">
    <p class='ocr_par' dir='ltr' id='par_1_36' title="bbox 289 2097 1890 2168">
     <span class='ocr_line' id='line_1_36' title="bbox 289 2097 1890 2168; baseline 0.001 -14"><span class='ocrx_word' id='word_1_235' title='bbox 289 2099 564 2168; x_wconf 75' lang='lat' dir='ltr'><strong>gentium</strong></span> <span class='ocrx_word' id='word_1_236' title='bbox 599 2097 916 2152; x_wconf 85' lang='lat' dir='ltr'><strong>Eustathius</strong></span> <span class='ocrx_word' id='word_1_237' title='bbox 959 2097 1082 2162; x_wconf 85' lang='lat' dir='ltr'><strong>iste,</strong></span> <span class='ocrx_word' id='word_1_238' title='bbox 1125 2097 1219 2168; x_wconf 88' lang='lat' dir='ltr'><strong>qui</strong></span> <span class='ocrx_word' id='word_1_239' title='bbox 1251 2097 1508 2167; x_wconf 78' lang='lat' dir='ltr'><strong>Caietano</strong></span> <span class='ocrx_word' id='word_1_240' title='bbox 1561 2108 1786 2156; x_wconf 83' lang='lat' dir='ltr'><strong>auctore</strong></span> <span class='ocrx_word' id='word_1_241' title='bbox 1834 2103 1890 2156; x_wconf 91' lang='lat' dir='ltr'><strong>in</strong></span> 
     </span>
    </p>
   </div>
   <div class='ocr_carea' id='block_1_37' title="bbox 294 2189 1892 2248">
    <p class='ocr_par' dir='ltr' id='par_1_37' title="bbox 294 2189 1892 2248">
     <span class='ocr_line' id='line_1_37' title="bbox 294 2189 1892 2248; baseline 0.003 -3"><span class='ocrx_word' id='word_1_242' title='bbox 294 2192 662 2246; x_wconf 76' lang='lat' dir='ltr'><strong>Antiocliena</strong></span> <span class='ocrx_word' id='word_1_243' title='bbox 691 2189 948 2244; x_wconf 79' lang='lat' dir='ltr'><strong>cathedra</strong></span> <span class='ocrx_word' id='word_1_244' title='bbox 980 2191 1182 2245; x_wconf 87' lang='lat' dir='ltr'><strong>sederit</strong></span> <span class='ocrx_word' id='word_1_245' title='bbox 1209 2204 1353 2245; x_wconf 90' lang='lat' dir='ltr'><strong>anno</strong></span> <span class='ocrx_word' id='word_1_246' title='bbox 1407 2190 1552 2246; x_wconf 72' lang='lat'><strong>552?</strong></span> <span class='ocrx_word' id='word_1_247' title='bbox 1604 2193 1748 2248; x_wconf 83' lang='lat' dir='ltr'><strong>Vidit</strong></span> <span class='ocrx_word' id='word_1_248' title='bbox 1792 2208 1892 2248; x_wconf 89' lang='lat' dir='ltr'><strong>no-</strong></span> 
     </span>
    </p>
   </div>
   <div class='ocr_carea' id='block_1_38' title="bbox 293 2280 1892 2351">
    <p class='ocr_par' dir='ltr' id='par_1_38' title="bbox 293 2280 1892 2351">
     <span class='ocr_line' id='line_1_38' title="bbox 293 2280 1892 2351; baseline 0 -13"><span class='ocrx_word' id='word_1_249' title='bbox 293 2285 444 2338; x_wconf 91' lang='lat' dir='ltr'><strong>dum</strong></span> <span class='ocrx_word' id='word_1_250' title='bbox 513 2280 832 2351; x_wconf 82' lang='lat' dir='ltr'><strong>Cajetanus,</strong></span> <span class='ocrx_word' id='word_1_251' title='bbox 892 2295 1069 2350; x_wconf 87' lang='lat' dir='ltr'><strong>neque</strong></span> <span class='ocrx_word' id='word_1_252' title='bbox 1121 2281 1228 2335; x_wconf 89' lang='lat' dir='ltr'><strong>alio</strong></span> <span class='ocrx_word' id='word_1_253' title='bbox 1272 2281 1498 2336; x_wconf 82' lang='lat' dir='ltr'><strong>extricat</strong></span> <span class='ocrx_word' id='word_1_254' title='bbox 1552 2282 1733 2344; x_wconf 89' lang='lat' dir='ltr'><strong>modo,</strong></span> <span class='ocrx_word' id='word_1_255' title='bbox 1787 2282 1892 2338; x_wconf 83' lang='lat' dir='ltr'><strong>nisi</strong></span> 
     </span>
    </p>
   </div>
   <div class='ocr_carea' id='block_1_39' title="bbox 238 2371 1884 2442">
    <p class='ocr_par' dir='ltr' id='par_1_39' title="bbox 238 2371 1884 2442">
     <span class='ocr_line' id='line_1_39' title="bbox 238 2371 1884 2442; baseline -0.002 -12"><span class='ocrx_word' id='word_1_256' title='bbox 238 2403 247 2410; x_wconf 58' lang='grc' dir='ltr'>ι</span> <span class='ocrx_word' id='word_1_257' title='bbox 294 2375 601 2436; x_wconf 85' lang='lat' dir='ltr'><strong>dubitatis,</strong></span> <span class='ocrx_word' id='word_1_258' title='bbox 647 2389 718 2426; x_wconf 89' lang='lat' dir='ltr'><strong>an</strong></span> <span class='ocrx_word' id='word_1_259' title='bbox 773 2371 1223 2442; x_wconf 75' lang='lat' dir='ltr'><strong>inter.EpIira:m,</strong></span> <span class='ocrx_word' id='word_1_260' title='bbox 1271 2380 1319 2426; x_wconf 89' lang='lat' dir='ltr'><strong>et</strong></span> <span class='ocrx_word' id='word_1_261' title='bbox 1359 2371 1623 2426; x_wconf 88' lang='lat' dir='ltr'><strong>Domuum</strong></span> <span class='ocrx_word' id='word_1_262' title='bbox 1665 2373 1884 2427; x_wconf 84' lang='lat' dir='ltr'><strong>admini-</strong></span> 
     </span>
    </p>
   </div>
   <div class='ocr_carea' id='block_1_40' title="bbox 296 2463 1891 2523">
    <p class='ocr_par' dir='ltr' id='par_1_40' title="bbox 296 2463 1891 2523">
     <span class='ocr_line' id='line_1_40' title="bbox 296 2463 1891 2523; baseline -0.001 -2"><span class='ocrx_word' id='word_1_263' title='bbox 296 2466 516 2521; x_wconf 82' lang='lat' dir='ltr'><strong>stravit</strong></span> <span class='ocrx_word' id='word_1_264' title='bbox 536 2480 652 2523; x_wconf 86' lang='lat' dir='ltr'><strong>eam</strong></span> <span class='ocrx_word' id='word_1_265' title='bbox 686 2465 860 2518; x_wconf 85' lang='lat' dir='ltr'><strong>sedem</strong></span> <span class='ocrx_word' id='word_1_266' title='bbox 889 2463 1197 2517; x_wconf 81' lang='lat' dir='ltr'><strong>Eustathius</strong></span> <span class='ocrx_word' id='word_1_267' title='bbox 1224 2466 1249 2520; x_wconf 82' lang='lat'><strong><em>?</em></strong></span> <span class='ocrx_word' id='word_1_268' title='bbox 1275 2481 1341 2517; x_wconf 89' lang='lat' dir='ltr'><strong>an</strong></span> <span class='ocrx_word' id='word_1_269' title='bbox 1371 2463 1616 2518; x_wconf 83' lang='lat' dir='ltr'><strong>Leontius</strong></span> <span class='ocrx_word' id='word_1_270' title='bbox 1641 2467 1891 2519; x_wconf 88' lang='lat' dir='ltr'><strong>memoria</strong></span> 
     </span>
    </p>
   </div>
   <div class='ocr_carea' id='block_1_41' title="bbox 295 2553 1889 2627">
    <p class='ocr_par' dir='ltr' id='par_1_41' title="bbox 295 2553 1889 2627">
     <span class='ocr_line' id='line_1_41' title="bbox 295 2553 1889 2627; baseline -0.003 -15"><span class='ocrx_word' id='word_1_271' title='bbox 295 2558 508 2627; x_wconf 86' lang='lat' dir='ltr'><strong>lapsus</strong></span> <span class='ocrx_word' id='word_1_272' title='bbox 535 2558 559 2611; x_wconf 74' lang='lat'><strong><em>7</em></strong></span> <span class='ocrx_word' id='word_1_273' title='bbox 588 2556 658 2609; x_wconf 82' lang='lat' dir='ltr'><strong>At</strong></span> <span class='ocrx_word' id='word_1_274' title='bbox 675 2557 820 2609; x_wconf 90' lang='lat' dir='ltr'><strong>enim</strong></span> <span class='ocrx_word' id='word_1_275' title='bbox 845 2555 890 2610; x_wconf 90' lang='lat' dir='ltr'><strong>si</strong></span> <span class='ocrx_word' id='word_1_276' title='bbox 917 2569 1014 2622; x_wconf 93' lang='lat' dir='ltr'><strong>pro</strong></span> <span class='ocrx_word' id='word_1_277' title='bbox 1036 2553 1279 2623; x_wconf 87' lang='lat' dir='ltr'><strong>Cajetaiii</strong></span> <span class='ocrx_word' id='word_1_278' title='bbox 1303 2563 1428 2608; x_wconf 84' lang='lat' dir='ltr'><strong>voto</strong></span> <span class='ocrx_word' id='word_1_279' title='bbox 1451 2563 1655 2608; x_wconf 82' lang='lat' dir='ltr'><strong>starent</strong></span> <span class='ocrx_word' id='word_1_280' title='bbox 1677 2566 1889 2622; x_wconf 70' lang='lat' dir='ltr'><strong>cii-tera,</strong></span> 
     </span>
    </p>
   </div>
   <div class='ocr_carea' id='block_1_42' title="bbox 293 2645 1894 2705">
    <p class='ocr_par' dir='ltr' id='par_1_42' title="bbox 293 2645 1894 2705">
     <span class='ocr_line' id='line_1_42' title="bbox 293 2645 1894 2705; baseline -0.002 -1"><span class='ocrx_word' id='word_1_281' title='bbox 293 2648 647 2705; x_wconf 83' lang='lat' dir='ltr'><strong>dubitationi</strong></span> <span class='ocrx_word' id='word_1_282' title='bbox 666 2647 913 2702; x_wconf 86' lang='lat' dir='ltr'><strong>cederem</strong></span> <span class='ocrx_word' id='word_1_283' title='bbox 940 2663 954 2700; x_wconf 91' lang='lat'>:</span> <span class='ocrx_word' id='word_1_284' title='bbox 979 2661 1101 2700; x_wconf 92' lang='lat' dir='ltr'><strong>cum</strong></span> <span class='ocrx_word' id='word_1_285' title='bbox 1125 2661 1248 2701; x_wconf 82' lang='lat' dir='ltr'><strong>vero</strong></span> <span class='ocrx_word' id='word_1_286' title='bbox 1273 2646 1326 2700; x_wconf 89' lang='lat' dir='ltr'><strong>in</strong></span> <span class='ocrx_word' id='word_1_287' title='bbox 1356 2656 1464 2700; x_wconf 91' lang='lat' dir='ltr'><strong>tota</strong></span> <span class='ocrx_word' id='word_1_288' title='bbox 1486 2645 1694 2700; x_wconf 88' lang='lat' dir='ltr'><strong>Leontii</strong></span> <span class='ocrx_word' id='word_1_289' title='bbox 1726 2647 1894 2700; x_wconf 84' lang='lat' dir='ltr'><strong>histo-</strong></span> 
     </span>
    </p>
   </div>
   <div class='ocr_carea' id='block_1_43' title="bbox 296 2735 1895 2808">
    <p class='ocr_par' dir='ltr' id='par_1_43' title="bbox 296 2735 1895 2808">
     <span class='ocr_line' id='line_1_43' title="bbox 296 2735 1895 2808; baseline -0.001 -14"><span class='ocrx_word' id='word_1_290' title='bbox 296 2740 390 2794; x_wconf 88' lang='lat' dir='ltr'><strong>ria</strong></span> <span class='ocrx_word' id='word_1_291' title='bbox 417 2739 564 2794; x_wconf 89' lang='lat' dir='ltr'><strong>nihil</strong></span> <span class='ocrx_word' id='word_1_292' title='bbox 589 2739 814 2793; x_wconf 90' lang='lat' dir='ltr'><strong>omnino</strong></span> <span class='ocrx_word' id='word_1_293' title='bbox 836 2739 1073 2808; x_wconf 89' lang='lat' dir='ltr'><strong>sit,quod</strong></span> <span class='ocrx_word' id='word_1_294' title='bbox 1087 2738 1330 2808; x_wconf 87' lang='lat' dir='ltr'><strong>Cajetani</strong></span> <span class='ocrx_word' id='word_1_295' title='bbox 1349 2735 1658 2806; x_wconf 76' lang='lat' dir='ltr'><strong>Opinii&#39;mein</strong></span> <span class='ocrx_word' id='word_1_296' title='bbox 1677 2753 1780 2791; x_wconf 92' lang='lat' dir='ltr'><strong>non</strong></span> <span class='ocrx_word' id='word_1_297' title='bbox 1797 2753 1895 2793; x_wconf 86' lang='lat' dir='ltr'><strong>su-</strong></span> 
     </span>
    </p>
   </div>
   <div class='ocr_carea' id='block_1_44' title="bbox 301 2827 1895 2903">
    <p class='ocr_par' dir='ltr' id='par_1_44' title="bbox 301 2827 1895 2903">
     <span class='ocr_line' id='line_1_44' title="bbox 301 2827 1895 2903; baseline -0.002 -17"><span class='ocrx_word' id='word_1_298' title='bbox 301 2829 778 2903; x_wconf 78' lang='lat' dir='ltr'><strong>gillet,piaculiim</strong></span> <span class='ocrx_word' id='word_1_299' title='bbox 807 2829 876 2883; x_wconf 85' lang='lat' dir='ltr'><strong>sit</strong></span> <span class='ocrx_word' id='word_1_300' title='bbox 902 2829 1043 2882; x_wconf 86' lang='lat' dir='ltr'><strong>inter</strong></span> <span class='ocrx_word' id='word_1_301' title='bbox 1065 2827 1408 2896; x_wconf 68' lang='lat' dir='ltr'><strong>Ephraemnm</strong></span> <span class='ocrx_word' id='word_1_302' title='bbox 1438 2836 1492 2882; x_wconf 90' lang='lat' dir='ltr'><strong>et</strong></span> <span class='ocrx_word' id='word_1_303' title='bbox 1513 2827 1779 2881; x_wconf 86' lang='lat' dir='ltr'><strong>Domuum</strong></span> <span class='ocrx_word' id='word_1_304' title='bbox 1803 2843 1895 2883; x_wconf 84' lang='lat' dir='ltr'><strong>ac-</strong></span> 
     </span>
    </p>
   </div>
   <div class='ocr_carea' id='block_1_45' title="bbox 298 2915 1892 2985">
    <p class='ocr_par' dir='ltr' id='par_1_45' title="bbox 298 2915 1892 2985">
     <span class='ocr_line' id='line_1_45' title="bbox 298 2915 1892 2985; baseline -0.005 -7"><span class='ocrx_word' id='word_1_305' title='bbox 298 2935 549 2978; x_wconf 82' lang='lat' dir='ltr'><strong>ccnsere</strong></span> <span class='ocrx_word' id='word_1_306' title='bbox 563 2919 902 2974; x_wconf 85' lang='lat' dir='ltr'><strong>Eustathiuin</strong></span> <span class='ocrx_word' id='word_1_307' title='bbox 921 2917 1271 2972; x_wconf 71' lang='lat' dir='ltr'><strong>Antiochenze</strong></span> <span class='ocrx_word' id='word_1_308' title='bbox 1289 2915 1542 2971; x_wconf 52' lang='lat' dir='ltr'><strong>Ecclesiae.</strong></span> <span class='ocrx_word' id='word_1_309' title='bbox 1565 2917 1892 2985; x_wconf 78' lang='lat' dir='ltr'><strong>pantilicem.</strong></span> 
     </span>
    </p>
   </div>
   <div class='ocr_carea' id='block_1_46' title="bbox 388 3007 1899 3077">
    <p class='ocr_par' dir='ltr' id='par_1_46' title="bbox 388 3007 1899 3077">
     <span class='ocr_line' id='line_1_46' title="bbox 388 3007 1899 3077; baseline -0.005 -9"><span class='ocrx_word' id='word_1_310' title='bbox 388 3010 487 3068; x_wconf 77' lang='lat' dir='ltr'><strong>Vl.</strong></span> <span class='ocrx_word' id='word_1_311' title='bbox 524 3009 605 3064; x_wconf 84' lang='lat' dir='ltr'><strong>Ad</strong></span> <span class='ocrx_word' id='word_1_312' title='bbox 639 3011 754 3064; x_wconf 71' lang='lat' dir='ltr'><strong>haec</strong></span> <span class='ocrx_word' id='word_1_313' title='bbox 780 3009 1036 3063; x_wconf 85' lang='lat' dir='ltr'><strong>Leontius</strong></span> <span class='ocrx_word' id='word_1_314' title='bbox 1075 3009 1264 3063; x_wconf 83' lang='lat' dir='ltr'><strong>scribit</strong></span> <span class='ocrx_word' id='word_1_315' title='bbox 1293 3021 1308 3062; x_wconf 89' lang='lat'><strong>:</strong></span> <span class='ocrx_word' id='word_1_316' title='bbox 1341 3007 1572 3076; x_wconf 86' lang='lat' dir='ltr'><strong>Iinpiain</strong></span> <span class='ocrx_word' id='word_1_317' title='bbox 1604 3008 1769 3077; x_wconf 85' lang='lat' dir='ltr'><strong>igitur</strong></span> <span class='ocrx_word' id='word_1_318' title='bbox 1789 3008 1899 3061; x_wconf 72' lang='lat' dir='ltr'><strong>lia:-</strong></span> 
     </span>
    </p>
   </div>
   <div class='ocr_carea' id='block_1_47' title="bbox 1989 1899 3648 1991">
    <p class='ocr_par' dir='ltr' id='par_1_47' title="bbox 1989 1899 3648 1991">
     <span class='ocr_line' id='line_1_47' title="bbox 1989 1899 3648 1991; baseline 0.01 -37"><span class='ocrx_word' id='word_1_319' title='bbox 1989 1899 2480 1974; x_wconf 85' lang='lat' dir='ltr'><strong>Constantinopoli,</strong></span> <span class='ocrx_word' id='word_1_320' title='bbox 2518 1921 2627 1975; x_wconf 88' lang='lat' dir='ltr'><strong>quo</strong></span> <span class='ocrx_word' id='word_1_321' title='bbox 2676 1919 2924 1976; x_wconf 87' lang='lat' dir='ltr'><strong>vocatus,</strong></span> <span class='ocrx_word' id='word_1_322' title='bbox 2982 1911 3292 1968; x_wconf 89' lang='lat' dir='ltr'><strong>damnarat.</strong></span> <span class='ocrx_word' id='word_1_323' title='bbox 3347 1914 3453 1970; x_wconf 88' lang='lat' dir='ltr'><strong>Sed</strong></span> <span class='ocrx_word' id='word_1_324' title='bbox 3507 1925 3562 1970; x_wconf 85' lang='lat' dir='ltr'><strong>et</strong></span> <span class='ocrx_word' id='word_1_325' title='bbox 3631 1984 3648 1991; x_wconf 24' lang='grc' dir='ltr'>ἱ</span> 
     </span>
    </p>
   </div>
   <div class='ocr_carea' id='block_1_48' title="bbox 1991 1992 3564 2076">
    <p class='ocr_par' dir='ltr' id='par_1_48' title="bbox 1991 1992 3564 2076">
     <span class='ocr_line' id='line_1_48' title="bbox 1991 1992 3564 2076; baseline 0.009 -28"><span class='ocrx_word' id='word_1_326' title='bbox 1991 1992 2230 2048; x_wconf 86' lang='lat' dir='ltr'><strong>concilio</strong></span> <span class='ocrx_word' id='word_1_327' title='bbox 2265 2010 2441 2064; x_wconf 89' lang='lat' dir='ltr'><strong>neque</strong></span> <span class='ocrx_word' id='word_1_328' title='bbox 2472 1997 2662 2053; x_wconf 80' lang='lat' dir='ltr'><strong>adesse</strong></span> <span class='ocrx_word' id='word_1_329' title='bbox 2716 1999 2832 2069; x_wconf 86' lang='lat' dir='ltr'><strong>ipse</strong></span> <span class='ocrx_word' id='word_1_330' title='bbox 2883 2001 3072 2068; x_wconf 86' lang='lat' dir='ltr'><strong>voluit,</strong></span> <span class='ocrx_word' id='word_1_331' title='bbox 3130 2019 3306 2073; x_wconf 87' lang='lat' dir='ltr'><strong>neque</strong></span> <span class='ocrx_word' id='word_1_332' title='bbox 3356 2007 3564 2076; x_wconf 79' lang='lat' dir='ltr'><strong>legatos</strong></span> 
     </span>
    </p>
   </div>
   <div class='ocr_carea' id='block_1_49' title="bbox 1993 2081 3563 2170">
    <p class='ocr_par' dir='ltr' id='par_1_49' title="bbox 1993 2081 3563 2170">
     <span class='ocr_line' id='line_1_49' title="bbox 1993 2081 3563 2170; baseline 0.013 -37"><span class='ocrx_word' id='word_1_333' title='bbox 1993 2081 2252 2136; x_wconf 86' lang='lat' dir='ltr'><strong>mittere:</strong></span> <span class='ocrx_word' id='word_1_334' title='bbox 2291 2086 2462 2170; x_wconf 82' lang='lat' dir='ltr'><strong>semel</strong></span> <span class='ocrx_word' id='word_1_335' title='bbox 2493 2091 2643 2166; x_wconf 83' lang='lat' dir='ltr'><strong>enim</strong></span> <span class='ocrx_word' id='word_1_336' title='bbox 2676 2089 2988 2162; x_wconf 90' lang='lat' dir='ltr'><strong>iterumque</strong></span> <span class='ocrx_word' id='word_1_337' title='bbox 3030 2108 3060 2147; x_wconf 88' lang='lat' dir='ltr'><strong>a</strong></span> <span class='ocrx_word' id='word_1_338' title='bbox 3121 2096 3316 2165; x_wconf 80' lang='lat' dir='ltr'><strong>synodi</strong></span> <span class='ocrx_word' id='word_1_339' title='bbox 3369 2098 3563 2169; x_wconf 80' lang='lat' dir='ltr'><strong>legatis</strong></span> 
     </span>
    </p>
   </div>
   <div class='ocr_carea' id='block_1_50' title="bbox 1993 2171 3560 2256">
    <p class='ocr_par' dir='ltr' id='par_1_50' title="bbox 1993 2171 3560 2256">
     <span class='ocr_line' id='line_1_50' title="bbox 1993 2171 3560 2256; baseline 0.012 -31"><span class='ocrx_word' id='word_1_340' title='bbox 1993 2171 2276 2239; x_wconf 84' lang='lat' dir='ltr'><strong>invitatus,</strong></span> <span class='ocrx_word' id='word_1_341' title='bbox 2310 2183 2372 2228; x_wconf 89' lang='lat' dir='ltr'><strong>ut</strong></span> <span class='ocrx_word' id='word_1_342' title='bbox 2391 2175 2508 2245; x_wconf 84' lang='lat' dir='ltr'><strong>ipse</strong></span> <span class='ocrx_word' id='word_1_343' title='bbox 2531 2193 2653 2232; x_wconf 90' lang='lat' dir='ltr'><strong>cum</strong></span> <span class='ocrx_word' id='word_1_344' title='bbox 2677 2181 2950 2252; x_wconf 86' lang='lat' dir='ltr'><strong>episcopis</strong></span> <span class='ocrx_word' id='word_1_345' title='bbox 2981 2185 3204 2254; x_wconf 83' lang='lat' dir='ltr'><strong>reliquis</strong></span> <span class='ocrx_word' id='word_1_346' title='bbox 3225 2191 3560 2256; x_wconf 88' lang='lat' dir='ltr'><strong>conveniret,</strong></span> 
     </span>
    </p>
   </div>
   <div class='ocr_carea' id='block_1_51' title="bbox 1993 2266 3560 2355">
    <p class='ocr_par' dir='ltr' id='par_1_51' title="bbox 1993 2266 3560 2355">
     <span class='ocr_line' id='line_1_51' title="bbox 1993 2266 3560 2355; baseline 0.013 -37"><span class='ocrx_word' id='word_1_347' title='bbox 1993 2266 2156 2321; x_wconf 89' lang='lat' dir='ltr'><strong>modo</strong></span> <span class='ocrx_word' id='word_1_348' title='bbox 2188 2267 2312 2332; x_wconf 89' lang='lat' dir='ltr'><strong>hoc,</strong></span> <span class='ocrx_word' id='word_1_349' title='bbox 2363 2272 2526 2326; x_wconf 89' lang='lat' dir='ltr'><strong>modo</strong></span> <span class='ocrx_word' id='word_1_350' title='bbox 2579 2273 2710 2328; x_wconf 92' lang='lat' dir='ltr'><strong>illud</strong></span> <span class='ocrx_word' id='word_1_351' title='bbox 2745 2287 3024 2346; x_wconf 65' lang='grc' dir='ltr'><strong>θευεειῑιιε,</strong></span> <span class='ocrx_word' id='word_1_352' title='bbox 3058 2282 3253 2336; x_wconf 86' lang='lat' dir='ltr'><strong>adduci</strong></span> <span class='ocrx_word' id='word_1_353' title='bbox 3281 2299 3560 2355; x_wconf 85' lang='lat' dir='ltr'><strong>nunquam</strong></span> 
     </span>
    </p>
   </div>
   <div class='ocr_carea' id='block_1_52' title="bbox 1992 2357 3564 2431">
    <p class='ocr_par' dir='ltr' id='par_1_52' title="bbox 1992 2357 3564 2431">
     <span class='ocr_line' id='line_1_52' title="bbox 1992 2357 3564 2431; baseline 0.015 -24"><span class='ocrx_word' id='word_1_354' title='bbox 1992 2357 2194 2424; x_wconf 85' lang='lat' dir='ltr'><strong>potuit,</strong></span> <span class='ocrx_word' id='word_1_355' title='bbox 2226 2367 2287 2412; x_wconf 90' lang='lat' dir='ltr'><strong>ut</strong></span> <span class='ocrx_word' id='word_1_356' title='bbox 2315 2374 2376 2415; x_wconf 77' lang='lat' dir='ltr'><strong>se</strong></span> <span class='ocrx_word' id='word_1_357' title='bbox 2427 2374 2692 2430; x_wconf 73' lang='lat' dir='ltr'><strong>praesente</strong></span> <span class='ocrx_word' id='word_1_358' title='bbox 2738 2369 3032 2425; x_wconf 77' lang='lat' dir='ltr'><strong>concilium</strong></span> <span class='ocrx_word' id='word_1_359' title='bbox 3095 2371 3402 2429; x_wconf 85' lang='lat' dir='ltr'><strong>haberetur.</strong></span> <span class='ocrx_word' id='word_1_360' title='bbox 3461 2375 3564 2431; x_wconf 83' lang='lat' dir='ltr'><strong>Ille</strong></span> 
     </span>
    </p>
   </div>
   <div class='ocr_carea' id='block_1_53' title="bbox 1992 2454 3558 2526">
    <p class='ocr_par' dir='ltr' id='par_1_53' title="bbox 1992 2454 3558 2526">
     <span class='ocr_line' id='line_1_53' title="bbox 1992 2454 3558 2526; baseline 0.012 -26"><span class='ocrx_word' id='word_1_361' title='bbox 1992 2463 2111 2502; x_wconf 77' lang='lat' dir='ltr'><strong>vero</strong></span> <span class='ocrx_word' id='word_1_362' title='bbox 2143 2454 2448 2519; x_wconf 89' lang='lat' dir='ltr'><strong>(oratorum</strong></span> <span class='ocrx_word' id='word_1_363' title='bbox 2486 2459 2677 2526; x_wconf 84' lang='lat' dir='ltr'><strong>synodi</strong></span> <span class='ocrx_word' id='word_1_364' title='bbox 2708 2460 2869 2514; x_wconf 87' lang='lat' dir='ltr'><strong>verba</strong></span> <span class='ocrx_word' id='word_1_365' title='bbox 2899 2469 3046 2524; x_wconf 87' lang='lat' dir='ltr'><strong>sunt,</strong></span> <span class='ocrx_word' id='word_1_366' title='bbox 3077 2463 3371 2518; x_wconf 73' lang='lat' dir='ltr'><strong>collatione</strong></span> <span class='ocrx_word' id='word_1_367' title='bbox 3403 2466 3438 2520; x_wconf 78' lang='grc'><strong>5</strong></span> <span class='ocrx_word' id='word_1_368' title='bbox 3463 2483 3558 2521; x_wconf 63' lang='lat' dir='ltr'><strong>et-</strong></span> 
     </span>
    </p>
   </div>
   <div class='ocr_carea' id='block_1_54' title="bbox 1993 2539 3560 2622">
    <p class='ocr_par' dir='ltr' id='par_1_54' title="bbox 1993 2539 3560 2622">
     <span class='ocr_line' id='line_1_54' title="bbox 1993 2539 3560 2622; baseline 0.012 -33"><span class='ocrx_word' id='word_1_369' title='bbox 1993 2539 2192 2606; x_wconf 81' lang='lat' dir='ltr'><strong>posita)</strong></span> <span class='ocrx_word' id='word_1_370' title='bbox 2226 2545 2495 2611; x_wconf 78' lang='lat' dir='ltr'><strong>respondit</strong></span> <span class='ocrx_word' id='word_1_371' title='bbox 2522 2563 2625 2600; x_wconf 89' lang='lat' dir='ltr'><strong>non</strong></span> <span class='ocrx_word' id='word_1_372' title='bbox 2654 2564 2806 2616; x_wconf 83' lang='lat' dir='ltr'><strong>posse</strong></span> <span class='ocrx_word' id='word_1_373' title='bbox 2834 2565 2944 2603; x_wconf 82' lang='lat' dir='ltr'><strong>una</strong></span> <span class='ocrx_word' id='word_1_374' title='bbox 2962 2553 3232 2606; x_wconf 84' lang='lat' dir='ltr'><strong>nobiscum</strong></span> <span class='ocrx_word' id='word_1_375' title='bbox 3266 2560 3560 2622; x_wconf 80' lang='lat' dir='ltr'><strong>convenire,</strong></span> 
     </span>
    </p>
   </div>
   <div class='ocr_carea' id='block_1_55' title="bbox 1993 2632 3562 2716">
    <p class='ocr_par' dir='ltr' id='par_1_55' title="bbox 1993 2632 3562 2716">
     <span class='ocr_line' id='line_1_55' title="bbox 1993 2632 3562 2716; baseline 0.013 -37"><span class='ocrx_word' id='word_1_376' title='bbox 1993 2643 2051 2680; x_wconf 90' lang='lat' dir='ltr'><strong>eo</strong></span> <span class='ocrx_word' id='word_1_377' title='bbox 2080 2632 2220 2698; x_wconf 87' lang='lat' dir='ltr'><strong>quod</strong></span> <span class='ocrx_word' id='word_1_378' title='bbox 2239 2633 2460 2700; x_wconf 81' lang='lat' dir='ltr'><strong>plurimi</strong></span> <span class='ocrx_word' id='word_1_379' title='bbox 2487 2637 2572 2690; x_wconf 86' lang='lat' dir='ltr'><strong>hic</strong></span> <span class='ocrx_word' id='word_1_380' title='bbox 2596 2641 2806 2708; x_wconf 83' lang='lat' dir='ltr'><strong>quidem</strong></span> <span class='ocrx_word' id='word_1_381' title='bbox 2834 2652 2955 2693; x_wconf 85' lang='lat' dir='ltr'><strong>sunt</strong></span> <span class='ocrx_word' id='word_1_382' title='bbox 2983 2639 3277 2698; x_wconf 83' lang='lat' dir='ltr'><strong>Orientales</strong></span> <span class='ocrx_word' id='word_1_383' title='bbox 3309 2649 3562 2716; x_wconf 86' lang='lat' dir='ltr'><strong>episcopi,</strong></span> 
     </span>
    </p>
   </div>
   <div class='ocr_carea' id='block_1_56' title="bbox 1992 2723 3562 2806">
    <p class='ocr_par' dir='ltr' id='par_1_56' title="bbox 1992 2723 3562 2806">
     <span class='ocr_line' id='line_1_56' title="bbox 1992 2723 3562 2806; baseline 0.011 -34"><span class='ocrx_word' id='word_1_384' title='bbox 1992 2723 2150 2789; x_wconf 85' lang='lat' dir='ltr'><strong>pauci</strong></span> <span class='ocrx_word' id='word_1_385' title='bbox 2189 2739 2306 2778; x_wconf 81' lang='lat' dir='ltr'><strong>vero</strong></span> <span class='ocrx_word' id='word_1_386' title='bbox 2337 2742 2458 2779; x_wconf 86' lang='lat' dir='ltr'><strong>cum</strong></span> <span class='ocrx_word' id='word_1_387' title='bbox 2503 2745 2562 2781; x_wconf 90' lang='lat' dir='ltr'><strong>eo</strong></span> <span class='ocrx_word' id='word_1_388' title='bbox 2591 2745 2611 2782; x_wconf 90' lang='lat'><strong><em>:</em></strong></span> <span class='ocrx_word' id='word_1_389' title='bbox 2645 2731 2823 2799; x_wconf 74' lang='lat' dir='ltr'><strong>facere</strong></span> <span class='ocrx_word' id='word_1_390' title='bbox 2863 2745 3038 2786; x_wconf 86' lang='lat' dir='ltr'><strong>autem</strong></span> <span class='ocrx_word' id='word_1_391' title='bbox 3089 2751 3180 2803; x_wconf 86' lang='lat' dir='ltr'><strong>per</strong></span> <span class='ocrx_word' id='word_1_392' title='bbox 3226 2751 3562 2806; x_wconf 76' lang='lat' dir='ltr'><strong>semetipsum</strong></span> 
     </span>
    </p>
   </div>
   <div class='ocr_carea' id='block_1_57' title="bbox 1995 2817 3565 2898">
    <p class='ocr_par' dir='ltr' id='par_1_57' title="bbox 1995 2817 3565 2898">
     <span class='ocr_line' id='line_1_57' title="bbox 1995 2817 3565 2898; baseline 0.011 -32"><span class='ocrx_word' id='word_1_393' title='bbox 1995 2817 2332 2882; x_wconf 86' lang='lat' dir='ltr'><strong>sententiam,</strong></span> <span class='ocrx_word' id='word_1_394' title='bbox 2369 2829 2418 2874; x_wconf 89' lang='lat' dir='ltr'><strong>et</strong></span> <span class='ocrx_word' id='word_1_395' title='bbox 2449 2821 2632 2890; x_wconf 76' lang='lat' dir='ltr'><strong>offerre</strong></span> <span class='ocrx_word' id='word_1_396' title='bbox 2663 2825 2903 2892; x_wconf 86' lang='lat' dir='ltr'><strong>piissimo</strong></span> <span class='ocrx_word' id='word_1_397' title='bbox 2937 2825 3170 2880; x_wconf 87' lang='lat' dir='ltr'><strong>domino.</strong></span> <span class='ocrx_word' id='word_1_398' title='bbox 3219 2833 3370 2893; x_wconf 87' lang='lat' dir='ltr'><strong>Quod</strong></span> <span class='ocrx_word' id='word_1_399' title='bbox 3410 2831 3565 2898; x_wconf 82' lang='lat' dir='ltr'><strong>plane</strong></span> 
     </span>
    </p>
   </div>
   <div class='ocr_carea' id='block_1_58' title="bbox 1997 2912 3564 2991">
    <p class='ocr_par' dir='ltr' id='par_1_58' title="bbox 1997 2912 3564 2991">
     <span class='ocr_line' id='line_1_58' title="bbox 1997 2912 3564 2991; baseline 0.011 -31"><span class='ocrx_word' id='word_1_400' title='bbox 1997 2919 2332 2965; x_wconf 83' lang='lat' dir='ltr'><strong>exsecutus:</strong></span> <span class='ocrx_word' id='word_1_401' title='bbox 2365 2913 2512 2966; x_wconf 90' lang='lat' dir='ltr'><strong>misit</strong></span> <span class='ocrx_word' id='word_1_402' title='bbox 2541 2917 2687 2968; x_wconf 91' lang='lat' dir='ltr'><strong>enini</strong></span> <span class='ocrx_word' id='word_1_403' title='bbox 2739 2912 3053 2973; x_wconf 73' lang='lat' dir='ltr'><strong>Justiniano</strong></span> <span class='ocrx_word' id='word_1_404' title='bbox 3108 2923 3244 2991; x_wconf 86' lang='lat' dir='ltr'><strong>Aug.</strong></span> <span class='ocrx_word' id='word_1_405' title='bbox 3298 2921 3564 2988; x_wconf 84' lang='lat' dir='ltr'><strong>libellum,</strong></span> 
     </span>
    </p>
   </div>
   <div class='ocr_carea' id='block_1_59' title="bbox 1989 3007 3566 3082">
    <p class='ocr_par' dir='ltr' id='par_1_59' title="bbox 1989 3007 3566 3082">
     <span class='ocr_line' id='line_1_59' title="bbox 1989 3007 3566 3082; baseline 0.01 -29"><span class='ocrx_word' id='word_1_406' title='bbox 1989 3015 2159 3068; x_wconf 91' lang='lat' dir='ltr'><strong>quem</strong></span> <span class='ocrx_word' id='word_1_407' title='bbox 2192 3007 2539 3060; x_wconf 84' lang='lat' dir='ltr'><strong>constitutum</strong></span> <span class='ocrx_word' id='word_1_408' title='bbox 2569 3009 2728 3074; x_wconf 83' lang='lat' dir='ltr'><strong>dixit,</strong></span> <span class='ocrx_word' id='word_1_409' title='bbox 2767 3011 2818 3064; x_wconf 91' lang='lat' dir='ltr'><strong>in</strong></span> <span class='ocrx_word' id='word_1_410' title='bbox 2845 3027 2955 3080; x_wconf 89' lang='lat' dir='ltr'><strong>quo</strong></span> <span class='ocrx_word' id='word_1_411' title='bbox 2973 3014 3104 3082; x_wconf 88' lang='lat' dir='ltr'><strong>quid</strong></span> <span class='ocrx_word' id='word_1_412' title='bbox 3126 3015 3190 3068; x_wconf 89' lang='lat' dir='ltr'><strong>de</strong></span> <span class='ocrx_word' id='word_1_413' title='bbox 3222 3015 3396 3069; x_wconf 85' lang='lat' dir='ltr'><strong>tribus</strong></span> <span class='ocrx_word' id='word_1_414' title='bbox 3438 3031 3566 3070; x_wconf 85' lang='lat' dir='ltr'><strong>scii-</strong></span> 
     </span>
    </p>
   </div>
   <div class='ocr_carea' id='block_1_60' title="bbox 303 3091 3567 3190">
    <p class='ocr_par' dir='ltr' id='par_1_60' title="bbox 303 3091 3567 3190">
     <span class='ocr_line' id='line_1_60' title="bbox 303 3091 3567 3190; baseline 0.001 -34"><span class='ocrx_word' id='word_1_415' title='bbox 303 3103 485 3157; x_wconf 83' lang='lat' dir='ltr'><strong>resim</strong></span> <span class='ocrx_word' id='word_1_416' title='bbox 511 3098 766 3168; x_wconf 84' lang='lat' dir='ltr'><strong>Gregorio</strong></span> <span class='ocrx_word' id='word_1_417' title='bbox 796 3099 966 3167; x_wconf 87' lang='lat' dir='ltr'><strong>aperit</strong></span> <span class='ocrx_word' id='word_1_418' title='bbox 1025 3097 1683 3167; x_wconf 77' lang='lat' dir='ltr'><strong>(Constantinopolitanus</strong></span> <span class='ocrx_word' id='word_1_419' title='bbox 1717 3099 1895 3152; x_wconf 86' lang='lat' dir='ltr'><strong>archi—</strong></span> <span class='ocrx_word' id='word_1_420' title='bbox 1921 3129 1966 3190; x_wconf 64' lang='grc' dir='ltr'><strong>ϐ</strong></span> <span class='ocrx_word' id='word_1_421' title='bbox 2001 3091 2125 3145; x_wconf 90' lang='lat' dir='ltr'><strong>tiret</strong></span> <span class='ocrx_word' id='word_1_422' title='bbox 2179 3094 2444 3164; x_wconf 86' lang='lat' dir='ltr'><strong>Capitulis</strong></span> <span class='ocrx_word' id='word_1_423' title='bbox 2491 3101 2723 3167; x_wconf 78' lang='lat' dir='ltr'><strong>aperuit,</strong></span> <span class='ocrx_word' id='word_1_424' title='bbox 2773 3099 3008 3171; x_wconf 81' lang='lat' dir='ltr'><strong>eumque</strong></span> <span class='ocrx_word' id='word_1_425' title='bbox 3056 3103 3241 3158; x_wconf 68' lang='lat' dir='ltr'><strong>Graece</strong></span> <span class='ocrx_word' id='word_1_426' title='bbox 3291 3120 3506 3160; x_wconf 71' lang='lat' dir='ltr'><strong>vei-sum</strong></span> <span class='ocrx_word' id='word_1_427' title='bbox 3535 3124 3567 3162; x_wconf 87' lang='lat' dir='ltr'><strong>a</strong></span> 
     </span>
    </p>
   </div>
   <div class='ocr_carea' id='block_1_61' title="bbox 309 3186 1893 3262">
    <p class='ocr_par' dir='ltr' id='par_1_61' title="bbox 309 3186 1893 3262">
     <span class='ocr_line' id='line_1_61' title="bbox 309 3186 1893 3262; baseline -0.002 -16"><span class='ocrx_word' id='word_1_428' title='bbox 309 3191 640 3262; x_wconf 68' lang='lat' dir='ltr'><strong>episcopus;</strong></span> <span class='ocrx_word' id='word_1_429' title='bbox 663 3197 908 3258; x_wconf 61' lang='lat' dir='ltr'><strong>quartum</strong></span> <span class='ocrx_word' id='word_1_430' title='bbox 931 3189 1204 3241; x_wconf 65' lang='lat' dir='ltr'><strong>exstiterat</strong></span> <span class='ocrx_word' id='word_1_431' title='bbox 1229 3186 1432 3258; x_wconf 83' lang='lat' dir='ltr'><strong>Sergio,</strong></span> <span class='ocrx_word' id='word_1_432' title='bbox 1464 3187 1620 3258; x_wconf 79' lang='lat' dir='ltr'><strong>Cyro,</strong></span> <span class='ocrx_word' id='word_1_433' title='bbox 1643 3197 1693 3241; x_wconf 83' lang='lat' dir='ltr'><strong>et</strong></span> <span class='ocrx_word' id='word_1_434' title='bbox 1724 3187 1893 3243; x_wconf 83' lang='lat' dir='ltr'><strong>Paulo</strong></span> 
     </span>
    </p>
   </div>
   <div class='ocr_carea' id='block_1_62' title="bbox 312 3277 1902 3352">
    <p class='ocr_par' dir='ltr' id='par_1_62' title="bbox 312 3277 1902 3352">
     <span class='ocr_line' id='line_1_62' title="bbox 312 3277 1902 3352; baseline -0.002 -17"><span class='ocrx_word' id='word_1_435' title='bbox 312 3279 783 3352; x_wconf 80' lang='lat' dir='ltr'><strong>perniciosissimis</strong></span> <span class='ocrx_word' id='word_1_436' title='bbox 827 3279 1152 3333; x_wconf 85' lang='lat' dir='ltr'><strong>auctoribus.</strong></span> <span class='ocrx_word' id='word_1_437' title='bbox 1189 3277 1306 3332; x_wconf 79' lang='lat' dir='ltr'><strong>Ita-</strong></span> <span class='ocrx_word' id='word_1_438' title='bbox 1334 3279 1529 3333; x_wconf 78' lang='lat' dir='ltr'><strong>multas</strong></span> <span class='ocrx_word' id='word_1_439' title='bbox 1587 3281 1768 3334; x_wconf 87' lang='lat' dir='ltr'><strong>beatus</strong></span> <span class='ocrx_word' id='word_1_440' title='bbox 1821 3282 1902 3334; x_wconf 84' lang='lat' dir='ltr'><strong>vir</strong></span> 
     </span>
    </p>
   </div>
   <div class='ocr_carea' id='block_1_63' title="bbox 313 3370 1903 3434">
    <p class='ocr_par' dir='ltr' id='par_1_63' title="bbox 313 3370 1903 3434">
     <span class='ocr_line' id='line_1_63' title="bbox 313 3370 1903 3434; baseline -0.001 -6"><span class='ocrx_word' id='word_1_441' title='bbox 313 3371 644 3428; x_wconf 67' lang='lat' dir='ltr'><strong>edidit&#39;cum</strong></span> <span class='ocrx_word' id='word_1_442' title='bbox 683 3370 752 3425; x_wconf 86' lang='lat' dir='ltr'><strong>ad</strong></span> <span class='ocrx_word' id='word_1_443' title='bbox 793 3371 1109 3434; x_wconf 79' lang='lat' dir='ltr'><strong>docentium,</strong></span> <span class='ocrx_word' id='word_1_444' title='bbox 1153 3379 1264 3423; x_wconf 86' lang='lat' dir='ltr'><strong>tum</strong></span> <span class='ocrx_word' id='word_1_445' title='bbox 1313 3371 1382 3425; x_wconf 86' lang='lat' dir='ltr'><strong>ad</strong></span> <span class='ocrx_word' id='word_1_446' title='bbox 1413 3371 1742 3427; x_wconf 65' lang='lat' dir='ltr'><strong>laudandum</strong></span> <span class='ocrx_word' id='word_1_447' title='bbox 1767 3388 1903 3428; x_wconf 80' lang='lat' dir='ltr'><strong>com-</strong></span> 
     </span>
    </p>
   </div>
   <div class='ocr_carea' id='block_1_64' title="bbox 317 3463 1903 3534">
    <p class='ocr_par' dir='ltr' id='par_1_64' title="bbox 317 3463 1903 3534">
     <span class='ocr_line' id='line_1_64' title="bbox 317 3463 1903 3534; baseline 0.001 -16"><span class='ocrx_word' id='word_1_448' title='bbox 317 3466 528 3530; x_wconf 83' lang='lat' dir='ltr'><strong>positas</strong></span> <span class='ocrx_word' id='word_1_449' title='bbox 577 3465 866 3528; x_wconf 51' lang='lat' dir='ltr'><strong>orationss,</strong></span> <span class='ocrx_word' id='word_1_450' title='bbox 919 3473 972 3518; x_wconf 92' lang='lat' dir='ltr'><strong>ut</strong></span> <span class='ocrx_word' id='word_1_451' title='bbox 1028 3465 1106 3518; x_wconf 74' lang='lat' dir='ltr'><strong>uel</strong></span> <span class='ocrx_word' id='word_1_452' title='bbox 1161 3463 1231 3517; x_wconf 84' lang='lat' dir='ltr'><strong>ad</strong></span> <span class='ocrx_word' id='word_1_453' title='bbox 1282 3465 1509 3532; x_wconf 86' lang='lat' dir='ltr'><strong>piissimi</strong></span> <span class='ocrx_word' id='word_1_454' title='bbox 1568 3466 1903 3534; x_wconf 87' lang='lat' dir='ltr'><strong>imperatoris</strong></span> 
     </span>
    </p>
   </div>
   <div class='ocr_carea' id='block_1_65' title="bbox 322 3553 1902 3624">
    <p class='ocr_par' dir='ltr' id='par_1_65' title="bbox 322 3553 1902 3624">
     <span class='ocr_line' id='line_1_65' title="bbox 322 3553 1902 3624; baseline 0 -16"><span class='ocrx_word' id='word_1_455' title='bbox 322 3555 502 3608; x_wconf 85' lang='lat' dir='ltr'><strong>nostri</strong></span> <span class='ocrx_word' id='word_1_456' title='bbox 531 3571 684 3608; x_wconf 85' lang='lat' dir='ltr'><strong>aures</strong></span> <span class='ocrx_word' id='word_1_457' title='bbox 715 3555 880 3624; x_wconf 84' lang='lat' dir='ltr'><strong>ipsius</strong></span> <span class='ocrx_word' id='word_1_458' title='bbox 907 3556 1053 3623; x_wconf 75' lang='lat' dir='ltr'><strong>fama</strong></span> <span class='ocrx_word' id='word_1_459' title='bbox 1078 3556 1386 3622; x_wconf 77' lang='lat' dir='ltr'><strong>pervaserit.</strong></span> <span class='ocrx_word' id='word_1_460' title='bbox 1422 3553 1555 3607; x_wconf 77' lang='lat' dir='ltr'><strong>Inde</strong></span> <span class='ocrx_word' id='word_1_461' title='bbox 1574 3567 1685 3620; x_wconf 81' lang='lat' dir='ltr'><strong>post</strong></span> <span class='ocrx_word' id='word_1_462' title='bbox 1711 3558 1902 3608; x_wconf 85' lang='lat' dir='ltr'><strong>multos</strong></span> 
     </span>
    </p>
   </div>
   <div class='ocr_carea' id='block_1_66' title="bbox 321 3643 1898 3711">
    <p class='ocr_par' dir='ltr' id='par_1_66' title="bbox 321 3643 1898 3711">
     <span class='ocr_line' id='line_1_66' title="bbox 321 3643 1898 3711; baseline 0.001 -14"><span class='ocrx_word' id='word_1_463' title='bbox 321 3647 439 3697; x_wconf 82' lang='lat' dir='ltr'><strong>dies</strong></span> <span class='ocrx_word' id='word_1_464' title='bbox 501 3644 696 3696; x_wconf 87' lang='lat' dir='ltr'><strong>adsunt</strong></span> <span class='ocrx_word' id='word_1_465' title='bbox 750 3644 978 3711; x_wconf 88' lang='lat' dir='ltr'><strong>episcopi</strong></span> <span class='ocrx_word' id='word_1_466' title='bbox 1032 3643 1458 3702; x_wconf 78' lang='lat' dir='ltr'><strong>Alexandrinus.</strong></span> <span class='ocrx_word' id='word_1_467' title='bbox 1521 3643 1898 3708; x_wconf 81' lang='lat' dir='ltr'><strong>Antiorlienus,</strong></span> 
     </span>
    </p>
   </div>
   <div class='ocr_carea' id='block_1_67' title="bbox 327 3733 1902 3805">
    <p class='ocr_par' dir='ltr' id='par_1_67' title="bbox 327 3733 1902 3805">
     <span class='ocr_line' id='line_1_67' title="bbox 327 3733 1902 3805; baseline 0 -15"><span class='ocrx_word' id='word_1_468' title='bbox 327 3736 636 3790; x_wconf 85' lang='lat' dir='ltr'><strong>Orientales</strong></span> <span class='ocrx_word' id='word_1_469' title='bbox 666 3751 863 3788; x_wconf 87' lang='lat' dir='ltr'><strong>omnes.</strong></span> <span class='ocrx_word' id='word_1_470' title='bbox 899 3733 1166 3788; x_wconf 84' lang='lat' dir='ltr'><strong>Romanus</strong></span> <span class='ocrx_word' id='word_1_471' title='bbox 1195 3750 1314 3788; x_wconf 74' lang='lat' dir='ltr'><strong>vero</strong></span> <span class='ocrx_word' id='word_1_472' title='bbox 1345 3735 1532 3804; x_wconf 83' lang='lat' dir='ltr'><strong>quippe</strong></span> <span class='ocrx_word' id='word_1_473' title='bbox 1551 3738 1698 3805; x_wconf 82' lang='lat' dir='ltr'><strong>gravi</strong></span> <span class='ocrx_word' id='word_1_474' title='bbox 1725 3737 1902 3790; x_wconf 86' lang='lat' dir='ltr'><strong>morbo</strong></span> 
     </span>
    </p>
   </div>
   <div class='ocr_carea' id='block_1_68' title="bbox 323 3825 1904 3900">
    <p class='ocr_par' dir='ltr' id='par_1_68' title="bbox 323 3825 1904 3900">
     <span class='ocr_line' id='line_1_68' title="bbox 323 3825 1904 3900; baseline 0.002 -20"><span class='ocrx_word' id='word_1_475' title='bbox 323 3828 574 3880; x_wconf 87' lang='lat' dir='ltr'><strong>detentus</strong></span> <span class='ocrx_word' id='word_1_476' title='bbox 607 3825 842 3880; x_wconf 84' lang='lat' dir='ltr'><strong>libellum</strong></span> <span class='ocrx_word' id='word_1_477' title='bbox 875 3827 1039 3880; x_wconf 89' lang='lat' dir='ltr'><strong>mittit</strong></span> <span class='ocrx_word' id='word_1_478' title='bbox 1090 3829 1304 3896; x_wconf 87' lang='lat' dir='ltr'><strong>propria</strong></span> <span class='ocrx_word' id='word_1_479' title='bbox 1347 3843 1510 3880; x_wconf 90' lang='lat' dir='ltr'><strong>manu</strong></span> <span class='ocrx_word' id='word_1_480' title='bbox 1535 3831 1904 3900; x_wconf 81' lang='lat' dir='ltr'><strong>conscriptum</strong></span> 
     </span>
    </p>
   </div>
   <div class='ocr_carea' id='block_1_69' title="bbox 323 3917 1907 3986">
    <p class='ocr_par' dir='ltr' id='par_1_69' title="bbox 323 3917 1907 3986">
     <span class='ocr_line' id='line_1_69' title="bbox 323 3917 1907 3986; baseline 0.004 -17"><span class='ocrx_word' id='word_1_481' title='bbox 323 3917 392 3970; x_wconf 86' lang='lat' dir='ltr'><strong>de</strong></span> <span class='ocrx_word' id='word_1_482' title='bbox 443 3919 704 3970; x_wconf 81' lang='lat' dir='ltr'><strong>sententia</strong></span> <span class='ocrx_word' id='word_1_483' title='bbox 753 3918 1161 3982; x_wconf 66' lang='lat' dir='ltr'><strong>ortliodoaiorum</strong></span> <span class='ocrx_word' id='word_1_484' title='bbox 1216 3919 1516 3973; x_wconf 87' lang='lat' dir='ltr'><strong>antistitum</strong></span> <span class='ocrx_word' id='word_1_485' title='bbox 1539 3921 1701 3986; x_wconf 80' lang='lat' dir='ltr'><strong>ipsius</strong></span> <span class='ocrx_word' id='word_1_486' title='bbox 1735 3921 1907 3975; x_wconf 89' lang='lat' dir='ltr'><strong>locum</strong></span> 
     </span>
    </p>
   </div>
   <div class='ocr_carea' id='block_1_70' title="bbox 327 4007 1904 4080">
    <p class='ocr_par' dir='ltr' id='par_1_70' title="bbox 327 4007 1904 4080">
     <span class='ocr_line' id='line_1_70' title="bbox 327 4007 1904 4080; baseline 0.003 -19"><span class='ocrx_word' id='word_1_487' title='bbox 327 4009 679 4063; x_wconf 79' lang='lat' dir='ltr'><strong>servantium.</strong></span> <span class='ocrx_word' id='word_1_488' title='bbox 711 4007 836 4062; x_wconf 87' lang='lat' dir='ltr'><strong>Non</strong></span> <span class='ocrx_word' id='word_1_489' title='bbox 868 4012 954 4064; x_wconf 89' lang='lat' dir='ltr'><strong>hic</strong></span> <span class='ocrx_word' id='word_1_490' title='bbox 977 4010 1124 4063; x_wconf 87' lang='lat' dir='ltr'><strong>litem</strong></span> <span class='ocrx_word' id='word_1_491' title='bbox 1150 4009 1422 4064; x_wconf 86' lang='lat' dir='ltr'><strong>intendam</strong></span> <span class='ocrx_word' id='word_1_492' title='bbox 1446 4009 1729 4080; x_wconf 88' lang='lat' dir='ltr'><strong>Cajetano,</strong></span> <span class='ocrx_word' id='word_1_493' title='bbox 1761 4011 1904 4080; x_wconf 86' lang='lat' dir='ltr'><strong>quod</strong></span> 
     </span>
    </p>
   </div>
   <div class='ocr_carea' id='block_1_71' title="bbox 233 4100 1909 4172">
    <p class='ocr_par' dir='ltr' id='par_1_71' title="bbox 233 4100 1909 4172">
     <span class='ocr_line' id='line_1_71' title="bbox 233 4100 1909 4172; baseline 0 -16"><span class='ocrx_word' id='word_1_494' title='bbox 233 4167 244 4172; x_wconf 94' lang='lat'><em>_</em></span> <span class='ocrx_word' id='word_1_495' title='bbox 326 4109 525 4170; x_wconf 84' lang='lat' dir='ltr'><strong>aperte</strong></span> <span class='ocrx_word' id='word_1_496' title='bbox 551 4100 980 4156; x_wconf 85' lang='lat' dir='ltr'><strong>dicaturhahita</strong></span> <span class='ocrx_word' id='word_1_497' title='bbox 1015 4102 1254 4172; x_wconf 84' lang='lat' dir='ltr'><strong>synodus</strong></span> <span class='ocrx_word' id='word_1_498' title='bbox 1282 4103 1685 4172; x_wconf 81' lang='lat' dir='ltr'><strong>proscribendae</strong></span> <span class='ocrx_word' id='word_1_499' title='bbox 1718 4102 1909 4156; x_wconf 78' lang='lat' dir='ltr'><strong>Mono-</strong></span> 
     </span>
    </p>
   </div>
   <div class='ocr_carea' id='block_1_72' title="bbox 329 4190 1909 4262">
    <p class='ocr_par' dir='ltr' id='par_1_72' title="bbox 329 4190 1909 4262">
     <span class='ocr_line' id='line_1_72' title="bbox 329 4190 1909 4262; baseline 0 -17"><span class='ocrx_word' id='word_1_500' title='bbox 329 4190 651 4245; x_wconf 83' lang='lat' dir='ltr'><strong>thelitariim</strong></span> <span class='ocrx_word' id='word_1_501' title='bbox 684 4192 900 4256; x_wconf 65' lang='lat' dir='ltr'><strong>haeresi,</strong></span> <span class='ocrx_word' id='word_1_502' title='bbox 933 4201 1096 4260; x_wconf 85' lang='lat' dir='ltr'><strong>atque</strong></span> <span class='ocrx_word' id='word_1_503' title='bbox 1125 4193 1262 4250; x_wconf 87' lang='lat' dir='ltr'><strong>adeo</strong></span> <span class='ocrx_word' id='word_1_504' title='bbox 1313 4193 1464 4260; x_wconf 84' lang='lat' dir='ltr'><strong>nigro</strong></span> <span class='ocrx_word' id='word_1_505' title='bbox 1499 4191 1644 4246; x_wconf 85' lang='lat' dir='ltr'><strong>theta</strong></span> <span class='ocrx_word' id='word_1_506' title='bbox 1689 4194 1909 4262; x_wconf 83' lang='lat' dir='ltr'><strong>signan-</strong></span> 
     </span>
    </p>
   </div>
   <div class='ocr_carea' id='block_1_73' title="bbox 328 4278 1906 4352">
    <p class='ocr_par' dir='ltr' id='par_1_73' title="bbox 328 4278 1906 4352">
     <span class='ocr_line' id='line_1_73' title="bbox 328 4278 1906 4352; baseline 0.001 -18"><span class='ocrx_word' id='word_1_507' title='bbox 328 4280 418 4334; x_wconf 87' lang='lat' dir='ltr'><strong>dis</strong></span> <span class='ocrx_word' id='word_1_508' title='bbox 448 4278 664 4350; x_wconf 87' lang='lat' dir='ltr'><strong>Sergio,</strong></span> <span class='ocrx_word' id='word_1_509' title='bbox 695 4281 860 4352; x_wconf 90' lang='lat' dir='ltr'><strong>Cyro,</strong></span> <span class='ocrx_word' id='word_1_510' title='bbox 895 4280 1072 4336; x_wconf 86' lang='lat' dir='ltr'><strong>Paulo</strong></span> <span class='ocrx_word' id='word_1_511' title='bbox 1101 4283 1366 4337; x_wconf 57' lang='lat' dir='ltr'><strong>haeretica:</strong></span> <span class='ocrx_word' id='word_1_512' title='bbox 1404 4282 1656 4337; x_wconf 88' lang='lat' dir='ltr'><strong>factionis</strong></span> <span class='ocrx_word' id='word_1_513' title='bbox 1699 4283 1906 4338; x_wconf 78' lang='lat' dir='ltr'><strong>antesi-</strong></span> 
     </span>
    </p>
   </div>
   <div class='ocr_carea' id='block_1_74' title="bbox 331 4373 1906 4445">
    <p class='ocr_par' dir='ltr' id='par_1_74' title="bbox 331 4373 1906 4445">
     <span class='ocr_line' id='line_1_74' title="bbox 331 4373 1906 4445; baseline 0.002 -19"><span class='ocrx_word' id='word_1_514' title='bbox 331 4373 552 4442; x_wconf 83' lang='lat' dir='ltr'><strong>gnanis.</strong></span> <span class='ocrx_word' id='word_1_515' title='bbox 579 4374 851 4442; x_wconf 80' lang='lat' dir='ltr'><strong>Quidquid</strong></span> <span class='ocrx_word' id='word_1_516' title='bbox 879 4375 982 4429; x_wconf 90' lang='lat' dir='ltr'><strong>hoc</strong></span> <span class='ocrx_word' id='word_1_517' title='bbox 1001 4385 1106 4440; x_wconf 87' lang='lat' dir='ltr'><strong>est,</strong></span> <span class='ocrx_word' id='word_1_518' title='bbox 1140 4374 1282 4443; x_wconf 88' lang='lat' dir='ltr'><strong>quod</strong></span> <span class='ocrx_word' id='word_1_519' title='bbox 1307 4384 1452 4429; x_wconf 86' lang='lat' dir='ltr'><strong>certe</strong></span> <span class='ocrx_word' id='word_1_520' title='bbox 1478 4390 1750 4445; x_wconf 82' lang='lat' dir='ltr'><strong>magnum,</strong></span> <span class='ocrx_word' id='word_1_521' title='bbox 1784 4391 1906 4430; x_wconf 81' lang='lat' dir='ltr'><strong>cau-</strong></span> 
     </span>
    </p>
   </div>
   <div class='ocr_carea' id='block_1_75' title="bbox 2004 3181 3566 3269">
    <p class='ocr_par' dir='ltr' id='par_1_75' title="bbox 2004 3181 3566 3269">
     <span class='ocr_line' id='line_1_75' title="bbox 2004 3181 3566 3269; baseline 0.009 -32"><span class='ocrx_word' id='word_1_522' title='bbox 2004 3181 2364 3269; x_wconf 81' lang='lat' dir='ltr'><strong>Constantino</strong></span> <span class='ocrx_word' id='word_1_523' title='bbox 2386 3193 2527 3246; x_wconf 86' lang='lat' dir='ltr'><strong>sacri</strong></span> <span class='ocrx_word' id='word_1_524' title='bbox 2561 3195 2744 3262; x_wconf 82' lang='lat' dir='ltr'><strong>palatii</strong></span> <span class='ocrx_word' id='word_1_525' title='bbox 2789 3205 3060 3264; x_wconf 61' lang='lat' dir='ltr'><strong>quaestore</strong></span> <span class='ocrx_word' id='word_1_526' title='bbox 3089 3199 3287 3250; x_wconf 82' lang='lat' dir='ltr'><strong>lectum</strong></span> <span class='ocrx_word' id='word_1_527' title='bbox 3317 3199 3483 3252; x_wconf 89' lang='lat' dir='ltr'><strong>voluit</strong></span> <span class='ocrx_word' id='word_1_528' title='bbox 3514 3200 3566 3251; x_wconf 85' lang='lat' dir='ltr'><strong>in</strong></span> 
     </span>
    </p>
   </div>
   <div class='ocr_carea' id='block_1_76' title="bbox 2001 3277 3566 3351">
    <p class='ocr_par' dir='ltr' id='par_1_76' title="bbox 2001 3277 3566 3351">
     <span class='ocr_line' id='line_1_76' title="bbox 2001 3277 3566 3351; baseline 0.012 -26"><span class='ocrx_word' id='word_1_529' title='bbox 2001 3277 2210 3344; x_wconf 87' lang='lat' dir='ltr'><strong>synodo</strong></span> <span class='ocrx_word' id='word_1_530' title='bbox 2243 3280 2558 3351; x_wconf 84' lang='lat' dir='ltr'><strong>imperator,</strong></span> <span class='ocrx_word' id='word_1_531' title='bbox 2593 3295 2652 3338; x_wconf 89' lang='lat' dir='ltr'><strong>ut</strong></span> <span class='ocrx_word' id='word_1_532' title='bbox 2679 3289 2730 3339; x_wconf 92' lang='lat' dir='ltr'><strong>in</strong></span> <span class='ocrx_word' id='word_1_533' title='bbox 2766 3287 3058 3344; x_wconf 40' lang='lat' dir='ltr'><strong>collatione</strong></span> <span class='ocrx_word' id='word_1_534' title='bbox 3087 3289 3120 3342; x_wconf 85' lang='lat'><strong>7</strong></span> <span class='ocrx_word' id='word_1_535' title='bbox 3149 3289 3402 3342; x_wconf 88' lang='lat' dir='ltr'><strong>traditur.</strong></span> <span class='ocrx_word' id='word_1_536' title='bbox 3435 3291 3566 3343; x_wconf 83' lang='lat' dir='ltr'><strong>Cum</strong></span> 
     </span>
    </p>
   </div>
   <div class='ocr_carea' id='block_1_77' title="bbox 2003 3361 3569 3444">
    <p class='ocr_par' dir='ltr' id='par_1_77' title="bbox 2003 3361 3569 3444">
     <span class='ocr_line' id='line_1_77' title="bbox 2003 3361 3569 3444; baseline 0.012 -31"><span class='ocrx_word' id='word_1_537' title='bbox 2003 3361 2168 3432; x_wconf 81' lang='lat' dir='ltr'><strong>igitur</strong></span> <span class='ocrx_word' id='word_1_538' title='bbox 2204 3367 2672 3442; x_wconf 85' lang='lat' dir='ltr'><strong>Constantinopoli</strong></span> <span class='ocrx_word' id='word_1_539' title='bbox 2725 3386 3036 3430; x_wconf 69' lang='lat' dir='ltr'><strong>versaretur</strong></span> <span class='ocrx_word' id='word_1_540' title='bbox 3074 3375 3322 3444; x_wconf 81' lang='lat' dir='ltr'><strong>Vigilius,</strong></span> <span class='ocrx_word' id='word_1_541' title='bbox 3360 3383 3569 3432; x_wconf 79' lang='lat' dir='ltr'><strong>aninm-</strong></span> 
     </span>
    </p>
   </div>
   <div class='ocr_carea' id='block_1_78' title="bbox 2002 3456 3573 3533">
    <p class='ocr_par' dir='ltr' id='par_1_78' title="bbox 2002 3456 3573 3533">
     <span class='ocr_line' id='line_1_78' title="bbox 2002 3456 3573 3533; baseline 0.012 -28"><span class='ocrx_word' id='word_1_542' title='bbox 2002 3470 2108 3521; x_wconf 85' lang='lat' dir='ltr'><strong>que</strong></span> <span class='ocrx_word' id='word_1_543' title='bbox 2131 3456 2470 3525; x_wconf 89' lang='lat' dir='ltr'><strong>instituerit,</strong></span> <span class='ocrx_word' id='word_1_544' title='bbox 2513 3463 2716 3517; x_wconf 84' lang='lat' dir='ltr'><strong>nullam</strong></span> <span class='ocrx_word' id='word_1_545' title='bbox 2761 3465 2986 3533; x_wconf 87' lang='lat' dir='ltr'><strong>injicere</strong></span> <span class='ocrx_word' id='word_1_546' title='bbox 3019 3467 3400 3522; x_wconf 80' lang='lat' dir='ltr'><strong>auctoritatem</strong></span> <span class='ocrx_word' id='word_1_547' title='bbox 3440 3485 3573 3524; x_wconf 85' lang='lat' dir='ltr'><strong>con-</strong></span> 
     </span>
    </p>
   </div>
   <div class='ocr_carea' id='block_1_79' title="bbox 2004 3544 3574 3628">
    <p class='ocr_par' dir='ltr' id='par_1_79' title="bbox 2004 3544 3574 3628">
     <span class='ocr_line' id='line_1_79' title="bbox 2004 3544 3574 3628; baseline 0.012 -34"><span class='ocrx_word' id='word_1_548' title='bbox 2004 3544 2162 3610; x_wconf 86' lang='lat' dir='ltr'><strong>cilio,.</strong></span> <span class='ocrx_word' id='word_1_549' title='bbox 2184 3549 2330 3614; x_wconf 86' lang='lat' dir='ltr'><strong>quod</strong></span> <span class='ocrx_word' id='word_1_550' title='bbox 2361 3551 2470 3614; x_wconf 91' lang='lat' dir='ltr'><strong>sui,</strong></span> <span class='ocrx_word' id='word_1_551' title='bbox 2504 3551 2608 3604; x_wconf 90' lang='lat' dir='ltr'><strong>hoc</strong></span> <span class='ocrx_word' id='word_1_552' title='bbox 2637 3555 3119 3618; x_wconf 77' lang='lat' dir='ltr'><strong>est,ecclesiastici</strong></span> <span class='ocrx_word' id='word_1_553' title='bbox 3151 3567 3376 3612; x_wconf 86' lang='lat' dir='ltr'><strong>senatus</strong></span> <span class='ocrx_word' id='word_1_554' title='bbox 3415 3561 3574 3628; x_wconf 85' lang='lat' dir='ltr'><strong>prin-</strong></span> 
     </span>
    </p>
   </div>
   <div class='ocr_carea' id='block_1_80' title="bbox 2008 3633 3573 3718">
    <p class='ocr_par' dir='ltr' id='par_1_80' title="bbox 2008 3633 3573 3718">
     <span class='ocr_line' id='line_1_80' title="bbox 2008 3633 3573 3718; baseline 0.011 -32"><span class='ocrx_word' id='word_1_555' title='bbox 2008 3633 2144 3702; x_wconf 86' lang='lat' dir='ltr'><strong>cipis</strong></span> <span class='ocrx_word' id='word_1_556' title='bbox 2162 3639 2447 3704; x_wconf 83' lang='lat' dir='ltr'><strong>praesentia</strong></span> <span class='ocrx_word' id='word_1_557' title='bbox 2464 3652 2695 3702; x_wconf 88' lang='lat' dir='ltr'><strong>carcret,</strong></span> <span class='ocrx_word' id='word_1_558' title='bbox 2719 3659 2827 3696; x_wconf 86' lang='lat' dir='ltr'><strong>non</strong></span> <span class='ocrx_word' id='word_1_559' title='bbox 2845 3653 2982 3709; x_wconf 82' lang='lat' dir='ltr'><strong>erat,</strong></span> <span class='ocrx_word' id='word_1_560' title='bbox 3009 3661 3106 3698; x_wconf 91' lang='lat' dir='ltr'><strong>cur</strong></span> <span class='ocrx_word' id='word_1_561' title='bbox 3125 3647 3272 3700; x_wconf 86' lang='lat' dir='ltr'><strong>viros</strong></span> <span class='ocrx_word' id='word_1_562' title='bbox 3293 3650 3573 3718; x_wconf 77' lang='lat' dir='ltr'><strong>deligeret,</strong></span> 
     </span>
    </p>
   </div>
   <div class='ocr_carea' id='block_1_81' title="bbox 1967 3724 3574 3808">
    <p class='ocr_par' dir='ltr' id='par_1_81' title="bbox 1967 3724 3574 3808">
     <span class='ocr_line' id='line_1_81' title="bbox 1967 3724 3574 3808; baseline 0.011 -33"><span class='ocrx_word' id='word_1_563' title='bbox 1967 3724 2098 3790; x_wconf 80' lang='lat' dir='ltr'><strong>qui</strong></span> <span class='ocrx_word' id='word_1_564' title='bbox 2147 3739 2273 3780; x_wconf 82' lang='lat' dir='ltr'><strong>suas</strong></span> <span class='ocrx_word' id='word_1_565' title='bbox 2323 3737 2503 3796; x_wconf 88' lang='lat' dir='ltr'><strong>partes</strong></span> <span class='ocrx_word' id='word_1_566' title='bbox 2538 3731 2858 3800; x_wconf 82' lang='lat' dir='ltr'><strong>1egatorum</strong></span> <span class='ocrx_word' id='word_1_567' title='bbox 2913 3750 3138 3788; x_wconf 88' lang='lat' dir='ltr'><strong>munere</strong></span> <span class='ocrx_word' id='word_1_568' title='bbox 3195 3735 3574 3808; x_wconf 78' lang='lat' dir='ltr'><strong>fungerentur,</strong></span> 
     </span>
    </p>
   </div>
   <div class='ocr_carea' id='block_1_82' title="bbox 1963 3816 3574 3890">
    <p class='ocr_par' dir='ltr' id='par_1_82' title="bbox 1963 3816 3574 3890">
     <span class='ocr_line' id='line_1_82' title="bbox 1963 3816 3574 3890; baseline 0.012 -27"><span class='ocrx_word' id='word_1_569' title='bbox 1963 3843 1967 3847; x_wconf 93' lang='lat'><strong><em>-</em></strong></span> <span class='ocrx_word' id='word_1_570' title='bbox 2009 3817 2150 3869; x_wconf 89' lang='lat' dir='ltr'><strong>unde</strong></span> <span class='ocrx_word' id='word_1_571' title='bbox 2203 3816 2512 3886; x_wconf 76' lang='lat' dir='ltr'><strong>legitimam</strong></span> <span class='ocrx_word' id='word_1_572' title='bbox 2549 3822 2813 3890; x_wconf 89' lang='lat' dir='ltr'><strong>synodum</strong></span> <span class='ocrx_word' id='word_1_573' title='bbox 2866 3825 3180 3879; x_wconf 79' lang='lat' dir='ltr'><strong>necessario</strong></span> <span class='ocrx_word' id='word_1_574' title='bbox 3225 3827 3452 3881; x_wconf 87' lang='lat' dir='ltr'><strong>diceiet.</strong></span> <span class='ocrx_word' id='word_1_575' title='bbox 3509 3829 3574 3883; x_wconf 81' lang='lat' dir='ltr'><strong>Et</strong></span> 
     </span>
    </p>
   </div>
   <div class='ocr_carea' id='block_1_83' title="bbox 2005 3909 3571 3982">
    <p class='ocr_par' dir='ltr' id='par_1_83' title="bbox 2005 3909 3571 3982">
     <span class='ocr_line' id='line_1_83' title="bbox 2005 3909 3571 3982; baseline 0.008 -22"><span class='ocrx_word' id='word_1_576' title='bbox 2005 3909 2224 3976; x_wconf 88' lang='lat' dir='ltr'><strong>quidem</strong></span> <span class='ocrx_word' id='word_1_577' title='bbox 2265 3925 2330 3965; x_wconf 84' lang='lat' dir='ltr'><strong>ex</strong></span> <span class='ocrx_word' id='word_1_578' title='bbox 2385 3911 2518 3982; x_wconf 89' lang='lat' dir='ltr'><strong>ipsis</strong></span> <span class='ocrx_word' id='word_1_579' title='bbox 2557 3915 2775 3968; x_wconf 85' lang='lat' dir='ltr'><strong>concilii</strong></span> <span class='ocrx_word' id='word_1_580' title='bbox 2825 3916 2978 3970; x_wconf 81' lang='lat' dir='ltr'><strong>Actis</strong></span> <span class='ocrx_word' id='word_1_581' title='bbox 3032 3916 3304 3982; x_wconf 86' lang='lat' dir='ltr'><strong>elicimus,</strong></span> <span class='ocrx_word' id='word_1_582' title='bbox 3365 3919 3571 3972; x_wconf 90' lang='lat' dir='ltr'><strong>nulluin</strong></span> 
     </span>
    </p>
   </div>
   <div class='ocr_carea' id='block_1_84' title="bbox 2007 3998 3577 4078">
    <p class='ocr_par' dir='ltr' id='par_1_84' title="bbox 2007 3998 3577 4078">
     <span class='ocr_line' id='line_1_84' title="bbox 2007 3998 3577 4078; baseline 0.009 -27"><span class='ocrx_word' id='word_1_583' title='bbox 2007 3998 2172 4056; x_wconf 88' lang='lat' dir='ltr'><strong>fuisse</strong></span> <span class='ocrx_word' id='word_1_584' title='bbox 2207 4000 2440 4057; x_wconf 82' lang='lat' dir='ltr'><strong>Romani</strong></span> <span class='ocrx_word' id='word_1_585' title='bbox 2483 4003 2719 4074; x_wconf 90' lang='lat' dir='ltr'><strong>episcopi</strong></span> <span class='ocrx_word' id='word_1_586' title='bbox 2749 4005 3004 4078; x_wconf 80' lang='lat' dir='ltr'><strong>legatum,</strong></span> <span class='ocrx_word' id='word_1_587' title='bbox 3039 4008 3182 4077; x_wconf 81' lang='lat' dir='ltr'><strong>quud</strong></span> <span class='ocrx_word' id='word_1_588' title='bbox 3237 4010 3577 4064; x_wconf 74' lang='lat' dir='ltr'><strong>ecclesiasti-</strong></span> 
     </span>
    </p>
   </div>
   <div class='ocr_carea' id='block_1_85' title="bbox 2005 4097 3577 4169">
    <p class='ocr_par' dir='ltr' id='par_1_85' title="bbox 2005 4097 3577 4169">
     <span class='ocr_line' id='line_1_85' title="bbox 2005 4097 3577 4169; baseline 0.006 -23"><span class='ocrx_word' id='word_1_589' title='bbox 2005 4105 2191 4146; x_wconf 87' lang='lat' dir='ltr'><strong>carum</strong></span> <span class='ocrx_word' id='word_1_590' title='bbox 2223 4109 2406 4148; x_wconf 86' lang='lat' dir='ltr'><strong>rcrum</strong></span> <span class='ocrx_word' id='word_1_591' title='bbox 2440 4097 2784 4165; x_wconf 83' lang='lat' dir='ltr'><strong>indagatores</strong></span> <span class='ocrx_word' id='word_1_592' title='bbox 2807 4100 3046 4152; x_wconf 88' lang='lat' dir='ltr'><strong>latentur</strong></span> <span class='ocrx_word' id='word_1_593' title='bbox 3070 4114 3280 4162; x_wconf 88' lang='lat' dir='ltr'><strong>omnes,</strong></span> <span class='ocrx_word' id='word_1_594' title='bbox 3309 4111 3577 4169; x_wconf 87' lang='lat' dir='ltr'><strong>uoceiqiie</strong></span> 
     </span>
    </p>
   </div>
   <div class='ocr_carea' id='block_1_86' title="bbox 1979 4185 3576 4262">
    <p class='ocr_par' dir='ltr' id='par_1_86' title="bbox 1979 4185 3576 4262">
     <span class='ocr_line' id='line_1_86' title="bbox 1979 4185 3576 4262; baseline 0.004 -24"><span class='ocrx_word' id='word_1_595' title='bbox 1979 4185 2096 4255; x_wconf 48' lang='lat' dir='ltr'><strong>.(ne</strong></span> <span class='ocrx_word' id='word_1_596' title='bbox 2129 4187 2250 4252; x_wconf 83' lang='lat' dir='ltr'><strong>sine</strong></span> <span class='ocrx_word' id='word_1_597' title='bbox 2274 4192 2444 4242; x_wconf 84' lang='lat' dir='ltr'><strong>veteri</strong></span> <span class='ocrx_word' id='word_1_598' title='bbox 2483 4191 2798 4244; x_wconf 89' lang='lat' dir='ltr'><strong>testimonio</strong></span> <span class='ocrx_word' id='word_1_599' title='bbox 2831 4208 2920 4246; x_wconf 86' lang='lat' dir='ltr'><strong>res</strong></span> <span class='ocrx_word' id='word_1_600' title='bbox 2963 4194 3318 4262; x_wconf 78' lang='lat' dir='ltr'><strong>transigatur)</strong></span> <span class='ocrx_word' id='word_1_601' title='bbox 3364 4192 3576 4246; x_wconf 85' lang='lat' dir='ltr'><strong>indicu-</strong></span> 
     </span>
    </p>
   </div>
   <div class='ocr_carea' id='block_1_87' title="bbox 1961 4277 3572 4350">
    <p class='ocr_par' dir='ltr' id='par_1_87' title="bbox 1961 4277 3572 4350">
     <span class='ocr_line' id='line_1_87' title="bbox 1961 4277 3572 4350; baseline 0.005 -22"><span class='ocrx_word' id='word_1_602' title='bbox 1961 4323 1970 4328; x_wconf 94' lang='lat'><strong>.</strong></span> <span class='ocrx_word' id='word_1_603' title='bbox 2007 4277 2092 4333; x_wconf 91' lang='lat' dir='ltr'><strong>lus</strong></span> <span class='ocrx_word' id='word_1_604' title='bbox 2115 4278 2206 4334; x_wconf 89' lang='lat' dir='ltr'><strong>ille</strong></span> <span class='ocrx_word' id='word_1_605' title='bbox 2239 4281 2292 4335; x_wconf 90' lang='lat' dir='ltr'><strong>in</strong></span> <span class='ocrx_word' id='word_1_606' title='bbox 2327 4283 2472 4350; x_wconf 86' lang='lat' dir='ltr'><strong>regia</strong></span> <span class='ocrx_word' id='word_1_607' title='bbox 2504 4281 2836 4336; x_wconf 81' lang='lat' dir='ltr'><strong>Parisiorum</strong></span> <span class='ocrx_word' id='word_1_608' title='bbox 2870 4283 3199 4341; x_wconf 78' lang='lat' dir='ltr'><strong>bibliotheca</strong></span> <span class='ocrx_word' id='word_1_609' title='bbox 3225 4299 3352 4338; x_wconf 76' lang='grc' dir='ltr'><strong>ωε..</strong></span> <span class='ocrx_word' id='word_1_610' title='bbox 3386 4283 3572 4336; x_wconf 79' lang='lat' dir='ltr'><strong>lauda-</strong></span> 
     </span>
    </p>
   </div>
   <div class='ocr_carea' id='block_1_88' title="bbox 2011 4373 3574 4445">
    <p class='ocr_par' dir='ltr' id='par_1_88' title="bbox 2011 4373 3574 4445">
     <span class='ocr_line' id='line_1_88' title="bbox 2011 4373 3574 4445; baseline 0.004 -24"><span class='ocrx_word' id='word_1_611' title='bbox 2011 4379 2204 4440; x_wconf 87' lang='lat' dir='ltr'><strong>iusque</strong></span> <span class='ocrx_word' id='word_1_612' title='bbox 2231 4388 2261 4426; x_wconf 91' lang='lat' dir='ltr'><strong>a</strong></span> <span class='ocrx_word' id='word_1_613' title='bbox 2290 4373 2353 4428; x_wconf 83' lang='lat' dir='ltr'><strong>V.</strong></span> <span class='ocrx_word' id='word_1_614' title='bbox 2399 4373 2480 4430; x_wconf 87' lang='lat' dir='ltr'><strong>CI.</strong></span> <span class='ocrx_word' id='word_1_615' title='bbox 2514 4375 2790 4445; x_wconf 84' lang='lat' dir='ltr'><strong>Stephano</strong></span> <span class='ocrx_word' id='word_1_616' title='bbox 2846 4375 3084 4433; x_wconf 82' lang='lat' dir='ltr'><strong>Baliizio,</strong></span> <span class='ocrx_word' id='word_1_617' title='bbox 3116 4376 3168 4429; x_wconf 91' lang='lat' dir='ltr'><strong>in</strong></span> <span class='ocrx_word' id='word_1_618' title='bbox 3205 4377 3470 4445; x_wconf 76' lang='lat' dir='ltr'><strong>supplent.</strong></span> <span class='ocrx_word' id='word_1_619' title='bbox 3505 4377 3574 4428; x_wconf 87' lang='lat' dir='ltr'><strong>ad</strong></span> 
     </span>
    </p>
   </div>
   <div class='ocr_carea' id='block_1_89' title="bbox 333 4453 3576 4539">
    <p class='ocr_par' dir='ltr' id='par_1_89' title="bbox 333 4453 3576 4539">
     <span class='ocr_line' id='line_1_89' title="bbox 333 4453 3576 4539; baseline 0.002 -25"><span class='ocrx_word' id='word_1_620' title='bbox 333 4477 564 4532; x_wconf 86' lang='lat' dir='ltr'><strong>sainqiie</strong></span> <span class='ocrx_word' id='word_1_621' title='bbox 607 4463 821 4532; x_wconf 77' lang='lat' dir='ltr'><strong>jugulat</strong></span> <span class='ocrx_word' id='word_1_622' title='bbox 866 4463 1131 4534; x_wconf 76' lang='lat' dir='ltr'><strong>Cujetani,</strong></span> <span class='ocrx_word' id='word_1_623' title='bbox 1189 4473 1505 4533; x_wconf 71' lang='lat' dir='ltr'><strong>suspectum</strong></span> <span class='ocrx_word' id='word_1_624' title='bbox 1560 4464 1649 4518; x_wconf 87' lang='lat' dir='ltr'><strong>ille</strong></span> <span class='ocrx_word' id='word_1_625' title='bbox 1697 4465 1860 4519; x_wconf 87' lang='lat' dir='ltr'><strong>habet</strong></span> <span class='ocrx_word' id='word_1_626' title='bbox 1885 4453 1980 4539; x_wconf 8' lang='lat' dir='ltr'><strong>;‘D</strong></span> <span class='ocrx_word' id='word_1_627' title='bbox 2007 4463 2104 4518; x_wconf 90' lang='lat' dir='ltr'><strong>lib.</strong></span> <span class='ocrx_word' id='word_1_628' title='bbox 2139 4481 2166 4518; x_wconf 74' lang='grc' dir='ltr'><strong>ν</strong></span> <span class='ocrx_word' id='word_1_629' title='bbox 2195 4465 2273 4518; x_wconf 89' lang='lat' dir='ltr'><strong>De</strong></span> <span class='ocrx_word' id='word_1_630' title='bbox 2293 4483 2442 4520; x_wconf 87' lang='lat' dir='ltr'><strong>conc.</strong></span> <span class='ocrx_word' id='word_1_631' title='bbox 2471 4484 2582 4521; x_wconf 89' lang='lat' dir='ltr'><strong>sac.</strong></span> <span class='ocrx_word' id='word_1_632' title='bbox 2623 4477 2673 4520; x_wconf 89' lang='lat' dir='ltr'><strong>et</strong></span> <span class='ocrx_word' id='word_1_633' title='bbox 2705 4469 2854 4538; x_wconf 88' lang='lat' dir='ltr'><strong>imp.,</strong></span> <span class='ocrx_word' id='word_1_634' title='bbox 2889 4483 3010 4538; x_wconf 92' lang='lat' dir='ltr'><strong>cap.</strong></span> <span class='ocrx_word' id='word_1_635' title='bbox 3052 4469 3143 4533; x_wconf 67' lang='lat' dir='ltr'><strong>‘Zl,</strong></span> <span class='ocrx_word' id='word_1_636' title='bbox 3191 4468 3245 4520; x_wconf 91' lang='lat' dir='ltr'><strong>in</strong></span> <span class='ocrx_word' id='word_1_637' title='bbox 3280 4467 3438 4534; x_wconf 86' lang='lat' dir='ltr'><strong>cujus</strong></span> <span class='ocrx_word' id='word_1_638' title='bbox 3470 4467 3576 4520; x_wconf 84' lang='lat' dir='ltr'><strong>line</strong></span> 
     </span>
    </p>
   </div>
   <div class='ocr_carea' id='block_1_90' title="bbox 333 4553 1906 4626">
    <p class='ocr_par' dir='ltr' id='par_1_90' title="bbox 333 4553 1906 4626">
     <span class='ocr_line' id='line_1_90' title="bbox 333 4553 1906 4626; baseline 0.003 -21"><span class='ocrx_word' id='word_1_639' title='bbox 333 4560 388 4605; x_wconf 83' lang='lat' dir='ltr'><strong>ct</strong></span> <span class='ocrx_word' id='word_1_640' title='bbox 423 4560 608 4606; x_wconf 91' lang='lat' dir='ltr'><strong>tamen</strong></span> <span class='ocrx_word' id='word_1_641' title='bbox 637 4570 746 4608; x_wconf 91' lang='lat' dir='ltr'><strong>non</strong></span> <span class='ocrx_word' id='word_1_642' title='bbox 771 4557 935 4610; x_wconf 84' lang='lat' dir='ltr'><strong>.video</strong></span> <span class='ocrx_word' id='word_1_643' title='bbox 975 4571 1142 4626; x_wconf 85' lang='lat' dir='ltr'><strong>quam</strong></span> <span class='ocrx_word' id='word_1_644' title='bbox 1176 4571 1322 4610; x_wconf 86' lang='lat' dir='ltr'><strong>vere.</strong></span> <span class='ocrx_word' id='word_1_645' title='bbox 1373 4554 1530 4610; x_wconf 85' lang='lat' dir='ltr'><strong>Paria</strong></span> <span class='ocrx_word' id='word_1_646' title='bbox 1583 4564 1771 4611; x_wconf 89' lang='lat' dir='ltr'><strong>narrat</strong></span> <span class='ocrx_word' id='word_1_647' title='bbox 1820 4553 1906 4609; x_wconf 84' lang='lat' dir='ltr'><strong>Si-</strong></span> 
     </span>
    </p>
   </div>
   <div class='ocr_carea' id='block_1_91' title="bbox 338 4643 1902 4716">
    <p class='ocr_par' dir='ltr' id='par_1_91' title="bbox 338 4643 1902 4716">
     <span class='ocr_line' id='line_1_91' title="bbox 338 4643 1902 4716; baseline 0.003 -19"><span class='ocrx_word' id='word_1_648' title='bbox 338 4658 494 4697; x_wconf 87' lang='lat' dir='ltr'><strong>mcon</strong></span> <span class='ocrx_word' id='word_1_649' title='bbox 533 4643 946 4714; x_wconf 78' lang='lat' dir='ltr'><strong>Metaphrastes,</strong></span> <span class='ocrx_word' id='word_1_650' title='bbox 985 4663 1146 4716; x_wconf 88' lang='lat' dir='ltr'><strong>quem</strong></span> <span class='ocrx_word' id='word_1_651' title='bbox 1179 4657 1359 4702; x_wconf 90' lang='lat' dir='ltr'><strong>tamen</strong></span> <span class='ocrx_word' id='word_1_652' title='bbox 1397 4662 1500 4701; x_wconf 90' lang='lat' dir='ltr'><strong>non</strong></span> <span class='ocrx_word' id='word_1_653' title='bbox 1546 4647 1758 4702; x_wconf 88' lang='lat' dir='ltr'><strong>dubitat</strong></span> <span class='ocrx_word' id='word_1_654' title='bbox 1798 4647 1902 4702; x_wconf 89' lang='lat' dir='ltr'><strong>sibi</strong></span> 
     </span>
    </p>
   </div>
   <div class='ocr_carea' id='block_1_92' title="bbox 337 4735 1898 4809">
    <p class='ocr_par' dir='ltr' id='par_1_92' title="bbox 337 4735 1898 4809">
     <span class='ocr_line' id='line_1_92' title="bbox 337 4735 1898 4809; baseline 0 -17"><span class='ocrx_word' id='word_1_655' title='bbox 337 4735 714 4792; x_wconf 89' lang='lat' dir='ltr'><strong>concinentem</strong></span> <span class='ocrx_word' id='word_1_656' title='bbox 748 4739 974 4794; x_wconf 87' lang='lat' dir='ltr'><strong>laudare</strong></span> <span class='ocrx_word' id='word_1_657' title='bbox 1001 4755 1014 4793; x_wconf 88' lang='lat'><strong>:</strong></span> <span class='ocrx_word' id='word_1_658' title='bbox 1047 4739 1196 4809; x_wconf 86' lang='lat' dir='ltr'><strong>paria</strong></span> <span class='ocrx_word' id='word_1_659' title='bbox 1227 4739 1351 4794; x_wconf 68' lang='lat' dir='ltr'><strong>vitae</strong></span> <span class='ocrx_word' id='word_1_660' title='bbox 1377 4737 1761 4808; x_wconf 75' lang='lat' dir='ltr'><strong>Epitoniastes.</strong></span> <span class='ocrx_word' id='word_1_661' title='bbox 1791 4737 1898 4793; x_wconf 90' lang='lat' dir='ltr'><strong>Sed</strong></span> 
     </span>
    </p>
   </div>
   <div class='ocr_carea' id='block_1_93' title="bbox 337 4906 1300 5105">
    <p class='ocr_par' dir='ltr' id='par_1_93' title="bbox 341 4906 1296 5105">
     <span class='ocr_line' id='line_1_93' title="bbox 341 4906 1296 5105; baseline -0.003 -113"><span class='ocrx_word' id='word_1_662' title='bbox 341 4906 378 5105; x_wconf 82' lang='grc' dir='ltr'><strong>Ι</strong></span> <span class='ocrx_word' id='word_1_663' title='bbox 403 4906 590 4994; x_wconf 47' lang='grc' dir='ltr'><strong>ἐξὲὲἆὶ</strong></span> <span class='ocrx_word' id='word_1_664' title='bbox 622 4913 636 5105; x_wconf 80' lang='grc' dir='ltr'><strong>Ι</strong></span> <span class='ocrx_word' id='word_1_665' title='bbox 677 4906 867 4990; x_wconf 55' lang='grc' dir='ltr'><strong>εῇδέ-</strong></span> <span class='ocrx_word' id='word_1_666' title='bbox 911 4906 1238 5105; x_wconf 53' lang='grc' dir='ltr'><strong>ἆσῆῖιού-</strong></span> <span class='ocrx_word' id='word_1_667' title='bbox 1285 4915 1296 5105; x_wconf 88' lang='grc' dir='ltr'><strong>Ι</strong></span> 
     </span>
     <span class='ocr_line' id='line_1_94' title="bbox 680 5010 1164 5079; baseline 0.002 -19"><span class='ocrx_word' id='word_1_668' title='bbox 680 5027 837 5079; x_wconf 70' lang='grc' dir='ltr'>στρος</span> <span class='ocrx_word' id='word_1_669' title='bbox 848 5049 860 5062; x_wconf 93' lang='grc'><strong>.</strong></span> <span class='ocrx_word' id='word_1_670' title='bbox 1033 5010 1164 5070; x_wconf 79' lang='grc' dir='ltr'><strong>λιος.</strong></span> 
     </span>
    </p>
   </div>
   <div class='ocr_carea' id='block_1_94' title="bbox 340 5105 1300 5756">
    <p class='ocr_par' dir='ltr' id='par_1_94' title="bbox 352 5105 1288 5752">
     <span class='ocr_line' id='line_1_95' title="bbox 909 5105 920 5148; baseline 0 0"><span class='ocrx_word' id='word_1_671' title='bbox 909 5105 920 5148; x_wconf 94' lang='grc' dir='ltr'><strong>Ι</strong></span> 
     </span>
     <span class='ocr_line' id='line_1_96' title="bbox 383 5243 1254 5326; baseline 0.016 -34"><span class='ocrx_word' id='word_1_672' title='bbox 383 5261 597 5326; x_wconf 69' lang='grc' dir='ltr'><strong>εοποτη-</strong></span> <span class='ocrx_word' id='word_1_673' title='bbox 659 5247 697 5296; x_wconf 88' lang='grc' dir='ltr'><strong>Β</strong></span> <span class='ocrx_word' id='word_1_674' title='bbox 713 5259 826 5298; x_wconf 76' lang='grc' dir='ltr'><strong>των·</strong></span> <span class='ocrx_word' id='word_1_675' title='bbox 842 5245 939 5298; x_wconf 77' lang='grc' dir='ltr'><strong>καὶ</strong></span> <span class='ocrx_word' id='word_1_676' title='bbox 961 5243 1254 5305; x_wconf 78' lang='grc' dir='ltr'><strong>Βικέντιος-</strong></span> 
     </span>
     <span class='ocr_line' id='line_1_97' title="bbox 352 5105 1288 5752; baseline 0.016 -390"><span class='ocrx_word' id='word_1_677' title='bbox 352 5105 363 5752; x_wconf 82' lang='grc' dir='ltr'><strong>Ι</strong></span> <span class='ocrx_word' id='word_1_678' title='bbox 409 5329 588 5381; x_wconf 64' lang='grc' dir='ltr'><strong>ρητχι.</strong></span> <span class='ocrx_word' id='word_1_679' title='bbox 623 5105 634 5736; x_wconf 94' lang='grc' dir='ltr'><strong>Ι</strong></span> <span class='ocrx_word' id='word_1_680' title='bbox 1278 5105 1288 5732; x_wconf 94' lang='grc' dir='ltr'><strong>Ι</strong></span> 
     </span>
    </p>
   </div>
   <div class='ocr_carea' id='block_1_95' title="bbox 403 4935 1905 5007">
    <p class='ocr_par' dir='ltr' id='par_1_95' title="bbox 403 4935 1905 5007">
     <span class='ocr_line' id='line_1_98' title="bbox 403 4935 1905 5007; baseline -0.004 -15"><span class='ocrx_word' id='word_1_681' title='bbox 403 4942 579 4994; x_wconf 75' lang='grc' dir='ltr'><strong>πάπαι</strong></span> <span class='ocrx_word' id='word_1_682' title='bbox 628 4935 636 5007; x_wconf 89' lang='grc' dir='ltr'><strong>Ι</strong></span> <span class='ocrx_word' id='word_1_683' title='bbox 677 4937 867 4990; x_wconf 73' lang='grc' dir='ltr'><strong>Σιλδε-</strong></span> <span class='ocrx_word' id='word_1_684' title='bbox 914 4935 925 5007; x_wconf 96' lang='grc' dir='ltr'><strong>Ι</strong></span> <span class='ocrx_word' id='word_1_685' title='bbox 965 4941 1058 4992; x_wconf 80' lang='grc' dir='ltr'>καὶ</span> <span class='ocrx_word' id='word_1_686' title='bbox 1106 4936 1238 4990; x_wconf 83' lang='grc' dir='ltr'><strong>Ἰού·</strong></span> <span class='ocrx_word' id='word_1_687' title='bbox 1285 4935 1296 5007; x_wconf 98' lang='grc' dir='ltr'><strong>Ι</strong></span> <span class='ocrx_word' id='word_1_688' title='bbox 1339 4938 1613 5007; x_wconf 82' lang='grc' dir='ltr'><strong>Δάμασος.</strong></span> <span class='ocrx_word' id='word_1_689' title='bbox 1664 4935 1671 5007; x_wconf 90' lang='grc' dir='ltr'><strong>Ι</strong></span> <span class='ocrx_word' id='word_1_690' title='bbox 1735 4935 1905 4988; x_wconf 81' lang='grc' dir='ltr'>Κελε-</span> 
     </span>
    </p>
   </div>
   <div class='ocr_carea' id='block_1_96' title="bbox 680 5009 1964 5079">
    <p class='ocr_par' dir='ltr' id='par_1_96' title="bbox 680 5009 1964 5079">
     <span class='ocr_line' id='line_1_99' title="bbox 680 5009 1964 5079; baseline -0.005 -19"><span class='ocrx_word' id='word_1_691' title='bbox 680 5027 860 5079; x_wconf 71' lang='grc' dir='ltr'>στρος.</span> <span class='ocrx_word' id='word_1_692' title='bbox 912 5009 924 5079; x_wconf 89' lang='grc' dir='ltr'><strong>Ι</strong></span> <span class='ocrx_word' id='word_1_693' title='bbox 1033 5010 1164 5070; x_wconf 79' lang='grc' dir='ltr'><strong>λιος.</strong></span> <span class='ocrx_word' id='word_1_694' title='bbox 1285 5009 1295 5079; x_wconf 98' lang='grc' dir='ltr'><strong>Ι</strong></span> <span class='ocrx_word' id='word_1_695' title='bbox 1663 5009 1670 5079; x_wconf 95' lang='grc' dir='ltr'><strong>Ι</strong></span> <span class='ocrx_word' id='word_1_696' title='bbox 1719 5009 1918 5068; x_wconf 84' lang='grc' dir='ltr'><strong>στίνος.</strong></span> <span class='ocrx_word' id='word_1_697' title='bbox 1962 5050 1964 5052; x_wconf 74' lang='grc'>,</span> 
     </span>
    </p>
   </div>
   <div class='ocr_carea' id='block_1_97' title="bbox 475 5239 1980 5360">
    <p class='ocr_par' dir='ltr' id='par_1_97' title="bbox 475 5239 1980 5360">
     <span class='ocr_line' id='line_1_100' title="bbox 475 5239 1980 5360; baseline -0.002 -65"><span class='ocrx_word' id='word_1_698' title='bbox 623 5239 634 5360; x_wconf 97' lang='grc' dir='ltr'><strong>Ι</strong></span> <span class='ocrx_word' id='word_1_699' title='bbox 659 5245 939 5298; x_wconf 76' lang='grc' dir='ltr'><strong>Βτιι›ν·καὶ</strong></span> <span class='ocrx_word' id='word_1_700' title='bbox 961 5243 1254 5305; x_wconf 78' lang='grc' dir='ltr'><strong>Βικέντιος.</strong></span> <span class='ocrx_word' id='word_1_701' title='bbox 1278 5239 1292 5360; x_wconf 99' lang='grc' dir='ltr'><strong>Ι</strong></span> <span class='ocrx_word' id='word_1_702' title='bbox 1655 5239 1666 5360; x_wconf 96' lang='grc' dir='ltr'><strong>Ι</strong></span> <span class='ocrx_word' id='word_1_703' title='bbox 1719 5239 1922 5360; x_wconf 47' lang='grc' dir='ltr'><strong>ἰξὲρέιλ-</strong></span> 
     </span>
    </p>
   </div>
   <div class='ocr_carea' id='block_1_98' title="bbox 1775 5327 1867 5374">
    <p class='ocr_par' dir='ltr' id='par_1_98' title="bbox 1775 5327 1867 5374">
     <span class='ocr_line' id='line_1_101' title="bbox 1775 5327 1867 5374; baseline 0.011 -12"><span class='ocrx_word' id='word_1_704' title='bbox 1775 5327 1867 5374; x_wconf 45' lang='grc' dir='ltr'><strong>λος.</strong></span> 
     </span>
    </p>
   </div>
   <div class='ocr_carea' id='block_1_99' title="bbox 1983 5150 2301 5163">
    <p class='ocr_par' dir='ltr' id='par_1_99' title="bbox 1983 5150 2301 5163">
     <span class='ocr_line' id='line_1_102' title="bbox 1983 5150 2301 5163; baseline 0.009 -3"><span class='ocrx_word' id='word_1_705' title='bbox 1983 5150 2301 5163; x_wconf 77' lang='lat'>__</span> 
     </span>
    </p>
   </div>
   <div class='ocr_carea' id='block_1_100' title="bbox 2009 4554 3578 4629">
    <p class='ocr_par' dir='ltr' id='par_1_100' title="bbox 2009 4554 3578 4629">
     <span class='ocr_line' id='line_1_103' title="bbox 2009 4554 3578 4629; baseline 0.001 -21"><span class='ocrx_word' id='word_1_706' title='bbox 2009 4554 2243 4609; x_wconf 82' lang='lat' dir='ltr'><strong>Romani</strong></span> <span class='ocrx_word' id='word_1_707' title='bbox 2268 4559 2574 4624; x_wconf 80' lang='lat' dir='ltr'><strong>pontiﬁces,</strong></span> <span class='ocrx_word' id='word_1_708' title='bbox 2609 4559 2710 4614; x_wconf 89' lang='lat' dir='ltr'><strong>sub</strong></span> <span class='ocrx_word' id='word_1_709' title='bbox 2757 4561 2958 4629; x_wconf 89' lang='lat' dir='ltr'><strong>quibus</strong></span> <span class='ocrx_word' id='word_1_710' title='bbox 3014 4569 3144 4615; x_wconf 71' lang='lat' dir='ltr'><strong>actie</strong></span> <span class='ocrx_word' id='word_1_711' title='bbox 3225 4559 3578 4614; x_wconf 70' lang='lat' dir='ltr'><strong>(BClllncnicaB</strong></span> 
     </span>
    </p>
   </div>
   <div class='ocr_carea' id='block_1_101' title="bbox 2010 4648 3576 4718">
    <p class='ocr_par' dir='ltr' id='par_1_101' title="bbox 2010 4648 3576 4718">
     <span class='ocr_line' id='line_1_104' title="bbox 2010 4648 3576 4718; baseline -0.002 -16"><span class='ocrx_word' id='word_1_712' title='bbox 2010 4649 2225 4718; x_wconf 87' lang='lat' dir='ltr'><strong>synodi,</strong></span> <span class='ocrx_word' id='word_1_713' title='bbox 2254 4652 2664 4716; x_wconf 83' lang='lat' dir='ltr'><strong>percensentiir,</strong></span> <span class='ocrx_word' id='word_1_714' title='bbox 2691 4658 2806 4704; x_wconf 91' lang='lat' dir='ltr'><strong>tum</strong></span> <span class='ocrx_word' id='word_1_715' title='bbox 2833 4667 3021 4706; x_wconf 83' lang='lat' dir='ltr'><strong>eorum</strong></span> <span class='ocrx_word' id='word_1_716' title='bbox 3049 4651 3291 4714; x_wconf 89' lang='lat' dir='ltr'><strong>nomina,</strong></span> <span class='ocrx_word' id='word_1_717' title='bbox 3310 4648 3402 4717; x_wconf 86' lang='lat' dir='ltr'><strong>qui</strong></span> <span class='ocrx_word' id='word_1_718' title='bbox 3427 4649 3576 4716; x_wconf 87' lang='lat' dir='ltr'><strong>ipso-</strong></span> 
     </span>
    </p>
   </div>
   <div class='ocr_carea' id='block_1_102' title="bbox 1963 4740 3384 4808">
    <p class='ocr_par' dir='ltr' id='par_1_102' title="bbox 1963 4740 3384 4808">
     <span class='ocr_line' id='line_1_105' title="bbox 1963 4740 3384 4808; baseline 0.002 -22"><span class='ocrx_word' id='word_1_719' title='bbox 1963 4781 1971 4786; x_wconf 85' lang='lat'><strong>.</strong></span> <span class='ocrx_word' id='word_1_720' title='bbox 2007 4753 2126 4791; x_wconf 89' lang='lat' dir='ltr'><strong>rum</strong></span> <span class='ocrx_word' id='word_1_721' title='bbox 2161 4754 2450 4808; x_wconf 86' lang='lat' dir='ltr'><strong>personam</strong></span> <span class='ocrx_word' id='word_1_722' title='bbox 2477 4740 2532 4794; x_wconf 87' lang='lat' dir='ltr'><strong>in</strong></span> <span class='ocrx_word' id='word_1_723' title='bbox 2565 4742 2632 4795; x_wconf 89' lang='lat' dir='ltr'><strong>lis</strong></span> <span class='ocrx_word' id='word_1_724' title='bbox 2663 4742 3042 4799; x_wconf 84' lang='lat' dir='ltr'><strong>sustinuerint.</strong></span> <span class='ocrx_word' id='word_1_725' title='bbox 3079 4742 3160 4796; x_wconf 88' lang='lat' dir='ltr'><strong>En</strong></span> <span class='ocrx_word' id='word_1_726' title='bbox 3192 4743 3341 4794; x_wconf 86' lang='lat' dir='ltr'><strong>illuni</strong></span> <span class='ocrx_word' id='word_1_727' title='bbox 3371 4754 3384 4790; x_wconf 88' lang='lat'>:</span> 
     </span>
    </p>
   </div>
   <div class='ocr_carea' id='block_1_103' title="bbox 2055 4933 3524 5012">
    <p class='ocr_par' dir='ltr' id='par_1_103' title="bbox 2055 4933 3524 5012">
     <span class='ocr_line' id='line_1_106' title="bbox 2055 4933 3524 5012; baseline 0.006 -26"><span class='ocrx_word' id='word_1_728' title='bbox 2055 4935 2232 4990; x_wconf 80' lang='grc' dir='ltr'><strong>Λέων.</strong></span> <span class='ocrx_word' id='word_1_729' title='bbox 2313 4933 2324 5012; x_wconf 97' lang='grc' dir='ltr'><strong>Ι</strong></span> <span class='ocrx_word' id='word_1_730' title='bbox 2375 4933 2671 5004; x_wconf 77' lang='grc' dir='ltr'><strong>Βιγίλλιος.</strong></span> <span class='ocrx_word' id='word_1_731' title='bbox 2723 4933 2732 5012; x_wconf 97' lang='grc' dir='ltr'><strong>Ι</strong></span> <span class='ocrx_word' id='word_1_732' title='bbox 2779 4940 3050 5009; x_wconf 79' lang='grc' dir='ltr'><strong>Ἀγάθων.</strong></span> <span class='ocrx_word' id='word_1_733' title='bbox 3096 4933 3105 5012; x_wconf 92' lang='grc' dir='ltr'><strong>Ι</strong></span> <span class='ocrx_word' id='word_1_734' title='bbox 3171 4943 3471 5012; x_wconf 64' lang='grc' dir='ltr'><strong>Ἀδριανός.</strong></span> <span class='ocrx_word' id='word_1_735' title='bbox 3519 4963 3524 4968; x_wconf 67' lang='grc'><strong>’</strong></span> 
     </span>
    </p>
   </div>
   <div class='ocr_carea' id='block_1_104' title="bbox 2732 5157 3094 5168">
    <p class='ocr_par' dir='ltr' id='par_1_104' title="bbox 2732 5157 3094 5168">
     <span class='ocr_line' id='line_1_107' title="bbox 2732 5157 3094 5168; baseline 0.006 -2"><span class='ocrx_word' id='word_1_736' title='bbox 2732 5157 3094 5168; x_wconf 78' lang='lat'><strong>—_——</strong></span> 
     </span>
    </p>
   </div>
   <div class='ocr_carea' id='block_1_105' title="bbox 3100 5157 3348 5170">
    <p class='ocr_par' dir='ltr' id='par_1_105' title="bbox 3100 5157 3348 5170">
     <span class='ocr_line' id='line_1_108' title="bbox 3100 5157 3348 5170; baseline -0.004 0"><span class='ocrx_word' id='word_1_737' title='bbox 3100 5157 3348 5170; x_wconf 73' lang='lat'><strong>———</strong></span> 
     </span>
    </p>
   </div>
   <div class='ocr_carea' id='block_1_106' title="bbox 3353 5160 3522 5170">
    <p class='ocr_par' dir='ltr' id='par_1_106' title="bbox 3353 5160 3522 5170">
     <span class='ocr_line' id='line_1_109' title="bbox 3353 5160 3522 5170; baseline 0 -2"><span class='ocrx_word' id='word_1_738' title='bbox 3353 5160 3522 5170; x_wconf 48' lang='lat'><strong>*—</strong></span> 
     </span>
    </p>
   </div>
   <div class='ocr_carea' id='block_1_107' title="bbox 2038 5239 3425 5315">
    <p class='ocr_par' dir='ltr' id='par_1_107' title="bbox 2038 5239 3425 5315">
     <span class='ocr_line' id='line_1_110' title="bbox 2038 5239 3425 5315; baseline 0.007 -25"><span class='ocrx_word' id='word_1_739' title='bbox 2038 5239 2230 5315; x_wconf 72' lang='grc' dir='ltr'>Πᾳσκα</span> <span class='ocrx_word' id='word_1_740' title='bbox 2309 5239 2320 5315; x_wconf 98' lang='grc' dir='ltr'><strong>Ι</strong></span> <span class='ocrx_word' id='word_1_741' title='bbox 2721 5239 2729 5315; x_wconf 95' lang='grc' dir='ltr'><strong>Ι</strong></span> <span class='ocrx_word' id='word_1_742' title='bbox 2763 5241 3054 5315; x_wconf 57' lang='grc' dir='ltr'><strong>Γξὼργιος,</strong></span> <span class='ocrx_word' id='word_1_743' title='bbox 3093 5239 3101 5315; x_wconf 93' lang='grc' dir='ltr'><strong>Ι</strong></span> <span class='ocrx_word' id='word_1_744' title='bbox 3143 5241 3149 5248; x_wconf 74' lang='grc'><em>’</em></span> <span class='ocrx_word' id='word_1_745' title='bbox 3221 5249 3425 5315; x_wconf 78' lang='grc' dir='ltr'><strong>Πέτρος</strong></span> 
     </span>
    </p>
   </div>
   <div class='ocr_carea' id='block_1_108' title="bbox 2056 5307 3509 5387">
    <p class='ocr_par' dir='ltr' id='par_1_108' title="bbox 2056 5307 3509 5387">
     <span class='ocr_line' id='line_1_111' title="bbox 2056 5307 3509 5387; baseline 0.007 -29"><span class='ocrx_word' id='word_1_746' title='bbox 2056 5307 2225 5387; x_wconf 40' lang='grc' dir='ltr'><strong>ξεῖνος..</strong></span> <span class='ocrx_word' id='word_1_747' title='bbox 2307 5307 2322 5387; x_wconf 96' lang='grc' dir='ltr'><strong>Ι</strong></span> <span class='ocrx_word' id='word_1_748' title='bbox 2719 5307 2728 5387; x_wconf 95' lang='grc' dir='ltr'><strong>Ι</strong></span> <span class='ocrx_word' id='word_1_749' title='bbox 2788 5307 3028 5368; x_wconf 56' lang='grc' dir='ltr'><strong>-Θεὸδωέ</strong></span> <span class='ocrx_word' id='word_1_750' title='bbox 3147 5319 3246 5372; x_wconf 66' lang='grc' dir='ltr'>καὶ</span> <span class='ocrx_word' id='word_1_751' title='bbox 3289 5307 3509 5387; x_wconf 43' lang='lat' dir='ltr'><strong>“Epig.</strong></span> 
     </span>
    </p>
   </div>
   <div class='ocr_carea' id='block_1_109' title="bbox 2044 5378 2954 5452">
    <p class='ocr_par' dir='ltr' id='par_1_109' title="bbox 2044 5378 2954 5452">
     <span class='ocr_line' id='line_1_112' title="bbox 2044 5378 2954 5452; baseline 0.004 -22"><span class='ocrx_word' id='word_1_752' title='bbox 2044 5378 2212 5431; x_wconf 75' lang='lat' dir='ltr'><strong>Aouxl</strong></span> <span class='ocrx_word' id='word_1_753' title='bbox 2225 5403 2242 5417; x_wconf 86' lang='lat'><strong>-</strong></span> <span class='ocrx_word' id='word_1_754' title='bbox 2282 5439 2287 5444; x_wconf 94' lang='lat'><em>_</em></span> <span class='ocrx_word' id='word_1_755' title='bbox 2307 5378 2320 5452; x_wconf 98' lang='grc' dir='ltr'><strong>Ι</strong></span> <span class='ocrx_word' id='word_1_756' title='bbox 2570 5427 2576 5432; x_wconf 93' lang='grc'><strong>.</strong></span> <span class='ocrx_word' id='word_1_757' title='bbox 2717 5378 2728 5452; x_wconf 98' lang='grc' dir='ltr'><strong>Ι</strong></span> <span class='ocrx_word' id='word_1_758' title='bbox 2862 5403 2954 5452; x_wconf 70' lang='grc' dir='ltr'><strong>ρης</strong></span> 
     </span>
    </p>
   </div>
   <div class='ocr_carea' id='block_1_110' title="bbox 2017 5453 3044 5524">
    <p class='ocr_par' dir='ltr' id='par_1_110' title="bbox 2017 5453 3044 5524">
     <span class='ocr_line' id='line_1_113' title="bbox 2017 5453 3044 5524; baseline 0.007 -25"><span class='ocrx_word' id='word_1_759' title='bbox 2017 5514 2023 5522; x_wconf 19' lang='grc' dir='ltr'><strong>ί</strong></span> <span class='ocrx_word' id='word_1_760' title='bbox 2069 5464 2205 5511; x_wconf 85' lang='grc' dir='ltr'><strong>σιος.</strong></span> <span class='ocrx_word' id='word_1_761' title='bbox 2305 5453 2318 5524; x_wconf 98' lang='grc' dir='ltr'><strong>Ι</strong></span> <span class='ocrx_word' id='word_1_762' title='bbox 2717 5453 2727 5524; x_wconf 95' lang='grc' dir='ltr'><strong>Ι</strong></span> <span class='ocrx_word' id='word_1_763' title='bbox 2771 5453 3044 5524; x_wconf 54' lang='grc' dir='ltr'><strong>Ιῖεώργιος</strong></span> 
     </span>
    </p>
   </div>
   <div class='ocr_carea' id='block_1_111' title="bbox 2671 5520 3073 5594">
    <p class='ocr_par' dir='ltr' id='par_1_111' title="bbox 2671 5520 3073 5594">
     <span class='ocr_line' id='line_1_114' title="bbox 2671 5520 3073 5594; baseline -0.007 -17"><span class='ocrx_word' id='word_1_764' title='bbox 2671 5571 2675 5577; x_wconf 84' lang='grc'><strong>.</strong></span> <span class='ocrx_word' id='word_1_765' title='bbox 2717 5520 2846 5594; x_wconf 60' lang='lat' dir='ltr'><strong>im</strong></span> <span class='ocrx_word' id='word_1_766' title='bbox 2875 5520 3073 5594; x_wconf 67' lang='grc' dir='ltr'><strong>Ίωέιν.⁴</strong></span> 
     </span>
    </p>
   </div>
   <div class='ocr_carea' id='block_1_112' title="bbox 2664 5603 2973 5663">
    <p class='ocr_par' dir='ltr' id='par_1_112' title="bbox 2664 5603 2973 5663">
     <span class='ocr_line' id='line_1_115' title="bbox 2664 5603 2973 5663; baseline -0.003 -16"><span class='ocrx_word' id='word_1_767' title='bbox 2664 5603 2674 5616; x_wconf 80' lang='grc'><strong><em>⁵</em></strong></span> <span class='ocrx_word' id='word_1_768' title='bbox 2717 5603 2726 5663; x_wconf 97' lang='grc' dir='ltr'><strong>Ι</strong></span> <span class='ocrx_word' id='word_1_769' title='bbox 2783 5610 2803 5617; x_wconf 65' lang='grc'>⁸·</span> <span class='ocrx_word' id='word_1_770' title='bbox 2853 5613 2973 5663; x_wconf 73' lang='grc' dir='ltr'><strong>νης.</strong></span> 
     </span>
    </p>
   </div>
   <div class='ocr_carea' id='block_1_113' title="bbox 2301 5125 2610 5732">
    <p class='ocr_par' dir='ltr' id='par_1_113' title="bbox 2305 5125 2606 5728">
     <span class='ocr_line' id='line_1_116' title="bbox 2305 5125 2606 5728; baseline 0 -566"><span class='ocrx_word' id='word_1_771' title='bbox 2305 5125 2606 5728; x_wconf 27' lang='grc' dir='ltr'><strong>Ι</strong></span> 
     </span>
    </p>
   </div>
  </div>
