4038 6274
481 265 622 358 ιιδει

1370 272 1468 332 DE
1507 273 1769 334 ᾹΞΤΑΤΕ
1803 276 1864 336 S.
1889 274 2270 342 GREGORII
2307 275 2816 342 AGRIGENTINI

3674 283 3799 350 118i

477 382 804 452 Gregorium
846 379 1218 452 Hierosolyma
1257 383 1584 453 cOgitantem
1637 387 1830 443 scribit
1873 390 2048 458 pridie
2076 397 2277 456 Anus,
2313 391 2636 462 Ephreemus
2669 392 3046 447 Antiochenus
3071 432 3086 458 ,
3131 390 3371 446 Petrus
3419 389 3796 464 Jerosolyuii-

480 472 600 527 Kal.
634 471 768 538 Jul,
801 485 925 525 cum
971 485 1177 525 annum
1210 482 1394 540 ageret
1439 475 1524 540 18,
1558 477 1788 547 navique
1822 480 2052 549 imposi-

482 573 597 618 tum
633 562 1020 631 Carthaginem
1053 563 1333 632 appulisse
1371 575 1491 634 post
1543 577 1654 623 tres
1705 569 1843 635 dies,
1871 571 2056 641 ibique

493 655 732 724 hospitio
752 670 781 708 a
813 655 1070 708 nauclero
1097 655 1213 724 ipso
1241 659 1660 728 exceptum,qui
1699 675 1766 714 eo
1798 661 2052 726 duxerat,

483 747 669 801 tandiu
694 746 1030 809 consedisse,
1061 749 1242 816 quoad
1300 747 1513 803 Marcus
1548 751 1850 807 monachus
1885 751 2057 808 Roma

486 838 770 892 advenerit
797 851 922 890 cum
957 833 1278 906 Serapione,
1303 848 1358 892 et
1402 838 1652 904 Leontio,
1691 841 1783 910 qui
1808 841 1908 912 (sic
1940 858 2058 896 mo-

483 929 822 998 nente.Dco)
864 929 1242 1000 Hierosolyma
1297 931 1622 987 deduceret:
1669 941 1977 989 transactos
2025 951 2058 990 a

483 1020 833 1089 Carthaginis
859 1021 1086 1074 decessu
1117 1019 1184 1074 ad
1227 1019 1731 1092 Hierosolymorum
1768 1024 2058 1078 adventum

487 1126 700 1164 menses
719 1109 771 1173 ϐ.
809 1111 900 1165 ubi
932 1126 960 1165 a
995 1111 1231 1165 Macario
1263 1113 1380 1178 ejus
1414 1115 1566 1168 urbis
1600 1115 1859 1184 episcopo
1894 1116 2057 1186 297

487 1201 803 1256 Pentecoste
833 1242 848 1268 ,
903 1217 1024 1272 quae
1085 1205 1331 1272 proxime
1366 1205 1584 1258 obvenit
1610 1247 1625 1270 ,
1665 1205 1928 1262 diaconus
1944 1206 2062 1262 luc-

489 1293 561 1346 rit
586 1294 848 1348 initiatus:
870 1295 1100 1349 subinde
1127 1310 1254 1350 vero
1277 1297 1458 1350 abisse
1496 1297 1552 1350 in
1603 1295 1874 1352 Olivetum
1903 1314 2060 1354 mon-

491 1392 622 1447 tem,
661 1385 753 1439 ubi
781 1401 984 1438 annum
1015 1387 1284 1455 integrum
1317 1387 1662 1443 diversatus:
1696 1389 1821 1444 inde
1860 1390 1913 1444 in
1944 1405 2063 1446 ere-

491 1492 637 1528 tnum
667 1477 985 1536 secessisse.
1005 1478 1060 1530 in
1081 1493 1186 1546 qua
1209 1494 1383 1532 annos
1407 1495 1458 1532 tv
1479 1479 1693 1534 delituit
1713 1499 1725 1534 :
1742 1480 2066 1536 hincHiet‘o-

491 1564 700 1633 solyma
727 1579 1028 1629 reversum,
1066 1565 1306 1620 Macario
1331 1567 1510 1622 adhuc
1551 1568 1805 1635 pontiﬁce
1825 1611 1840 1636 ,
1879 1585 2064 1624 mora-

494 1663 716 1723 tnmque
774 1670 978 1708 annum
1023 1671 1217 1720 unum,
1287 1657 1411 1712 inde
1455 1657 1800 1712 Antiochiam
1853 1659 2067 1730 Syriae!

2161 489 2322 534 tanus
2359 479 2622 549 episcopi.
2656 477 2885 534 lubente
2912 496 2972 534 eo
3001 480 3128 548 (hoc
3169 489 3278 534 est
3319 477 3697 548 Iustiniano,
3728 485 3795 540 ait

2161 569 2450 626 Liberatus
2473 587 2592 641 cap.
2630 571 2701 626 25
2731 571 3018 642 Breviarii)
3078 574 3315 628 dictata
3361 581 3452 626 est
3509 575 3573 626 in
3611 573 3795 646 Orige-

2161 677 2298 724 nens,
2331 674 2382 716 et
2415 663 2512 716 illa
2547 663 2796 732 Capitula
2823 666 3180 718 anathematis
3215 664 3548 717 damnatio
3585 706 3602 732 ,
3644 681 3794 734 quam

2161 751 2537 806 subscribentes
2585 768 2691 804 una
2754 767 2872 804 cum
2938 751 3093 806 Mena
3148 753 3611 829 archiepiscopo
3661 757 3794 819 apud

2163 841 2676 910 Constantinopolim
2710 845 2922 912 reperti,
2945 844 3131 898 deinde
3179 845 3436 897 directa
3466 854 3554 898 est
3609 845 3794 914 l’igilio

2165 932 2404 987 Romano
2432 937 2690 1004 episeopo,
2726 932 2878 988 Zoilo
2921 935 3314 988 Alexandrino
3358 977 3375 1000 ,
3442 935 3794 1004 Euphrazmio

2165 1024 2506 1088 Antiocheno,
2535 1036 2583 1078 et
2629 1024 2787 1078 Petro
2835 1024 3308 1094 Jerosolymitano
3349 1065 3369 1091 ,
3421 1025 3635 1094 quibus
3685 1043 3793 1079 eam

2164 1113 2538 1180 accipientibus
2563 1111 2812 1182 Origenes
2839 1112 3124 1164 damnatus
3175 1121 3272 1166 est
3344 1123 3616 1166 mortuus
3647 1153 3664 1179 ,
3708 1116 3791 1181 qui

2166 1204 2312 1257 vivus
2350 1203 2478 1256 olim
2511 1201 2687 1270 fuerat
2723 1212 2844 1254 ante
2889 1202 3200 1255 damnatus.
3255 1201 3572 1255 Baronius
3609 1202 3792 1257 isthac

2168 1293 2452 1362 consignat
2477 1291 2544 1345 ad
2575 1307 2779 1345 annum
2809 1291 2930 1355 546,
2965 1291 3056 1346 sed
3083 1291 3262 1360 Pagio
3301 1291 3611 1346 assentior
3635 1333 3650 1355 ,
3699 1293 3788 1362 qui

2169 1383 2390 1438 biennio
2415 1383 2682 1451 anticipat
2717 1383 2805 1450 (ad
2839 1397 2968 1434 ann.
3004 1381 3153 1450 5-H).
3190 1381 3312 1446 Qui
3343 1381 3535 1449 igitur
3576 1380 3792 1449 Caieta-

2170 1489 2277 1529 nus
2310 1471 2775 1544 Jerosolymorum
2806 1473 2962 1527 nobis
2991 1473 3340 1542 episcopum
3376 1472 3646 1526 obtrudit
3677 1471 3787 1526 Ma-

2169 1565 2380 1619 cariutn
2433 1577 2522 1616 an.
2555 1563 2677 1626 542,
2715 1579 2838 1617 cum
2877 1563 3053 1616 adhuc
3100 1577 3255 1616 anno
3314 1563 3435 1616 544
3493 1563 3784 1630 episcopa-

2175 1662 2286 1706 tum
2313 1661 2522 1722 gercrel
2548 1651 2738 1706 Petrus
2761 1652 2784 1705 ?
2810 1652 2900 1720 qui
2933 1651 3237 1720 Gregorius
3276 1669 3312 1706 a
3354 1649 3617 1705 Macario
3649 1666 3781 1704 ncn—

495 1741 839 1808 metropolim
889 1741 1226 1810 demigrasse
1270 1758 1323 1797 tv
1373 1744 1448 1796 ld.
1493 1745 1932 1815 Aprilis,-ihique
1967 1742 2142 1814 an-_B
2170 1741 2299 1795 dum
2332 1740 2586 1809 episcopo
2609 1741 2874 1794 diaconus
2899 1743 3236 1795 constitutus
3267 1756 3436 1794 anno
3464 1740 3618 1794 5&5?
3647 1737 3782 1793 Sane

497 1849 623 1886 num
671 1833 876 1902 egisse;
907 1835 1037 1889 hinc
1057 1834 1610 1906 Constantinopolim,
1638 1837 2070 1909 interluisseque

496 1924 707 1994 synodo
736 1926 1111 1988 mcunwnicaa,
1161 1941 1334 1995 eaque
1397 1927 1624 1983 dimissa
1677 1929 1906 1983 Romam
1947 1946 2074 2000 pro-

497 2013 720 2080 fectum,
783 2029 895 2084 quo
949 2018 1198 2097 pervenit
1232 2033 1284 2070 tu
1340 2015 1467 2072 Kal.
1494 2017 1809 2084 Quintileis,
1840 2014 2073 2088 moxque

496 2103 812 2171 episcopum
845 2103 1219 2173 Agrigentinte
1257 2103 1516 2186 Ecclesiae
1551 2109 1952 2164 renuntiatum.
1995 2109 2074 2164 Ex

499 2191 600 2244 hac
635 2191 844 2246 Leontii
893 2199 1210 2250 narratione
1277 2195 1425 2250 hunc
1483 2198 1677 2252 statuit
1713 2197 2076 2270 Chronologi-

499 2298 676 2337 smum
697 2284 990 2352 Cajetanus
1016 2303 1030 2339 :

573 2373 700 2428 512.
735 2392 867 2430 xvut
899 2394 1057 2447 agens
1101 2393 1300 2430 annum
1328 2376 1392 2429 ab
1407 2380 1613 2446 _angelo
1643 2375 1872 2434 monitus
1905 2382 2077 2452 pridie

507 2463 636 2520 Kal.
663 2467 803 2522 Julii
853 2469 1070 2538 fugam,
1114 2479 1162 2522 et
1217 2470 1692 2538 peregrinationem
1727 2471 2077 2544 Jerosolymi-

503 2569 682 2612 tanam
711 2562 953 2630 capessit.

573 2652 700 2706 545.
724 2652 854 2706 Post
887 2669 1084 2707 menses
1111 2653 1218 2722 fere
1251 2667 1302 2706 VI
1324 2692 1339 2716 ,
1383 2649 1771 2722 Jerosolymam
1823 2657 2073 2721 pervenit,

506 2759 762 2812 sacraque
804 2743 920 2797 loca
980 2753 1287 2805 veneratur,
1347 2741 1437 2795 ubi
1489 2745 1690 2796 sanctis
1744 2743 2076 2801 Pentecostes

507 2834 688 2886 diebus
733 2851 765 2888 a
799 2835 1034 2889 Macario
1069 2838 1308 2904 episcopo
1333 2833 1778 2905 Jerosolymitano
1823 2837 2078 2892 diaconus

509 2925 812 2980 ordinatur.

582 3015 708 3069 5M.
751 3010 923 3068 Paulo
946 3026 1062 3082 post
1093 3021 1284 3072 montis
1348 3019 1538 3075 Oliueli
1587 3015 1909 3070 monasteria
1947 3013 2076 3078 obit,

454 3145 461 3152 .
511 3105 744 3176 atquein
777 3105 842 3157 iis
873 3121 1068 3158 annum
1094 3107 1410 3162 diversatur.
1975 3165 1980 3170 .

580 3196 707 3252 549.
749 3194 830 3250 Ea:
883 3195 1084 3252 Oliveto
1149 3199 1202 3253 in
1241 3217 1470 3254 eremum
1524 3199 1824 3253 interiorem
1856 3197 2078 3264 secedit,

509 3299 556 3342 et
613 3305 780 3342 annos
860 3304 912 3342 tv
982 3292 1122 3358 aput
1176 3307 1348 3345 senem
1429 3291 1710 3360 quemdam
1770 3305 2074 3342 commora-

517 3391 620 3434 tur.

587 3471 710 3526 550.
741 3471 1069 3546 Jerosolyma
1119 3475 1251 3528 redit
1297 3475 1366 3528 ad
1409 3473 1706 3527 Macarium
1747 3473 2082 3542 episcopum:

516 3564 599 3616 hic
645 3580 806 3616 unum
857 3582 1052 3618 annum
1094 3567 1252 3635 agit:
1299 3580 1421 3619 mea:
1465 3565 1800 3618 Antiochiam
1837 3563 2086 3633 proﬁcis-

515 3653 655 3706 citur
688 3669 738 3706 tv
772 3652 900 3708 ldus
935 3655 1154 3724 Aprilis.

588 3742 712 3798 552.
751 3741 850 3797 Ubi
880 3761 1076 3798 annum
1101 3745 1395 3800 Antiochia:
1419 3745 1612 3816 exegit,
1641 3744 2087 3814 Constantinopo-

516 3833 608 3888 lim
642 3835 776 3889 adit.

591 3927 714 3980 555.
745 3924 828 3979 Ibi
860 3927 1058 3996 synodo
1099 3928 1341 3996 interfuit
1379 3969 1394 3992 ,
1441 3944 1558 3998 qua:
1609 3926 1791 3982 habita
1827 3936 1902 3981 est
1950 3943 2087 3980 anno

522 4015 721 4073 Christi
773 4017 896 4082 553,
943 4033 975 4068 a
1005 4019 1202 4086 synodo
1252 4021 1433 4070 statim
1485 4016 1708 4070 Romam
1745 4017 1976 4086 pervenit
2034 4033 2087 4072 ιι

523 4109 647 4166 Kal.
678 4107 832 4174 Julii,
867 4117 1170 4163 sanctorum
1214 4107 1574 4178 apostolorum
1599 4107 1841 4177 sepulcra
1876 4123 2088 4161 venera-

527 4211 576 4254 ιιι
586 4217 694 4255 νιη.

603 4287 729 4342 553.
794 4287 896 4342 Hic
953 4305 984 4342 a
1029 4287 1270 4342 Romano
1325 4287 1572 4356 pontifice
1634 4285 1918 4340 ordinatur
1980 4288 2090 4356 cpi-

2173 1829 2388 1891 Petrus,
2419 1831 2511 1900 qui
2535 1828 2827 1884 Justiniani
2863 1831 3040 1884 edicto
3103 1833 3479 1900 astipulatus
3506 1873 3520 1895 ,
3565 1831 3774 1886 ,εει-οεο-

2171 1921 2470 1990 lymitanus
2505 1919 2748 1990 pontifex
2781 1921 2954 1974 audiit
3005 1936 3148 1975 anno
3191 1906 3356 1986 525,
3410 1936 3535 1990 quo
3576 1919 3774 1994 Joanni

2173 2013 2460 2068 successit.
2489 2012 2682 2068 Nullus
2707 2013 2873 2084 igitur
2905 2021 3033 2066 ante
3069 2013 3300 2067 Petrum
3341 2013 3655 2079 Macarius,
3687 2015 3772 2082 qui

2173 2091 2418 2158 di'aconis
2470 2103 2788 2172 ascripserit
2835 2101 3183 2172 Gregorium.
3227 2101 3443 2172 Itaque
3494 2103 3773 2156 characte-

2174 2213 2288 2251 rem
2326 2195 2547 2251 Macarii
2595 2199 2947 2266 episcopatus
2981 2195 3364 2249 ohsistentem
3419 2195 3533 2249 sibi
3582 2195 3770 2273 sentiat

2173 2289 2488 2359 Cajetanus,
2522 2289 2616 2358 qui
2653 2287 2976 2359 Gregorium
3011 2287 3076 2342 ad
3106 2285 3432 2342 Justiniani
3475 2287 3499 2342 ι
3533 2295 3768 2356 tempora

2175 2383 2372 2436 elevat.
3625 2412 3632 2420 -

2178 2541 2182 2543 ἢ
2246 2469 2335 2526 IV.
2367 2469 2506 2537 Quid
2531 2485 2662 2524 vero
2705 2469 2846 2538 quod
2873 2467 3121 2530 .Pascha,
3176 2469 3334 2536 quod
3381 2467 3764 2537 Hierosolymis

2174 2560 2410 2617 coniecit
2439 2559 2759 2630 Gregorius,
2787 2560 3042 2615 convenit
3085 2561 3138 2614 in
3171 2558 3204 2613 6
3244 2559 3492 2630 Aprilis,
3536 2559 3766 2628 quando-

2175 2655 2394 2722 quidem
2441 2652 2600 2706 tradit
2660 2651 2953 2715 Leontius,
3010 2650 3160 2704 illinc
3215 2649 3480 2705 Marcum
3526 2648 3760 2718 Gregorii

2155 2746 2364 2799 'ducem
2402 2743 2716 2798 discessisse
2738 2759 2850 2797 xvu
2905 2741 3031 2796 Kal.
3092 2740 3229 2804 Maii
3301 2743 3486 2796 altera
3548 2759 3582 2794 a
3645 2755 3764 2793 nova

2181 2835 2457 2890 Dominica
2539 2833 2688 2888 die?
2750 2834 2894 2888 Nova
2961 2832 3240 2887 Dominica
3335 2833 3490 2902 apud
3557 2831 3759 2886 Gra'cos

2178 2929 2399 2998 perinde
2452 2937 2604 2990 erat,
2642 2937 2804 2996 atque
2835 2924 3152 2980 Latinorum
3205 2924 3509 2980 Dominica
3549 2925 3602 2976 in
3629 2921 3756 2975 albis

2181 3021 2430 3088 depositis
2453 3036 2472 3084 ;
2500 3019 2571 3072 ita
2597 3032 2724 3073 vero
2752 3019 2914 3084 dicta,
2954 3017 3068 3072 sive
3090 3017 3232 3087 quod
3263 3019 3534 3072 universa
3561 3013 3756 3069 hebdo-

2185 3127 2320 3176 mas,
2382 3126 2502 3181 quae
2577 3108 2786 3164 Pascha
2862 3112 3327 3177 consequebatur,
3385 3105 3758 3172 διακαινξσμος

2187 3205 2256 3259 ab
2288 3205 2354 3259 iis
2386 3212 2688 3267 vocaretur,
2720 3217 2895 3272 eoque
2925 3217 3060 3256 nova
3100 3201 3314 3287 sipgula
3339 3201 3530 3269 ejusce
3561 3197 3756 3253 hebdo-

2185 3297 2362 3350 madis
2400 3296 2538 3358 dies,
2570 3295 2686 3349 sive
2732 3293 2873 3362 quod
2908 3285 3321 3348 ecclesiasticus
3372 3307 3554 3347 annus
3586 3302 3614 3342 a
3661 3285 3756 3340 Pa—

2185 3385 2368 3440 schate
2432 3383 2630 3447 iniret,
2690 3382 3004 3454 quod,ipse
3060 3381 3234 3435 innuit
3293 3380 3584 3444 Leontius,
3636 3376 3750 3430 dum

2187 3476 2454 3538 dicturus,
2507 3475 2767 3544 postridie
2805 3472 3090 3528 Paschalis
3121 3473 3514 3544 episcoporum
3549 3479 3754 3523 conses-

2186 3583 2304 3622 sum
2341 3567 2524 3622 Romai
2563 3566 2893 3633 habendum,
2929 3566 2982 3618 in
3013 3567 3124 3634 qito
3153 3565 3391 3630 crimen,
3435 3563 3592 3632 cujus
3630 3559 3752 3614 Grec

2186 3658 2368 3727 gorius
2417 3655 2785 3717 insimulatus,
2831 3655 3191 3721 judicaretur,
3221 3653 3528 3708 secundum
3559 3655 3750 3704 tantum

2187 3748 2328 3801 diem
2353 3746 2639 3814 designat:
2675 3745 2942 3814 Afﬁrmant
2972 3743 3054 3797 illi
3094 3743 3415 3813 .(inquiens)
3461 3739 3668 3794 audisse
3701 3748 3749 3786 se

2187 3839 2251 3892 de
2283 3838 2552 3892 hominum
2585 3839 2810 3892 adventu
2833 3854 2853 3891 :
2881 3820 2995 3890 erat
3037 3847 3212 3890 autem
3270 3836 3586 3892 Parasceve,
3639 3841 3747 3882 cum

2189 3926 2521 3983 advenerant.
2545 3927 2714 3996 Igitur
2723 3925 3022 3994 pontificem
3045 3925 3120 3978 sic
3144 3924 3490 3995 alloquuntur
3505 3914 3747 3988 episcopi:

2188 4017 2399 4073 Jubesis
2440 4019 2710 4087 episcopos
2760 4020 2898 4072 coire
2930 4031 3140 4079 omnes,
3178 4031 3240 4068 ac
3270 4018 3318 4069 si
3371 4015 3464 4068 Dei
3523 4011 3740 4065 voluntas

2192 4109 2392 4173 tulerit,
2411 4110 2493 4162 die
2522 4108 2749 4162 secundo
2767 4107 3031 4160 decernite
3056 4123 3076 4172 ,'
3104 4118 3157 4160 et
3186 4121 3308 4158 mox
3342 4118 3541 4162 nonum
3575 4110 3742 4154 nume-

2194 4211 2278 4257 rat
2307 4202 2469 4264 dietn,
2495 4201 2586 4272 qui
2618 4209 2767 4254 certe
2813 4215 2840 4250 a
2868 4196 3136 4252 Pasrhate
3172 4214 3187 4250 :
3242 4194 3306 4249 Ut
3370 4205 3541 4249 autem
3589 4197 3738 4242 nonin

2194 4291 2369 4358 adfuit
2391 4289 2522 4352 dies,
2561 4289 2774 4340 mandat
2821 4286 3058 4354 pontifex
3107 4301 3212 4338 rem
3261 4285 3494 4346 divinam
3550 4276 3740 4347 peragat

523 4399 713 4454 scapus
773 4383 1067 4454 Agrigenti,
1122 4383 1258 4453 quod
1322 4399 1355 4436 a
1417 4381 1634 4451 Pelagio
1679 4381 1882 4452 factum
1936 4397 2088 4452 opor-
2123 4412 2168 4468 Β
2197 4377 2498 4468 Gregorius.
2531 4374 2716 4444 Neque
2735 4373 3065 4468 aliter-Galli
3096 4383 3149 4468 et
3171 4372 3358 4468 lielgae
3381 4383 3580 4458 annum
3599 4371 3734 4468 suum“

527 4475 650 4528 luit.

937 4530 948 4550 ι

527 4563 683 4620 Nunc
711 4565 894 4620 omnia
927 4565 993 4620 ad
1021 4578 1248 4618 examen
1280 4577 1560 4632 vocemus.

603 4657 689 4714 Ill.
745 4657 914 4712 Porro
969 4656 1262 4726 Cajetanus
1308 4657 1376 4710 ad
1432 4655 1652 4712 Macarii
1699 4656 1848 4727 quod
1905 4658 2098 4712 attinet

531 4733 933 4819 pontiﬁCatum,
965 4749 1040 4802 ait
1083 4747 1280 4802 initum
1328 4749 1480 4803 illum
1507 4787 1522 4813 ,
1563 4747 1800 4804 Baronio
1852 4757 2098 4811 auctore,

533 4858 675 4898 anno
707 4841 808 4896 5-H
841 4841 1086 4912 (emenda
1124 4840 1272 4910 546),
1320 4857 1388 4894 ex
1446 4841 1678 4896 aliorum
1727 4855 1856 4894 vero
1880 4848 2098 4894 senten-

534 4936 607 4989 tia
637 4949 779 4988 anno
804 4933 1118 5002 superiore;
1145 4933 1237 4987 sed
1281 4931 1377 5002 qui
1414 4940 1594 4985 tamen
1650 4931 1978 5002 repetendus
2029 4931 2098 4985 ab

536 5038 683 5078 anno
711 5024 891 5077 saltim
929 5021 1054 5084 542,
1081 5023 1302 5102 quando
1349 5036 1496 5076 anno
1527 5021 1650 5081 545,
1687 5037 1798 5091 quo
1825 5019 2104 5092 Jerosoly-

542 5133 625 5170 ma
656 5117 934 5185 ingressus
983 5115 1284 5186 Gregorius
1325 5153 1341 5179 ,
1395 5115 1510 5184 jam
1572 5114 1832 5170 Ecclesiae
1877 5122 2107 5184 praeerat

542 5207 832 5272 Macarius,
875 5205 1105 5260 Leontio
1157 5215 1311 5260 teste.
1343 5204 1443 5260 Hic
1479 5205 1657 5275 primo
1699 5205 1832 5260 mihi
1881 5222 1970 5260 res
2003 5206 2110 5260 erit

540 5313 668 5355 cum
696 5296 977 5364 Cajetano,
1013 5295 1104 5366 qui
1149 5295 1446 5350 Macarium
1491 5295 1956 5367 Jerosolymorum
1995 5297 2111 5366 epi-

442 5423 460 5442 .
543 5405 768 5459 scopum
805 5395 954 5442 ratus
983 5402 1128 5442 anno
1157 5387 1280 5452 542,
1321 5387 1467 5456 quod
1521 5387 1750 5440 minime
1801 5385 2108 5442 ferendum.

547 5481 834 5548 Enimvero
865 5479 1210 5536 Justinianus
1241 5478 1261 5532 ι
1297 5492 1444 5532 anno
1487 5477 1611 5542 544,
1665 5478 1902 5532 edictum
1947 5477 2116 5532 edidit

553 5582 816 5628 adversus
869 5573 972 5626 tria
1027 5571 1272 5642 Capitula
1307 5611 1320 5635 ,
1399 5569 1488 5622 cui
1537 5569 1866 5637 ascriptores
1957 5565 2115 5622 luere

562 5667 781 5720 Mcnnas
833 5663 1500 5731 Constantinopolitanus,
1556 5659 1742 5716 Zoilus
1799 5657 2117 5715 Alexandri-

2194 4441 2566 4526 0t'diebatttttr,
2605 4441 2748 4532 quod
2803 4445 3017 4520 tandem
3061 4465 3128 4514 ab
3169 4461 3254 4514 his
3283 4441 3592 4528 abrogatum
3615 4457 3736 4500 anno

2199 4559 2359 4623 1577,
2386 4557 2455 4610 ah
2489 4557 2596 4609 illis
2621 4570 2766 4610 anno
2795 4555 2952 4609 1564.
2985 4553 3134 4624 (Pag.
3157 4553 3210 4606 in
3243 4551 3363 4606 Per.
3393 4540 3730 4605 Gt'aato'Dom.

2197 4665 2348 4704 num.
2381 4647 2494 4716 15).
2524 4645 2641 4702 Jant
2674 4647 2719 4701 si
2755 4647 3024 4700 secundus
3058 4645 3126 4698 ah
3155 4658 3291 4698 nova
3329 4639 3602 4698 Dominica
3634 4629 3733 4683 dies

2199 4739 2508 4794 incurritin
2539 4737 2604 4792 15
2625 4737 2850 4807 Aprilis,
2881 4751 3012 4806 ergo
3062 4734 3268 4790 Pascha
3322 4735 3374 4790 in
3421 4732 3453 4786 6
3495 4722 3728 4807 ejusdem.

2199 4831 2282 4884 An
2318 4830 2495 4884 isthuc
2522 4806 2893 4898 exprimemus
2933 4842 2964 4880 a
2995 4826 3237 4894 Cajetnni
3271 4806 3732 4898 Chronolo,;ismo?

2204 4935 2292 4975 an.
2328 4921 2430 4975 545
2460 4897 2774 4989 agitabatur
2823 4917 2894 4972 20
2947 4918 3082 4987 cycli
3146 4915 3362 4978 solaris,
3421 4910 3486 4966 ιε
3537 4897 3728 4989 lunaris,

2205 5013 2434 5084 proinde
2456 4985 3022 5066 liilera'Dominicali—s
3050 5007 3115 5071 D,
3147 5010 3412 5062 terminus
3432 4992 3688 5084 Paschalis
3704 4985 3730 5034 ι

2205 5078 2429 5176 Aprilis,
2497 5103 2706 5158 Pascha
2759 5102 2826 5156 12
2855 5101 3123 5170 ejusdem.
3156 5116 3276 5152 nam
3315 5095 3563 5150 terminus
3594 5078 3730 5176 inle-

2210 5173 2346 5254 riam
2384 5198 2414 5249 7
2452 5197 2604 5258 exiit,
2646 5209 2818 5264 eoque
2853 5192 3067 5248 Pascha
3105 5190 3502 5246 dilfnndendutn
3545 5181 3590 5234 in
3620 5173 3728 5264 alte:

2209 5306 2325 5346 ram
2380 5288 2742 5353 Dominicam,
2787 5301 2855 5338 ne
2880 5301 3004 5339 cum
3035 5283 3236 5338 ludatis
3260 5276 3638 5336 conveniretur.
3661 5255 3728 5311 "5'

2213 5383 2247 5438 5
2278 5381 2503 5451 Aprilis,
2535 5378 2802 5448 siquidem
2833 5393 2951 5430 mos
2982 5377 3084 5430 iste
3138 5374 3279 5442 apud
3331 5355 3724 5453 llierosolyntits-

2216 5490 2341 5528 nam
2377 5473 2672 5528 Ecclesiam
2701 5485 2810 5526 non
2835 5469 3154 5524 obtinuerit.
3196 5465 3540 5533 Quamobrem
3576 5452 3728 5546 Doni!-

2219 5569 2337 5622 nica
2376 5581 2512 5620 nova
2545 5580 2666 5620 cum
2699 5561 2951 5618 inciderit
2976 5563 3060 5614 vel
3095 5562 3148 5614 in
3172 5560 3238 5614 19
3272 5559 3354 5613 vel
3383 5559 3434 5611 in
3457 5551 3516 5606 l9.
3543 5537 3720 5610 Αιπηίδν

2224 5664 2299 5724 lit,
2339 5658 2519 5713 Marco
2550 5657 2855 5712 abeundum
2901 5651 3288 5721 Hierosolymis
3331 5649 3490 5703 luisse
3538 5635 3607 5687 vel
3650 5624 3720 5681 ‘31.
