4038 6274
268 345 452 421 1185

1659 351 2180 418 DISSERTATIO.

3403 365 3542 432 1136

275 471 382 522 vel
431 464 497 519 14
522 463 630 529 die,
663 462 708 520 si
741 462 986 535 Cajetani
1015 461 1468 532 Chronol0gismo
1493 461 1876 530 inhaereamus,
1910 474 1954 530 Α
1984 467 2350 523 concedamus
2408 467 2624 524 interim
2650 511 2664 534 ,
2725 472 2870 542 quod
2929 472 3172 542 postulat
3228 471 3546 544 Cajctanus,

281 572 424 611 non
460 557 526 610 l5
559 556 783 626 Aprilis,
820 563 880 612 ut
911 554 1174 610 Leontius
1198 552 1488 609 manifeste
1523 562 1772 610 testatus.
1800 557 1880 609 Ad

286 650 428 704 haec
482 648 548 703 l5
603 649 830 718 Aprilis,
881 662 987 718 qua
1032 645 1250 702 Marcus
1282 647 1450 700 abbas
1489 644 1882 718 Hierosolymis

284 741 612 808 digressus,
649 739 814 810 298
845 739 1122 792 concurrit
1150 753 1276 792 cum
1312 737 1444 792 l'eria
1477 738 1554 802 5;
1593 737 1688 792 sed
1735 753 1882 792 anno

286 829 439 894 545,
465 847 586 885 cum
615 830 753 885 feria
782 831 836 883 4.
866 829 1137 883 ΡΞΙὊΠῘἎΙῘΙ
1173 844 1398 882 manum
1442 836 1719 896 exspecto,
1763 843 1884 897 quas

290 922 753 990 Jeplor‘atissima
785 919 1056 990 Cajetanae
1091 920 1372 973 sententiae
1397 919 1620 973 vulnera
1649 935 1884 988 prtcsen-

291 1011 458 1068 tibus
488 1013 668 1066 succis
702 1012 1027 1066 demulceat.
1061 1010 1167 1064 Sed
1197 1021 1390 1064 caetera
1423 1025 1810 1080 exsequamur.

376 1103 446 1156 V.
483 1102 604 1169 Quo
642 1117 784 1156 anno
813 1101 1156 1156 Antiochiam
1192 1099 1661 1171 abiitGregorius,
1697 1100 1884 1156 Eccle-

283 1193 452 1249 siam
515 1194 899 1247 moderabatur
961 1190 1306 1246 Eustathius.
1348 1191 1436 1244 Ita
1501 1191 1885 1264 Hierosolymis

286 1284 514 1354 (inquit
531 1283 812 1353 Leontius)
825 1295 1058 1352 egressas
1083 1297 1133 1335 Iv
1160 1279 1288 1335 Idus
1304 1281 1528 1348 Aprilis,
1551 1283 1886 1338 Antiochiam

281 1375 690 1442 proﬁciscitur,
729 1389 830 1442 quo
879 1389 999 1426 cum
1042 1373 1282 1436 venisset,
1312 1371 1582 1427 domicilio
1613 1359 1887 1444 σπι-ερεοἀ

283 1475 498 1518 sancto
535 1463 818 1517 Eustathio
851 1463 964 1532 ejus
992 1463 1137 1516 urbis
1161 1452 1616 1532 archiepiscopo...
1640 1465 1722 1518 Ab
1743 1481 1888 1520 anno

279 1553 518 1608 Justini
571 1556 712 1622 Aug.
760 1554 972 1618 ultimo,
1029 1553 1132 1606 hoc
1182 1561 1268 1607 est
1313 1552 1518 1608 ChriSIi
1559 1553 1888 1625 Dionysiano

285 1644 432 1706 526,
479 1659 590 1712 quo
621 1643 958 1710 Euphrasius
994 1643 1369 1698 Autiochenus
1421 1645 1712 1714 episcopus
1752 1645 1889 1715 lapi-

281 1736 481 1808 dibus
510 1736 738 1790 obrutus
775 1737 828 1789 in
857 1735 1198 1790 memorabili
1229 1735 1348 1805 ejus
1381 1735 1534 1791 urbis
1573 1743 1885 1790 terraimotu

1984 553 2148 608 modo
2177 554 2464 625 intelligat,
2499 573 2661 626 quam
2701 561 2870 614 multa
2897 561 3024 624 sint,
3065 576 3186 630 qua:
3233 561 3338 617 sibi
3381 578 3548 632 repu-

1983 654 2172 716 gnant.
2211 645 2352 716 Ergo
2381 648 2513 703 illud
2545 665 2575 704 a
2599 649 2863 718 Cajctano
2905 663 3050 718 peto,
3099 653 3230 721 quid
3279 655 3384 708 sibi
3434 655 3550 710 limo

1981 731 2151 785 velint
2183 749 2196 784 ε
2229 731 2498 788 Romanus
2521 734 3032 808 (Pontilex)‘quippe
3063 741 3210 807 gravi
3231 741 3410 793 morbo
3455 742 3551 795 de-

1979 830 2155 882 tentus
2189 823 2424 878 libellum
2457 827 2623 880 mittit
2656 829 2873 896 propria
2915 845 3073 882 ntanu
3105 819 3459 899 conscriptum
3487 833 3552 886 de

1983 911 2244 964 sententia
2271 913 2684 968 orthodoxorum
2717 919 3015 970 antistitum
3044 921 3208 988 ipsius
3241 921 3412 975 loriam
3438 937 3553 976 ser-

1983 1003 2264 1056 uantium?
2301 1001 2440 1068 Quid
2473 1017 2528 1060 et
2556 1023 2678 1075 qua:
2711 1024 2835 1062 mox
2894 1013 3231 1066 succedunt:
3289 1012 3394 1068 Sed
3443 1019 3552 1082 epi-

1981 1090 2127 1157 scopi
2157 1089 2212 1142 in
2240 1091 2522 1143 concilium
2543 1109 2576 1144 a
2595 1093 2842 1162 pontiﬁce
2869 1097 3015 1149 missi
3047 1093 3284 1166 Gregorii
3307 1097 3552 1154 adventui

1986 1187 2361 1233 anteuertentes
2374 1181 2676 1250 pontiﬁcem
2700 1185 2871 1247 ipsum
2888 1187 3171 1240 docuerunt
3192 1186 3432 1258 Gregorii
3449 1193 3554 1244 uir-

1987 1275 2116 1334 tute,
2139 1286 2202 1322 ac
2239 1272 2526 1339 sapientia,
2561 1273 2930 1330 luereticorum
2966 1280 3270 1345 audaciam,
3309 1283 3554 1350 petulan-

1987 1359 2218 1428 tiamque
2257 1367 2594 1430 repressam?
2629 1363 2764 1418 Cum
2805 1365 3274 1438 Constantinopoli
3311 1387 3552 1429 (ecutue-

1991 1447 2108 1497 nica
2131 1462 2154 1498 ν
2181 1446 2422 1516 synodus
2453 1450 2900 1522 coivthVigilius
2927 1471 3062 1524 papa
3088 1457 3286 1513 ibidem
3308 1461 3556 1531 degebat,

1990 1533 2332 1593 Chalcedone
2363 1554 2396 1594 a
2437 1539 2754 1598 Justiniano
2805 1549 3038 1612 excitus,
3084 1551 3401 1616 anno.559.,
3447 1570 3560 1624 quo

1989 1625 2280 1696 aufugerat
2306 1633 2577 1700 superiori
2599 1647 2745 1688 anno
2783 1635 3128 1706 imperatoris
3176 1641 3286 1696 iras
3318 1645 3558 1699 declina-

1994 1725 2174 1785 turus,
2199 1735 2338 1788 quas
2365 1723 2416 1774 iu
2449 1737 2510 1776 se
2539 1726 2843 1780 concitarat
2867 1729 3042 1784 tribus
3070 1731 3334 1800 Capitulis
3365 1749 3562 1802 appro-

282 1804 530 1881 iuteriit
557 1825 828 1896 (Tthph.
885 1825 951 1879 ad
1015 1825 1068 1879 h.
1131 1826 1230 1894 a.),
1262 1804 1331 1880 ad
1358 1825 1484 1892 546,
1531 1827 1886 1884 Autiocheute

1992 1807 2148 1870 batis.
2211 1827 2334 1880 quae
2385 1827 2532 1868 anno
2573 1817 2690 1875 Δ547
2748 1819 3009 1888 principis
3056 1823 3216 1889 genio
3275 1824 3562 1894 indulgens

291 1917 586 1972 Ecclesiae
647 1916 936 1984 impositus
1008 1914 1349 1985 Ephrtemus,
1405 1917 1588 1986 eique.
1627 1919 1891 1974 successit

297 2008 564 2063 Domnus
583 2006 743 2074 ll,qui
765 2025 792 2058 e
810 2008 946 2062 vivis
961 2008 1194 2062 excessit
1214 2023 1355 2060 anno
1373 2007 1495 2062 559.
1511 2009 1710 2079 Ecquis
1728 2012 1892 2079 igitur

293 2101 563 2168 gentium
597 2098 915 2152 Eustathius
959 2098 1082 2162 iste,
1125 2097 1219 2169 qui
1251 2097 1508 2168 Cajetano
1560 2109 1786 2157 auctore
1834 2103 1890 2156 in

295 2193 662 2246 Antiochena
690 2190 948 2244 cathedra
979 2189 1182 2245 sederit
1209 2205 1353 2245 anno
1405 2191 1552 2247 552?
1604 2193 1748 2248 Vidit
1792 2209 1892 2249 no-

294 2285 441 2338 dum
513 2281 831 2352 Cajetanus,
891 2295 1068 2351 neque
1121 2281 1227 2336 alio
1271 2282 1498 2336 extricat
1551 2283 1732 2346 modo,
1786 2283 1892 2338 nisi

295 2375 600 2436 dubitans,
647 2389 718 2426 an
772 2372 1222 2442 inter.Ephro:m,
1271 2381 1319 2426 et
1359 2372 1623 2427 Domuum
1665 2375 1883 2428 admini-

297 2467 514 2521 stravit
535 2481 651 2523 eam
685 2466 858 2519 sedem
888 2463 1197 2518 Eustathius
1223 2466 1248 2520 ?
1274 2481 1340 2517 an
1370 2463 1615 2518 Leontius
1640 2468 1891 2520 memoria

296 2559 508 2628 lapsus
533 2559 558 2612 ἲ
587 2543 656 2610 At
675 2557 819 2610 enim
845 2555 889 2610 si
916 2570 1014 2624 pro
1035 2553 1278 2624 Cajetaui
1302 2563 1426 2608 voto
1450 2565 1654 2610 starent
1677 2566 1889 2622 Cartera,

294 2648 646 2706 dubitationi
665 2648 912 2702 cederem
939 2664 954 2702 :
978 2662 1101 2702 cum
1124 2662 1248 2702 vero
1273 2647 1325 2700 in
1355 2656 1463 2702 tota
1485 2646 1694 2702 Leontii
1726 2648 1894 2702 histo-

297 2741 389 2795 ria
415 2740 562 2794 nihil
587 2740 813 2794 omnino
835 2740 1072 2810 sit,quod
1087 2739 1329 2808 Cajetani
1349 2737 1658 2808 Opinionem
1676 2755 1780 2792 non
1796 2753 1894 2794 su-

301 2831 778 2903 gillet,piaculum
806 2829 875 2884 sit
901 2829 1042 2883 inter
1064 2828 1407 2898 Ephrannum
1437 2837 1491 2882 et
1513 2828 1778 2882 Domuum
1803 2845 1894 2884 ac-

299 2937 547 2978 censere
562 2919 900 2976 Eustathiutu
919 2918 1270 2973 Antiocheme
1288 2917 1541 2972 Ecclesia:
1565 2918 1892 2986 pontiﬁcem.

387 3011 486 3068 Vl.
522 3011 603 3064 Ad
639 3011 753 3065 haec
779 3010 1036 3064 Leontius
1075 3009 1264 3064 scribit
1291 3023 1308 3062 :
1341 3007 1571 3077 Impiam
1603 3009 1768 3078 igitur
1788 3009 1898 3062 lia:-

1989 1900 2479 1975 Constantinopoli,
2517 1923 2627 1976 quo
2676 1921 2924 1978 vocatus,
2981 1913 3291 1970 damnarat.
3347 1915 3452 1972 Sed
3507 1927 3562 1972 et
3631 1985 3646 1994 ‘

1991 1993 2230 2048 concilio
2264 2011 2440 2066 neque
2472 1999 2662 2054 adesse
2716 2000 2832 2070 ipse
2883 2003 3072 2070 voluit,
3130 2021 3305 2075 neque
3357 2009 3564 2078 legatos

1993 2083 2251 2137 mittere:
2291 2087 2462 2170 semel
2493 2091 2644 2142 enim
2675 2091 2988 2164 iterumque
3029 2109 3059 2148 a
3121 2098 3316 2166 synodi
3368 2100 3562 2170 legatis

1993 2171 2275 2240 invitatus,
2310 2163 2508 2246 ut'ipse
2530 2195 2654 2234 cum
2678 2163 2950 2253 episcopis
2981 2163 3204 2256 reliquis
3224 2193 3560 2258 conveniret,

1993 2267 2154 2322 modo
2188 2268 2311 2334 hoc,
2362 2273 2526 2328 modo
2579 2274 2710 2330 illud
2744 2288 3023 2347 cauSatus,
3058 2284 3253 2338 adduci
3280 2300 3560 2356 nunquam

1992 2359 2194 2425 potuit,
2226 2368 2286 2413 ut
2315 2375 2376 2416 se
2426 2376 2692 2432 praesente
2739 2371 3031 2427 concilium
3095 2373 3401 2430 haberetur.
3461 2376 3564 2433 Ille

1993 2465 2111 2502 vero
2143 2455 2447 2520 (oratorum
2486 2461 2676 2527 synodi
2709 2461 2869 2515 verba
2899 2471 3046 2527 sunt,
3077 2465 3370 2519 collatione
3403 2468 3438 2522 5
3463 2485 3558 2522 ολ-

1993 2539 2192 2607 posita)
2226 2545 2494 2612 respondit
2522 2563 2624 2602 non
2655 2565 2806 2618 posse
2834 2567 2944 2604 una
2962 2554 3232 2607 nobiscum
3265 2562 3560 2623 convenire,

1993 2644 2051 2682 eo
2080 2633 2220 2698 quod
2239 2633 2460 2701 plurimi
2487 2639 2572 2690 hic
2595 2642 2806 2708 quidem
2833 2653 2956 2694 sunt
2983 2641 3276 2699 Orientales
3308 2650 3562 2718 episcopi,

1992 2724 2149 2790 pauci
2189 2741 2306 2778 vero
2337 2743 2458 2780 cum
2503 2746 2563 2782 eo
2591 2745 2612 2784 :
2645 2731 2822 2800 facere
2863 2746 3039 2786 autem
3089 2752 3179 2804 per
3225 2753 3561 2808 semetipsum

1995 2818 2332 2882 sententiam,
2369 2830 2418 2874 et
2449 2823 2632 2890 offerre
2663 2827 2902 2892 piissimo
2936 2827 3169 2882 domino.
3219 2833 3370 2894 Quod
3409 2833 3564 2900 plane

1996 2921 2331 2966 exsecutus:
2366 2915 2512 2968 misit
2541 2918 2687 2969 enim
2739 2913 3052 2974 Justiniano
3107 2923 3244 2992 Aug.
3298 2922 3562 2989 libellum,

1997 3017 2158 3070 quem
2191 3008 2538 3062 constitutum
2569 3010 2728 3076 dixit,
2767 3012 2818 3064 in
2845 3027 2954 3082 quo
2973 3015 3104 3083 quid
3125 3015 3190 3069 de
3221 3016 3394 3070 tribus
3437 3033 3566 3072 scu-

305 3103 484 3158 resim
511 3099 765 3170 Gregorio
795 3101 966 3168 aperit
1025 3097 1682 3168 (ConstantinOpolitanus
1715 3101 1895 3153 archi-
1920 3131 1965 3191 ϐ
2001 3091 2124 3146 tiret
2178 3095 2444 3165 Capitulis
2491 3103 2722 3168 aperuit,
2773 3119 3008 3172 eumque
3055 3104 3240 3159 Graece
3291 3121 3504 3161 versum
3535 3126 3566 3163 a

311 3193 639 3262 episcopus;
662 3198 908 3259 quietum
929 3191 1203 3242 exstiterat
1227 3187 1432 3259 Sergio,
1463 3187 1620 3258 Cyro,
1643 3198 1692 3242 et
1723 3188 1892 3244 Paulo

314 3279 782 3353 perniciosissimis
827 3280 1150 3334 auctoribus.
1189 3278 1304 3334 Ita.
1333 3281 1528 3334 multas
1585 3283 1767 3334 beatus
1821 3283 1901 3335 uir

315 3372 644 3428 edidit'cum
681 3371 751 3426 ad
793 3372 1108 3435 docendum,
1153 3379 1263 3424 tum
1313 3372 1382 3426 ad
1413 3371 1741 3428 laudandum
1767 3389 1902 3428 com-

319 3466 528 3531 positas
577 3467 864 3529 orationsss,
917 3474 971 3518 ut
1026 3466 1106 3518 vel
1160 3463 1230 3518 ad
1281 3465 1508 3532 piissimi
1567 3467 1902 3535 imperatoris

323 3557 501 3609 nostri
529 3571 683 3608 aures
713 3556 878 3624 ipsius
906 3557 1052 3624 fama
1077 3557 1385 3622 pervaserit.
1421 3554 1555 3608 Inde
1573 3568 1684 3620 post
1710 3559 1901 3610 multos

323 3647 439 3698 dies
501 3645 695 3697 adsunt
749 3645 976 3712 episcopi
1031 3644 1458 3704 Alexandrinus,
1520 3645 1898 3710 Antiochensis,

329 3737 635 3792 Orientales
665 3752 862 3788 omnes.
897 3734 1164 3788 Romanus
1194 3751 1313 3788 vero
1343 3736 1531 3806 quippe
1551 3739 1697 3806 graui
1724 3739 1902 3791 morbo

325 3829 573 3882 detentus
605 3827 842 3880 libellum
875 3829 1038 3881 mittit
1088 3830 1303 3898 propria
1347 3844 1510 3882 manu
1552 3832 1904 3900 conscriptum

326 3917 393 3972 de
444 3919 702 3972 sententia
751 3919 1160 3983 orthodoxorum
1215 3921 1514 3974 antistitum
1538 3922 1701 3987 ipsius
1735 3923 1906 3976 locum

327 4010 677 4064 sei-nantium.
710 4009 834 4064 Non
866 4013 952 4065 hic
975 4011 1123 4064 litem
1149 4011 1422 4065 interulam
1445 4011 1728 4081 Cajetano,
1761 4013 1904 4081 quod

235 4167 244 4173 _
326 4110 524 4170 aperte
549 4101 766 4156 dicatur
797 4103 980 4158 habita
1013 4103 1254 4173 synodus
1281 4104 1684 4172 proscribenda
1718 4103 1908 4158 Mono-

329 4191 650 4246 thelttarum
683 4193 899 4257 haeresi,
932 4203 1095 4261 atque
1124 4195 1261 4252 adeo
1311 4194 1464 4262 nigro
1499 4193 1644 4247 theta
1689 4195 1908 4264 signan-

329 4281 418 4335 dis
447 4279 664 4352 Sergio,
694 4282 858 4354 Cyro,
893 4282 1070 4338 Paulo
1100 4284 1365 4338 luzereticae
1403 4283 1655 4339 factionis
1699 4285 1905 4339 antesi-

333 4374 552 4442 gnanis.
579 4376 849 4444 Quidquid
878 4377 981 4431 hoc
999 4386 1105 4441 est,
1139 4375 1280 4444 quod
1305 4385 1452 4430 certe
1477 4391 1750 4446 magnum,
1783 4393 1906 4432 cau-

2003 3181 2364 3271 Constantino
2386 3194 2527 3248 sacri
2561 3196 2745 3263 palatii
2789 3205 3059 3266 quaestore
3089 3199 3286 3252 lectum
3317 3201 3483 3253 voluit
3514 3201 3565 3253 in

2000 3279 2210 3344 synodo
2243 3281 2559 3352 imperator,
2593 3295 2652 3340 ut
2678 3290 2730 3340 in
2765 3289 3058 3344 collatiou“
3087 3290 3119 3342 7
3149 3291 3402 3344 traditur.
3435 3293 3566 3344 Cum

2002 3362 2168 3432 igitur
2203 3368 2672 3442 Constantinopoli
2724 3385 3036 3432 versaretur
3073 3376 3321 3446 Vigilius,
3359 3384 3569 3434 animu-

2001 3471 2108 3522 que
2131 3457 2470 3526 instituerit,
2511 3465 2716 3518 nullam
2761 3466 2986 3534 injicere
3019 3469 3399 3523 auctoritatem
3439 3486 3572 3525 con-

2003 3545 2152 3611 cilio,
2183 3550 2330 3616 quod
2359 3553 2470 3615 sui,
2504 3553 2608 3606 hoc
2637 3557 3118 3620 est,'ecclesiastici
3151 3569 3376 3614 senatus
3415 3563 3574 3630 prin-

2007 3635 2144 3703 cipis
2162 3641 2446 3705 prazseutia
2464 3653 2694 3705 careret,
2719 3661 2826 3698 non
2844 3655 2982 3711 erat,
3008 3662 3106 3700 cur
3125 3648 3272 3702 viros
3293 3651 3572 3720 deligeret,

2006 3725 2097 3792 qui
2147 3741 2273 3781 suas
2323 3739 2502 3798 partes
2537 3732 2858 3801 'legatorum
2913 3751 3138 3790 munere
3194 3737 3573 3809 fungerentur,

1961 3843 1966 3849 -
2007 3819 2150 3870 unde
2203 3818 2512 3887 legitimam
2548 3823 2812 3892 synodum
2866 3827 3179 3880 necessario
3225 3829 3451 3883 diceret.
3508 3831 3572 3884 Et

2004 3910 2224 3978 quidem
2265 3926 2330 3966 ex
2385 3913 2518 3982 ipsis
2557 3916 2775 3969 concilii
2825 3919 2978 3972 Actis
3033 3918 3304 3984 elicimus,
3365 3920 3570 3974 nullum

2006 3999 2172 4057 fuisse
2207 4001 2440 4058 Romani
2481 4004 2718 4076 episcopi
2747 4007 3004 4080 legatum,
3039 4009 3182 4078 quod
3237 4011 3576 4066 ecclesiasti-

2005 4107 2191 4148 carum
2222 4111 2406 4150 rerum
2440 4097 2784 4167 indagatorcs
2807 4101 3045 4152 latentur
3069 4115 3280 4164 omnes,
3308 4111 3576 4170 nocetque

1979 4186 2096 4256 .(ne
2129 4187 2249 4243 sine
2273 4193 2445 4244 veteri
2483 4192 2798 4246 testimonio
2829 4209 2920 4248 res
2962 4195 3317 4262 transigatur)
3363 4193 3575 4248 indicu-

1959 4324 1969 4329 .
2007 4279 2092 4335 lus
2115 4280 2205 4335 ille
2239 4283 2292 4336 in
2326 4284 2472 4352 regia
2504 4282 2836 4338 Parisiorum
2870 4285 3352 4340 bibliothecarum.
3385 4285 3572 4338 lauda-

2010 4381 2204 4442 tusque
2230 4389 2260 4427 a
2289 4375 2352 4430 V.
2399 4375 2480 4431 Cl.
2514 4376 2790 4446 Stephano
2847 4377 3084 4434 Baluzio.
3115 4377 3167 4430 in
3205 4377 3468 4446 supplent.
3505 4377 3573 4430 ad

334 4477 564 4532 sanique
606 4464 820 4534 jugulat
864 4465 1130 4536 Cajetani,
1188 4475 1504 4535 suspectum
1559 4465 1648 4520 illc
1696 4465 1898 4532 habet;
1935 4455 1978 4513 D
2006 4464 2103 4519 lib.
2139 4482 2166 4518 ν
2193 4465 2272 4520 De
2292 4484 2442 4522 conc.
2470 4485 2582 4522 sae.
2623 4479 2672 4522 et
2703 4471 2854 4539 imp.,
2889 4485 3010 4539 cap.
3051 4470 3142 4534 2i,
3192 4469 3244 4520 in
3280 4469 3437 4536 cujus
3469 4468 3576 4522 line

333 4561 389 4606 ct
423 4561 606 4608 tamen
637 4571 744 4610 non
770 4559 934 4611 .video
973 4571 1140 4627 quam
1174 4573 1322 4612 vere.
1371 4555 1529 4611 Paria
1582 4565 1770 4612 narrat
1819 4554 1905 4610 Si-

339 4659 494 4698 meoo
533 4644 945 4715 Metaphrastes,
984 4666 1144 4718 quem
1178 4657 1357 4704 tamen
1395 4663 1500 4702 non
1545 4648 1758 4703 dubitat
1797 4649 1902 4703 sibi

339 4737 712 4793 concinentem
747 4741 972 4796 laudare
999 4757 1012 4794 :
1045 4741 1195 4810 paria
1225 4741 1350 4795 vita:
1375 4739 1760 4809 Epitomastes.
1790 4739 1897 4794 Sed

679 5027 859 5080 στρος.
907 5019 921 5150 Ι
1031 5019 1163 5072 λιος.

381 5263 595 5316 εοποτη-
657 5247 696 5298 Β
712 5259 824 5300 των·
840 5247 937 5300 καὶ
960 5244 1252 5308 Βικέντιος.

351 5019 362 5754 Ι
407 5329 585 5382 ρητιε.
621 5019 632 5738 Ι
1275 5019 1288 5734 Ι

403 4943 578 4995 πάπαι
626 4937 635 5009 Ι
675 4939 865 4992 Σιλὸεο
911 4937 923 5009 Ι
963 4943 1056 4994 καὶ
1104 4938 1236 4992 Ἰού-
1285 4937 1295 5009 Ι
1338 4939 1612 5009 Δάμασος.
1664 4937 1670 5009 Ι
1735 4937 1904 4990 Κελε-

679 5010 921 5080 στρο;.Ι
1031 5011 1163 5072 λιος.
1283 5010 1294 5080 Ι
1662 5010 1918 5080 Ιστίνος.

381 5263 595 5316 εοποτη-
621 5241 633 5362 Ι
657 5247 937 5300 Btow‘xai
960 5244 1252 5308 Βικέντιος.
1275 5241 1290 5362 Ι
1654 5241 1666 5362 Ι
1717 5241 1921 5313 Κύριλ’

408 5321 585 5362 ann-3.
1755 5311 1866 5362 λος.

1775 5329 1866 5375 λος.

2009 4555 2242 4610 Romani
2267 4560 2574 4626 pontiﬁces,
2609 4561 2710 4616 sub
2757 4563 2958 4630 quibus
3013 4571 3144 4616 actae
3225 4559 3576 4614 occumenicae

2010 4649 2224 4720 synodi,
2253 4654 2664 4717 percensenttir,
2691 4660 2806 4706 tum
2833 4668 3020 4707 eorum
3048 4651 3290 4716 nomina,
3309 4649 3400 4718 qui
3427 4649 3576 4718 ipso-

1962 4783 1970 4787 .
2006 4754 2126 4792 rum
2160 4755 2448 4809 personam
2477 4742 2531 4796 in
2564 4743 2631 4796 lis
2662 4744 3041 4800 sustinuerint.
3077 4744 3159 4797 En
3191 4744 3340 4796 llilllll
3371 4755 3384 4791 :

2053 4937 2232 4992 Λέων.

2730 5159 3092 5170 -——————

3099 5157 3348 5171 ——

3353 5161 3524 5170 μ

2375 4935 2670 5006 Βιγίλλιος.
2704 4928 2733 5014 Ἰ
2779 4942 3049 5010 Ἀγάθων.
3094 4929 3104 5014 Ι
3171 4944 3470 5014 Ἀδριανός.

2037 5239 2230 5316 [laeua
2309 5231 2319 5316 Ι
2719 5231 2728 5316 Ι
2761 5231 3052 5316 Γξὼργιος.
3091 5231 3100 5316 Ι
3141 5241 3149 5249 ’
3220 5251 3424 5316 Πέτρος

2055 5309 2224 5388 gives:
2307 5309 2320 5388 Ι
2718 5309 2728 5388 Ι
2806 5309 3026 5368 Θεόδωέ
3145 5319 3244 5373 καὶ
3287 5309 3510 5388 Πέτρυς.

2043 5379 2241 5432 Λουκί·
2281 5379 2318 5454 ,Ι
2569 5427 2574 5434 .
2716 5379 2726 5454 Ι
2861 5405 2953 5454 ρος

2017 5515 2022 5522 η
2068 5465 2204 5512 σιοςο
2305 5455 2317 5526 Ι
2716 5455 2725 5526 Ι
2770 5455 3062 5526 Ιῖεώργιος.

2670 5573 2674 5578 .
2716 5521 2724 5580 Ι
2751 5521 2844 5578 ttat".
2874 5521 3058 5580 Ἰὼάν-

2663 5603 2725 5664 .Ι
2781 5611 2802 5618 ..
2852 5613 2972 5664 νης.

2304 5037 2604 5730 Ι
