4038 6274
260 337 399 407 1189

1621 336 2140 398 DISSERTATIO.

3368 333 3505 398 119)

257 446 471 502 lllustr.
502 461 623 517 pag.
674 445 801 510 784,
850 446 1001 514 legas
1050 444 1515 517 Philadelphiensi
1573 447 1831 516 episcopo
1862 445 2169 515 Aliquam,
2226 454 2286 500 ut
2347 443 2495 500 omni
2535 443 2694 515 plane
2745 443 3151 499 asseveratione
3180 441 3511 499 aliirmemus

256 538 604 594 Sardicensis
630 535 843 606 Lydiat,
886 535 1228 591 Heracleensi
1268 536 1425 593 Ponti
1453 536 1827 607 Claudiopoli-

255 631 372 685 tani
400 628 744 692 Honoriadis,
772 626 1062 683 Attaliensi
1103 626 1393 698 Pergensis
1423 629 1757 701 Pamphylia:
1786 630 1832 685 ll

256 718 723 787 metropolitarum
770 718 896 786 jura
949 717 1383 788 dignitatemque
1427 728 1701 787 arrogata,
1733 718 1831 789 qui

257 807 414 877 prius
432 806 675 875 ipsorum
706 804 922 864 fuerant
971 804 1342 876 snapxtt‘hrat'
1391 804 1631 875 itemque
1658 804 1831 862 Thes-

256 897 590 953 salonicensi
626 896 868 966 exareho
899 896 1173 967 Anryrani
1216 895 1444 951 Galatia:
1470 898 1831 966 metropolitaa

252 988 379 1057 jura
395 988 677 1042 attributa.
703 986 855 1043 Nunc
870 988 1011 1042 scire
1022 987 1281 1056 pervelim
1300 1003 1329 1041 a
1346 986 1627 1058 Cajetano,
1645 990 1833 1058 ecquis

259 1093 500 1148 unquam
526 1075 1193 1144 tradiderit,Justinianol
1239 1078 1542 1147 imperante
1590 1079 1832 1150 Cyprum

232 1169 499 1225 insulani
530 1167 801 1227 Barbaros
851 1168 1162 1231 incessisse,
1225 1169 1435 1225 abactis
1488 1170 1613 1225 inde
1672 1171 1834 1226 Chri-

263 1260 485 1324 stianis,
535 1259 609 1315 ita
650 1268 711 1319 ut
755 1258 1090 1316 Constantius
1116 1259 1240 1329 jura
1272 1260 1539 1316 cesserint
1571 1261 1627 1314 in
1661 1262 1836 1317 Daciae

257 1352 670 1409 Mediterranei»
688 1350 1093 1421 metropolitam
1114 1352 1138 1405 7
1165 1349 1220 1406 Si
1245 1350 1504 1407 historias
1522 1351 1839 1408 evolvamus

258 1453 475 1504 omnes,
509 1453 791 1508 nunquam
819 1438 933 1504 flet,
966 1448 1025 1494 ut
1064 1439 1220 1496 nobis
1250 1440 1383 1496 illud
1403 1453 1680 1503 occurrat.
1705 1446 1835 1512 quin

258 1546 518 1602 expresse
562 1531 824 1601 scriptum
872 1546 904 1586 a
957 1530 1316 1588 Constantino
1343 1532 1483 1604 Aug.
1523 1533 1838 1605 Porphyro-

261 1612 494 1693 genneta
522 1621 616 1677 lib.
651 1637 667 1677 t
698 1622 880 1678 Them.
917 1622 1010 1679 ubi
1052 1621 1120 1679 de
1153 1624 1329 1695 Cypro
1358 1636 1375 1677 :
1403 1624 1511 1678 Τοῦ
1538 1625 1734 1696 χρόνου
1777 1625 1835 1678 δὲ

263 1710 734 1781 παραδραμόντος,
771 1712 868 1769 καὶ
909 1712 1017 1767 τῶν
1062 1713 1391 1783 Ῥωμαϊκῶν
1434 1714 1616 1769 ὅπλων
1651 1732 1837 1769 κακω-

1930 538 2248 603 concilium,
2274 539 2329 592 in
2371 552 2481 607 quo
2511 552 2752 606 praesens
2776 536 2951 591 adfuit
2980 535 3277 607 Gregorius
3297 576 3314 602 ,
3363 538 3507 592 nulla

1941 629 2156 683 ratione
2185 627 2852 697 Constantinopolitanum
2890 627 3024 682 illud
3074 628 3509 700 intelligendum,

1929 719 2073 789 quod
2102 728 2284 775 actum
2342 734 2410 773 ex
2453 717 2753 773 lustiniani
2784 716 3201 774 lauctoritate?
3247 719 3419 789 quid?
3446 735 3510 775 ea

1932 812 1987 865 in
2019 816 2230 881 synodo
2256 810 2420 865 nulla:
2454 808 2671 864 dividiae
2693 810 2762 864 de
2786 809 3069 880 religionis
3097 810 3341 881 neg0tio,
3376 811 3512 866 nulli

1931 901 2192 965 haeretici,
2221 916 2460 971 quorum
2498 900 2735 970 impetus
2779 900 2978 955 nefarii
3023 903 3513 959 contunderentur.

1934 989 2136 1046 Delbae
2186 1000 2392 1045 tantum
2435 990 2667 1053 Edessa.
2728 989 3003 1047 Theodori
3054 991 3425 1062 Mopsuestia,
3455 1001 3514 1048 et

1934 1079 2261 1136 Theodoreti
2294 1080 2422 1152 Cyri
2469 1080 2855 1150 episcoporum
2894 1081 3220 1136 orthodoxia
3263 1083 3514 1152 disputa-

1935 1181 2085 1227 tum:
2122 1172 2189 1224 ad
2230 1172 2345 1224 haec
2373 1171 2442 1224 de
2476 1169 2730 1237 Origene,
2756 1167 3009 1240 Didymo,
3044 1169 3278 1240 Evagrio
3306 1180 3513 1236 actum,

1935 1264 2025 1333 qui
2058 1278 2167 1317 uno
2205 1263 2450 1317 omnium
2477 1260 2701 1316 Patrum
2733 1261 2965 1316 conflant
3026 1262 3289 1317 damnati.
3334 1263 3514 1319 Unum

1936 1369 2047 1425 pra:
2097 1353 2357 1411 omnibus
2405 1363 2595 1408 testem
2648 1355 2934 1408 audiamus
2986 1351 3304 1423 Gregorium
3344 1352 3408 1410 P.
3438 1352 3514 1410 M.

1936 1452 2303 1512 cognomento
2332 1442 2586 1512 Magnum
2622 1442 2909 1511 (praetereo
2935 1442 3106 1510 ipsius
3140 1444 3336 1513 synodi
3371 1454 3515 1508 acta,

1937 1536 2081 1589 unde
2112 1542 2168 1588 et
2204 1534 2334 1587 illud
2373 1532 2600 1603 liqueat)
2636 1533 2751 1587 haec
2780 1532 2938 1603 301
2980 1532 3048 1586 ad
3095 1531 3517 1588 Constantinum

1936 1623 2395 1679 Mediolanensem
2415 1625 2733 1692 episcopum
2760 1623 3091 1677 scribentem
3123 1622 3220 1678 lib.
3239 1637 3326 1689 nt,
3351 1624 3515 1693 epist.

1937 1716 2039 1775 57:
2072 1715 2226 1781 Quod
2265 1727 2443 1768 autent
2480 1714 2794 1782 scripsistis,
2852 1712 2991 1782 quod
3034 1712 3313 1782 epistolam
3350 1729 3519 1768 meam

264 1802 468 1862 Θέντων
504 1802 562 1870 ἐξ
606 1803 887 1873 ἀμελείας,
914 1804 1228 1876 ἐκράτησαν
1260 1806 1433 1877 αὐτῆς
1464 1809 1517 1860 oi
1546 1808 1838 1879 Σαρρακη-

1949 1808 2134 1878 reginat
2191 1805 2563 1860 Theodolindce
2619 1804 2975 1858 transmittere
3029 1804 3244 1858 minime
3280 1802 3518 1858 voluistis

265 1894 372 1959 vol,
428 1894 538 1951 ἀπὸ
597 1894 697 1965 τῆς
743 1895 1021 1966 βασιλείας
1080 1896 1425 1968 Ἡρακλείου,
1478 1900 1572 1952 καὶ
1624 1899 1837 1972 πρῶτος

265 1987 324 2043 ἰν
376 1985 514 2057 αὐτῇ
564 1986 814 2056 περάσας
856 1986 1260 2058 ’Δϐουσάχαρος
1311 1981 1397 2058 (οὗ
1455 1990 1547 2042 καὶ
1589 1989 1689 2059 τῆς
1745 1992 1840 2044 θυ-

164 2164 181 2167 Ἴ
264 2075 469 2167 ζατρὸς
497 2076 555 2128 ἓν
584 2076 721 2167 αἱςτῇ
751 2076 921 2146 τάφος
950 2077 1244 2148 φαίνεται),
1265 2080 1472 2150 ταύτης
1514 2081 1838 2151 ἐκράτησεν.

270 2166 539 2235 Temporis
561 2157 842 2237 progressu
870 2167 1231 2223 Romanorum
1284 2171 1448 2223 armis
1476 2185 1539 2223 ea
1574 2170 1839 2240 negligen~

268 2258 367 2322 tia,
389 2257 612 2324 attritis,
635 2268 955 2327 occuparunt
979 2274 1093 2312 eam
1110 2256 1390 2330 (Cyprum)
1409 2258 1716 2325 Sarraceni,
1737 2258 1843 2315 ﬂeo

269 2344 434 2399 raclio
483 2352 750 2414 regnante.
810 2343 1087 2399 Enimvero
1158 2347 1362 2415 primus
1418 2361 1534 2401 eam
1581 2346 1842 2415 incessens

268 2434 648 2492 Abubacharus
708 2434 900 2504 (cujus
923 2445 971 2490 et
1006 2434 1136 2504 ﬁliae
1176 2435 1253 2490 ibi
1280 2436 1577 2505 sepulcrum
1610 2436 1842 2490 ostendi~

271 2526 406 2598 tur),
423 2544 518 2582 suo
535 2528 777 2583 submisit
801 2529 1042 2597 imperio.
1057 2528 1647 2595 Abubachsr,Arabum
1665 2529 1848 2587 Amer:

271 2635 544 2676 mummes
592 2618 659 2686 ll’,
720 2620 1007 2691 imperium
1055 2620 1336 2689 ingressus
1390 2624 1535 2674 anno
1565 2618 1660 2674 551
1719 2617 1848 2689 (lle-

273 2712 429 2769 raclii
471 2711 578 2783 ﬁt)
647 2726 756 2782 quo
816 2710 1189 2769 Multammath
1251 2710 1524 2780 impuram
1608 2709 1844 2764 animam

270 2804 515 2861 evomuit
543 2801 612 2858 16
662 2801 849 2869 Junii;
880 2802 1228 2872 obtinuitque
1282 2815 1455 2857 annos
1484 2801 1519 2855 2
1563 2815 1781 2856 menses
1813 2799 1846 2855 6

276 2894 550 2967 (Theoplt.
587 2895 641 2950 in
704 2894 1052 2964 Chronngr.).
1083 2892 1202 2949 Non
1264 2893 1432 2965 igitur
1474 2901 1604 2947 ante
1640 2907 1843 2949 annum

272 2987 375 3045 821
412 2987 522 3041 ulla
570 2987 622 3041 in
676 2984 914 3057 Cyprum
960 2986 1103 3041 facta
1136 2983 1503 3040 Barbarorum
1537 2984 1844 3055 impressio,

276 3079 418 3137 unde
445 3078 891 3137 Christianorum
928 3077 1227 3133 everterint
1275 3072 1596 3133 Ecclesiam.

1939 1914 2033 1967 pro
2066 1914 2125 1951 eo
2151 1896 2290 1967 quod
2319 1896 2502 1966 quinta
2556 1896 2787 1967 synodus
2812 1895 2870 1947 in
2918 1910 2978 1947 ea
3041 1894 3438 1959 nominabatur,
3472 1896 3520 1948 si

1939 2006 2054 2044 eam
2107 1988 2294 2042 exinde
2331 1988 2692 2041 scandalizari
2734 2002 2885 2056 posse
2916 1984 3237 2048 credidistis,
3269 1993 3404 2040 recte
3430 1985 3519 2055 fa-

1941 2092 2081 2135 ctum
2120 2091 2219 2147 est,
2253 2089 2309 2133 ut
2341 2080 2554 2133 minime
2589 2077 3041 2131 transmitteretis.
3067 2074 3214 2130 Unde
3242 2093 3378 2129 nunc
3407 2077 3514 2129 ista

1941 2172 2191 2242 facimus,
2238 2180 2295 2224 ut
2348 2170 2494 2225 vobis
2522 2168 2745 2239 placuit,
2788 2177 2846 2221 ut
2876 2177 3108 2239 quatuor
3133 2166 3357 2238 synodos
3395 2176 3518 2220 tan-

1943 2263 2210 2317 tummodo
2259 2260 2599 2313 laudaremus
2630 2272 2648 2311 :
2681 2258 2746 2312 de
2793 2256 2890 2311 illa
2931 2265 3107 2310 autem
3152 2258 3375 2328 synodo,
3404 2274 3523 2328 qua

1941 2354 2271 2424 postmodum
2327 2349 2788 2419 Constantinopoli
2832 2349 2978 2418 facta
3005 2358 3103 2411 est,
3127 2365 3243 2421 quin
3274 2365 3307 2402 a
3338 2349 3519 2403 multis

1942 2445 2128 2515 quinta
2178 2440 2502 2508 nominatur,
2535 2443 2669 2495 scire
2722 2455 2807 2493 cos
2852 2438 2988 2504 volo,
3019 2441 3143 2510 quia
3174 2441 3310 2494 nihil
3338 2449 3520 2494 contra

1944 2536 2306 2590 sanctissimas
2338 2536 2563 2605 synodos
2590 2533 2943 2596 constituerit,
2982 2532 3062 2586 uel
3102 2533 3340 2596 senserit,
3371 2534 3523 2603 quip-
3558 2526 3559 2529 “

1943 2641 2005 2693 pe
2026 2626 2149 2694 quia
2180 2625 2234 2677 in
2257 2640 2320 2677 ea
2365 2625 2427 2677 de
2484 2622 2719 2693 personis
2766 2622 3150 2685 tantummodo,
3193 2636 3297 2679 non
3346 2629 3523 2674 autem

1945 2715 2007 2768 de
2045 2715 2149 2784 ﬁde
2192 2714 2393 2784 aliquid
2436 2713 2646 2783 ju~sum
2672 2724 2785 2780 est;
2832 2723 2882 2768 et
2915 2715 2981 2767 de
3030 2715 3111 2768 his
3164 2714 3424 2782 personis,
3456 2716 3522 2768 de

1946 2808 2132 2876 quibus
2166 2808 2220 2860 in
2235 2805 2643 2860 Chalcedonensi
2666 2806 2867 2875 synodo
2907 2806 3041 2859 nihil
3071 2808 3404 2870 continetur;
3433 2806 3524 2859 sed

1945 2908 2059 2968 post
2087 2898 2359 2966 expressas
2389 2895 2645 2965 synodos,
2676 2912 2767 2949 seu
2784 2894 3023 2950 Canones
3064 2896 3210 2966 facta
3241 2896 3523 2958 contentio,

1946 2999 1997 3044 et
2020 2998 2256 3043 extrema
2286 2988 2427 3042 actio
2452 2987 2515 3041 de
2535 2987 2776 3056 personis
2808 2986 3062 3040 ventilata
3086 2995 3184 3040 est.
3218 2983 3274 3040 Si
3315 2994 3526 3040 tantum

1950 3081 2116 3152 igitur
2144 3080 2199 3134 in
2241 3096 2271 3135 v
2316 3081 2527 3151 synodo
2567 3079 2907 3134 oecumenica
2942 3088 3150 3143 actum,
3182 3087 3365 3135 utrum
3400 3094 3528 3149 pro-

347 3186 483 3243 Vlll.
511 3186 618 3242 Sed
649 3186 827 3241 adhuc
854 3193 1103 3256 superest
1128 3184 1272 3255 quod
1294 3185 1529 3250 evincat,
1558 3185 1844 3257 synodum,
1875 3143 1919 3201 θ
1953 3143 2227 3230 srribendi
2275 3143 2445 3227 necne
2474 3169 2655 3227 forent
2676 3169 2797 3226 lbas
2823 3169 3065 3242 epistolae
3088 3171 3155 3226 ad
3181 3171 3375 3227 Marim
3399 3143 3530 3231 ἰδον-

278 3297 388 3351 qua
414 3283 481 3335 de
526 3278 714 3335 scribit
767 3277 1057 3342 Leontius,
1105 3277 1257 3332 nullo
1313 3279 1474 3332 modo
1519 3278 1846 3341 habendam,

278 3388 403 3445 qua
463 3380 788 3443 congregata
834 3368 1131 3427 Justittiani
1191 3370 1212 3424 1
1281 3386 1471 3439 regno.
1533 3368 1627 3424 Sic
1684 3369 1852 3439 igitur

278 3464 542 3520 Leontius
572 3483 586 3518 :
618 3462 707 3517 Ita
730 3464 785 3517 in
813 3478 953 3528 eam,
979 3476 1096 3531 qua:
1125 3461 1217 3514 diu
1242 3469 1427 3514 exorta
1457 3460 1656 3528 fuerat,
1687 3460 1853 3513 hatre-

275 3557 380 3611 sim
428 3554 826 3627 fraudulentam
878 3561 1045 3621 capta
1097 3552 1413 3619 disputatio,
1469 3550 1742 3619 multaque
1785 3546 1850 3601 ab

277 3648 588 3702 orthodomis
642 3660 701 3698 eo
753 3645 839 3697 die
888 3644 941 3696 in
984 3642 1256 3696 hereticos
1304 3645 1546 3710 probata.
1591 3641 1853 3693 Caeterum

280 3738 590 3807 Gregorius,
650 3735 803 3806 quasi
832 3734 1065 3786 omnium
1113 3731 1403 3786 vilissimus
1452 3729 1584 3783 nihil
1643 3730 1712 3782 ad
1746 3729 1855 3783 hwc

280 3826 647 3898 respondebat.
687 3823 820 3877 Inde
845 3822 1109 3878 Catholici
1162 3837 1281 3875 cum
1312 3820 1588 3885 sedissent,
1620 3818 1856 3872 heretici

280 3930 469 3977 contra
519 3918 728 3985 (aderat
777 3923 952 3969 autem
1003 3915 1183 3984 ingens
1223 3912 1528 3981 multitudo)
1564 3911 1851 3980 superbire,

278 4014 487 4067 animos
516 4007 778 4072 attollere,
801 4015 851 4060 et
878 4006 1031 4075 quasi
1071 4004 1171 4058 alis
1204 4003 1435 4058 subvehi.
1473 4001 1560 4056 Ibi
1596 4012 1704 4054 tum
1734 4017 1858 4054 san-

280 4104 352 4157 cti
410 4102 645 4170 Spiritus
671 4099 849 4168 gratia
886 4096 1194 4151 illustrante
1218 4092 1501 4164 Gregorius
1529 4080 1680 4162 coepit
1707 4091 1857 4162 quie-

284 4197 388 4248 tius
417 4207 569 4261 agere
595 4199 783 4244 contra
814 4188 1099 4241 malesante
1119 4186 1307 4239 mentis
1332 4184 1623 4253 episcopos,
1641 4183 1861 4250 dogma-

285 4288 386 4339 tica
415 4286 645 4352 primum
694 4295 821 4334 usus
863 4280 1101 4332 oratione
1125 4278 1189 4330 de
1218 4282 1425 4338 sancta,
1447 4276 1774 4341 incorrupta,
1806 4279 1858 4324 et

286 4376 629 4446 inseparabili
659 4372 942 4436 Trinitate,
974 4372 1170 4440 partim
1211 4369 1278 4421 iis
1304 4368 1372 4421 ad
1411 4368 1622 4436 singula
1645 4378 1853 4433 respon.

1949 3280 2066 3321 sam
2094 3277 2304 3327 auctor,
2329 3272 2441 3319 tum
2471 3260 2817 3327 Theodorus,
2840 3261 3000 3331 cujus
3029 3263 3319 3317 exstabant
3339 3263 3528 3334 diSpu-

1950 3356 2189 3408 tationes
2265 3352 2530 3406 adversus
2599 3348 2929 3403 Eunomium
3008 3356 3064 3404 et
3120 3348 3526 3419 Apollinarem,

1949 3440 2387 3497 Nestorianismo
2435 3438 2764 3501 laborantes,
2817 3449 3094 3507 postremo
3130 3437 3525 3507 Thendorctus,

1951 3533 2044 3601 qui
2069 3531 2139 3586 12
2196 3531 2466 3599 capitibus
2529 3527 2814 3597 Ephesium
2846 3527 2971 3581 fidei
3011 3544 3041 3581 a
3063 3528 3266 3599 Cyrillo
3292 3530 3530 3584 Alexan-

1952 3622 2115 3677 drino
2136 3621 2395 3689 episcopo
2428 3618 2758 3686 conscriptis
2790 3617 3045 3686 stigmata
3087 3618 3311 3683 inussit,
3335 3621 3379 3673 si
3399 3618 3527 3675 Ori-

1954 3727 2136 3783 genes,
2190 3711 2472 3780 Didymus,
2535 3708 2820 3777 Evagrius,
2884 3709 3240 3764 dissentiente
3291 3712 3527 3773 nemine,

1956 3800 2433 3860 anathematismis
2457 3800 2718 3869 perculsi,
2743 3808 3003 3868 quorsum
3028 3800 3184 3869 illud,
3203 3800 3528 3872 Gregorium

1955 3903 2277 3967 spumantes
2302 3892 2586 3947 audaciam
2647 3892 2935 3947 hereticos
2982 3894 3402 3963 compressisse,
3434 3894 3531 3950 iis-

1955 4004 2062 4058 que
2076 3985 2295 4040 tandem
2319 3984 2579 4053 pudorem
2596 3982 2943 4052 imposuisse,
2962 3984 3008 4038 si
3027 3984 3247 4053 quidem
3271 3986 3481 4055 synodo
3501 4003 3530 4039 v

1953 4076 2306 4135 mcumenieie
2356 4072 2710 4134 interfuerit?
2747 4074 2898 4131 nulla
2953 4074 3065 4129 illic
3106 4090 3233 4130 cum
3261 4076 3534 4131 haereticis

1954 4178 2105 4236 gesta
2145 4183 2253 4233 res,
2283 4170 2375 4223 sed
2409 4169 2477 4224 de
2503 4166 2774 4223 haereticis
2828 4163 3082 4233 Origene,
3113 4164 3363 4234 Didymo,
3395 4163 3536 4218 Eva-

1956 4259 2097 4329 grio,
2126 4260 2220 4314 sed
2251 4261 2318 4314 de
2358 4258 2530 4314 tribus
2559 4258 2853 4329 episcopis,
2888 4269 3123 4325 quorum
3155 4262 3214 4308 ut
3238 4256 3402 4323 impia
3432 4254 3534 4309 do-

1955 4352 2178 4413 ctrina,
2235 4350 2308 4402 ita
2358 4348 2619 4405 memoria
2678 4348 2967 4409 incertum,
3012 4344 3412 4409 damnandane,
3464 4359 3535 4396 an

285 4432 474 4532 dendo,
507 4466 703 4534 partint
765 4432 1085 4532 postulando
1134 4470 1299 4522 utea,
1324 4473 1440 4527 qua:
1484 4432 1736 4516 dicerent,
1766 4457 1848 4506 de-

1963 4440 2324 4519 ohservauda,
2360 4437 2798 4508 quandoquidem
2823 4434 2931 4505 pie,
2978 4434 3142 4503 inque
3162 4432 3536 4488 ecclesiastica

288 4566 671 4611 monstrarent.
721 4554 798 4607 Ac
863 4564 1072 4607 tantum
1126 4551 1230 4618 ipsi
1275 4549 1588 4618 sapientice,
1651 4557 1858 4601 tantum

285 4647 648 4717 intelligentia:
685 4642 873 4698 datum
914 4652 1012 4707 est,
1037 4651 1093 4694 ut
1110 4656 1260 4694 nemo
1299 4638 1508 4710 quidem
1531 4639 1763 4691 omnium
1795 4654 1859 4693 ea:

287 4759 349 4795 ea
389 4741 543 4795 turba
564 4737 872 4808 respondere
895 4736 1026 4789 satis
1056 4741 1230 4803 posset
1264 4732 1332 4784 ad
1359 4748 1420 4785 ea
1452 4731 1629 4795 verba,
1657 4747 1775 4801 qua!
1798 4732 1861 4786 de

288 4834 455 4888 sacris
482 4830 699 4884 Litteris
727 4829 967 4895 decerpta
992 4821 1310 4894 proferebat.
1337 4820 1427 4876 Sic
1447 4830 1623 4874 autem
1651 4821 1861 4875 hcereti-

289 4940 469 4978 corum
523 4919 774 4990 oppilaoit
827 4935 946 4981 ora,
985 4925 1042 4968 ut
1086 4912 1274 4967 Patres
1298 4928 1473 4966 omnes
1492 4911 1645 4980 plane
1676 4910 1862 4965 obstu-

290 5023 571 5087 pescerent,
608 5011 769 5066 talem
813 5009 1013 5063 homini
1065 5024 1097 5061 a
1149 5006 1322 5060 sancti
1362 5003 1593 5073 Spiritus
1625 5003 1862 5056 illustra-

294 5111 433 5161 tione
467 5106 717 5161 collatam
756 5104 1009 5175 gratiam.
1031 5099 1221 5170 Itaque
1258 5115 1362 5153 non
1387 5098 1545 5165 pauci
1564 5112 1628 5150 ea:
1660 5096 1728 5149 iis
1774 5095 1864 5165 qui

296 5198 549 5267 principes
573 5197 713 5249 inter
764 5194 1035 5247 hcereticos
1061 5191 1394 5255 uidebantur,
1428 5188 1546 5258 jam
1585 5196 1714 5253 tum,
1746 5201 1865 5241 cum

296 5306 379 5344 eos
401 5286 683 5358 Gregorius
713 5303 805 5357 per
829 5283 1361 5352 titulos,libellosque
1402 5282 1648 5345 coercuit,
1681 5279 1751 5332 ad
1780 5294 1865 5331 or-

298 5377 581 5431 thodoxam
636 5374 927 5431 Catholica
966 5372 1216 5426 Ecclesia:
1261 5368 1420 5438 ﬁdem
1455 5368 1752 5437 confugere.
1784 5364 1865 5420 Ea:

298 5486 354 5524 eo
377 5483 532 5535 porro
555 5466 638 5519 die
686 5482 748 5518 ne
788 5466 978 5518 mutire
1027 5463 1236 5533 quidem
1281 5461 1528 5515 adrersus
1563 5457 1865 5515 Catholicos

300 5557 417 5611 ausi
456 5563 576 5607 sunt
628 5553 797 5621 inpii,
841 5553 1123 5620 inanesque
1179 5564 1242 5601 ac
1295 5547 1669 5616 fraudulentas
1719 5561 1865 5599 voces

302 5646 520 5707 iactare,
567 5655 684 5711 qua
734 5649 1078 5701 tentaret-ant,
1115 5653 1303 5705 aspera
1345 5636 1585 5705 fundaque
1639 5634 1868 5687 evenisse

302 5731 794 5790 animaduertentes.
835 5729 974 5783 Deus
1009 5725 1366 5782 immortalis!
1417 5723 1545 5793 quid
1576 5723 1750 5776 adhuc
1785 5736 1870 5775 re-

1963 4532 2372 4587 consociatione
2406 4530 2776 4585 decesserant.
2836 4526 3014 4581 Unum
3040 4525 3143 4580 hoc
3174 4524 3228 4578 in
3258 4533 3535 4579 certamen

1965 4623 2219 4677 veniebat
2238 4616 2263 4687 ;’
2282 4636 2409 4675 nam
2464 4619 2600 4674 nulli
2650 4617 2877 4673 dubium
2925 4631 2955 4670 e
2983 4613 3240 4669 Patribus
3268 4614 3320 4667 in
3350 4612 3536 4667 conci-

1969 4715 2101 4768 lium
2137 4714 2428 4782 cooptatis,
2467 4710 2600 4781 quin
2654 4723 2775 4779 quae
2815 4707 2935 4762 lbas
2962 4705 3018 4760 in
3063 4704 3314 4775 epistola,
3356 4702 3539 4757 Theo-

1966 4807 2156 4872 dorus,
2188 4817 2355 4875 atque
2395 4803 2773 4858 Theodoretus
2839 4800 2893 4853 in
2943 4796 3381 4869 ltypomnematis
3420 4794 3537 4851 suis

1967 4898 2231 4953 adversus
2278 4895 2626 4957 Eunomium,
2668 4891 3059 4962 Apollinarem,
3106 4888 3369 4959 Cyrillum
3397 4885 3535 4941 eﬂ'u-

1964 4989 2172 5050 tierint,
2230 4987 2476 5057 putidam
2538 4984 2788 5039 haeresim
2824 4985 3055 5035 olerent.
3085 4977 3281 5033 Fateor
3320 4978 3538 5047 quidem

1967 5096 2076 5135 non
2115 5080 2233 5133 sine
2286 5076 2537 5139 consilio,
2573 5077 2672 5129 hoc
2700 5084 2786 5129 est
2827 5071 3136 5137 vaferrimo,
3182 5070 3538 5140 scelestoque,

1966 5166 2315 5222 Cantarinam
2347 5165 2496 5217 illam
2525 5163 2594 5217 ab
2648 5160 2941 5231 Acepbalis
2990 5169 3222 5225 motam;
3278 5174 3345 5214 eo
3392 5162 3538 5213 enim

1966 5257 2312 5327 spectabant,
2338 5265 2398 5309 ut
2426 5255 2640 5309 devoris
2660 5269 2852 5311 eorum
2884 5255 3264 5323 episcoporum
3289 5251 3544 5307 manibus

1967 5347 2437 5405 Chalcedonensis
2462 5346 2655 5418 synodi
2691 5347 2989 5401 auctoritas
3022 5347 3347 5407 elevaretur,
3371 5357 3544 5412 eoque

1970 5441 2143 5498 tutius
2175 5439 2481 5494 teterrimas
2500 5438 2867 5509 blasphemias
2892 5446 3241 5494 evomerent:
3274 5435 3367 5489 sed
3396 5433 3542 5488 enim

1970 5533 2024 5586 in
2052 5531 2287 5587 concilio
2317 5530 2446 5584 nulli
2482 5530 2536 5584 in
2566 5541 2803 5585 mentem
2830 5529 2983 5583 venit
3019 5527 3104 5579 vel
3133 5527 3188 5579 in
3228 5531 3545 5577 contraver-

1971 5624 2108 5679 siam
2132 5637 2331 5678 vocare
2388 5620 2915 5679 Clialcedonensium
2953 5618 3173 5672 Patrum
3212 5613 3541 5677 doctrinam,

1971 5718 2055 5772 vel
2089 5715 2211 5781 lber,
2240 5713 2508 5769 Theodori
2540 5723 2594 5769 et
2620 5710 2947 5769 Theodoreti
2993 5724 3210 5765 errores
3234 5707 3535 5763 vindicare:
3609 5747 3619 5758 .
