4038 6274
564 304 694 367 1101

1474 301 1570 362 DE
1607 303 1866 362 [ETATE
1899 304 1968 363 .S.
2009 302 2384 364 GREGOBII
2425 299 2935 362 AGRIGENTINI

3717 296 3820 362 1192

560 413 1039 486 persuasissimum
1089 410 1370 473 omnibus,
1441 409 1496 464 in
1549 425 1738 465 orcum
1800 411 2135 466 detrudenda
2165 413 2212 468 Α
2239 427 2414 467 annos
2445 423 2610 467 natus
2635 411 2726 476 65,
2761 427 2884 466 cum
2915 409 3204 466 Theodora
3232 372 3450 480 orbus)
3472 414 3820 484 noroshymc-

559 523 752 563 eorum
804 505 1078 574 dogmata,
1131 517 1252 570 quas
1279 503 1440 572 vulgo
1472 503 1711 568 ipsorum
1770 502 1975 558 elibris
2006 503 2140 557 hau-

563 601 862 654 riebantur.
891 596 1076 662 Quare
1111 596 1192 646 vel
1229 609 1426 648 noram
1477 595 1641 664 lingat
1671 595 1969 663 Cajetanus
1996 609 2141 649 tecu-

561 693 829 747 monicam
855 706 988 760 syno
1011 692 1118 741 tum
1147 688 1250 740 sub
1269 685 1579 741 Iustiniano
1616 685 1632 737 I
1669 695 1936 751 coactam,
1973 687 2058 739 cui
2086 693 2142 739 et

564 784 796 837 Romani
827 781 1066 850 episcopi
1117 781 1274 849 legati
1326 777 1962 846 interfueritit,.quiejus
1996 777 2142 832 libel-

563 875 674 927 lum
709 873 1021 936 detulerint,
1061 872 1112 924 in
1161 885 1269 938 quo
1307 870 1473 922 animi
1527 870 1611 922 sui
1663 884 1819 922 sensa
1853 869 1998 923 circa
2031 885 2138 933 res,

562 979 684 1034 quae
708 965 760 1016 in
801 963 1154 1032 quaestionem
1186 962 1494 1022 veniebant,
1551 960 1916 1028 depromeret,
1952 961 2140 1014 simul-

562 1073 670 1126 que
735 1057 882 1110 missi
943 1058 1013 1110 ab
1061 1057 1176 1125 ipso
1236 1053 1466 1108 Romam
1517 1064 1708 1123 agente
1736 1055 2018 1126 episcopi,
2051 1057 2140 1126 qui

566 1147 932 1201 Orientalibus
971 1153 1415 1216 aggregarentur,
1457 1143 1658 1212 quique
1707 1143 1936 1196 reduces
1965 1143 2140 1212 ipsum

568 1236 853 1290 docuerint
875 1246 1078 1304 quanta
1101 1234 1330 1302 gesserit
1353 1231 1649 1302 Gregorius
1675 1249 1689 1296 ;
1715 1240 1826 1285 tum
1847 1231 2144 1302 Gregorius

567 1328 704 1381 adeo
755 1328 960 1380 ascitus
1010 1325 1248 1379 Sardicze
1292 1325 1625 1380 Constantia:
1666 1325 1904 1392 episcopi
1959 1336 2146 1395 partes

567 1417 782 1480 obiens,
810 1417 1014 1486 quique
1047 1424 1154 1468 tam
1187 1414 1360 1468 multa
1393 1425 1444 1467 et
1486 1413 1718 1466 illustria
1768 1412 1819 1464 in
1857 1411 2146 1466 haereticos

569 1509 880 1578 disputarit,
933 1516 992 1560 ut
1037 1523 1224 1560 eorum
1285 1507 1499 1560 tandem
1553 1503 1842 1574 pervicerit
1866 1501 2142 1571 furorem;

569 1603 648 1655 vei
675 1602 894 1654 demum
929 1599 1184 1662 fateatur,
1227 1599 1284 1651 in
1324 1598 1428 1650 alia
1461 1594 1860 1649 amautlandum
1901 1605 2144 1663 tempora

569 1694 912 1759 Gregorium,
941 1700 1105 1758 atque
1134 1689 1249 1756 ipse
1296 1687 1590 1745 censuerit,
1624 1699 1800 1753 neque
1829 1683 2140 1754 ﬁeriposse,

2245 517 2392 557 naeos
2426 503 2772 558 celebrasse?

2313 592 2408 646 XI.
2445 593 2682 648 Tandem
2727 593 2858 648 illud
2914 593 3284 662 expendatur,
3335 590 3672 662 Gregorium
3701 603 3822 664 post-

2243 695 2406 748 quam
2449 679 2806 735 Paschalibus
2859 680 3017 735 feriis
3051 695 3081 734 a
3113 681 3316 750 culpa,
3361 682 3538 749 cujus
3577 697 3820 737 summum

2243 785 2338 838 per
2377 770 2555 825 scelus
2597 779 2912 834 accusatus,
2968 787 3138 841 purus
3171 773 3482 842 judicatus
3536 781 3620 827 est
3645 771 3820 840 Roma,

2245 859 2336 912 ubi
2373 874 2545 912 annos
2573 859 2628 924 2,
2655 875 2872 915 menses
2904 861 2954 925 5,
2991 861 3326 915 carceribus
3359 876 3396 914 a
3445 863 3722 930 pontiﬁce,
3753 869 3822 918 cui

2245 949 2485 1004 delatum
2516 951 2746 1018 crimen,
2780 953 3126 1020 mancipatus
3177 951 3338 1022 egit,
3375 951 3823 1024 Constantinopo-

2245 1039 2337 1094 lim
2375 1042 2619 1109 petiisse,
2647 1041 2829 1109 ibique
2847 1043 3057 1095 Pascha
3097 1043 3458 1108 celebrasse,
3477 1043 3640 1114 302
3657 1047 3822 1100 deinde

2245 1126 2314 1180 ab
2369 1129 2496 1196 imp:
2550 1125 2864 1182 Iustiniano
2901 1128 3188 1182 dimissum
3260 1127 3520 1184 Romam
3559 1133 3822 1188 revertisse

2247 1233 2340 1272 xm
2388 1217 2507 1272 Kal.
2573 1220 2830 1289 Augusti,
2886 1219 3123 1288 indeque
3152 1221 3206 1274 in
3263 1220 3529 1276 Siciliam
3565 1224 3822 1292 navigasse

2247 1317 2413 1378 atque
2447 1309 2514 1363 ad
2556 1311 2920 1380 Acragantem
2982 1309 3207 1364 ﬂuvium
3259 1312 3603 1381 pervenisse
3638 1329 3688 1368 tv
3719 1313 3820 1369 ldus

2248 1399 2618 1468 Septembris;
2678 1411 2800 1469 post
2868 1402 2983 1456 haec
3037 1401 3270 1456 ﬂuvium
3333 1403 3656 1473 ingressum
3709 1405 3818 1460 hora

2245 1491 2352 1544 diei
2395 1492 2550 1545 tertia
2582 1491 2649 1545 ad
2689 1491 3171 1561 Agrigentinorum
3221 1495 3704 1564 emporium,quo
3737 1497 3821 1567 iter

2245 1587 2362 1632 erat
2415 1587 2837 1649 prteterpropter
2889 1581 3208 1649 sesquidiei,
3277 1582 3575 1652 appulisse
3608 1582 3816 1638 Sabbato

2247 1668 2355 1730 die,
2398 1669 2499 1722 hoc
2534 1679 2617 1722 est
2648 1684 2706 1722 ιιι
2767 1667 2894 1724 ldus
2943 1671 3310 1740 Septembris,
3368 1673 3644 1742 postridie
3679 1689 3816 1742 quam

573 1795 631 1837 ut
660 1756 799 1837 inter
857 1756 1045 1852 synodi
1098 1798 1130 1835 ν
1178 1780 1528 1834 mcumenicae
1583 1791 1934 1832 consessores
1987 1776 2146 1833 fuerit
2178 1756 2220 1814 Β
2247 1760 2314 1812 ad
2337 1759 2696 1828 Acragamem
2728 1775 2943 1852 θξηηθιῐι
2982 1761 3138 1816 ηθνίε
3168 1761 3528 1818 advenerat:
3562 1779 3666 1818 non
3691 1765 3812 1817 enim

572 1885 990 1928 aunumeratus.

642 2007 732 2062 IX.
766 2007 950 2074 Neque
999 2007 1114 2061 htec
1154 2013 1362 2060 tantum
1409 2015 1563 2072 sunt,
1619 2023 1741 2076 quae
1765 2005 2148 2078 Cajetaniopi-

573 2101 790 2155 nionem
847 2098 1084 2181 diluont;
1133 2108 1185 2152 et
1231 2097 1337 2151 alia
1395 2097 1683 2161 accedunt,
1712 2115 1833 2168 qua:
1870 2099 2150 2152 mantissa‘.

577 2196 694 2246 iOI‘O
722 2193 934 2246 addam.
980 2189 1121 2244 Inter
1147 2191 1454 2258 episcopos,
1503 2190 1596 2258 qui
1638 2206 1664 2242 a
1691 2189 2150 2259 Constantinopo—

578 2284 746 2336 litano
784 2283 1094 2351 patriarcha
1129 2282 1382 2350 delegati,
1427 2279 1678 2350 Gregorii
1710 2297 1932 2336 causam
1965 2279 2150 2351 cogni-

576 2375 684 2430 turi
722 2391 842 2429 cum
871 2373 1124 2427 Romano
1160 2374 1435 2442 poutitice,
1471 2373 1788 2427 Corinthius
1813 2382 2146 2428 recensetur.

577 2467 1012 2534 Arcltiepiscopus
1052 2465 1172 2518 item
1215 2465 1342 2534 (hoc
1369 2471 1453 2518 est
1490 2464 2147 2533 Constantinopolitanus.

579 2559 756 2628 inquit
783 2556 1062 2623 Leontius)
1109 2555 1386 2608 accersitos
1423 2553 1601 2624 Cyzici
1649 2563 1698 2607 et
1758 2554 1998 2608 Corinthi
2035 2557 2150 2624 epi-

576 2665 760 2718 scopos
789 2647 1007 2701 Romam
1039 2643 1162 2699 inde
1183 2645 1362 2698 mittit.
1401 2643 1508 2698 Sed
1549 2660 1711 2714 quem
1739 2656 2024 2714 praetereat
2051 2647 2153 2700 sub

577 2739 888 2796 Iustiniano
914 2738 952 2805 I,
977 2752 1258 2807 annosque
1290 2736 1495 2804 aliquot
1530 2745 1651 2804 post
1667 2736 1914 2792 Corinthi
1949 2739 2156 2806 episco-

581 2849 707 2903 pum
754 2832 1025 2894 Hellados,
1066 2839 1120 2883 et
1170 2828 1388 2882 Achaiae
1418 2830 1712 2883 exarchum
1757 2829 2016 2884 Romanis
2043 2845 2154 2900 pa-

581 2922 874 2984 triarchiae,
905 2919 1362 2990 quemadmodum
1421 2928 1476 2972 et
1527 2917 1948 2985 Thessalonicae,
1984 2929 2038 2973 et
2061 2919 2155 2974 Iu-

581 3014 832 3067 stiniana:
861 3013 879 3062 l
905 3011 1148 3072 exarchi,
1169 3009 1466 3074 subditum,
1495 3025 1668 3077 eoque
1689 3011 1906 3087 nomine
1921 3010 2152 3065 Romani

582 3103 852 3171 pontificis
895 3102 948 3154 in
1003 3115 1098 3153 sua
1147 3101 1402 3153 cxarchia
1439 3101 1705 3152 vicarium
1765 3084 2021 3169 gessisse,
2045 3117 2150 3170 qua
2179 3084 2222 3139 ο

580 3195 842 3264 dignitate
891 3189 1052 3243 macti
1108 3189 1245 3242 adeo
1283 3203 1406 3241 cum
1461 3186 2000 3252 Thessalonicensis,
2039 3199 2152 3244 tum

580 3279 1006 3347 Iustinianensis
1079 3277 1362 3332 Dardania;
1407 3279 1690 3348 episcopi?
1722 3278 1809 3348 (V.
1863 3278 2053 3333 Baluz.
2101 3281 2153 3334 in

584 3373 862 3450 Supplem.
903 3371 970 3424 ad
1001 3371 1095 3424 lib.
1133 3385 1165 3423 ν
1197 3370 1261 3422 de
1299 3368 1561 3424 Concord.
1593 3387 1705 3426 ταί.
1745 3379 1795 3424 et
1831 3372 1984 3440 imp.,
2031 3386 2151 3440 cap.

582 3465 674 3526 29,
699 3481 754 3518 ιι.
791 3462 898 3531 ll.)
943 3460 1048 3526 Qui
1105 3459 1272 3528 igitur
1303 3459 1528 3524 factum,
1571 3470 1628 3515 ut
1659 3461 2154 3531 Constantinopoli-

585 3563 747 3606 Ianus
782 3549 1089 3619 patriarcha
1117 3563 1298 3602 rerum
1333 3547 1556 3602 domino
1580 3547 1890 3604 Iustiniano
1915 3549 1934 3602 l
1963 3547 2160 3604 Corin-

585 3640 662 3692 thi
689 3637 1026 3706 episcopum,
1048 3635 1101 3687 in
1134 3649 1294 3702 quem
1315 3634 1524 3688 nullum
1552 3635 1654 3690 sibi
1694 3637 1784 3704 jus
1809 3636 2154 3700 attributum,

584 3728 638 3780 in
698 3728 884 3778 urbem
943 3731 1264 3784 arcesseret,
1315 3722 1662 3793 juberetque,
1731 3733 1790 3777 ut
1854 3723 2013 3792 legati
2073 3723 2156 3777 sui

587 3827 810 3866 munere
861 3818 1084 3864 ornatus
1127 3806 1358 3862 Romam
1391 3819 1688 3880 appeteret,
1717 3807 1964 3880 Gregorii
1989 3809 2158 3881 judex

589 3901 845 3957 iuturus?
1181 3915 1186 3918 ·

633 4043 724 4098 .X.
754 4044 830 4096 Ad
855 4043 969 4097 haec
995 4041 1131 4096 falso
1159 4039 1390 4096 crimine
1418 4037 1634 4094 solutus
1650 4036 1843 4094 Romae
1863 4034 2160 4108 Gregorius

585 4133 1114 4202 Constantinopolim
1149 4131 1283 4193 abit,
1341 4130 1528 4199 ibique
1556 4136 1610 4182 et
1664 4129 1732 4182 ab
1781 4129 1911 4199 imp.
1945 4129 2160 4186 Caesare

582 4223 918 4285 Iustiniano,
971 4231 1026 4276 et
1050 4224 1118 4276 ab
1165 4219 1409 4288 Augusta
1442 4219 1844 4273 liberalissimis
1869 4219 2028 4275 donis
2059 4237 2160 4276 cu-

587 4318 846 4370 mulatur.
881 4313 1060 4382 Neque
1093 4327 1208 4364 vero
1249 4309 1450 4378 (inquit
1479 4307 1761 4379 Leontius)
1785 4309 2029 4377 piissima
2049 4309 2160 4364 Au-

2247 1867 2392 1906 unus
2449 1852 2697 1920 idemque
2750 1850 2868 1906 dies
2902 1852 3164 1922 appulsus
3213 1855 3565 1924 Acragantis
3620 1863 3673 1909 et
3717 1870 3814 1909 em-

2197 1975 2204 1986 ι
2249 1940 2426 2009 perii;
2464 1955 2623 1996 secus
2661 1941 2806 1995 enim
2841 1943 3214 1998 characterem
3267 1944 3811 2002 Sabbatoindicasset

2247 2021 2510 2086 Leontius
2553 2032 2620 2085 ad
2660 2047 2712 2084 tv
2744 2031 2868 2087 Idus
2921 2034 3288 2104 Septembris,
3353 2053 3486 2090 cum
3539 2036 3593 2091 in
3623 2051 3808 2091 amnem

2250 2124 2532 2191 pervenit;
2587 2139 2764 2193 neque
2811 2135 2950 2189 erat,
2992 2141 3094 2180 cur
3141 2136 3259 2182 tum
3321 2129 3656 2200 designaret,
3707 2143 3806 2184 cum

2249 2217 2481 2284 emporii
2550 2217 2701 2271 littus
2775 2218 2976 2288 attigit,
3039 2221 3272 2288 perinde
3327 2236 3400 2276 ac
3449 2237 3517 2276 eo
3563 2221 3668 2285 die,
3702 2221 3809 2290 quia

2251 2303 2575 2370 Sabhatum,
2607 2309 2830 2379 dignum
2865 2310 3168 2380 quidpiam,
3221 2314 3384 2383 quod
3418 2313 3618 2370 litteris
3639 2313 3806 2383 prode-

2251 2406 2421 2461 retur,
2463 2400 2712 2467 gesserit.
2772 2400 2850 2456 Eu
2908 2401 3118 2458 Leontii
3161 2407 3338 2460 verba
3415 2414 3584 2476 prout
3648 2404 3806 2459 Latine

2253 2505 2408 2545 versa
2435 2489 2630 2546 :Roma
2652 2494 2814 2562 igitur
2834 2498 3076 2564 proiecti,
3101 2507 3258 2567 atque
3285 2501 3344 2552 in
3376 2498 3621 2553 Siciliam
3633 2496 3807 2565 appulsi

2251 2582 2593 2652 Agrigentum
2649 2585 2856 2638 ueniunt
2915 2601 2967 2639 Iv
3023 2585 3156 2640 Idus
3210 2587 3682 2657 Septembris;sic
3708 2603 3804 2640 vero

2252 2674 2449 2728 volente
2495 2674 2623 2736 Deo,
2672 2677 2760 2747 qui
2790 2692 2990 2744 semper
3036 2686 3084 2731 et
3124 2689 3394 2741 servarat,
3439 2689 3491 2732 et
3539 2679 3800 2748 adjuverat,

2253 2766 2468 2835 ﬂuvium
2499 2767 2678 2820 ineunt
2711 2767 2765 2820 in
2826 2766 3154 2834 sttburbium,
3209 2770 3358 2837 quod
3393 2770 3675 2837 emporium
3699 2765 3804 2818 dici-

2257 2863 2366 2918 tur,
2395 2853 2464 2906 ad
2502 2857 2707 2908 tertiam
2745 2854 2848 2908 diei
2874 2855 3099 2908 horam:
3154 2866 3274 2910 erat
3317 2872 3482 2926 porro
3529 2853 3800 2916 Sabbatam,

2253 2961 2372 2998 cum
2400 2944 2527 2999 illuc
2583 2947 2848 3014 appulere.
2901 2945 3023 3000 Iam
3063 2961 3195 3002 vero
3247 2949 3324 3002 ab
3349 2963 3504 3002 anno
3559 2945 3676 3008 554,
3722 2943 3801 3013 qui

2255 3038 2648 3091 cecumenicam
2683 3054 2717 3092 v
2755 3039 3020 3109 synodum
3046 3048 3292 3107 secutus,
3331 3040 3402 3094 ad
3431 3039 3556 3104 565‘,
3585 3038 3800 3092 ultimum

2253 3125 2542 3180 Iustiniani
2577 3127 2594 3179 l
2633 3129 2794 3196 Aug.,
2829 3144 2881 3182 xl
2915 3128 3254 3198 Septembris
3283 3132 3407 3186 dies
3443 3133 3498 3184 in
3533 3129 3797 3183 Sabbatum

2255 3217 2487 3272 incurrit
2516 3218 2676 3273 annis
2705 3219 2810 3273 555
2839 3227 2892 3273 et
2931 3219 3070 3286 560;
3117 3236 3262 3275 anno
3298 3223 3452 3276 etiitn
3505 3219 3606 3276 555
3637 3234 3664 3272 a
3696 3214 3797 3268 Kal.

2253 3307 2532 3366 Ianuariis
2569 3312 2838 3382 iniitcycli
2881 3313 3080 3367 solaris
3100 3328 3280 3368 annus
3304 3316 3360 3381 4,
3394 3313 3621 3382 ideoque
3647 3292 3797 3363 littera

2258 3403 2608 3458 Dominicalis
2629 3403 2666 3454 Ι)
2693 3421 2708 3470 ;
2739 3419 2887 3458 anno
2907 3403 3036 3471 560,
3057 3405 3193 3475 cycli
3228 3407 3432 3461 solaris
3455 3418 3624 3460 annus
3647 3402 3696 3464 9,
3724 3397 3798 3451 lit-

2257 3499 2368 3546 tera
2403 3490 2812 3548 DomiuiealisD
2835 3493 2910 3560 C;
2938 3509 3112 3564 eoque
3140 3495 3324 3552 disces
3369 3497 3722 3551 characterem
3751 3498 3794 3539 ιι

2255 3583 2362 3638 diei
2377 3583 2710 3654 Septembris
2729 3584 2902 3639 fuisse
2923 3585 3114 3639 feriam
3133 3585 3184 3638 7.
3210 3585 3278 3638 At
3306 3600 3486 3640 annus
3503 3582 3604 3638 555
3623 3580 3683 3634 ad
3701 3589 3794 3630 rem

2258 3688 2366 3726 non
2400 3681 2504 3736 est,
2524 3681 2635 3726 tum
2661 3663 2807 3742 quod
2840 3672 3163 3744 Gregorium
3210 3675 3318 3731 hoc
3342 3690 3490 3730 anno
3515 3673 3791 3742 episcopum

2257 3765 2645 3834 inauguratum
2685 3765 3168 3834 putatCajctanus,
3193 3775 3311 3820 tum
3351 3766 3497 3836 quod
3525 3779 3552 3818 a
3579 3756 3792 3830 Gregorii

2258 3855 2522 3914 Romanis
2559 3857 2795 3912 vinculis
2831 3859 2898 3913 ad
2933 3859 3165 3913 reditum
3203 3858 3464 3914 Ecclesiae
3510 3871 3618 3912 sua:
3639 3845 3789 3906 anui!

2257 3947 2690 4013 intercesserint,
2759 3947 3036 4016 simulque
3100 3958 3315 4002 certum
3374 3947 3528 4011 illud,
3585 3940 3792 3997 audiisse

2259 4037 2580 4109 Gregorium
2629 4038 3110 4109 Agrigentinorum
3167 4042 3488 4109 episcopum
3524 4042 3639 4106 post
3664 4044 3790 4085 wou-

2259 4123 2527 4184 tnenicatn
2567 4129 2835 4200 synodum
2865 4129 3553 4197 Constantinopolitanatu,
3579 4125 3673 4176 hoc
3703 4126 3784 4176 est.

2260 4221 2424 4290 paulo
2453 4229 2572 4290 post
2621 4235 2825 4274 annum
2894 4222 3021 4288 553,
3059 4237 3168 4290 pro
3195 4221 3440 4288 Caietani
3479 4212 3738 4274 sententia,
3763 4221 3785 4258 :I

2263 4324 2370 4376 quo
2395 4310 2458 4362 ad
2501 4309 2606 4363 555
2629 4309 2906 4362 biennium
2956 4318 3165 4363 tantum
3201 4323 3477 4365 numeres.
3513 4305 3610 4359 Sed
3641 4307 3785 4366 neque

587 4418 743 4478 gusta
795 4405 902 4458 viro
955 4401 1228 4469 quidpiam
1279 4398 1456 4463 cessit,
1479 4398 1568 4452 sed
1600 4413 1719 4452 vero
1763 4399 1942 4452 multis
1964 4397 2157 4469 Grego-
2191 4409 2235 4464 υ
2263 4416 2440 4457 annus
2471 4399 2575 4455 560
2621 4415 2803 4462 causa:
2855 4411 3057 4456 nostra:
3120 4401 3400 4456 condat-it.
3443 4397 3653 4468 Vigilius
3674 4399 3784 4460 papa

588 4499 726 4551 rium
757 4495 974 4546 donat-it
1004 4489 1326 4552 muneribus,
1366 4504 1497 4542 auro
1551 4499 1886 4558 argentoque,
1927 4491 2064 4560 quod
2091 4492 2160 4545 ad

589 4585 843 4641 Ecclesiae
902 4598 1028 4636 vasa
1079 4577 1403 4647 ronﬁcienda
1462 4589 1592 4632 esset
1619 4579 1771 4632 satis.
1818 4578 2002 4650 Ecqua
2029 4598 2160 4636 vero

588 4677 704 4732 haec
731 4678 972 4744 Augusta
1022 4669 1314 4725 Iustiniani
1364 4669 1384 4721 ι
1450 4668 1628 4722 uxor?
1671 4667 1898 4724 Unicatn
1936 4673 2159 4728 historia

583 4765 878 4822 Iustiniani
939 4763 956 4816 ι
1006 4761 1288 4833 cetijugem
1337 4759 1503 4812 tradit
1535 4757 1898 4824 Theodoram,
1931 4773 2161 4830 quaeta-

589 4874 713 4912 men
749 4854 1128 4910 mortalitatem
1165 4851 1396 4922 explevit
1449 4867 1591 4904 anno
1622 4851 1822 4905 Christi
1851 4851 2164 4918 548,Iusti-

588 4949 784 5002 niatnei
827 4947 1038 5016 imperii
1059 4945 1149 5012 2'2,
1187 4959 1367 4998 mense
1389 4942 1573 5008 Iunio,
1599 4943 1895 4998 indictione
1922 4946 2008 5010 ll,
2042 4957 2098 5000 ιιι
2129 4961 2160 5000 a

591 5039 922 5108 Theophane
981 5037 1255 5107 proditum
1307 5035 1360 5089 in
1391 5033 1719 5104 Chrouogr.,
1745 5029 1800 5088 et
1827 5045 1952 5090 ante
1985 5037 2158 5106 ipsum

589 5150 620 5184 a
655 5131 944 5200 Procopio,
975 5145 1080 5198 quo
1117 5128 1406 5194 superstite
1453 5128 1684 5182 exceSsit
1723 5125 2031 5193 Thcodora,
2065 5131 2157 5184 lib.

589 5240 640 5278 ιν
664 5221 802 5276 Belli
849 5218 1027 5274 Gotth.
1075 5219 1220 5274 Vidit
1277 5218 1574 5302 scopuluur
1610 5216 1938 5286 Cajetauus,
1988 5236 2162 5290 neque

589 5313 871 5372 evadendo
899 5326 996 5382 par
1029 5309 1151 5364 fuit.
1209 5308 1420 5363 Etenim
1473 5308 1778 5377 proﬁtetur.
1851 5314 2162 5381 incomper-

591 5417 704 5464 tum
729 5407 856 5471 sibi,
889 5419 1138 5475 quaenam
1169 5411 1282 5456 tum
1322 5401 1583 5468 temporis
1624 5403 1862 5468 regnarit
1889 5401 2158 5472 AuguSta,

589 5515 714 5556 cum
759 5495 1232 5564 Constantinopoli
1290 5494 1560 5562 hospitem
1593 5493 1784 5548 statuit
1835 5493 2159 5561 Gregorium

593 5591 924 5660 episcOpum.
973 5587 1148 5641 Eccui
1189 5585 1406 5638 tandem
1445 5583 1610 5637 fuerit
1652 5596 2011 5654 compertum,
2037 5601 2160 5641 cum

592 5695 783 5734 omnes
839 5680 1061 5734 omnino
1108 5679 1306 5732 sileant
1358 5675 1642 5729 historiae?
1681 5693 1804 5731 cum
1830 5693 2003 5745 neque
2033 5691 2162 5731 vero

595 5772 776 5828 simile
811 5771 922 5836 tiat,
980 5770 1348 5826 Instinianum
1401 5776 1616 5824 senecta
1649 5775 1805 5823 aetate
1845 5771 1980 5839 (erat
2009 5769 2151 5822 cnim

2261 4492 2391 4544 obizt
2411 4507 2462 4545 ιν
2493 4489 2616 4545 ldus
2633 4489 2924 4546 Ianuarias
2951 4492 3076 4545 anni
3119 4490 3181 4546 P.
3213 4492 3274 4548 C.
3304 4489 3487 4546 Basilii
3515 4487 3594 4549 i7,
3623 4490 3781 4546 nempe

2259 4581 2458 4636 Christi
2506 4581 2824 4652 Dionysiani
2880 4581 3002 4647 568,
3041 4593 3179 4638 teste
3225 4583 3469 4638 omnium
3518 4568 3782 4633 certissimo

2264 4675 2479 4731 Victore
2518 4675 2877 4732 Tunnuuensi
2928 4679 3221 4748 episc0po,
3267 4680 3364 4748 qui
3425 4671 3608 4743 Vigilio
3654 4667 3779 4718 ωιλιθ

2260 4785 2504 4837 mmpar,
2549 4767 2840 4838 adfuitque
2869 4768 3486 4840 Constantinopolitante
3525 4758 3706 4834 synodo
3733 4765 3776 4808 ¹¹ι

2273 4859 2581 4930 Vigilioque
2607 4863 2750 4931 regia
2783 4861 2834 4914 in
2866 4861 3334 4922 urbeconsucrit.
3387 4857 3660 4914 ’Δνύπατα,
3688 4845 3774 4898 5ch

2261 4951 2388 5003 anni
2422 4951 2570 5003 nullo
2637 4951 2860 5004 consule
2907 4951 3177 5020 designati
3229 4949 3524 5006 secundum
3561 4935 3773 5026 Basiliunt

2262 5054 2476 5108 carpere
2503 5039 2570 5091 ab
2625 5055 2768 5092 anno
2805 5039 2910 5092 5ίὲ
2960 5040 3356 5108 desieruntque
3399 5049 3534 5092 anno
3566 5025 3674 5083 566.
3699 5031 3770 5088 ‘1'“

2260 5127 2681 5198 primusIustini
2745 5128 2786 5182 ll
2819 5129 2982 5200 Aug.,
3015 5139 3070 5184 ut
3121 5145 3186 5184 ex
3213 5129 3386 5198 Fastis
3423 5113 3770 5206 consulatibl'fg

2261 5222 2606 5290 potissimum
2637 5237 2764 5277 vero
2789 5221 3131 5277 Heraclianis
3177 5233 3406 5277 constat.
3440 5221 3596 5276 Porro
3631 5200 3767 5296 Vigilii

2260 5313 2616 5366 emortualem
2662 5329 2866 5367 annum
2935 5309 3372 5383 componendum
3432 5323 3546 5368 cum
3605 5293 3767 5390 Cum."

2263 5401 2598 5471 Dionysiano
2623 5402 2903 5470 558,adeo
2934 5408 3177 5460 solemne
3203 5405 3454 5460 traditum
3489 5403 3536 5452 in
3571 5388 3766 5453 ειιιιὶιιυ15

2263 5495 2638 5551 Romanorum
2677 5499 2992 5570 pontiﬁcum
3023 5499 3320 5570 CataIOgis,
3349 5510 3406 5554 ut
3425 5497 3634 5551 Ioannes
3659 5477 3766 5534 (ἔθετ’

2262 5587 2641 5654 canensis,qui
2689 5585 2880 5644 ractera'
2923 5593 3314 5646 Chronotaxim
3347 5579 3764 5664 pontiiiciamstf'

2262 5692 2368 5745 quc
2421 5677 2597 5746 deque
2643 5680 2898 5749 scripsit,
2959 5683 3012 5735 in
3059 5683 3166 5738 alia
3201 5662 3360 5738 abire
3399 5675 3524 5736 haud
3553 5662 3757 5750 ρυιυοηις

2262 5767 2442 5834 Quare
2473 5771 2706 5838 videant,
2741 5789 2906 5842 quam
2944 5775 3186 5831 suaviter
3227 5777 3330 5831 Sibi
3380 5765 3561 5840 imponi
3585 5752 3759 5829 patian-
