4038 6274
361 319 512 392 1193

1723 315 2228 386 DiSSERTATIO
2243 368 2258 383 .

3461 315 3596 383 1194

353 445 483 501 tur,
518 431 610 504 qui
660 425 727 486 iis
787 422 1093 496 ascribunt,
1147 444 1176 486 e
1222 419 1362 485 vivis
1395 437 1644 500 ereptum
1675 428 1934 502 Vigilium
1966 435 2008 489 Α
2037 427 2196 500 303
2255 419 2530 492 eliluscre,
2586 439 2710 482 cum
2744 419 2948 482 Christi
2990 421 3355 496 Dionysianis,
3383 429 3445 478 ut
3475 425 3600 479 inde

354 539 519 580 anno
547 522 653 579 ὕει
680 521 1080 578 dictitantibus.
1108 519 1228 576 Jam
1281 519 1482 590 Vigilio
1502 517 1936 575 successitPela-

354 613 495 682 gius
529 611 714 666 Idibus
750 607 954 679 Aprilis
997 608 1242 679 ejusdem
1277 607 1408 662 anni
1438 607 1562 672 558,
1592 607 1684 677 qui
1721 605 1936 660 exstin-

354 712 516 778 ctus,
536 703 614 756 uti
633 700 869 756 ostendit
893 700 1112 771 Pagius,
1135 712 1279 754 anno
1295 700 1401 755 560
1418 701 1500 754 vel
1523 699 1619 754 56l
1633 738 1647 764 ,
1675 697 1936 768 quemad-

352 793 592 848 modum
633 793 724 848 alii
765 793 1030 860 sentiunt,
1063 809 1111 848 tv
1148 790 1336 848 Nonas
1365 791 1606 846 Martias.
1635 789 1697 845 Si
1733 790 1938 859 Grego-

352 885 490 940 rius
557 884 722 954 igitur
783 883 971 938 Romae
1019 883 1280 939 occlusus
1336 880 1652 937 carceribus
1691 894 1866 935 annos
1901 879 1938 933 2

351 990 586 1032 menses
609 977 643 1032 5
683 975 965 1046 exegit;si
1013 975 1230 1044 cognita
1267 971 1510 1042 Gregorii
1545 987 1710 1027 causa
1736 971 1938 1040 postri-

353 1068 458 1122 die
507 1065 810 1130 Pascha‘lis,
857 1071 1004 1118 certe
1059 1055 1357 1118 Ecclesiam
1403 1061 1494 1116 ille
1523 1076 1674 1116 suam
1706 1060 1939 1115 revisere

355 1159 582 1226 nequiit
605 1171 750 1212 anno
790 1154 914 1217 560,
956 1154 1060 1208 nisi
1106 1153 1352 1211 Romam.
1375 1166 1486 1221 quo
1515 1167 1546 1204 a
1587 1151 1806 1206 Tiberio
1829 1149 1940 1204 Ro-

353 1248 520 1302 mani
551 1246 820 1318 pontificis
861 1245 916 1298 in
951 1243 1138 1298 Sicilia
1190 1243 1429 1296 exarcho
1461 1241 1558 1313 (ita
1585 1242 1819 1310 appellat
1840 1241 1940 1296 Le-

350 1340 578 1404 ontius,
627 1339 720 1409 qui
787 1337 927 1392 forte
989 1337 1250 1390 Romanis
1300 1325 1555 1390 Ecclesiae
1577 1333 1850 1401 defensor,
1875 1337 1940 1390 de

347 1446 482 1500 quo
538 1432 667 1486 alibi
733 1429 932 1498 dicam)
977 1429 1324 1492 amaudatus,
1358 1427 1588 1482 subierit
1642 1442 1785 1480 anno
1813 1427 1936 1489 556,

345 1526 562 1576 mense
593 1519 886 1574 Novembri
914 1533 928 1582 ;
957 1506 1113 1572 ab'eo
1145 1519 1288 1572 enim
1327 1517 1392 1572 ad
1430 1518 1554 1572 ldus
1586 1512 1786 1586 Aprilis
1812 1515 1936 1582 5'59,

343 1627 499 1667 cum
527 1610 900 1666 Christianum
943 1605 1152 1662 Pascha
1189 1606 1519 1662 celebratum
1569 1608 1736 1678 (quod
1771 1609 1939 1664 disci—

352 1717 498 1755 mus
527 1717 590 1754 ex
624 1701 774 1771 cyclo
809 1699 940 1754 solis
970 1698 1023 1762 8,
1055 1700 1197 1752 lunae
1225 1699 1280 1763 9,
1320 1699 1500 1754 littera
1531 1697 1844 1754 Dominicali
1873 1699 1936 1765 E,

358 1793 616 1848 termino
653 1791 925 1858 Paschali,
959 1791 992 1846 6
1045 1791 1266 1861 Aprilis)
1326 1802 1474 1846 recte
1511 1791 1732 1861 colliges
1768 1804 1940 1846 annos

353 1884 419 1951 2,
455 1897 678 1939 menses
705 1885 757 1948 5,
799 1889 855 1936 ut
879 1888 1125 1938 reversus
1151 1881 1368 1936 tandem
1410 1881 1761 1953 Agrigentum
1798 1896 1942 1937 anno

353 1977 683 2046 insequenti
725 1975 890 2029 fuerit
944 1974 1094 2044 regia
1125 1988 1188 2027 ex
1219 1972 1380 2038 Urbe,
1425 1974 1517 2029 ubi
1567 1974 1774 2030 Pascha
1816 1987 1937 2042 per-

357 2066 504 2136 egit.
537 2067 702 2136 Atqui
760 2077 888 2120 vero
941 2074 1086 2119 anno
1120 2063 1224 2118 556
1259 2072 1312 2118 et
1352 2064 1724 2135 pontiﬁcatum
1757 2065 1944 2120 obibat

359 2151 634 2226 Vigilius,
675 2164 729 2209 et
775 2153 1251 2224 Constantinopoli
1323 2153 1572 2225 degebat,
1623 2164 1676 2208 ut
1717 2155 1944 2224 proinde

354 2249 698 2318 Gregorium
726 2250 912 2301 Romae
943 2248 995 2300 in
1027 2257 1274 2302 carceres
1323 2247 1555 2301 condere
1580 2243 1720 2300 haud
1753 2251 1942 2316 quive-

359 2341 461 2404 rit,
503 2349 680 2409 neque
719 2339 986 2408 accipere,
1031 2352 1166 2408 quas
1209 2333 1460 2393 Tiberius
1499 2339 1772 2395 exa'rchus
1803 2340 1943 2396 scri-

353 2437 596 2497 pserat,
641 2425 886 2491 litteras,
941 2423 1160 2494 quando
1185 2439 1263 2480 ea:
1311 2426 1522 2481 traditae
1551 2428 1816 2496 pontiﬁci,
1843 2431 1944 2500 qui

359 2515 565 2570 [innate
591 2515 929 2568 versabatur.
961 2513 1142 2580 Quare
1175 2513 1312 2568 cum’
1331 2527 1480 2570 anno
1505 2509 1607 2572 556
1634 2515 1942 2574 Romanum

357 2607 686 2676 pontiﬁcem
716 2614 928 2675 gereret
955 2603 1208 2676 Vigilius,
1233 2619 1359 2661 cum
1390 2623 1534 2662 anno
1557 2605 1660 2664 559
1688 2610 1942 2680 Pelagius

352 2692 637 2752 Romana:
695 2696 951 2752 Ecclesiae
1026 2698 1238 2752 clavum
1301 2705 1644 2768 temperaret,
1707 2714 1943 2773 cumque

355 2790 638 2858 insuper,
669 2790 760 2856 qui
808 2786 1126 2857 Gregorium
1181 2787 1430 2853 absolvit,
1484 2788 1626 2844 idem
1683 2804 1855 2846 annos
1885 2795 1942 2862 2,

351 2893 590 2933 menses
635 2876 669 2931 5
723 2877 953 2931 vinculis
1015 2885 1068 2932 et
1111 2877 1365 2931 'custodia
1425 2881 1746 2946 coercuerit,
1794 2884 1943 2952 quod

351 2969 716 3040 apertissime
749 2977 980 3022 testatur
1021 2968 1302 3031 Leontius,
1363 2981 1704 3040 consequens
1744 2981 1846 3038 est,
1883 2973 1940 3028 in

2035 521 2114 574 rei
2143 519 2348 574 veritas
2379 524 2638 588 emergat.
2669 516 2823 584 Quod
2873 515 3168 587 Agrigento
3213 512 3600 584 Carthaginem

2035 609 2258 666 solverit
2285 608 2582 678 Gregorius
2607 609 2782 678 pridie
2809 597 2930 662 Kal.
2969 604 3164 673 Julias,
3197 621 3374 678 eoque
3407 620 3601 676 perve-

2035 701 2175 754 nerit
2200 706 2322 770 post
2343 700 2460 756 dies
2495 701 2550 764 3,
2579 699 2634 754 in
2675 699 3100 756 controversiam
3131 713 3241 753 non
3272 696 3438 763 venit,
3473 713 3598 790 nam

2036 805 2100 845 ex
2142 791 2418 847 luculento
2466 791 2678 847 Leontii
2729 789 3044 845 testimonio
3106 788 3390 844 discimus.
3442 788 3602 854 Quod

2035 881 2220 936 itidem
2254 881 2586 952 Carthagine
2610 895 2736 937 eum
2774 879 2976 946 Marco,
3017 877 3338 952 Serapione,
3370 878 3602 934 Leontio

2041 973 2324 1028 monachis
2351 973 2622 1044 profectus
2651 967 2920 1044 Tripolim
2954 971 3252 1034 advenerit,
3289 971 3518 1040 eXpletis
3545 966 3602 1024 in

2039 1063 2232 1120 itinere
2261 1063 2452 1120 diebus
2472 1059 2562 1130 2'0,
2605 1065 2788 1134 ibique
2817 1064 3125 1118 diversatus
3178 1071 3420 1117 mensem
3473 1062 3606 1115 inte-

2039 1165 2217 1222 grum,
2261 1153 2499 1223 indeque
2551 1152 2748 1206 iterum
2783 1151 3070 1220 navigans,
3107 1161 3452 1220 quatuorque
3476 1149 3602 1202 navi

2040 1245 2333 1316 impositus
2355 1254 2572 1300 menses
2597 1243 2858 1314 exegerit,
2879 1243 3206 1311 tandemque
3230 1239 3604 1311 Hierosolyma

2041 1335 2288 1401 subierit,
2333 1335 2405 1390 ita
2457 1343 2576 1389 uta
2619 1332 2967 1403 Carthaginis
2998 1332 3146 1387 abitu
3182 1333 3247 1386 ad
3294 1327 3606 1401 Hierosoly-

2039 1438 2255 1482 morum
2287 1428 2593 1498 ingressum
2622 1441 2838 1482 menses
2875 1427 3286 1481 intercesserint
3322 1425 3354 1480 6
3385 1427 3468 1480 vd
3509 1427 3608 1478 ali-

2040 1515 2171 1586 quid
2211 1517 2482 1589 amplius,
2538 1515 2798 1574 Leontius
2837 1519 3293 1589 mque'perhibct,
3333 1526 3394 1572 ut
3421 1521 3606 1576 nullus

2040 1607 2132 1662 hic
2195 1608 2501 1680 ambigendi
2565 1608 2719 1669 locus
2777 1607 3034 1676 supersit.
3094 1607 3247 1674 Quod
3296 1623 3426 1662 vero
3478 1604 3607 1662 inde

2040 1699 2336 1761 Caietanus
2363 1699 2616 1754 conﬁciat
2658 1699 3028 1770 Hierosolyma
3077 1695 3392 1768 Gregorium
3438 1711 3606 1770 pene-

2040 1797 2218 1844 trassc
2246 1788 2486 1843 nondum
2515 1803 2660 1844 anno
2688 1789 2892 1857 elapso,
2927 1803 2990 1841 ex
3020 1802 3128 1857 quo
3157 1788 3329 1856 patria
3353 1784 3604 1853 evaserit,

2042 1896 2144 1936 nec
2173 1881 2330 1950 longe
2379 1895 2408 1934 a
2465 1877 2747 1938 Paschate,
2803 1879 2948 1948 quod
2991 1876 3248 1933 Leontius
3297 1874 3604 1934 confectum

2043 1981 2309 2027 memorat
2324 1970 2356 2025 6
2385 1971 2608 2041 Aprilis,
2629 1963 2777 2024 nullo
2799 1971 2962 2026 modo
2982 1971 3300 2042 probamus,
3324 1973 3368 2025 si
3390 1974 3605 2043 quide-n

2043 2064 2236 2120 ducem
2261 2062 2472 2117 Leontii
2508 2061 2816 2126 historiam,
2851 2073 2910 2117 ut
2944 2059 3170 2116 omnino
3198 2061 3282 2119 fas
3321 2073 3423 2130 est,
3451 2066 3606 2134 sequi

2045 2154 2316 2221 velimus;
2361 2153 2490 2224 quid
2539 2152 2730 2208 enim?
2755 2151 2973 2209 Marcus
3003 2153 3194 2222 abbas,
3228 2156 3319 2226 qui
3354 2153 3610 2212 Hieroso-

2043 2246 2187 2319 lyma
2233 2245 2559 2316 Gregorium
2611 2245 2834 2300 deduxit
2865 2247 2952 2300 die
2985 2247 3222 2302 secunda
3264 2263 3294 2303 a
3327 2265 3464 2304 nova
3503 2250 3610 2304 Do-

2044 2337 2266 2402 minica,
2289 2350 2410 2406 quae
2437 2335 2657 2390 unicum
2688 2333 2922 2400 Pascha,
2953 2335 3096 2405 quod
3139 2337 3336 2393 ibidem
3363 2338 3608 2396 celebra-

2043 2427 2139 2496 vit,
2168 2435 2378 2494 secuta,
2406 2423 2667 2498 Tripolim
2689 2426 2860 2498 Syriae
2891 2426 3182 2498 dctnigrat;
3233 2445 3344 2501 quo
3391 2431 3606 2487 devenit

2043 2514 2169 2574 Kal.
2203 2517 2402 2582 Juniis,
2445 2519 2534 2574 ubi
2569 2528 2872 2574 censcensa
2903 2519 3050 2580 navi,
3083 2519 3138 2574 in
3173 2519 3413 2576 Siciliam
3450 2525 3604 2578 navi-

2045 2621 2136 2682 gat
2167 2629 2182 2678 ;
2220 2625 2332 2666 xvu
2361 2609 2481 2665 Kal.
2511 2607 2686 2665 Julias
2719 2609 2786 2664 ad
2822 2609 3172 2666 Pleuthiadas
3201 2627 3328 2668 oras
3363 2615 3606 2684 appellit,

2045 2705 2282 2776 indeque
2319 2705 2676 2774 Acragantem
2726 2701 2970 2769 ﬂuvium,
3017 2713 3182 2774 atque
3229 2705 3356 2760 hinc
3397 2705 3608 2762 Subur-

2043 2797 2194 2853 bium
2242 2795 2438 2866 primo,
2490 2795 2636 2866 quod
2676 2795 2979 2864 emporium
3011 2787 3484 2866 Agrigentinorum
3521 2799 3608 2871 ιιι»

2044 2897 2214 2951 ctum,
2235 2887 2358 2943 dein
2377 2887 2566 2942 urbem
2589 2885 2908 2957 ingreditur,
2931 2885 3111 2955 ibique
3133 2887 3220 2942 die
3245 2890 3608 2944 sanctissimi.-

2043 2983 2308 3052 apostolis
2329 2982 2493 3037 Petro
2525 2990 2576 3038 et
2597 2975 2770 3037 Paulo
2799 2996 2953 3036 sacra
3001 2981 3410 3050 religiosissime
3438 2987 3606 3043 culta.

352 3075 577 3116 animi“
613 3059 718 3114 56⁸)
751 3059 985 3114 conferri
1029 3073 1134 3113 "0"
1165 3067 1330 3128 P0530
1381 3059 1626 3130 6'98"?"
1655 3062 1720 3116 ad
1750 3063 1935 3120 Εοοῖσ·
1960 3085 2002 3142 C
2034 3077 2297 3148 postridie
2339 3075 2589 3143 contigit,
2640 3080 2700 3126 ut
2755 3073 2996 3143 Gregorii
3047 3085 3284 3142 parentes
3330 3075 3399 3128 ad
3429 3077 3608 3130 urbem

361 3153 510 3206 siam
539 3165 692 3205 suam
725 3150 977 3203 reditum.
1005 3149 1138 3203 Cum
1165 3164 1292 3204 vero
1317 3151 1375 3204 in
1423 3153 1647 3221 reliquis
1676 3153 1940 3210 :lustinia-

359 3243 425 3296 ιιξ
463 3241 672 3296 Eannis
711 3254 988 3310 nunquam
1021 3239 1228 3294 incidat
1268 3240 1324 3295 ll
1365 3241 1699 3312 Septembris
1737 3246 1938 3318 dirs‘i‘n

361 3333 564 3386 Ter-iam
597 3331 650 3396 7,
706 3345 852 3386 anno
902 3332 1047 3385 enim
1099 3331 1196 3386 5641
1257 3335 1522 3386 convenit
1573 3333 1628 3387 in
1661 3334 1852 3390 feriam
1885 3339 1938 3400 1,

361 3436 518 3475 auuo
539 3421 644 3476 562
673 3421 726 3474 in
769 3419 958 3475 feriam
990 3422 1046 3487 2,
1077 3436 1222 3474 anno
1259 3421 1363 3476 565
1390 3422 1442 3475 in
1485 3421 1672 3476 feriam
1703 3425 1756 3490 '5,
1797 3439 1940 3478 anno

359 3511 477 3568 564
501 3515 554 3567 in
591 3512 788 3566 feriam
821 3511 876 3576 5,
905 3527 1050 3566 anno
1079 3513 1184 3566 565
1209 3512 1269 3564 in
1303 3515 1493 3566 feriam
1519 3513 1574 3576 6,
1599 3513 1794 3568 doceat
1819 3526 1940 3568 tan-

361 3607 495 3657 dem
527 3603 850 3665 Caietanus,
877 3617 1048 3670 ecqua
1069 3603 1309 3656 ineunda
1340 3604 1446 3664 via,
1485 3619 1593 3672 qua
1619 3598 1936 3674 Gregorium

367 3693 856 3762 Agrigentinorum
914 3692 1232 3760 episcopum
1289 3693 1342 3745 in
1411 3692 1705 3748 Iustiniani
1761 3694 1938 3764 Magni

365 3787 620 3852 tempora
667 3784 1032 3845 conferamus,
1053 3797 1176 3835 cum
1209 3791 1316 3837 tam
1370 3785 1558 3848 multa,
1599 3800 1772 3856 eaque
1801 3801 1939 3856 pon-

364 3875 519 3929 deris
575 3872 886 3945 gravissimi
935 3881 1211 3944 comperta
1272 3875 1431 3930 nobis
1481 3879 1611 3942 sint,
1663 3893 1784 3948 quae
1815 3878 1938 3933 inde

363 3961 669 4032 abjiciant‘l
1545 4032 1558 4040 δ

436 4055 554 4110 Xll.
588 4055 740 4111 Nuu'c
761 4055 1016 4127 quoniam
1043 4068 1151 4113 non
1187 4053 1367 4130 stabili
1401 4059 1588 4114 ni’titur
1617 4061 1937 4116 lundd’men»

361 4155 421 4202 t'o
451 4145 694 4215 Cajetani
725 4149 910 4216 opinio
941 4146 1006 4202 de
1034 4147 1278 4218 Gregorii
1303 4191 1316 4214 ,
1349 4151 1435 4204 cui
1461 4150 1712 4220 imputat,
1753 4159 1932 4216 actate,

361 4237 718 4292 commodum
772 4237 1032 4302 venit,~ut
1083 4237 1209 4306 quid
1245 4241 1344 4292 hac
1373 4240 1440 4292 de
1475 4253 1536 4294 re
1559 4239 1812 4304 sentiam,
1842 4241 1934 4295 a‘li-

365 4328 588 4398 quando
638 4327 854 4382 tandem
905 4336 1228 4397 propozzant.
1265 4327 1406 4395 Quid
1445 4345 1574 4384 vero
1601 4345 1927 4401 proponam,

2041 3166 2269 3220 venerint
2295 3165 2591 3218 necessaria
2621 3161 2932 3231 deferentes,
2953 3171 3012 3214 ut
3031 3175 3152 3215 nato
3169 3162 3322 3231 justa
3349 3164 3604 3233 facerent;

2039 3273 2098 3310 eo
2127 3257 2382 3326 siquidem
2409 3255 2492 3308 die
2543 3252 2827 3325 Gregorius
2895 3253 3016 3307 inde
3070 3254 3392 3310 abscesserat
3432 3256 3608 3328 pridie

2038 3347 2163 3402 Kal.
2185 3345 2387 3400 thlias.
2418 3343 2698 3417 Lacrymis
2727 3345 2894 3416 igitur
2946 3345 3274 3418 planctuque
3303 3347 3428 3403 dum
3473 3349 3604 3404 iule-

2039 3440 2151 3493 rias
2177 3441 2397 3494 solvunt
2420 3434 2550 3502 lilio,
2581 3454 2743 3508 quem
2767 3439 3094 3493 exstitit-tum
3125 3447 3433 3505 autumant,
3466 3438 3607 3495 Mar-

2041 3545 2140 3584 cus
2168 3531 2475 3584 monachus
2491 3530 2666 3586 luctus
2681 3545 2904 3586 causam
2928 3531 2996 3586 ab
3019 3531 3274 3602 episc0po
3292 3524 3608 3588 Potamione

2041 3617 2382 3678 sciscitatur,
2415 3617 2576 3688 eique
2608 3619 2897 3688 episcopus
2930 3620 3112 3672 :Audi
3139 3621 3384 3694 (inquit),
3425 3625 3605 3688 Pater,

2027 3708 2146 3774 jam
2183 3716 2232 3760 te
2261 3709 2388 3777 quid
2418 3707 2516 3760 hac
2547 3709 2603 3760 in
2629 3708 2756 3762 urbe
2789 3708 2994 3762 duobus
3032 3709 3222 3763 abhinc
3273 3714 3424 3765 anuis
3483 3731 3606 3767 cou-

2041 3798 2234 3868 tigerit,
2295 3797 2534 3852 edocebo.
2598 3797 2736 3852 'l‘um
2794 3813 2910 3854 rem
2961 3801 3301 3871 exsequitur,
3354 3817 3601 3868 narrans,

2037 3903 2178 3958 quos
2209 3889 2457 3960 legentes
2499 3889 2732 3956 videret,
2764 3885 3018 3958 parentes
3055 3906 3176 3946 esse
3215 3891 3460 3964 Gregorii
3510 3912 3607 3951 cu~
3692 3911 3696 3914 '

2030 3979 2250 4048 jusdam
2276 3979 2490 4033 eximiae
2515 3977 2628 4048 spei
2659 3971 3042 4044 adolescentis,
3093 3980 3186 4050 qui
3235 3983 3603 4039 archidiaconi

2035 4071 2342 4140 disciplina:
2375 4071 2721 4126 conc-reditus
2759 4087 2824 4126 ex
2862 4072 3094 4126 civitatis
3125 4075 3298 4129 oculis
3344 4077 3602 4144 eruperit.

2037 4163 2148 4234 Age
2167 4163 2280 4232 jam
2324 4162 2368 4218 si
2397 4161 2694 4233 Gregorius
2755 4164 2946 4233 patriis
3001 4163 3200 4219 finibus
3246 4159 3381 4220 abiit
3432 4168 3606 4238 pridie

2038 4241 2158 4309 Kal.
2215 4253 2410 4320 Julias,
2442 4255 2487 4308 si
2529 4255 2775 4324 sequenti
2803 4271 2948 4310 anno
2993 4255 3207 4314 Marcus
3267 4259 3433 4316 abbas
3479 4275 3603 4316 cum

2037 4345 2301 4416 Gregorio
2343 4346 2734 4418 Hierosolymis
2765 4349 3052 4405 Paschalis
3086 4351 3347 4406 solemnia
3374 4355 3599 4424 peregit,

364 4419 474 4512 ιιῆεἱ
499 4419 638 4487 quod
667 4434 733 4512 EX
783 4419 1090 4512 Μθιιῷοεξο
1159 4419 1344 4512 Basilii
1378 4421 1394 4474 |
1423 4423 1564 4492 Al'g-
1590 4426 1935 4512 iallcloritnie
1966 4430 2010 4486 Β
2038 4437 2320 4506 alteroque
2349 4451 2381 4492 a
2411 4453 2547 4494 nova
2586 4437 2865 4493 Dominica
2896 4439 2984 4494 die
3023 4440 3151 4496 inde
3197 4419 3472 4512 digressus
3506 4419 3598 4497 de-

364 4508 627 4575 cdtto,ex
667 4507 980 4564 Summario
1025 4509 1372 4597 GEegoriaute
1425 4513 1548 4566 vita:
1569 4511 1756 4568 Grmce
1797 4515 1936 4570 scri-

365 4607 480 4668 pto,
513 4614 578 4654 ex
628 4598 812 4654 Nieeta
851 4602 1120 4656 monacho
1175 4601 1406 4668 Studite,
1453 4619 1518 4657 ex
1555 4602 1784 4659 Leontio
1837 4621 1934 4662 no-

361 4697 502 4750 atro,
533 4705 598 4742 ex
628 4689 992 4760 Mctaphraste
1019 4691 1329 4756 haurimus,
1369 4693 1436 4746 ad
1463 4707 1525 4747 ea
1564 4694 1772 4748 scilicet
1789 4695 1933 4751 refe-

363 4777 592 4830 rendum
628 4787 872 4848 tempora
912 4775 1232 4849 Gregorium
1265 4820 1282 4847 ,
1319 4781 1519 4850 quibus
1543 4780 1934 4838 Constantino-

363 4869 475 4938 poli
511 4872 848 4926 tecumeuica
886 4887 936 4925 vi
987 4874 1229 4942 synodus
1259 4873 1518 4928 adversus
1548 4873 1934 4932 Monothelitas

363 4970 576 5029 coacta,
607 4961 943 5033 proindeque
986 4963 1189 5018 vixisse
1240 4965 1340 5018 sub
1369 4963 1540 5036 Augg.
1573 4964 1932 5025 Constantino

365 5045 670 5119 Pogonato,
715 5063 770 5108 et
827 5052 1142 5108 Justiniano
1177 5052 1242 5118 ll,
1275 5055 1360 5109 cui
1397 5069 1428 5109 a
1473 5058 1664 5112 recisis
1705 5061 1930 5114 naribus

359 5150 508 5193 anno
533 5141 642 5195 695
685 5143 753 5198 ab
819 5143 1064 5206 Leontio,
1119 5145 1210 5212 qui
1259 5147 1406 5214 regio
1463 5160 1493 5200 e
1535 5145 1928 5213 thronoejeci‘t,

368 5221 699 5288 Rbindtmeti
753 5245 1054 5304 coguOMen
1117 5234 1382 5289 inditum?
1428 5234 1572 5290 Nihil
1605 5239 1770 5308 igitur
1803 5241 1929 5294 novi

367 5319 622 5390 afferam;
677 5332 888 5380 tantum
933 5325 1182 5392 efﬁciam,
1219 5341 1284 5380 ue
1343 5337 1504 5397 quem
1545 5327 1788 5398 Cajetani
1833 5344 1929 5385 no-

369 5411 530 5469 minis
551 5417 872 5482 auetoritas,
937 5431 1059 5488 qua:
1087 5418 1305 5488 quidem
1346 5432 1578 5478 summa.
1610 5437 1640 5474 e
1668 5423 1774 5476 reri
1816 5429 1928 5476 tra-

369 5501 495 5556 mite
537 5507 838 5574 propulset.

437 5591 576 5648 Xlll.
608 5595 884 5666 Principio
919 5601 1280 5668 componendi
1328 5601 1460 5656 mihi
1495 5597 1739 5671 Gregorii
1777 5606 1924 5670 anni,

371 5680 459 5747 qui
487 5699 514 5734 a
545 5687 733 5752 patria:
763 5686 1008 5744 discessu"
1041 5691 1108 5743 ad
1162 5691 1410 5759 episcopi
1453 5692 1923 5766 inaugurationcui

683 5779 944 5847 ΡΑτιιοι..
989 5781 1082 5844 Gn
1145 5781 1407 5848 XCVIII.

2037 4529 2252 4584 sinente
2271 4525 2434 4584 Iunio
2459 4529 2812 4599 Agrigentum
2849 4533 3114 4598 pervenit,
3161 4533 3446 4602 pridieque
3481 4533 3598 4590 Kal.

2033 4618 2206 4675 Iulias
2237 4619 2486 4691 Gregorii
2517 4628 2770 4690 parentes
2799 4621 2946 4676 videt
2973 4621 3122 4690 justa
3157 4623 3267 4676 lilio
3316 4623 3598 4688 facientes,

2033 4715 2182 4762 certe
2205 4708 2420 4776 quidem
2451 4723 2518 4763 eo
2548 4709 2636 4763 die
2679 4725 2824 4764 unus
2876 4713 3246 4769 numerandus
3294 4728 3492 4782 annus,
3533 4732 3600 4768 ex

2033 4812 2143 4866 quo
2165 4785 2430 4854 Chariton
2483 4807 2538 4854 et
2576 4797 2850 4854 Theodoto
2878 4799 3257 4860 dulcissimum
3303 4805 3598 4874 optimum-

2033 4902 2140 4956 que
2173 4891 2369 4958 piguus
2409 4889 2734 4946 amiserunt.
2769 4890 2980 4945 Ateuim
3008 4892 3294 4962 episcopus
3319 4895 3597 4950 biennium

2035 4985 2220 5030 narrat
2247 4995 2260 5030 :
2287 4993 2572 5048 perperam
2607 4981 2774 5052 igitur
2803 4981 3093 5038 Caietanus
3121 4985 3339 5040 unicum
3377 5001 3598 5054 percen-

2031 5074 2112 5118 set
2153 5081 2378 5132 annum,
2407 5084 2471 5123 ex
2513 5085 2622 5140 quo
2663 5067 2960 5142 Gregorius
2995 5073 3170 5142 patria
3208 5075 3372 5135 domo
3411 5092 3596 5132 exces-

2033 5155 2186 5218 serit,
2223 5170 2276 5213 et
2303 5157 2513 5215 Marcus
2537 5159 2783 5232 Gregorii
2823 5161 3016 5218 ductor
3047 5161 3595 5238 Hierosolymitanam

2033 5246 2100 5299 ad
2145 5249 2637 5316 peregrinationem
2670 5251 3022 5325 Agrigentum
3071 5255 3462 5330 Hierosolymis
3503 5280 3597 5312 ςιν-

2031 5341 2196 5394 venit.
2225 5339 2388 5407 Quid,
2425 5345 2568 5413 quod
2591 5346 2834 5414 ejusdem
2867 5347 3460 5408 hienuii‘manifestum
3502 5368 3594 5408 cx-

2029 5435 2139 5482 stat
2162 5430 2450 5498 vestigium
2475 5433 2529 5485 in
2560 5448 2759 5498 rerum,
2788 5451 2924 5505 quas
2957 5435 3218 5506 Leontius
3253 5440 3592 5508 exsequitur,
3693 5501 3696 5506 _

2029 5518 2341 5574 narratione
2371 5535 2400 5574 a
2453 5519 2701 5592 Gregorii
2737 5539 2962 5582 excessu
2989 5527 3054 5581 ad
3092 5527 3589 5600 Hierosolymorum

2030 5607 2344 5674 adventum,
2375 5612 2558 5682 ibique
2586 5625 2710 5670 acta
2752 5617 3027 5686 paschalia
3055 5619 3078 5672 ?
3109 5620 3198 5672 Ait
3227 5621 3424 5690 primo,
3459 5622 3587 5678 Gre-

2029 5699 2240 5770 got-ium
2268 5701 2592 5774 Carthagine
2633 5707 2866 5777 hospitio
2904 5718 3186 5779 exceptura
3213 5711 3282 5764 ab
3307 5698 3422 5784 ipso
3456 5729 3583 5771 natl-

3109 5805 3184 5866 38
3453 5848 3489 5869 ο
