4038 6274
529 343 670 408 1195

446 611 454 623 η
520 549 1051 604 commentationibus
1103 551 1312 606 deditus
1365 563 1479 622 post
1525 555 1744 608 biduum
1782 555 2092 626 aliquando,

521 641 804 713 aliquando
863 628 979 710 post
1059 641 1331 709 triduum,
1394 662 1768 717 nonnunquam
1833 649 2094 719 integrant

517 732 677 788 etiam
708 731 1086 786 hebdomadam
1100 732 1318 812 jejunus
1376 737 1720 808 transigere;
1765 746 1930 809 atque
1967 739 2092 795 hinc

518 823 810 894 intelligas,
866 837 973 876 non
1022 823 1291 893 pauxillos
1333 825 1450 882 dies
1501 843 1708 882 moram
1761 827 2092 900 Carthagine

515 912 713 970 fecisse
747 913 1088 984 Gregorium.
1145 914 1391 972 Subinde
1449 929 1736 984 memorat,
1791 926 1957 974 tanta:
2010 918 2088 974 rei

515 1007 768 1062 nuntium
818 1005 1273 1060 admirabundum
1317 1007 1586 1078 hospitem
1611 1009 1862 1066 retulisse
1895 1010 2088 1065 civita-

516 1099 586 1152 tis
619 1099 898 1169 episcopo,
927 1097 1019 1166 qui
1052 1095 1374 1168 Gregorium
1395 1086 1510 1154 sibi
1556 1101 1785 1156 arcessit
1819 1117 1833 1167 ;
1889 1109 2086 1170 praesto

514 1189 842 1259 Gregorium
867 1187 1040 1244 fuisse
1067 1207 1079 1242 :
1112 1190 1276 1244 rebus
1306 1190 1580 1254 omnibus,
1607 1206 1746 1260 quas
1770 1207 1802 1246 a
1828 1193 2084 1261 pontiﬁce

513 1289 758 1349 rogatus,
783 1278 980 1351 iecisse
1011 1279 1146 1334 satis
1183 1297 1198 1334 :
1238 1288 1351 1334 tum
1381 1279 1600 1334 demum
1655 1280 1894 1348 petiisse,
1954 1295 2086 1335 san-

511 1381 598 1427 cte
639 1372 742 1427 sibi
792 1377 1200 1442 apprecarctur,
1237 1386 1348 1440 quo
1395 1370 1687 1425 consilium
1733 1385 1892 1426 suum
1924 1369 2080 1426 sacra

511 1447 1016 1532 Hierosolymorum
1076 1461 1193 1514 lora
1252 1461 1511 1515 adorandi
1571 1463 1774 1530 optime
1819 1463 2078 1517 cederet:

511 1555 710 1618 fausta,
771 1552 1004 1623 propitia
1059 1552 1360 1608 ominatum
1411 1551 1750 1622 episcopum,
1807 1553 2078 1622 simulque

512 1661 700 1702 orasse
733 1647 871 1713 apud
901 1645 1070 1714 ipsum
1102 1643 1181 1718 ad.
1204 1644 1362 1712 festos
1392 1661 1558 1714 usque
1609 1654 1916 1716 sanctosque
1965 1647 2077 1699 dies

511 1745 744 1790 maneat.
775 1734 874 1790 Hic
899 1741 1084 1805 quatro
1123 1735 1345 1804 quinam
1373 1735 1426 1788 hi
1455 1735 1600 1796 feSti,
1625 1735 1910 1804 sanctique
1935 1736 2072 1801 dies,

1404 347 1502 414 ΠΕ
1540 356 1798 416 AETATE
1829 359 1888 417 s.
1917 318 2295 418 candenti
2353 357 2858 423 AGRIGENTINI

521 459 692 522 clero,
719 458 816 528 qui
869 457 1000 514 illuc
1045 458 1387 526 deduxerat;
1426 463 1518 518 ubi
1564 481 1739 518 rerum
1795 465 2168 542 divinarum;
2265 464 2390 518 674.
2425 506 2440 520 .
2523 505 2538 521 .
2614 505 2628 520 .
2709 506 2723 520 .
2803 509 2816 520 .
2899 513 2912 522 .
2993 507 3008 522 .
3091 511 3102 522 .
3183 511 3195 524 .
3275 511 3290 524 .

3677 366 3817 434 τιιπ

2268 511 3417 629 οπε.........’.’.ῖ

2266 667 2392 724 676.
2426 669 2502 724 Ex
2525 685 2716 724 eremo
2746 671 2888 728 redit
2917 669 3324 742 Hierosolyma,
3371 672 3820 748 ibiqueintegro

2192 779 2340 822 anno
2371 769 2643 824 considet.

2261 866 2386 925 677.
2417 868 2805 942 Hierosolymis
2843 873 3114 944 demigrat
3142 875 3531 930 Antiochiam
3595 893 3652 930 ιν
3702 877 3820 934 Idus

2187 967 2409 1038 Aprilis,
2443 981 2798 1041 moraturque
2822 987 3028 1026 annum
3055 989 3094 1028 ι.

2257 1065 2378 1123 678.
2414 1068 2702 1126 Antiochia
2745 1072 2962 1128 dtvenit
3011 1073 3618 1144 Gottstatvtinopolim,
3661 1078 3751 1132 ubi
3787 1095 3814 1132 a

2187 1156 2471 1215 Theodoro
2503 1163 2808 1230 patriarcha
2833 1143 3132 1231 detinetdr,
3158 1179 3268 1235 quo
3309 1143 3566 1222 indictae
3609 1169 3814 1239 synodo

2183 1253 2532 1307 tecumeuicas
2568 1253 2804 1308 intersit.

2253 1348 3808 1415 679................

2251 1449 2374 1507 680.
2412 1451 2658 1508 Concilio
2693 1470 2740 1506 vI
2771 1456 3131 1521 meumr-nico,
3167 1471 3226 1509 ιιι
3255 1457 3808 1526 Constantinopoli-

2182 1550 2308 1596 tano
2326 1542 2500 1608 adest,
2529 1543 2770 1612 episcopi
2808 1543 3050 1598 Sardicaa
3073 1543 3434 1599 Constantina
3468 1545 3647 1617 Cypri
3680 1565 3803 1617 per-

2167 1644 2370 1686 sonam
2427 1648 2641 1704 gerens,
2701 1633 3063 1704 haeresimque
3115 1637 3640 1691 Monothelitarum
3677 1655 3802 1709 pro-

2177 1722 2349 1793 ﬂigat.

513 1828 616 1882 nisi
649 1835 741 1880 aut
769 1795 973 1880 Chriin
1007 1795 1239 1890 Natalia,
1269 1832 1363 1878 aut
1396 1823 1729 1878 Paschalia?
1772 1795 1912 1894 Ergo
1951 1795 2074 1878 cum
2109 1795 2150 1848 Β
2209 1833 2214 1840 ‘
2249 1821 2372 1877 681.
2395 1821 2862 1892 Constantinopoli
2895 1825 3100 1894 appetit
3131 1811 3397 1889 Ruinam,
3437 1842 3618 1896 quam
3655 1829 3775 1883 subi

511 1918 1016 1987 Carthaginiensem
1085 1917 1400 1986 episcopum
1461 1917 1714 1970 convenit
1759 1916 2074 1987 Gregorius,

510 2026 617 2065 non
647 2009 838 2080 procul
871 2008 1058 2063 aberat
1107 2010 1221 2063 sive
1265 2001 1720 2062 natalis-Christi
1774 2008 1914 2074 dies,
1965 2008 2078 2062 sive

507 2103 716 2158 Pascha
747 2121 758 2154 :
790 2102 916 2172 quis
937 2102 1083 2154 enim
1116 2100 1218 2155 sibi
1265 2101 1514 2166 suadeat,
1559 2101 1912 2170 proposuisse
1965 2101 2080 2172 epi-

507 2209 734 2264 sc0pum
799 2193 866 2248 ad
923 2192 1190 2246 diutinum
1244 2201 1458 2260 tempus
1517 2190 1744 2246 detineri
1799 2191 2075 2247 hominem

416 2321 430 2334 .
508 2282 886 2354 proficiscendi
930 2281 1201 2337 desiderio
1221 2280 2076 2352 ﬂagrantem?lnlerim(subjicit

506 2374 788 2446 Leontius)
817 2375 1058 2428 nondum
1106 2374 1296 2428 aderat
1330 2373 1546 2430 Marcus
1599 2374 1790 2442 abbas,
1839 2375 1931 2444 qui
1979 2372 2074 2428 Dci

507 2469 721 2523 menitu
749 2465 1072 2534 Gregorium
1105 2464 1482 2536 Hierosolyma
1527 2466 1848 2536 perduceret
1876 2483 1890 2520 :
1921 2465 2078 2520 adest

504 2560 721 2614 tandem
786 2573 908 2612 cum
970 2555 1306 2625 Serapione,
1367 2567 1421 2611 et
1467 2557 1719 2622 Leontio,
1761 2555 2076 2624 exactisque

503 2651 836 2720 Carthagine
863 2656 1100 2718 quatuor
1125 2649 1350 2702 omnino
1375 2647 1589 2710 diebus,
1622 2663 1730 2700 una
1769 2661 1958 2701 onmes
1988 2646 2072 2700 di-

505 2743 847 2815 grediuntur.
885 2739 949 2794 Et
978 2755 1106 2794 vero
1129 2755 1252 2794 cum
1289 2740 1579 2794 considero
1599 2739 1896 2794 exhaustos
1933 2739 2072 2792 mari

505 2831 826 2900 aGregorio
877 2844 1000 2884 cum
1055 2829 1344 2884 monachis
1402 2843 1620 2884 menses
1669 2829 1726 2894 5,
1782 2837 2072 2899 postquam

503 2925 832 2996 Carthagine
885 2923 1241 2990 recesserint,
1293 2931 1352 2976 ut
1398 2929 1612 2992 portum
1665 2920 1899 2988 aliquem
1953 2921 2074 2973 sub-

513 3020 677 3080 irent,
706 3014 849 3070 unde
871 3014 1241 3084 Hierosolyma
1266 3012 1474 3082 pedites
1512 3011 1922 3074 contenderent,
1958 3009 2075 3062 nul-

2181 1931 2232 1969 χι
2271 1913 2388 1968 Kal.
2423 1913 2615 1980 Julias,
2657 1917 2854 1969 eximie
2903 1917 3192 1984 episcopus
3227 1919 3536 1988 Agrigenti
3598 1935 3794 1973 renun-

2181 2005 2340 2058 tiatur
2357 2019 2388 2059 a
2405 2005 2794 2060 Panormitano
2815 2004 3092 2074 Agathone
3117 2006 3176 2061 Ρ.
3217 2005 3314 2070 Μ.⁹
3345 2025 3483 2063 mox
3519 2009 3784 2078 Agrigen.

2179 2103 2293 2148 tum
2349 2093 2623 2164 profectus
2670 2101 2800 2148 xvnt
2849 2093 2968 2148 Kal.
3022 2095 3420 2166 Septembres,
3461 2099 3662 2152 urbem
3713 2099 3787 2152 in-

2182 2185 2424 2258 greditur
2453 2203 2541 2241 xvr
2581 2184 2698 2240 Kal.
2737 2187 3023 2242 Octobres.

2251 2285 2436 2341 XV.A
2469 2287 2713 2356 Gregorii
2749 2285 2872 2356 fuga
2922 2289 3093 2357 patria
3151 2303 3183 2344 e
3235 2289 3412 2343 domo
3466 2291 3536 2344 ad
3592 2291 3779 2343 initum

2175 2379 2540 2450 Agrigentime
2568 2379 2832 2434 Ecclesiae
2858 2381 3252 2449 pontiﬁcatum,
3285 2365 3364 2436 i5-
3393 2383 3534 2437 anni
3570 2393 3776 2450 prater-

2175 2465 2284 2521 iere
2327 2485 2341 2520 :
2381 2465 2604 2522 totidem
2663 2467 2811 2542 enim
2869 2479 3122 2524 numerat
3179 2469 3457 2526 Chariton
3529 2471 3772 2542 Grrgorii

2175 2569 2347 2628 pater,
2407 2559 2534 2614 dum
2585 2559 2650 2614 de
2705 2541 2910 2616 amisso
2966 2560 3073 2615 ﬁlio
3119 2561 3291 2616 tilium
3357 2564 3573 2633 ipsum.
3614 2541 3767 2632 quem

2175 2650 2353 2704 adhuc
2403 2666 2508 2704 non
2559 2659 2874 2718 agnoverat,
2929 2649 3114 2706 Romae
3170 2655 3328 2707 docet
3362 2671 3382 2720 ;
3417 2653 3616 2708 Romae.
3647 2665 3768 2705 vero

2176 2739 2358 2794 aderat
2389 2755 2512 2794 cum
2539 2741 2906 2811 Agrigentiuis
2933 2742 3163 2804 caneris,
3197 2743 3292 2811 qui
3334 2745 3462 2798 dari
3507 2743 3614 2798 sibi
3653 2741 3764 2810 epi-

2177 2845 2402 2899 sc0pum
2439 2832 2787 2899 postulabant
2815 2846 2846 2885 a
2878 2830 2937 2886 P.
2972 2830 3068 2896 M.,
3099 2833 3320 2902 quando
3353 2835 3604 2904 populus
3625 2835 3763 2887 varia

2177 2921 2230 2975 in
2263 2921 2443 2977 studia
2468 2923 2680 2977 divisus
2708 2923 2762 2974 in
2787 2938 2911 2976 eum
2937 2925 3377 2978 constituendum
3406 2941 3522 2980 non
3547 2925 3759 2994 conspi-

2175 3021 2408 3066 raverat.
2446 3009 2563 3066 Jam
2606 3014 2649 3067 si
2697 3015 2870 3082 patria
2918 3029 3172 3083 egressus
3223 3014 3535 3086 Gregorius
3599 3014 3762 3086 pridie

507 3109 598 3164 lus
627 3107 892 3171 dubitem,
947 3103 1076 3174 quin
1133 3115 1383 3170 suscepta
1433 3102 1504 3155 sit
1551 3099 1822 3168 navigatio
1875 3097 2074 3151 clausis
2101 3117 2145 3179 ρ
2177 3100 2296 3154 Kal.
2330 3101 2500 3156 Julias
2523 3105 2645 3156 anui
2680 3103 2804 3169 669,
2837 3104 3026 3158 eodem
3059 3103 3146 3158 die
3175 3107 3302 3160 anui
3337 3107 3446 3161 681
3487 3103 3758 3160 numerari

507 3199 752 3256 maribus
792 3196 1038 3266 proxime
1086 3192 1288 3248 Christi
1351 3191 1596 3257 Natalia;
1631 3202 1757 3244 eum
1811 3199 2072 3258 Opportu-

504 3289 646 3345 niOri
695 3285 824 3340 anni
868 3293 1190 3352 tempestate
1242 3297 1310 3336 ne
1364 3282 1570 3334 mensis
1611 3281 1830 3348 quidem
1884 3277 2074 3332 fuisset

505 3379 694 3450 pelago
739 3373 1128 3430 absumendus.
1179 3371 1364 3440 Itaque
1411 3370 1458 3425 si
1497 3385 1528 3424 a
1569 3369 1914 3438 Carthaginis
1963 3368 2074 3420 dis-

503 3485 664 3526 cessu
691 3467 758 3522 ad
797 3464 1157 3534 navigationis
1193 3465 1398 3518 exitum
1435 3476 1651 3516 menses
1685 3459 1718 3514 6
1765 3461 1871 3514 acti
1923 3457 2073 3530 (nam

505 3560 798 3616 mensem!
836 3555 1042 3627 Tripoli
1067 3556 1410 3629 consedere),
1435 3555 1587 3625 sique
1641 3552 1920 3608 Decembri
1955 3549 2071 3603 vela

505 3647 1063 3718 Carthagine-fecere.
1093 3630 1176 3699 nte
1209 3643 1571 3714 navigationis
1613 3642 1736 3696 ﬁnis
1785 3639 2070 3709 impositus

504 3743 690 3806 Juuio,
740 3741 987 3810 ideoque,
1038 3737 1346 3802 minimum,
1397 3733 1544 3789 Julio
1577 3732 1953 3802 Hierosolyma
1988 3730 2068 3784 in-

505 3833 700 3904 gressi,
732 3839 845 3886 tum
875 3828 1022 3898 quod
1068 3827 1159 3882 illa
1209 3827 1437 3880 nimium
1497 3832 1760 3894 quantum
1807 3822 1988 3876 absint
2039 3832 2070 3872 a

505 3925 670 3988 mari,
724 3933 836 3979 tum
895 3919 1041 3992 quod
1079 3920 1181 3976 iter
1215 3915 1434 3972 nonnisi
1459 3917 1708 3985 pedestre
1734 3911 2068 3968 coniectum.

505 4015 698 4072 Jamne
723 4020 947 4085 apparet
973 4011 1207 4073 Pascha,
1263 4007 1410 4079 quod
1464 4004 1859 4072 Hierosolymis
1903 4003 2073 4056 coluit

505 4107 826 4178 Gregorius,
858 4119 966 4160 non
999 4104 1261 4174 primum,
1293 4099 1386 4156 sed
1417 4099 1643 4152 alterum
1689 4095 1880 4160 fuisse,
1925 4093 2068 4162 quod

504 4198 886 4256 celebrandum
913 4194 1173 4258 occurrit,
1221 4199 1510 4261 postquam
1547 4186 1776 4256 patriam
1813 4185 2070 4254 deserue-

475 4289 618 4345 trit‘l
645 4286 740 4343 llis
771 4285 982 4358 positis,
1008 4295 1272 4337 canonem
1309 4279 1455 4332 hunc
1500 4275 1806 4337 instituam,
1859 4273 1952 4342 qui
2001 4270 2067 4324 ad

505 4395 731 4443 examen
765 4375 994 4433 subinde
1037 4372 1342 4434 vocabitur,
1375 4381 1483 4436 quo
1533 4381 1640 4428 res,
1683 4379 1801 4434 qua:
1857 4363 1908 4416 in
1954 4377 2066 4416 me-

505 4477 656 4530 diutn
683 4471 848 4536 venit,
883 4464 1214 4537 ponderibus
1252 4462 1367 4516 suis
1411 4460 1674 4512 ﬁrmetur.

577 4561 716 4617 XIV.
758 4562 908 4614 Anno
937 4555 1158 4608 Christi.

575 4651 700 4706 669.
730 4649 906 4702 Pridie
931 4641 1043 4697 Kal.
1089 4641 1258 4695 Julias
1301 4637 1591 4707 Agrigento
1637 4632 1799 4688 solvit
1845 4631 2069 4686 Cartha-

507 4745 683 4816 ginem
706 4737 1030 4808 Gregorius;
1056 4735 1150 4788 ubi
1189 4737 1310 4798 post.
1333 4729 1446 4784 dies
1476 4735 1584 4782 tres
1624 4723 1906 4816 exscendit
1935 4723 2065 4778 inde

507 4809 784 4904 digressus
819 4841 1005 4882 mense
1027 4821 1328 4878 Decembri.
1694 4809 1700 4818 ’

575 4927 698 4984 670.
761 4913 1297 4994 Appellit'Tripolim
1353 4929 1536 4968 mense
1577 4911 1856 4974 Januario,
1891 4909 2072 4980 ibique

509 5035 695 5079 mense
733 5021 1008 5071 transacto
1030 5009 1241 5078 navigat
1271 5009 1488 5069 iterum,
1518 5003 1890 5072 confeCtisque
1923 5015 2074 5056 men-

509 5111 664 5165 sibus
691 5107 724 5160 ι
745 5145 760 5170 ,
800 5100 1170 5170 Hierosolyma
1203 5098 1348 5152 venit
1375 5095 1517 5150 Julio
1550 5110 1756 5149 mense.

579 5193 876 5270 305.671.
897 5189 1282 5263 Hierosolymis
1301 5187 1509 5243 Pascha
1530 5187 1834 5242 celebratur
1853 5182 1885 5238 6
1911 5181 2070 5252 Apri-

508 5289 576 5347 lis
615 5306 628 5344 :
670 5287 988 5341 Pentecoste
1015 5281 1256 5337 diacoois
1279 5289 1598 5334 acccnsetur
1631 5291 1662 5330 a
1693 5274 1927 5328 Macario
1951 5273 2068 5342 epi-

407 5417 421 5438 ι
507 5395 721 5451 scopo;
760 5376 954 5432 deinde
988 5376 1041 5428 in
1093 5371 1362 5428 Olivctum
1427 5376 1662 5422 montem
1716 5365 1848 5429 abit,
1876 5379 2069 5418 mona-

507 5474 734 5530 chorum
767 5468 906 5522 larcs
940 5471 1206 5538 peragrat,
1251 5462 1306 5515 in
1337 5461 1512 5528 iisque
1561 5471 1762 5510 annum
1796 5455 1962 5525 degit.

576 5564 700 5618 672.
749 5563 825 5618 Ex
857 5561 1066 5618 Olivcto
1092 5554 1295 5613 secedit
1323 5553 1376 5605 in
1402 5565 1668 5617 et‘emum,
1694 5551 1782 5606 ubi
1815 5551 1944 5604 vivit
1975 5565 2072 5603 an-

508 5672 608 5710 ηθς
637 5672 737 5718 Ιῗε,

601 5741 2068 5820 8?5............-....

2175 3203 2383 3262 emptus
2429 3209 2608 3248 annus
2661 3195 2726 3250 l3
2769 3211 2832 3249 ex
2887 3211 2998 3265 quo
3051 3207 3203 3266 pater
3259 3199 3602 3254 suavissimo
3653 3195 3760 3250 tilio

2173 3285 2405 3338 carebat.
2451 3283 2566 3339 lluc
2618 3287 2848 3351 accedit,
2899 3303 3022 3341 eum
3080 3287 3394 3344 Romanum
3445 3287 3754 3360 pontificem

2173 3385 2367 3426 manus
2403 3370 2645 3440 Gregorii
2687 3374 2851 3443 capiti
2909 3376 3232 3444 imposuisse
3269 3379 3750 3450 Agrigentinorum

2172 3462 2428 3532 episcopo
2456 3464 2712 3530 creando,
2744 3465 2836 3534 qui
2865 3477 2918 3522 et
2947 3467 3172 3538 legatos,
3205 3477 3258 3522 et
3284 3469 3582 3539 episcopos
3607 3477 3754 3522 tecu-

2172 3551 2397 3606 menicat
2429 3556 2640 3623 synodo
2689 3555 2930 3622 miserat,
2967 3558 3108 3625 quod
3139 3573 3202 3613 ex
3243 3559 3476 3615 Leontio
3521 3567 3749 3619 constat.

2171 3642 2331 3712 cujus
2353 3645 2466 3697 haec
2498 3645 2658 3699 verba
2689 3662 2702 3698 :
2747 3645 2852 3700 Sed
2879 3649 3107 3716 episcopi
3149 3651 3204 3703 in
3232 3653 3524 3706 concilium
3559 3668 3591 3704 a
3625 3665 3750 3716 pon-

2172 3733 2309 3803 tiﬁce
2341 3735 2491 3788 missi
2513 3733 2752 3806 Gregorii
2777 3737 3023 3816 adventui
3051 3751 3428 3797 antevertentes
3452 3742 3743 3812 pontiﬁcem

2171 3823 2340 3891 ipsum
2384 3824 2690 3889 docuerant,
2723 3823 2960 3896 Gregorii
2989 3829 3182 3884 virtute
3225 3847 3288 3884 ac
3329 3833 3600 3902 sapientia
3644 3832 3746 3883 Iur-

2171 3913 2450 3966 reticorum
2485 3915 2769 3967 audaciam
2816 3917 3269 3989 petulantiamque
3304 3936 3620 3990 repressam.
3653 3918 3740 3971 ln-

2173 4009 2312 4055 terea
2339 4003 2464 4054 dum
2496 4001 2675 4058 Romae
2705 4005 2842 4074 degit
2905 4004 3210 4076 Gregorius,
3259 4011 3400 4064 diem
3453 4011 3561 4065 obit
3601 4009 3742 4077 Agri-

2169 4091 2410 4162 gentinus
2473 4093 2743 4161 episcopus
2803 4093 3168 4166 (Theodorus)
3247 4117 3546 4170 magnaque
3617 4098 3736 4151 adeo

2169 4182 2444 4251 Agrigenti
2469 4183 2654 4236 seditio
2677 4194 2880 4251 coorta,
2917 4186 3097 4240 turbas
3133 4189 3370 4258 agitante
3397 4190 3590 4262 populo
3611 4205 3630 4243 :
3659 4197 3729 4240 at-

2169 4289 2266 4343 que
2299 4273 2352 4326 hi
2377 4274 2581 4343 quidem
2601 4273 2852 4329 Sabinum
2891 4279 3471 4348 presbyterum,contra
3492 4283 3573 4336 illi
3592 4281 3733 4336 Cres-

2171 4375 2362 4418 centem
2381 4368 2657 4420 diaconum
2672 4369 2948 4439 eligebant.
2973 4369 3182 4426 Interea
3204 4374 3390 4428 delecti
3409 4393 3474 4430 ea:
3495 4375 3735 4446 Agrigen-

2101 4452 2142 4506 D
2171 4458 2284 4512 tina
2314 4455 2570 4524 Ecclesia,
2600 4469 2752 4530 atque
2785 4477 2848 4514 ex
2867 4462 3110 4530 ﬁnitimis
3131 4465 3390 4534 primores
3419 4467 3730 4521 maritimum

2173 4548 2272 4602 iter
2303 4553 2526 4620 ingressi
2559 4549 2776 4604 Romam
2799 4555 3076 4622 trajiciunt
3097 4597 3111 4622 ,
3143 4557 3412 4626 postulant
3454 4577 3486 4612 a
3505 4555 3732 4627 pontiﬁt‘e

2170 4643 2272 4695 sibi
2301 4645 2599 4712 episcopum
2628 4645 2818 4698 creari.
2859 4643 3029 4701 Porro
3067 4645 3304 4718 Agatho,
3343 4667 3455 4720 quo
3493 4647 3727 4720 pontiﬁce

2173 4742 2358 4787 coal-ta
2373 4733 2850 4804 Constantinopoli
2870 4737 3108 4806 synodus
3139 4742 3498 4806 mcumenica,
3534 4739 3661 4795 obiit
3680 4747 3726 4788 tv

2174 4825 2296 4880 ldus
2319 4825 2606 4882 Januarias
2625 4828 2752 4880 anni
2773 4825 2896 4888 682,
2919 4842 3150 4897 eumque
3168 4841 3410 4888 secutum
3425 4827 3729 4900 interponu-

2174 4915 2352 4969 ﬁcium
2403 4917 2531 4970 anni
2593 4916 2754 4972 unius
2807 4919 3074 4972 mensium
3131 4917 3162 4970 7
3210 4921 3416 4976 dierum
3449 4925 3483 4978 5
3528 4922 3720 4990 (Anast.

2173 5003 2430 5060 Bibliotlt.
2481 5007 2533 5059 in
2596 5007 2840 5078 Agath.).
2893 5008 3025 5062 Cum
3075 5024 3204 5064 vero
3241 5009 3529 5083 Gregorius
3576 5002 3721 5063 simul

2174 5113 2238 5150 ac
2267 5097 2452 5151 Bonna
2475 5097 2948 5167 Agrigentinorum
2984 5099 3270 5170 episcOpus
3311 5103 3502 5166 audiit,
3545 5101 3640 5154 iter
3669 5096 3716 5147 in

2177 5183 2468 5240 Ecclesium
2513 5201 2663 5238 suam
2695 5185 3022 5255 suscepisset
3056 5203 3187 5242 svm
3227 5185 3344 5242 Kal.
3377 5186 3715 5259 Septembres.

2175 5276 2357 5344 conﬁt,
2385 5277 2602 5331 nonnisi
2641 5292 2784 5331 anno
2815 5277 2912 5330 681
2947 5277 3314 5348 episcopatum
3337 5281 3516 5335 iniisse
3541 5295 3554 5344 ;
3583 5275 3713 5329 iude-

2173 5383 2278 5438 que
2337 5369 2634 5421 numeratis
2691 5375 2834 5420 retro
2887 5369 3046 5428 annis
3097 5369 3162 5424 15
3203 5378 3260 5423 ιιι
3308 5371 3506 5440 epocba
3543 5366 3712 5436 ligatur

2174 5456 2530 5527 Gregoril'ugii
2559 5473 2590 5512 e
2621 5458 2813 5526 patria,
2857 5457 2922 5512 ad
2959 5473 3159 5512 annum
3193 5462 3561 5530 perveniemus
3597 5449 3706 5510 669.

2173 5547 2488 5611 Caietanus,
2515 5547 2648 5600 nihil
2677 5549 2828 5616 pensi
2874 5549 3100 5612 habens,
3133 5550 3300 5618 quod,
3338 5566 3445 5620 quo
3486 5540 3708 5618 pontiﬁce

2175 5638 2338 5694 coivit
2367 5638 2830 5708 Constantinopoli
2866 5655 3058 5710 magna
3093 5641 3350 5712 synodus,
3382 5641 3556 5695 eodem
3591 5631 3700 5686 Grr'

2175 5731 2358 5802 gorius
2416 5731 2890 5800 Agrigentinorum
2930 5733 3106 5788 dictus
3147 5735 3454 5802 υρίδςουυε.
3487 5733 3697 5786 creatum
