4038 6274
387 349 532 420 1197

1721 340 2248 416 DISSERTATIO.

3498 347 3640 418 1198

368 458 536 515 illum
586 455 902 530 episcopum
957 453 1204 530 perhibet
1232 475 1263 516 a
1293 447 1531 531 Pelagio,
1565 460 1656 530 qui
1697 461 1962 518 successit
1991 468 2036 524 Α
2121 457 2289 530 XVII.
2315 458 2481 515 Venio
2505 473 2650 514 ntmc
2678 457 2742 514 ad
2760 453 3042 536 Paschalis
3062 455 3458 524 characterem,
3477 473 3642 532 atque

273 558 276 559 '
367 550 602 622 Vigilio,
635 551 740 608 sub
777 566 889 624 quo
918 551 1161 624 synodus
1187 569 1218 607 v
1267 555 1602 610 cecumenica
1651 552 1966 608 Constanti-

352 637 566 712 ‘nopoli
595 655 858 716 peracta:
899 654 961 702 ut
1001 645 1222 703 interim
1284 647 1556 714 omittam,
1611 647 1754 719 quod
1813 646 1962 704 illum

367 733 582 808 Vigilio
627 735 917 794 suﬂ‘ectum
971 737 1140 794 edicit
1189 754 1335 793 anno
1385 738 1530 804 555,
1591 755 1716 802 cum
1774 754 1968 808 reapse

370 827 585 906 factum
635 831 820 888 isthuc
869 845 1016 888 anno
1055 831 1182 896 558,
1229 832 1374 902 quod
1431 840 1588 888 antea
1621 831 1964 887 demonstra-

369 919 605 989 vimus;
659 922 754 978 sed
817 923 924 978 hoc
981 921 1037 976 in
1077 922 1198 977 loco
1243 922 1402 976 venia
1436 922 1636 992 dignus
1673 922 1966 978 Caietanus

320 1079 332 1094 θ
371 1011 639 1078 Baronio,
671 1013 900 1084 aliisque
951 1013 1244 1084 ascriptus,
1297 1013 1392 1082 qui
1441 1013 1722 1069 funebrem
1781 1012 1964 1086 Vigilii

363 1117 587 1158 annum
617 1105 843 1160 voluere
863 1103 1068 1160 Christi
1099 1103 1490 1174 Dionysianum
1513 1103 1640 1159 555.

447 1191 596 1250 XVI.
632 1192 792 1250 Nunc
817 1209 888 1249 an
929 1193 1386 1266 Chronologismo
1427 1204 1622 1250 nostro
1655 1194 1824 1250 ullum
1883 1195 1966 1249 fa-

361 1295 563 1340 cessat
618 1285 896 1356 negotium
945 1283 1162 1341 Leontii
1217 1288 1668 1354 commentarius,
1697 1289 1964 1358 quemad-

360 1377 608 1432 modum
629 1376 893 1434 Caietano
925 1379 1223 1449 contigisse
1250 1380 1508 1453 vidimus,
1532 1396 1602 1436 an
1622 1395 1751 1437 vero
1780 1381 1964 1437 omnia

359 1465 430 1522 in
465 1466 560 1522 illo
587 1473 777 1524 exacta
815 1467 886 1523 ad
917 1466 1233 1525 Leontiana:
1257 1469 1497 1526 historiae
1523 1483 1796 1536 normam,
1829 1487 1965 1527 con-

355 1559 756 1615 siderandum.
785 1559 1054 1626 Primum,
1090 1560 1235 1630 quod
1273 1561 1536 1618 Caietano
1581 1565 1962 1632 opposuimus,

357 1649 606 1706 Macarii
652 1650 756 1706 l'uit
798 1651 1324 1724 Hierosolymitanus
1359 1653 1722 1722 episcopatus,
1763 1647 1961 1724 quiin

361 1756 476 1798 eos
506 1757 618 1796 non
649 1742 936 1797 concurrit
960 1757 1172 1808 annos,
1221 1758 1359 1813 quos
1407 1743 1702 1798 Caietanus
1741 1744 1962 1814 degisse

2069 551 2156 606 hic
2186 551 2266 607 vel
2293 561 2415 605 cum
2447 550 2676 607 llercule
2711 567 2909 606 manus
2936 565 3224 608 conseram
3271 569 3286 608 :
3313 551 3450 608 adeo
3472 554 3644 608 victo-

2068 643 2164 697 riae
2186 653 2389 698 certus.
2405 640 2524 708 Quo
2553 657 2698 698 anno
2721 641 3021 714 Gregorius
3043 641 3435 722 Hierosolymis
3457 659 3642 701 versa-
3668 628 3678 638 ”

2069 733 2230 788 batur
2285 749 2407 788 cum
2464 733 2641 788 tribus
2697 735 2982 790 monachis
3029 733 3251 800 Marco,
3310 734 3642 806 Serapione,

2065 823 2336 890 Leontio,
2376 823 2674 881 Paschales
2721 825 2872 882 feriae
2902 840 3186 897 occmpere
3220 826 3256 882 6
3297 829 3534 899 Aprilis,
3585 838 3644 882 ut

2065 913 2326 970 Leontius
2358 924 2546 970 noster
2585 915 2877 986 signiﬁcat.
2915 915 3040 972 ‘Jam
3083 933 3214 974 cum
3253 933 3399 972 anno
3441 919 3642 974 Christi

2063 1003 2398 1076 Dionysiano
2428 1004 2524 1060 671
2565 1021 2630 1061 ex
2666 1007 2802 1078 cycli
2843 1007 3040 1062 solaris
3077 1023 3222 1063 anno
3248 1007 3317 1073 8,
3347 1009 3556 1064 lunaris
3587 1010 3642 1066 7.

2065 1095 2242 1152 littera
2267 1096 2588 1152 Dominicali
2613 1099 2684 1182 Ε,
2702 1099 2992 1190 termipum
3031 1099 3344 1155 Paschalem
3367 1099 3436 1154 50
3463 1099 3640 1154 Martii

2064 1189 2488 1255 nanciscamur,
2520 1175 2885 1264 intelligimus.
2917 1192 3108 1261 ejusce
3150 1193 3282 1246 anni
3325 1191 3531 1248 Pascha
3587 1193 3640 1246 in

2063 1279 2098 1332 6
2143 1279 2343 1350 Aprilis
2389 1281 2750 1346 convenisse,
2794 1297 2921 1353 nam
2976 1283 3246 1338 terminus
3289 1283 3345 1336 in
3383 1283 3576 1338 feriam
3614 1287 3636 1338 1

2064 1370 2222 1424 exiit.
2244 1369 2431 1440 Neque
2456 1371 2581 1442 quis
2605 1371 2918 1428 subdubitet
2941 1373 3008 1428 de
3031 1384 3252 1444 peracto
3277 1383 3392 1428 tum
3414 1375 3646 1447 Pascha-

2064 1473 2118 1516 te
2159 1462 2546 1534 Hierosolymis
2577 1463 2893 1520 eademmet
2913 1465 3036 1532 die,
3083 1481 3191 1536 qua
3233 1466 3378 1536 apud
3421 1477 3646 1522 ceteras

2062 1551 2500 1608 Christianorum
2536 1553 2849 1619 Ecclesias,
2897 1555 3025 1624 quia
3072 1556 3213 1612 forte
3251 1555 3646 1627 Hierosolymis

2065 1653 2186 1698 tana
2211 1645 2391 1700 lunari
2423 1661 2570 1702 anno
2602 1645 2908 1718 Calippico,
2936 1649 3400 1716 quemadmodum
3431 1649 3645 1704 Hebraei

2064 1751 2255 1792 omnes
2282 1745 2530 1793 extorres
2554 1738 2638 1793 vel
2670 1739 2936 1794 hodierno
2957 1739 3068 1804 die,
3089 1749 3373 1805 uteretur;
3404 1735 3548 1796 unde
3576 1755 3643 1796 ex

363 1827 778 1905 Hierosolymis
804 1841 957 1890 ratus
979 1809 1323 1906 Gregorium.
1355 1833 1522 1904 Atqui
1553 1833 1742 1888 Cauou
1779 1809 1966 1889 noster
1995 1809 2040 1868 Β
2068 1825 2283 1880 diversa
2309 1825 2436 1880 anni
2479 1821 2656 1882 ΐοΐιηει
2697 1827 2948 1884 (“venus
2985 1828 3056 1884 ab
3089 1841 3191 1897 θυι
3228 1843 3390 1900 quem
3425 1831 3646 1902 reliquae

365 1924 452 1981 ab
471 1924 581 1980 hac
617 1924 872 1980 molestia
897 1917 1070 1982 liber.
1114 1928 1198 1980 Ah
1227 1939 1374 1980 anno
1407 1924 1612 1982 Christi
1643 1922 1768 1990 656,
1797 1924 1965 1980 Hera-

364 2016 476 2074 clii
511 2017 658 2087 Aug.
713 2015 808 2082 26,
852 2032 986 2086 quo,
1017 2017 1350 2086 Theophane
1397 2023 1555 2080 teste,
1591 2015 1760 2070 vitam
1815 2018 1967 2072 exuit

367 2107 734 2178 Sophronius
765 2109 888 2179 ejus
939 2107 1200 2164 Ecclesiae
1257 2107 1588 2178 patriarcha,
1641 2107 1708 2162 ad
1743 2109 1970 2165 Anasta-

363 2199 554 2264 sium,
604 2199 699 2268 qui
751 2197 916 2255 desiit
965 2213 1110 2256 anno
1167 2197 1289 2262 709,
1349 2197 1966 2270 Hierosolymitanorum

365 2287 710 2359 pontiﬁcum
733 2286 1052 2359 Catalogum
1083 2288 1332 2342 mutilum
1366 2287 1647 2354 habemus,
1679 2291 1838 2358 eique
1878 2288 1968 2343 in-

361 2377 654 2450 tegr-arido
687 2379 933 2450 nondum
962 2377 1473 2436 Ecclesiasticarum
1518 2393 1704 2434 rerum
1733 2379 1970 2449 scripto-

366 2447 544 2524 ribus
569 2447 933 2523 datum.'lloc
955 2467 1110 2534 vidit,
1150 2467 1469 2538 monuitque
1507 2477 1630 2522 ante
1671 2447 1966 2524 Baronium

369 2557 445 2616 ν.
481 2557 567 2616 Cl.
599 2557 958 2629 Honuphrius
975 2557 1272 2616 Panvinius
1289 2559 1366 2630 (in
1394 2559 1598 2615 Chron.
1617 2559 1686 2614 ad
1707 2575 1796 2614 an.
1817 2559 1966 2634 656),

367 2653 474 2712 cui
507 2651 807 2708 secundum
839 2651 1206 2722 Sophronium
1239 2667 1345 2706 non
1375 2651 1466 2706 alii
1496 2652 1697 2708 saeculo
1725 2666 1796 2706 vn
1826 2665 1969 2708 com-

366 2743 533 2818 perti
589 2739 1094 2813 Hierosolymorum
1153 2741 1416 2812 episcopi,
1475 2742 1582 2797 nisi
1625 2741 1964 2810 Theodorus,

370 2832 560 2898 Elias,
600 2831 860 2889 Joannes.
901 2833 1010 2889 Sed
1038 2833 1092 2888 iu
1123 2833 1300 2888 lucem
1353 2833 1602 2902 prolatis,
1657 2848 1778 2903 quae
1832 2831 1967 2890 delis

371 2931 608 2978 tueraat
635 2921 884 2978 Panvinii
915 2931 1095 2988 aetate,
1125 2921 1514 2986 monumentis,
1547 2924 1820 2979 succrevit
1867 2924 1966 2978 ali-

371 3021 598 3084 quanto
635 3028 920 3079 numerus,
961 3013 1033 3067 ita
1068 3019 1128 3067 ut
1166 3012 1282 3068 haec
1325 3010 1838 3083 llierosolymitame
1862 3013 1968 3070 Ee-

2066 1912 2505 1970 Cbristianorum
2565 1915 2822 1984 Ecclesiae
2867 1918 3149 1985 colerent,
3197 1919 3484 1980 Paschatis
3529 1924 3645 1978 dies

2065 2014 2387 2074 emergeret.
2422 2006 2556 2062 Cum
2585 2009 2728 2062 enim
2767 2025 2836 2064 ex
2871 2007 3126 2067 Mosaicae
3157 2011 3294 2082 legis
3332 2013 3646 2084 praseripto

2071 2097 2452 2154 celebrandum
2477 2097 2684 2155 Pascha
2713 2100 2780 2157 l5
2807 2101 2894 2158 die
2924 2101 3116 2168 Nisan,
3147 2102 3438 2160 Palaestina
3457 2103 3647 2160 Eccle-

2070 2187 2150 2241 sia
2173 2222 2189 2253 ,
2225 2195 2280 2241 et
2299 2189 2506 2244 veteris
2530 2189 2763 2244 instituti
2797 2202 3074 2258 constans,
3107 2201 3160 2248 et
3193 2192 3396 2250 Nicacni
3425 2196 3644 2251 concilii

2069 2281 2300 2336 audiens
2325 2281 2564 2347 decreto,
2589 2293 2806 2354 poterat
2826 2282 3112 2340 Iudaicum
3138 2285 3315 2343 Phase
3339 2301 3452 2358 [rae
3473 2288 3647 2344 oculis

2069 2369 2271 2427 habere
2292 2411 2312 2438 ,
2355 2380 2416 2426 ut
2445 2371 2658 2428 Pascha
2705 2373 2914 2430 diceret
2945 2375 3300 2432 Domiaieum
3325 2379 3506 2445 diem,
3553 2379 3646 2449 qui

2069 2461 2315 2530 proxime
2358 2461 2489 2516 illud
2539 2473 2886 2532 sequeretur.
2937 2463 3043 2519 Sed
3087 2481 3209 2532 nae,
3249 2467 3497 2537 quisquis
3533 2469 3648 2524 haec

2070 2550 2415 2617 suspicatur,
2484 2549 2732 2620 ignorat,
2803 2551 3132 2620 castigatam
3183 2551 3478 2610 Christiani
3539 2553 3647 2610 Pa-

2069 2640 2272 2696 scbatis
2317 2641 2631 2698 doctrinam
2671 2659 2778 2699 non
2840 2643 2947 2701 alio
2999 2661 3064 2702 ex
3111 2646 3262 2702 fonte
3301 2649 3644 2719 dimanasse.

2071 2733 2176 2790 nisi
2205 2747 2270 2788 ex
2299 2748 2444 2790 anno
2467 2734 2669 2802 lunari,
2703 2737 2801 2808 qui
2822 2751 2990 2808 penes
3015 2739 3270 2795 Hebreos
3287 2741 3556 2805 obtinuit,
3587 2745 3648 2798 ul

2071 2824 2250 2880 adhuc
2277 2818 2522 2894 obtinet',
2549 2829 2646 2884 sed
2673 2831 2960 2886 emendato
2985 2839 3166 2887 tamen
3191 2847 3224 2887 a
3254 2829 3607 2889 Rabbi'Adda
3627 2870 3646 2899 ,

2069 2916 2160 2986 qui
2207 2917 2434 2973 biduqu
2463 2919 2702 2987 exemit,
2736 2919 3000 2976 absolutis
3039 2936 3184 2977 anno
3212 2921 3414 2979 Christi
3447 2922 3651 2996 Diony-

2070 3009 2223 3064 siano
2243 3009 2346 3064 297
2367 3019 2491 3066 octo
2512 3011 2745 3081 periodis
2763 3010 3074 3084 Calippicis,
3093 3013 3197 3070 hoc
3235 3025 3321 3070 est
3341 3013 3446 3070 608
3465 3002 3647 3081 annis,

375 3103 572 3160 clesias
597 3104 983 3174 episcoporum
1043 3104 1215 3160 series
1269 3119 1335 3159 eo
1372 3105 1426 3158 in
1479 3104 1679 3160 szreulo
1713 3105 1964 3162 feratur:
2000 3143 2046 3206 α
2079 3101 2155 3155 ita
2186 3113 2244 3156 ιιι
2269 3103 2304 3156 4
2349 3102 2439 3156 die
2481 3103 2818 3174 Septembris
2851 3105 2973 3176 ejus
3018 3107 3148 3161 anni
3181 3122 3356 3164 novus
3385 3107 3525 3164 Tisri
3563 3109 3648 3164 ius

384 3195 717 3250 Anastasius
735 3193 826 3259 IV,
846 3194 1104 3260 Joannes,
1126 3193 1469 3259 Theodorus,
1488 3195 1776 3264 Eusebius,
1796 3197 1970 3267 Elias,

385 3281 736 3347 Theodorus,
771 3283 925 3341 Elias
955 3285 1181 3350 iterum,
1216 3283 1476 3342 Joannes.
1515 3285 1657 3353 Quid
1697 3287 1882 3357 igitur,
1924 3289 1973 3345 si

385 3389 504 3430 non
539 3377 763 3446 vulgare
793 3377 1121 3434 beneﬁcium
1153 3375 1382 3434 Leontio
1431 3387 1716 3448 acceptum
1773 3381 1974 3436 relera-

386 3478 539 3534 mus,
575 3475 830 3538 suggesta
859 3469 1019 3522 nobis
1064 3467 1327 3530 Macario.
1360 3483 1471 3535 quo
1528 3467 1777 3524 lacunam
1826 3470 1972 3524 illam

389 3557 580 3612 saeculi
607 3573 681 3612 vn
717 3573 784 3612 ex
821 3566 976 3626 parte
1009 3555 1386 3626 compleamus
1415 3557 1438 3610 ?
1465 3555 1604 3622 Quid
1653 3560 1701 3612 si
1761 3567 1816 3612 et
1864 3561 1974 3614 alio

389 3643 618 3698 nomine
645 3645 878 3711 devincti
903 3644 976 3698 illi
1007 3644 1201 3704 simus,
1227 3644 1651 3699 subministrata
1687 3647 1976 3700 Eustathio

393 3729 702 3785 Antiochiae
745 3731 1026 3800 episcopo,
1073 3731 1164 3799 qui
1208 3731 1490 3800 praecessit
1534 3731 1830 3787 Macarium
1879 3748 1973 3788 ra-

389 3819 589 3875 thedra
616 3820 848 3888 ejectum
879 3835 1027 3876 anno
1068 3821 1197 3888 68l,
1228 3838 1290 3877 cx
1351 3823 1542 3893 synodi
1598 3826 1971 3892 oeeumenica,

391 3927 520 3984 quae
553 3913 736 3968 habita
768 3913 1247 3986 Constantinopoli
1279 3915 1542 3970 adversus
1567 3916 1974 3983 Mouotheiitas,

391 4001 744 4070 auctoritate,
765 4001 1062 4074 subrogato
1079 4001 1410 4076 Theophane
1434 4003 1603 4062 δίαιιί
1627 4007 1973 4074 monasterii,

391 4094 542 4166 quod
573 4093 718 4166 Baiae
755 4095 990 4161 dictum,
1024 4095 1259 4153 abbate?
1289 4096 1415 4152 Post
1444 4097 1768 4168 Gregorium
1799 4099 1841 4154 11
1867 4099 1974 4156 Ec-

391 4188 577 4245 clcsiaa
601 4187 916 4256 pontiﬁcem
949 4188 1063 4244 l'ato
1103 4186 1349 4244 functum
1387 4203 1532 4245 anno
1565 4189 1693 4258 629,
1723 4191 1978 4248 ecclesia-

393 4277 536 4335 stica
566 4278 800 4334 historia
834 4277 938 4335 hos
969 4288 1192 4336 enarrat
1229 4295 1610 4348 successores,
1634 4279 1794 4355 305
1824 4283 1976 4338 Ana-

393 4369 625 4426 stasium
675 4366 770 4437 Ill,
827 4368 1230 4432 Macedoniam,
1279 4378 1335 4424 et
1367 4366 1686 4434 Macarium,
1739 4374 1806 4426 de
1865 4385 1976 4442 quo

2078 3195 2402 3264 grederetur
2428 3208 2552 3252 cum
2586 3209 2692 3250 non
2733 3196 3020 3253 sollicitata
3046 3199 3112 3254 de
3142 3201 3321 3268 prisca
3345 3202 3480 3258 sede
3512 3217 3649 3257 neo-

2079 3283 2259 3338 meuia
2281 3321 2299 3348 ,
2341 3283 2612 3340 ineundas
2637 3285 2730 3340 ille
2757 3283 2950 3342 fuisset
2971 3285 3004 3340 6
3034 3287 3292 3358 ejusdem.

2146 3371 2336 3430 XVlil.
2367 3373 2660 3432 Enimvero
2678 3377 2814 3432 vidit
2854 3378 3006 3433 Adda
3037 3380 3373 3449 comparatis
3415 3381 3555 3436 inter
3589 3396 3651 3438 se

2078 3461 2145 3519 16
2167 3466 2722 3522 enneadecaeteribus
2753 3467 3032 3526 lunaribus
3049 3468 3346 3541 Calippicis
3369 3505 3385 3538 ν
3419 3482 3478 3528 et
3513 3472 3650 3528 soli-

2077 3556 2296 3611 daribus
2315 3553 2563 3624 Julianis;
2589 3571 2914 3628 exsuperare
2937 3561 2987 3614 in
3015 3563 3171 3616 annis
3199 3563 3326 3630 504,
3359 3574 3491 3634 quot
3515 3581 3651 3620 cou-

2076 3653 2224 3698 stant
2247 3646 2318 3698 16
2350 3649 2892 3705 enneadecaeterides
2927 3651 3140 3706 lunares
3162 3692 3177 3716 ,
3211 3653 3390 3709 solare
3423 3657 3654 3712 ratioci.

2077 3733 2226 3786 nium
2255 3749 2417 3804 supra
2444 3737 2632 3792 lunare
2653 3739 2792 3793 diem
2831 3755 3026 3805 unum,
3051 3757 3226 3811 eoque
3255 3745 3308 3798 in
3345 3745 3415 3800 52
3450 3761 3652 3803 ennea-

2078 3825 2451 3879 decaeteribns
2474 3868 2490 3890 ,
2527 3828 2571 3881 si
2587 3842 2642 3881 re
2678 3829 2916 3898 periodis
2940 3830 2972 3884 8
3007 3831 3290 3890 lunaribus
3323 3850 3650 3908 supergres-

2077 3931 2201 3972 sum
2238 3918 2353 3972 ﬁeri
2383 3919 2615 3974 solarem
2641 3935 2804 3991 supra
2835 3922 3082 3978 lunarem
3119 3924 3330 3981 dierum
3355 3926 3441 3982 11.
3463 3926 3652 3998 itaque

2078 4010 2123 4065 si
2157 4025 2301 4065 antro
2336 4011 2358 4064 1
2405 4012 2610 4082 periodi
2654 4014 2677 4066 1
2717 4013 3008 4084 Calippicae
3039 4015 3246 4072 lunaris
3276 4017 3420 4073 Tisri
3467 4020 3650 4076 iniit.6

2079 4101 2434 4180 Septembris,
2469 4118 2610 4160 anno
2636 4105 2742 4162 505
2769 4107 3146 4174 conjiciendus
3183 4107 3280 4164 ille’
3307 4111 3360 4180 in
3399 4111 3434 4166 5
3465 4113 3609 4166 dicm
3631 4155 3647 4179 ,

2079 4206 2222 4247 anno
2247 4193 2424 4248 609m
2454 4194 2524 4263 4,
2554 4210 2696 4250 anno
2717 4193 2822 4250 615
2849 4197 2901 4250 in
2935 4194 2968 4252 5
2988 4237 3004 4264 ,
3035 4207 3090 4253 et
3119 4199 3199 4254 sic
3219 4199 3498 4271 deinceps.
3543 4203 3652 4258 Sed

2077 4286 2221 4338 enim
2255 4284 2422 4338 Adda:
2453 4301 2558 4340 non
2585 4289 2808 4342 omnino
2841 4289 3273 4358 obtemperatum
3307 4307 3336 4347 a
3378 4293 3655 4364 pupillari-

2078 4369 2180 4426 bus
2207 4373 2344 4428 suis.
2381 4374 2739 4430 Detraxerunt
2770 4377 2825 4432 hi
2853 4377 3070 4446 quidem
3101 4379 3322 4435 biduum
3368 4381 3500 4437 illud
3546 4385 3654 4438 rei~

394 4467 658 4524 diximus.
725 4467 796 4522 At
854 4479 1032 4536 neque
1089 4465 1400 4530 Anastasii,
1450 4474 1627 4535 neque
1673 4463 1976 4521 Macedonii
2009 4475 2054 4530 ι)
2083 4463 2262 4518 culum
2309 4480 2374 4520 ex
2418 4481 2564 4522 anno
2616 4484 2714 4523 suo
2745 4510 2758 4536 ,
2811 4470 2906 4526 sed
2957 4471 3012 4526 in
3057 4471 3361 4542 pOslet'iura
3407 4486 3653 4545 tempora

393 4555 718 4612 emortualis
783 4566 964 4610 annus
1020 4554 1372 4624 exploratus,
1427 4567 1607 4624 neque
1664 4553 1982 4612 Macedonio
2087 4554 2263 4611 nullus
2296 4556 2518 4626 insuper
2563 4559 2680 4614 dies
2713 4572 3040 4630 expunctus.
3083 4562 3297 4618 lllustre
3347 4563 3450 4619 hac
3485 4565 3553 4620 de
3595 4580 3656 4620 re

395 4646 698 4702 Macarium
726 4645 934 4702 scimus
961 4645 1149 4700 statim
1177 4644 1465 4700 suffectum
1497 4663 1512 4713 ;
1569 4655 1781 4702 tantum
1847 4647 1982 4702 illud
2087 4645 2450 4699 testimonium
2476 4646 2740 4702 habemus
2779 4664 2808 4704 a
2839 4649 3148 4722 Nicephoro
3177 4650 3412 4722 Gregora
3437 4692 3450 4717 ,
3475 4657 3566 4723 qui
3601 4657 3654 4710 in

398 4736 648 4793 novimus
703 4743 827 4791 ante
881 4734 1178 4790 Macarium
1251 4735 1530 4791 exstitisse
1595 4733 1976 4792 Macedoniam

395 4827 712 4899 quemdam,
745 4825 840 4896 qui
863 4825 1590 4884 AntiochenamEcelcsiam
1627 4823 2011 4882 administra-‘

397 4917 490 4970 rit.
549 4915 738 4984 igitur,
802 4913 1035 4970 Leontio
1093 4922 1339 4980 auctore,
1392 4924 1594 4985 praeest
1653 4914 1980 4973 Eustathius

399 5000 734 5072 Macarium,
787 5023 952 5080 quem
1024 5021 1396 5063 successorem
1463 5017 1659 5064 nactus
1709 5019 1833 5080 ροει
1880 5025 1980 5064 ιιι-

403 5115 530 5153 num
576 5099 756 5154 saltim
808 5097 933 5163 677,
989 5096 1210 5167 quando
1246 5099 1351 5152 hoc
1411 5113 1554 5153 anno
1597 5113 1714 5154 earn
1753 5099 1979 5155 curabat

405 5189 704 5251 Ecclesiae:
769 5187 1127 5254 Eustathius,
1171 5188 1378 5242 interea
1439 5187 1570 5242 dum
1625 5191 1861 5244 certiora
1909 5205 1976 5245 ex

406 5281 699 5336 reconditis
739 5279 918 5334 adhuc
965 5278 1333 5335 monumentis
1379 5288 1782 5351 exspectemus,
1816 5282 1979 5354 queis

403 5370 780 5436 conticiamus,
801 5385 870 5426 an
901 5379 1023 5440 post
1045 5369 1365 5440 Gregorium
1393 5369 1436 5424 ll
1485 5373 1578 5425 uni
1628 5373 1973 5440 Anastasius,

407 5458 774 5528 Hacedonius,
831 5472 886 5518 et
941 5463 1260 5520 Eustathius
1318 5463 1670 5519 Antiochense
1720 5463 1978 5520 Ecclesiae

407 5552 618 5606 clavum
649 5555 936 5620 moderati,
973 5571 1041 5608 an
1096 5555 1188 5608 alii
1239 5553 1463 5622 insuper
1509 5555 1973 5621 succcnturiandi,

407 5654 513 5710 quo
553 5644 761 5713 integra
790 5646 908 5714 ejus
943 5645 1124 5703 saeculi
1157 5645 1624 5701 Antiochcnorum
1653 5647 1974 5716 pontiﬁcum

408 5733 576 5788 series
607 5745 831 5804 prostet.

2083 4741 2337 4802 computo
2379 4749 2478 4790 suo
2511 4737 2669 4792 ιιοιιίε
2707 4739 2910 4803 tradit,
2959 4754 3104 4794 anno
3147 4739 3350 4796 Christi
3392 4743 3530 4800 1518
3559 4741 3654 4798 Ju-

2081 4824 2229 4880 daeos
2262 4823 2469 4881 Pascha
2506 4829 2816 4885 celebrasse
2851 4831 2921 4886 20
2964 4829 3053 4887 die
3084 4829 3300 4898 Martii,
3337 4849 3456 4894 cum
3494 4834 3654 4890 Chri-

2081 4914 2242 4969 stiani
2269 4915 2342 4970 24
2365 4919 2585 4986 Aprilis.
2619 4920 2749 4975 Erat
2779 4935 2954 4978 annus
2987 4921 3326 4979 Seleucidum
3361 4925 3517 4992 1628,
3549 4927 3655 4984 hoc
3721 4948 3726 4957 ε

2081 5017 2165 5060 est
2197 5007 2266 5062 55
2312 5009 2516 5077 periodi
2557 5010 2628 5066 2‘2
2670 5009 2994 5082 Calippicar;
3044 5011 3185 5070 Tisri
3229 5015 3299 5072 55
3336 5015 3654 5089 Calippicus

2079 5096 2287 5165 periodi
2317 5099 2340 5152 1
2385 5089 2584 5169 incepit
2607 5101 2673 5156 l2
2711 5101 3066 5174 Septembris,
3097 5105 3254 5176 cujus
3283 5107 3562 5164 character
3594 5111 3649 5174 ‘2,

2080 5183 2148 5246 9,
2201 5184 2372 5252 1066,
2421 5188 2524 5243 hoc
2563 5199 2648 5243 est
2693 5189 2826 5245 feria
2870 5195 2969 5255 11,
3009 5195 3142 5250 hora
3189 5196 3262 5262 9,
3302 5211 3653 5255 monumenta

2080 5274 2222 5330 1066
2244 5319 2260 5341 ,
2295 5291 2527 5346 quorum
2576 5281 2732 5350 1080,
2766 5283 2954 5340 horam
2984 5288 3338 5349 constituunt.
3370 5288 3512 5345 Tisri
3543 5289 3654 5343 Adr-

2079 5371 2227 5422 daeus
2265 5369 2368 5433 55,
2421 5371 2626 5439 periodi
2671 5372 2706 5428 9
2743 5415 2760 5440 ,
2809 5391 2840 5430 e
2881 5391 2988 5446 qua
3035 5379 3253 5434 biduum
3297 5391 3605 5449 exemptum
3634 5417 3648 5441 .

2079 5460 2146 5516 10
2182 5459 2558 5533 Septembris,
2591 5467 2821 5538 ejusque
2860 5471 3144 5526 character
3181 5472 3250 5536 Δ,
3279 5471 3335 5525 11
3365 5513 3382 5536 ,
3415 5471 3540 5527 666.
3579 5473 3654 5528 Ut

2079 5555 2242 5625 igitur
2288 5561 2570 5612 neomenia
2605 5559 2866 5632 Calippici
2912 5559 3053 5616 Tisri
3103 5563 3228 5615 anni
3277 5563 3346 5617 55
3390 5565 3593 5632 periodi
3631 5601 3646 5630 ,

2078 5656 2327 5703 manente
2369 5647 2424 5728 in
2470 5649 2536 5702 12
2571 5649 2921 5721 Septembris,
2951 5651 3117 5706 Nisan
3146 5653 3411 5709 inchoarit
3445 5655 3476 5711 8
3513 5655 3652 5710 hlar-

2079 5739 2134 5792 tii
2163 5778 2178 5806 ,
2215 5739 2288 5793 ita
2317 5739 2546 5798 addictis
2567 5754 2826 5814 perpetuo
2860 5745 3120 5802 auspiciis
3150 5746 3275 5800 anni
3303 5747 3370 5802 53
3403 5731 3606 5808 periodi
3629 5787 3641 5806 .
