4038 6274
313 260 320 266 ’
424 289 562 355 1203

1313 295 1413 355 DE
1449 292 1812 357 mares.
1858 279 2248 358 cnseonu
2273 295 2780 358 AGRIGENTINI
2885 283 2894 291 '

3523 285 3660 352 1204

417 405 627 476 periodi
668 404 758 472 55,
807 405 896 470 52,
933 404 1020 473 71,
1071 405 1164 476 qui
1204 407 1426 470 lunares
1464 424 1657 466 omnes
1701 409 1987 476 ordinarii,
2022 413 2061 468 A
2089 418 2144 464 et
2169 409 2302 462 mihi
2327 423 2436 462 non
2457 407 2688 469 dederit,
2719 405 2987 478 quidquid
3009 405 3228 466 tandem
3245 405 3314 460 de
3335 419 3396 458 re
3414 403 3662 473 paschali

419 513 529 552 non
581 511 724 552 anno
780 497 878 564 14,
908 498 1003 567 qui
1046 499 1420 571 ὑπερήμερος.
1479 499 1603 556 Haec
1645 515 1844 568 causa,
1889 515 1989 557 cur

417 603 526 643 non
576 587 744 643 semel
784 587 1002 643 termini
1052 590 1335 659 paschales
1381 591 1822 646 Christianorum
1877 606 1990 648 uno

418 679 507 733 die
556 679 638 732 vel
695 679 880 734 serius
930 679 1014 734 vel
1063 681 1226 736 citius
1272 677 1526 738 diﬂ‘erant
1568 683 1638 739 ab
1672 681 1986 739 Iudaeorum

415 767 613 824 Phasc.

490 857 632 915 XXI.
665 857 747 913 Ad
781 857 1058 928 paschalis
1089 859 1234 930 quod
1282 859 1476 915 attinet
1513 859 1922 915 translationem
1957 875 1988 914 a

413 948 582 1006 Nisan
609 951 674 1004 ad
697 947 834 1014 Jia-r,
866 951 1083 1020 quoties
1104 949 1280 1006 Phase
1303 951 1574 1020 prmcedat
1599 951 1986 1021 tequinoctium

415 1041 658 1108 vernale,
691 1055 799 1096 non
834 1041 939 1096 hoc
985 1035 1224 1112 primum
1269 1042 1600 1097 Christianis
1648 1042 1704 1096 in
1753 1050 2014 1098 mentem.

415 1133 581 1197 venit,
625 1133 718 1188 sed
745 1131 1058 1187 Judteorum
1111 1135 1359 1204 exemplo
1386 1133 1608 1189 factum.
1655 1133 1866 1188 Etenim
1909 1135 1986 1200 hi,

415 1239 540 1276 rum
575 1223 706 1277 illud
733 1224 1096 1296 contingeret,
1127 1227 1293 1280 veteri
1321 1226 1577 1296 religione
1605 1227 1854 1280 obstricti
1880 1240 1988 1280 non

413 1315 680 1386 putabant
726 1315 938 1371 Pascha
991 1318 1352 1374 omittendum
1389 1333 1577 1372 mense
1619 1315 1825 1384 Nisan;
1861 1319 1990 1388 quia

415 1423 543 1464 vero
573 1417 652 1464 tot
683 1421 809 1465 ante
839 1411 1056 1467 sarculis
1105 1426 1390 1480 nunquam
1436 1410 1630 1484 legalia
1669 1424 1858 1482 azyma
1895 1425 1988 1464 co-

416 1501 732 1566 medissent,
769 1501 872 1558 nisi
912 1512 1034 1572 post
1067 1503 1287 1556 vernale
1325 1502 1738 1572 aequinoctium,
1783 1501 1990 1558 idcirco

418 1590 745 1660 Azymorum
765 1591 1083 1645 mandatum
1108 1607 1302 1647 rursus
1316 1592 1751 1660 exsequebantur
1767 1590 1835 1644 15
1853 1588 1988 1656 Jiar,

417 1681 494 1735 ita
532 1689 592 1735 ut
628 1696 740 1736 uno
786 1695 936 1736 anno
973 1681 1168 1750 duplex
1219 1680 1426 1736 Pascha
1465 1689 1811 1748 occurreret;
1844 1680 1988 1750 quod

2091 515 2122 554 a
2171 499 2402 555 summis
2451 499 2888 554 Christianorum
2939 496 3198 552 Ecclesiis
3241 504 3544 562 statutum,
3593 510 3664 550 ex

2087 589 2371 644 Hebraicis
2401 588 2646 644 fontibus
2671 590 2954 662 erupisse?

2161 682 2326 738 XXII.
2365 683 2544 752 Atque
2589 683 2798 738 utinam
2847 696 2948 738 nec
2997 695 3123 736 sero
3173 678 3516 751 profectum,
3561 691 3668 733 nec

2090 775 2338 846 puditum
2383 775 2677 845 aliquando
2717 773 2882 830 fuerit
2935 774 3156 827 lunares
3195 763 3510 826 δυόωσι-πώ
3555 769 3670 838 epi-

2091 867 2354 936 logismos
2391 865 2444 920 in
2475 865 2738 920 auxilium
2777 877 3076 927 arcessere,
3107 863 3324 932 quoties
3354 861 3408 914 in
3433 860 3666 916 dubium

2090 964 2384 1010 vocaretur
2417 959 2716 1026 germanus
2745 953 3034 1009 Paschatis
3061 953 3209 1008 dies!
3245 953 3536 1008 Enimvero
3566 965 3667 1004 ne-

2090 1061 2199 1115 que
2230 1053 2338 1100 tam
2362 1045 2516 1100 multi
2540 1045 2712 1100 bonas
2738 1045 2903 1100 horas
2934 1045 3178 1114 improbe
3208 1044 3480 1098 locassent
3504 1042 3666 1096 novis

2089 1146 2256 1206 atque
2297 1136 2454 1191 novis
2482 1137 2782 1191 condendis
2810 1135 3141 1200 canonibus,
3173 1135 3374 1204 quibus
3418 1133 3494 1187 nil
3527 1147 3664 1202 prte-

2091 1237 2238 1283 terea
2267 1227 2636 1297 impetratum,
2668 1227 2775 1281 nisi
2814 1236 2875 1281 ut
2901 1228 3074 1282 tutius
3104 1233 3455 1297 peccaretur;
3487 1240 3664 1295 neque

2092 1327 2173 1374 tot
2234 1319 2409 1374 turbis
2473 1317 2732 1373 Ecclesiae
2793 1317 3229 1372 Christianorum
3296 1317 3660 1370 laborassent.

2092 1414 2250 1469 Anno
2279 1413 2404 1481 417,
2431 1429 2554 1484 quae
2585 1413 2883 1468 certamina
2932 1411 3289 1466 intercessere
3330 1411 3471 1466 inter
3501 1411 3662 1465 lnno-

2092 1503 2331 1560 centium
2364 1501 2692 1566 Romanum,
2718 1510 2771 1556 et
2795 1500 3058 1572 Cyrillum
3091 1500 3519 1555 Alexandrinum
3547 1499 3663 1568 epi-

2092 1607 2324 1662 scopos,
2377 1593 2528 1646 illum
2577 1593 2785 1647 Pascha
2827 1591 3280 1646 determinantem
3323 1589 3394 1644 22
3424 1589 3658 1659 Aprilis;

2093 1684 2241 1740 hunc
2285 1684 2356 1739 25
2388 1683 2611 1738 Martii?
2653 1684 2852 1738 Eadem
2895 1693 3082 1739 renata
3123 1698 3270 1737 anno
3301 1682 3440 1747 444,
3483 1681 3662 1738 Leone

417 1770 644 1842 sugillat
698 1786 930 1842 magnus
980 1770 1162 1827 Caesar
1209 1771 1601 1827 Constantinus
1650 1773 1704 1825 in
1759 1771 1987 1840 epistola
2023 1778 2065 1837 Β
2094 1769 3661 1840 RomanoPascbadecernentediemﬁBMartii,TheOphilo

416 1862 654 1929 quadam
714 1861 782 1917 ad
847 1861 1164 1927 Ecclesias,
1221 1878 1386 1933 quam
1437 1862 1658 1918 exhibet
1719 1861 1986 1918 Eusebius

421 1953 525 2007 lib.
549 1967 609 2006 ιιι
638 1951 758 2021 ejus
798 1951 935 2007 Vitae
964 1967 1086 2021 cap.
1128 1952 1216 2007 l7.
1249 1952 1520 2008 Caeterum
1551 1953 1596 2007 si
1628 1953 1686 2006 in
1717 1952 1987 2022 antiquis-

417 2041 560 2096 sima
615 2040 944 2097 Christiana:
999 2041 1256 2098 Ecclesia:
1313 2049 1558 2111 tempora
1605 2040 1988 2112 inquiramus,

416 2130 772 2188 manifestum
804 2132 964 2189 nobis
997 2133 1125 2200 erit,
1158 2131 1427 2189 terminos
1457 2133 1742 2204 paschales
1773 2132 1990 2188 habitos

419 2221 563 2278 adeo
597 2220 718 2277 dies
767 2222 1292 2292 antaequinoctiales,
1341 2223 1490 2292 quod
1532 2223 1884 2294 potissimum
1923 2223 1994 2278 li-

420 2323 557 2382 quet
613 2329 679 2369 ex
749 2313 1274 2371 heccaedecaeteride
1338 2311 1612 2386 Hippolyti
1673 2311 1991 2370 Portuensis

419 2405 662 2476 rpiscopi
709 2421 854 2461 anno
879 2405 1084 2463 Christi
1123 2405 1231 2465 222
1259 2406 1594 2478 conscripta,
1641 2405 1698 2460 in
1736 2420 1843 2477 qua
1884 2413 1991 2460 ter-

423 2497 644 2554 tuinalis
690 2497 962 2567 praebetur
1011 2498 1130 2554 dies
1180 2499 1245 2552 17
1284 2497 1468 2554 Martii
1513 2499 1674 2554 annis
1715 2499 1770 2565 6,
1814 2507 1866 2554 et
1904 2499 1990 2570 14,

423 2588 568 2644 unde
619 2589 673 2644 in
734 2589 996 2646 laterculo
1043 2576 1366 2645 Dominicali
1419 2599 1882 2660 reprasentatur,
1947 2589 1994 2644 si

424 2679 696 2734 terminus
751 2680 954 2735 incidat
999 2680 1052 2736 in
1104 2680 1187 2748 A,
1223 2680 1330 2734 hoc
1381 2686 1466 2736 est
1505 2679 1696 2734 feriam
1730 2696 1746 2733 ι
1784 2676 1993 2736 Pascha

425 2769 812 2825 celebrandum
843 2770 914 2824 25
943 2769 1154 2836 Martii;
1189 2770 1234 2826 si
1259 2771 1312 2826 in
1348 2769 1410 2836 Ζ,
1437 2769 1540 2825 hoc
1565 2779 1648 2845 est
1677 2767 1872 2826 feriam
1893 2785 1992 2836 vu,

422 2859 493 2913 26
518 2857 735 2926 Martii;
766 2859 811 2915 si
837 2861 894 2915 in
929 2860 988 2924 S,
1025 2861 1130 2916 hoc
1160 2869 1244 2916 est
1279 2859 1466 2916 feriam
1497 2876 1574 2925 vr,
1607 2859 1678 2914 20
1703 2859 1913 2925 Martii;
1949 2860 1995 2917 si

424 2950 478 3004 in
511 2949 571 3015 E,
607 2953 708 3005 hoc
747 2961 830 3006 est
860 2951 1050 3006 feriam
1085 2969 1137 3018 v,
1179 2953 1244 3006 21
1279 2951 1488 3025 Martii;
1515 2951 1560 3007 si
1595 2953 1648 3004 in
1679 2954 1739 3016 Δ,
1773 2951 1878 3006 hoc
1912 2961 1998 3008 est

423 3041 617 3096 feriam
651 3058 725 3106 iv,
769 3043 838 3098 22
884 3043 1091 3110 Martii;
1141 3044 1187 3098 si
1228 3045 1289 3102 in
1322 3044 1382 3110 Γ,
1419 3044 1524 3099 hoc
1563 3052 1648 3098 est
1681 3042 1877 3097 feriam
1902 3055 1989 3106 ut,

2087 1865 2460 1920 Alexandrino
2477 1865 2550 1919 25
2573 1865 2772 1934 Aprilis
2795 1881 2812 1930 ;
2843 1878 3021 1932 neque
3041 1877 3200 1918 secus
3221 1875 3366 1916 anno
3389 1859 3514 1926 455,
3537 1876 3660 1918 cum

2091 1955 2232 2011 idem
2277 1955 2629 2025 Theophilus
2655 1953 2867 2010 Pascha
2910 1953 3210 2024 conjecerit
3237 1953 3294 2008 in
3332 1953 3405 2006 24
3438 1953 3658 2022 Aprilis,

2090 2047 2182 2102 sed
2228 2043 2339 2101 Leo
2379 2045 2434 2101 in
2481 2044 2548 2100 17
2590 2045 2858 2115 ejusdem.
2906 2045 3066 2098 Anno
3110 2044 3212 2098 577
3243 2058 3343 2114 par
3379 2043 3662 2114 dissensus

2089 2137 2294 2200 Gallos,
2322 2135 2684 2208 etﬂispanos
2722 2136 2964 2190 amicitia
3004 2135 3292 2205 disjunxit,
3337 2135 3422 2189 his
3452 2133 3666 2190 Pascha

2089 2228 2498 2284 conferentibus
2541 2229 2597 2283 in
2625 2227 2696 2284 25
2739 2227 2962 2298 Aprilis,
3001 2227 3166 2298 308
3197 2226 3303 2284 illis
3341 2227 3394 2281 in
3428 2226 3494 2280 l8
3523 2227 3665 2296 ejus.

2092 2317 2238 2383 dem,
2265 2317 2494 2373 Victorii
2513 2318 2733 2388 gentilis
2755 2317 2842 2374 sui
2867 2317 3038 2388 cyclis
3059 2318 3359 2374 obsecutis.
3381 2316 3541 2371 Anno
3561 2315 3668 2374 760

2091 2420 2374 2480 peccatum
2407 2410 2462 2466 in
2492 2408 2711 2464 Oriente
2727 2409 2974 2478 paschali
3001 2409 3090 2467 die
3120 2407 3460 2464 conﬁciendo
3489 2427 3504 2463 :
3538 2421 3662 2465 nam

2092 2501 2182 2554 alii
2211 2499 2342 2554 illud
2383 2501 2669 2555 coluerunt
2693 2496 2747 2562 6,
2791 2497 2881 2551 alii
2912 2498 2978 2552 15
3007 2498 3226 2567 Aprilis.
3262 2497 3339 2552 Ex
3377 2497 3660 2560 laterculo,

2092 2605 2254 2662 quem
2297 2589 2738 2652 construximus,
2775 2601 2890 2644 tute
2934 2590 3053 2660 ipse
3099 2589 3524 2658 diju-licaveris,
3575 2587 3662 2643 cui

2093 2697 2260 2737 causa
2293 2681 2362 2736 iis
2391 2680 2445 2734 in
2477 2680 2670 2752 litigiis
2693 2680 2924 2740 steterit.
2964 2679 3128 2734 m'odo
3151 2679 3376 2742 Christi,
3399 2695 3541 2748 quos
3568 2677 3661 2734 tibi

2093 2770 2468 2842 praposueris,
2505 2771 2664 2826 annis
2704 2785 2934 2840 aggeras
2959 2770 3084 2836 511,
3112 2784 3251 2840 quos
3275 2768 3662 2840 Dionysianam

2093 2863 2300 2918 Christi
2355 2862 2616 2932 epocham
2657 2859 2952 2916 antecessit
3001 2859 3661 2930 Calippico-Seleuciana,

2097 2963 2263 3024 atque
2297 2953 2424 3008 inde
2453 2951 2544 3016 76,
2573 2953 2756 3022 quoad
2786 2951 3024 3014 licuerit,
3071 2951 3314 3017 exiutas;
3346 2951 3490 3018 quod
3519 2951 3662 3004 enim

2097 3045 2390 3112 reliquum,
2434 3057 2635 3096 annum
2677 3041 2888 3112 periodi
2918 3041 3280 3102 demonstrat,
3323 3039 3418 3108 qui
3446 3049 3503 3094 et
3523 3037 3662 3093 Tisri

423 3133 496 3186 95
527 3131 739 3198 Μετιίίὶ
789 3132 836 3188 Si
886 3132 941 3187 ἱιι
977 3131 1048 3196 Β.
1089 3132 1192 3187 hoc
1235 3141 1322 3188 est
1357 3131 1548 3186 feriam
1587 3147 1643 3193 Il.
1685 3130 1758 3186 24
1794 3129 1990 3185 Martii.
2025 3120 2067 3174 θ
2105 3135 2408 3204 superioris
2461 3135 2587 3189 anni
2647 3133 2973 3202 Septembri,
3043 3131 3127 3186 vel
3157 3133 3404 3202 Augusto
3436 3130 3578 3194 initi,
3612 3138 3667 3184 et

423 3223 589 3292 Quid,
620 3223 766 3294 quod
806 3223 890 3278 vel
919 3237 1063 3280 anno
1090 3223 1196 3278 405
1229 3221 1468 3279 Ecclesia
1509 3221 1753 3278 Romana
1784 3223 1994 3292 piaculo

427 3315 573 3370 haud
599 3315 758 3370 duxit
783 3315 852 3370 ad
891 3313 1421 3383 antazquinoctialem
1466 3313 1757 3370 terminum
1787 3313 1996 3368 Pascha

425 3424 588 3463 sutum
617 3405 984 3478 componere?
1014 3405 1151 3461 Tum
1193 3416 1413 3462 strenue
1447 3406 1709 3476 pugnavit
1732 3405 1997 3463 Innocen-

348 3512 356 3518 ν
427 3499 536 3552 tius
566 3498 624 3550 P.
664 3495 734 3550 M.
779 3510 878 3564 pro
907 3495 1198 3550 indicendo
1225 3493 1495 3572 Pascbate
1515 3493 1586 3548 22
1620 3494 1824 3558 Martii,
1851 3493 1996 3563 Quod

430 3588 608 3642 modis
641 3586 906 3642 omnibus
928 3586 1280 3658 oppugnabat
1307 3584 1644 3654 Theophilus
1678 3583 1998 3638 Alexandri-

430 3696 536 3736 nus
570 3679 882 3750 episcopus,
913 3693 1089 3748 neque
1111 3693 1328 3748 passus,
1369 3687 1430 3732 ut
1456 3676 1507 3732 id
1539 3692 1636 3731 sua
1670 3676 1724 3730 in
1755 3675 2001 3730 Ecclesia.

428 3773 862 3828 committeretur
886 3789 901 3838 ;
928 3785 1053 3826 eum
1084 3784 1248 3825 verus
1269 3767 1552 3826 Paschalis
1570 3769 1686 3824 dies
1719 3768 1824 3823 sibi
1847 3769 2000 3822 visus

427 3865 500 3920 29
527 3861 828 3919 Martii._Ut
853 3863 1132 3934 paschalia
1155 3871 1538 3932 peragerentur
1566 3860 1636 3916 22
1661 3860 1860 3928 Martii,
1890 3875 1999 3914 non

431 3955 608 4027 potuit
663 3955 932 4009 terminus
971 3953 1044 4008 20
1070 3953 1246 4008 Martii
1301 3942 1479 4008 serior
1521 3951 1742 4018 haberi;
1790 3966 1914 4006 nam
1953 3949 2000 4005 si

315 4051 320 4054 '
435 4049 486 4098 in
521 4047 584 4100 21
621 4046 1012 4110 concurrisset,
1068 4045 1230 4100 nullae
1269 4043 1504 4100 fuissent.
1531 4043 1741 4098 dissidii
1777 4056 1998 4098 causae:

433 4157 556 4194 cum
597 4139 742 4194 enim
788 4139 850 4192 21
889 4137 1066 4193 Martii
1103 4137 1391 4192 character
1429 4135 1594 4190 fuerit
1633 4134 1764 4190 feria
1795 4150 1866 4188 vu
1906 4148 2002 4202 pro

433 4229 816 4298 aluiquissimo
855 4228 1114 4282 Romana;
1149 4225 1403 4282 Ecclesia:
1437 4241 1608 4291 more,
1637 4227 1728 4296 qui
1768 4225 1850 4281 vel
1874 4224 2004 4296 Ilip-

433 4319 602 4390 polyti
645 4319 960 4374 Portuensis
1009 4333 1133 4373 aevo.
1177 4318 1429 4388 vigebat,
1461 4326 1543 4390 _ut
1585 4326 1731 4387 patet
1771 4331 1838 4370 ex
1883 4316 2004 4384 ejus

433 4386 664 4476 can-one,
695 4410 1100 4482 prorogandum
1141 4386 1354 4464 Pascha
1401 4386 1469 4462 ad
1500 4386 1836 4465 Dominicam
1873 4407 2006 4461 alte-

434 4520 574 4564 ram,
607 4517 781 4572 eoque
812 4509 968 4572 pacto
999 4499 1248 4573 Romana
1269 4515 1392 4555 cum
1423 4499 1786 4554 Alexandrina
1809 4512 2004 4558 conre-

438 4597 607 4650 nisset
645 4593 906 4668 Ecclesia.
945 4591 1225 4646 Paschalis
1264 4591 1426 4661 igitur
1455 4589 1741 4654 terminus,
1785 4589 1872 4642 cui
1917 4604 2006 4644 reo

437 4687 615 4758 spexit
639 4685 1012 4746 innocentius,
1047 4683 1432 4754 aequinoctium
1469 4681 1780 4751 praecessit;
1827 4681 2005 4751 siqni-

436 4779 558 4834 dem
592 4777 811 4836 Pascha
825 4775 1167 4847 consignavit
1193 4774 1260 4829 ad
1286 4773 1356 4829 22
1385 4773 1584 4832 Martii.
1625 4771 1757 4840 Qua:
1781 4787 1904 4828 cum
1935 4773 2006 4826 ita

439 4868 568 4930 sint,
615 4867 738 4936 quis
782 4865 996 4922 inﬁcias
1051 4865 1230 4932 iverit,
1259 4865 1567 4935 paschalem
1609 4864 1760 4920 illum
1809 4865 2008 4919 saltum

437 4957 727 5016 Judnicum
745 4957 914 5012 fuisse
937 4957 1214 5013 inventum
1239 4965 1363 5014 ante
1384 4955 1662 5013 Nicaeuum
1692 4955 2006 5024 concilium,

439 5067 564 5106 cum
605 5049 804 5104 multos
835 5056 959 5119 post
991 5061 1167 5103 annos
1225 5048 1461 5102 nondum
1502 5061 1622 5101 mos
1659 5046 1750 5100 ille
1783 5061 1814 5101 a
1853 5045 2011 5102 Chri-

442 5139 638 5194 stianis
683 5137 928 5192 ascitus?
972 5150 1100 5190 nam
1147 5135 1294 5204 quod
1345 5151 1491 5191 anno
1533 5134 1640 5198 405
1681 5133 2012 5206 Theophilus

441 5229 721 5298 paschalia
755 5227 1027 5284 solemnia
1041 5225 1334 5282 contulerit
1363 5227 1418 5282 in
1438 5226 1510 5282 29
1535 5226 1741 5292 Martii,
1765 5227 1820 5286 in
1845 5233 2014 5284 causa

442 5321 566 5388 fuit,
603 5320 748 5392 quod
791 5318 1094 5392 legitimum
1147 5319 1430 5379 Paschatis
1472 5320 1766 5376 terminum
1795 5319 2014 5376 duxerit

441 5412 514 5468 22
543 5411 746 5479 Martii,
797 5411 960 5482 idque
1007 5425 1079 5466 ex
1120 5411 1243 5481 ejus
1291 5411 1444 5482 cyclo
1489 5419 1830 5482 patetzcum
1867 5412 2021 5466 enim.

437 5518 624 5592 annus
665 5505 700 5558 4
745 5503 908 5560 fuerit
947 5503 1086 5576 cycli
1137 5503 1350 5560 lunaris
1393 5503 1768 5574 Alexandrini,
1802 5505 2016 5560 novilu-

443 5597 600 5688 nium
639 5597 897 5669 paschale
937 5597 1239 5668 ascriptum.
1265 5596 1334 5657 15
1355 5597 1721 5665 Phamenoth,
1749 5598 1782 5654 9
1812 5597 2012 5662 Martii,

452 5688 684 5764 indeque
731 5690 1001 5750 terminus
1042 5689 1112 5748 26
1141 5688 1502 5759 Phamenoth,
1557 5689 1734 5749 Martii
1759 5691 1850 5747 22.
1882 5689 2018 5764 Quis

2093 3226 2260 3280 Nisau
2291 3227 2630 3280 neomcniam
2669 3223 2887 3288 Martio,
2923 3223 3006 3278 vel
3029 3223 3202 3293 Aprili
3232 3223 3282 3276 in
3315 3236 3525 3284 mense,
3551 3228 3664 3274 tum

2095 3319 2270 3375 Phase
2315 3318 2452 3372 diem
2503 3317 2770 3379 docuerit,
2821 3316 2964 3370 unde
3015 3315 3245 3385 adeptus
3294 3314 3664 3368 characterem

2097 3409 2246 3465 feria:
2268 3410 2387 3478 ejus
2411 3409 2512 3464 diei
2547 3425 2610 3464 es
2637 3409 2770 3480 cycli
2801 3407 3008 3462 Solaris
3027 3420 3194 3472 anno,
3225 3407 3316 3476 qui
3340 3414 3456 3460 tum
3481 3411 3661 3470 actus,

2096 3519 2284 3558 verum
2321 3501 2602 3558 Paschatis
2623 3502 2764 3556 diem
2795 3515 3113 3568 cognosces.
3485 3549 3490 3552 .

2171 3594 2354 3648 XXIII.
2393 3593 2513 3648 Jam
2541 3595 2710 3664 igitur
2735 3593 2896 3662 (utin
2918 3591 3063 3646 viam
3095 3587 3332 3658 redeam)
3359 3587 3407 3641 si
3437 3587 3666 3655 pascha-

2101 3688 2179 3744 les
2206 3668 2644 3742 Christianorum
2698 3683 2939 3750 termini,
2975 3682 3124 3752 iique
3167 3679 3460 3744 emendati,
3503 3679 3667 3748 ipsis-

2101 3779 2238 3834 sima
2262 3788 2386 3833 sunt
2409 3775 2719 3832 Judzeorum
2750 3773 2948 3836 Phase,
2977 3789 3009 3828 a
3037 3772 3238 3842 quibus
3258 3778 3467 3826 tantum
3491 3784 3668 3838 quan-

2099 3869 2278 3940 doque
2307 3869 2596 3924 discedunt
2621 3867 2706 3921 vel
2735 3865 2806 3920 ob
2841 3864 3071 3921 bissexti
3100 3855 3464 3917 interventum
3502 3857 3667 3916 solari

2101 3961 2157 4014 in
2186 3975 2331 4014 anno
2353 3958 2594 4022 Juliano,
2632 3958 2714 4011 vel
2744 3956 2813 4012 ob
2841 3955 3106 4011 omissum
3145 3953 3286 4008 diem
3314 3950 3664 4006 embolimum

2103 4051 2282 4106 lunari
2332 4051 2384 4104 in
2419 4064 2583 4112 anno,
2615 4062 2786 4102 causa
2830 4053 3077 4115 superest
3113 4043 3282 4108 nulla,
3315 4041 3456 4097 unde
3488 4041 3667 4110 suspi-

2103 4157 2312 4208 cemur,
2334 4156 2479 4196 anno
2498 4139 2593 4196 (i7t
2624 4153 2731 4192 non
2755 4137 3009 4192 eumdem
3037 4135 3322 4190 Palmstina
3351 4134 3404 4190 in
3428 4132 3664 4188 Ecclesia

2103 4227 2386 4290 Paschatis
2425 4231 2568 4288 diem
2596 4227 2799 4292 luisse,
2831 4237 2994 4296 atque
3043 4226 3100 4280 in
3149 4225 3374 4294 reliquis
3403 4223 3667 4278 Christia-

2105 4341 2320 4382 norum.
2375 4323 2440 4378 Et
2469 4322 2630 4394 plane
2673 4321 2722 4376 si
2773 4318 3089 4374 latereulum
3137 4316 3510 4380 consulamus,
3557 4329 3666 4368 rem

2035 4447 2081 4506 ο
2109 4417 2281 4490 ipsam
2303 4419 2608 4506 loquentem
2625 4407 3670 4506 ἀεριδεΙι-θιιξιθιιιιιῖκιίνειιειιιιιιιὲ1115928

2109 4507 2440 4564 Seleucianae
2459 4503 2698 4575 epoehaa,
2721 4501 3053 4572 proindeque
3073 4501 3144 4555 70
3167 4499 3372 4568 periodi
3394 4498 3480 4554 15.
3501 4497 3672 4553 Phase

2107 4597 2272 4668 igitur
2322 4595 2607 4651 Judaicum
2649 4609 2774 4650 cum
2821 4591 3114 4656 incurrerit
3157 4589 3212 4642 in
3260 4589 3330 4644 50
3381 4586 3580 4650 Martii,
3622 4596 3675 4641 et

2106 4686 2324 4754 quidem
2372 4684 2561 4738 feriam
2593 4699 2648 4744 ι,
2701 4681 3010 4737 necessario
3057 4679 3306 4748 sequitur
3345 4676 3672 4731 celebratum

2111 4777 2496 4848 Hierosolymis
2523 4775 2730 4831 Pascha
2770 4773 2804 4828 6
2850 4772 3048 4842 Aprilis
3069 4811 3085 4836 ,
3113 4767 3258 4850 quod
3287 4767 3550 4823 Leontius
3589 4765 3676 4821 di—

2111 4879 2256 4926 serte
2301 4879 2548 4924 testatus.
2583 4866 2944 4933 Quamobrem
2986 4863 3088 4918 etsi
3129 4861 3325 4930 quovis
3375 4860 3484 4914 alio
3512 4857 3680 4914 desti-

2113 4973 2328 5018 tuamur
2382 4961 2604 5023 auxilio,
2661 4959 2803 5015 unde
2841 4955 3192 5012 ostendamus
3240 4951 3562 5023 Gregorium
3610 4951 3678 5005 ab

2112 5053 2408 5110 Justiniani
2441 5051 2458 5105 l
2488 5062 2644 5108 aetate
2667 5050 3078 5113 semovendum,
3107 5047 3211 5103 hoc
3234 5061 3344 5100 uno
3370 5043 3678 5100 testimonio

2115 5144 2274 5216 plane
2307 5157 2530 5200 causam
2563 5143 2814 5198 vicimus.
2844 5137 3064 5195 Nullum
3102 5139 3248 5193 enim
3278 5137 3331 5192 in
3361 5137 3488 5192 totis
3523 5136 3678 5191 annis

2113 5234 2406 5292 Justiniani
2430 5233 2451 5288 Ι
2476 5231 2686 5300 imperii
2711 5231 2953 5289 occurrit
2975 5228 3205 5292 Pascha,
3231 5229 3377 5298 quod
3399 5235 3680 5296 peractum

2116 5337 2147 5379 a
2174 5321 2502 5397 Christianis
2527 5323 2568 5378 6,
2601 5319 2822 5392 Aprilis.
2855 5319 3144 5378 Enimvero
3169 5333 3276 5372 non
3309 5325 3490 5386 potest
3521 5313 3680 5370 Chri-

2117 5425 2236 5472 stus
2275 5413 2344 5470 de
2395 5422 2571 5468 morte
2618 5411 2962 5482 triumphans
3012 5409 3116 5467 coli
3149 5407 3184 5464 6
3210 5407 3434 5478 Aprilis,
3477 5405 3582 5464 nisi
3628 5405 3678 5458 in

2118 5505 2277 5563 annis
2308 5505 2442 5578 cyeli
2496 5489 2993 5562 ennea’decaeterici
3025 5504 3076 5567 7,
3118 5500 3172 5566 8,
3205 5499 3294 5566 15,
3329 5492 3384 5565 4,
3419 5499 3508 5565 12,
3555 5511 3678 5552 cum

2120 5598 2340 5655 termini
2385 5597 2668 5668 paschales
2719 5594 2788 5649 26
2841 5603 2900 5651 et
2945 5593 3015 5650 50
3065 5589 3245 5648 Martii
3317 5590 3469 5650 (imo
3515 5597 3571 5644 et
3609 5585 3672 5640 51

2121 5707 2264 5750 anno
2293 5689 2364 5747 59
2393 5687 2622 5764 periodi,
2663 5686 2754 5766 qui
2793 5685 2858 5746 l5
2889 5682 3068 5758 cycli)
3100 5684 3150 5754 1,
3178 5683 3234 5755 2,
3267 5679 3300 5742 4
3330 5672 3572 5753 Aprilis;
3600 5675 3678 5734 rei
