4038 6274
366 266 514 332 1205

1737 270 2260 335 DISSERTATIO.

3467 260 3601 326 1206

361 383 528 438 etiam
557 395 704 438 anno
737 379 1076 456 l'cycli,qul
1105 386 1398 442 terminum
1434 387 1626 444 statuit
1653 389 1931 459 5Aprilis,
1959 391 2006 449 Α
2033 387 2232 452 bravit,
2281 383 2676 442 testimoniunr
2711 379 2857 438 dicat
2908 379 3156 436 omnium
3205 375 3600 443 certissimum,
3670 436 3676 442 _

365 472 528 527 modo
550 473 690 544 apud
709 471 1012 532 Orientales
1055 474 1328 534 Ecclesias
1349 492 1468 535 mos
1489 479 1578 533 ille
1601 478 1746 535 haud
1769 479 1934 535 unde-

365 577 582 635 qua‘que
612 565 901 621 invaluerit
930 567 1238 636 prolatandi
1261 567 1479 624 Pascha
1525 570 1591 624 ad
1635 569 1931 625 secundam

369 652 728 722 ﬂaminicam,
747 656 962 727 quoties
985 660 1251 714 terminus
1265 659 1530 714 incideret
1547 659 1600 714 in
1619 658 1811 736 feriam
1835 676 1930 724 vtt,

2033 492 2146 548 quo
2170 477 2240 532 ab
2263 491 2328 532 ea
2370 485 2530 532 atate
2554 483 2846 531 serocetur
2860 469 3048 527 ?'Tam
3087 469 3272 524 nobile
3312 483 3604 539 argumen-

2037 578 2151 624 tum
2197 568 2480 640 copiosam
2513 567 2678 622 nobis
2721 565 2956 636 praebuit
2982 561 3300 633 disputandi
3341 567 3603 630 segetem.

2037 670 2098 714 ut
2147 661 2298 714 nullo
2347 659 2520 714 lector
2561 658 2860 728 impeditus
2901 653 3240 726 praeiudicio.
3277 666 3460 708 causa
3502 664 3614 717 no,-

365 757 475 816 qna
507 746 576 802 de
609 761 668 818 re
704 747 888 804 nobile
936 751 1244 820 exemplum
1275 749 1544 806 habemus
1588 749 1642 803 in
1669 750 1947 806 Paschate
2036 761 2166 807 strae
2196 751 2326 820 jura
2361 759 2601 805 tueatur.
2632 746 2790 802 Nunc
2821 746 3032 814 reliqua
3060 757 3383 815 prosequar.

367 834 497 890 anni
527 833 629 892 760
655 837 791 910 cycli
817 839 1028 896 lunaris
1057 841 1081 894 1
1113 856 1127 906 ;
1162 848 1295 895 tunc
1321 841 1468 894 enim
1506 841 1794 896 orthodoxi
1833 857 1934 896 au-

368 925 522 982 diere
561 929 655 998 qui
687 929 964 1000 paschalia
992 938 1287 1000 exegerunt
1338 930 1371 984 6
1408 929 1632 1000 Aprilis,
1663 941 1852 986 contra
1882 932 1936 986 in

369 1013 758 1074 Haereticorum
813 1035 1034 1076 censum
1082 1021 1304 1093 repositi
1351 1022 1446 1092 qui
1494 1023 1561 1076 15
1603 1023 1802 1094 Aprilis
1845 1022 1934 1096 (γ.

369 1103 616 1174 Theopb.
677 1107 973 1180 Chronogr.
1021 1119 1182 1179 atque
1231 1111 1396 1166 Pauli.
1433 1108 1648 1168 diaconi
1705 1114 1936 1168 miscell.

369 1195 466 1252 lib.
497 1201 638 1268 ml)
683 1215 794 1254 non
827 1215 938 1271 quo
985 1203 1524 1272 comperendinatum
1563 1202 1774 1259 Pascha
1815 1219 1940 1275 pro-

372 1295 492 1356 pter
519 1289 813 1344 terminum
841 1291 896 1344 in
922 1291 1056 1346 feria
1082 1309 1180 1358 vn,
1213 1294 1304 1348 sed
1333 1295 1461 1364 quia
1483 1296 1576 1368 qui
1599 1297 1679 1358 ad.
1697 1297 1765 1351 15
1785 1297 1943 1367 Apri-

371 1377 440 1434 lis
463 1380 746 1450 distulere,
774 1381 1068 1438 terminum
1095 1385 1410 1455 pascbalem
1433 1385 1699 1442 habebant
1730 1387 1763 1442 6
1785 1387 1942 1458 Apri-

372 1471 462 1539 lis,
493 1481 553 1526 ut
582 1474 636 1527 in
665 1488 828 1530 omne
853 1465 1073 1550 tempus
1101 1478 1292 1533 statuit
1321 1479 1664 1535 Antio‘chena
1700 1479 1948 1536 Ecclesia

371 1561 428 1618 in
483 1563 714 1619 Canone'
769 1581 925 1620 suo:
971 1583 1160 1638 reapse
1213 1579 1392 1626 tamen
1440 1585 1618 1642 neque
1681 1580 1942 1640 perpetuo

370 1669 558 1709 verum
589 1671 734 1711 anno
767 1657 791 1711 1
829 1659 964 1728 cycli
999 1659 1207 1716 lunaris
1246 1661 1586 1716 terminalem
1617 1662 1758 1718 diem
1784 1678 1943 1719 assu-

2107 840 2300 896 XXIV.
2342 841 2638 912 Cajetanus
2682 839 2865 894 nervis
2894 837 3152 893 omnibus
3179 835 3411 890 certauit
3439 834 3606 888 intcr-
3685 855 3694 900 ε

2041 931 2212 987 fuisse
2255 929 2580 999 Gregorium
2633 925 2905 998 synodov
2961 924 3414 988 oecumenicae,tt
3467 921 3612 976 Cou-

2040 1021 2560 1092 stantinopolitamc,
2587 1032 2760 1095 eaque
2805 1026 3024 1086 propter
3069 1023 3329 1086 suspecta
3359 1011 3612 1068 vendita-

2041 1113 2156 1179 vit,
2211 1127 2336 1184 quae
2389 1113 2446 1166 in
2506 1109 2723 1166 Leontii
2776 1107 3186 1164 Commentario
3243 1105 3496 1176 leguntur
3543 1105 3612 1160 de

2045 1205 2261 1277 Sergio,
2293 1203 2459 1276 Cyro,
2485 1215 2538 1260 et
2566 1202 2735 1258 Paulo
2768 1199 3248 1258 hlonothelitarum
3274 1195 3438 1272 309
3461 1203 3613 1252 ante-

2043 1295 2310 1368 signanis,
2341 1302 2396 1350 et
2425 1295 2477 1348 in
2509 1293 2745 1349 concilio
2787 1291 3250 1348 anathematismo
3291 1287 3616 1348 confodien-

2043 1389 2151 1454 dis,
2185 1387 2330 1458 quod
2371 1373 2542 1458 plane.
2585 1383 2898 1440 conlectum
2931 1383 2986 1436 in
3023 1397 3073 1437 vt
3121 1381 3330 1454 synodo
3371 1396 3614 1442 meume-
3718 1443 3725 1450 _

2045 1477 2190 1534 nica.
2223 1474 2356 1540 Nos,
2391 1490 2516 1545 quae
2557 1474 2610 1528 in
2643 1472 2891 1530 Caietani
2931 1471 3255 1553 sententiam
3288 1476 3612 1542 pugnarent,

2047 1567 2353 1633 attulimus,
2391 1575 2453 1620 ut
2491 1574 2644 1620 certe
2691 1581 2798 1620 non
2835 1563 3174 1630 dubitemus,
3215 1562 3372 1634 quin,
3417 1561 3464 1618 si
3499 1562 3615 1616 ela-

2049 1661 2302 1716 rissimus
2329 1657 2414 1712 vir
2443 1657 2618 1711 lucem
2675 1655 2838 1710 hodie
2883 1655 3210 1720 intueretur,
3256 1665 3323 1707 ex
3357 1651 3616 1722 opinione
3641 1662 3658 1678 '

371 1747 914 1820 mendumSAprilis,
941 1762 997 1806 ut
1023 1753 1284 1818 Romana,
1309 1737 2016 1824 Constan’tinopolitana,.B
2043 1749 2371 1806 discederet.
2415 1744 2572 1800 Nunc
2617 1759 2746 1800 vero
2788 1759 2888 1814 par
2927 1752 3013 1799 est
3039 1744 3502 1804 demonstremus,
3544 1755 3616 1795 ne

371 1838 734 1895 Alexandrina
776 1839 1044 1908 Ecclesia,
1081 1845 1161 1898 vel
1197 1843 1230 1898 6
1257 1843 1480 1914 Aprilis,
1513 1854 1570 1901 ιιι
1601 1846 1942 1902 Antiochena
2040 1838 2128 1894 vel
2169 1837 2342 1892 hilum
2373 1835 2592 1906 quidem
2625 1834 2788 1889 nobis
2817 1831 3021 1904 opponi
3046 1832 3404 1888 Leontianam
3438 1831 3615 1886 bisto~

371 1932 552 1986 sanxit
597 1931 862 1996 Ecclesia,
907 1935 1000 1992 sed
1055 1935 1250 2004 partim
1300 1935 1352 2000 5,
1399 1937 1596 2007 partim
1638 1937 1940 2012 6Aprilis.

369 2022 528 2077 Anno
553 2023 774 2093 quidem
801 2025 1010 2096 periodi
1035 2027 1066 2080 7
1091 2035 1145 2081 et
1169 2025 1260 2093 64,
1282 2042 1446 2084 verus
1468 2029 1732 2086 terminus
1747 2029 1863 2086 dies
1885 2031 1940 2096 5,

369 2127 515 2167 anno
545 2111 614 2168 26
638 2124 693 2170 et
724 2115 963 2180 45,'dies
997 2117 1030 2172 6
1053 2117 1278 2188 Aprilis.
1307 2120 1411 2175 Sed
1438 2121 1582 2175 enim
1615 2135 1759 2176 anno
1781 2119 1944 2178 Chri-

369 2209 442 2256 stt
479 2202 582 2258 760
623 2204 932 2275 agitabatur
975 2205 1316 2264 Seleucidum
1359 2209 1518 2278 1071,
1559 2211 1650 2281 qui
1680 2211 1711 2264 7
1737 2211 1944 2282 periodi

377 2290 441 2346 15
465 2291 773 2364 Calippicar,
801 2297 1136 2370 proindeque
1163 2297 1434 2372 legitimus
1459 2301 1731 2371 paschalis
1755 2301 1943 2357 terrui-

372 2398 477 2438 nus
522 2384 556 2439 5
602 2386 826 2457 Aprilis.
877 2385 995 2442 Jam
1032 2389 1432 2448 .Justinianusl
1471 2393 1610 2466 Aug.
1655 2394 1943 2465 imperium

371 2474 496 2528 iniit
541 2491 686 2530 anno
719 2477 923 2533 Christi
971 2478 1308 2552 Dionysiano
1341 2481 1466 2549 527,
1510 2500 1698 2540 mense
1741 2486 1940 2554 sextili,

371 2577 604 2620 exeunte
617 2564 654 2620 2
670 2568 877 2636 periodi
901 2569 966 2622 12
984 2568 1292 2642 Calippicae,
1316 2575 1408 2645 qui
1433 2573 1778 2631 Seleucidum
1803 2577 1941 2645 838;

338 2656 522 2711 'exuit
543 2673 672 2712 vero
705 2657 813 2713 fato
833 2661 1136 2721 exstinctus
1165 2680 1309 2718 anno
1343 2664 1468 2731 565,
1505 2681 1691 2723 mense
1719 2667 1948 2724 Novem-

373 2745 496 2814 bri;
543 2749 636 2818 qui
671 2764 845 2805 novus
882 2751 1190 2821 “periodi
1239 2753 1306 2808 12
1349 2753 1664 2826 Calippicae,
1703 2756 1940 2814 Seleuci-

373 2835 505 2891 dum
534 2839 664 2892 877.
695 2841 756 2894 ln
787 2841 888 2896 hoc
938 2858 1209 2899 annorum
1261 2847 1536 2902 curriculo
1575 2847 1756 2902 idonei
1793 2850 1948 2905 insti-

377 2937 494 2984 tuto
535 2940 724 2986 nostro
755 2934 1040 3001 paschales
1087 2936 1303 2991 termini
1351 2953 1472 2993 sese
1508 2936 1745 2994 oll'erunt
1791 2941 1948 2997 annis

375 3019 582 3122 periodi
617 3021 671 3088 5,
706 3022 761 3122 ξι,
801 3024 1421 3122 ‘l6,‘15,_l§,2l,25,
1465 3029 1556 3096 29,
1591 3008 1682 3098 is,
1715 3032 1806 3099 37,
1849 3034 1939 3088 to.
1974 3065 2016 3122 α

385 3109 491 3167 Sed
525 3127 670 3168 anno
703 3115 758 3179 5,
791 3116 994 3174 Christi
1041 3117 1162 3186 550,
1205 3123 1356 3194 cyclo
1389 3122 1520 3178 solis
1549 3123 1599 3187 7,
1634 3123 1808 3179 littera
1829 3124 1948 3182 Βο-

378 3201 618 3259 minicali
665 3206 749 3269 F,
806 3210 1076 3267 terminus
1136 3213 1190 3267 in
1252 3212 1386 3268 feria
1439 3230 1490 3269 ν.
1543 3214 1686 3286 Ergo
1739 3213 1950 3272 Pascha

378 3294 442 3350 51
485 3294 686 3352 Martii.
733 3299 894 3357 Anno
933 3303 988 3370 7,
1029 3302 1230 3362 Christi
1260 3307 1384 3370 552,
1423 3309 1575 3379 cyclo
1618 3308 1751 3365 solis
1776 3309 1831 3374 9,
1864 3309 1954 3363 lit-

378 3397 492 3444 tera
552 3392 873 3449 Dominicali
923 3394 967 3448 D
997 3397 1058 3462 C,
1095 3398 1362 3452 terminus
1416 3398 1467 3452 in
1509 3398 1653 3466 leris
1695 3415 1772 3459 lt.-
1810 3399 1952 3470 Ergo

381 3479 589 3536 Pascha
620 3483 681 3537 11
707 3483 933 3553 Aprilis.
959 3485 1118 3540 Anno
1143 3485 1231 3552 10,
1251 3485 1454 3542 Christi
1481 3486 1807 3558 Dionysiano
1823 3489 1952 3554 535,

381 3571 536 3642 eyclo
567 3573 708 3644 solis
755 3573 840 3640 12,
886 3574 1067 3628 littera
1109 3575 1431 3630 Dominicali
1478 3572 1562 3641 G,
1595 3577 1866 3633 terminus
1899 3579 1956 3634 in

384 3659 518 3714 feria
541 3676 636 3716 vn.
667 3660 810 3732 Ergo
835 3660 1046 3718 Pascha
1083 3664 1118 3718 5
1146 3665 1230 3718 vel
1260 3664 1323 3718 10
1355 3665 1559 3735 Aprilis
1593 3665 1740 3736 (nam
1780 3669 1956 3723 nesci.

385 3767 530 3817 mus,
579 3744 701 3822 quae
745 3752 1250 3827 Hierosolymitanae
1297 3757 1554 3814 Ecclesiae
1592 3760 1954 3826 consuetudo,

384 3857 511 3897 eum
539 3843 808 3900 terminus
839 3846 1012 3901 exiret
1046 3847 1101 3901 in
1128 3847 1315 3903 feriam
1345 3848 1459 3920 vn).
1491 3849 1649 3904 Anno
1673 3851 1759 3916 15,
1798 3851 1958 3906 Chri-

386 3937 454 3991 sti
490 3935 616 4002 558,
649 3939 800 4008 cyclo
839 3938 971 3994 solis
1003 3941 1094 4004 15,
1125 3941 1304 3996 littera
1325 3941 1642 3998 Dominicali
1675 3942 1738 4006 C,
1770 3945 1966 3998 termi-

385 4041 489 4082 nus
537 4027 592 4081 in
636 4027 771 4082 feria
803 4045 884 4084 ttt.
933 4029 1075 4100 Ergo
1106 4031 1314 4088 Pascha
1339 4033 1373 4087 4
1409 4033 1630 4104 Aprilis.
1681 4034 1839 4089 Anno
1869 4035 1954 4099 18,

385 4115 588 4173 Christi
631 4119 758 4184 545,
801 4115 960 4191 cyclo
1003 4120 1137 4176 solis
1185 4121 1276 4187 20,
1305 4121 1484 4177 littera
1535 4121 1856 4178 Dominzicali
1888 4121 1956 4189 D,

388 4210 653 4266 terminus
678 4208 731 4264 in
759 4209 894 4264 feria
916 4227 969 4264 v.
993 4208 1132 4282 Ergo
1151 4209 1363 4266 Pascha
1389 4213 1418 4266 7
1443 4213 1665 4282 Aprilis.
1693 4214 1851 4267 Anno
1865 4212 1958 4276 21,

386 4299 598 4356 Christi
629 4301 756 4368 546,
792 4303 946 4374 cyclo
993 4303 1124 4358 solis
1166 4301 1257 4370 25,
1304 4303 1481 4358 littera
1531 4302 1849 4360 Dominicali
1889 4303 1956 4366 G,

2042 1929 2207 1996 riam,
2238 1927 2373 1998 quin
2395 1926 2602 1998 potius,
2628 1941 2752 1996 quae
2776 1925 2844 1981 ad
2877 1925 3022 1981 hanc
3047 1941 3163 1982 rem
3194 1932 3384 1980 narrat
3406 1922 3614 1987 omnia,

2043 2021 2260 2092 pondus
2291 2018 2491 2074 addere
2520 2017 2906 2090 gravissimum
2959 2016 3268 2079 sententiae,
3303 2029 3466 2086 quam
3515 2027 3615 2067 ex-

2046 2111 2355 2183 posuimus.
2402 2109 2494 2166 Ait
2542 2109 2710 2184 igitur
2760 2107 3049 2172 Leontius,
3091 2105 3441 2176 Gregorium,
3487 2115 3614 2158 cum

2045 2199 2523 2270 Constantinopoli
2590 2207 2942 2262 versaretur,
3001 2195 3346 2265 Romamque
3407 2194 3616 2266 cogita-

2046 2298 2154 2358 ret,
2187 2304 2218 2344 a
2238 2287 2843 2356 ConstantinOpolitano
2868 2287 3281 2356 archiepiscopo
3308 2285 3616 2350 detentum,

2046 2381 2347 2452 quominus
2377 2389 2486 2434 tam
2527 2379 2708 2434 subito
2730 2377 2832 2433 iret
2868 2395 2880 2434 :
2915 2377 3184 2433 nefarium
3225 2377 3302 2430 illi
3331 2375 3618 2430 haeretico-

2047 2487 2170 2527 rum
2218 2469 2458 2525 furorem
2509 2469 2812 2534 detexisse,
2863 2469 2955 2539 qui
3007 2467 3216 2538 Sergii,
3263 2466 3428 2538 Cyri,
3465 2465 3618 2522 Pauli

2049 2560 2250 2616 addicti
2279 2559 2526 2629 partibus
2553 2559 2800 2614 funestas
2837 2558 2893 2613 in
2925 2557 3164 2614 Ecclesia
3197 2555 3494 2628 tragoedias
3523 2547 3618 2610 ex;

2048 2654 2320 2720 citarant;
2378 2652 2580 2722 quibus
2626 2651 2842 2706 obviam
2889 2651 3150 2718 eundum,
3199 2664 3374 2720 eoque
3403 2649 3618 2719 iussam

2010 2781 2012 2784 μ
2050 2743 2341 2816 synodum.
2366 2740 2486 2798 Jam
2521 2757 2586 2798 ex
2601 2752 2810 2800 nostro
2837 2740 3059 2797 Canone
3081 2740 3327 2810 Gregorii
3355 2740 3620 2795 adventus

2049 2833 2582 2906 Constantinopolim
2631 2832 2862 2904 contigit
2915 2847 3058 2888 anno
3093 2831 3218 2898 678,
3252 2845 3367 2902 quo
3411 2844 3622 2902 magna:

2050 2927 2127 2982 illi
2165 2933 2398 2996 praeerat
2431 2923 2686 2981 Ecclesiae
2733 2921 3059 2979 Theodorus
3105 2924 3392 2993 piissimus
3455 2930 3623 2992 atque

2049 3019 2395 3078 orthodoxus
2437 3018 2759 3088 episcopus,
2810 3015 2902 3086 qui
2949 3030 3016 3070 eo
3063 3017 3181 3085 ipso
3227 3029 3372 3069 anno
3422 3016 3622 3070 throno

2051 3122 2306 3179 exactus,
2349 3112 2651 3180 subrogato
2697 3107 2932 3179 Georgio
2972 3107 3449 3164 Monothelitarum
3497 3121 3624 3164 cum

2051 3221 2130 3270 re,
2179 3213 2297 3260 tum
2335 3204 2597 3273 dignitate
2631 3201 2900 3272 principe,
2933 3214 3247 3271 quanquam
3296 3200 3515 3256 tandem
3561 3201 3624 3254 in

2052 3298 2264 3369 synodo
2291 3296 2620 3366 sacrilegum
2659 3309 2901 3350 errorem
2933 3293 3182 3366 ejurarit.
3221 3292 3286 3348 Et
3329 3291 3623 3348 concilium

2051 3389 2275 3460 quidem
2295 3389 2400 3442 sub
2417 3385 2706 3442 Theodoro
2724 3386 3036 3456 patriarcha
3053 3385 3321 3440 indictum
3341 3398 3486 3439 anno
3497 3381 3622 3444 678,

2053 3481 2178 3535 licet
2209 3489 2459 3534 coactum
2493 3477 2775 3532 desinente
2809 3491 2954 3532 anno
2975 3475 3081 3542 680
3111 3484 3259 3546 patet
3287 3491 3354 3530 ex
3395 3476 3630 3530 Anasta-

2054 3569 2122 3625 sii
2148 3567 2408 3624 Romana:
2427 3567 2688 3623 Ecclesiae
2717 3567 3116 3624 bibliothecarii
3149 3567 3484 3632 testimonio,
3511 3565 3628 3618 haec

2056 3666 2111 3719 in
2168 3660 2471 3730 Agathonis
2516 3660 2626 3714 vita
2683 3659 2977 3714 scribentis
3027 3655 3346 3714 :Dederant
3399 3657 3627 3726 piissimi

2054 3755 2318 3826 principes
2349 3749 2750 3814 Constantinus,
2777 3749 3079 3816 Heraclius,
3101 3757 3150 3802 et
3185 3745 3428 3803 Tiberius
3455 3744 3626 3814 Augg.

2059 3848 2266 3906 litteras
2300 3860 2392 3914 per
2429 3841 2808 3912 Epiphanium,
2832 3842 2922 3912 qui
2969 3849 3084 3894 erat
3113 3841 3181 3893 iis
3221 3855 3254 3892 α
3285 3837 3521 3900 secretis,
3559 3836 3628 3888 ad

2057 3937 2288 4000 Donum,
2319 3951 2469 4006 quem
2513 3931 2687 3986 adhuc
2731 3932 3067 4001 superstitem
3104 3929 3362 3996 putabant
3396 3925 3630 3998 Agatho-

2059 4029 2139 4084 nis
2182 4037 2586 4087 antecesserant,
2629 4023 2818 4093 quibus
2861 4021 3236 4084 hortabantur,
3276 4019 3424 4074 vellet
3456 4019 3631 4088 ponti-

2060 4120 2146 4189 fex
2194 4119 2514 4181 sacerdotes,
2549 4114 2746 4170 aliosve
2789 4115 2844 4168 in
2879 4112 3058 4168 urbem
3107 4113 3305 4182 regiam
3337 4111 3510 4181 legare
3561 4116 3629 4163 ad
3707 4129 3715 4136 ·

2061 4211 2331 4266 Ecclesias
2361 4209 2650 4280 aliquando
2684 4204 3084 4260 consociandas.
3121 4203 3220 4257 [iis
3245 4203 3471 4272 acceptis
3493 4203 3632 4272 Aga-

2063 4303 2151 4356 tho
2184 4310 2394 4357 tantum
2433 4315 2538 4354 rem
2577 4299 2808 4368 segnius,
2858 4305 2951 4350 aut
2990 4295 3184 4349 lentius
3225 4293 3482 4362 agendam
3527 4307 3632 4346 nou

388 4393 655 4448 terminus
681 4394 735 4448 in
759 4393 892 4449 feria
919 4409 958 4452 ι.
985 4395 1127 4466 Ergo
1145 4393 1358 4452 Pascha
1383 4394 1415 4450 8
1437 4395 1660 4466 Aprilis.
1685 4397 1844 4450 Anno
1863 4395 1956 4462 24,
1990 4396 2034 4451 D
2059 4395 2286 4470 putauit.
2318 4391 2479 4462 Legat
2513 4391 2678 4462 igitur
2721 4388 2982 4459 extemplo
3010 4387 3408 4446 Abundantium
3446 4384 3633 4438 Pater—

384 4485 589 4542 Cbristi
623 4487 748 4550 549,
795 4487 950 4558 eyclo
992 4488 1127 4544 solis
1171 4487 1262 4554 26,
1308 4488 1492 4543 littera
1541 4487 1860 4544 Dominicali
1893 4487 1958 4553 C,

388 4579 655 4635 terminus
715 4581 770 4634 in
821 4578 958 4635 feria
1017 4597 1077 4635 ιι.
1149 4577 1291 4651 Ergo
1364 4568 1576 4636 Pascha
1638 4581 1672 4634 4
1727 4580 1954 4650 Aprilis.

363 4666 546 4726 "Anno
594 4669 686 4738 29,
731 4671 934 4727 Christi
981 4671 1106 4739 554,
1154 4663 1309 4743 cyclo
1361 4671 1492 4727 solis
1535 4671 1590 4736 3,
1635 4671 1810 4726 littera
1860 4673 1963 4728 Do-

388 4761 630 4818 minicali
673 4763 753 4829 D,
809 4764 1077 4818 terminus
1133 4762 1189 4816 in
1248 4759 1484 4818 feria-tt.
1547 4761 1691 4832 Ergo
1741 4761 1956 4818 Pascha

388 4853 422 4908 8
456 4855 679 4926 Aprilis.
725 4853 887 4910 Anno
931 4855 1034 4922 32,
1089 4854 1294 4912 Christi
1329 4855 1464 4922 557,
1517 4855 1674 4928 cyclo
1721 4855 1856 4910 solis
1893 4855 1962 4919 ti,

391 4948 573 5002 littera
613 4948 940 5004 Dominicali
986 4947 1054 5014 ϐ,
1105 4947 1378 5004 terminus
1418 4947 1473 5002 in
1521 4945 1654 5002 feria
1695 4962 1772 5002 vr.
1816 4944 1962 5016 Ergo

390 5037 600 5094 Pascha
632 5039 661 5092 1·
695 5040 922 5111 Aprilis.
967 5039 1130 5095 Anno
1169 5039 1260 5107 57,
1289 5039 1496 5095 Christi
1529 5039 1653 5106 562,
1685 5037 1840 5110 cyelo
1873 5053 1963 5093 soa

389 5131 456 5186 lis
481 5131 570 5192 11,
617 5131 793 5186 littera
827 5130 1152 5187 Dominicali
1197 5132 1262 5199 A,
1305 5131 1579 5188 terminus
1622 5131 1676 5185 in
1709 5129 1846 5185 l'eria
1877 5121 1990 5185 tn.’

392 5220 534 5290 Ergo
563 5221 772 5298 Pascha
804 5221 836 5274 7
869 5221 1095 5291 Aprilis.
1122 5222 1280 5276 Anno
1303 5221 1396 5287 40,
1425 5221 1632 5276 Christi
1659 5219 1782 5286 565,
1811 5218 1970 5291 cyclo

389 5311 522 5366 solis
552 5311 642 5378 l4,
670 5312 853 5367 littera
881 5311 1213 5368 Dominicali
1246 5311 1310 5380 D,
1342 5311 1612 5367 terminus
1639 5310 1693 5365 in
1725 5304 1862 5368 feria
1888 5324 1962 5363 tv.

390 5401 534 5473 Ergo
576 5402 786 5460 Pascha
832 5405 866 5460 5
895 5399 1128 5476 Aprilis.
1163 5403 1388 5475 Ecquod
1431 5404 1650 5459 tandem
1696 5403 1968 5474 supererit

291 5527 296 5532 -
390 5497 639 5568 asylum,
683 5511 794 5566 quo
847 5497 1131 5568 confugiat
1175 5495 1474 5552 Caietanus
1525 5495 1853 5566 Gregorium
1899 5493 1964 5546 ad

395 5585 692 5644 Justiniani
724 5589 746 5644 l
783 5599 1025 5661 tempora
1078 5604 1366 5654 revocans,
1421 5602 1546 5644 cum
1585 5598 1694 5642 tam
1735 5585 1966 5642 illustris

395 5680 681 5736 character
723 5679 1028 5750 Pascbatis,
1073 5680 1220 5754 quod
1265 5681 1662 5750 Hierosolymis
1705 5679 1796 5736 ille
1829 5676 1966 5735 cole-

2063 4501 2294 4550 nensem,
2331 4483 2593 4538 Joannem
2639 4482 2954 4552 Rheginunt,
2999 4479 3333 4534 tat-Joannem
3368 4476 3637 4530 Parmen—

2061 4593 2167 4631 sem
2199 4575 2467 4645 episcopos
2489 4614 2504 4636 ,
2540 4572 2868 4628 Theodorum
2899 4579 3152 4640 pra’terea
3178 4609 3192 4634 ,
3227 4581 3276 4624 et
3323 4565 3634 4637 Gregorium

2061 4665 2414 4739 presbyteros,
2457 4665 2720 4722 Joannem
2757 4667 3075 4729 diaconum,
3107 4673 3174 4718 'et
3224 4658 3633 4716 Constantinum

2063 4757 2463 4822 subdiaconum,
2506 4755 2838 4813 Theodoram
2883 4757 3009 4810 item
3037 4754 3398 4824 presbyterum
3427 4748 3632 4804 Raven-

2064 4859 2262 4914 natem,
2295 4859 2345 4904 et
2385 4850 2672 4904 monachos
2711 4847 2812 4903 Dei
2859 4845 3292 4902 servos..Abeunt
3327 4842 3641 4900 Constanti-

2063 4943 2318 5012 nopolint,
2349 4942 2414 4997 ab
2453 4943 2770 5012 imperatore
2805 4939 3092 5008 Itonori/ics
3130 4939 3484 5008 accipiuntur,
3522 4953 3635 4997 rno-

2063 5043 2287 5096 nentur,
2338 5049 2402 5087 ne
2443 5047 2553 5101 per
2589 5030 2871 5084 tumultum
2923 5029 3236 5098 turbasque,
3279 5026 3370 5080 sed
3426 5024 3637 5096 placide

2066 5126 2434 5192 moderateque
2461 5123 2728 5192 negotium
2758 5122 3084 5191 transigant.
3122 5117 3485 5188 lnterfurrunt
3512 5132 3638 5186 syn-

2066 5215 2166 5270 odo
2202 5223 2392 5281 praeter
2437 5215 2806 5280 imperatorem
2857 5213 3130 5267 Macarius
3169 5210 3544 5269 Antiocheuus,
3587 5217 3635 5259 ct

2069 5307 2324 5376 Georg.‘us
2373 5305 2688 5374 patriarcha
2742 5303 3393 5372 Constantinopolitanus.
3437 5301 3638 5369 ipsique

2069 5395 2372 5466 a'postolicte
2419 5397 2564 5451 sedis
2604 5396 2786 5466 legati,
2813 5403 2862 5448 et
2905 5411 2970 5449 ea:
3001 5393 3212 5448 Oriente
3256 5391 3484 5462 episcopi
3510 5389 3634 5444 150.
3667 5439 3676 5445 .

2069 5491 2386 5556 Quaesitum,
2417 5498 2473 5542 ut
2504 5489 2865 5556 explicaretur
2897 5486 3154 5554 apertius,
3199 5501 3268 5537 an
3300 5483 3420 5536 dua:
3442 5482 3550 5534 sint
3583 5483 3638 5534 in

2070 5583 2280 5638 Christo
2336 5579 2560 5634 Domino
2623 5579 2934 5633 voluntates.
2997 5574 3116 5628 Jatn
3175 5574 3338 5644 igitur
3393 5588 3638 5629 cacume-

2071 5675 2194 5732 nica
2225 5689 2276 5728 γι
2309 5673 2572 5742 synodus,
2603 5687 2710 5742 qua
2743 5671 2814 5727 do
2842 5669 3030 5726 scribit
3056 5662 3652 5735 Anastasius,.intlit:tai
