4038 6274
1307 265 1404 324 DE
1443 265 1701 326 .IETATE
1741 269 1801 327 S.
1841 269 2218 331 GREGORII
2247 273 2760 337 AGRIGENTINI
2994 298 3006 304 ί
3530 271 3706 335 1208

419 369 522 419 sub
551 361 705 420 Dono
736 365 996 423 Romanae
1025 369 1283 425 Ecclesia:
1311 374 1598 443 pontiﬁce,
1632 377 1720 431 cui
1751 384 1871 432 eam
1912 380 1978 432 ad
2010 389 2055 440 Α
2151 381 2340 437 XXVI.
2401 383 2541 456 Ergo
2599 386 2824 456 subjicit
2849 430 2862 454 ,
2926 385 3230 442 Romanum
3284 385 3644 458 episcopum
3675 425 3695 451 ,

421 467 536 510 rem
569 458 783 528 scriptae
809 459 1039 527 litterae,
1075 477 1197 532 quae
1227 473 1410 520 tamen
1447 465 1675 522 Romam
1705 483 1812 523 non
1850 469 1980 524 alla-

419 556 509 613 ιω,
557 549 661 604 nisi
711 549 831 620 ipso
881 551 993 605 vita
1027 552 1308 618 defuncto,
1362 557 1516 626 sique
1561 555 1742 612 Donus
1788 573 1982 614 exces-

420 638 493 692 sit
533 650 584 692 tv
625 639 752 694 ldus
791 640 993 710 Aprilis
1039 643 1168 696 anni
1198 641 1322 712 678,
1363 646 1488 715 quis
1535 647 1814 716 negaverit
1843 647 1982 702 indi-

417 737 560 784 ctam
601 726 870 800 synodum
919 731 1018 787 hoc
1049 734 1166 802 ipso
1199 749 1364 800 anno,
1397 752 1506 807 quo
1547 737 1874 794 Theodorus
1915 739 1981 792 ad

417 820 785 890 gubernacula
838 822 1458 894 ConstantinOpolitame
1503 827 1760 884 Ecclesiae
1804 829 1984 884 adhuc

417 912 682 966 sedebat?
721 911 1017 968 Panvinius
1054 915 1106 968 in
1147 916 1276 970 Chr.
1323 915 1468 972 Eccl.
1505 917 1851 974 Theodorum
1885 936 1984 991 pa-

417 1003 776 1058 triarchatum
806 1004 996 1064 iniisse
1037 1006 1232 1061 scribit
1259 1022 1403 1062 anno
1435 1007 1561 1077 680,
1607 1025 1840 1082 eumque
1868 1029 1983 1081 ges-

419 1093 562 1148 sisse
604 1109 776 1150 annos
830 1095 886 1160 2,
951 1111 1169 1151 menses
1199 1099 1252 1151 5.
1313 1097 1636 1169 Quanquam
1681 1103 1883 1169 isthuc,
1933 1104 1982 1159 si

415 1184 635 1252 quidem
665 1200 877 1250 verum,
923 1187 1131 1242 nullum
1165 1189 1448 1243 sententiae
1479 1199 1679 1246 nostrae
1715 1192 1983 1262 inlligeret

417 1275 650 1340 vulnus;
717 1277 772 1332 in
822 1289 1074 1347 promptu
1134 1279 1278 1333 enim
1337 1279 1480 1334 foret
1526 1284 1726 1348 dicere,
1765 1286 1982 1342 venisse

413 1367 636 1436 quidem
681 1367 1214 1440 Constantinopolim
1258 1369 1581 1440 Gregorium
1637 1389 1784 1429 anno
1841 1375 1981 1443 678,
2027 1383 2032 1387 ⁷

416 1458 514 1514 sed
567 1475 598 1514 a
653 1459 944 1517 Theodoro
993 1461 1268 1517 detentum
1313 1479 1462 1519 anno
1510 1463 1650 1529 680,
1689 1468 1982 1534 quominus

416 1549 644 1606 Romam
696 1553 909 1619 abiret;
963 1555 1314 1610 dissimulare
1363 1566 1542 1610 tamen
1581 1571 1687 1611 non
1729 1573 1978 1628 possum,

371 1637 628 1713 "egregie
670 1643 726 1697 in
757 1659 826 1698 eo
861 1643 1061 1700 I‘alsum
1092 1645 1437 1710 Panvinium.
1477 1645 1692 1700 Etenim
1723 1649 1769 1702 si
1802 1647 1981 1704 Theo-

2083 473 2284 543 quippe
2329 475 2606 544 aii‘ectum,
2649 477 2856 548 synodo
2900 478 3141 534 libellum
3183 480 3400 534 misisse
3435 479 3698 549 propria

2082 563 2248 635 310
2272 582 2430 620 manu
2453 551 2812 637 co'nscriptum
2848 571 2912 624 de
2940 571 3202 625 sententia
3234 571 3695 626 ortltodoxoruut

2084 657 2387 710 antistitum
2429 659 2600 725 ipsius
2627 659 2804 712 locum
2826 661 3168 715 servitutium.
3193 659 3333 726 Quid
3375 663 3576 715 Verius
3611 660 3698 714 de

2081 746 2364 816 Agathone
2386 748 2490 802 dici
2524 749 2800 818 potuerit?
2833 747 2932 805 Hie
2959 750 3239 806 enimvero
3265 751 3474 818 legatos
3505 752 3696 805 misit

2081 833 2494 892 Abundantium
2547 839 2954 900 Paternensem.
2995 839 3263 896 Joannem
3313 839 3690 911 Rheginum,

2081 932 2136 979 et
2161 922 2422 994 Joannem
2453 929 2808 985 Portuensem
2855 931 3163 1000 episcopos,
3198 932 3292 1001 qui
3332 932 3418 986 sui
3461 945 3690 1000 perso-

2083 1031 2208 1070 nam
2263 1016 2321 1071 in
2373 1018 2582 1089 synodo
2628 1029 2913 1090 gererent,
2965 1021 3237 1092 simulque
3285 1021 3630 1092 synodicam
3663 1059 3686 1086 ,

2083 1109 2171 1162 cui
2203 1107 2306 1162 I20
2339 1111 2579 1181 episcopi
2619 1113 2962 1181 patriarchiae
3003 1129 3117 1169 suae
3160 1113 3687 1178 obnoxii,‘subscri-

2069 1213 2260 1268 .pscre,
2298 1201 2376 1254 uti
2413 1203 2576 1256 modo
2609 1202 2865 1258 laudatus
2895 1203 3222 1258 Anastasius
3253 1203 3439 1257 tradit.
3467 1202 3688 1256 Haca-

2083 1286 2220 1339 rium
2245 1302 2363 1340 vero
2387 1289 2728 1355 pertinacem,
2761 1303 2852 1342 nec
2881 1287 2952 1341 ad
2993 1288 3304 1357 synodicam
3327 1289 3678 1357 Agathonis,

2083 1377 2169 1430 cui
2197 1375 2621 1446 subscripserant
2665 1377 2968 1432 Occidentis
3005 1379 3234 1447 cpiscOpi
3269 1378 3390 1444 I20,
3433 1379 3678 1446 acquie-

2082 1476 2332 1529 scentem,
2373 1465 2846 1531 anathematizant,
2899 1480 2928 1518 c
2957 1466 3154 1532 synodo
3194 1463 3498 1532 exturbant;
3543 1449 3679 1520 Ro;

2084 1571 2326 1624 memque
2352 1570 2471 1608 cum
2508 1555 2618 1608 suis
2649 1555 2868 1622 cjictunt
2899 1553 2954 1606 in
2983 1553 3252 1608 exsilium.

2156 1643 2364 1698 XXVII.
2407 1645 2484 1700 Ea
2529 1645 2584 1700 in
2627 1647 2836 1717 synodo
2881 1644 3155 1716 Gregorio.
3183 1653 3372 1700 nostro
3420 1643 3678 1699 deman-

413 1712 584 1788 dorus
623 1748 796 1788 annos
843 1735 899 1801 ‘2,
948 1750 1166 1790 menses
1216 1737 1270 1800 5,
1321 1735 1979 1808 Constantinopolitanam
2012 1712 2056 1772 Β
2083 1736 2223 1790 data:
2277 1745 2460 1805 partes
2503 1712 2748 1806 episcopi
2798 1712 3036 1790 Sardicae
3079 1733 3413 1791 Constantia
3460 1735 3666 1805 Cypri,

415 1833 558 1878 rexit
582 1823 908 1892 Ecclesiam,
942 1825 987 1881 si
1013 1825 1256 1896 pontifex
1295 1828 1447 1882 audit
1474 1841 1622 1882 anno
1641 1827 1764 1894 680,
1794 1843 1982 1886 conse-

414 1929 591 1979 quens
643 1922 748 1978 est,
801 1926 1054 1970 exactum
1109 1915 1258 1970 iiiun
1314 1917 1634 1986 pontiiicatu
1678 1931 1822 1970 anno
1853 1912 1978 1970 682.

411 2003 576 2074 Atqui
603 1995 759 2058 extra
785 2005 1174 2060 controversiae
1208 2005 1383 2058 aleam
1411 2002 1650 2075 positum
1681 2011 1786 2070 est,
1813 1999 1982 2058 Geor—

413 2097 562 2166 gium
623 2095 992 2168 patriarcham
1050 2095 1260 2166 synodo
1317 2095 1643 2166 praefuisse,
1710 2110 1834 2164 quae
1897 2095 1981 2150 in-

413 2186 607 2242 choata
639 2203 712 2242 vn
761 2185 890 2242 ldus
935 2185 1267 2243 Novembres
1305 2187 1430 2240 anni
1482 2186 1606 2254 680,
1655 2186 1814 2242 desiit
1851 2200 1980 2240 vero

413 2293 558 2332 anno
585 2277 710 2334 68!.
753 2279 860 2333 Aut
886 2279 1050 2350 igitur
1090 2293 1201 2332 uno
1257 2278 1561 2347 eodemque
1593 2287 1838 2346 tempore
1873 2278 1979 2331 duo

414 2370 470 2423 in
503 2367 1122 2438 Constantinopolitanae
1147 2366 1404 2422 Ecclesiae
1430 2367 1688 2421 cathedra
1719 2365 1982 2420 sedebant

413 2460 678 2530 episcopi,
709 2469 804 2514 aut
840 2459 1067 2513 omnino
1097 2457 1294 2512 falsum
1337 2459 1483 2527 quod
1511 2457 1578 2512 de
1616 2472 1758 2511 anno
1789 2473 1980 2513 susce-

416 2551 491 2620 pti
525 2566 556 2606 a
595 2549 883 2606 Theodoro
911 2547 1266 2619 poutiticatus
1297 2548 1470 2602 sensit
1516 2545 1836 2602 Panvinius.
1872 2547 1979 2602 Ita-

413 2658 522 2714 que
573 2643 796 2713 explosa
843 2641 964 2712 ejus
1011 2639 1294 2709 opinione,
1341 2639 1556 2692 illorum
1606 2638 1977 2694 inhaerendum

413 2733 681 2803 vestigiis,
723 2733 814 2804 qui
863 2739 1130 2796 Statuunt,
1179 2729 1498 2800 pontiﬁcatu
1531 2729 1762 2800 ejectum
1797 2729 1978 2785 Theo-

413 2825 606 2879 dorum
652 2837 798 2877 anno
843 2823 968 2890 678,
1001 2836 1161 2892 quem
1207 2819 1404 2876 itertim
1456 2818 1653 2874 adierit
1696 2833 1840 2876 anno
1875 2817 1980 2874 685

413 2912 802 2968 mortalitatem
831 2923 994 2969 exuto
1015 2912 1268 2982 Georgio.
1751 2913 1756 2918 ’

2080 1827 2280 1898 quippe
2301 1827 2396 1896 qui
2419 1827 2612 1881 morbo
2637 1836 2946 1898 urgeretur.
2975 1825 3042 1882 Et
3072 1841 3205 1882 vero
3223 1825 3520 1898 quominus
3543 1827 3665 1881 hac

2082 1925 2399 1984 tempestate
2438 1913 2772 1971 Constantia:
2796 1908 2980 1988 Cypri,
3011 1924 3065 1972 et
3091 1914 3332 1972 Sardicaa
3354 1917 3660 1986 episcopus

2080 2020 2222 2060 unus
2258 2002 2513 2074 idemque
2557 2003 2744 2069 fuerit,
2787 2005 3058 2074 adaptatis
3080 2005 3292 2061 scilicet
3326 2004 3396 2060 ad
3428 2013 3658 2073 tempus

2080 2109 2110 2148 a
2137 2093 2449 2150 Sardicensi
2495 2094 2734 2150 Ecclesia
2759 2094 3206 2165 Constantiensis
3239 2095 3482 2166 juribus,
3508 2093 3656 2148 nihil

2027 2199 2193 2257 ,est,
2263 2187 2411 2257 quod
2467 2187 2776 2258 prohibeat.
2839 2187 3050 2242 Etenim
3107 2201 3253 2241 anno
3303 2186 3336 2240 8
3408 2183 3654 2239 Heraclii

2079 2279 2394 2337 Constantis
2421 2278 2467 2332 II
2507 2281 2674 2350 Aug.,
2722 2277 2927 2334 Christi
2975 2277 3302 2349 Dionysiano
3345 2276 3473 2343 648,
3521 2275 3654 2330 Bar-

2080 2373 2198 2428 bari
2243 2371 2384 2427 duce
2429 2369 2684 2426 Mubavia
2710 2369 2932 2442 Egypti
2977 2369 3187 2438 Amira,
3229 2369 3324 2440 qui
3365 2369 3648 2439 deinceps,

2079 2465 2346 2520 exstincto
2372 2462 2636 2528 Hoamen,
2667 2463 2782 2518 sive
2809 2461 3361 2526 0thmano,Arabum
3386 2459 3426 2514 V
3455 2461 3650 2514 Amer-

2079 2569 2330 2609 mumncs
2371 2553 2921 2622 (AmiraI-mumanin
2962 2553 3067 2624 ipsi
3117 2554 3360 2622 vocant),
3402 2551 3646 2624 Cyprum

2079 2645 2313 2700 insulam
2361 2645 2642 2712 invasere,
2695 2643 3025 2700 Christianis
3073 2643 3198 2699 inde
3251 2643 3509 2697 omnibus
3551 2641 3647 2695 de-

2077 2736 2254 2808 pulsis
2280 2735 2548 2808 (Theoph.
2579 2736 2634 2790 in
2669 2735 2797 2791 Chr.
2818 2735 2856 2806 ),
2891 2735 2986 2804 qui
3011 2734 3068 2789 in
3100 2731 3306 2804 patrios
3336 2731 3491 2788 l‘ocos
3533 2746 3646 2786 non

2078 2827 2316 2892 reversi,
2340 2827 2446 2882 nisi
2477 2841 2622 2880 anno
2657 2827 2677 2880 l
2709 2824 3009 2881 Justiniant
3041 2825 3379 2880 Rhinotmeti
3406 2823 3468 2882 II.
3493 2823 3644 2878 Hab-

2078 2916 2347 2972 diinelech
2395 2915 2658 2976 Arabum.
2685 2913 3094 2968 Amermumnis
3117 2911 3256 2978 VIII,
3280 2909 3486 2966 Christi
3518 2907 3640 2972 685,

483 3002 650 3058 XXV.
691 3000 878 3072 Neque
905 3017 1052 3068 vero,
1076 3003 1223 3072 quod
1262 3009 1452 3058 auctor
1483 3001 1744 3057 Breviarii
1774 3001 1980 3072 Grego-
2003 3041 2048 3099 ε
2081 3020 2192 3076 quo
2219 3009 2362 3060 inter
2389 3015 2651 3074 utrosque
2675 3003 2954 3074 principes
2980 3017 3085 3072 pax
3117 3001 3249 3056 inita
3279 3000 3348 3055 iis
3378 2998 3645 3054 conditio-

415 3096 584 3150 riante
623 3092 762 3148 Vitae
807 3093 1044 3160 scribat,
1097 3093 1332 3162 Georgio
1371 3092 1980 3162 ConstantinOpolitante

415 3185 674 3241 Ecclesia:
716 3184 841 3253 jura
884 3187 1066 3248 dante,
1103 3181 1427 3252 Gregorium
1475 3190 1725 3235 nostrum
1771 3181 1978 3250 regiam

419 3277 607 3331 urbem
659 3274 915 3344 petiisse,
971 3272 1265 3327 consilium
1325 3281 1546 3325 nmtem.
1599 3269 1763 3324 Multa
1801 3286 1866 3325 ea
1923 3269 1980 3324 in

414 3371 652 3437 epitome
687 3373 1102 3436 percensentur,
1125 3379 1248 3435 qua:
1288 3363 1358 3418 ab
1390 3361 1603 3418 Leontii
1633 3363 1984 3418 Commenta-

417 3461 542 3524 rio,
597 3458 824 3529 proinde
880 3472 910 3510 a
957 3471 1086 3512 vero
1141 3455 1444 3511 discedunt.
1495 3455 1585 3508 Ait
1631 3456 1982 3524 epitomastcs

415 3553 738 3626 Gregorium
782 3552 847 3607 18
878 3559 1128 3622 agentem
1172 3563 1379 3604 annum
1418 3548 1566 3602 clero
1603 3548 1900 3616 ascriptum
1949 3564 1982 3602 a

415 3645 737 3701 Potamione
761 3641 1240 3713 Agrigentinorum
1271 3641 1526 3709 episcopo
1558 3656 1570 3693 :
1601 3639 1696 3694 sed
1721 3639 1984 3694 Leontius

419 3743 689 3789 memorat
729 3731 932 3788 factum
966 3729 1165 3792 istbuc,
1203 3743 1324 3782 cum
1357 3743 1528 3782 annos
1575 3728 1662 3780 ille
1701 3737 1862 3782 natus
1893 3726 1980 3792 12,

423 3841 569 3880 anno
597 3839 726 3879 vero
762 3822 830 3876 I8
857 3837 887 3876 e
916 3823 1086 3892 patria
1119 3819 1446 3876 excessisse.
1481 3817 1694 3887 Excipit
1721 3819 1985 3886 epitoma—

421 3927 554 3982 διες,
601 3914 925 3984 Gregorium
977 3915 1117 3982 apud
1166 3911 1406 3965 Marcum
1450 3911 1699 3964 alihatem
1739 3910 1772 3962 4
1811 3904 1986 3964 annos

423 4010 754 4063 diversatum
787 4003 1148 4074 Carthagine,
1185 4018 1214 4058 a
1246 4017 1358 4073 quo
1391 4018 1544 4057 sacra
1586 4000 1872 4068 disciplina
1905 4001 1988 4054 in-

423 4101 666 4157 stitutus.
705 4097 906 4153 Verum
951 4097 1211 4151 Leontius
1248 4095 1380 4149 nihil
1428 4094 1534 4148 tale
1570 4093 1856 4162 signiﬁcat,
1889 4091 1987 4148 sed

421 4192 827 4264 quatriennium
857 4191 958 4244 hoc
987 4197 1238 4244 exactum
1263 4187 1444 4256 prodit
1467 4185 1522 4239 in
1549 4185 1760 4239 Oliveto
1779 4191 1986 4250 monte,

422 4294 708 4354 postquam
744 4279 1135 4351 Hierosolymis
1173 4279 1350 4348 primo
1391 4275 1701 4346 emigravit,
1735 4275 1826 4330 ubi
1858 4289 1986 4329 vere

2082 3097 2264 3158 nibus,
2296 3111 2435 3166 quas
2463 3093 2826 3164 Theophanes
2867 3094 3064 3147 recitat
3091 3093 3158 3147 ad
3187 3106 3391 3145 annum
3421 3090 3443 3142 1
3474 3087 3644 3143 Justi-

2081 3184 2252 3242 niani.
2291 3183 2434 3238 Inter
2475 3183 2720 3251 reliquos
2760 3191 3008 3236 extorres
3044 3177 3282 3235 Joal‘tnes
3311 3175 3645 3234 Constantia

2085 3277 2530 3346 archiepiscopus
2570 3281 2960 3327 annuineratus
2986 3269 3148 3341 ,‘qui
3195 3268 3426 3340 proinde
3483 3267 3644 3322 titulo

2083 3373 2244 3420 tenus
2293 3363 2735 3433 archiepiscOpus
2780 3361 3167 3429 usurpabatur.
3213 3357 3454 3412 Hoccine
3517 3369 3646 3410 vero

2081 3455 2289 3511 diutius
2343 3455 2650 3518 ferendum,
2700 3467 2867 3524 quum
2917 3449 3263 3522 potissimum
3316 3449 3372 3504 in
3425 3446 3648 3504 Oriente

2082 3562 2205 3603 mos
2243 3545 2594 3610 increbuerit,
2639 3552 2699 3598 ut
2726 3543 3017 3598 devastatis
3057 3541 3423 3594 Barbarorum
3463 3536 3648 3592 furore

2081 3641 2350 3705 ecclesiis,
2406 3655 2528 3710 quae
2582 3638 2948 3708 principatum
3003 3637 3056 3690 in
3103 3633 3489 3705 provinciales,
3535 3631 3648 3686 sive

2083 3730 2401 3784 dimceticas
2447 3735 2678 3796 gereret,
2720 3726 2840 3795 ejus
2865 3725 2990 3795 jura
3023 3725 3075 3778 iu
3117 3724 3277 3776 aliam
3320 3723 3649 3777 transcribe-

2083 3821 2308 3876 reutur?
2352 3819 2489 3874 Ecce
2521 3833 2687 3883 anno,
2726 3831 2836 3887 quo
2866 3817 3126 3888 synodus,
3164 3817 3232 3870 de
3259 3829 3366 3885 qua
3414 3813 3646 3884 agimus.

2086 3913 2306 3978 habita,
2359 3927 2390 3968 e
2453 3911 3064 3981 Conslantinopolitana
3127 3907 3460 3980 patriarehia
3525 3903 3650 3960 Hei-
3691 3927 3704 3938 -

2085 4007 2364 4077 Iespontus
2405 4006 2684 4076 provincia
2713 4007 2922 4072 avulsa,
2965 4021 3140 4074 caque
3165 4003 3362 4058 Joanni
3389 4000 3650 4056 Constan-

2088 4099 2176 4153 tia:
2213 4097 2624 4167 archiepiscopo
2665 4096 2946 4159 attributa,
2996 4095 3088 4149 ubi
3137 4093 3299 4162 jura,
3348 4091 3548 4162 quibus
3595 4091 3650 4144 in

2087 4187 2266 4259 Cypro
2323 4201 2490 4250 usus,
2541 4195 2837 4240 exerceret.
2891 4183 3133 4239 Canonis
3191 4183 3299 4246 39,
3351 4195 3462 4250 quo
3522 4178 3650 4232 illud

2093 4290 2364 4346 sanctum,
2397 4280 2512 4334 Inrc
2534 4278 2694 4333 verba
2721 4295 2736 4330 :
2763 4277 2868 4330 Τοῦ
2897 4275 3149 4346 ἀδελφοῦ,
3185 4275 3282 4328 καὶ
3315 4273 3651 4342 συλλειτουρ-

421 4380 566 4449 apud
607 4378 800 4433 Senem
847 4372 1134 4444 quemdam
1179 4377 1414 4424 aseetam
1447 4367 1476 4420 Δ
1519 4366 1650 4420 vivit
1683 4381 1876 4449 annos,
1917 4365 1985 4420 ab

2087 4371 2186 4442 γοῢ
2226 4373 2383 4442 ήμῶν
2433 4371 2676 4424 Ἰωάννου
2723 4367 2818 4422 τοῦ
2875 4368 2976 4438 τῆς
3013 4367 3264 4438 Κυπρίου
3309 4367 3478 4436 νήσου
3521 4378 3654 4433 προ·

422 4434 600 4539 eoque
651 4434 880 4521 divinas
919 4477 1006 4518 res
1056 4460 1303 4516 edoctus.
1367 4455 1530 4511 Addit
1589 4434 1985 4524 epitoma'stes,

421 4560 744 4632 Gregorium
773 4572 883 4612 una
912 4569 1035 4610 cum
1063 4551 1245 4606 Marco
1275 4548 1605 4618 Carthagine
1641 4547 1986 4602 Antiochiam

423 4653 748 4726 profectum,
779 4657 943 4718 atque
977 4637 1106 4700 inde
1140 4643 1534 4712 Hierosolyma,
1579 4640 1668 4695 ubi
1693 4654 1723 4692 a
1749 4637 1988 4692 Macario

423 4746 684 4814 episcopo
740 4741 884 4794 inter
931 4737 1190 4792 diaconos
1245 4734 1564 4804 repositus:
1605 4739 1662 4784 at
1720 4731 1866 4785 enim
1921 4744 1988 4782 ex

423 4835 652 4892 Leontio
699 4840 932 4897 constat,
964 4844 1241 4899 nunquam
1274 4825 1600 4896 Gregorium
1639 4837 1766 4876 cum
1807 4819 1992 4891 Marco

425 4928 623 4984 abbate
647 4925 1002 4982 Antiochiam
1041 4921 1318 4981 invisisse,
1361 4918 1458 4974 sed
1503 4914 1710 4970 adiisse
1749 4920 1986 4976 tantum,

425 5030 715 5092 postquam
766 5012 1160 5084 Hierosolymis
1211 5007 1454 5064 secundo
1488 5005 1794 5074 digressus,
1848 5001 1992 5057 Con-

427 5108 838 5178 stantinopolim
875 5104 1243 5176 profecturus.
1273 5099 1406 5153 Tam
1448 5096 1618 5152 multa
1643 5110 1768 5150 cum
1811 5093 1994 5148 tradat

424 5199 818 5276 epito'mastes,
875 5211 998 5268 quae
1034 5209 1163 5250 vero
1238 5190 1381 5246 haud
1433 5188 1637 5251 aﬂinia,
1681 5187 1728 5240 si
1771 5185 1994 5256 quidem

427 5295 794 5354 certissimam
821 5292 978 5348 (idem
1011 5288 1326 5344 Leontiance
1361 5281 1603 5340 historiae
1630 5278 1994 5342 vindieemus,

427 5389 511 5447 uti
583 5388 702 5442 sine
770 5383 942 5440 dubio
993 5377 1358 5442 vindicanda,
1419 5372 1513 5444 qui
1584 5371 1665 5426 illi
1731 5368 1996 5439 astipuler

430 5477 759 5550 perhibenti,
802 5467 1420 5538 Constantinopolitanae
1455 5459 1708 5516 Ecclesia:
1736 5459 1994 5515 thronum

431 5568 700 5625 insedisse
726 5565 1042 5636 Georgium,
1072 5575 1193 5615 cum
1226 5554 1526 5626 Gregorius
1558 5551 1765 5622 regiam
1805 5551 1994 5608 urbem

433 5659 752 5736 ingressus?
783 5656 890 5714 Sed
919 5654 986 5711 ad
1010 5648 1295 5709 Leontium
1329 5646 1495 5706 redeo

2089 4465 2266 4537 έδρου,
2302 4464 2414 4534 ἄμα
2440 4462 2517 4534 τῷ
2567 4462 2751 4532 οἰκείῳ
2801 4461 2915 4532 λαῷ
2964 4461 3060 4512 ἐπὶ
3094 4461 3192 4530 τὴν
3246 4456 3652 4528 Ἑλλησπόντιον

2091 4557 2382 4627 ἐπαρχίαν,
2436 4555 2524 4608 διά
2554 4571 2613 4608 τε
2663 4553 2756 4606 τοῦ
2808 4551 3148 4625 βαρϐαρικοῦ
3189 4550 3434 4620 ἐφόδους,
3481 4549 3570 4602 διά
3597 4565 3651 4616 τε

2088 4647 2148 4700 τὸ
2198 4647 2298 4716 τῆς
2341 4644 2560 4716 sema;
2607 4643 3042 4716 ὲλευθερωθῆναι
3087 4643 3368 4707 δουλείας,
3419 4643 3514 4696 καὶ
3559 4658 3654 4694 κα-

2091 4737 2270 4807 θαρῶς
2310 4737 2421 4799 τοῖς
2475 4737 2775 4807 σκήπτροις
2814 4734 2910 4790 τοῦ
2933 4733 3470 4806 Χριστιανικωτάτου
3520 4731 3654 4802 κρά-

2089 4843 2216 4890 τους
2273 4825 2612 4896 ὑποταγῆναι
2641 4867 2656 4891 ,
2720 4826 2818 4897 τῆς
2877 4826 3176 4897 εἰρημένης
3231 4823 3656 4894 μεταναστάντος

2090 4915 2277 4986 νήσου,
2323 4917 2550 4987 προνοίᾳ
2577 4914 2670 4968 τοῦ
2700 4914 3083 4984 φιλανθρώπου
3117 4913 3277 4978 Θεοῦ,
3328 4913 3424 4966 καὶ
3473 4911 3656 4982 μόχθῳ

2090 5007 2186 5064 τοῦ
2225 5008 2574 5079 φιλοχρεστου
2606 5001 2701 5062 Βιαὶ
2735 5008 2994 5072 εὐσεϐοῦς
3022 5007 3180 5079 ήμῶν
3213 5007 3476 5078 βασιλέως
3533 5023 3657 5058 συν-

2091 5101 2308 5172 ορῶμεν
2337 5101 2477 5154 ὥστε
2514 5100 2916 5171 ἀκαινοτόμητα
2950 5099 3384 5168 διαφυλαχθῆναι
3405 5099 3474 5150 τὰ
3509 5094 3657 5164 παρὰ

2091 5194 2202 5246 τῶν
2233 5195 2290 5246 ὲν
2330 5193 2536 5264 Ἐφέσῳ
2573 5193 2633 5246 τὸ
2678 5193 2940 5263 πρότερον
2982 5191 3344 5244 συνελθόντων
3388 5187 3662 5258 Θεοφὸρων

2095 5287 2355 5357 Πατὲρων
2409 5285 2487 5357 τῷ
2529 5284 2704 5356 θρόνῳ
2766 5283 2862 5337 τοῦ
2915 5281 3412 5355 προγεγραμμένου
3473 5278 3655 5350 ἀνδρὸς

2097 5368 2512 5449 παρασχεθέντα
2539 5377 2808 5449 προνόμια
2829 5394 2842 5408 ·
2881 5376 3022 5430 ὥστε
3049 5376 3148 5448 τὴν
3177 5375 3304 5428 νέαν
3354 5373 3655 5426 Ἰουστινιαο

2097 5467 2350 5522 νούτιολιν
2387 5467 2448 5521 τὸ
2475 5468 2680 5522 δίκαιον
2707 5467 2852 5538 ἔχειν
2882 5467 2983 5536 τῆς
3014 5462 3654 5524 Κωνσταντινουπόλεως,

2097 5561 2192 5617 καὶ
2219 5559 2314 5612 τδν
2362 5560 2449 5612 ἐπ’
2479 5561 2614 5629 αὐτῇ
2646 5558 3039 5628 καθιστάμενον
3085 5554 3496 5622 θεοφιλέστατον
3540 5551 3650 5606 ἐπε-

2102 5666 2310 5735 σκοπονι
2325 5650 2541 5705 πάντων
2566 5648 2907 5718 προεδοεύεεν
2942 5647 3036 5718 τῆς
3053 5646 3458 5713 Ἐλλησπὸντων
3488 5648 3650 5713 ἔπειρε
