4038 6274
229 368 374 437 1209

1626 373 2148 452 DISSERTATIU.
2176 361 2203 380 “

3351 381 3510 502 1910.

227 497 377 552 χιας,
416 480 628 534 uniuni)
653 481 761 535 τῶν
781 484 997 539 οἰκείων
1026 487 1346 542 ἐπισκόπων
1385 494 1809 562 χειροτονεῖσθαι
1838 505 1880 558 Α
1913 500 2154 568 μουμνῇ,
2190 497 2278 550 ἵνα
2313 497 2404 550 τὸν
2441 499 2499 552 ἐν
2534 497 2714 570 Συρίᾳ
2743 499 2872 552 ὄντα
2900 479 3028 553 λαὸν
3053 499 3153 569 τῆς
3183 500 3351 571 νήσου
3377 502 3494 559 Kli-

227 573 374 627 κατὰ
388 575 488 644 τὴν
505 574 736 644 ἀρχαίαν
757 577 1182 650 συνήθειαν.Ηοο
1198 591 1280 637 est
1301 603 1316 638 :
1337 581 1530 638 Fratre
1545 585 1806 656 et'collega

225 674 416 719 nostra
439 665 644 720 Joanne
677 667 838 738 Cypri
855 671 1244 743 archiepiscopo
1258 691 1363 728 una
1395 693 1512 730 cum
1540 677 1683 746 plebe
1709 694 1808 732 sua

226 753 288 808 in
309 753 715 824 Hellespontum
743 761 1088 828 provinciam,
1125 771 1177 815 et
1204 775 1418 832 propter
1445 763 1807 820 Barbarorum

226 843 582 910 incursiones,
613 855 662 900 et
701 857 758 901 ut
804 849 869 902 ab
913 851 1242 904 ethnicorum
1285 854 1602 909 eximeretur
1642 857 1809 910 servi-

237 942 372 998 tute,
404 946 710 1008 sceptroque
750 949 958 993 tantum
992 939 1436 997 Christianissimi
1474 947 1682 1014 imperii
1715 962 1810 1014 pa-

229 1033 403 1090 reret,
450 1027 598 1081 dicta
645 1045 710 1083 ea:
754 1031 933 1084 insula
979 1042 1340 1104 transgresso,
1391 1035 1661 1092 clementis
1713 1037 1811 1092 Dei

225 1119 584 1187 providentia,
619 1139 874 1194 operaque
906 1123 1177 1180 Christum
1211 1129 1444 1184 amantis
1501 1131 1678 1200 piique
1709 1131 1822 1183 im:

227 1211 491 1276 peratoris
519 1213 708 1278 nostri,
739 1213 1086 1280 decrevimus,
1117 1227 1172 1271 ut
1201 1219 1360 1288 ﬁrma
1386 1231 1658 1288 maneant,
1692 1239 1810 1293 quin

227 1299 299 1352 ab
349 1303 550 1356 sanctis
583 1302 838 1361 I’atribus
871 1305 1062 1375 Ephesi
1094 1308 1220 1362 olim
1258 1313 1587 1382 congregatis
1623 1313 1810 1368 throno

109 1398 113 1404 '
227 1388 446 1446 laudati
493 1393 873 1464 archiepiscopi
918 1413 1165 1454 concessa
1205 1409 1327 1454 sunt
1365 1403 1664 1472 privilegia,
1709 1405 1804 1458 ha-

231 1480 457 1552 beatque
499 1501 635 1540 nova
669 1483 1114 1558 lustinianopolis
1153 1491 1246 1560 jus
1293 1489 1804 1562 Constantinopolis,

229 1572 429 1642 quique
485 1574 570 1629 illi
625 1577 905 1646 impositus
965 1583 1337 1636 sanctissimus
1388 1583 1660 1652 episcopus
1711 1584 1808 1636 toti

229 1671 418 1738 prtesit
467 1670 794 1742 Hellesponti
833 1677 1135 1744 provinciae,
1189 1686 1238 1730 et
1291 1676 1356 1730 ab
1402 1677 1514 1731 suis
1555 1677 1807 1748 episcopis

229 1750 425 1816 manus
468 1762 854 1830 impositionem
882 1783 978 1836 pro
1019 1769 1178 1822 veteri
1211 1785 1353 1822 more
1393 1769 1641 1836 accipiat.
1682 1769 1807 1825 [lane

229 1851 353 1921 ipsa
405 1855 588 1908 omnia
633 1855 858 1927 attingit
903 1857 1184 1928 Augustus
1233 1859 1472 1929 scriptor
1539 1863 1808 1916 Constan-
1841 1846 1880 1902 Β

230 1943 386 1998 tinus
415 1944 932 2018 Porphyrogenneta
963 1949 1058 2004 lib.
1100 1951 1168 2004 de
1209 1951 1354 2006 adm.
1394 1951 1526 2022 imp.
1555 1967 1676 2023 cap.
1712 1954 1804 2019 47,

231 2033 334 2089 sed
385 2033 546 2104 (qua:
587 2048 844 2110 perpetua
889 2039 1050 2096 istius
1087 2041 1251 2094 libelli
1299 2041 1617 2110 calamitas)
1667 2044 1806 2101 mite

230 2122 291 2179 in
321 2139 594 2183 annorum
625 2128 1006 2200 designatione
1041 2133 1389 2188 librariorum
1427 2135 1584 2204 culpa
1609 2151 1806 2204 pecca-

231 2228 374 2274 tum.
413 2217 513 2288 Sic
554 2222 718 2294 igitur
758 2225 978 2296 inquit:
1009 2226 1120 2299 Τῆς
1157 2230 1326 2302 νήσου
1360 2229 1669 2299 ἀλωθείσης
1700 2232 1807 2286 ὑπὸ

229 2309 344 2364 τῶν
388 2312 794 2386 Σαῤῥακηνῶν,
859 2318 954 2371 καὶ⁸
1001 2319 1096 2372 ἐπὶ
1144 2321 1284 2376 ἑπτὰ
1329 2321 1506 2376 ἐτεσιν
1549 2323 1804 2394 ἀοικήτου

235 2401 536 2472 μεινάσης,
593 2406 689 2458 xui.
734 2406 829 2460 τοῦ
869 2410 1306 2481 ἀρχιεπισκόπου
1371 2413 1620 2467 Ἰωάννου
1669 2413 1808 2484 μετὰ

229 2489 328 2544 τοῦ
357 2489 488 2545 λαοῦ
529 2493 696 2548 αὑτοῦ
730 2496 867 2567 πρὸς
907 2498 1006 2570 τήν
1048 2497 1439 2569 βασιλεύουσαν
1475 2501 1811 2574 καταλαϐόν-

229 2597 358 2649 τος,
390 2583 604 2652 ἐγένετο
637 2587 918 2658 οἰκονομία
967 2589 1118 2658 παρὰ
1149 2590 1242 2644 τοῦ
1283 2589 1550 2662 βασιλέως
1587 2593 1808 2646 Ἰουστίο

233 2673 416 2726 νιανοῦ
445 2676 504 2728 ὲν
531 2677 596 2747 τῇ
632 2677 766 2749 ἁγίᾳ
799 2677 933 2750 ἕκτῃ
960 2681 1162 2751 συνόδῳ
1194 2679 1290 2734 τοῦ
1316 2681 1415 2748 τὴν
1442 2681 1677 2745 Κύζινον
1707 2699 1812 2738 πα·

238 2763 494 2834 ραλασεῖν
522 2766 661 2837 μετὰ
707 2767 818 2822 τῶν
866 2769 1183 2825 ἐπισκόπων
1218 2771 1383 2826 αὑτοῦ
1427 2771 1520 2827 καὶ
1564 2774 1660 2827 τοῦ
1674 2773 1808 2828 λαοῦ

233 2853 334 2924 τῆς
358 2855 547 2926 νήσου,
589 2857 684 2910 καὶ
711 2857 982 2912 ποιεῖσθαι
1031 2861 1123 2914 καὶ
1160 2863 1494 2932 χειροτονίας
1535 2863 1696 2934 ἡνίκα
1744 2865 1809 2918 ἂν

235 2944 396 3016 λείψῃ
438 2947 755 3017 ἐπίσκοπος,
783 2951 923 3022 πρὸς
955 2951 1017 3005 τὸ
1063 2951 1140 3024 μὴ
1187 2952 1464 3006 διαπεσεῖν
1495 2953 1593 3024 τὴν
1617 2953 1812 3009 αὐθεν-

1909 603 2049 658 πρου
2080 587 2344 642 ἀπολύσει
2385 591 2468 653 είς
2509 591 2608 644 τὸν
2640 589 2772 643 ἴδιον
2810 591 3000 646 τόπον.
3037 593 3146 647 Καὶ
3177 592 3496 656 ὑπακούσας

1907 678 1938 732 ὁ
1987 679 2408 750 Ἀμερμουμνὴς
2447 683 2512 751 τῇ
2547 679 2649 734 τοῦ
2679 679 2942 745 βασιλέως
2967 684 3180 755 γραφῇ,
3207 681 3496 735 ἀπέστειλε

1907 767 2049 820 κατὰ
2066 767 2246 838 πάσης
2265 770 2364 839 τῆς
2383 770 2582 840 Συρίας
2605 771 2854 836 ἐνδόξους
2875 772 3282 842 Σαρρακηνοὺς,
3300 773 3496 826 saecli-

1912 875 2070 928 ρευσε
2097 860 2306 923 πάντας
2331 860 2458 924 τοὺς
2479 862 2818 931 Κυπρίους,ι
2844 863 2936 914 καὶ
2961 862 3280 933 διεπέρασεν
3301 863 3382 926 εἰς
3403 864 3496 916 τὸν

1912 950 2040 1003 ἴδιον
2067 950 2228 1003 τόπον
2255 967 2268 980 ⁸
2301 949 2595 1004 ἀπέστειλε
2634 951 2694 1004 δὲ
2725 951 2820 1003 καὶ
2851 953 2876 1003 ὁ
2910 951 3164 1020 βασιλεὺς
3193 949 3493 1020 βασιλικὸν,

1909 1041 2004 1096 καὶ
2035 1039 2328 1110 διεπέρασε
2350 1083 2366 1106 ,
2408 1043 2501 1096 καὶ
2536 1043 2665 1106 τοὺς
2708 1043 2770 1094 ἐν
2804 1042 3088 1113 Ῥωμανᾱμ
3124 1041 3494 1112 οἰκήσαντας,

1909 1129 2074 1201 ήγουν
2097 1129 2154 1183 ἒν
2191 1147 2250 1184 τε
2288 1134 2355 1202 τῇ
2383 1131 2626 1202 Κυζίκῳ,
2659 1133 2758 1186 καὶ
2793 1132 2873 1201 τῷ
2907 1131 3366 1203 Κιϐυρραιωτῶν,
3400 1133 3496 1186 καὶ

1907 1219 1986 1290 τῷ
2003 1219 2316 1292 Θρακησίῳ,
2336 1221 2432 1273 καὶ
2449 1221 2716 1292 ἐνῳκίσθη
2737 1223 2772 1290 ή
2791 1221 2976 1291 νῆσος.
2993 1221 3108 1276 Hoc
3132 1231 3216 1275 est
3234 1237 3246 1273 :
3275 1217 3401 1273 Post
3419 1237 3490 1274 vn

1909 1326 2075 1364 annos
2127 1311 2378 1380 (auctore
2415 1312 2562 1384 Deo)
2604 1314 2748 1366 stetit
2792 1313 3101 1383 imperatori
3136 1313 3496 1381 redintegrare

1910 1401 2108 1455 civibus
2137 1401 2390 1472 Cyprum.
2425 1401 2598 1458 Proin
2627 1405 2772 1457 misit
2797 1404 2868 1456 ad
2902 1404 3319 1456 Amermumnem
3352 1401 3486 1472 Bay-

1909 1493 2016 1546 dad
2039 1505 2143 1548 tres
2168 1511 2195 1548 e
2217 1496 2478 1564 primaria
2504 1496 2781 1548 nobilitate
2809 1494 2974 1564 Cypri
2995 1493 3270 1564 indigenas
3295 1491 3495 1563 (Phan-

1911 1602 2089 1655 yumes
2128 1587 2482 1652 vocabantur)
2523 1587 2708 1641 addito
2751 1573 3082 1645 eicontitatu
3119 1601 3215 1640 suo
3262 1585 3410 1656 gravi
3444 1595 3493 1638 et

1855 1712 1873 1732 ι
1909 1677 2107 1732 illustri
2135 1679 2246 1732 viro
2266 1719 2282 1745 ,
2305 1680 2534 1732 scribens
2571 1679 2973 1744 ﬁmermumni,
3013 1686 3072 1731 ut
3117 1675 3368 1744 Cyprium
3397 1689 3496 1743 po-

1907 1770 2092 1839 pulum
2132 1771 2188 1823 in
2223 1768 2382 1840 Syria
2413 1770 2742 1822 exsulantem
2775 1769 2992 1822 domum
3036 1768 3344 1820 dimitteret.
3379 1767 3494 1817 An-

1909 1861 2024 1914 nuit
2067 1861 2405 1930 imperatoris
2449 1862 2582 1916 votis
2620 1864 3066 1923 Amermumnes,
3111 1857 3354 1925 misitque
3403 1871 3496 1924 per

1909 1954 2204 2007 universam
2233 1951 2446 2023 Syriam
2493 1955 2687 2007 summi
2741 1953 2969 2006 nominis
3019 1951 3314 2006 Saracenos
3343 1986 3358 2013 ,
3404 1945 3496 2016 qui

1907 2043 2128 2114 Cyprios
2159 2062 2336 2100 omnes
2363 2047 2724 2115 perquirereut
2745 2083 2762 2109 ,
2790 2060 2979 2114 eosque
3003 2043 3056 2096 in
3087 2043 3322 2110 patriam
3349 2039 3494 2092 able-

1907 2144 2114 2204 gareut.
2143 2137 2224 2187 Ad
2257 2135 2366 2190 hazc
2405 2137 2544 2190 misit
2589 2137 2880 2204 imperator
2908 2148 2972 2188 ex
3005 2133 3131 2187 aula
3165 2133 3368 2196 virum,
3403 2134 3500 2200 qui

1906 2227 1962 2280 in
1983 2227 2237 2297 pristinas
2257 2229 2402 2282 sedes
2432 2229 2768 2292 amandaret,
2799 2237 3054 2298 quotquot
3084 2245 3110 2281 e
3137 2215 3352 2296 Cypriis
3385 2223 3487 2277 Ho-

1907 2318 2160 2383 maniam,
2187 2302 2458 2388 Cynicum,
2489 2319 2662 2374 thema
2688 2318 3182 2391 Cibyrrhwotirum,
3215 2333 3278 2370 ac
3317 2313 3491 2367 Thra-

1907 2409 2100 2461 cesium
2139 2409 2414 2480 degerent,
2455 2411 2633 2480 sicque
2675 2410 2848 2465 insula
2894 2411 3088 2463 iterum
3132 2408 3484 2477 frequentata.

1907 2504 2098 2556 Annus
2127 2503 2340 2570 scriptae
2381 2503 2529 2570 pacis
2573 2503 2718 2556 inter
2769 2501 3140 2558 Justinianum
3189 2509 3242 2554 et
3279 2497 3484 2556 Habdio

1911 2591 2116 2644 melech
2163 2589 2263 2645 fuit
2306 2591 2511 2660 primus
2538 2591 2837 2647 Justiniani
2863 2629 2880 2654 ,
2911 2605 3022 2658 quo
3061 2589 3211 2645 solus
3261 2602 3488 2658 regnare

1908 2682 2103 2752 cuspit,
2133 2683 2236 2736 hoc
2263 2693 2346 2737 est
2374 2681 2576 2738 Christi
2613 2683 2976 2754 Dionysianus
3029 2681 3171 2745 635,
3219 2679 3483 2750 quemad-

1911 2773 2126 2826 modum
2160 2775 2226 2828 ab
2255 2774 2669 2828 accuratissimo
2696 2772 3029 2842 Theophane
3057 2771 3312 2826 traditum
3341 2787 3357 2836 ;
3385 2783 3488 2823 an—

1911 2876 2016 2918 nus
2039 2865 2228 2934 synodi
2255 2863 2382 2922 680.
2413 2867 2496 2919 Ab
2525 2871 2736 2936 synodo
2765 2865 2926 2932 igitur
2951 2863 3016 2917 ad
3043 2863 3232 2931 patria:
3259 2861 3488 2916 reditum

1909 2955 2232 3026 Cypriorum
2269 2957 2636 3011 intercessere
2657 2956 2782 3010 anni
2815 2955 2878 3020 5,
2902 2954 2994 3024 qui
3038 2951 3394 3018 restituendi,
3434 2959 3492 3004 ut

237 3037 362 3128 τίαν
389 3037 484 3091 καὶ⁵
514 3039 584 3094 τὰ
605 3040 794 3097 δίκαια
837 3046 938 3115 τῆς
969 3043 1198 3114 Κύπρου
1225 3061 1240 3075 ·
1272 3045 1366 3098 καὶ
1397 3044 1506 3116 γὰρ
1533 3045 1627 3099 καὶ
1649 3045 1812 3110 αὐτὸς

1915 3053 2118 3120 legatur
2149 3048 2302 3128 pstea
2333 3047 2496 3100 πέντε
2525 3047 2621 3117 ἔτη
2673 3061 2772 3116 pro
2805 3045 2947 3116 μετὰ
2977 3044 3116 3097 ἑπτὰ
3148 3044 3266 3114 ἔτη.
3303 3041 3493 3110 Neque

237 3129 268 3179 ὀ
319 3127 691 3195 Ἰουστινιανδς
745 3131 996 3202 βασιλεὺς
1053 3133 1300 3206 Κύπριος
1353 3129 1444 3206 ἦν,
1483 3134 1668 3198 καθὼς
1719 3137 1812 3190 καὶ

1915 3143 2125 3207 dubita,
2161 3127 2291 3210 quin
2318 3137 3046 3209 epilogismusinsntnetnlus
3076 3137 3260 3190 habita
3281 3133 3492 3210 ratione

241 3219 392 3290 παρὰ
421 3219 530 3274 τῶν
561 3221 806 3277 παλαιῶν
849 3223 1116 3296 Κυπρίων
1145 3226 1173 3278 ό
1205 3224 1360 3296 λόγος
1391 3225 1554 3298 μέχρι
1582 3227 1682 3296 τῆς
1719 3227 1814 3297 σή-

247 3327 416 3382 μερον
467 3313 866 3387 ἐπεκράτησεν.
907 3315 1074 3371 Ὥστε
1106 3317 1202 3370 καὶ
1241 3317 1452 3389 ὡρίσθη
1481 3319 1541 3372 ὲν
1577 3319 1656 3388 τῇ
1683 3318 1817 3390 ἁγίᾳ

243 3399 374 3472 ἕκτῃ
405 3403 606 3474 συνόδῳ
630 3409 952 3479 χειροτονεῖν
985 3407 1076 3461 τδν
1117 3406 1546 3478 ἀρχιεπίσκοπον
1584 3405 1816 3476 Κύπρου

245 3491 338 3546 τὸν
369 3494 467 3564 τῆς
488 3494 732 3559 Κυζίκου
757 3497 1019 3570 πρόεδρον
1045 3513 1060 3527 ·
1089 3497 1270 3560 καθὼς
1290 3499 1347 3552 ὲν
1367 3497 1444 3567 τῷ
1461 3494 1543 3548 τθ’
1563 3495 1696 3567 (lege
1717 3493 1818 3568 λθν)

251 3584 533 3656 κεφαλαίῳ
556 3587 662 3656 τῆς
691 3588 863 3657 αὐτῆς
887 3588 1048 3656 ἁγίας
1075 3587 1242 3658 ἕκτης
1265 3589 1484 3642 συνόδου
1512 3588 1821 3660 ἀναγέγρα-

234 3662 402 3731 ἶιτται.
453 3675 568 3732 Hoc
598 3685 682 3732 est
715 3695 730 3732 :
780 3677 1049 3747 Occupata
1079 3679 1258 3733 insula
1295 3679 1359 3732 ab
1403 3679 1738 3744 Sarracenis,
1769 3688 1820 3734 et

253 3782 422 3821 annos
449 3783 525 3822 vn
557 3771 669 3823 sine
703 3769 966 3840 indigenis
1009 3781 1272 3836 manente,
1309 3787 1429 3826 cum
1465 3771 1822 3828 diversaretur

249 3859 482 3916 Joannes
537 3861 957 3933 archiepiscopus
1015 3881 1116 3918 sua
1169 3880 1288 3917 cum
1341 3863 1487 3934 plebe
1562 3865 1707 3935 regia
1765 3865 1820 3920 in

251 3951 398 4018 urbe,
441 3968 508 4007 ex
549 3955 868 4010 auctoritate
898 3953 1194 4012 Iustiniani
1229 3955 1365 4025 Aug.
1418 3956 1472 4008 in
1543 3963 1730 4009 sancta
1763 3971 1819 4012 Vt

249 4045 449 4116 synodo
491 4045 780 4111 decretum,
828 4055 889 4100 ut
931 4044 1126 4118 Cyzico
1165 4057 1577 4116 pra'poneretur,
1609 4047 1822 4118 ejusque

249 4134 535 4203 provincia:
558 4134 838 4204 episcopis,
865 4151 927 4191 ac
947 4135 1160 4204 populo,
1197 4123 1488 4207 manusque
1518 4137 1822 4206 impositio-

251 4243 370 4282 nem
402 4236 790 4298 exsequeretur,
839 4243 904 4282 ne
944 4227 1217 4296 deﬁciente
1261 4229 1504 4298 episcopo
1549 4229 1822 4284 interirent

251 4318 489 4386 deinceps
523 4317 816 4372 auctoritas
856 4326 908 4373 et
933 4318 1059 4388 iura
1099 4317 1282 4390 Cypri.
1325 4317 1450 4388 Ipse
1476 4323 1617 4374 enim
1643 4320 1820 4376 Justi-

253 4407 446 4461 nianus
497 4406 720 4478 Cyprius
762 4415 900 4474 erat,
935 4418 990 4462 ut
1039 4409 1181 4461 avita
1214 4405 1532 4478 Cypriorum
1578 4409 1728 4478 fama
1766 4412 1822 4466 in

1837 3185 1880 3234 C

1915 3233 2044 3288 anni
2081 3231 2271 3303 synodi
2301 3246 2374 3296 VI,
2408 3245 2516 3284 non
2549 3245 2678 3285 vero
2715 3229 3045 3298 quinisextze
3067 3267 3082 3293 ,
3117 3237 3318 3282 coacta:
3345 3204 3492 3280 arino

1917 3323 2042 3388 691,
2065 3335 2184 3388 quae
2207 3321 2354 3391 quod
2375 3320 2814 3390 supplementum
2840 3333 2870 3371 ν
2898 3327 2951 3373 et
2979 3333 3026 3370 γι
3049 3317 3260 3389 synodi,
3289 3315 3492 3370 idcirco

1919 3413 1974 3466 in
2009 3427 2057 3464 νι
2085 3410 2294 3479 synodo
2319 3421 2565 3464 sanctum
2592 3409 2696 3462 dici
2729 3408 3002 3478 potuerit,
3034 3410 3177 3474 quod
3217 3420 3406 3476 reapse
3439 3406 3490 3460 in

1919 3501 2226 3570 quinisexta
2257 3539 2272 3564 ,
2304 3500 2465 3552 annis
2495 3499 2705 3553 scilicet
2736 3500 2796 3551 ll
2839 3509 2980 3567 post.
3013 3498 3069 3552 ιιι
3111 3500 3156 3553 si
3189 3499 3492 3560 arbitrere,

1920 3601 2014 3645 aut
2056 3590 2298 3658 stuporis
2355 3603 2554 3658 arguas
2602 3589 2977 3642 doctissimum
3035 3587 3341 3652 Caesarem,
3398 3598 3496 3642 aut

1921 3687 2164 3735 monstra
2197 3679 2292 3734 tibi
2329 3679 2529 3747 paries.
2567 3677 2707 3744 Quid
2751 3677 2935 3731 enim?
2973 3676 3316 3732 Justiniauus
3361 3693 3494 3733 con-

1921 3775 2109 3830 stituta
2153 3771 2322 3828 semel
2367 3785 2498 3841 pace
2545 3784 2670 3824 cum
2732 3769 3123 3824 llabdimclecb
3171 3784 3312 3824 anno
3353 3768 3494 3832 685,

1921 3881 2066 3921 anno
2093 3865 2232 3930 690,
2271 3863 2362 3932 qui
2398 3861 2432 3916 6
2463 3861 2582 3931 ejus
2614 3861 2757 3930 regni
2789 3860 2856 3914 ab
2875 3874 3106 3915 excessu
3140 3859 3487 3916 Constantini
3562 3916 3575 3930 ,
3658 3893 3665 3901 -

1923 3957 2115 4028 patris,
2150 3955 2310 4023 fregit
2341 3955 2510 4017 illam,
2535 3953 2806 4024 jussitque
2840 3953 3140 4022 demigrare
3169 3954 3361 4008 iterum
3389 3954 3498 4025 Cy-

1923 4050 2072 4118 prios
2103 4064 2172 4103 ex
2201 4047 2400 4112 insula,
2433 4060 2553 4116 qua
2586 4045 2784 4114 partim
2817 4043 2945 4108 sibi,
2977 4047 3172 4113 partim
3206 4043 3498 4100 llabdime-

1923 4139 2039 4194 lech
2067 4137 2316 4202 serviret,
2347 4135 2492 4206 quod
2523 4149 2694 4191 unum
2725 4149 2788 4186 ex
2817 4133 2962 4203 pacis
2992 4133 3169 4188 fuerat
3190 4132 3500 4202 capitibus?

1925 4231 2192 4302 (Thesph.
2237 4230 2290 4283 in
2333 4227 2564 4298 Chron.)
2615 4225 2734 4280 Jam
2771 4227 2816 4281 si
2853 4241 2996 4280 nmio
3033 4225 3134 4280 690
3168 4227 3315 4295 pacis
3355 4227 3499 4295 leges

1925 4321 2172 4386 violatae,
2207 4319 2479 4388 domoque
2508 4316 2736 4388 egressi,
2755 4314 2972 4386 Cyprii,
3013 4314 3059 4370 si
3090 4329 3234 4368 almo
3265 4312 3363 4369 69l
3400 4313 3500 4368 ba-

1924 4412 2033 4467 bita
2083 4409 2324 4481 synodus
2371 4407 2718 4478 quiuisexta,
2776 4406 2869 4459 ubi
2927 4404 3302 4475 septennium'
3333 4403 3496 4470 illud,

253 4497 390 4554 hunc
425 4515 588 4570 usque
629 4499 768 4554 diem
804 4499 1083 4572 praedicat.
1117 4499 1394 4555 Statutum
1429 4503 1633 4572 pariter
1683 4503 1740 4558 in
1767 4520 1822 4560 Vt
1857 4507 1898 4561 Ι)
1929 4503 2069 4570 quod
2136 4515 2168 4554 a
2229 4499 2555 4571 Cypriorum
2630 4495 3032 4566 μεταναστάσει
3101 4497 3169 4550 ad
3227 4496 3498 4568 synodum

254 4601 441 4646 sancta
465 4591 688 4662 synodo,
728 4601 786 4646 ut
828 4593 916 4663 qui
955 4591 1138 4662 Cyzici
1169 4593 1332 4662 fuerit
1360 4593 1722 4662 metropolita,
1756 4596 1820 4650 ab
1927 4598 2181 4666 numerat
2202 4588 2594 4646 Constantinus
2615 4585 2763 4640 ?Sed
2789 4585 2890 4640 hoc
2907 4587 3298 4654 levezgravius
3314 4601 3497 4654 urgeo.

260 4683 648 4753 archiepiscopo
692 4682 854 4755 Cypri
897 4685 1332 4755 inauguraretur,
1379 4686 1821 4756 quemadmodum
1922 4684 2006 4738 Ab
2047 4695 2192 4736 anno
2225 4680 2363 4758 69οι,
2411 4694 2519 4750 quo
2562 4692 2714 4734 novae
2759 4680 2965 4734 oborta:
3007 4679 3316 4732 simultates
3359 4677 3500 4731 inter

254 4790 370 4844 cap.
400 4774 468 4832 59
487 4775 652 4846 ipsius
683 4788 884 4831 sanctae
936 4776 1126 4848 synodi
1175 4777 1452 4845 scriptum.
1487 4777 1626 4832 Cum
1658 4794 1824 4850 syno-

253 4866 359 4921 dus
389 4881 442 4920 vt
487 4865 715 4922 coiverit
743 4882 890 4923 anno
914 4867 1041 4932 680,
1087 4882 1212 4922 cum
1247 4865 1431 4940 Cyprii
1455 4867 1620 4922 domo
1649 4869 1824 4924 demi-

255 4959 464 5030 grarint
499 4974 646 5014 anno
677 4959 802 5024 648,
834 4975 944 5015 non
979 4959 1058 5013 illi
1093 4959 1165 5014 ab
1189 4974 1335 5015 anno
1369 4962 1826 5030 μεταναστάσεως

257 5069 372 5110 suae
395 5053 464 5108 ad
499 5055 768 5124 synodum
810 5053 960 5108 illam
993 5067 1286 5107 numerare
1335 5053 1612 5122 potuerint
1641 5054 1824 5110 minus

256 5143 422 5198 annis
447 5143 537 5198 3i.
578 5142 768 5213 Itaque
795 5158 894 5212 pro
919 5156 1007 5206 eo,
1043 5140 1187 5210 quod
1205 5147 1390 5196 exstat
1424 5139 1518 5196 ἐπὶ
1545 5140 1590 5204 ζ’
1625 5139 1824 5204 ἔτεσιν,

257 5233 658 5288 emendandum
699 5233 794 5288 ἐπὶ
837 5232 917 5303 λβ¹
945 5231 1142 5285 ἐτεσιν.
1180 5228 1362 5300 Pergit
1390 5229 1780 5286 Constantinus
1811 5249 1824 5286 :

255 5323 408 5381 Μετά
435 5324 493 5378 δὲ
528 5324 669 5378 ἑπτὰ
706 5323 802 5394 ἐτη
834 5324 1051 5394 θελήσει
1083 5319 1218 5375 Θεοῦ
1247 5319 1472 5392 ἐκινήθη
1507 5320 1536 5373 ὁ
1575 5320 1830 5392 βασιλεὺς

186 5439 192 5444 ’
258 5415 424 5470 πάλιν
455 5415 682 5484 οίκῆσαι
712 5417 812 5484 τὴν
839 5413 1088 5484 Κύπρον,
1128 5413 1224 5466 καὶ
1253 5411 1539 5466 ἀπέστειλε
1570 5413 1709 5482 πρὸς
1739 5411 1830 5467 τὸν

270 5504 694 5578 Ἀμερμουμνήν
715 5505 808 5558 τοῦ
835 5503 1047 5572 Βαγδὰδ
1085 5503 1243 5573 311
1271 5505 1420 5574 τρεῖς
1455 5502 1564 5556 τῶν
1603 5503 1828 5570 ἐνδόξων

259 5596 546 5667 Κυπρίων,
573 5593 898 5665 αὐτόχθονας
923 5593 1024 5666 τῆς
1048 5594 1220 5664 αὐτῆς
1243 5595 1406 5662 νήσου
1441 5593 1828 5663 τυγχάνοντας,

259 5689 390 5750 τοὺς
432 5685 762 5756 λεγομένους
805 5685 1182 5755 φαγγουμεῖς,
1231 5683 1370 5752 μετὰ
1413 5685 1508 5737 κα)⁹
1550 5684 1829 5762 βασιλικοῦ

260 5797 406 5844 τινος
447 5776 672 5849 ἀγχίνοι)
721 5776 813 5830 τοῦ
859 5777 952 5830 καὶ
997 5775 1206 5843 ὲνῗόξου
1243 5775 1456 5848 γράψας
1506 5774 1581 5848 τῷ
1627 5777 1824 5848 Ἀμερ-

1923 4769 2293 4824 Justiniauum
2360 4775 2417 4823 et.
2485 4765 2906 4832 Ilabdimelech,
2955 4780 3232 4834 nunquam
3273 4765 3504 4834 amplius

1925 4861 2102 4924 bella,
2146 4859 2383 4927 odiaque
2423 4859 2599 4927 posita
2638 4859 2706 4912 ab
2748 4858 2988 4914 Arabum
3029 4855 3501 4928 Protosymbolis,

1925 4963 1980 5008 et
2021 4951 2642 5020 Constantinopolitanis
2673 4951 3020 5017 Ctesaribus,
3066 4952 3208 5005 unde
3237 4949 3506 5006 Christia-

1926 5056 2123 5097 norum
2166 5053 2254 5094 res
2279 5041 2584 5095 deteriores
2610 5041 2665 5094 in
2699 5040 2816 5096 dies
2839 5039 3000 5096 factae
3021 5079 3040 5104 ,
3074 5040 3251 5097 donec
3287 5043 3504 5098 tandem

1928 5134 2087 5189 sedes
2107 5131 2224 5199 ipsa
2250 5129 2459 5198 imperii
2491 5129 2814 5201 Byzantium
2845 5133 2895 5185 in
2931 5131 3291 5186 Barbarorum
3316 5143 3505 5204 tyran-

1929 5224 2108 5279 nidem
2147 5222 2437 5277 concessit.
2475 5221 2660 5290 Itaque
2689 5223 2736 5277 si
2772 5238 2917 5279 οιιιιο
2943 5223 3048 5279 690
3086 5225 3280 5280 iterum
3315 5226 3502 5298 Cyprii

1929 5316 2101 5387 patria
2135 5315 2490 5378 exsularunt,
2537 5315 2628 5384 qui
2675 5313 3014 5372 Justinianus
3052 5319 3338 5386 septennia
3381 5329 3500 5388 post

1929 5407 2189 5478 paciﬁcos
2230 5405 2497 5474 delegarit
2535 5405 2908 5461 internuntios
2929 5407 3023 5478 ‘ad
3075 5407 3501 5475 Habdimeleclt,
3571 5473 3582 5482 1

1929 5501 2148 5575 quando
2167 5515 2292 5556 cum
2327 5514 2412 5565 eo,
2437 5501 2588 5568 iacto
2621 5501 2790 5555 semel
2826 5501 3238 5556 inimicitiarum
3272 5501 3501 5562 semine,

1931 5607 2212 5662 nunquam
2265 5589 2500 5658 amplius
2543 5591 2596 5643 in
2667 5592 2968 5646 amicitiam
3017 5590 3286 5654 reditum,
3327 5604 3506 5658 neque

1933 5699 2075 5741 anno
2104 5681 2206 5737 697
2244 5682 2356 5752 ipse
2383 5679 2728 5738 Justinianus
2763 5683 3347 5752 ConstantinOpolitani
3383 5697 3502 5737 sce-

1933 5776 2036 5848 ptri
2072 5775 2352 5847 potiretur,
2382 5772 2471 5828 sed
2503 5773 2760 5830 Leontius
2783 5815 2798 5841 ,
2840 5790 2865 5830 a
2897 5789 3004 5846 quo
3035 5789 3202 5846 regno
3243 5773 3499 5829 abactas!
