4038 6274
603 339 698 404 121
711 337 735 401 l

1485 339 1588 398 DE
1606 338 1865 398 mars
1900 339 1961 400 s.
1996 337 2377 399 GREGORII
2413 315 2922 398 AGRIGENTlNI

552 509 561 518 .
596 444 669 499 Ut
715 443 878 514 igitur
913 450 1092 509 stent,
1137 457 1260 512 quae
1293 414 1687 498 Constantinus
1711 445 1926 514 prodit,
1954 446 2177 499 omnino
2204 458 2249 512 Α
2279 460 2358 515 go:
2381 444 2608 513 episcopi
2629 455 2820 514 prauo
2847 451 3014 498 essent
3039 443 3107 496 ad
3135 439 3417 495 radicitus
3443 437 3728 504 eoellrnda,
3750 462 3836 514 qua

597 531 1002 598 alllrmandum,
1027 530 1256 604 Cyprios
1281 533 1458 588 exsilii
1493 535 1599 600 sui,
1626 534 1784 604 cujus
1813 524 2019 602 epo'cha
2055 534 2176 588 iniit

596 639 740 680 anno
755 622 882 686 648,
905 638 1076 678 annos
1109 623 1180 676 32
1228 625 1607 690 censentibus,
1631 625 1978 695 praepositum
2006 624 2183 680 locu--

595 731 719 772 nem
751 715 915 786 Cypri
947 715 1416 784 archiepiscopum
1451 715 1806 784 Hellesponto
1839 716 2170 786 provinciae',

601 811 656 866 in
699 822 805 878 qua
841 805 1237 874 αὕτοκεφαλίας
1262 807 1386 876 jura
1425 819 1726 871 exerceret,
1751 809 1913 878 idque
1943 822 2071 862 vero
2109 823 2172 860 ex

599 897 921 950 auctoritate
967 893 1185 948 concilii
1247 910 1296 946 vt
1349 893 1668 948 (ecttmenici
1701 896 1828 946 anni
1877 891 1981 946 680
2014 891 2176 959 quin-

598 983 842 1054 quennio
871 991 1013 1052 post,
1049 997 1194 1037 anno
1225 981 1437 1036 scilicet
1471 979 1578 1034 685
1610 979 1821 1048 patrios
1855 977 1996 1032 lares
2034 975 2175 1030 revi-

601 1073 746 1129 sissc
785 1075 915 1140 imp.
951 1071 1239 1128 Iustiniani
1280 1085 1441 1138 opera
1467 1109 1482 1132 ,
1515 1069 1608 1138 qui
1645 1083 1762 1123 eam
1798 1070 1864 1121 ad
1893 1082 2008 1120 rem
2045 1081 2180 1120 ora-

601 1173 750 1218 tores
789 1163 999 1217 miserit
1035 1163 1099 1216 ad
1141 1161 1528 1216 Habdimelech
1551 1201 1564 1226 ,
1590 1159 1788 1229 quibus
1819 1156 2050 1212 feliciter
2079 1157 2176 1210 ad-

603 1253 821 1306 modum
853 1253 989 1307 exiit
1027 1252 1247 1318 legatio.
1295 1251 1636 1319 Quaproltter
1675 1249 1776 1320 (ut
1821 1249 1873 1301 iu
1909 1249 2052 1300 viam
2097 1261 2182 1300 re-

530 1407 543 1414 ,
603 1343 760 1397 deam
808 1343 895 1410 (si
941 1358 1133 1413 passus
1190 1343 1823 1412 Cotistautiuopolitanus
1871 1338 2110 1410 pontifex
2147 1352 2179 1392 e

605 1435 934 1502 patriarchia
979 1449 1076 1488 sua
1107 1434 1291 1488 divelli
1341 1433 1632 1486 maximam
1677 1429 2009 1500 Hellesponti
2052 1443 2178 1500 pro-

604 1523 839 1578 vinciam
870 1563 885 1587 ,
919 1525 971 1577 in
1007 1539 1109 1592 qua
1140 1521 1378 1576 Joannes
1417 1521 1934 1589 archiepiscopalem
1969 1529 2178 1589 gereret

606 1616 1010 1684 magistratum,
1045 1613 1234 1683 quidni
1267 1653 1281 1678 ,
1311 1620 1604 1681 antequam
1635 1620 1842 1664 mactus
1878 1610 1964 1663 illa
1989 1608 2178 1672 fuerit,

609 1705 881 1760 exstincto
913 1703 1150 1760 Sardium
1181 1706 1470 1774 episcopo,
1495 1718 1556 1756 ea
1589 1702 1692 1757 sibi
1726 1701 1966 1756 Ecclesia
1991 1699 2178 1754 credo.

2278 535 2588 588 exstiterant
2621 528 2854 587 zizania.
2883 531 3114 602 Insuper
3156 545 3291 586 cum
3356 530 3481 584 huic
3529 545 3651 583 mox
3687 533 3834 599 addit,

2277 623 2554 692 praeterito
2617 623 2838 690 insuper
2888 620 3118 692 Augusti
3183 619 3432 674 nomine
3477 635 3492 671 :
3548 616 3638 672 Ita
3687 623 3836 677 multa

2277 711 2737 782 Constantinopoli
2765 717 2946 765 beatus
2975 711 3054 765 vir
3081 710 3250 764 edidit
3287 725 3420 762 cum
3453 707 3530 762 ad
3559 709 3834 777 dicendum,

2276 815 2386 858 tum
2417 803 2487 861 ad
2523 803 2852 858 laudandum
2896 805 3212 873 compositas
3262 803 3574 868 orationes,
3607 813 3662 856 at
3697 804 3762 858 uel
3788 807 3838 858 ad

2276 893 2512 960 piissimi
2553 894 2891 962 imperatoris
2941 895 3107 946 nostri
3143 909 3308 947 aures
3361 892 3520 961 fama
3562 893 3838 961 pervaderet.

2281 983 2560 1040 Hactenus
2589 1000 2652 1039 ea
2681 984 2746 1038 de
2775 984 3036 1054 Gregorio
3060 991 3254 1038 narrat
3278 981 3588 1048 Leon'ius,
3611 999 3724 1052 quae
3742 996 3839 1041 ante

2275 1072 2568 1127 concilium
2619 1082 2816 1144 gesta;
2867 1089 2994 1127 nam
3039 1073 3224 1128 statim
3280 1073 3544 1141 excipit:
3593 1071 3838 1141 lndepost

2278 1165 2468 1218 multos
2505 1164 2614 1218 dies
2649 1164 2841 1218 adsunt
2868 1165 3100 1233 episcopi
3123 1163 3569 1228 Alexandrinus,
3604 1164 3838 1218 Antioche-

2278 1273 2396 1322 mts,
2430 1256 2727 1312 Orientales
2760 1274 2937 1310 omnes
2965 1275 2978 1311 :
3023 1257 3305 1310 Romanus
3334 1257 3695 1325 uero,quippe
3725 1257 3838 1324 grati

2277 1346 2456 1400 morbo
2494 1347 2766 1410 detentus,
2802 1347 3037 1400 libellum
3081 1347 3246 1400 mittit
3278 1345 3516 1415 propria
3543 1360 3701 1398 manu
3751 1360 3838 1397 cott-

2276 1439 2550 1507 scriptum.
2579 1436 2684 1492 Sed
2725 1437 3016 1505 aliquando
3040 1437 3258 1492 tandem
3291 1437 3653 1506 imperatoris
3673 1451 3834 1490 nomen

2279 1530 2484 1598 prodit,
2507 1545 2632 1583 cum
2655 1543 2715 1582 ea
2740 1527 3082 1597 exsequitur,
3099 1543 3221 1598 quas
3243 1537 3378 1598 post
3411 1527 3680 1598 synodum
3708 1535 3835 1582 acta:

2279 1619 2532 1687 Confecta
2568 1635 2722 1688 porro
2759 1619 3080 1690 (inquiens)
3116 1629 3480 1674 sacrosancta
3517 1620 3712 1688 synodo
3739 1617 3841 1672 Cre-

2276 1710 2425 1780 gorio
2442 1724 2618 1762 omnes
2639 1708 2995 1777 gratulari....
3021 1717 3076 1762 at
3093 1718 3296 1778 praeter
3317 1718 3545 1764 crateras
3579 1707 3840 1762 incredibile

607 1806 760 1852 retur
783 1835 799 1860 ,
850 1797 942 1850 ubi
984 1797 1456 1865 archiepiscopum
1492 1803 1708 1864 ageret,
1751 1805 1924 1862 eoque
1965 1789 2135 1857 magis
2158 1827 2174 1852 ν
2208 1797 2250 1852 Β
2279 1803 2411 1870 cepit
2445 1817 2511 1854 ea:
2541 1801 2749 1854 homine
2780 1801 3098 1854 desiderium
3134 1801 3421 1871 piissimus
3451 1796 3735 1869 imperator
3765 1816 3835 1852 no-

608 1887 756 1956 quod
784 1897 894 1943 tum
931 1888 1198 1956 temporis
1223 1886 1544 1941 Justinianae
1571 1887 1587 1940 1
1619 1883 1875 1940 exarchia
1908 1897 1940 1936 a
1974 1880 2174 1936 Roma-

608 1995 676 2036 na
704 1979 1034 2050 patriarcbia
1060 1977 1352 2042 defecerat,
1387 1987 1550 2046 atquc
1564 1972 2175 2042 Constantinopolitanae

607 2071 949 2143 adjndicata,
998 2071 1076 2125 uti
1124 2085 1246 2124 mox
1291 2069 1506 2124 dicam?
1545 2061 1670 2120 Hinc
1701 2067 1878 2120 locum
1919 2079 2026 2118 non
2075 2063 2174 2118 ba-

607 2165 736 2218 bent
769 2161 1120 2216 cncumenicze
1149 2176 1178 2212 v
1211 2159 1400 2230 synodi
1433 2157 1798 2228 temporibus;
1840 2169 1964 2209 cum
1995 2153 2176 2224 Cypro

607 2253 752 2308 nulla
784 2253 1077 2322 importata
1113 2266 1142 2304 a
1171 2251 1422 2304 Barbaris
1445 2249 1751 2312 calamitas,
1781 2255 2176 2314 mansuetoque

605 2341 1196 2412 Constantinopolitani
1249 2341 1598 2410 imperatoris
1645 2348 1859 2408 sceptro
1906 2337 2172 2392 obediret.

605 2431 748 2514 Quid
775 2433 942 2502 igitur
965 2440 1167 2496 restat,
1193 2441 1253 2486 ut
1289 2433 1448 2501 plane
1475 2431 1826 2508 aflirmemus,
1859 2427 2174 2499 Gregorium

606 2526 818 2596 synodo
839 2539 894 2579 γι
923 2525 1272 2579 tecumeniete
1295 2522 1608 2577 interfuisse
1629 2563 1643 2586 ,
1675 2523 1728 2576 in
1759 2536 1868 2591 qua
1897 2521 2176 2574 Monothe-

605 2617 826 2670 litarum
856 2615 1080 2669 haeresis
1111 2613 1438 2683 proscripta,
1470 2623 1632 2683 atque
1665 2627 1796 2666 orco
1829 2611 2008 2665 devoti
2046 2609 2174 2664 Ser-

606 2712 750 2780 gius,
784 2707 1050 2780 Pyrrhus,
1077 2705 1300 2772 Paulus,
1336 2705 1530 2761 Petrus
1557 2702 2173 2772 Coustantinopolitani,

606 2803 780 2872 Cyrus
809 2801 1250 2867 Alexandrinus,
1295 2799 1618 2854 Theodorus
1656 2796 2020 2852 Faranitanus
2061 2793 2176 2865 epi-

606 2889 755 2959 scopi
775 2889 1246 2944 Monotbelitarum
1268 2889 1468 2958 capita,
1486 2903 1720 2956 quorum
1750 2887 1957 2954 aliquot
1975 2885 2178 2938 diserte

611 2981 877 3046 nominat,
913 2996 1037 3034 cum
1073 2978 1906 3046 Leontius,tumMetapbrastes,
1936 2985 1990 3030 et
2007 2975 2181 3044 epito-

612 3082 819 3126 mastes
871 3071 1043 3125 Vitae:
1101 3081 1160 3124 ut
1208 3070 1414 3124 frustra
1463 3072 1535 3124 sit
1577 3069 1893 3132 Caietanus,
1933 3068 2026 3136 qui
2076 3067 2180 3122 hoc

609 3163 792 3234 ipsum
818 3201 838 3225 τ
864 3162 1010 3232 quod
1051 3161 1116 3215 ad
1147 3176 1369 3216 causam
1403 3175 1558 3216 suam
1588 3173 1696 3214 non
1725 3157 2086 3225 conduceret,
2123 3158 2179 3212 in

609 3252 984 3322 suspicionem
1023 3251 1232 3304 vocarit
1251 3249 1278 3302 ἓ

687 3340 924 3396 XXVIII.
969 3339 1073 3396 Sed
1103 3355 1228 3395 ecce
1259 3379 1274 3404 ,
1313 3339 1492 3404 inquit
1516 3339 1830 3400 Caietanus,
1863 3336 2048 3392 adhuc
2074 3333 2182 3389 ful-

611 3449 766 3490 crum
792 3439 1077 3502 superest,
1115 3447 1224 3500 quo
1250 3429 1514 3486 sententia
1547 3429 1804 3484 fulciatur
1838 3427 1905 3481 de
1933 3425 2179 3500 Gregorii

613 3523 734 3578 Vita
759 3524 862 3578 sub
885 3521 1193 3576 Iustiniano
1215 3525 1236 3575 ι
1265 3523 1400 3591 Aug.
1433 3535 1688 3591 procusa,
1709 3529 1978 3588 quatenus
2009 3518 2064 3571 in
2087 3533 2182 3573 eo-

616 3615 738 3668 dem
773 3611 986 3666 Leontii
1020 3609 1428 3665 Commentario
1464 3619 1570 3662 tam
1614 3603 1905 3661 manifesto
1946 3602 2180 3674 legitur,

612 3705 765 3761 illum
815 3704 918 3760 sub
970 3717 1037 3758 eo
1086 3700 1398 3760 Justiniano
1435 3700 1672 3762 vixisse,
1726 3712 1836 3767 quo
1882 3698 2184 3766 imperante

613 3811 814 3866 magna
853 3795 1098 3866 synodus
1133 3793 1319 3846 babita
1363 3789 1886 3860 Constantinopoli,
1929 3787 2074 3858 quod
2115 3787 2183 3842 de

615 3899 727 3940 uno
747 3880 1056 3937 Justiuiano
1089 3881 1106 3934 l
1133 3878 1391 3934 atlirmari
1417 3879 1612 3947 possit,
1637 3877 1743 3932 sub
1767 3891 1878 3946 quo
1904 3883 2120 3946 peracta
2151 3890 2182 3928 v

615 3973 860 4048 synodus
885 3970 1252 4036 mcumenica;
1283 3985 1408 4024 nam
1442 3986 1491 4024 vt
1527 3969 1813 4033 convenit,
1845 3983 1970 4022 cum
2001 3981 2182 4022 rerum

613 4064 1086 4140 Constantinopoli
1118 4063 1384 4133 potiretur
1411 4059 1810 4116 Constantinus
1845 4060 2182 4131 Pogonatus.

616 4163 842 4218 Scilicet
885 4161 992 4218 hoc
1028 4175 1262 4230 magnus
1289 4158 1378 4212 ille
1421 4157 1659 4212 Achilles
1697 4165 2182 4227 argumentorum,

613 4275 724 4330 quo
755 4249 1045 4314 C'aietanus
1068 4256 1151 4311 vel
1175 4255 1322 4309 mille
1351 4254 1610 4311 Hectoras
1634 4262 1977 4324 prosternere
2009 4253 2185 4308 confi-

614 4352 715 4405 dit.
745 4349 884 4417 Quid
911 4351 1077 4420 igitur
1098 4348 1291 4420 agam?
1325 4347 1545 4402 Christe
1571 4346 1713 4400 Deus
1736 4388 1750 4411 ,
1801 4345 1960 4400 iidem
1999 4356 2145 4400 tuam
2167 4386 2182 4410 ,

2274 1903 2381 1946 ster
2409 1889 2770 1955 Justinianus,
2805 1903 3120 1962 senatusque
3142 1893 3458 1946 universus.
3484 1889 3563 1957 Ea
3593 1891 3689 1944 hoc
3721 1889 3834 1959 quod

2273 1982 2570 2038 Caietanus
2627 1981 2882 2050 putarit,
2949 1983 3202 2037 eumdem
3268 1983 3428 2037 hunc
3473 1977 3832 2051 imperatorem

2275 2073 2442 2128 fuisse
2495 2073 2587 2142 qui
2631 2073 2899 2145 Gregorio
2927 2073 3255 2144 gratulatus,
3286 2081 3462 2142 atque
3491 2073 3640 2126 illum
3678 2072 3756 2140 qui
3793 2079 3834 2124 et

2274 2163 2562 2217 concilium
2584 2162 2767 2232 jussit,
2808 2170 2864 2218 et
2896 2162 2964 2216 de
2995 2161 3247 2232 Gregorii
3297 2164 3513 2218 virtute
3543 2161 3726 2216 famam
3752 2176 3825 2215 ex-

2275 2255 2514 2323 ceperit,
2547 2266 2608 2309 ut
2640 2254 2764 2308 inde
2801 2253 3054 2310 conficiat
3078 2293 3093 2317 ,
3129 2249 3456 2308 Iustiniano
3505 2253 3524 2307 1
3561 2252 3831 2308 Constanti-

2277 2345 2457 2414 nopoli
2501 2345 2808 2415 imperante
2838 2345 3026 2399 eadem
3061 2343 3116 2398 in
3158 2345 3303 2399 urbe
3339 2345 3681 2399 diversatum
3718 2340 3820 2397 Grc.

2277 2437 2523 2507 gorium,
2563 2451 2736 2505 eoque
2779 2435 3088 2490 interfuisse
3135 2437 3359 2507 synodo
3399 2452 3430 2488 v
3482 2433 3826 2493 meumenicte.

2281 2526 2430 2582 nullo
2467 2527 2630 2580 modo
2676 2525 3013 2594 probandus.
3057 2527 3113 2582 Si
3145 2525 3452 2581 Justiuiani
3499 2527 3632 2595 Aug.
3661 2535 3824 2578 nomen

2278 2617 2598 2686 protulisset
2638 2617 2900 2676 Leontius
2923 2657 2937 2683 ,
2971 2635 3096 2674 cum
3135 2619 3218 2673 vel
3262 2619 3543 2690 synodum
3574 2613 3826 2675 indixisse,

2277 2708 2362 2762 vel
2395 2707 2594 2763 famam
2633 2710 2913 2764 inaudisse
2939 2708 3190 2779 Gregorii
3218 2718 3499 2766 memorat
3523 2747 3538 2772 ,
3563 2715 3698 2762 certe
3723 2703 3821 2773 qui-

2278 2800 2400 2856 dem
2431 2812 2610 2863 esset,
2639 2817 2736 2856 cur
2773 2802 2970 2856 merito
3010 2803 3432 2857 sanctissimum
3478 2799 3736 2856 hominem
3770 2793 3822 2847 ad

2279 2890 2570 2947 Justiniani
2597 2891 2617 2946 l
2645 2903 2886 2962 tempora
2912 2903 3188 2958 revocaret
3211 2911 3224 2948 :
3264 2895 3363 2949 sed
3389 2894 3538 2949 enim
3561 2888 3694 2964 quod
3715 2883 3820 2940 illud

2279 2995 2510 3052 usurpat
2549 2985 2601 3036 in
2637 2999 2819 3040 rerum
2862 2985 3198 3048 narratione,
3233 2999 3364 3054 quae
3398 2996 3642 3052 magnam
3687 2991 3818 3048 syno-

2281 3075 2408 3127 dum
2440 3085 2745 3130 cousecutze
2769 3116 2783 3142 ,
2844 3075 3012 3130 libere
3069 3076 3343 3142 dicimus,
3385 3073 3677 3130 fredissitno
3715 3066 3822 3121 vitio

2281 3163 2531 3220 laborare
2549 3166 2753 3236 egregii
2781 3167 2882 3220 viri
2912 3166 3250 3236 opinionem.
3284 3166 3463 3222 Porro
3492 3162 3619 3220 illud
3640 3165 3822 3218 constat

2280 3269 2346 3309 ex
2368 3252 2695 3324 Theophane
2717 3258 3125 3312 accuratissimo
3148 3256 3468 3314 Graecarum
3497 3267 3666 3310 rerum
3707 3245 3820 3304 scri-

2281 3353 2460 3417 ptore,
2491 3343 2864 3402 Iustinianum
2893 3346 2936 3401 ll
2959 3364 2988 3401 a
3008 3359 3172 3420 patre
3193 3347 3559 3404 Constantino
3581 3343 3818 3410 Pogoaato

2282 3438 2592 3509 Augustum
2624 3439 3016 3506 renuntiatum,
3053 3456 3116 3495 ea
3173 3440 3446 3510 dignitate
3476 3421 3818 3506 ejectis'ﬂera-

2283 3529 2390 3584 clio
2451 3537 2504 3584 et
2547 3527 2770 3585 Tiberio
2821 3530 3085 3585 fratribus
3113 3571 3128 3594 ,
3173 3547 3321 3587 anno
3359 3527 3574 3600 imperii
3617 3521 3693 3577 sui
3735 3516 3815 3576 15.

2282 3619 2428 3686 quod
2479 3620 2612 3690 iniit;
2663 3635 2806 3676 anno
2873 3620 3013 3686 668,
3064 3637 3251 3677 mense
3295 3620 3464 3678 Julio.
3511 3617 3637 3672 Cum
3684 3609 3818 3678 igbur

2285 3709 2634 3766 menseJulio
2656 3711 2782 3764 anni
2813 3711 2918 3766 680
2967 3711 3367 3767 Constantinus
3413 3711 3548 3778 Aug.
3582 3701 3716 3773 regni
3745 3693 3812 3750 sui

2285 3815 2486 3855 annum
2533 3803 2600 3856 15
2649 3801 2956 3864 inchoarit,
3001 3805 3188 3857 eodem
3233 3817 3381 3856 anno
3423 3799 3714 3855 desinente,
3749 3783 3813 3836 vel

2285 3906 2428 3948 novo
2467 3892 2568 3948 681
2612 3893 2666 3947 ἱη
2713 3893 2924 3962 imperii
2975 3893 3314 3948 consortium
3349 3891 3554 3947 ascitus
3590 3876 3812 3938 Justinia-

2286 3999 2389 4038 nus
2425 3982 2485 4038 F.
2523 3999 2552 4037 a
2589 3993 2760 4050 patre,
2794 3983 2895 4038 hoc
2924 3995 3028 4048 est,
3064 3984 3306 4038 nondum
3347 3981 3553 4054 synodo
3585 3969 3808 4029 confecta.

2287 4074 2401 4130 Huc
2427 4085 2494 4142 let
2532 4075 2658 4128 illud
2694 4075 2932 4140 accedit,
2977 4075 3158 4143 datam
3198 4074 3396 4130 Joanni
3450 4067 3606 4140 Cypri
3661 4056 3808 4116 archi-

2292 4165 2552 4236 episcopo
2599 4164 3004 4234 Hellespontum
3049 4166 3384 4236 provinciam
3438 4177 3487 4215 vt
3515 4161 3564 4213 in
3605 4147 3804 4225 synodo.

2287 4265 2510 4311 auctore
2553 4257 2860 4311 Justiniano
2893 4254 3250 4312 Rhinotmeto
3273 4297 3288 4320 ,
3327 4253 3470 4326 quod
3504 4248 3687 4304 diserte
3719 4246 3806 4326 Ira:

2286 4349 2459 4404 ditmn
2515 4363 2545 4402 a
2588 4347 2951 4404 Constantino
3005 4322 3515 4418 l‘orpbyrogenneta
3565 4335 3718 4402 calme
3751 4322 3805 4379 ‘7

612 4440 832 4497 Christe
880 4439 1046 4504 Dens,
1084 4454 1185 4510 ago
1232 4438 1327 4492 tibi
1370 4437 1607 4508 gratias,
1656 4452 1824 4506 supra
1883 4452 2046 4506 quam
2091 4435 2200 4491 diei
2231 4449 2276 4507 ι)
2303 4439 2376 4493 De
2429 4439 2573 4492 adm.
2625 4439 2830 4509 impka
2881 4438 3040 4496 nobis
3083 4447 3242 4492 antea
3291 4437 3496 4505 integre
3540 4423 3802 4510 producto:

614 4542 796 4602 queat,
821 4533 1012 4586 maxin
1027 4547 1088 4586 as
1113 4547 1125 4562 υ
1201 4545 1396 4584 am'am
1423 4544 1622 4582 numen
1650 4529 1824 4584 sentio
1852 4541 1906 4584 tu
1921 4545 2032 4595 um,
2072 4544 2180 4600 quo

2287 4523 2536 4600 Ἐγένετο
2555 4529 2834 4600 οἰκονομία
2859 4530 3008 4600 παρὰ
3035 4527 3129 4583 τοῦ
3161 4527 3429 4598 βασιλέως
3461 4519 3790 4576 Ἰουστινιανου

617 4625 870 4695 perfusus
899 4620 1142 4676 Caietani
1180 4635 1344 4675 verna
1389 4620 1536 4673 nubo
1569 4619 1790 4675 omnino
1835 4621 2038 4676 diluam
2088 4637 2190 4677 ne-

597 4713 784 4785 -g0tio.
831 4712 1158 4768 Evolvamus
1192 4709 1404 4766 Leontii
1447 4703 1764 4780 Historiam,
1811 4711 2052 4784 illudque
2090 4729 2190 4768 ex-

617 4806 938 4876 pendamus,
969 4804 1252 4876 ecquando
1281 4803 1444 4874 312
1466 4803 1816 4873 imperatoris
1844 4819 2042 4859 nomen
2071 4805 2186 4873 pri-

618 4913 709 4954 tno
737 4896 1053 4966 prodiderit,
1079 4903 1141 4950 ut
1167 4894 1385 4949 tandem
1416 4894 1546 4948 illud
1571 4903 1770 4964 pateat,
1795 4911 1958 4966 quam
1983 4896 2188 4966 impro-

617 4990 686 5042 be
713 4989 1001 5066 Caietauus
1026 5003 1092 5042 ex
1113 5003 1180 5043 eo
1205 4988 1566 5054 contenderit,
1587 4987 1910 5058 Gregorium
1939 4997 2185 5044 nostrum

618 5081 840 5136 duxisse
859 5095 1033 5135 aevum
1076 5081 1181 5136 sub
1203 5076 1508 5136 Iustiniano
1537 5079 1577 5134 l.
1628 5080 1771 5136 Sane
1804 5081 2184 5150 imperatorem

618 5173 796 5243 primo
831 5173 1016 5226 laudat
1034 5171 1316 5236 Leontius,
1349 5173 1514 5226 tacito
1547 5181 1725 5226 tamen
1763 5173 1987 5228 nomine
2013 5211 2028 5235 ,
2063 5187 2184 5226 cum

525 5273 536 5276 '
621 5262 812 5318 scribit
836 5281 850 5317 :
879 5262 1011 5318 Inde
1034 5272 1149 5334 post
1180 5263 1381 5334 aliquot
1408 5263 1519 5319 dies
1547 5281 1640 5333 per
1669 5261 2074 5317 Constantinum
2101 5280 2188 5332 pe-

621 5354 703 5409 tiit
746 5353 1114 5424 (Gregorius)
1143 5355 1208 5410 ab
1244 5356 1667 5426 archiepiscopo,
1719 5365 1774 5407 ut
1802 5355 1971 5422 ipsum
2007 5355 2189 5424 fausta

617 5455 863 5518 precatus
904 5447 1190 5503 dimitteret
1227 5463 1246 5501 :
1294 5450 1338 5501 is
1382 5463 1498 5501 vero
1531 5444 1838 5517 Gregorium
1876 5449 2190 5500 accersitum

621 5549 790 5607 rogat,
828 5553 1128 5610 exspectare
1159 5540 1278 5594 velit
1315 5538 1748 5607 aliquantulum:
1791 5537 2059 5591 inimicum
2093 5539 2188 5590 Ito-

621 5625 814 5680 tninem
846 5627 901 5680 in
931 5628 1098 5680 medio
1133 5627 1298 5680 tritici
1327 5624 1600 5679 catholica:
1629 5623 1877 5679 Ecclesitc
1907 5626 2190 5679 seminasse

628 5716 836 5774 sisania
863 5717 1176 5773 :mandasse
1197 5717 1492 5788 piissimum
1524 5717 1910 5788 imperatorem,
1944 5727 1999 5770 ut
2036 5717 2190 5772 colle-

2287 4623 2344 4678 ὲν
2373 4625 2438 4694 τῇ
2466 4623 2596 4692 ἁγίᾳ
2618 4621 2752 4692 ἕκτῃ
2782 4620 3002 4692 συνόδῳ.
3036 4621 3165 4676 inde
3195 4619 3253 4674 lit
3281 4615 3663 4674 Iustinianum,
3685 4603 3800 4654 ame‘

2289 4727 2450 4784 quam
2495 4713 2738 4782 synodus
2770 4712 3140 4766 dimitteretur
3161 4750 3177 4776 ,
3203 4710 3330 4781 -jam
3363 4695 3630 4774 Augustali
3660 4697 3796 4786 ornt'

2288 4783 2400 4860 tum
2430 4802 2688 4872 dignitate
2709 4841 2722 4866 ,
2755 4802 2809 4856 in
2841 4801 3001 4872 cujus
3027 4801 3258 4872 gratiam
3307 4793 3613 4855 Constantia
3637 4783 3793 4853 Cypri,

2289 4893 2612 4949 Justinianae
2663 4893 2777 4948 sive
2805 4891 3259 4962 Justinianopolis
3294 4905 3444 4946 nova:
3464 4891 3611 4940 nacta
3636 4876 3792 4929 ηοωεη

2288 4982 2476 5038 eadem
2513 4983 2565 5038 in
2597 4982 2824 5054 synodo.
2853 4983 3026 5052 Negat
3063 4982 3166 5038 hoc
3192 4980 3522 5050 Nicephorus
3556 4969 3642 5025 lib.
3677 4969 3792 5054 si":

2288 5089 2410 5144 caP-
2447 5072 2523 5128 98
2567 5040 2647 5128 ll:
2673 5073 2740 5128 Ε.
2767 5115 2794 5140 ,ε
2825 5040 3035 5146 (μήνεί)
3066 5040 3372 5127 Justiuiuuo
3413 5069 3434 5124 I
3475 5072 3652 5120 nomen
3689 5040 3790 5104 illud

2291 5167 2714 5238 partumjscribit
2737 5167 2960 5222 honoris
2983 5182 3112 5237 ergo
3140 5165 3434 5222 Thcodoraa
3457 5146 3790 5238 ttxoris,qtlti“

2289 5257 2451 5312 domo
2483 5258 2736 5328 Cypriam
2767 5257 3029 5326 perbibet.
3052 5235 3268 5310 dierum
3303 5269 3406 5308 non
3441 5264 3500 5305 ea
3529 5239 3620 5296 viri
3640 5235 3787 5328 auclti'

2290 5350 2444 5415 ritas,
2497 5357 2560 5403 ut
2587 5349 2668 5402 vel
2697 5347 2944 5418 ingratiis
2981 5363 3272 5403 assensum
3325 5364 3354 5402 a
3385 5359 3465 5399 me
3493 5322 3784 5396 ωιοιηυεθε·

2288 5440 2377 5494 Ait
2417 5440 2534 5504 ille,
2569 5439 2936 5503 Constantina,
2969 5440 3112 5509 quod
3155 5437 3451 5493 Theudor-ae
3483 5431 3605 5494 Aug.
3647 5419 3784 5510 ςξιιιξθ

2291 5532 2618 5602 praebuerit,
2659 5532 2799 5586 idem
2831 5505 3147 5587 usuvenissc
3171 5573 3186 5596 ,
3237 5547 3398 5600 atque
3428 5505 3784 5602 Achridi’lis‘j:

2292 5596 2438 5678 niani
2479 5622 2618 5694 Aug.
2651 5623 2860 5693 patrita,
2885 5596 3327 5692 archiepiscopali
3358 5616 3545 5674 scilicet
3573 5596 3776 5698 ad???

2291 5713 2550 5785 dignitate
2567 5686 2668 5769 vab-
2691 5711 2994 5770 Justinitttto
3025 5686 3087 5780 l,
3121 5686 3262 5784 quod
3297 5704 3559 5767 manifeste
3593 5686 3780 5746 fabam;

3734 333 3842 398 i212
3909 339 3916 348 “
