  <div class='ocr_page' id='page_1' title='image "/cluster/home/n/w/nwhite01/storage/ocr_20150623/98/mdp.39015005675650/624.png"; bbox 0 0 4038 6274; ppageno 0'>
   <div class='ocr_carea' id='block_1_1' title="bbox 215 367 372 434">
    <p class='ocr_par' dir='ltr' id='par_1_1' title="bbox 215 367 372 434">
     <span class='ocr_line' id='line_1_1' title="bbox 215 367 372 434; baseline 0.013 -2"><span class='ocrx_word' id='word_1_1' title='bbox 215 367 372 434; x_wconf 67' lang='lat'><strong>1213</strong></span> 
     </span>
    </p>
   </div>
   <div class='ocr_carea' id='block_1_2' title="bbox 1603 349 2222 452">
    <p class='ocr_par' dir='ltr' id='par_1_2' title="bbox 1603 349 2222 452">
     <span class='ocr_line' id='line_1_2' title="bbox 1603 349 2222 452; baseline 0.005 -2"><span class='ocrx_word' id='word_1_2' title='bbox 1603 389 2137 452; x_wconf 73' lang='lat' dir='ltr'><strong>DlSSERTATtO-</strong></span> <span class='ocrx_word' id='word_1_3' title='bbox 2218 349 2222 352; x_wconf 44' lang='grc'><em>’</em></span> 
     </span>
    </p>
   </div>
   <div class='ocr_carea' id='block_1_3' title="bbox 3343 393 3483 458">
    <p class='ocr_par' dir='ltr' id='par_1_3' title="bbox 3343 393 3483 458">
     <span class='ocr_line' id='line_1_3' title="bbox 3343 393 3483 458; baseline -0.021 0"><span class='ocrx_word' id='word_1_4' title='bbox 3343 393 3483 458; x_wconf 74' lang='lat' dir='ltr'><strong>12M</strong></span> 
     </span>
    </p>
   </div>
   <div class='ocr_carea' id='block_1_4' title="bbox 206 485 3492 578">
    <p class='ocr_par' dir='ltr' id='par_1_4' title="bbox 206 485 3492 578">
     <span class='ocr_line' id='line_1_4' title="bbox 206 485 3492 578; baseline 0.008 -40"><span class='ocrx_word' id='word_1_5' title='bbox 206 498 352 539; x_wconf 86' lang='lat' dir='ltr'><strong>cum</strong></span> <span class='ocrx_word' id='word_1_6' title='bbox 396 485 557 559; x_wconf 82' lang='lat' dir='ltr'><strong>longo</strong></span> <span class='ocrx_word' id='word_1_7' title='bbox 608 500 736 546; x_wconf 89' lang='lat' dir='ltr'><strong>ante</strong></span> <span class='ocrx_word' id='word_1_8' title='bbox 790 503 1034 566; x_wconf 87' lang='lat' dir='ltr'><strong>tempore</strong></span> <span class='ocrx_word' id='word_1_9' title='bbox 1075 498 1414 557; x_wconf 66' lang='lat' dir='ltr'><strong>Constantius</strong></span> <span class='ocrx_word' id='word_1_10' title='bbox 1461 505 1812 574; x_wconf 82' lang='lat' dir='ltr'><strong>metrOpolita</strong></span> <span class='ocrx_word' id='word_1_11' title='bbox 1841 516 1884 570; x_wconf 71' lang='grc' dir='ltr'>Α</span> <span class='ocrx_word' id='word_1_12' title='bbox 1918 523 2041 562; x_wconf 89' lang='lat' dir='ltr'><strong>nem</strong></span> <span class='ocrx_word' id='word_1_13' title='bbox 2066 507 2134 562; x_wconf 89' lang='lat' dir='ltr'><strong>ad</strong></span> <span class='ocrx_word' id='word_1_14' title='bbox 2162 505 2459 562; x_wconf 89' lang='lat' dir='ltr'><strong>Justiniani</strong></span> <span class='ocrx_word' id='word_1_15' title='bbox 2486 505 3492 578; x_wconf 73' lang='lat' dir='ltr'><strong>1temporaelevanns,.opera3tamcn</strong></span> 
     </span>
    </p>
   </div>
   <div class='ocr_carea' id='block_1_5' title="bbox 207 578 3490 669">
    <p class='ocr_par' dir='ltr' id='par_1_5' title="bbox 207 578 3490 669">
     <span class='ocr_line' id='line_1_5' title="bbox 207 578 3490 669; baseline 0.008 -39"><span class='ocrx_word' id='word_1_16' title='bbox 207 578 598 669; x_wconf 56' lang='grc' dir='ltr'><strong>ᾳῠτυκέφαλος</strong></span> <span class='ocrx_word' id='word_1_17' title='bbox 631 585 1076 660; x_wconf 79' lang='lat' dir='ltr'><strong>archiepiscopus</strong></span> <span class='ocrx_word' id='word_1_18' title='bbox 1101 592 1377 656; x_wconf 89' lang='lat' dir='ltr'><strong>audierit,</strong></span> <span class='ocrx_word' id='word_1_19' title='bbox 1408 594 1553 663; x_wconf 90' lang='lat' dir='ltr'><strong>quod</strong></span> <span class='ocrx_word' id='word_1_20' title='bbox 1586 611 1616 650; x_wconf 92' lang='lat' dir='ltr'><strong>a</strong></span> <span class='ocrx_word' id='word_1_21' title='bbox 1653 597 1812 652; x_wconf 84' lang='lat' dir='ltr'><strong>nobis</strong></span> <span class='ocrx_word' id='word_1_22' title='bbox 1907 589 2146 666; x_wconf 81' lang='lat' dir='ltr'><strong>pretium</strong></span> <span class='ocrx_word' id='word_1_23' title='bbox 2183 597 2457 652; x_wconf 77' lang='lat' dir='ltr'><strong>facturum</strong></span> <span class='ocrx_word' id='word_1_24' title='bbox 2494 611 2581 653; x_wconf 90' lang='lat' dir='ltr'><strong>me</strong></span> <span class='ocrx_word' id='word_1_25' title='bbox 2610 598 2776 664; x_wconf 90' lang='lat' dir='ltr'><strong>duco,</strong></span> <span class='ocrx_word' id='word_1_26' title='bbox 2813 599 2862 653; x_wconf 90' lang='lat' dir='ltr'><strong>si</strong></span> <span class='ocrx_word' id='word_1_27' title='bbox 2905 597 3143 668; x_wconf 81' lang='lat' dir='ltr'><strong>reliqua,</strong></span> <span class='ocrx_word' id='word_1_28' title='bbox 3174 614 3298 669; x_wconf 83' lang='lat' dir='ltr'><strong>quae</strong></span> <span class='ocrx_word' id='word_1_29' title='bbox 3327 599 3490 656; x_wconf 82' lang='lat' dir='ltr'><strong>Caie-</strong></span> 
     </span>
    </p>
   </div>
   <div class='ocr_carea' id='block_1_6' title="bbox 208 667 1814 756">
    <p class='ocr_par' dir='ltr' id='par_1_6' title="bbox 208 667 1814 756">
     <span class='ocr_line' id='line_1_6' title="bbox 208 667 1814 756; baseline 0.012 -34"><span class='ocrx_word' id='word_1_30' title='bbox 208 667 686 729; x_wconf 85' lang='lat' dir='ltr'><strong>dcmonstratutn.</strong></span> <span class='ocrx_word' id='word_1_31' title='bbox 717 674 772 732; x_wconf 86' lang='lat' dir='ltr'><strong>Si</strong></span> <span class='ocrx_word' id='word_1_32' title='bbox 794 677 984 747; x_wconf 83' lang='lat' dir='ltr'><strong>lapsus</strong></span> <span class='ocrx_word' id='word_1_33' title='bbox 1009 681 1062 735; x_wconf 90' lang='lat' dir='ltr'><strong>in</strong></span> <span class='ocrx_word' id='word_1_34' title='bbox 1092 682 1176 740; x_wconf 76' lang='lat' dir='ltr'><strong>via</strong></span> <span class='ocrx_word' id='word_1_35' title='bbox 1199 693 1307 740; x_wconf 83' lang='lat' dir='ltr'><strong>tam</strong></span> <span class='ocrx_word' id='word_1_36' title='bbox 1335 685 1521 753; x_wconf 86' lang='lat' dir='ltr'><strong>plana,</strong></span> <span class='ocrx_word' id='word_1_37' title='bbox 1545 685 1678 756; x_wconf 88' lang='lat' dir='ltr'><strong>quid</strong></span> <span class='ocrx_word' id='word_1_38' title='bbox 1711 687 1814 742; x_wconf 82' lang='lat' dir='ltr'><strong>uti-</strong></span> 
     </span>
    </p>
   </div>
   <div class='ocr_carea' id='block_1_7' title="bbox 209 765 1812 848">
    <p class='ocr_par' dir='ltr' id='par_1_7' title="bbox 209 765 1812 848">
     <span class='ocr_line' id='line_1_7' title="bbox 209 765 1812 848; baseline 0.012 -32"><span class='ocrx_word' id='word_1_39' title='bbox 209 773 376 828; x_wconf 79' lang='lat' dir='ltr'><strong>rum,</strong></span> <span class='ocrx_word' id='word_1_40' title='bbox 407 765 495 819; x_wconf 89' lang='lat' dir='ltr'><strong>ubi</strong></span> <span class='ocrx_word' id='word_1_41' title='bbox 525 765 790 824; x_wconf 57' lang='lat' dir='ltr'><strong>salebrae?</strong></span> <span class='ocrx_word' id='word_1_42' title='bbox 812 769 998 842; x_wconf 80' lang='lat' dir='ltr'><strong>Neque</strong></span> <span class='ocrx_word' id='word_1_43' title='bbox 1022 773 1222 830; x_wconf 86' lang='lat' dir='ltr'><strong>desunt</strong></span> <span class='ocrx_word' id='word_1_44' title='bbox 1250 775 1478 843; x_wconf 88' lang='lat' dir='ltr'><strong>indicia,</strong></span> <span class='ocrx_word' id='word_1_45' title='bbox 1505 795 1626 848; x_wconf 68' lang='lat' dir='ltr'><strong>qua:</strong></span> <span class='ocrx_word' id='word_1_46' title='bbox 1649 777 1812 834; x_wconf 87' lang='lat' dir='ltr'><strong>Nice-</strong></span> 
     </span>
    </p>
   </div>
   <div class='ocr_carea' id='block_1_8' title="bbox 205 855 1813 937">
    <p class='ocr_par' dir='ltr' id='par_1_8' title="bbox 205 855 1813 937">
     <span class='ocr_line' id='line_1_8' title="bbox 205 855 1813 937; baseline 0.01 -28"><span class='ocrx_word' id='word_1_47' title='bbox 205 855 388 927; x_wconf 88' lang='lat' dir='ltr'><strong>phori</strong></span> <span class='ocrx_word' id='word_1_48' title='bbox 425 858 906 920; x_wconf 87' lang='lat' dir='ltr'><strong>ballucinationem</strong></span> <span class='ocrx_word' id='word_1_49' title='bbox 933 865 1212 937; x_wconf 86' lang='lat' dir='ltr'><strong>detegant.</strong></span> <span class='ocrx_word' id='word_1_50' title='bbox 1239 868 1532 924; x_wconf 83' lang='lat' dir='ltr'><strong>Enimvero</strong></span> <span class='ocrx_word' id='word_1_51' title='bbox 1569 879 1680 926; x_wconf 88' lang='lat' dir='ltr'><strong>tres</strong></span> <span class='ocrx_word' id='word_1_52' title='bbox 1711 885 1813 925; x_wconf 91' lang='lat' dir='ltr'><strong>nu-</strong></span> 
     </span>
    </p>
   </div>
   <div class='ocr_carea' id='block_1_9' title="bbox 212 950 1813 1032">
    <p class='ocr_par' dir='ltr' id='par_1_9' title="bbox 212 950 1813 1032">
     <span class='ocr_line' id='line_1_9' title="bbox 212 950 1813 1032; baseline 0.009 -31"><span class='ocrx_word' id='word_1_53' title='bbox 212 959 516 1006; x_wconf 85' lang='lat' dir='ltr'><strong>merantur</strong></span> <span class='ocrx_word' id='word_1_54' title='bbox 535 950 858 1015; x_wconf 68' lang='lat' dir='ltr'><strong>Justinianm</strong></span> <span class='ocrx_word' id='word_1_55' title='bbox 891 976 905 1012; x_wconf 89' lang='lat'><strong>:</strong></span> <span class='ocrx_word' id='word_1_56' title='bbox 935 959 1156 1024; x_wconf 84' lang='lat' dir='ltr'><strong>Achris,</strong></span> <span class='ocrx_word' id='word_1_57' title='bbox 1178 975 1298 1028; x_wconf 59' lang='lat' dir='ltr'><strong>qua:</strong></span> <span class='ocrx_word' id='word_1_58' title='bbox 1327 957 1346 1013; x_wconf 89' lang='grc'><strong>1</strong></span> <span class='ocrx_word' id='word_1_59' title='bbox 1372 999 1388 1024; x_wconf 88' lang='grc'><strong>,</strong></span> <span class='ocrx_word' id='word_1_60' title='bbox 1430 959 1664 1032; x_wconf 84' lang='lat' dir='ltr'><strong>Cyprus,</strong></span> <span class='ocrx_word' id='word_1_61' title='bbox 1695 963 1813 1016; x_wconf 84' lang='lat' dir='ltr'><strong>sive</strong></span> 
     </span>
    </p>
   </div>
   <div class='ocr_carea' id='block_1_10' title="bbox 210 1039 1811 1124">
    <p class='ocr_par' dir='ltr' id='par_1_10' title="bbox 210 1039 1811 1124">
     <span class='ocr_line' id='line_1_10' title="bbox 210 1039 1811 1124; baseline 0.009 -28"><span class='ocrx_word' id='word_1_62' title='bbox 210 1039 584 1110; x_wconf 84' lang='lat' dir='ltr'><strong>Constantia,</strong></span> <span class='ocrx_word' id='word_1_63' title='bbox 635 1061 756 1114; x_wconf 67' lang='lat' dir='ltr'><strong>quae</strong></span> <span class='ocrx_word' id='word_1_64' title='bbox 806 1047 885 1114; x_wconf 84' lang='lat' dir='ltr'><strong>ll,</strong></span> <span class='ocrx_word' id='word_1_65' title='bbox 949 1048 1223 1120; x_wconf 76' lang='lat' dir='ltr'><strong>Carthago</strong></span> <span class='ocrx_word' id='word_1_66' title='bbox 1253 1091 1270 1118; x_wconf 95' lang='lat'><strong>,</strong></span> <span class='ocrx_word' id='word_1_67' title='bbox 1327 1067 1448 1120; x_wconf 60' lang='lat' dir='ltr'><strong>quae</strong></span> <span class='ocrx_word' id='word_1_68' title='bbox 1488 1051 1590 1121; x_wconf 82' lang='grc' dir='ltr'><strong>ιιι,</strong></span> <span class='ocrx_word' id='word_1_69' title='bbox 1633 1069 1811 1124; x_wconf 84' lang='lat' dir='ltr'><strong>eoque</strong></span> 
     </span>
    </p>
   </div>
   <div class='ocr_carea' id='block_1_11' title="bbox 213 1131 1806 1216">
    <p class='ocr_par' dir='ltr' id='par_1_11' title="bbox 213 1131 1806 1216">
     <span class='ocr_line' id='line_1_11' title="bbox 213 1131 1806 1216; baseline 0.013 -34"><span class='ocrx_word' id='word_1_70' title='bbox 213 1131 425 1188; x_wconf 87' lang='lat' dir='ltr'><strong>ordine</strong></span> <span class='ocrx_word' id='word_1_71' title='bbox 477 1149 509 1190; x_wconf 91' lang='lat' dir='ltr'><strong>a</strong></span> <span class='ocrx_word' id='word_1_72' title='bbox 561 1133 800 1207; x_wconf 90' lang='lat' dir='ltr'><strong>Georgio</strong></span> <span class='ocrx_word' id='word_1_73' title='bbox 849 1137 1062 1195; x_wconf 87' lang='lat' dir='ltr'><strong>Codino</strong></span> <span class='ocrx_word' id='word_1_74' title='bbox 1109 1152 1498 1210; x_wconf 87' lang='lat' dir='ltr'><strong>pereensentnr</strong></span> <span class='ocrx_word' id='word_1_75' title='bbox 1538 1161 1552 1198; x_wconf 88' lang='lat'><strong>:</strong></span> <span class='ocrx_word' id='word_1_76' title='bbox 1609 1143 1806 1216; x_wconf 79' lang='grc' dir='ltr'><strong>Πρώτη</strong></span> 
     </span>
    </p>
   </div>
   <div class='ocr_carea' id='block_1_12' title="bbox 1914 687 3488 760">
    <p class='ocr_par' dir='ltr' id='par_1_12' title="bbox 1914 687 3488 760">
     <span class='ocr_line' id='line_1_12' title="bbox 1914 687 3488 760; baseline 0.003 -17"><span class='ocrx_word' id='word_1_77' title='bbox 1914 697 2046 744; x_wconf 90' lang='lat' dir='ltr'><strong>tano</strong></span> <span class='ocrx_word' id='word_1_78' title='bbox 2078 687 2332 759; x_wconf 89' lang='lat' dir='ltr'><strong>opposui,</strong></span> <span class='ocrx_word' id='word_1_79' title='bbox 2369 687 2501 742; x_wconf 87' lang='lat' dir='ltr'><strong>mihi</strong></span> <span class='ocrx_word' id='word_1_80' title='bbox 2537 703 2646 744; x_wconf 90' lang='lat' dir='ltr'><strong>non</strong></span> <span class='ocrx_word' id='word_1_81' title='bbox 2684 704 2839 760; x_wconf 86' lang='lat' dir='ltr'><strong>aeque</strong></span> <span class='ocrx_word' id='word_1_82' title='bbox 2871 689 3095 746; x_wconf 77' lang='lat' dir='ltr'><strong>adversa</strong></span> <span class='ocrx_word' id='word_1_83' title='bbox 3132 690 3488 748; x_wconf 76' lang='lat' dir='ltr'><strong>ostenderim.</strong></span> 
     </span>
    </p>
   </div>
   <div class='ocr_carea' id='block_1_13' title="bbox 1911 763 3486 854">
    <p class='ocr_par' dir='ltr' id='par_1_13' title="bbox 1911 763 3486 854">
     <span class='ocr_line' id='line_1_13' title="bbox 1911 763 3486 854; baseline 0.001 -20"><span class='ocrx_word' id='word_1_84' title='bbox 1911 781 2091 850; x_wconf 87' lang='lat' dir='ltr'><strong>Atque</strong></span> <span class='ocrx_word' id='word_1_85' title='bbox 2119 781 2366 854; x_wconf 83' lang='lat' dir='ltr'><strong>omnium</strong></span> <span class='ocrx_word' id='word_1_86' title='bbox 2391 779 2628 850; x_wconf 89' lang='lat' dir='ltr'><strong>primum</strong></span> <span class='ocrx_word' id='word_1_87' title='bbox 2648 781 3022 836; x_wconf 77' lang='lat' dir='ltr'><strong>characterem</strong></span> <span class='ocrx_word' id='word_1_88' title='bbox 3047 763 3199 835; x_wconf 86' lang='lat' dir='ltr'><strong>illum</strong></span> <span class='ocrx_word' id='word_1_89' title='bbox 3219 780 3368 838; x_wconf 79' lang='lat' dir='ltr'><strong>feriae</strong></span> <span class='ocrx_word' id='word_1_90' title='bbox 3388 797 3486 848; x_wconf 81' lang='lat' dir='ltr'><strong>vn,</strong></span> 
     </span>
    </p>
   </div>
   <div class='ocr_carea' id='block_1_14' title="bbox 1913 867 3486 942">
    <p class='ocr_par' dir='ltr' id='par_1_14' title="bbox 1913 867 3486 942">
     <span class='ocr_line' id='line_1_14' title="bbox 1913 867 3486 942; baseline 0.001 -16"><span class='ocrx_word' id='word_1_91' title='bbox 1913 887 2022 942; x_wconf 92' lang='lat' dir='ltr'><strong>quo</strong></span> <span class='ocrx_word' id='word_1_92' title='bbox 2057 871 2284 942; x_wconf 78' lang='lat' dir='ltr'><strong>insignis</strong></span> <span class='ocrx_word' id='word_1_93' title='bbox 2317 873 2434 928; x_wconf 89' lang='lat' dir='ltr'><strong>dies</strong></span> <span class='ocrx_word' id='word_1_94' title='bbox 2483 872 2544 926; x_wconf 79' lang='lat' dir='ltr'><strong>ll</strong></span> <span class='ocrx_word' id='word_1_95' title='bbox 2593 871 2966 942; x_wconf 87' lang='lat' dir='ltr'><strong>Septembris,</strong></span> <span class='ocrx_word' id='word_1_96' title='bbox 3020 887 3148 926; x_wconf 91' lang='lat' dir='ltr'><strong>cum</strong></span> <span class='ocrx_word' id='word_1_97' title='bbox 3191 867 3486 942; x_wconf 80' lang='lat' dir='ltr'><strong>Gregorius</strong></span> 
     </span>
    </p>
   </div>
   <div class='ocr_carea' id='block_1_15' title="bbox 1911 962 3482 1035">
    <p class='ocr_par' dir='ltr' id='par_1_15' title="bbox 1911 962 3482 1035">
     <span class='ocr_line' id='line_1_15' title="bbox 1911 962 3482 1035; baseline 0.001 -19"><span class='ocrx_word' id='word_1_98' title='bbox 1911 963 2085 1020; x_wconf 78' lang='lat' dir='ltr'><strong>Roma</strong></span> <span class='ocrx_word' id='word_1_99' title='bbox 2117 964 2288 1019; x_wconf 81' lang='lat' dir='ltr'><strong>redux</strong></span> <span class='ocrx_word' id='word_1_100' title='bbox 2322 963 2374 1017; x_wconf 91' lang='lat' dir='ltr'><strong>in</strong></span> <span class='ocrx_word' id='word_1_101' title='bbox 2402 962 2879 1034; x_wconf 79' lang='lat' dir='ltr'><strong>Agrigentinorum</strong></span> <span class='ocrx_word' id='word_1_102' title='bbox 2915 963 3222 1033; x_wconf 84' lang='lat' dir='ltr'><strong>emporium</strong></span> <span class='ocrx_word' id='word_1_103' title='bbox 3254 964 3482 1035; x_wconf 85' lang='lat' dir='ltr'><strong>appulit,</strong></span> 
     </span>
    </p>
   </div>
   <div class='ocr_carea' id='block_1_16' title="bbox 1911 1053 3486 1118">
    <p class='ocr_par' dir='ltr' id='par_1_16' title="bbox 1911 1053 3486 1118">
     <span class='ocr_line' id='line_1_16' title="bbox 1911 1053 3486 1118; baseline -0.001 -6"><span class='ocrx_word' id='word_1_104' title='bbox 1911 1071 2095 1112; x_wconf 59' lang='lat' dir='ltr'><strong>causa</strong></span> <span class='ocrx_word' id='word_1_105' title='bbox 2133 1063 2336 1110; x_wconf 80' lang='lat' dir='ltr'><strong>nostrae</strong></span> <span class='ocrx_word' id='word_1_106' title='bbox 2382 1063 2718 1109; x_wconf 87' lang='lat' dir='ltr'><strong>momentum</strong></span> <span class='ocrx_word' id='word_1_107' title='bbox 2755 1053 2951 1109; x_wconf 88' lang='lat' dir='ltr'><strong>addere</strong></span> <span class='ocrx_word' id='word_1_108' title='bbox 2994 1067 3106 1108; x_wconf 91' lang='lat' dir='ltr'><strong>non</strong></span> <span class='ocrx_word' id='word_1_109' title='bbox 3154 1053 3290 1118; x_wconf 84' lang='lat' dir='ltr'><strong>leve,</strong></span> <span class='ocrx_word' id='word_1_110' title='bbox 3337 1055 3486 1111; x_wconf 86' lang='lat' dir='ltr'><strong>dete-</strong></span> 
     </span>
    </p>
   </div>
   <div class='ocr_carea' id='block_1_17' title="bbox 1909 1127 3487 1220">
    <p class='ocr_par' dir='ltr' id='par_1_17' title="bbox 1909 1127 3487 1220">
     <span class='ocr_line' id='line_1_17' title="bbox 1909 1127 3487 1220; baseline -0.001 -17"><span class='ocrx_word' id='word_1_111' title='bbox 1909 1164 2070 1220; x_wconf 88' lang='lat' dir='ltr'><strong>gam;</strong></span> <span class='ocrx_word' id='word_1_112' title='bbox 2115 1162 2346 1218; x_wconf 91' lang='lat' dir='ltr'><strong>eamque</strong></span> <span class='ocrx_word' id='word_1_113' title='bbox 2375 1148 2448 1202; x_wconf 93' lang='lat' dir='ltr'><strong>ob</strong></span> <span class='ocrx_word' id='word_1_114' title='bbox 2481 1161 2706 1204; x_wconf 86' lang='lat' dir='ltr'><strong>causam</strong></span> <span class='ocrx_word' id='word_1_115' title='bbox 2744 1159 2946 1200; x_wconf 87' lang='lat' dir='ltr'><strong>novum</strong></span> <span class='ocrx_word' id='word_1_116' title='bbox 2981 1145 3266 1202; x_wconf 88' lang='lat' dir='ltr'><strong>instituam</strong></span> <span class='ocrx_word' id='word_1_117' title='bbox 3305 1127 3487 1202; x_wconf 69' lang='lat' dir='ltr'><strong>Catio-</strong></span> 
     </span>
    </p>
   </div>
   <div class='ocr_carea' id='block_1_18' title="bbox 213 1219 1817 1308">
    <p class='ocr_par' dir='ltr' id='par_1_18' title="bbox 213 1219 1807 1308">
     <span class='ocr_line' id='line_1_18' title="bbox 213 1219 1807 1308; baseline 0.009 -32"><span class='ocrx_word' id='word_1_118' title='bbox 213 1219 589 1297; x_wconf 72' lang='grc' dir='ltr'><strong>ἰουστινιανὴ</strong></span> <span class='ocrx_word' id='word_1_119' title='bbox 631 1229 827 1299; x_wconf 81' lang='grc' dir='ltr'><strong>’Λχρις</strong></span> <span class='ocrx_word' id='word_1_120' title='bbox 849 1269 866 1290; x_wconf 90' lang='lat'><strong>,</strong></span> <span class='ocrx_word' id='word_1_121' title='bbox 905 1230 1136 1302; x_wconf 63' lang='grc' dir='ltr'><strong>δευτέρα</strong></span> <span class='ocrx_word' id='word_1_122' title='bbox 1176 1234 1208 1304; x_wconf 75' lang='grc' dir='ltr'><strong>ἡ</strong></span> <span class='ocrx_word' id='word_1_123' title='bbox 1241 1233 1489 1306; x_wconf 81' lang='grc' dir='ltr'><strong>Κύπρος,</strong></span> <span class='ocrx_word' id='word_1_124' title='bbox 1519 1235 1616 1289; x_wconf 76' lang='grc' dir='ltr'><strong>καὶ</strong></span> <span class='ocrx_word' id='word_1_125' title='bbox 1647 1235 1807 1308; x_wconf 80' lang='grc' dir='ltr'><strong>τρίτη</strong></span> 
     </span>
    </p>
   </div>
   <div class='ocr_carea' id='block_1_19' title="bbox 1918 1219 3487 1308">
    <p class='ocr_par' dir='ltr' id='par_1_19' title="bbox 1918 1237 3487 1308">
     <span class='ocr_line' id='line_1_19' title="bbox 1918 1237 3487 1308; baseline -0.005 -8"><span class='ocrx_word' id='word_1_126' title='bbox 1918 1257 2034 1300; x_wconf 90' lang='lat' dir='ltr'><strong>nem</strong></span> <span class='ocrx_word' id='word_1_127' title='bbox 2069 1240 2138 1296; x_wconf 89' lang='lat' dir='ltr'><strong>ab</strong></span> <span class='ocrx_word' id='word_1_128' title='bbox 2170 1255 2316 1295; x_wconf 89' lang='lat' dir='ltr'><strong>anno</strong></span> <span class='ocrx_word' id='word_1_129' title='bbox 2347 1238 2474 1302; x_wconf 72' lang='lat'><strong>682,</strong></span> <span class='ocrx_word' id='word_1_130' title='bbox 2507 1237 2560 1291; x_wconf 91' lang='lat' dir='ltr'><strong>in</strong></span> <span class='ocrx_word' id='word_1_131' title='bbox 2606 1253 2717 1308; x_wconf 87' lang='lat' dir='ltr'><strong>quo</strong></span> <span class='ocrx_word' id='word_1_132' title='bbox 2757 1238 2968 1308; x_wconf 90' lang='lat' dir='ltr'><strong>primus</strong></span> <span class='ocrx_word' id='word_1_133' title='bbox 3015 1237 3316 1292; x_wconf 81' lang='lat' dir='ltr'><strong>absolvitur</strong></span> <span class='ocrx_word' id='word_1_134' title='bbox 3347 1237 3487 1292; x_wconf 68' lang='lat' dir='ltr'><strong>Gre~</strong></span> 
     </span>
    </p>
   </div>
   <div class='ocr_carea' id='block_1_20' title="bbox 213 1313 3484 1404">
    <p class='ocr_par' dir='ltr' id='par_1_20' title="bbox 213 1313 3484 1404">
     <span class='ocr_line' id='line_1_20' title="bbox 213 1313 3484 1404; baseline 0.004 -34"><span class='ocrx_word' id='word_1_135' title='bbox 213 1313 256 1383; x_wconf 76' lang='grc' dir='ltr'><strong>ἡ</strong></span> <span class='ocrx_word' id='word_1_136' title='bbox 307 1315 634 1390; x_wconf 77' lang='grc' dir='ltr'><strong>Καρχηδὼν.</strong></span> <span class='ocrx_word' id='word_1_137' title='bbox 677 1320 1005 1389; x_wconf 80' lang='lat' dir='ltr'><strong>Achridem,</strong></span> <span class='ocrx_word' id='word_1_138' title='bbox 1037 1324 1501 1396; x_wconf 85' lang='lat' dir='ltr'><strong>etCarthaginem</strong></span> <span class='ocrx_word' id='word_1_139' title='bbox 1533 1327 1602 1382; x_wconf 88' lang='lat' dir='ltr'><strong>ab</strong></span> <span class='ocrx_word' id='word_1_140' title='bbox 1637 1327 1809 1384; x_wconf 86' lang='lat' dir='ltr'><strong>Justi—</strong></span> <span class='ocrx_word' id='word_1_141' title='bbox 1910 1333 2049 1404; x_wconf 78' lang='lat' dir='ltr'><strong>gqrii</strong></span> <span class='ocrx_word' id='word_1_142' title='bbox 2103 1332 2456 1403; x_wconf 86' lang='lat' dir='ltr'><strong>pontiﬁcatus</strong></span> <span class='ocrx_word' id='word_1_143' title='bbox 2517 1343 2730 1392; x_wconf 88' lang='lat' dir='ltr'><strong>annus,</strong></span> <span class='ocrx_word' id='word_1_144' title='bbox 2791 1328 2856 1382; x_wconf 86' lang='lat' dir='ltr'><strong>ad</strong></span> <span class='ocrx_word' id='word_1_145' title='bbox 2915 1327 3050 1389; x_wconf 78' lang='lat' dir='ltr'><strong>7H,</strong></span> <span class='ocrx_word' id='word_1_146' title='bbox 3103 1325 3196 1398; x_wconf 88' lang='lat' dir='ltr'><strong>qui</strong></span> <span class='ocrx_word' id='word_1_147' title='bbox 3257 1327 3484 1384; x_wconf 90' lang='lat' dir='ltr'><strong>ultimus</strong></span> 
     </span>
    </p>
   </div>
   <div class='ocr_carea' id='block_1_21' title="bbox 216 1405 3568 1494">
    <p class='ocr_par' dir='ltr' id='par_1_21' title="bbox 216 1405 3568 1494">
     <span class='ocr_line' id='line_1_21' title="bbox 216 1405 3568 1494; baseline 0.004 -34"><span class='ocrx_word' id='word_1_148' title='bbox 216 1405 398 1463; x_wconf 91' lang='lat' dir='ltr'><strong>niano</strong></span> <span class='ocrx_word' id='word_1_149' title='bbox 441 1409 458 1462; x_wconf 95' lang='lat' dir='ltr'><strong>l</strong></span> <span class='ocrx_word' id='word_1_150' title='bbox 508 1426 706 1466; x_wconf 73' lang='lat' dir='ltr'><strong>novum</strong></span> <span class='ocrx_word' id='word_1_151' title='bbox 751 1413 1064 1472; x_wconf 88' lang='lat' dir='ltr'><strong>obtinuisse</strong></span> <span class='ocrx_word' id='word_1_152' title='bbox 1121 1431 1321 1473; x_wconf 86' lang='lat' dir='ltr'><strong>nomen</strong></span> <span class='ocrx_word' id='word_1_153' title='bbox 1381 1427 1529 1489; x_wconf 88' lang='lat' dir='ltr'><strong>patet</strong></span> <span class='ocrx_word' id='word_1_154' title='bbox 1578 1435 1642 1474; x_wconf 79' lang='lat' dir='ltr'><strong>ex</strong></span> <span class='ocrx_word' id='word_1_155' title='bbox 1687 1421 1808 1490; x_wconf 82' lang='lat' dir='ltr'><strong>ejus</strong></span> <span class='ocrx_word' id='word_1_156' title='bbox 1907 1425 2204 1480; x_wconf 86' lang='lat' dir='ltr'><strong>Justiniani</strong></span> <span class='ocrx_word' id='word_1_157' title='bbox 2247 1423 2292 1478; x_wconf 91' lang='lat' dir='ltr'><strong>ll</strong></span> <span class='ocrx_word' id='word_1_158' title='bbox 2340 1426 2502 1494; x_wconf 80' lang='lat' dir='ltr'><strong>Aug.,</strong></span> <span class='ocrx_word' id='word_1_159' title='bbox 2541 1421 2598 1476; x_wconf 90' lang='lat' dir='ltr'><strong>in</strong></span> <span class='ocrx_word' id='word_1_160' title='bbox 2630 1435 2807 1492; x_wconf 79' lang='lat' dir='ltr'><strong>eoque</strong></span> <span class='ocrx_word' id='word_1_161' title='bbox 2845 1427 3101 1487; x_wconf 85' lang='lat' dir='ltr'><strong>statuam,</strong></span> <span class='ocrx_word' id='word_1_162' title='bbox 3136 1435 3259 1490; x_wconf 73' lang='lat' dir='ltr'><strong>quae</strong></span> <span class='ocrx_word' id='word_1_163' title='bbox 3281 1434 3482 1490; x_wconf 83' lang='lat' dir='ltr'><strong>propo-</strong></span> <span class='ocrx_word' id='word_1_164' title='bbox 3549 1422 3568 1432; x_wconf 88' lang='lat'><strong><em>&#39;</em></strong></span> 
     </span>
    </p>
   </div>
   <div class='ocr_carea' id='block_1_22' title="bbox 215 1499 2608 1580">
    <p class='ocr_par' dir='ltr' id='par_1_22' title="bbox 215 1499 2608 1580">
     <span class='ocr_line' id='line_1_22' title="bbox 215 1499 2608 1580; baseline 0.009 -30"><span class='ocrx_word' id='word_1_165' title='bbox 215 1499 410 1553; x_wconf 86' lang='lat' dir='ltr'><strong>novel.</strong></span> <span class='ocrx_word' id='word_1_166' title='bbox 445 1515 522 1564; x_wconf 79' lang='lat' dir='ltr'><strong>xl,</strong></span> <span class='ocrx_word' id='word_1_167' title='bbox 549 1501 734 1556; x_wconf 85' lang='lat' dir='ltr'><strong>collat.</strong></span> <span class='ocrx_word' id='word_1_168' title='bbox 767 1503 824 1569; x_wconf 72' lang='lat'><strong>2,</strong></span> <span class='ocrx_word' id='word_1_169' title='bbox 860 1521 918 1563; x_wconf 89' lang='lat' dir='ltr'><strong>n.</strong></span> <span class='ocrx_word' id='word_1_170' title='bbox 946 1505 1002 1571; x_wconf 54' lang='grc' dir='ltr'><strong>νϐ,</strong></span> <span class='ocrx_word' id='word_1_171' title='bbox 1037 1513 1152 1564; x_wconf 90' lang='lat' dir='ltr'><strong>tum</strong></span> <span class='ocrx_word' id='word_1_172' title='bbox 1179 1522 1247 1562; x_wconf 79' lang='lat' dir='ltr'><strong>ex</strong></span> <span class='ocrx_word' id='word_1_173' title='bbox 1268 1507 1363 1562; x_wconf 86' lang='lat' dir='ltr'><strong>lib.</strong></span> <span class='ocrx_word' id='word_1_174' title='bbox 1397 1524 1450 1572; x_wconf 88' lang='grc' dir='ltr'><strong>ι,</strong></span> <span class='ocrx_word' id='word_1_175' title='bbox 1491 1525 1543 1564; x_wconf 92' lang='lat' dir='ltr'><strong>c.</strong></span> <span class='ocrx_word' id='word_1_176' title='bbox 1572 1509 1652 1564; x_wconf 79' lang='lat' dir='ltr'><strong>De</strong></span> <span class='ocrx_word' id='word_1_177' title='bbox 1675 1510 1805 1580; x_wconf 68' lang='lat' dir='ltr'><strong>ofﬁc.</strong></span> <span class='ocrx_word' id='word_1_178' title='bbox 1907 1517 2017 1573; x_wconf 80' lang='lat' dir='ltr'><strong>situ</strong></span> <span class='ocrx_word' id='word_1_179' title='bbox 2049 1526 2242 1572; x_wconf 86' lang='lat' dir='ltr'><strong>nostro</strong></span> <span class='ocrx_word' id='word_1_180' title='bbox 2274 1515 2608 1572; x_wconf 85' lang='lat' dir='ltr'><strong>conducant.</strong></span> 
     </span>
    </p>
   </div>
   <div class='ocr_carea' id='block_1_23' title="bbox 209 1588 3096 1676">
    <p class='ocr_par' dir='ltr' id='par_1_23' title="bbox 209 1588 3096 1676">
     <span class='ocr_line' id='line_1_23' title="bbox 209 1588 3096 1676; baseline 0.011 -36"><span class='ocrx_word' id='word_1_181' title='bbox 209 1588 384 1660; x_wconf 73' lang='lat' dir='ltr'><strong>prwf.</strong></span> <span class='ocrx_word' id='word_1_182' title='bbox 439 1601 594 1659; x_wconf 76' lang='lat' dir='ltr'><strong>praet.</strong></span> <span class='ocrx_word' id='word_1_183' title='bbox 652 1593 772 1662; x_wconf 77' lang='lat' dir='ltr'><strong>Afr.</strong></span> <span class='ocrx_word' id='word_1_184' title='bbox 835 1591 929 1649; x_wconf 87' lang='lat' dir='ltr'><strong>Lis</strong></span> <span class='ocrx_word' id='word_1_185' title='bbox 979 1593 1148 1667; x_wconf 78' lang='lat' dir='ltr'><strong>igitur</strong></span> <span class='ocrx_word' id='word_1_186' title='bbox 1194 1597 1263 1654; x_wconf 90' lang='lat' dir='ltr'><strong>de</strong></span> <span class='ocrx_word' id='word_1_187' title='bbox 1312 1613 1418 1653; x_wconf 91' lang='lat' dir='ltr'><strong>una</strong></span> <span class='ocrx_word' id='word_1_188' title='bbox 1465 1597 1802 1655; x_wconf 86' lang='lat' dir='ltr'><strong>Constantia.</strong></span> <span class='ocrx_word' id='word_1_189' title='bbox 1979 1611 2081 1664; x_wconf 77' lang='grc' dir='ltr'><strong>Αη.</strong></span> <span class='ocrx_word' id='word_1_190' title='bbox 2116 1611 2244 1666; x_wconf 81' lang='lat' dir='ltr'><strong>Chr.</strong></span> <span class='ocrx_word' id='word_1_191' title='bbox 3090 1671 3096 1676; x_wconf 77' lang='grc'><strong>,</strong></span> 
     </span>
    </p>
   </div>
   <div class='ocr_carea' id='block_1_24' title="bbox 217 1681 3483 1770">
    <p class='ocr_par' dir='ltr' id='par_1_24' title="bbox 217 1681 3483 1770">
     <span class='ocr_line' id='line_1_24' title="bbox 217 1681 3483 1770; baseline 0.001 -34"><span class='ocrx_word' id='word_1_192' title='bbox 217 1681 395 1751; x_wconf 80' lang='lat' dir='ltr'><strong>Atqui</strong></span> <span class='ocrx_word' id='word_1_193' title='bbox 423 1696 546 1737; x_wconf 83' lang='lat' dir='ltr'><strong>cum</strong></span> <span class='ocrx_word' id='word_1_194' title='bbox 578 1683 692 1739; x_wconf 72' lang='lat' dir='ltr'><strong>haec</strong></span> <span class='ocrx_word' id='word_1_195' title='bbox 736 1685 929 1742; x_wconf 89' lang='lat' dir='ltr'><strong>ordine</strong></span> <span class='ocrx_word' id='word_1_196' title='bbox 956 1687 1172 1744; x_wconf 84' lang='lat' dir='ltr'><strong>dicatur</strong></span> <span class='ocrx_word' id='word_1_197' title='bbox 1211 1688 1287 1753; x_wconf 76' lang='lat'><strong>2,</strong></span> <span class='ocrx_word' id='word_1_198' title='bbox 1328 1704 1450 1745; x_wconf 89' lang='lat' dir='ltr'><strong>cum</strong></span> <span class='ocrx_word' id='word_1_199' title='bbox 1494 1706 1525 1746; x_wconf 77' lang='grc' dir='ltr'><strong>ει</strong></span> <span class='ocrx_word' id='word_1_200' title='bbox 1555 1689 1807 1746; x_wconf 83' lang='lat' dir='ltr'><strong>Patribus</strong></span> <span class='ocrx_word' id='word_1_201' title='bbox 1979 1701 2102 1758; x_wconf 59' lang='lat'><strong>632,</strong></span> <span class='ocrx_word' id='word_1_202' title='bbox 2147 1701 2355 1757; x_wconf 64' lang='grc' dir='ltr'><strong>οεείηίι</strong></span> <span class='ocrx_word' id='word_1_203' title='bbox 2392 1701 2606 1770; x_wconf 51' lang='lat' dir='ltr'><strong>Agatho</strong></span> <span class='ocrx_word' id='word_1_204' title='bbox 2653 1699 2714 1754; x_wconf 79' lang='grc' dir='ltr'><strong>Ρ,</strong></span> <span class='ocrx_word' id='word_1_205' title='bbox 2763 1697 2836 1754; x_wconf 72' lang='grc' dir='ltr'><strong>Μ,</strong></span> <span class='ocrx_word' id='word_1_206' title='bbox 2867 1697 2958 1753; x_wconf 66' lang='lat' dir='ltr'><strong>die</strong></span> <span class='ocrx_word' id='word_1_207' title='bbox 3004 1697 3072 1752; x_wconf 71' lang='grc' dir='ltr'><strong>ιο</strong></span> <span class='ocrx_word' id='word_1_208' title='bbox 3101 1697 3344 1753; x_wconf 64' lang='lat' dir='ltr'><strong>Januarii</strong></span> <span class='ocrx_word' id='word_1_209' title='bbox 3387 1712 3483 1754; x_wconf 69' lang='lat' dir='ltr'><strong>ca-</strong></span> 
     </span>
    </p>
   </div>
   <div class='ocr_carea' id='block_1_25' title="bbox 220 1774 1817 1864">
    <p class='ocr_par' dir='ltr' id='par_1_25' title="bbox 220 1774 1806 1864">
     <span class='ocr_line' id='line_1_25' title="bbox 220 1774 1806 1864; baseline 0.006 -38"><span class='ocrx_word' id='word_1_210' title='bbox 220 1787 280 1864; x_wconf 71' lang='lat' dir='ltr'><strong>vt</strong></span> <span class='ocrx_word' id='word_1_211' title='bbox 310 1774 508 1864; x_wconf 82' lang='lat' dir='ltr'><strong>synodi</strong></span> <span class='ocrx_word' id='word_1_212' title='bbox 544 1776 682 1864; x_wconf 79' lang='lat' dir='ltr'><strong>nova</strong></span> <span class='ocrx_word' id='word_1_213' title='bbox 712 1779 1018 1846; x_wconf 84' lang='lat' dir='ltr'><strong>appellatur</strong></span> <span class='ocrx_word' id='word_1_214' title='bbox 1043 1777 1360 1836; x_wconf 86' lang='lat' dir='ltr'><strong>Justiniana</strong></span> <span class='ocrx_word' id='word_1_215' title='bbox 1389 1798 1516 1838; x_wconf 90' lang='lat' dir='ltr'><strong>can.</strong></span> <span class='ocrx_word' id='word_1_216' title='bbox 1547 1784 1638 1848; x_wconf 76' lang='lat'><strong>59,</strong></span> <span class='ocrx_word' id='word_1_217' title='bbox 1664 1782 1806 1840; x_wconf 82' lang='grc' dir='ltr'><strong>ὥστε</strong></span> 
     </span>
    </p>
   </div>
   <div class='ocr_carea' id='block_1_26' title="bbox 1918 1774 3482 1864">
    <p class='ocr_par' dir='ltr' id='par_1_26' title="bbox 1918 1789 3482 1864">
     <span class='ocr_line' id='line_1_26' title="bbox 1918 1789 3482 1864; baseline -0.006 -14"><span class='ocrx_word' id='word_1_218' title='bbox 1918 1795 2128 1864; x_wconf 82' lang='lat' dir='ltr'><strong>ruitque</strong></span> <span class='ocrx_word' id='word_1_219' title='bbox 2181 1793 2429 1848; x_wconf 80' lang='lat' dir='ltr'><strong>Romana</strong></span> <span class='ocrx_word' id='word_1_220' title='bbox 2475 1791 2716 1848; x_wconf 88' lang='lat' dir='ltr'><strong>Ecclesia</strong></span> <span class='ocrx_word' id='word_1_221' title='bbox 2781 1805 3102 1848; x_wconf 84' lang='lat' dir='ltr'><strong>successore</strong></span> <span class='ocrx_word' id='word_1_222' title='bbox 3147 1805 3356 1844; x_wconf 76' lang='lat' dir='ltr'><strong>almum</strong></span> <span class='ocrx_word' id='word_1_223' title='bbox 3419 1789 3482 1853; x_wconf 80' lang='lat' dir='ltr'><strong>l,</strong></span> 
     </span>
    </p>
   </div>
   <div class='ocr_carea' id='block_1_27' title="bbox 217 1855 1817 1954">
    <p class='ocr_par' dir='ltr' id='par_1_27' title="bbox 217 1859 1808 1944">
     <span class='ocr_line' id='line_1_27' title="bbox 217 1859 1808 1944; baseline 0.008 -30"><span class='ocrx_word' id='word_1_224' title='bbox 217 1859 326 1932; x_wconf 77' lang='grc' dir='ltr'><strong>τὴν</strong></span> <span class='ocrx_word' id='word_1_225' title='bbox 373 1862 502 1926; x_wconf 57' lang='grc' dir='ltr'><strong>νέαν</strong></span> <span class='ocrx_word' id='word_1_226' title='bbox 553 1863 1096 1922; x_wconf 83' lang='grc' dir='ltr'><strong>Ἰουστινιανούπολιν</strong></span> <span class='ocrx_word' id='word_1_227' title='bbox 1145 1869 1206 1925; x_wconf 77' lang='grc' dir='ltr'><strong>τὺ</strong></span> <span class='ocrx_word' id='word_1_228' title='bbox 1257 1870 1466 1926; x_wconf 74' lang='grc' dir='ltr'><strong>δίκαιον</strong></span> <span class='ocrx_word' id='word_1_229' title='bbox 1526 1871 1667 1944; x_wconf 65' lang='grc' dir='ltr'><strong>ἔχειν</strong></span> <span class='ocrx_word' id='word_1_230' title='bbox 1709 1873 1808 1943; x_wconf 82' lang='grc' dir='ltr'><strong>τῆς</strong></span> 
     </span>
    </p>
   </div>
   <div class='ocr_carea' id='block_1_28' title="bbox 1918 1855 3485 1954">
    <p class='ocr_par' dir='ltr' id='par_1_28' title="bbox 1918 1855 3485 1954">
     <span class='ocr_line' id='line_1_28' title="bbox 1918 1855 3485 1954; baseline -0.005 -12"><span class='ocrx_word' id='word_1_231' title='bbox 1918 1902 1988 1942; x_wconf 92' lang='lat' dir='ltr'><strong>m.</strong></span> <span class='ocrx_word' id='word_1_232' title='bbox 2021 1855 2154 1952; x_wconf 48' lang='lat' dir='ltr'><strong>id.</strong></span> <span class='ocrx_word' id='word_1_233' title='bbox 2213 1887 2268 1941; x_wconf 88' lang='lat'><strong>5.</strong></span> <span class='ocrx_word' id='word_1_234' title='bbox 2315 1885 2550 1954; x_wconf 86' lang='lat' dir='ltr'><strong>(Anast.</strong></span> <span class='ocrx_word' id='word_1_235' title='bbox 2603 1883 2863 1938; x_wconf 89' lang='lat' dir='ltr'><strong>Biblioth.</strong></span> <span class='ocrx_word' id='word_1_236' title='bbox 2913 1883 2968 1937; x_wconf 93' lang='lat' dir='ltr'><strong>in</strong></span> <span class='ocrx_word' id='word_1_237' title='bbox 3019 1883 3238 1952; x_wconf 82' lang='lat' dir='ltr'><strong>Agatlt.,</strong></span> <span class='ocrx_word' id='word_1_238' title='bbox 3290 1890 3485 1936; x_wconf 84' lang='lat' dir='ltr'><strong>auctor</strong></span> 
     </span>
    </p>
   </div>
   <div class='ocr_carea' id='block_1_29' title="bbox 220 1951 1808 2036">
    <p class='ocr_par' dir='ltr' id='par_1_29' title="bbox 220 1951 1808 2036">
     <span class='ocr_line' id='line_1_29' title="bbox 220 1951 1808 2036; baseline 0.008 -30"><span class='ocrx_word' id='word_1_239' title='bbox 220 1951 864 2022; x_wconf 79' lang='grc' dir='ltr'><strong>Κωνσταντινουπόλεως</strong></span> <span class='ocrx_word' id='word_1_240' title='bbox 881 2002 898 2028; x_wconf 89' lang='grc'><strong>,</strong></span> <span class='ocrx_word' id='word_1_241' title='bbox 931 1970 986 2014; x_wconf 83' lang='lat' dir='ltr'><strong>ut</strong></span> <span class='ocrx_word' id='word_1_242' title='bbox 1012 1976 1146 2018; x_wconf 75' lang='lat' dir='ltr'><strong>noua</strong></span> <span class='ocrx_word' id='word_1_243' title='bbox 1167 1960 1482 2018; x_wconf 75' lang='lat' dir='ltr'><strong>Iustiniana</strong></span> <span class='ocrx_word' id='word_1_244' title='bbox 1499 1964 1592 2036; x_wconf 85' lang='lat' dir='ltr'><strong>jus</strong></span> <span class='ocrx_word' id='word_1_245' title='bbox 1618 1963 1808 2020; x_wconf 77' lang='lat' dir='ltr'><strong>habeat</strong></span> 
     </span>
    </p>
   </div>
   <div class='ocr_carea' id='block_1_30' title="bbox 225 2040 1810 2122">
    <p class='ocr_par' dir='ltr' id='par_1_30' title="bbox 225 2040 1810 2122">
     <span class='ocr_line' id='line_1_30' title="bbox 225 2040 1810 2122; baseline 0.01 -27"><span class='ocrx_word' id='word_1_246' title='bbox 225 2040 724 2116; x_wconf 78' lang='lat' dir='ltr'><strong>Constantinopolis</strong></span> <span class='ocrx_word' id='word_1_247' title='bbox 746 2087 762 2115; x_wconf 92' lang='lat'><strong>,</strong></span> <span class='ocrx_word' id='word_1_248' title='bbox 797 2064 907 2106; x_wconf 89' lang='lat' dir='ltr'><strong>nou</strong></span> <span class='ocrx_word' id='word_1_249' title='bbox 938 2050 1217 2108; x_wconf 89' lang='lat' dir='ltr'><strong>immerito</strong></span> <span class='ocrx_word' id='word_1_250' title='bbox 1253 2053 1383 2108; x_wconf 87' lang='lat' dir='ltr'><strong>hinc</strong></span> <span class='ocrx_word' id='word_1_251' title='bbox 1415 2055 1675 2122; x_wconf 80' lang='lat' dir='ltr'><strong>conﬁcio,</strong></span> <span class='ocrx_word' id='word_1_252' title='bbox 1709 2054 1810 2110; x_wconf 88' lang='lat' dir='ltr'><strong>Ju-</strong></span> 
     </span>
    </p>
   </div>
   <div class='ocr_carea' id='block_1_31' title="bbox 225 2135 1808 2216">
    <p class='ocr_par' dir='ltr' id='par_1_31' title="bbox 225 2135 1808 2216">
     <span class='ocr_line' id='line_1_31' title="bbox 225 2135 1808 2216; baseline 0.009 -27"><span class='ocrx_word' id='word_1_253' title='bbox 225 2135 524 2192; x_wconf 82' lang='lat' dir='ltr'><strong>stinianam</strong></span> <span class='ocrx_word' id='word_1_254' title='bbox 548 2138 751 2196; x_wconf 85' lang='lat' dir='ltr'><strong>dictam</strong></span> <span class='ocrx_word' id='word_1_255' title='bbox 775 2139 1158 2200; x_wconf 82' lang='lat' dir='ltr'><strong>Constantiam</strong></span> <span class='ocrx_word' id='word_1_256' title='bbox 1177 2145 1246 2202; x_wconf 86' lang='lat' dir='ltr'><strong>ab</strong></span> <span class='ocrx_word' id='word_1_257' title='bbox 1267 2144 1579 2204; x_wconf 82' lang='lat' dir='ltr'><strong>Justiuiano</strong></span> <span class='ocrx_word' id='word_1_258' title='bbox 1601 2147 1672 2216; x_wconf 86' lang='lat' dir='ltr'><strong>Il,</strong></span> <span class='ocrx_word' id='word_1_259' title='bbox 1700 2163 1808 2204; x_wconf 89' lang='lat' dir='ltr'><strong>non</strong></span> 
     </span>
    </p>
   </div>
   <div class='ocr_carea' id='block_1_32' title="bbox 225 2225 1807 2297">
    <p class='ocr_par' dir='ltr' id='par_1_32' title="bbox 225 2225 1807 2297">
     <span class='ocr_line' id='line_1_32' title="bbox 225 2225 1807 2297; baseline 0.006 -14"><span class='ocrx_word' id='word_1_260' title='bbox 225 2225 272 2283; x_wconf 88' lang='lat' dir='ltr'><strong>l.</strong></span> <span class='ocrx_word' id='word_1_261' title='bbox 305 2227 366 2283; x_wconf 90' lang='lat' dir='ltr'><strong>Si</strong></span> <span class='ocrx_word' id='word_1_262' title='bbox 395 2229 540 2283; x_wconf 91' lang='lat' dir='ltr'><strong>enim</strong></span> <span class='ocrx_word' id='word_1_263' title='bbox 567 2244 598 2285; x_wconf 88' lang='lat' dir='ltr'><strong>a</strong></span> <span class='ocrx_word' id='word_1_264' title='bbox 621 2229 666 2297; x_wconf 91' lang='grc' dir='ltr'><strong>Ι,</strong></span> <span class='ocrx_word' id='word_1_265' title='bbox 699 2232 844 2290; x_wconf 81' lang='lat' dir='ltr'><strong>haud</strong></span> <span class='ocrx_word' id='word_1_266' title='bbox 874 2250 1071 2292; x_wconf 85' lang='lat' dir='ltr'><strong>novam</strong></span> <span class='ocrx_word' id='word_1_267' title='bbox 1103 2235 1254 2293; x_wconf 82' lang='lat' dir='ltr'><strong>illam</strong></span> <span class='ocrx_word' id='word_1_268' title='bbox 1286 2247 1573 2294; x_wconf 82' lang='lat' dir='ltr'><strong>vocassent</strong></span> <span class='ocrx_word' id='word_1_269' title='bbox 1592 2239 1807 2295; x_wconf 88' lang='lat' dir='ltr'><strong>concilii</strong></span> 
     </span>
    </p>
   </div>
   <div class='ocr_carea' id='block_1_33' title="bbox 226 2317 1806 2401">
    <p class='ocr_par' dir='ltr' id='par_1_33' title="bbox 226 2317 1806 2401">
     <span class='ocr_line' id='line_1_33' title="bbox 226 2317 1806 2401; baseline 0.008 -27"><span class='ocrx_word' id='word_1_270' title='bbox 226 2317 424 2376; x_wconf 83' lang='lat' dir='ltr'><strong>Patres</strong></span> <span class='ocrx_word' id='word_1_271' title='bbox 443 2362 458 2387; x_wconf 94' lang='lat'><strong>,</strong></span> <span class='ocrx_word' id='word_1_272' title='bbox 491 2323 713 2392; x_wconf 85' lang='lat' dir='ltr'><strong>quando</strong></span> <span class='ocrx_word' id='word_1_273' title='bbox 741 2339 860 2380; x_wconf 89' lang='lat' dir='ltr'><strong>eam</strong></span> <span class='ocrx_word' id='word_1_274' title='bbox 903 2327 1096 2384; x_wconf 87' lang='lat' dir='ltr'><strong>ordine</strong></span> <span class='ocrx_word' id='word_1_275' title='bbox 1131 2331 1466 2398; x_wconf 85' lang='lat' dir='ltr'><strong>sequebatur</strong></span> <span class='ocrx_word' id='word_1_276' title='bbox 1491 2330 1765 2401; x_wconf 72' lang='lat' dir='ltr'><strong>Carthago</strong></span> <span class='ocrx_word' id='word_1_277' title='bbox 1791 2365 1806 2396; x_wconf 93' lang='lat'><strong>,</strong></span> 
     </span>
    </p>
   </div>
   <div class='ocr_carea' id='block_1_34' title="bbox 227 2408 1810 2486">
    <p class='ocr_par' dir='ltr' id='par_1_34' title="bbox 227 2408 1810 2486">
     <span class='ocr_line' id='line_1_34' title="bbox 227 2408 1810 2486; baseline 0.008 -24"><span class='ocrx_word' id='word_1_278' title='bbox 227 2425 354 2479; x_wconf 75' lang='lat' dir='ltr'><strong>quae</strong></span> <span class='ocrx_word' id='word_1_279' title='bbox 383 2425 508 2466; x_wconf 86' lang='lat' dir='ltr'><strong>vere</strong></span> <span class='ocrx_word' id='word_1_280' title='bbox 534 2429 692 2482; x_wconf 82' lang='lat' dir='ltr'><strong>nova,</strong></span> <span class='ocrx_word' id='word_1_281' title='bbox 727 2414 996 2486; x_wconf 86' lang='lat' dir='ltr'><strong>siquidem</strong></span> <span class='ocrx_word' id='word_1_282' title='bbox 1053 2417 1372 2475; x_wconf 84' lang='lat' dir='ltr'><strong>Constantia</strong></span> <span class='ocrx_word' id='word_1_283' title='bbox 1401 2421 1472 2474; x_wconf 80' lang='lat' dir='ltr'><strong>ab</strong></span> <span class='ocrx_word' id='word_1_284' title='bbox 1495 2408 1810 2476; x_wconf 80' lang='lat' dir='ltr'><strong>Justinlano</strong></span> 
     </span>
    </p>
   </div>
   <div class='ocr_carea' id='block_1_35' title="bbox 223 2501 1808 2580">
    <p class='ocr_par' dir='ltr' id='par_1_35' title="bbox 223 2501 1808 2580">
     <span class='ocr_line' id='line_1_35' title="bbox 223 2501 1808 2580; baseline 0.006 -23"><span class='ocrx_word' id='word_1_285' title='bbox 223 2501 652 2560; x_wconf 82' lang='lat' dir='ltr'><strong>ldenominata.</strong></span> <span class='ocrx_word' id='word_1_286' title='bbox 695 2504 852 2572; x_wconf 85' lang='lat' dir='ltr'><strong>Quod</strong></span> <span class='ocrx_word' id='word_1_287' title='bbox 892 2507 1060 2578; x_wconf 81' lang='lat' dir='ltr'><strong>igitur</strong></span> <span class='ocrx_word' id='word_1_288' title='bbox 1103 2510 1296 2580; x_wconf 81' lang='lat' dir='ltr'><strong>synodi</strong></span> <span class='ocrx_word' id='word_1_289' title='bbox 1335 2527 1384 2564; x_wconf 75' lang='lat' dir='ltr'><strong>vi</strong></span> <span class='ocrx_word' id='word_1_290' title='bbox 1435 2509 1632 2567; x_wconf 88' lang='lat' dir='ltr'><strong>Patres</strong></span> <span class='ocrx_word' id='word_1_291' title='bbox 1661 2513 1808 2567; x_wconf 63' lang='lat' dir='ltr'><strong>Conv</strong></span> 
     </span>
    </p>
   </div>
   <div class='ocr_carea' id='block_1_36' title="bbox 225 2595 1806 2674">
    <p class='ocr_par' dir='ltr' id='par_1_36' title="bbox 225 2595 1806 2674">
     <span class='ocr_line' id='line_1_36' title="bbox 225 2595 1806 2674; baseline 0.004 -24"><span class='ocrx_word' id='word_1_292' title='bbox 225 2595 487 2650; x_wconf 84' lang='lat' dir='ltr'><strong>stantiam</strong></span> <span class='ocrx_word' id='word_1_293' title='bbox 517 2595 705 2654; x_wconf 87' lang='lat' dir='ltr'><strong>dicant</strong></span> <span class='ocrx_word' id='word_1_294' title='bbox 731 2597 859 2653; x_wconf 73' lang='grc' dir='ltr'>νέαν</span> <span class='ocrx_word' id='word_1_295' title='bbox 892 2598 1440 2656; x_wconf 74' lang='grc' dir='ltr'><strong>Ίοοστινιανούπολιν</strong></span> <span class='ocrx_word' id='word_1_296' title='bbox 1479 2612 1806 2674; x_wconf 75' lang='lat' dir='ltr'><strong>argumento</strong></span> 
     </span>
    </p>
   </div>
   <div class='ocr_carea' id='block_1_37' title="bbox 229 2688 1808 2762">
    <p class='ocr_par' dir='ltr' id='par_1_37' title="bbox 229 2688 1808 2762">
     <span class='ocr_line' id='line_1_37' title="bbox 229 2688 1808 2762; baseline 0.005 -20"><span class='ocrx_word' id='word_1_297' title='bbox 229 2696 355 2752; x_wconf 87' lang='lat' dir='ltr'><strong>est,</strong></span> <span class='ocrx_word' id='word_1_298' title='bbox 393 2704 596 2743; x_wconf 86' lang='lat' dir='ltr'><strong>novum</strong></span> <span class='ocrx_word' id='word_1_299' title='bbox 638 2690 772 2744; x_wconf 89' lang='lat' dir='ltr'><strong>illud</strong></span> <span class='ocrx_word' id='word_1_300' title='bbox 823 2688 1000 2746; x_wconf 75' lang='lat' dir='ltr'><strong>luisse</strong></span> <span class='ocrx_word' id='word_1_301' title='bbox 1027 2706 1226 2748; x_wconf 87' lang='lat' dir='ltr'><strong>nomen</strong></span> <span class='ocrx_word' id='word_1_302' title='bbox 1251 2734 1266 2759; x_wconf 92' lang='lat'><strong>,</strong></span> <span class='ocrx_word' id='word_1_303' title='bbox 1307 2708 1420 2762; x_wconf 85' lang='lat' dir='ltr'><strong>quo</strong></span> <span class='ocrx_word' id='word_1_304' title='bbox 1451 2702 1565 2748; x_wconf 89' lang='lat' dir='ltr'><strong>tum</strong></span> <span class='ocrx_word' id='word_1_305' title='bbox 1609 2695 1808 2750; x_wconf 78' lang='lat' dir='ltr'><strong>donata</strong></span> 
     </span>
    </p>
   </div>
   <div class='ocr_carea' id='block_1_38' title="bbox 229 2778 1806 2850">
    <p class='ocr_par' dir='ltr' id='par_1_38' title="bbox 229 2778 1806 2850">
     <span class='ocr_line' id='line_1_38' title="bbox 229 2778 1806 2850; baseline 0.004 -16"><span class='ocrx_word' id='word_1_306' title='bbox 229 2778 554 2842; x_wconf 79' lang='lat' dir='ltr'><strong>Constantia</strong></span> <span class='ocrx_word' id='word_1_307' title='bbox 577 2821 595 2847; x_wconf 92' lang='lat'><strong>,</strong></span> <span class='ocrx_word' id='word_1_308' title='bbox 627 2796 858 2850; x_wconf 88' lang='lat' dir='ltr'><strong>eamque</strong></span> <span class='ocrx_word' id='word_1_309' title='bbox 891 2781 1100 2838; x_wconf 88' lang='lat' dir='ltr'><strong>idcirco</strong></span> <span class='ocrx_word' id='word_1_310' title='bbox 1138 2784 1438 2839; x_wconf 85' lang='lat' dir='ltr'><strong>secundam</strong></span> <span class='ocrx_word' id='word_1_311' title='bbox 1467 2785 1670 2843; x_wconf 83' lang='lat' dir='ltr'><strong>dictam</strong></span> <span class='ocrx_word' id='word_1_312' title='bbox 1709 2785 1806 2842; x_wconf 84' lang='lat' dir='ltr'><strong>Ju-</strong></span> 
     </span>
    </p>
   </div>
   <div class='ocr_carea' id='block_1_39' title="bbox 233 2862 1808 2949">
    <p class='ocr_par' dir='ltr' id='par_1_39' title="bbox 233 2862 1808 2949">
     <span class='ocr_line' id='line_1_39' title="bbox 233 2862 1808 2949; baseline 0.004 -21"><span class='ocrx_word' id='word_1_313' title='bbox 233 2862 552 2936; x_wconf 78' lang='lat' dir='ltr'><strong>stinianain,</strong></span> <span class='ocrx_word' id='word_1_314' title='bbox 570 2888 693 2943; x_wconf 86' lang='lat' dir='ltr'><strong>quae</strong></span> <span class='ocrx_word' id='word_1_315' title='bbox 717 2889 906 2931; x_wconf 84' lang='lat' dir='ltr'><strong>revera</strong></span> <span class='ocrx_word' id='word_1_316' title='bbox 934 2875 1193 2944; x_wconf 86' lang='lat' dir='ltr'><strong>temporis</strong></span> <span class='ocrx_word' id='word_1_317' title='bbox 1217 2885 1466 2946; x_wconf 74' lang='lat' dir='ltr'><strong>respectu</strong></span> <span class='ocrx_word' id='word_1_318' title='bbox 1487 2880 1808 2949; x_wconf 81' lang='lat' dir='ltr'><strong>tertia,q.uia</strong></span> 
     </span>
    </p>
   </div>
   <div class='ocr_carea' id='block_1_40' title="bbox 1909 1967 3504 2046">
    <p class='ocr_par' dir='ltr' id='par_1_40' title="bbox 1909 1967 3504 2046">
     <span class='ocr_line' id='line_1_40' title="bbox 1909 1967 3504 2046; baseline -0.005 -13"><span class='ocrx_word' id='word_1_319' title='bbox 1909 1977 2113 2034; x_wconf 87' lang='lat' dir='ltr'><strong>Chron.</strong></span> <span class='ocrx_word' id='word_1_320' title='bbox 2159 1976 2526 2042; x_wconf 64' lang='lat' dir='ltr'><strong>Fossaenovaa,</strong></span> <span class='ocrx_word' id='word_1_321' title='bbox 2565 1989 2882 2046; x_wconf 84' lang='lat' dir='ltr'><strong>quanquam</strong></span> <span class='ocrx_word' id='word_1_322' title='bbox 2928 1984 3075 2030; x_wconf 87' lang='lat' dir='ltr'><strong>erret</strong></span> <span class='ocrx_word' id='word_1_323' title='bbox 3107 1974 3159 2027; x_wconf 89' lang='lat' dir='ltr'><strong>in</strong></span> <span class='ocrx_word' id='word_1_324' title='bbox 3195 1967 3504 2028; x_wconf 63' lang='lat' dir='ltr'><strong>emortuali&#39;</strong></span> 
     </span>
    </p>
   </div>
   <div class='ocr_carea' id='block_1_41' title="bbox 1911 2064 2616 2138">
    <p class='ocr_par' dir='ltr' id='par_1_41' title="bbox 1911 2064 2616 2138">
     <span class='ocr_line' id='line_1_41' title="bbox 1911 2064 2616 2138; baseline -0.004 -16"><span class='ocrx_word' id='word_1_325' title='bbox 1911 2083 2055 2124; x_wconf 91' lang='lat' dir='ltr'><strong>anno</strong></span> <span class='ocrx_word' id='word_1_326' title='bbox 2085 2067 2443 2138; x_wconf 87' lang='lat' dir='ltr'><strong>designando,</strong></span> <span class='ocrx_word' id='word_1_327' title='bbox 2477 2064 2616 2136; x_wconf 89' lang='lat' dir='ltr'><strong>alii.)</strong></span> 
     </span>
    </p>
   </div>
   <div class='ocr_carea' id='block_1_42' title="bbox 1951 2151 3478 2223">
    <p class='ocr_par' dir='ltr' id='par_1_42' title="bbox 1951 2151 3478 2223">
     <span class='ocr_line' id='line_1_42' title="bbox 1951 2151 3478 2223; baseline -0.005 -9"><span class='ocrx_word' id='word_1_328' title='bbox 1951 2159 2107 2214; x_wconf 77' lang='lat'><strong>&#39;683.</strong></span> <span class='ocrx_word' id='word_1_329' title='bbox 2143 2156 2254 2212; x_wconf 85' lang='lat' dir='ltr'><strong>Leo</strong></span> <span class='ocrx_word' id='word_1_330' title='bbox 2284 2155 2329 2212; x_wconf 84' lang='lat' dir='ltr'><strong>ll</strong></span> <span class='ocrx_word' id='word_1_331' title='bbox 2368 2155 2588 2212; x_wconf 91' lang='lat' dir='ltr'><strong>Siculus</strong></span> <span class='ocrx_word' id='word_1_332' title='bbox 2625 2153 2686 2209; x_wconf 89' lang='lat' dir='ltr'><strong>P.</strong></span> <span class='ocrx_word' id='word_1_333' title='bbox 2735 2153 2805 2209; x_wconf 82' lang='grc' dir='ltr'><strong>Μ.</strong></span> <span class='ocrx_word' id='word_1_334' title='bbox 2840 2161 3058 2208; x_wconf 87' lang='lat' dir='ltr'><strong>creatur</strong></span> <span class='ocrx_word' id='word_1_335' title='bbox 3087 2151 3176 2208; x_wconf 89' lang='lat' dir='ltr'><strong>die</strong></span> <span class='ocrx_word' id='word_1_336' title='bbox 3205 2151 3272 2205; x_wconf 79' lang='grc'><strong>10</strong></span> <span class='ocrx_word' id='word_1_337' title='bbox 3311 2153 3478 2223; x_wconf 86' lang='lat' dir='ltr'><strong>Aug.,</strong></span> 
     </span>
    </p>
   </div>
   <div class='ocr_carea' id='block_1_43' title="bbox 1909 2243 3480 2332">
    <p class='ocr_par' dir='ltr' id='par_1_43' title="bbox 1909 2243 3480 2332">
     <span class='ocr_line' id='line_1_43' title="bbox 1909 2243 3480 2332; baseline -0.006 -28"><span class='ocrx_word' id='word_1_338' title='bbox 1909 2250 2002 2322; x_wconf 87' lang='lat' dir='ltr'><strong>qui</strong></span> <span class='ocrx_word' id='word_1_339' title='bbox 2043 2247 2417 2320; x_wconf 83' lang='lat' dir='ltr'><strong>pontiﬁcatum</strong></span> <span class='ocrx_word' id='word_1_340' title='bbox 2462 2247 2628 2318; x_wconf 88' lang='lat' dir='ltr'><strong>gessit</strong></span> <span class='ocrx_word' id='word_1_341' title='bbox 2672 2261 2746 2300; x_wconf 90' lang='lat' dir='ltr'><strong>m.</strong></span> <span class='ocrx_word' id='word_1_342' title='bbox 2795 2245 2884 2312; x_wconf 84' lang='grc'><strong>10,</strong></span> <span class='ocrx_word' id='word_1_343' title='bbox 2926 2245 3006 2332; x_wconf 39' lang='grc' dir='ltr'><strong>«1η</strong></span> <span class='ocrx_word' id='word_1_344' title='bbox 3037 2245 3125 2300; x_wconf 85' lang='grc'><strong>18.</strong></span> <span class='ocrx_word' id='word_1_345' title='bbox 3158 2244 3388 2315; x_wconf 81' lang='lat' dir='ltr'><strong>(Anast.</strong></span> <span class='ocrx_word' id='word_1_346' title='bbox 3424 2243 3480 2296; x_wconf 87' lang='lat' dir='ltr'><strong>in</strong></span> 
     </span>
    </p>
   </div>
   <div class='ocr_carea' id='block_1_44' title="bbox 1909 2341 3491 2496">
    <p class='ocr_par' dir='ltr' id='par_1_44' title="bbox 1909 2341 3491 2496">
     <span class='ocr_line' id='line_1_44' title="bbox 1909 2341 3491 2496; baseline -0.008 -7"><span class='ocrx_word' id='word_1_347' title='bbox 1909 2341 2106 2488; x_wconf 52' lang='lat' dir='ltr'><strong>Legi).</strong></span> <span class='ocrx_word' id='word_1_348' title='bbox 2147 2431 2256 2494; x_wconf 80' lang='lat' dir='ltr'><strong>Leo</strong></span> <span class='ocrx_word' id='word_1_349' title='bbox 2290 2430 2332 2486; x_wconf 85' lang='lat' dir='ltr'><strong>ll</strong></span> <span class='ocrx_word' id='word_1_350' title='bbox 2365 2431 2481 2487; x_wconf 89' lang='lat' dir='ltr'><strong>obit</strong></span> <span class='ocrx_word' id='word_1_351' title='bbox 2509 2429 2580 2484; x_wconf 70' lang='lat'><strong>28</strong></span> <span class='ocrx_word' id='word_1_352' title='bbox 2615 2429 2787 2496; x_wconf 82' lang='lat' dir='ltr'><strong>Junii,</strong></span> <span class='ocrx_word' id='word_1_353' title='bbox 2831 2393 3214 2486; x_wconf 32' lang='lat' dir='ltr'><strong>cuixsuccedit</strong></span> <span class='ocrx_word' id='word_1_354' title='bbox 3245 2433 3366 2496; x_wconf 91' lang='lat' dir='ltr'><strong>post</strong></span> <span class='ocrx_word' id='word_1_355' title='bbox 3395 2425 3491 2496; x_wconf 41' lang='lat' dir='ltr'><strong>in-l</strong></span> 
     </span>
    </p>
   </div>
   <div class='ocr_carea' id='block_1_45' title="bbox 1909 2517 3480 2594">
    <p class='ocr_par' dir='ltr' id='par_1_45' title="bbox 1909 2517 3480 2594">
     <span class='ocr_line' id='line_1_45' title="bbox 1909 2517 3480 2594; baseline -0.004 -16"><span class='ocrx_word' id='word_1_356' title='bbox 1909 2524 2329 2594; x_wconf 76' lang='lat' dir='ltr'><strong>terpontilicium</strong></span> <span class='ocrx_word' id='word_1_357' title='bbox 2372 2523 2643 2578; x_wconf 90' lang='lat' dir='ltr'><strong>mensium</strong></span> <span class='ocrx_word' id='word_1_358' title='bbox 2683 2523 2740 2586; x_wconf 83' lang='lat'><strong>‘5,</strong></span> <span class='ocrx_word' id='word_1_359' title='bbox 2785 2521 2842 2577; x_wconf 93' lang='lat' dir='ltr'><strong>d.</strong></span> <span class='ocrx_word' id='word_1_360' title='bbox 2909 2523 2996 2587; x_wconf 81' lang='lat' dir='ltr'><strong>l8,</strong></span> <span class='ocrx_word' id='word_1_361' title='bbox 3049 2521 3374 2579; x_wconf 85' lang='lat' dir='ltr'><strong>Benedictus</strong></span> <span class='ocrx_word' id='word_1_362' title='bbox 3416 2517 3480 2572; x_wconf 92' lang='lat' dir='ltr'><strong>ll.</strong></span> 
     </span>
    </p>
   </div>
   <div class='ocr_carea' id='block_1_46' title="bbox 1965 2629 2109 2668">
    <p class='ocr_par' dir='ltr' id='par_1_46' title="bbox 1965 2629 2109 2668">
     <span class='ocr_line' id='line_1_46' title="bbox 1965 2629 2109 2668; baseline 0 0"><span class='ocrx_word' id='word_1_363' title='bbox 1965 2629 1996 2668; x_wconf 77' lang='grc' dir='ltr'><strong>ι]</strong></span> <span class='ocrx_word' id='word_1_364' title='bbox 2002 2629 2086 2668; x_wconf 82' lang='lat' dir='ltr'><strong>em</strong></span> <span class='ocrx_word' id='word_1_365' title='bbox 2095 2657 2109 2668; x_wconf 88' lang='lat'><strong>.</strong></span> 
     </span>
    </p>
   </div>
   <div class='ocr_carea' id='block_1_47' title="bbox 1912 2615 3484 2774">
    <p class='ocr_par' dir='ltr' id='par_1_47' title="bbox 1912 2615 3484 2774">
     <span class='ocr_line' id='line_1_47' title="bbox 1965 2629 2109 2668; baseline 0 -7"><span class='ocrx_word' id='word_1_366' title='bbox 1965 2639 1976 2661; x_wconf 77' lang='grc' dir='ltr'>ι</span> <span class='ocrx_word' id='word_1_367' title='bbox 2053 2629 2109 2668; x_wconf 73' lang='grc' dir='ltr'><strong>η,</strong></span> 
     </span>
     <span class='ocr_line' id='line_1_48' title="bbox 1912 2615 3484 2774; baseline -0.004 -12"><span class='ocrx_word' id='word_1_368' title='bbox 1912 2615 2367 2762; x_wconf 49' lang='lat' dir='ltr'><strong>(&#39;166815.)M0t-itur</strong></span> <span class='ocrx_word' id='word_1_369' title='bbox 2396 2705 2724 2760; x_wconf 87' lang='lat' dir='ltr'><strong>Benedictus</strong></span> <span class='ocrx_word' id='word_1_370' title='bbox 2755 2703 2799 2758; x_wconf 89' lang='lat' dir='ltr'><strong>ll</strong></span> <span class='ocrx_word' id='word_1_371' title='bbox 2832 2704 2897 2759; x_wconf 82' lang='grc'><strong>15</strong></span> <span class='ocrx_word' id='word_1_372' title='bbox 2927 2702 3126 2771; x_wconf 84' lang='lat' dir='ltr'><strong>Martii,</strong></span> <span class='ocrx_word' id='word_1_373' title='bbox 3154 2705 3314 2774; x_wconf 88' lang='lat' dir='ltr'><strong>eique</strong></span> <span class='ocrx_word' id='word_1_374' title='bbox 3336 2701 3484 2757; x_wconf 80' lang='lat' dir='ltr'><strong>suill-</strong></span> 
     </span>
    </p>
   </div>
   <div class='ocr_carea' id='block_1_48' title="bbox 1911 2794 2690 2859">
    <p class='ocr_par' dir='ltr' id='par_1_48' title="bbox 1911 2794 2690 2859">
     <span class='ocr_line' id='line_1_49' title="bbox 1911 2794 2690 2859; baseline -0.006 -5"><span class='ocrx_word' id='word_1_375' title='bbox 1911 2799 2050 2854; x_wconf 87' lang='lat' dir='ltr'><strong>citor</strong></span> <span class='ocrx_word' id='word_1_376' title='bbox 2075 2795 2316 2852; x_wconf 78' lang='lat' dir='ltr'><strong>Joannes</strong></span> <span class='ocrx_word' id='word_1_377' title='bbox 2347 2795 2411 2859; x_wconf 78' lang='grc' dir='ltr'><strong>γ,</strong></span> <span class='ocrx_word' id='word_1_378' title='bbox 2439 2796 2510 2850; x_wconf 71' lang='grc'><strong>25</strong></span> <span class='ocrx_word' id='word_1_379' title='bbox 2539 2794 2690 2850; x_wconf 85' lang='lat' dir='ltr'><strong>Julii.</strong></span> 
     </span>
    </p>
   </div>
   <div class='ocr_carea' id='block_1_49' title="bbox 1977 2882 3482 2952">
    <p class='ocr_par' dir='ltr' id='par_1_49' title="bbox 1977 2882 3482 2952">
     <span class='ocr_line' id='line_1_50' title="bbox 1977 2882 3482 2952; baseline -0.005 -10"><span class='ocrx_word' id='word_1_380' title='bbox 1977 2889 2102 2944; x_wconf 77' lang='grc'><strong>686.</strong></span> <span class='ocrx_word' id='word_1_381' title='bbox 2157 2888 2373 2942; x_wconf 72' lang='lat' dir='ltr'><strong>Deccdit</strong></span> <span class='ocrx_word' id='word_1_382' title='bbox 2430 2885 2672 2940; x_wconf 86' lang='lat' dir='ltr'><strong>Joannes</strong></span> <span class='ocrx_word' id='word_1_383' title='bbox 2728 2883 2792 2948; x_wconf 73' lang='grc' dir='ltr'><strong>γ,</strong></span> <span class='ocrx_word' id='word_1_384' title='bbox 2855 2885 2920 2940; x_wconf 76' lang='lat' dir='ltr'><strong>l5</strong></span> <span class='ocrx_word' id='word_1_385' title='bbox 2971 2883 3108 2952; x_wconf 84' lang='lat' dir='ltr'><strong>Aug.</strong></span> <span class='ocrx_word' id='word_1_386' title='bbox 3165 2882 3482 2952; x_wconf 74' lang='lat' dir='ltr'><strong>Colnposito</strong></span> 
     </span>
    </p>
   </div>
   <div class='ocr_carea' id='block_1_50' title="bbox 231 2965 3484 3054">
    <p class='ocr_par' dir='ltr' id='par_1_50' title="bbox 231 2965 3484 3054">
     <span class='ocr_line' id='line_1_51' title="bbox 231 2965 3484 3054; baseline 0.002 -36"><span class='ocrx_word' id='word_1_387' title='bbox 231 2965 408 3035; x_wconf 87' lang='lat' dir='ltr'><strong>patria</strong></span> <span class='ocrx_word' id='word_1_388' title='bbox 451 2965 716 3038; x_wconf 80' lang='lat' dir='ltr'><strong>Augusti,</strong></span> <span class='ocrx_word' id='word_1_389' title='bbox 779 2981 892 3036; x_wconf 81' lang='lat' dir='ltr'><strong>quo</strong></span> <span class='ocrx_word' id='word_1_390' title='bbox 937 2969 1164 3023; x_wconf 82' lang='lat' dir='ltr'><strong>nomine</strong></span> <span class='ocrx_word' id='word_1_391' title='bbox 1229 2970 1590 3038; x_wconf 65' lang='lat' dir='ltr'><strong>praeponenda</strong></span> <span class='ocrx_word' id='word_1_392' title='bbox 1646 2970 1810 3026; x_wconf 62' lang='lat' dir='ltr'><strong>fuerit</strong></span> <span class='ocrx_word' id='word_1_393' title='bbox 1909 2975 2148 3054; x_wconf 77' lang='lat' dir='ltr'><strong>partium</strong></span> <span class='ocrx_word' id='word_1_394' title='bbox 2183 2977 2414 3031; x_wconf 81' lang='lat' dir='ltr'><strong>dissidio</strong></span> <span class='ocrx_word' id='word_1_395' title='bbox 2455 2975 2834 3044; x_wconf 80' lang='lat' dir='ltr'><strong>pontiﬁcatum</strong></span> <span class='ocrx_word' id='word_1_396' title='bbox 2880 2972 2982 3026; x_wconf 89' lang='lat' dir='ltr'><strong>init</strong></span> <span class='ocrx_word' id='word_1_397' title='bbox 3027 2973 3220 3026; x_wconf 87' lang='lat' dir='ltr'><strong>Conon</strong></span> <span class='ocrx_word' id='word_1_398' title='bbox 3261 2969 3484 3025; x_wconf 86' lang='lat' dir='ltr'><strong>Siculus</strong></span> 
     </span>
    </p>
   </div>
   <div class='ocr_carea' id='block_1_51' title="bbox 233 3056 2266 3128">
    <p class='ocr_par' dir='ltr' id='par_1_51' title="bbox 233 3056 2266 3128">
     <span class='ocr_line' id='line_1_52' title="bbox 233 3056 2266 3128; baseline 0.003 -16"><span class='ocrx_word' id='word_1_399' title='bbox 233 3056 577 3128; x_wconf 82' lang='lat' dir='ltr'><strong>Carthagini,</strong></span> <span class='ocrx_word' id='word_1_400' title='bbox 602 3057 869 3115; x_wconf 83' lang='lat' dir='ltr'><strong>incolumi</strong></span> <span class='ocrx_word' id='word_1_401' title='bbox 902 3067 1158 3114; x_wconf 88' lang='lat' dir='ltr'><strong>manente</strong></span> <span class='ocrx_word' id='word_1_402' title='bbox 1189 3060 1411 3114; x_wconf 72' lang='lat' dir='ltr'><strong>Achridi</strong></span> <span class='ocrx_word' id='word_1_403' title='bbox 1435 3058 1757 3117; x_wconf 74' lang='lat' dir='ltr'><strong>Justinianze</strong></span> <span class='ocrx_word' id='word_1_404' title='bbox 1789 3063 1806 3116; x_wconf 92' lang='grc' dir='ltr'><strong>Ι</strong></span> <span class='ocrx_word' id='word_1_405' title='bbox 1907 3069 1969 3126; x_wconf 70' lang='lat' dir='ltr'><strong>2t</strong></span> <span class='ocrx_word' id='word_1_406' title='bbox 2013 3067 2266 3122; x_wconf 80' lang='lat' dir='ltr'><strong>Octobris</strong></span> 
     </span>
    </p>
   </div>
   <div class='ocr_carea' id='block_1_52' title="bbox 233 3151 1804 3225">
    <p class='ocr_par' dir='ltr' id='par_1_52' title="bbox 233 3151 1804 3225">
     <span class='ocr_line' id='line_1_53' title="bbox 233 3151 1804 3225; baseline 0.001 -17"><span class='ocrx_word' id='word_1_407' title='bbox 233 3153 670 3219; x_wconf 90' lang='lat' dir='ltr'><strong>nomenclatura,</strong></span> <span class='ocrx_word' id='word_1_408' title='bbox 699 3153 830 3224; x_wconf 85' lang='lat' dir='ltr'><strong>quia</strong></span> <span class='ocrx_word' id='word_1_409' title='bbox 861 3151 1156 3210; x_wconf 84' lang='lat' dir='ltr'><strong>Justiniani</strong></span> <span class='ocrx_word' id='word_1_410' title='bbox 1185 3155 1203 3208; x_wconf 90' lang='grc' dir='ltr'><strong>Ι</strong></span> <span class='ocrx_word' id='word_1_411' title='bbox 1250 3157 1445 3225; x_wconf 82' lang='lat' dir='ltr'><strong>patria.</strong></span> <span class='ocrx_word' id='word_1_412' title='bbox 1477 3155 1595 3210; x_wconf 79' lang='lat' dir='ltr'><strong>Non</strong></span> <span class='ocrx_word' id='word_1_413' title='bbox 1625 3157 1804 3210; x_wconf 90' lang='lat' dir='ltr'><strong>solum</strong></span> 
     </span>
    </p>
   </div>
   <div class='ocr_carea' id='block_1_53' title="bbox 1979 3153 3488 3224">
    <p class='ocr_par' dir='ltr' id='par_1_53' title="bbox 1979 3153 3488 3224">
     <span class='ocr_line' id='line_1_54' title="bbox 1979 3153 3488 3224; baseline -0.007 -11"><span class='ocrx_word' id='word_1_414' title='bbox 1979 3159 2105 3214; x_wconf 83' lang='lat'><strong>687.</strong></span> <span class='ocrx_word' id='word_1_415' title='bbox 2149 3157 2294 3214; x_wconf 80' lang='lat' dir='ltr'><strong>Vixit</strong></span> <span class='ocrx_word' id='word_1_416' title='bbox 2327 3157 2516 3214; x_wconf 86' lang='lat' dir='ltr'><strong>Conon</strong></span> <span class='ocrx_word' id='word_1_417' title='bbox 2555 3173 2728 3224; x_wconf 82' lang='lat' dir='ltr'><strong>usque</strong></span> <span class='ocrx_word' id='word_1_418' title='bbox 2759 3156 2825 3211; x_wconf 88' lang='lat' dir='ltr'><strong>ad</strong></span> <span class='ocrx_word' id='word_1_419' title='bbox 2870 3155 2942 3210; x_wconf 74' lang='lat'><strong>2‘2</strong></span> <span class='ocrx_word' id='word_1_420' title='bbox 2987 3153 3346 3223; x_wconf 79' lang='lat' dir='ltr'><strong>Septembris,</strong></span> <span class='ocrx_word' id='word_1_421' title='bbox 3388 3165 3488 3204; x_wconf 81' lang='lat' dir='ltr'><strong>cx-</strong></span> 
     </span>
    </p>
   </div>
   <div class='ocr_carea' id='block_1_54' title="bbox 237 3217 3486 3321">
    <p class='ocr_par' dir='ltr' id='par_1_54' title="bbox 237 3217 3486 3321">
     <span class='ocr_line' id='line_1_55' title="bbox 237 3217 3486 3321; baseline -0.002 -21"><span class='ocrx_word' id='word_1_422' title='bbox 237 3245 423 3315; x_wconf 78' lang='lat' dir='ltr'><strong>igitur,</strong></span> <span class='ocrx_word' id='word_1_423' title='bbox 455 3243 598 3313; x_wconf 87' lang='lat' dir='ltr'><strong>quod</strong></span> <span class='ocrx_word' id='word_1_424' title='bbox 623 3217 967 3301; x_wconf 70' lang='lat' dir='ltr'><strong>Justinianus</strong></span> <span class='ocrx_word' id='word_1_425' title='bbox 999 3243 1038 3298; x_wconf 91' lang='lat' dir='ltr'><strong>tl</strong></span> <span class='ocrx_word' id='word_1_426' title='bbox 1059 3259 1090 3298; x_wconf 88' lang='lat' dir='ltr'><strong>a</strong></span> <span class='ocrx_word' id='word_1_427' title='bbox 1123 3217 1312 3316; x_wconf 73' lang='lat' dir='ltr'><strong>synodi</strong></span> <span class='ocrx_word' id='word_1_428' title='bbox 1345 3262 1393 3300; x_wconf 75' lang='lat' dir='ltr'><strong>vi</strong></span> <span class='ocrx_word' id='word_1_429' title='bbox 1425 3245 1674 3304; x_wconf 84' lang='lat' dir='ltr'><strong>Patrihus</strong></span> <span class='ocrx_word' id='word_1_430' title='bbox 1707 3263 1806 3302; x_wconf 91' lang='lat' dir='ltr'><strong>vo-</strong></span> <span class='ocrx_word' id='word_1_431' title='bbox 1834 3217 1878 3276; x_wconf 67' lang='grc' dir='ltr'><strong>θ</strong></span> <span class='ocrx_word' id='word_1_432' title='bbox 1911 3251 2222 3321; x_wconf 82' lang='lat' dir='ltr'><strong>stinctoque</strong></span> <span class='ocrx_word' id='word_1_433' title='bbox 2282 3249 2575 3304; x_wconf 86' lang='lat' dir='ltr'><strong>schismate</strong></span> <span class='ocrx_word' id='word_1_434' title='bbox 2730 3246 2802 3300; x_wconf 83' lang='lat' dir='ltr'><strong>ill.</strong></span> <span class='ocrx_word' id='word_1_435' title='bbox 2856 3217 3198 3300; x_wconf 81' lang='lat' dir='ltr'><strong>renuntiatur</strong></span> <span class='ocrx_word' id='word_1_436' title='bbox 3258 3240 3486 3312; x_wconf 86' lang='lat' dir='ltr'><strong>Sergius</strong></span> 
     </span>
    </p>
   </div>
   <div class='ocr_carea' id='block_1_55' title="bbox 238 3335 2810 3414">
    <p class='ocr_par' dir='ltr' id='par_1_55' title="bbox 238 3335 2810 3414">
     <span class='ocr_line' id='line_1_56' title="bbox 238 3335 2810 3414; baseline -0.002 -21"><span class='ocrx_word' id='word_1_437' title='bbox 238 3338 406 3393; x_wconf 86' lang='lat' dir='ltr'><strong>luerit</strong></span> <span class='ocrx_word' id='word_1_438' title='bbox 441 3335 676 3392; x_wconf 87' lang='lat' dir='ltr'><strong>dandam</strong></span> <span class='ocrx_word' id='word_1_439' title='bbox 728 3335 893 3414; x_wconf 72' lang='lat' dir='ltr'><strong>Cypri</strong></span> <span class='ocrx_word' id='word_1_440' title='bbox 937 3337 1353 3408; x_wconf 66' lang='lat' dir='ltr'><strong>archiemseopo</strong></span> <span class='ocrx_word' id='word_1_441' title='bbox 1401 3339 1808 3410; x_wconf 81' lang='lat' dir='ltr'><strong>Hellespontqu</strong></span> <span class='ocrx_word' id='word_1_442' title='bbox 1911 3342 2332 3399; x_wconf 87' lang='lat' dir='ltr'><strong>Panormitanus</strong></span> <span class='ocrx_word' id='word_1_443' title='bbox 2369 3339 2436 3394; x_wconf 74' lang='lat'><strong>18</strong></span> <span class='ocrx_word' id='word_1_444' title='bbox 2477 3338 2810 3395; x_wconf 83' lang='lat' dir='ltr'><strong>Decembris.</strong></span> 
     </span>
    </p>
   </div>
   <div class='ocr_carea' id='block_1_56' title="bbox 239 3428 1811 3500">
    <p class='ocr_par' dir='ltr' id='par_1_56' title="bbox 239 3428 1811 3500">
     <span class='ocr_line' id='line_1_57' title="bbox 239 3428 1811 3500; baseline 0.003 -18"><span class='ocrx_word' id='word_1_445' title='bbox 239 3428 574 3499; x_wconf 86' lang='lat' dir='ltr'><strong>provinciam</strong></span> <span class='ocrx_word' id='word_1_446' title='bbox 607 3443 732 3486; x_wconf 87' lang='lat' dir='ltr'><strong>cum</strong></span> <span class='ocrx_word' id='word_1_447' title='bbox 772 3429 1180 3499; x_wconf 78' lang='grc' dir='ltr'><strong>αὐτοκεφαλίας</strong></span> <span class='ocrx_word' id='word_1_448' title='bbox 1225 3431 1372 3500; x_wconf 82' lang='lat' dir='ltr'><strong>jure,</strong></span> <span class='ocrx_word' id='word_1_449' title='bbox 1417 3431 1694 3497; x_wconf 84' lang='lat' dir='ltr'><strong>ostendit,</strong></span> <span class='ocrx_word' id='word_1_450' title='bbox 1741 3444 1811 3486; x_wconf 89' lang='lat' dir='ltr'><strong>eo</strong></span> 
     </span>
    </p>
   </div>
   <div class='ocr_carea' id='block_1_57' title="bbox 239 3521 1812 3592">
    <p class='ocr_par' dir='ltr' id='par_1_57' title="bbox 239 3521 1812 3592">
     <span class='ocr_line' id='line_1_58' title="bbox 239 3521 1812 3592; baseline 0.001 -16"><span class='ocrx_word' id='word_1_451' title='bbox 239 3531 352 3576; x_wconf 90' lang='lat' dir='ltr'><strong>tum</strong></span> <span class='ocrx_word' id='word_1_452' title='bbox 388 3531 633 3591; x_wconf 88' lang='lat' dir='ltr'><strong>tempore</strong></span> <span class='ocrx_word' id='word_1_453' title='bbox 656 3521 769 3592; x_wconf 84' lang='lat' dir='ltr'><strong>iam</strong></span> <span class='ocrx_word' id='word_1_454' title='bbox 801 3521 1112 3592; x_wconf 84' lang='lat' dir='ltr'><strong>Augustum</strong></span> <span class='ocrx_word' id='word_1_455' title='bbox 1144 3523 1445 3578; x_wconf 86' lang='lat' dir='ltr'><strong>salutatum</strong></span> <span class='ocrx_word' id='word_1_456' title='bbox 1481 3523 1634 3578; x_wconf 87' lang='lat' dir='ltr'><strong>illtun</strong></span> <span class='ocrx_word' id='word_1_457' title='bbox 1658 3563 1673 3588; x_wconf 93' lang='lat'><strong>,</strong></span> <span class='ocrx_word' id='word_1_458' title='bbox 1715 3523 1812 3578; x_wconf 87' lang='lat' dir='ltr'><strong>sed</strong></span> 
     </span>
    </p>
   </div>
   <div class='ocr_carea' id='block_1_58' title="bbox 239 3610 1812 3682">
    <p class='ocr_par' dir='ltr' id='par_1_58' title="bbox 239 3610 1812 3682">
     <span class='ocr_line' id='line_1_59' title="bbox 239 3610 1812 3682; baseline -0.003 -14"><span class='ocrx_word' id='word_1_459' title='bbox 239 3614 407 3670; x_wconf 82' lang='lat' dir='ltr'><strong>etiam</strong></span> <span class='ocrx_word' id='word_1_460' title='bbox 455 3613 600 3682; x_wconf 86' lang='lat' dir='ltr'><strong>quod</strong></span> <span class='ocrx_word' id='word_1_461' title='bbox 651 3611 720 3672; x_wconf 81' lang='lat' dir='ltr'><strong>ab</strong></span> <span class='ocrx_word' id='word_1_462' title='bbox 775 3610 971 3666; x_wconf 81' lang='lat' dir='ltr'><strong>iisdem</strong></span> <span class='ocrx_word' id='word_1_463' title='bbox 1029 3612 1283 3667; x_wconf 84' lang='lat' dir='ltr'><strong>Patrihus</strong></span> <span class='ocrx_word' id='word_1_464' title='bbox 1337 3614 1434 3666; x_wconf 74' lang='grc' dir='ltr'><strong>νέα</strong></span> <span class='ocrx_word' id='word_1_465' title='bbox 1499 3614 1812 3666; x_wconf 79' lang='grc' dir='ltr'><strong>Ἰουστινια-</strong></span> 
     </span>
    </p>
   </div>
   <div class='ocr_carea' id='block_1_59' title="bbox 241 3702 1814 3774">
    <p class='ocr_par' dir='ltr' id='par_1_59' title="bbox 241 3702 1814 3774">
     <span class='ocr_line' id='line_1_60' title="bbox 241 3702 1814 3774; baseline -0.001 -15"><span class='ocrx_word' id='word_1_466' title='bbox 241 3705 492 3766; x_wconf 79' lang='grc' dir='ltr'><strong>νούπολις</strong></span> <span class='ocrx_word' id='word_1_467' title='bbox 520 3711 818 3774; x_wconf 86' lang='lat' dir='ltr'><strong>usurpetur</strong></span> <span class='ocrx_word' id='word_1_468' title='bbox 845 3702 1172 3759; x_wconf 89' lang='lat' dir='ltr'><strong>Constantia</strong></span> <span class='ocrx_word' id='word_1_469' title='bbox 1199 3745 1216 3766; x_wconf 93' lang='lat'><strong>,</strong></span> <span class='ocrx_word' id='word_1_470' title='bbox 1255 3719 1380 3759; x_wconf 90' lang='lat' dir='ltr'><strong>cum</strong></span> <span class='ocrx_word' id='word_1_471' title='bbox 1408 3705 1551 3758; x_wconf 84' lang='lat' dir='ltr'><strong>no&#39;va</strong></span> <span class='ocrx_word' id='word_1_472' title='bbox 1585 3703 1814 3759; x_wconf 84' lang='lat' dir='ltr'><strong>urbibus</strong></span> 
     </span>
    </p>
   </div>
   <div class='ocr_carea' id='block_1_60' title="bbox 1982 3521 3487 3576">
    <p class='ocr_par' dir='ltr' id='par_1_60' title="bbox 1982 3521 3487 3576">
     <span class='ocr_line' id='line_1_61' title="bbox 1982 3521 3487 3576; baseline -0.004 0"><span class='ocrx_word' id='word_1_473' title='bbox 1982 3521 3487 3576; x_wconf 74' lang='lat'><strong>689............</strong></span> 
     </span>
    </p>
   </div>
   <div class='ocr_carea' id='block_1_61' title="bbox 1985 3608 3486 3664">
    <p class='ocr_par' dir='ltr' id='par_1_61' title="bbox 1985 3608 3486 3664">
     <span class='ocr_line' id='line_1_62' title="bbox 1985 3608 3486 3664; baseline -0.005 -1"><span class='ocrx_word' id='word_1_474' title='bbox 1985 3608 3486 3664; x_wconf 83' lang='lat'><strong>690............</strong></span> 
     </span>
    </p>
   </div>
   <div class='ocr_carea' id='block_1_62' title="bbox 1985 3692 3496 3768">
    <p class='ocr_par' dir='ltr' id='par_1_62' title="bbox 1985 3692 3496 3768">
     <span class='ocr_line' id='line_1_63' title="bbox 1985 3692 3496 3768; baseline -0.005 -12"><span class='ocrx_word' id='word_1_475' title='bbox 1985 3699 2112 3756; x_wconf 77' lang='grc'><strong>691.</strong></span> <span class='ocrx_word' id='word_1_476' title='bbox 2147 3699 2332 3754; x_wconf 81' lang='lat' dir='ltr'><strong>Mense</strong></span> <span class='ocrx_word' id='word_1_477' title='bbox 2379 3697 2599 3753; x_wconf 83' lang='lat' dir='ltr'><strong>Octobri</strong></span> <span class='ocrx_word' id='word_1_478' title='bbox 2647 3695 2878 3749; x_wconf 78' lang='lat' dir='ltr'><strong>Romam</strong></span> <span class='ocrx_word' id='word_1_479' title='bbox 2927 3692 3148 3762; x_wconf 83' lang='lat' dir='ltr'><strong>navigat</strong></span> <span class='ocrx_word' id='word_1_480' title='bbox 3192 3693 3496 3768; x_wconf 77' lang='lat' dir='ltr'><strong>Gregorius</strong></span> 
     </span>
    </p>
   </div>
   <div class='ocr_carea' id='block_1_63' title="bbox 248 3785 3488 3866">
    <p class='ocr_par' dir='ltr' id='par_1_63' title="bbox 248 3785 3488 3866">
     <span class='ocr_line' id='line_1_64' title="bbox 248 3785 3488 3866; baseline -0.004 -16"><span class='ocrx_word' id='word_1_481' title='bbox 248 3795 470 3850; x_wconf 85' lang='lat' dir='ltr'><strong>nomina</strong></span> <span class='ocrx_word' id='word_1_482' title='bbox 513 3795 584 3850; x_wconf 80' lang='lat' dir='ltr'><strong>ab</strong></span> <span class='ocrx_word' id='word_1_483' title='bbox 618 3793 884 3866; x_wconf 83' lang='lat' dir='ltr'><strong>Augustis</strong></span> <span class='ocrx_word' id='word_1_484' title='bbox 916 3795 1346 3865; x_wconf 90' lang='lat' dir='ltr'><strong>imponerentur.</strong></span> <span class='ocrx_word' id='word_1_485' title='bbox 1395 3796 1556 3858; x_wconf 62' lang='lat' dir='ltr'><strong>moin</strong></span> <span class='ocrx_word' id='word_1_486' title='bbox 1594 3810 1718 3851; x_wconf 89' lang='lat' dir='ltr'><strong>cum</strong></span> <span class='ocrx_word' id='word_1_487' title='bbox 1758 3794 1816 3850; x_wconf 87' lang='lat' dir='ltr'><strong>in</strong></span> <span class='ocrx_word' id='word_1_488' title='bbox 1917 3793 2100 3863; x_wconf 81' lang='lat' dir='ltr'><strong>stupri</strong></span> <span class='ocrx_word' id='word_1_489' title='bbox 2123 3791 2358 3854; x_wconf 83' lang='lat' dir='ltr'><strong>delatus,</strong></span> <span class='ocrx_word' id='word_1_490' title='bbox 2410 3789 2470 3842; x_wconf 83' lang='lat' dir='ltr'><strong>P.</strong></span> <span class='ocrx_word' id='word_1_491' title='bbox 2502 3786 2644 3842; x_wconf 82' lang='lat' dir='ltr'><strong>Max.</strong></span> <span class='ocrx_word' id='word_1_492' title='bbox 2677 3785 2947 3854; x_wconf 87' lang='lat' dir='ltr'><strong>judicium</strong></span> <span class='ocrx_word' id='word_1_493' title='bbox 2983 3785 3294 3849; x_wconf 87' lang='lat' dir='ltr'><strong>subiturus,</strong></span> <span class='ocrx_word' id='word_1_494' title='bbox 3322 3799 3488 3851; x_wconf 85' lang='lat' dir='ltr'><strong>quam</strong></span> 
     </span>
    </p>
   </div>
   <div class='ocr_carea' id='block_1_64' title="bbox 245 3880 1817 3958">
    <p class='ocr_par' dir='ltr' id='par_1_64' title="bbox 245 3880 1817 3958">
     <span class='ocr_line' id='line_1_65' title="bbox 245 3880 1817 3958; baseline -0.001 -15"><span class='ocrx_word' id='word_1_495' title='bbox 245 3880 608 3943; x_wconf 85' lang='lat' dir='ltr'><strong>Anastasiana</strong></span> <span class='ocrx_word' id='word_1_496' title='bbox 640 3886 939 3956; x_wconf 83' lang='lat' dir='ltr'><strong>Agathonis</strong></span> <span class='ocrx_word' id='word_1_497' title='bbox 982 3889 1094 3942; x_wconf 88' lang='lat' dir='ltr'><strong>vita</strong></span> <span class='ocrx_word' id='word_1_498' title='bbox 1131 3887 1402 3958; x_wconf 86' lang='lat' dir='ltr'><strong>legimus:</strong></span> <span class='ocrx_word' id='word_1_499' title='bbox 1455 3887 1546 3941; x_wconf 81' lang='lat' dir='ltr'><strong>Ita</strong></span> <span class='ocrx_word' id='word_1_500' title='bbox 1591 3887 1817 3942; x_wconf 81' lang='lat' dir='ltr'><strong>discidio</strong></span> 
     </span>
    </p>
   </div>
   <div class='ocr_carea' id='block_1_65' title="bbox 183 3975 1816 4049">
    <p class='ocr_par' dir='ltr' id='par_1_65' title="bbox 183 3975 1816 4049">
     <span class='ocr_line' id='line_1_66' title="bbox 183 3975 1816 4049; baseline -0.001 -17"><span class='ocrx_word' id='word_1_501' title='bbox 183 4004 190 4010; x_wconf 92' lang='lat'><strong>-</strong></span> <span class='ocrx_word' id='word_1_502' title='bbox 244 3978 454 4033; x_wconf 79' lang='lat' dir='ltr'><strong>sublato</strong></span> <span class='ocrx_word' id='word_1_503' title='bbox 485 3977 751 4047; x_wconf 88' lang='lat' dir='ltr'><strong>(loquitur</strong></span> <span class='ocrx_word' id='word_1_504' title='bbox 775 3990 906 4030; x_wconf 87' lang='lat' dir='ltr'><strong>vero</strong></span> <span class='ocrx_word' id='word_1_505' title='bbox 929 3975 998 4032; x_wconf 93' lang='lat' dir='ltr'><strong>de</strong></span> <span class='ocrx_word' id='word_1_506' title='bbox 1024 3977 1189 4034; x_wconf 83' lang='lat' dir='ltr'><strong>rebus</strong></span> <span class='ocrx_word' id='word_1_507' title='bbox 1213 3977 1268 4032; x_wconf 90' lang='lat' dir='ltr'><strong>in</strong></span> <span class='ocrx_word' id='word_1_508' title='bbox 1299 3977 1510 4049; x_wconf 88' lang='lat' dir='ltr'><strong>synodo</strong></span> <span class='ocrx_word' id='word_1_509' title='bbox 1533 3977 1816 4046; x_wconf 82' lang='lat' dir='ltr'><strong>Trullans,</strong></span> 
     </span>
    </p>
   </div>
   <div class='ocr_carea' id='block_1_66' title="bbox 247 4067 1818 4140">
    <p class='ocr_par' dir='ltr' id='par_1_66' title="bbox 247 4067 1818 4140">
     <span class='ocr_line' id='line_1_67' title="bbox 247 4067 1818 4140; baseline 0 -16"><span class='ocrx_word' id='word_1_510' title='bbox 247 4071 350 4124; x_wconf 81' lang='lat' dir='ltr'><strong>hoc</strong></span> <span class='ocrx_word' id='word_1_511' title='bbox 377 4075 460 4124; x_wconf 86' lang='lat' dir='ltr'><strong>est</strong></span> <span class='ocrx_word' id='word_1_512' title='bbox 491 4083 544 4123; x_wconf 89' lang='lat' dir='ltr'><strong>vt</strong></span> <span class='ocrx_word' id='word_1_513' title='bbox 571 4067 913 4122; x_wconf 75' lang='lat' dir='ltr'><strong>aecumenica</strong></span> <span class='ocrx_word' id='word_1_514' title='bbox 941 4067 1152 4140; x_wconf 86' lang='lat' dir='ltr'><strong>gestis)</strong></span> <span class='ocrx_word' id='word_1_515' title='bbox 1221 4067 1464 4140; x_wconf 80' lang='lat' dir='ltr'><strong>civilique</strong></span> <span class='ocrx_word' id='word_1_516' title='bbox 1492 4070 1633 4124; x_wconf 86' lang='lat' dir='ltr'><strong>inter</strong></span> <span class='ocrx_word' id='word_1_517' title='bbox 1661 4068 1818 4124; x_wconf 82' lang='lat' dir='ltr'><strong>Chri-</strong></span> 
     </span>
    </p>
   </div>
   <div class='ocr_carea' id='block_1_67' title="bbox 245 4158 1818 4232">
    <p class='ocr_par' dir='ltr' id='par_1_67' title="bbox 245 4158 1818 4232">
     <span class='ocr_line' id='line_1_68' title="bbox 245 4158 1818 4232; baseline 0 -17"><span class='ocrx_word' id='word_1_518' title='bbox 245 4160 443 4215; x_wconf 79' lang='lat' dir='ltr'><strong>stianos</strong></span> <span class='ocrx_word' id='word_1_519' title='bbox 467 4158 600 4214; x_wconf 81' lang='lat' dir='ltr'><strong>bello</strong></span> <span class='ocrx_word' id='word_1_520' title='bbox 633 4161 940 4230; x_wconf 78' lang='lat' dir='ltr'><strong>composite,</strong></span> <span class='ocrx_word' id='word_1_521' title='bbox 964 4159 1198 4216; x_wconf 78' lang='lat' dir='ltr'><strong>Joannes</strong></span> <span class='ocrx_word' id='word_1_522' title='bbox 1221 4163 1490 4232; x_wconf 81' lang='lat' dir='ltr'><strong>episcopus</strong></span> <span class='ocrx_word' id='word_1_523' title='bbox 1514 4160 1818 4215; x_wconf 77' lang='lat' dir='ltr'><strong>Parmensis</strong></span> 
     </span>
    </p>
   </div>
   <div class='ocr_carea' id='block_1_68' title="bbox 247 4250 1822 4324">
    <p class='ocr_par' dir='ltr' id='par_1_68' title="bbox 247 4250 1822 4324">
     <span class='ocr_line' id='line_1_69' title="bbox 247 4250 1822 4324; baseline 0 -18"><span class='ocrx_word' id='word_1_524' title='bbox 247 4253 330 4306; x_wconf 82' lang='lat' dir='ltr'><strong>die</strong></span> <span class='ocrx_word' id='word_1_525' title='bbox 351 4250 646 4316; x_wconf 72' lang='lat' dir='ltr'><strong>Pass/tate,</strong></span> <span class='ocrx_word' id='word_1_526' title='bbox 695 4267 872 4306; x_wconf 75' lang='lat' dir='ltr'><strong>coram</strong></span> <span class='ocrx_word' id='word_1_527' title='bbox 927 4251 1162 4322; x_wconf 81' lang='lat' dir='ltr'><strong>principe</strong></span> <span class='ocrx_word' id='word_1_528' title='bbox 1205 4253 1366 4324; x_wconf 74' lang='lat'><strong>313</strong></span> <span class='ocrx_word' id='word_1_529' title='bbox 1411 4270 1472 4306; x_wconf 89' lang='lat' dir='ltr'><strong>ac</strong></span> <span class='ocrx_word' id='word_1_530' title='bbox 1505 4252 1822 4308; x_wconf 80' lang='lat' dir='ltr'><strong>Patriarclta</strong></span> 
     </span>
    </p>
   </div>
   <div class='ocr_carea' id='block_1_69' title="bbox 248 4339 1822 4412">
    <p class='ocr_par' dir='ltr' id='par_1_69' title="bbox 248 4339 1822 4412">
     <span class='ocr_line' id='line_1_70' title="bbox 248 4339 1822 4412; baseline -0.001 -17"><span class='ocrx_word' id='word_1_531' title='bbox 248 4345 304 4395; x_wconf 85' lang='lat' dir='ltr'><strong>in</strong></span> <span class='ocrx_word' id='word_1_532' title='bbox 347 4339 585 4396; x_wconf 77' lang='lat' dir='ltr'><strong>Ecclesia</strong></span> <span class='ocrx_word' id='word_1_533' title='bbox 617 4340 788 4396; x_wconf 65' lang='lat' dir='ltr'><strong>beatae</strong></span> <span class='ocrx_word' id='word_1_534' title='bbox 841 4340 1056 4412; x_wconf 66' lang='lat' dir='ltr'><strong>Sophia:</strong></span> <span class='ocrx_word' id='word_1_535' title='bbox 1104 4343 1318 4396; x_wconf 83' lang='lat' dir='ltr'><strong>missam</strong></span> <span class='ocrx_word' id='word_1_536' title='bbox 1379 4342 1546 4398; x_wconf 83' lang='lat' dir='ltr'><strong>latine</strong></span> <span class='ocrx_word' id='word_1_537' title='bbox 1595 4341 1822 4396; x_wconf 81' lang='lat' dir='ltr'><strong>celebrat</strong></span> 
     </span>
    </p>
   </div>
   <div class='ocr_carea' id='block_1_70' title="bbox 247 4433 1823 4506">
    <p class='ocr_par' dir='ltr' id='par_1_70' title="bbox 247 4433 1823 4506">
     <span class='ocr_line' id='line_1_71' title="bbox 247 4433 1823 4506; baseline 0.001 -18"><span class='ocrx_word' id='word_1_538' title='bbox 247 4435 484 4491; x_wconf 80' lang='lat' dir='ltr'><strong>omnibus</strong></span> <span class='ocrx_word' id='word_1_539' title='bbox 513 4433 931 4488; x_wconf 79' lang='lat' dir='ltr'><strong>acclamantibus</strong></span> <span class='ocrx_word' id='word_1_540' title='bbox 957 4435 1422 4506; x_wconf 81' lang='lat' dir='ltr'><strong>piissimarumque</strong></span> <span class='ocrx_word' id='word_1_541' title='bbox 1467 4435 1650 4490; x_wconf 85' lang='lat' dir='ltr'><strong>laudes</strong></span> <span class='ocrx_word' id='word_1_542' title='bbox 1685 4450 1823 4504; x_wconf 74' lang='lat' dir='ltr'><strong>pra:-</strong></span> 
     </span>
    </p>
   </div>
   <div class='ocr_carea' id='block_1_71' title="bbox 250 4525 1901 4614">
    <p class='ocr_par' dir='ltr' id='par_1_71' title="bbox 250 4525 1901 4614">
     <span class='ocr_line' id='line_1_72' title="bbox 250 4525 1901 4614; baseline 0 -34"><span class='ocrx_word' id='word_1_543' title='bbox 250 4526 584 4590; x_wconf 76' lang='lat' dir='ltr'><strong>dicantibus;</strong></span> <span class='ocrx_word' id='word_1_544' title='bbox 638 4525 806 4581; x_wconf 90' lang='lat' dir='ltr'><strong>hosce</strong></span> <span class='ocrx_word' id='word_1_545' title='bbox 859 4525 1136 4596; x_wconf 87' lang='lat' dir='ltr'><strong>Augustos</strong></span> <span class='ocrx_word' id='word_1_546' title='bbox 1181 4527 1407 4582; x_wconf 86' lang='lat' dir='ltr'><strong>omnino</strong></span> <span class='ocrx_word' id='word_1_547' title='bbox 1468 4527 1822 4596; x_wconf 84' lang='lat' dir='ltr'><strong>interpretere</strong></span> <span class='ocrx_word' id='word_1_548' title='bbox 1859 4560 1901 4614; x_wconf 65' lang='grc' dir='ltr'><strong>Β</strong></span> 
     </span>
    </p>
   </div>
   <div class='ocr_carea' id='block_1_72' title="bbox 1917 3875 3487 3956">
    <p class='ocr_par' dir='ltr' id='par_1_72' title="bbox 1917 3875 3487 3956">
     <span class='ocr_line' id='line_1_73' title="bbox 1917 3875 3487 3956; baseline -0.007 -16"><span class='ocrx_word' id='word_1_549' title='bbox 1917 3880 2201 3956; x_wconf 86' lang='lat' dir='ltr'><strong>ingressus</strong></span> <span class='ocrx_word' id='word_1_550' title='bbox 2244 3877 2540 3934; x_wconf 86' lang='lat' dir='ltr'><strong>Novembri</strong></span> <span class='ocrx_word' id='word_1_551' title='bbox 2575 3891 2786 3940; x_wconf 85' lang='lat' dir='ltr'><strong>mense,</strong></span> <span class='ocrx_word' id='word_1_552' title='bbox 2836 3875 3022 3946; x_wconf 87' lang='lat' dir='ltr'><strong>ibique</strong></span> <span class='ocrx_word' id='word_1_553' title='bbox 3053 3877 3238 3930; x_wconf 85' lang='lat' dir='ltr'><strong>statim</strong></span> <span class='ocrx_word' id='word_1_554' title='bbox 3271 3877 3332 3930; x_wconf 82' lang='lat' dir='ltr'><strong>in</strong></span> <span class='ocrx_word' id='word_1_555' title='bbox 3363 3890 3487 3930; x_wconf 80' lang='lat' dir='ltr'><strong>car-</strong></span> 
     </span>
    </p>
   </div>
   <div class='ocr_carea' id='block_1_73' title="bbox 1918 3967 2697 4042">
    <p class='ocr_par' dir='ltr' id='par_1_73' title="bbox 1918 3967 2697 4042">
     <span class='ocr_line' id='line_1_74' title="bbox 1918 3967 2697 4042; baseline -0.012 -11"><span class='ocrx_word' id='word_1_556' title='bbox 1918 3989 2072 4031; x_wconf 91' lang='lat' dir='ltr'><strong>ceres</strong></span> <span class='ocrx_word' id='word_1_557' title='bbox 2102 3970 2390 4042; x_wconf 85' lang='lat' dir='ltr'><strong>conjicitur</strong></span> <span class='ocrx_word' id='word_1_558' title='bbox 2421 3985 2449 4022; x_wconf 91' lang='lat' dir='ltr'><strong>a</strong></span> <span class='ocrx_word' id='word_1_559' title='bbox 2484 3967 2697 4037; x_wconf 83' lang='lat' dir='ltr'><strong>Sergio.</strong></span> 
     </span>
    </p>
   </div>
   <div class='ocr_carea' id='block_1_74' title="bbox 1991 4156 3490 4214">
    <p class='ocr_par' dir='ltr' id='par_1_74' title="bbox 1991 4156 3490 4214">
     <span class='ocr_line' id='line_1_75' title="bbox 1991 4156 3490 4214; baseline -0.003 -3"><span class='ocrx_word' id='word_1_560' title='bbox 1991 4156 3490 4214; x_wconf 75' lang='lat'><strong>695............</strong></span> 
     </span>
    </p>
   </div>
   <div class='ocr_carea' id='block_1_75' title="bbox 1993 4241 3492 4316">
    <p class='ocr_par' dir='ltr' id='par_1_75' title="bbox 1993 4241 3492 4316">
     <span class='ocr_line' id='line_1_76' title="bbox 1993 4241 3492 4316; baseline -0.005 -15"><span class='ocrx_word' id='word_1_561' title='bbox 1993 4246 2118 4301; x_wconf 72' lang='grc'><strong>694.</strong></span> <span class='ocrx_word' id='word_1_562' title='bbox 2157 4246 2229 4300; x_wconf 76' lang='grc'><strong>20</strong></span> <span class='ocrx_word' id='word_1_563' title='bbox 2269 4244 2501 4316; x_wconf 86' lang='lat' dir='ltr'><strong>Aprilis,</strong></span> <span class='ocrx_word' id='word_1_564' title='bbox 2555 4244 2661 4299; x_wconf 90' lang='lat' dir='ltr'><strong>hoc</strong></span> <span class='ocrx_word' id='word_1_565' title='bbox 2715 4253 2798 4298; x_wconf 92' lang='lat' dir='ltr'><strong>est</strong></span> <span class='ocrx_word' id='word_1_566' title='bbox 2849 4241 3113 4310; x_wconf 86' lang='lat' dir='ltr'><strong>postridie</strong></span> <span class='ocrx_word' id='word_1_567' title='bbox 3169 4241 3492 4305; x_wconf 73' lang='lat' dir='ltr'><strong>Paschalis,</strong></span> 
     </span>
    </p>
   </div>
   <div class='ocr_carea' id='block_1_76' title="bbox 1925 4319 3493 4407">
    <p class='ocr_par' dir='ltr' id='par_1_76' title="bbox 1925 4319 3493 4407">
     <span class='ocr_line' id='line_1_77' title="bbox 1925 4319 3493 4407; baseline -0.007 -11"><span class='ocrx_word' id='word_1_568' title='bbox 1925 4339 2158 4396; x_wconf 90' lang='lat' dir='ltr'><strong>concilio</strong></span> <span class='ocrx_word' id='word_1_569' title='bbox 2189 4337 2402 4394; x_wconf 90' lang='lat' dir='ltr'><strong>sistitur</strong></span> <span class='ocrx_word' id='word_1_570' title='bbox 2430 4319 2748 4407; x_wconf 76' lang='lat' dir='ltr'><strong>Gregorius,</strong></span> <span class='ocrx_word' id='word_1_571' title='bbox 2781 4335 3109 4404; x_wconf 86' lang='lat' dir='ltr'><strong>cognitaque</strong></span> <span class='ocrx_word' id='word_1_572' title='bbox 3137 4348 3300 4386; x_wconf 57' lang='lat' dir='ltr'><strong>causa</strong></span> <span class='ocrx_word' id='word_1_573' title='bbox 3333 4333 3493 4386; x_wconf 85' lang='lat' dir='ltr'><strong>inno-</strong></span> 
     </span>
    </p>
   </div>
   <div class='ocr_carea' id='block_1_77' title="bbox 2705 4097 3489 4118">
    <p class='ocr_par' dir='ltr' id='par_1_77' title="bbox 2705 4097 3489 4118">
     <span class='ocr_line' id='line_1_78' title="bbox 2705 4097 3489 4118; baseline 0 -6"><span class='ocrx_word' id='word_1_574' title='bbox 2705 4097 2718 4112; x_wconf 76' lang='grc' dir='ltr'><strong>ο</strong></span> <span class='ocrx_word' id='word_1_575' title='bbox 2833 4098 2846 4110; x_wconf 75' lang='grc' dir='ltr'>ι</span> <span class='ocrx_word' id='word_1_576' title='bbox 2959 4099 2973 4111; x_wconf 77' lang='grc' dir='ltr'><strong>ο</strong></span> <span class='ocrx_word' id='word_1_577' title='bbox 3079 4098 3104 4118; x_wconf 54' lang='grc' dir='ltr'>ς</span> <span class='ocrx_word' id='word_1_578' title='bbox 3218 4097 3230 4112; x_wconf 75' lang='grc' dir='ltr'>α</span> <span class='ocrx_word' id='word_1_579' title='bbox 3346 4100 3359 4114; x_wconf 78' lang='grc' dir='ltr'><strong>ο</strong></span> <span class='ocrx_word' id='word_1_580' title='bbox 3471 4099 3489 4117; x_wconf 70' lang='grc' dir='ltr'><strong>ο</strong></span> 
     </span>
    </p>
   </div>
   <div class='ocr_carea' id='block_1_78' title="bbox 1906 4425 3280 4500">
    <p class='ocr_par' dir='ltr' id='par_1_78' title="bbox 1906 4425 3280 4500">
     <span class='ocr_line' id='line_1_79' title="bbox 1906 4425 3280 4500; baseline -0.007 -12"><span class='ocrx_word' id='word_1_581' title='bbox 1906 4447 2056 4493; x_wconf 83' lang='lat' dir='ltr'><strong>cens</strong></span> <span class='ocrx_word' id='word_1_582' title='bbox 2082 4431 2380 4500; x_wconf 77' lang='lat' dir='ltr'><strong>iudicatur,</strong></span> <span class='ocrx_word' id='word_1_583' title='bbox 2417 4429 2542 4484; x_wconf 91' lang='lat' dir='ltr'><strong>inde</strong></span> <span class='ocrx_word' id='word_1_584' title='bbox 2575 4428 2689 4482; x_wconf 89' lang='lat' dir='ltr'><strong>abit</strong></span> <span class='ocrx_word' id='word_1_585' title='bbox 2721 4425 3280 4495; x_wconf 83' lang='lat' dir='ltr'><strong>Constantinopolim.</strong></span> 
     </span>
    </p>
   </div>
   <div class='ocr_carea' id='block_1_79' title="bbox 1995 4514 3500 4592">
    <p class='ocr_par' dir='ltr' id='par_1_79' title="bbox 1995 4514 3500 4592">
     <span class='ocr_line' id='line_1_80' title="bbox 1995 4514 3500 4592; baseline -0.007 -14"><span class='ocrx_word' id='word_1_586' title='bbox 1995 4521 2121 4578; x_wconf 84' lang='lat'><strong>695.</strong></span> <span class='ocrx_word' id='word_1_587' title='bbox 2161 4520 2381 4592; x_wconf 87' lang='lat' dir='ltr'><strong>Peragit</strong></span> <span class='ocrx_word' id='word_1_588' title='bbox 2429 4519 2636 4574; x_wconf 83' lang='lat' dir='ltr'><strong>Pascha</strong></span> <span class='ocrx_word' id='word_1_589' title='bbox 2665 4516 3177 4584; x_wconf 80' lang='lat' dir='ltr'><strong>Constantinopoli;</strong></span> <span class='ocrx_word' id='word_1_590' title='bbox 3218 4515 3349 4573; x_wconf 87' lang='lat' dir='ltr'><strong>hinc</strong></span> <span class='ocrx_word' id='word_1_591' title='bbox 3383 4514 3500 4570; x_wconf 77' lang='lat' dir='ltr'><strong>Ro-</strong></span> 
     </span>
    </p>
   </div>
   <div class='ocr_carea' id='block_1_80' title="bbox 249 4603 3501 4690">
    <p class='ocr_par' dir='ltr' id='par_1_80' title="bbox 249 4603 3501 4690">
     <span class='ocr_line' id='line_1_81' title="bbox 249 4603 3501 4690; baseline -0.004 -16"><span class='ocrx_word' id='word_1_592' title='bbox 249 4617 671 4675; x_wconf 87' lang='lat' dir='ltr'><strong>Constantinum</strong></span> <span class='ocrx_word' id='word_1_593' title='bbox 692 4625 999 4688; x_wconf 86' lang='lat' dir='ltr'><strong>patrem,et</strong></span> <span class='ocrx_word' id='word_1_594' title='bbox 1036 4615 1410 4674; x_wconf 88' lang='lat' dir='ltr'><strong>Justinianum</strong></span> <span class='ocrx_word' id='word_1_595' title='bbox 1438 4619 1632 4684; x_wconf 86' lang='lat' dir='ltr'><strong>lilium,</strong></span> <span class='ocrx_word' id='word_1_596' title='bbox 1663 4619 1756 4690; x_wconf 87' lang='lat' dir='ltr'><strong>qui</strong></span> <span class='ocrx_word' id='word_1_597' title='bbox 1790 4634 1822 4674; x_wconf 82' lang='lat' dir='ltr'><strong>a</strong></span> <span class='ocrx_word' id='word_1_598' title='bbox 1859 4603 1897 4614; x_wconf 65' lang='grc'><strong>⁷</strong></span> <span class='ocrx_word' id='word_1_599' title='bbox 1928 4625 2072 4666; x_wconf 87' lang='lat' dir='ltr'><strong>mam</strong></span> <span class='ocrx_word' id='word_1_600' title='bbox 2086 4606 2463 4678; x_wconf 84' lang='lat' dir='ltr'><strong>discedit,’quo</strong></span> <span class='ocrx_word' id='word_1_601' title='bbox 2479 4603 3229 4675; x_wconf 56' lang='lat' dir='ltr'><strong>pervenitSOJuliiJandem</strong></span> <span class='ocrx_word' id='word_1_602' title='bbox 3245 4605 3312 4660; x_wconf 89' lang='lat' dir='ltr'><strong>ad</strong></span> <span class='ocrx_word' id='word_1_603' title='bbox 3330 4606 3501 4662; x_wconf 83' lang='lat' dir='ltr'><strong>eccle-</strong></span> 
     </span>
    </p>
   </div>
   <div class='ocr_carea' id='block_1_81' title="bbox 253 4709 1820 4782">
    <p class='ocr_par' dir='ltr' id='par_1_81' title="bbox 253 4709 1820 4782">
     <span class='ocr_line' id='line_1_82' title="bbox 253 4709 1820 4782; baseline 0 -16"><span class='ocrx_word' id='word_1_604' title='bbox 253 4720 408 4782; x_wconf 83' lang='lat' dir='ltr'><strong>patre</strong></span> <span class='ocrx_word' id='word_1_605' title='bbox 465 4709 687 4780; x_wconf 85' lang='lat' dir='ltr'><strong>imperii</strong></span> <span class='ocrx_word' id='word_1_606' title='bbox 739 4710 951 4780; x_wconf 87' lang='lat' dir='ltr'><strong>collega</strong></span> <span class='ocrx_word' id='word_1_607' title='bbox 1001 4711 1347 4766; x_wconf 88' lang='lat' dir='ltr'><strong>renuntiatus</strong></span> <span class='ocrx_word' id='word_1_608' title='bbox 1377 4751 1392 4775; x_wconf 93' lang='lat'><strong>,</strong></span> <span class='ocrx_word' id='word_1_609' title='bbox 1451 4711 1506 4766; x_wconf 91' lang='lat' dir='ltr'><strong>in</strong></span> <span class='ocrx_word' id='word_1_610' title='bbox 1554 4713 1820 4782; x_wconf 91' lang='lat' dir='ltr'><strong>privatam</strong></span> 
     </span>
    </p>
   </div>
   <div class='ocr_carea' id='block_1_82' title="bbox 1927 4692 3500 4772">
    <p class='ocr_par' dir='ltr' id='par_1_82' title="bbox 1927 4692 3500 4772">
     <span class='ocr_line' id='line_1_83' title="bbox 1927 4692 3500 4772; baseline -0.003 -15"><span class='ocrx_word' id='word_1_611' title='bbox 1927 4701 2065 4757; x_wconf 90' lang='lat' dir='ltr'><strong>siam</strong></span> <span class='ocrx_word' id='word_1_612' title='bbox 2084 4716 2238 4757; x_wconf 90' lang='lat' dir='ltr'><strong>suam</strong></span> <span class='ocrx_word' id='word_1_613' title='bbox 2257 4692 2644 4772; x_wconf 77' lang='lat' dir='ltr'><strong>proﬁciscitur,</strong></span> <span class='ocrx_word' id='word_1_614' title='bbox 2669 4699 2889 4768; x_wconf 89' lang='lat' dir='ltr'><strong>adpellit</strong></span> <span class='ocrx_word' id='word_1_615' title='bbox 2907 4697 2973 4752; x_wconf 89' lang='lat' dir='ltr'><strong>ad</strong></span> <span class='ocrx_word' id='word_1_616' title='bbox 2997 4697 3356 4768; x_wconf 86' lang='lat' dir='ltr'><strong>Acragantem</strong></span> <span class='ocrx_word' id='word_1_617' title='bbox 3393 4697 3500 4752; x_wconf 85' lang='lat' dir='ltr'><strong>llu-</strong></span> 
     </span>
    </p>
   </div>
   <div class='ocr_carea' id='block_1_83' title="bbox 251 4787 1817 4879">
    <p class='ocr_par' dir='ltr' id='par_1_83' title="bbox 251 4800 1817 4879">
     <span class='ocr_line' id='line_1_84' title="bbox 251 4800 1817 4879; baseline 0.001 -22"><span class='ocrx_word' id='word_1_618' title='bbox 251 4804 414 4858; x_wconf 83' lang='lat' dir='ltr'><strong>vitam</strong></span> <span class='ocrx_word' id='word_1_619' title='bbox 439 4803 649 4879; x_wconf 82' lang='lat' dir='ltr'><strong>abactis</strong></span> <span class='ocrx_word' id='word_1_620' title='bbox 675 4801 924 4860; x_wconf 78' lang='lat' dir='ltr'><strong>Heraclio</strong></span> <span class='ocrx_word' id='word_1_621' title='bbox 978 4811 1034 4857; x_wconf 88' lang='lat' dir='ltr'><strong>et</strong></span> <span class='ocrx_word' id='word_1_622' title='bbox 1055 4800 1278 4858; x_wconf 85' lang='lat' dir='ltr'><strong>Tiberio</strong></span> <span class='ocrx_word' id='word_1_623' title='bbox 1325 4801 1612 4859; x_wconf 80' lang='lat' dir='ltr'><strong>fratribus.</strong></span> <span class='ocrx_word' id='word_1_624' title='bbox 1641 4802 1817 4870; x_wconf 84' lang='lat' dir='ltr'><strong>Quare</strong></span> 
     </span>
    </p>
   </div>
   <div class='ocr_carea' id='block_1_84' title="bbox 1918 4787 3499 4879">
    <p class='ocr_par' dir='ltr' id='par_1_84' title="bbox 1922 4787 3499 4862">
     <span class='ocr_line' id='line_1_85' title="bbox 1922 4787 3499 4862; baseline -0.003 -16"><span class='ocrx_word' id='word_1_625' title='bbox 1922 4795 2070 4847; x_wconf 89' lang='lat' dir='ltr'><strong>vium</strong></span> <span class='ocrx_word' id='word_1_626' title='bbox 2086 4791 2152 4848; x_wconf 87' lang='lat' dir='ltr'><strong>l0</strong></span> <span class='ocrx_word' id='word_1_627' title='bbox 2168 4789 2798 4862; x_wconf 85' lang='lat' dir='ltr'><strong>Septembris,postridie</strong></span> <span class='ocrx_word' id='word_1_628' title='bbox 2821 4787 2932 4842; x_wconf 88' lang='lat' dir='ltr'><strong>abit</strong></span> <span class='ocrx_word' id='word_1_629' title='bbox 2947 4787 3000 4842; x_wconf 90' lang='lat' dir='ltr'><strong>in</strong></span> <span class='ocrx_word' id='word_1_630' title='bbox 3014 4787 3499 4858; x_wconf 79' lang='lat' dir='ltr'><strong>Agrigentinorum</strong></span> 
     </span>
    </p>
   </div>
   <div class='ocr_carea' id='block_1_85' title="bbox 254 4893 1821 4972">
    <p class='ocr_par' dir='ltr' id='par_1_85' title="bbox 254 4893 1821 4972">
     <span class='ocr_line' id='line_1_86' title="bbox 254 4893 1821 4972; baseline 0 -22"><span class='ocrx_word' id='word_1_631' title='bbox 254 4895 395 4966; x_wconf 85' lang='lat' dir='ltr'><strong>quod</strong></span> <span class='ocrx_word' id='word_1_632' title='bbox 432 4895 707 4951; x_wconf 80' lang='lat' dir='ltr'><strong>Caietame</strong></span> <span class='ocrx_word' id='word_1_633' title='bbox 740 4894 1030 4972; x_wconf 71' lang='lat' dir='ltr'><strong>sententiae</strong></span> <span class='ocrx_word' id='word_1_634' title='bbox 1067 4894 1445 4950; x_wconf 78' lang='lat' dir='ltr'><strong>ﬁrmissimum</strong></span> <span class='ocrx_word' id='word_1_635' title='bbox 1475 4904 1594 4950; x_wconf 88' lang='lat' dir='ltr'><strong>erat</strong></span> <span class='ocrx_word' id='word_1_636' title='bbox 1620 4893 1821 4950; x_wconf 79' lang='lat' dir='ltr'><strong>funda-</strong></span> 
     </span>
    </p>
   </div>
   <div class='ocr_carea' id='block_1_86' title="bbox 256 4982 1823 5056">
    <p class='ocr_par' dir='ltr' id='par_1_86' title="bbox 256 4982 1823 5056">
     <span class='ocr_line' id='line_1_87' title="bbox 256 4982 1823 5056; baseline -0.001 -16"><span class='ocrx_word' id='word_1_637' title='bbox 256 4993 497 5041; x_wconf 85' lang='lat' dir='ltr'><strong>mentum</strong></span> <span class='ocrx_word' id='word_1_638' title='bbox 519 5025 537 5053; x_wconf 87' lang='lat'><strong>,</strong></span> <span class='ocrx_word' id='word_1_639' title='bbox 567 4984 728 5056; x_wconf 90' lang='lat' dir='ltr'><strong>plane</strong></span> <span class='ocrx_word' id='word_1_640' title='bbox 785 4983 1000 5040; x_wconf 80' lang='lat' dir='ltr'><strong>corruit</strong></span> <span class='ocrx_word' id='word_1_641' title='bbox 1027 5024 1042 5049; x_wconf 93' lang='lat'><strong>,</strong></span> <span class='ocrx_word' id='word_1_642' title='bbox 1084 4999 1206 5038; x_wconf 89' lang='lat' dir='ltr'><strong>cum</strong></span> <span class='ocrx_word' id='word_1_643' title='bbox 1235 4982 1577 5038; x_wconf 74' lang='lat' dir='ltr'><strong>Justinianus</strong></span> <span class='ocrx_word' id='word_1_644' title='bbox 1605 5023 1620 5046; x_wconf 93' lang='lat'><strong>,</strong></span> <span class='ocrx_word' id='word_1_645' title='bbox 1659 4997 1823 5054; x_wconf 89' lang='lat' dir='ltr'><strong>quem</strong></span> 
     </span>
    </p>
   </div>
   <div class='ocr_carea' id='block_1_87' title="bbox 1922 4877 3424 4954">
    <p class='ocr_par' dir='ltr' id='par_1_87' title="bbox 1922 4877 3424 4954">
     <span class='ocr_line' id='line_1_88' title="bbox 1922 4877 3424 4954; baseline -0.004 -14"><span class='ocrx_word' id='word_1_646' title='bbox 1922 4884 2248 4953; x_wconf 78' lang='lat' dir='ltr'><strong>emporium,</strong></span> <span class='ocrx_word' id='word_1_647' title='bbox 2281 4883 2428 4954; x_wconf 88' lang='lat' dir='ltr'><strong>quod</strong></span> <span class='ocrx_word' id='word_1_648' title='bbox 2463 4881 2648 4953; x_wconf 85' lang='lat' dir='ltr'><strong>attigit</strong></span> <span class='ocrx_word' id='word_1_649' title='bbox 2675 4881 2984 4936; x_wconf 86' lang='lat' dir='ltr'><strong>cademmet</strong></span> <span class='ocrx_word' id='word_1_650' title='bbox 3011 4879 3121 4946; x_wconf 85' lang='lat' dir='ltr'><strong>die,</strong></span> <span class='ocrx_word' id='word_1_651' title='bbox 3161 4877 3296 4934; x_wconf 79' lang='lat' dir='ltr'><strong>feria</strong></span> <span class='ocrx_word' id='word_1_652' title='bbox 3328 4895 3424 4936; x_wconf 83' lang='lat' dir='ltr'><strong>Vtt.</strong></span> 
     </span>
    </p>
   </div>
   <div class='ocr_carea' id='block_1_88' title="bbox 1941 4972 3508 5052">
    <p class='ocr_par' dir='ltr' id='par_1_88' title="bbox 1941 4972 3508 5052">
     <span class='ocr_line' id='line_1_89' title="bbox 1941 4972 3508 5052; baseline -0.001 -22"><span class='ocrx_word' id='word_1_653' title='bbox 1941 5047 1946 5052; x_wconf 90' lang='lat'><strong><em>_</em></strong></span> <span class='ocrx_word' id='word_1_654' title='bbox 1994 4975 2108 5031; x_wconf 80' lang='lat' dir='ltr'><strong>Hoc</strong></span> <span class='ocrx_word' id='word_1_655' title='bbox 2135 4992 2280 5031; x_wconf 89' lang='lat' dir='ltr'><strong>anno</strong></span> <span class='ocrx_word' id='word_1_656' title='bbox 2307 4975 2652 5032; x_wconf 90' lang='lat' dir='ltr'><strong>Justinianus</strong></span> <span class='ocrx_word' id='word_1_657' title='bbox 2692 4973 2734 5026; x_wconf 92' lang='lat' dir='ltr'><strong>Il</strong></span> <span class='ocrx_word' id='word_1_658' title='bbox 2765 4973 2905 5044; x_wconf 85' lang='lat' dir='ltr'><strong>Aug.</strong></span> <span class='ocrx_word' id='word_1_659' title='bbox 2959 4986 3128 5043; x_wconf 88' lang='lat' dir='ltr'><strong>regno</strong></span> <span class='ocrx_word' id='word_1_660' title='bbox 3176 4972 3415 5045; x_wconf 50' lang='lat' dir='ltr'><strong>pellitur“</strong></span> <span class='ocrx_word' id='word_1_661' title='bbox 3433 4973 3508 5028; x_wconf 85' lang='lat' dir='ltr'><strong>ab</strong></span> 
     </span>
    </p>
   </div>
   <div class='ocr_carea' id='block_1_89' title="bbox 257 5060 2931 5150">
    <p class='ocr_par' dir='ltr' id='par_1_89' title="bbox 257 5060 2931 5150">
     <span class='ocr_line' id='line_1_90' title="bbox 257 5060 2931 5150; baseline -0.006 -16"><span class='ocrx_word' id='word_1_662' title='bbox 257 5078 526 5150; x_wconf 74' lang='lat' dir='ltr'><strong>praecipue</strong></span> <span class='ocrx_word' id='word_1_663' title='bbox 576 5079 827 5134; x_wconf 88' lang='lat' dir='ltr'><strong>nominat</strong></span> <span class='ocrx_word' id='word_1_664' title='bbox 861 5077 1127 5133; x_wconf 83' lang='lat' dir='ltr'><strong>Leontius</strong></span> <span class='ocrx_word' id='word_1_665' title='bbox 1163 5085 1217 5139; x_wconf 78' lang='lat' dir='ltr'><strong>et</strong></span> <span class='ocrx_word' id='word_1_666' title='bbox 1248 5064 1682 5147; x_wconf 82' lang='lat' dir='ltr'><strong>Metaphrastes,</strong></span> <span class='ocrx_word' id='word_1_667' title='bbox 1717 5090 1826 5130; x_wconf 87' lang='lat' dir='ltr'><strong>non</strong></span> <span class='ocrx_word' id='word_1_668' title='bbox 1926 5069 2174 5131; x_wconf 87' lang='lat' dir='ltr'><strong>Leontio,</strong></span> <span class='ocrx_word' id='word_1_669' title='bbox 2207 5082 2395 5122; x_wconf 87' lang='lat' dir='ltr'><strong>mense</strong></span> <span class='ocrx_word' id='word_1_670' title='bbox 2418 5066 2586 5122; x_wconf 88' lang='lat' dir='ltr'><strong>Julio.</strong></span> <span class='ocrx_word' id='word_1_671' title='bbox 2618 5060 2931 5137; x_wconf 72' lang='lat' dir='ltr'><strong>(Theoph&#39;.)</strong></span> 
     </span>
    </p>
   </div>
   <div class='ocr_carea' id='block_1_90' title="bbox 255 5168 1826 5240">
    <p class='ocr_par' dir='ltr' id='par_1_90' title="bbox 255 5168 1826 5240">
     <span class='ocr_line' id='line_1_91' title="bbox 255 5168 1826 5240; baseline -0.001 -16"><span class='ocrx_word' id='word_1_672' title='bbox 255 5185 482 5240; x_wconf 79' lang='lat' dir='ltr'><strong>magnus</strong></span> <span class='ocrx_word' id='word_1_673' title='bbox 528 5171 620 5226; x_wconf 86' lang='lat' dir='ltr'><strong>ille</strong></span> <span class='ocrx_word' id='word_1_674' title='bbox 659 5171 988 5234; x_wconf 87' lang='lat' dir='ltr'><strong>habendus,</strong></span> <span class='ocrx_word' id='word_1_675' title='bbox 1037 5169 1140 5226; x_wconf 86' lang='lat' dir='ltr'><strong>sub</strong></span> <span class='ocrx_word' id='word_1_676' title='bbox 1186 5184 1298 5240; x_wconf 90' lang='lat' dir='ltr'><strong>quo</strong></span> <span class='ocrx_word' id='word_1_677' title='bbox 1349 5168 1744 5224; x_wconf 71' lang='lat' dir='ltr'><strong>oecv&#39;menicum</strong></span> <span class='ocrx_word' id='word_1_678' title='bbox 1795 5183 1826 5222; x_wconf 73' lang='grc' dir='ltr'><strong>ν</strong></span> 
     </span>
    </p>
   </div>
   <div class='ocr_carea' id='block_1_91' title="bbox 257 5259 1826 5330">
    <p class='ocr_par' dir='ltr' id='par_1_91' title="bbox 257 5259 1826 5330">
     <span class='ocr_line' id='line_1_92' title="bbox 257 5259 1826 5330; baseline -0.002 -13"><span class='ocrx_word' id='word_1_679' title='bbox 257 5263 544 5318; x_wconf 82' lang='lat' dir='ltr'><strong>concilium</strong></span> <span class='ocrx_word' id='word_1_680' title='bbox 581 5272 833 5319; x_wconf 89' lang='lat' dir='ltr'><strong>coactum</strong></span> <span class='ocrx_word' id='word_1_681' title='bbox 859 5302 876 5327; x_wconf 91' lang='lat'><strong>,</strong></span> <span class='ocrx_word' id='word_1_682' title='bbox 913 5264 1008 5318; x_wconf 86' lang='lat' dir='ltr'><strong>sed</strong></span> <span class='ocrx_word' id='word_1_683' title='bbox 1046 5260 1396 5318; x_wconf 88' lang='lat' dir='ltr'><strong>Constantini</strong></span> <span class='ocrx_word' id='word_1_684' title='bbox 1430 5259 1692 5330; x_wconf 85' lang='lat' dir='ltr'><strong>Pogonati</strong></span> <span class='ocrx_word' id='word_1_685' title='bbox 1724 5259 1787 5314; x_wconf 86' lang='lat' dir='ltr'><strong>F.</strong></span> <span class='ocrx_word' id='word_1_686' title='bbox 1809 5299 1826 5324; x_wconf 91' lang='lat'><strong>,</strong></span> 
     </span>
    </p>
   </div>
   <div class='ocr_carea' id='block_1_92' title="bbox 245 5355 1836 5427">
    <p class='ocr_par' dir='ltr' id='par_1_92' title="bbox 245 5355 1836 5427">
     <span class='ocr_line' id='line_1_93' title="bbox 245 5355 1836 5427; baseline -0.002 -17"><span class='ocrx_word' id='word_1_687' title='bbox 245 5369 365 5427; x_wconf 86' lang='lat' dir='ltr'><strong>quo</strong></span> <span class='ocrx_word' id='word_1_688' title='bbox 411 5356 466 5410; x_wconf 89' lang='lat' dir='ltr'><strong>in</strong></span> <span class='ocrx_word' id='word_1_689' title='bbox 523 5355 678 5427; x_wconf 84' lang='lat' dir='ltr'><strong>regni</strong></span> <span class='ocrx_word' id='word_1_690' title='bbox 719 5355 1061 5412; x_wconf 89' lang='lat' dir='ltr'><strong>consortium</strong></span> <span class='ocrx_word' id='word_1_691' title='bbox 1115 5369 1147 5410; x_wconf 92' lang='lat' dir='ltr'><strong>a</strong></span> <span class='ocrx_word' id='word_1_692' title='bbox 1191 5363 1346 5425; x_wconf 75' lang='lat' dir='ltr'><strong>patre</strong></span> <span class='ocrx_word' id='word_1_693' title='bbox 1391 5367 1584 5408; x_wconf 84' lang='lat' dir='ltr'><strong>recens</strong></span> <span class='ocrx_word' id='word_1_694' title='bbox 1633 5359 1836 5408; x_wconf 80' lang='lat' dir='ltr'><strong>vocato</strong></span> 
     </span>
    </p>
   </div>
   <div class='ocr_carea' id='block_1_93' title="bbox 258 5446 1104 5520">
    <p class='ocr_par' dir='ltr' id='par_1_93' title="bbox 258 5446 1104 5520">
     <span class='ocr_line' id='line_1_94' title="bbox 258 5446 1104 5520; baseline -0.002 -17"><span class='ocrx_word' id='word_1_695' title='bbox 258 5462 451 5506; x_wconf 68' lang='lat' dir='ltr'><strong>magna</strong></span> <span class='ocrx_word' id='word_1_696' title='bbox 478 5447 722 5520; x_wconf 81' lang='lat' dir='ltr'><strong>synodus</strong></span> <span class='ocrx_word' id='word_1_697' title='bbox 749 5463 802 5502; x_wconf 75' lang='grc' dir='ltr'><strong>γι</strong></span> <span class='ocrx_word' id='word_1_698' title='bbox 835 5446 1104 5504; x_wconf 78' lang='lat' dir='ltr'><strong>conlecta.</strong></span> 
     </span>
    </p>
   </div>
   <div class='ocr_carea' id='block_1_94' title="bbox 325 5535 1830 5609">
    <p class='ocr_par' dir='ltr' id='par_1_94' title="bbox 325 5535 1830 5609">
     <span class='ocr_line' id='line_1_95' title="bbox 325 5535 1830 5609; baseline -0.004 -15"><span class='ocrx_word' id='word_1_699' title='bbox 325 5535 518 5594; x_wconf 74' lang='lat' dir='ltr'><strong>XXIX.</strong></span> <span class='ocrx_word' id='word_1_700' title='bbox 553 5538 879 5608; x_wconf 83' lang='lat' dir='ltr'><strong>Quanquam</strong></span> <span class='ocrx_word' id='word_1_701' title='bbox 927 5539 1083 5609; x_wconf 86' lang='lat' dir='ltr'><strong>plura</strong></span> <span class='ocrx_word' id='word_1_702' title='bbox 1123 5553 1230 5592; x_wconf 86' lang='lat' dir='ltr'><strong>non</strong></span> <span class='ocrx_word' id='word_1_703' title='bbox 1265 5535 1666 5596; x_wconf 85' lang='lat' dir='ltr'><strong>desiderantur,</strong></span> <span class='ocrx_word' id='word_1_704' title='bbox 1721 5547 1830 5604; x_wconf 87' lang='lat' dir='ltr'><strong>quo</strong></span> 
     </span>
    </p>
   </div>
   <div class='ocr_carea' id='block_1_95' title="bbox 263 5623 1831 5700">
    <p class='ocr_par' dir='ltr' id='par_1_95' title="bbox 263 5623 1831 5700">
     <span class='ocr_line' id='line_1_96' title="bbox 263 5623 1831 5700; baseline -0.004 -15"><span class='ocrx_word' id='word_1_705' title='bbox 263 5629 466 5698; x_wconf 82' lang='lat' dir='ltr'><strong>liqueat</strong></span> <span class='ocrx_word' id='word_1_706' title='bbox 491 5628 770 5692; x_wconf 87' lang='lat' dir='ltr'><strong>omnibus,</strong></span> <span class='ocrx_word' id='word_1_707' title='bbox 801 5628 1122 5700; x_wconf 87' lang='lat' dir='ltr'><strong>Gregorium</strong></span> <span class='ocrx_word' id='word_1_708' title='bbox 1149 5629 1254 5684; x_wconf 90' lang='lat' dir='ltr'><strong>sub</strong></span> <span class='ocrx_word' id='word_1_709' title='bbox 1281 5627 1592 5682; x_wconf 85' lang='lat' dir='ltr'><strong>Justiniano</strong></span> <span class='ocrx_word' id='word_1_710' title='bbox 1617 5625 1663 5680; x_wconf 90' lang='lat' dir='ltr'><strong>ll</strong></span> <span class='ocrx_word' id='word_1_711' title='bbox 1687 5623 1831 5680; x_wconf 86' lang='lat' dir='ltr'><strong>Con-</strong></span> 
     </span>
    </p>
   </div>
   <div class='ocr_carea' id='block_1_96' title="bbox 265 5719 1831 5792">
    <p class='ocr_par' dir='ltr' id='par_1_96' title="bbox 265 5719 1831 5792">
     <span class='ocr_line' id='line_1_97' title="bbox 265 5719 1831 5792; baseline -0.005 -14"><span class='ocrx_word' id='word_1_712' title='bbox 265 5720 489 5778; x_wconf 86' lang='lat' dir='ltr'><strong>stantini</strong></span> <span class='ocrx_word' id='word_1_713' title='bbox 520 5720 694 5790; x_wconf 85' lang='lat' dir='ltr'><strong>patris</strong></span> <span class='ocrx_word' id='word_1_714' title='bbox 721 5721 930 5792; x_wconf 87' lang='lat' dir='ltr'><strong>collega</strong></span> <span class='ocrx_word' id='word_1_715' title='bbox 956 5737 1008 5776; x_wconf 77' lang='lat' dir='ltr'><strong>vr</strong></span> <span class='ocrx_word' id='word_1_716' title='bbox 1042 5721 1250 5792; x_wconf 85' lang='lat' dir='ltr'><strong>synodo</strong></span> <span class='ocrx_word' id='word_1_717' title='bbox 1280 5720 1634 5776; x_wconf 70' lang='lat' dir='ltr'><strong>meumenica:</strong></span> <span class='ocrx_word' id='word_1_718' title='bbox 1661 5719 1831 5772; x_wconf 89' lang='lat' dir='ltr'><strong>inter-</strong></span> 
     </span>
    </p>
   </div>
   <div class='ocr_carea' id='block_1_97' title="bbox 269 5808 1832 5888">
    <p class='ocr_par' dir='ltr' id='par_1_97' title="bbox 269 5808 1832 5888">
     <span class='ocr_line' id='line_1_98' title="bbox 269 5808 1832 5888; baseline -0.004 -18"><span class='ocrx_word' id='word_1_719' title='bbox 269 5813 458 5880; x_wconf 77' lang='lat' dir='ltr'><strong>iuisse,</strong></span> <span class='ocrx_word' id='word_1_720' title='bbox 487 5825 663 5884; x_wconf 89' lang='lat' dir='ltr'><strong>eoque</strong></span> <span class='ocrx_word' id='word_1_721' title='bbox 693 5811 918 5870; x_wconf 81' lang='lat' dir='ltr'><strong>omnino</strong></span> <span class='ocrx_word' id='word_1_722' title='bbox 937 5811 1330 5888; x_wconf 78' lang='lat' dir='ltr'><strong>cxplodcndam</strong></span> <span class='ocrx_word' id='word_1_723' title='bbox 1357 5811 1600 5868; x_wconf 85' lang='lat' dir='ltr'><strong>Caietani</strong></span> <span class='ocrx_word' id='word_1_724' title='bbox 1623 5808 1832 5882; x_wconf 76' lang='lat' dir='ltr'><strong>Opinio-</strong></span> 
     </span>
    </p>
   </div>
   <div class='ocr_carea' id='block_1_98' title="bbox 1997 5161 3506 5218">
    <p class='ocr_par' dir='ltr' id='par_1_98' title="bbox 1997 5161 3506 5218">
     <span class='ocr_line' id='line_1_99' title="bbox 1997 5161 3506 5218; baseline -0.001 0"><span class='ocrx_word' id='word_1_725' title='bbox 1997 5161 3506 5218; x_wconf 81' lang='lat'><strong>696............</strong></span> 
     </span>
    </p>
   </div>
   <div class='ocr_carea' id='block_1_99' title="bbox 1997 5253 3502 5310">
    <p class='ocr_par' dir='ltr' id='par_1_99' title="bbox 1997 5253 3502 5310">
     <span class='ocr_line' id='line_1_100' title="bbox 1997 5253 3502 5310; baseline -0.001 0"><span class='ocrx_word' id='word_1_726' title='bbox 1997 5253 3502 5310; x_wconf 84' lang='lat'><strong>697............</strong></span> 
     </span>
    </p>
   </div>
   <div class='ocr_carea' id='block_1_100' title="bbox 1997 5340 3502 5412">
    <p class='ocr_par' dir='ltr' id='par_1_100' title="bbox 1997 5340 3502 5412">
     <span class='ocr_line' id='line_1_101' title="bbox 1997 5340 3502 5412; baseline -0.003 -12"><span class='ocrx_word' id='word_1_727' title='bbox 1997 5344 2126 5400; x_wconf 83' lang='lat'><strong>698.</strong></span> <span class='ocrx_word' id='word_1_728' title='bbox 2163 5342 2486 5399; x_wconf 83' lang='lat' dir='ltr'><strong>Ahsimarus</strong></span> <span class='ocrx_word' id='word_1_729' title='bbox 2529 5340 2786 5398; x_wconf 88' lang='lat' dir='ltr'><strong>Tiberius</strong></span> <span class='ocrx_word' id='word_1_730' title='bbox 2835 5340 3000 5412; x_wconf 85' lang='lat' dir='ltr'><strong>Aug.,</strong></span> <span class='ocrx_word' id='word_1_731' title='bbox 3026 5352 3218 5398; x_wconf 79' lang='lat' dir='ltr'><strong>exacto</strong></span> <span class='ocrx_word' id='word_1_732' title='bbox 3248 5341 3502 5396; x_wconf 86' lang='lat' dir='ltr'><strong>Leontio.</strong></span> 
     </span>
    </p>
   </div>
   <div class='ocr_carea' id='block_1_101' title="bbox 1929 5435 2156 5510">
    <p class='ocr_par' dir='ltr' id='par_1_101' title="bbox 1929 5435 2156 5510">
     <span class='ocr_line' id='line_1_102' title="bbox 1929 5435 2156 5510; baseline 0 -20"><span class='ocrx_word' id='word_1_733' title='bbox 1929 5435 2156 5510; x_wconf 62' lang='lat' dir='ltr'><strong>ﬁdem.)</strong></span> 
     </span>
    </p>
   </div>
   <div class='ocr_carea' id='block_1_102' title="bbox 2001 5621 2328 5674">
    <p class='ocr_par' dir='ltr' id='par_1_102' title="bbox 2001 5621 2328 5674">
     <span class='ocr_line' id='line_1_103' title="bbox 2001 5621 2328 5674; baseline -0.009 -1"><span class='ocrx_word' id='word_1_734' title='bbox 2001 5621 2126 5674; x_wconf 77' lang='lat'><strong>700.</strong></span> <span class='ocrx_word' id='word_1_735' title='bbox 2187 5657 2201 5671; x_wconf 92' lang='lat'><strong>.</strong></span> <span class='ocrx_word' id='word_1_736' title='bbox 2315 5657 2328 5670; x_wconf 95' lang='lat'><strong>.</strong></span> 
     </span>
    </p>
   </div>
   <div class='ocr_carea' id='block_1_103' title="bbox 2005 5705 3490 5782">
    <p class='ocr_par' dir='ltr' id='par_1_103' title="bbox 2005 5705 3490 5782">
     <span class='ocr_line' id='line_1_104' title="bbox 2005 5705 3490 5782; baseline -0.001 -17"><span class='ocrx_word' id='word_1_737' title='bbox 2005 5712 2126 5768; x_wconf 84' lang='lat' dir='ltr'><strong>70I.</strong></span> <span class='ocrx_word' id='word_1_738' title='bbox 2160 5712 2386 5782; x_wconf 86' lang='lat' dir='ltr'><strong>Sergius</strong></span> <span class='ocrx_word' id='word_1_739' title='bbox 2413 5710 2474 5765; x_wconf 68' lang='grc' dir='ltr'><strong>Ι).</strong></span> <span class='ocrx_word' id='word_1_740' title='bbox 2504 5709 2647 5765; x_wconf 76' lang='lat' dir='ltr'><strong>Max.</strong></span> <span class='ocrx_word' id='word_1_741' title='bbox 2671 5727 2702 5766; x_wconf 91' lang='lat' dir='ltr'><strong>e</strong></span> <span class='ocrx_word' id='word_1_742' title='bbox 2727 5713 2864 5768; x_wconf 60' lang='lat' dir='ltr'><strong>visis</strong></span> <span class='ocrx_word' id='word_1_743' title='bbox 2894 5711 3109 5769; x_wconf 78' lang='lat' dir='ltr'><strong>excedit</strong></span> <span class='ocrx_word' id='word_1_744' title='bbox 3139 5709 3206 5765; x_wconf 71' lang='lat'><strong>729</strong></span> <span class='ocrx_word' id='word_1_745' title='bbox 3231 5705 3490 5765; x_wconf 78' lang='lat' dir='ltr'><strong>Octobris</strong></span> 
     </span>
    </p>
   </div>
   <div class='ocr_carea' id='block_1_104' title="bbox 1933 5793 3490 5878">
    <p class='ocr_par' dir='ltr' id='par_1_104' title="bbox 1933 5793 3490 5878">
     <span class='ocr_line' id='line_1_105' title="bbox 1933 5793 3490 5878; baseline -0.003 -17"><span class='ocrx_word' id='word_1_746' title='bbox 1933 5807 2090 5878; x_wconf 81' lang='lat' dir='ltr'><strong>eique</strong></span> <span class='ocrx_word' id='word_1_747' title='bbox 2128 5805 2457 5876; x_wconf 83' lang='lat' dir='ltr'><strong>subrogatur</strong></span> <span class='ocrx_word' id='word_1_748' title='bbox 2491 5800 2734 5866; x_wconf 73' lang='lat' dir='ltr'><strong>Joannes,</strong></span> <span class='ocrx_word' id='word_1_749' title='bbox 2757 5802 2826 5860; x_wconf 71' lang='grc' dir='ltr'><strong>γι</strong></span> <span class='ocrx_word' id='word_1_750' title='bbox 3463 5793 3490 5815; x_wconf 88' lang='grc'><strong>’”</strong></span> 
     </span>
    </p>
   </div>
  </div>
