4038 6274
616 333 765 398 1215'

679 441 808 496 702.
877 479 895 494 .

580 578 585 583 .
684 532 810 588 703.
874 572 889 587 .

683 623 2091 693 701...........,

682 715 806 769 705.
842 712 1087 769 Ioannes
1136 713 1199 768 Vl
1244 716 1353 769 fato
1395 714 1643 786 fungitur
1691 717 1721 769 7
1767 717 2055 788 Januarii,
2100 721 2191 777 cui

612 805 733 862 Kal.
772 805 981 860 Martiis
1014 807 1533 863 succeditJoanncs
1566 807 1677 864 VII.

679 897 1028 953 Iustinianus
1067 896 1107 950 Il
1142 899 1339 954 iterum
1373 912 1587 970 regnat.
1682 962 1687 968 ,

682 988 2184 1050 706.....‘.......

682 1081 786 1136 707
848 1079 1097 1136 Ioannes
1129 1079 1218 1134 VII
1254 1091 1488 1136 mortem
1519 1082 1631 1136 obit
1672 1083 1737 1136 I7
1771 1081 2069 1142 Octobris:
2101 1087 2191 1143 die

610 1175 863 1243 Sequenti
896 1190 1188 1230 successor
1216 1175 1437 1245 eligitur
1469 1174 1746 1241 Sisinnus,
1788 1177 1882 1244 qui
1911 1178 2188 1262 hominem

1497 336 1595 395 es
1631 337 1891 398 ίΕΤΑΤΕ
1927 306 2955 407 S.GREGORIIAGRIGENTIN1

2172 490 2185 503 .
2220 460 2263 513 Α
2297 453 2371 507 ita
2412 460 2469 507 ut
2508 469 2683 509 annos
2716 470 2886 524 prope
2916 457 2949 509 4
2985 455 3178 525 procul
3210 454 3291 511 ab
3344 454 3613 510 Ecclesia
3647 471 3740 511 sua
3771 479 3869 512 nec

2172 578 2189 596 δ
2292 546 2448 616 gerit.
2490 544 2616 601 [hec
2652 561 2720 601 ex
2756 546 2970 601 Leontii
3004 547 3281 617 Historia.
3322 544 3458 599 Iam
3511 544 3586 600 ab
3628 561 3763 601 anno
3796 550 3871 606 682

2172 667 2187 682 ο
2291 636 2358 690 ad
2388 637 2509 703 711,
2534 639 2627 708 qui
2659 638 2887 693 ultimus
2916 636 3216 693 Iustiniani
3247 638 3297 693 ll
3327 653 3548 702 annus,
3578 637 3642 691 11
3669 638 3871 708 Septem.

3763 348 3865 415 1216

2292 726 2406 781 bris
2446 729 2562 783 dies
2600 728 2656 783 in
2707 728 2900 784 feriam
2957 746 3028 784 vn
3083 730 3335 785 incurrit
3394 743 3555 784 anno
3606 728 3707 785 689
3754 732 3868 803 cydo

2291 818 2425 872 solis
2462 818 2554 883 26,
2592 835 2737 873 anno
2774 819 2881 875 695
2916 819 3068 891 cyclo
3103 819 3242 875 solis
3291 821 3353 883 4,
3406 833 3566 872 anno
3605 818 3709 873 700
3750 821 3868 891 cyclo

2288 909 2421 964 solis
2462 910 2525 973 9,
2571 926 2716 965 anno
2749 910 2851 966 706
2894 912 3049 983 cyclo
3097 912 3232 967 solis
3274 910 3377 965 15.
3417 910 3596 981 Atqui
3629 924 3764 964 anno
3790 911 3867 966 689

2289 999 2536 1071 Gregorii
2565 1003 2774 1059 reditus
2804 1004 2870 1059 ad
2910 1002 3215 1060 Ecclesiam
3252 1018 3435 1058 suam
3468 1002 3772 1071 adjudicari
3794 1019 3866 1057 ne-

2289 1092 2442 1161 quit;
2491 1094 2535 1149 si
2577 1096 2724 1149 enim
2760 1109 3017 1151 reversus
3050 1096 3437 1165 Agrigentum
3473 1109 3625 1147 anno
3661 1094 3773 1159 689,
3801 1095 3864 1149 in-

2287 1183 2470 1239 didem
2501 1184 2667 1254 igitur
2695 1185 2949 1241 discessit
2979 1180 3127 1241 anno
3159 1185 3273 1240 685
3314 1194 3593 1249 exeunte,
3629 1184 3863 1255 simulque

609 1267 760 1319 exuit
792 1266 856 1319 16
886 1264 1245 1333 Novembris;
1293 1275 1407 1320 tum
1453 1265 1523 1321 23
1567 1267 1877 1323 Decembris
1914 1267 2188 1326 Constau-
2282 1275 2553 1346 judicium
2608 1278 2677 1332 de
2737 1292 2804 1333 eo
2866 1278 3181 1332 institutum
3250 1276 3549 1347 postridie
3617 1275 3861 1333 Paschalis

609 1357 761 1412 tinus
794 1356 854 1415 P.
888 1357 960 1412 M.
999 1360 1288 1413 salutatur.

686 1448 814 1502 708.
876 1487 891 1504 .

685 1532 2055 1596 709...........

678 1627 805 1682 7I0.
866 1627 1264 1685 Constantinus
1316 1631 1559 1699 pontifex
1620 1632 1821 1704 migrat
1869 1632 2189 1690 Constanti-

611 1722 875 1790 n0polim.

685 1811 808 1866 711.
850 1814 993 1868 Idem
1025 1812 1251 1868 Romam
1282 1815 1588 1884 regreditur
1617 1817 1688 1870 24
1713 1817 1986 1875 Octobris.
2018 1817 2189 1889 IIujus
2221 1807 2261 1863 Β

606 1904 738 1957 anni
776 1904 927 1958 exitu
953 1943 968 1969 ,
1013 1904 1098 1959 vel
1141 1907 1427 1975 sequentis
1472 1907 1630 1963 initio
1663 1908 2011 1966 Iustinianus
2042 1911 2182 1980 Aug.

606 1995 898 2051 occiditur.

678 2086 849 2141 XXX.
883 2089 1041 2143 Nune
1069 2087 1123 2142 in
1157 2089 1477 2144 memoriam
1511 2100 1821 2155 revocetur,
1852 2092 1999 2163 quod
2025 2102 2185 2149 antea

550 2202 555 2211 -
609 2181 877 2244 diximus,
910 2180 1235 2257 Gregorium
1271 2197 1487 2237 menses
1520 2184 1815 2239 admodum
1847 2185 1879 2239 5
1900 2200 2065 2254 supra
2090 2187 2186 2238 an-

610 2288 712 2327 nos
746 2273 781 2325 ‘2
817 2271 1005 2327 Romae
1056 2288 1087 2328 a
1127 2274 1388 2344 ponti'lice
1426 2274 1708 2347 detentum
1755 2277 2069 2331 carceribus
2119 2275 2188 2330 ob

609 2364 852 2418 delatum
889 2364 1067 2433 stupri
1112 2366 1233 2435 ejus
1274 2380 1497 2421 nomen.
1529 2366 1688 2422 Certe
1724 2369 1967 2437 quidem,
1999 2383 2123 2423 cum
2156 2382 2188 2421 a

609 2459 878 2530 Gregorio
909 2460 1251 2515 sciscitatum
1284 2460 1448 2514 fuerit
1478 2461 1549 2515 ab
1587 2462 1859 2531 episcopis
1896 2462 2104 2532 Cyzici,
2133 2468 2190 2517 et

609 2549 881 2615 Corinthi,
912 2552 1007 2620 qui
1038 2549 1229 2606 Romae
1256 2550 1545 2627 aderant-rt
1572 2551 2188 2622 Constantinopolitano

617 2645 773 2699 missi
803 2641 1127 2712 patriarcha
1161 2641 1274 2710 juri
1317 2641 1556 2696 dicundo
1604 2641 1668 2694 in.
1712 2640 1969 2711 Gregorii
2013 2641 2197 2713 ipsius

612 2748 806 2800 causa,
833 2744 968 2803 quot
994 2747 1172 2789 annos
1201 2731 1255 2787 in
1284 2732 1563 2803 ergastulo
1588 2732 1964 2804 transegisset,
1992 2732 2193 2789 fatetur

614 2824 705 2879 ille
736 2839 914 2880 annos
955 2824 1012 2890 2,
1060 2840 1278 2879 menses
1316 2824 1371 2879 Δ.
1410 2822 1520 2879 Sed
1563 2832 1676 2878 tum
1718 2833 1896 2878 tamen
1932 2840 1964 2880 e
2002 2824 2191 2881 Sicilia

613 2916 890 2972 delatores
919 2917 1164 2971 nondum
1196 2918 1551 2982 advenerant,
1596 2916 1690 2986 qui
1734 2932 1843 2971 una
1888 2932 2013 2972 cum
2052 2916 2190 2973 Gre-

615 3009 772 3078 gorio
806 3009 858 3063 in
883 3009 1153 3079 judicium
1189 3008 1441 3065 vocandi.
1491 3011 1561 3062 At
1594 3024 1718 3063 cum
1744 3010 1861 3064 dies
1888 3009 2105 3063 tandem
2136 3018 2191 3064 et

616 3099 902 3170 Gregorio,
930 3112 984 3155 et
1009 3100 1447 3164 accusatoribus,
1472 3108 1527 3153 et
1554 3099 1921 3163 mulierculae,
1952 3113 2187 3168 quacum

621 3188 916 3245 confictam
968 3187 1341 3252 consuevisse,
1371 3185 1536 3251 dicta,
1578 3185 1723 3241 dicta
1770 3200 1900 3241 vero
1924 3186 2194 3255 postridie

617 3281 930 3347 I‘ascbatis,
965 3279 1342 3350 impurissima
1373 3278 1466 3333 illa
1498 3278 1718 3342 mulier,
1748 3292 1870 3348 qua}
1898 3278 2042 3333 malo
2085 3278 2194 3334 dre-

618 3387 778 3427 inone
816 3371 1065 3426 districta
1097 3369 1260 3439 paulo
1320 3377 1449 3425 ante
1491 3384 1658 3440 quam
1698 3367 1992 3441 Gregorius
2037 3369 2196 3441 Agri-

618 3475 781 3532 gento
827 3460 1066 3517 solveret
1127 3460 1359 3516 Romam
1410 3459 1815 3530 perducendus,
1855 3475 2087 3530 quaeque
2127 3474 2195 3516 eo

620 3554 741 3624 ipso
769 3551 881 3617 die,
922 3566 1032 3620 quo
1077 3562 1132 3606 et
1180 3549 1508 3623 Gregorius,
1541 3560 1595 3605 et
1627 3551 1930 3615 delatores,
1978 3560 2035 3606 et
2075 3551 2194 3621 ipsa

622 3647 762 3700 adeo
790 3644 1024 3700 concilio
1049 3641 1219 3715 315
1251 3643 1530 3707 adstitere,
1565 3643 1721 3698 fassa
1746 3644 1961 3698 tandem
1987 3644 2197 3699 calum-

619 3738 792 3801 niam,
829 3736 1079 3807 Gregorii
1118 3735 1374 3806 precibus
1408 3734 1521 3790 Deo
1559 3734 1756 3791 solutis
1785 3735 2031 3790 dazmone
2062 3734 2197 3789 libe-

618 3837 797 3892 ratur,
835 3828 1057 3898 planum
1082 3826 1340 3882 omnibus
1362 3824 1519 3892 fecit,
1544 3841 1603 3881 se
1625 3841 1800 3881 annos
1819 3826 1874 3893 2,
1897 3840 2117 3881 menses
2139 3824 2194 3891 6,

622 3930 764 3976 tetro
808 3920 968 3991 genio
991 3927 1319 3988 correptam,
1345 3934 1456 3988 quo
1482 3929 1591 3973 tam
1622 3918 1847 3987 perditae
1880 3917 2196 3986 imposturaa

622 4027 816 4082 poenas
850 4012 1043 4066 lueret.
1080 4010 1194 4079 Age
1226 4010 1414 4081 igitur,
1468 4010 1512 4063 si
1561 4007 1719 4064 furiis
1758 4009 1961 4079 agitata
1997 4008 2195 4063 femina

627 4119 803 4158 annos
839 4102 896 4166 2,
939 4116 1153 4156 menses
1196 4101 1251 4165 6,
1308 4101 1353 4156 si
1383 4109 1543 4170 capta
1576 4100 1683 4155 illis
1713 4098 1875 4170 paqu
1906 4109 2194 4168 antequam

624 4195 923 4264 Gregorius
948 4191 1178 4246 Romam
1211 4191 1721 4261 navigaret,’exime
1755 4205 1997 4246 mensem
2026 4206 2195 4244 unum

623 4301 690 4338 ex
732 4298 853 4349 sex,
910 4283 1004 4353 qui
1051 4282 1185 4338 satis
1234 4282 1529 4341 admodum
1575 4283 1648 4338 sit
1698 4283 1978 4338 maritimo
2014 4282 2197 4338 itineri

626 4374 989 4437 conficiendo,
1039 4383 1408 4442 apparetque,
1466 4371 1788 4442 Gregorium
1827 4373 2194 4441 mancipatum

2287 1368 2418 1423 anni
2452 1369 2578 1423 688.
2618 1371 2688 1423 At
2717 1370 2862 1424 enim
2895 1384 2930 1424 a
2960 1369 3241 1440 pnecipite
3272 1384 3376 1422 an.
3408 1368 3524 1423 685
3553 1368 3623 1423 ad
3648 1367 3755 1423 688‘
3773 1380 3860 1423 tres

2172 1493 2185 1506 -
2287 1470 2649 1516 numerantur
2675 1461 2977 1530 pontifices,
3004 1458 3250 1515 Ioannes
3279 1459 3351 1523 V,
3388 1457 3615 1525 Conon,
3642 1457 3858 1527 Sergius;

2170 1583 2184 1598 ι
2288 1563 2414 1605 cum
2452 1560 2633 1606 tamen
2668 1552 2773 1606 sub
2808 1567 2918 1605 uno
2948 1551 3219 1604 duntaxat
3253 1546 3583 1618 Gregorius
3623 1556 3675 1601 et
3708 1562 3860 1602 caree-

2287 1640 2439 1694 ribus
2478 1640 2768 1705 occlusus,
2826 1649 2881 1694 et
2932 1639 3208 1695 calumnia
3270 1637 3513 1693 tandem
3562 1635 3858 1690 vindicatus.

2288 1726 2479 1798 Neque
2505 1745 2684 1784 annus
2726 1729 2829 1787 700
2878 1729 2946 1785 ad
2993 1744 3220 1785 causam
3252 1737 3521 1783 nostram
3557 1725 3684 1781 facit
3715 1742 3746 1781 ε·
3768 1740 3861 1795 quo

2289 1822 2432 1875 enim
2484 1837 2630 1877 anno
2661 1821 3139 1891 Constantinopoli
3182 1820 3435 1875 Romam
3485 1818 3648 1874 rediit
3685 1817 3854 1885 Grego.

2289 1912 2427 1976 rius,
2458 1928 2642 1968 rerum
2679 1914 2988 1983 potiebatur
3013 1913 3378 1970 Iustinianus
3421 1910 3501 1977 II,
3550 1924 3670 1965 cum
3702 1916 3850 1962 tamen

2289 2004 2359 2058 ab
2390 2018 2537 2060 anno
2563 2003 2668 2059 698
2700 2006 2767 2061 ad
2812 2005 2915 2062 705
2944 2006 3273 2061 Absimarus
3317 2002 3587 2058 Tiberius
3617 2001 3852 2055 Consurr-

2289 2095 2520 2166 tinopoli
2553 2097 2868 2168 imperaret.
2896 2098 3204 2153 Contumax
3235 2095 3438 2151 itidem
3457 2102 3545 2150 est
3565 2106 3731 2147 annus
3749 2088 3851 2155 706,

2288 2201 2355 2244 ex
2386 2202 2454 2243 eo
2480 2188 2627 2242 enim
2670 2191 2825 2245 fieret
2866 2189 2920 2243 in
2949 2188 3224 2260 judicium
3253 2196 3534 2243 vocatum
3564 2183 3848 2254 Gregorium

2288 2294 2434 2336 anno
2488 2279 2591 2334 705
2625 2280 2694 2335 ab
2741 2276 2955 2335 Joanne
2988 2278 3114 2345 VII,
3169 2280 3272 2349 qui
3329 2275 3591 2349 pontifex
3637 2273 3848 2329 audierat

2289 2387 2497 2442 paucos
2537 2379 2664 2429 ante
2697 2373 2837 2438 dies,
2890 2373 2996 2427 hoc
3044 2381 3130 2427 est
3178 2371 3306 2426 Kal.
3356 2368 3599 2433 Martiis,
3647 2382 3759 2422 cum
3793 2381 3847 2417 ex

2290 2461 2520 2519 Leontio
2552 2463 2853 2527 discamus,
2907 2463 3218 2533 pontificem
3254 2463 3447 2525 illum,
3498 2459 3592 2530 qui
3629 2455 3843 2528 judexiu

2289 2553 2525 2609 concilio
2550 2553 2791 2624 pra-fuit,
2827 2540 3027 2623 iniquo
3059 2553 3320 2625 Gregorii
3355 2565 3532 2608 causa
3563 2548 3844 2619 dijudieata,

2293 2658 2404 2702 non
2432 2645 2601 2700 alium
2634 2645 2704 2699 ab
2728 2660 2795 2701 eo
2822 2644 3016 2711 fuisse,
3048 2645 3143 2714 qui
3187 2645 3240 2699 in
3296 2643 3590 2700 custodias
3627 2634 3839 2707 eonjecit.

2291 2736 2483 2792 Restat
2511 2735 2678 2804 igitur
2706 2750 2884 2791 annus
2911 2734 3036 2802 695,
3067 2736 3164 2805 qui
3205 2735 3383 2790 nullis
3430 2733 3712 2788 intricatus
3750 2740 3841 2779 am-

2290 2826 2543 2898 bagibus.
2577 2826 2661 2881 Ab
2688 2827 2754 2881 18
2782 2827 3098 2882 Decembris
3126 2827 3256 2882 anni
3293 2826 3404 2882 687
3434 2824 3502 2879 ad
3535 2823 3603 2878 29
3628 2815 3843 2876 Octobris

2291 2918 2419 2973 anni
2453 2916 2556 2971 700
2584 2917 2894 2972 Romanum
2924 2924 3171 2987 gesserat
3198 2915 3590 2986 pontificatum
3630 2906 3840 2977 Sergius,

2292 3008 2567 3079 simulque
2596 3008 2664 3063 ad
2693 3023 2937 3063 mensem
2969 3005 3174 3062 Iulium
3209 3007 3346 3061 anni
3383 3005 3494 3061 695
3531 3004 3586 3057 in
3608 3000 3845 3055 Constan-

2292 3098 2683 3169 tinopolitanos
2721 3113 2811 3154 res
2855 3098 3170 3154 dominatus
3211 3082 3570 3154 Iustinianus
3622 3090 3694 3153 ll,
3723 3085 3840 3141 unde

2293 3189 2554 3259 intelligis
2574 3228 2590 3253 ,
2641 3204 2808 3260 quam
2839 3189 3008 3245 nullis
3036 3188 3338 3258 impeditus
3369 3186 3443 3243 sit
3471 3180 3840 3241 difﬁcultatibus

2293 3280 2783 3351 Cbronologismus
2816 3289 3024 3335 noster.
3076 3279 3232 3334 Patet
3286 3277 3438 3334 enim
3473 3280 3655 3330 exacta
3681 3264 3835 3323 omnia

2294 3368 2398 3425 sub
2425 3384 2539 3425 uno
2569 3368 2829 3439 pontifice
2874 3366 3091 3439 Sergio,
3130 3381 3377 3438 vereque
3399 3352 3836 3423 Constantinopoli

2294 3459 2477 3515 adhuc
2518 3460 2821 3531 imperasse
2856 3457 3231 3513 Iustinianum
3279 3456 3354 3524 Il,
3403 3468 3530 3513 cum
3571 3450 3686 3506 inde
3724 3444 3833 3499 Gre-
3880 3440 3885 3451 '

2274 3553 2481 3623 -gorius
2519 3551 2767 3617 recessit,
2797 3550 3030 3606 Romam
3063 3551 3363 3620 petiturus.
3410 3545 3545 3600 Nam
3584 3541 3629 3596 si
3655 3547 3833 3607 regres-

2295 3660 2389 3701 sus
2422 3644 2652 3700 Romam
2682 3641 2746 3696 2!
2777 3639 2928 3706 Julii,
2975 3637 3451 3708 Constantinopoli
3480 3630 3735 3705 profectus
3764 3630 3830 3677 εει

2295 3751 2482 3792 mense
2527 3734 2815 3823 minutum
2865 3732 3071 3796 Iunio,
3122 3746 3249 3787 cum
3301 3743 3487 3823 tamen
3532 3719 3829 3823 Iustinianus

2296 3828 2525 3898 imperio
2550 3808 2742 3898 pulsus
2775 3826 2844 3881 ab
2882 3824 3113 3880 Leontio
3153 3838 3344 3881 mense
3374 3819 3542 3876 Iulio.
3579 3816 3653 3870 En
3692 3808 3827 3878 igitur

2297 3934 2397 3989 pro
2425 3918 2583 3974 nobis
2611 3918 2737 3973 unis
2771 3925 3007 3973 stantem
3036 3916 3413 3970 characterem
3442 3911 3590 3966 illum
3617 3902 3744 3959 ferite
3764 3909 3823 3948 VII

2296 4025 2422 4065 cum
2459 4011 2515 4064 11
2559 4007 2892 4080 Septembris
2922 4006 3339 4071 concurrentis,
3374 4002 3507 4073 qui,
3539 3996 3611 4052 uti
3634 3994 3823 4087 demofl'

2297 4101 2615 4166 stravimus,
2633 4079 2705 4154 fin
2734 4097 3030 4154 Iustiniani
3066 4097 3082 4151 l
3113 4095 3272 4152 annis
3298 4089 3546 4151 Caietani
3584 4079 3820 4142 εεήιθιιιῖε

2299 4208 2579 4262 nunquam
2617 4191 2979 4261 suffragatus.
3015 4246 3020 4251 .
3708 4258 3733 4269 ί,

2368 4278 2999 4348 ΧΧΧιιιΑινὶιιειυίρε,
3052 4276 3099 4332 si
3147 4290 3295 4331 anno
3330 4268 3816 4331 695Constantino-

2300 4375 2410 4444 P0“
2456 4373 2737 4444 digressus
2786 4368 3084 4440 Gregorius
3133 4367 3359 4422 dimidia
3395 4354 3659 4435 Agrigenti
3697 4355 3817 4419 parte

628 4468 816 4541 Romae
848 4466 1165 4520 carceribus
1224 4480 1399 4519 annos
1421 4463 1476 4528 9.,
1500 4479 1716 4518 menses
1747 4463 1799 4517 5.
1819 4463 1998 4532 Atque
2017 4463 2197 4518 istbuc
2226 4454 2273 4513 ι)
2301 4467 2538 4521 donatus
2565 4464 2634 4518 ab
2665 4463 2796 4533 imp.
2830 4459 3143 4516 Iustiniano
3177 4458 3246 4523 II,
3281 4457 3425 4511 unde
3454 4457 3685 4541 sumptus

629 4567 744 4624 est,
796 4556 941 4629 quod
978 4566 1165 4611 nostra
1200 4557 1254 4610 in
1287 4571 1455 4610 causa
1494 4563 1714 4609 maneat
1742 4570 1986 4621 necesse,
2024 4568 2200 4623 eoque

631 4648 853 4705 evidens
889 4645 1074 4712 confit,
1130 4646 1501 4701 characterem
1560 4643 1711 4697 illum
1776 4643 1930 4698 feriae
1986 4659 2082 4708 ru,
2145 4643 2199 4696 in

633 4755 797 4811 quam
840 4738 1028 4792 incidit
1074 4737 1131 4790 11
1186 4735 1524 4805 Septembris
1572 4734 1710 4796 dies.
1752 4749 1858 4804 quo
1911 4733 2203 4804 Gregorius

632 4830 701 4882 ad
754 4827 1232 4898 Agrigentinorum
1273 4824 1578 4894 emporium
1621 4824 1881 4894 pervenit,
1924 4826 1978 4877 in
2030 4839 2203 4878 unum

634 4935 837 4974 annum
873 4918 975 4973 695
1010 4931 1361 4978 concurrere,
1395 4929 1554 4984 quem
1606 4913 1813 4968 frustra
1866 4914 1921 4968 in
1957 4913 2203 4969 Caietani

634 5010 1090 5079 Cbronologismo
1122 5006 1571 5077 perquisivimus.

706 5099 896 5155 XXXI.
921 5100 1091 5153 Porro
1110 5099 1404 5169 Gregorius
1420 5098 1735 5152 carceribus
1751 5098 2000 5153 addictus
2022 5098 2207 5154 Romae

640 5191 842 5246 mansit
885 5191 987 5245 sub
1025 5206 1155 5255 uno,
1190 5189 1338 5259 quod
1372 5199 1497 5244 ante
1530 5190 1789 5251 vidimus,
1827 5191 2082 5260 pontifice
2110 5206 2209 5245 an—

641 5301 742 5343 nos
774 5284 847 5348 2,
884 5297 1098 5337 menses
1151 5282 1205 5337 5.
1258 5281 1337 5336 Ex
1380 5281 1598 5336 concilii
1643 5283 1910 5336 sententia
1946 5281 2210 5337 innocens

635 5377 919 5449 judicatus
967 5373 1233 5446 postridie
1295 5371 1618 5437 Paschatis,
1674 5369 2208 5442 Constantinopolim

641 5469 803 5541 paulo
832 5476 958 5538 post
988 5466 1372 5536 proficiscitur,
1411 5464 1501 5519 ubi
1529 5462 1738 5519 Pascha
1766 5465 2023 5527 celebrat,
2055 5464 2213 5518 inde-

640 5575 748 5630 que
783 5567 1039 5629 regnante
1070 5559 1251 5612 adhuc
1274 5555 1588 5631 Iustiniano
1611 5553 1648 5608 Il
1676 5553 1902 5609 Romam
1939 5555 2073 5619 abit,
2101 5571 2212 5625 quo

643 5653 889 5721 pervenit
922 5654 989 5704 ‘20
1022 5648 1172 5714 Julii,
1218 5658 1382 5719 atque
1420 5648 1547 5701 hinc
1599 5648 1651 5701 in
1706 5647 1946 5701 Siciliam
1996 5648 2214 5702 solvens

644 5736 1125 5808 Agrigentinorum
1167 5740 1311 5795 subit
1367 5739 1667 5819 emporium
1714 5738 1771 5794 11
1835 5738 2212 5808 Septembris,

2299 4564 2543 4628 peterent
2579 4568 2721 4609 novo
2740 4522 3002 4622 -templo,
3061 4547 3418 4620 episcopique
3471 4533 3646 4630 domui

2300 4617 2511 4711 caudis,
2545 4661 2718 4716 ecqua
2751 4646 2841 4699 illa
2875 4617 3147 4715 Augusta,
3175 4655 3299 4713 qua:
3329 4637 3430 4695 viri
3451 4617 3810 4722 aemulata

2301 4708 2595 4803 ralitateIn,
2622 4708 2685 4792 et
2713 4754 2812 4795 sua
2844 4708 3055 4794 addidit
3080 4708 3346 4802 Gregorio
3378 4735 3628 4810 munera,

2304 4793 2679 4900 amplissima?
2728 4826 2828 4882 Hic
2871 4834 3024 4881 certe
3070 4793 3274 4886 Marco,
3324 4832 3447 4875 cum
3488 4809 3571 4867 me
3599 4793 3809 4900 destitui!

2305 4890 2557 4978 historia.
2585 4919 2922 4975 Memoratur
2940 4916 3164 4988 quidem
3193 4922 3309 4968 tum
3340 4903 3588 4978 temporis
3612 4890 3807 4988 Αυειιξίξ

2307 4994 2614 5080 Anastasia,
2658 5012 2751 5068 sed
2798 5026 2921 5081 qua:
2953 4984 3135 5064 tamen
3186 4998 3477 5060 Iustiniani
3526 4996 3695 5081 mater.
3724 4984 3819 5081 "of"

2308 5122 2466 5162 uxor.
2506 5072 2832 5160 Perbibetur
2865 5102 3028 5156 etiam
3066 5093 3369 5154 Iustiniani
3398 5085 3589 5156 coniux
3611 5072 3807 5162 Ᾱυευθίξ

2310 5158 2618 5263 ἧιέδάονξι,
2657 5193 2901 5267 Cbagani
2928 5190 3210 5248 Cbamria:
3239 5201 3417 5249 soror,
3450 5176 3537 5237 sed
3563 5181 3668 5267 εἶπ’
3686 5158 3807 5267 dixit

2311 5303 2457 5344 anno
2478 5287 2602 5353 705,
2626 5303 2755 5342 eum
2786 5299 2957 5356 regno
2988 5281 3287 5343 exsularet,
3319 5277 3351 5330 6
3374 5280 3566 5330 annum
3591 5257 3829 5356 (ἶουξιῗῗξι

2312 5379 2557 5448 tmopoli‘
2575 5343 3162 5442 regnantevasimaro
3201 5367 3455 5429 Tiberio,
3479 5343 3805 5451 coronati-‘1‘?

2314 5434 2578 5525 una-cum
2618 5434 2839 5522 Tiberio
2884 5464 2944 5519 F.
2978 5478 3122 5518 anno
3152 5461 3282 5525 705,
3312 5472 3420 5530 quo
3452 5434 3801 5560 irttpefflfst;

2316 5523 2466 5615 tutus
2522 5557 2804 5630 (TheOpb.
2859 5557 2917 5610 in
2966 5523 3295 5623 Cltronogr.)
3330 5523 3562 5612 'sumI)lis
3609 5523 3803 5634 cui“?

2317 5614 2566 5714 Leontio,
2606 5661 2718 5704 tum
2754 5650 2822 5704 de
2860 5647 3148 5701 Absimaro
3183 5639 3456 5713 suppliciis
3480 5675 3492 5698 9
3530 5636 3641 5714 ⁵³³1⁸
3672 5614 3798 5714 quiin

2320 5740 2621 5798 horrendis.
2654 5731 2792 5805 Quid
2844 5737 3039 5808 igitur"
3087 5734 3328 5805 nunquid
3376 5729 3427 5785 in
3480 5712 3685 5778 caunlrm
3731 5708 3797 5747 utr
3878 5758 3885 5769 ί
