4038 6274
185 335 348 399 ῙΞΞἹ

1551 321 2072 388 DISSE-RTATIO.

3315 316 3456 389 1.918

179 451 387 523 gressi
422 462 661 514 nassam,
701 451 860 517 atque
889 441 1228 501 Caietanus?
1278 440 1384 497 Sed
1416 440 1558 505 vide,
1615 455 1780 510 quam
1816 443 1858 498 Α
1887 451 2035 490 nexae
2067 445 2244 508 itaque
2279 436 2504 505 Sicilire,
2545 437 2828 494 Calabrae.
2872 448 3167 509 sanrla'que
3193 438 3459 495 Seuerino!

183 543 373 600 facile
411 541 712 602 elahamwr,
759 536 904 607 quod
933 536 1197 590 Caietano
1222 547 1332 588 non
1367 531 1616 601 contigit.
1646 529 1783 596 Quis

183 633 316 690 sibi
351 630 596 695 suadeat,
624 626 997 684 Iustinianum
1027 627 1174 681 hunc
1205 623 1274 678 ab
1311 637 1454 678 anno
1489 620 1630 686 685,
1671 636 1782 690 quo

184 723 365 781 solus
403 733 633 791 regnare
671 718 840 786 coepit
881 716 1150 772 exstincto
1195 721 1350 785 patre
1394 711 1784 777 Constantino,

185 819 257 868 et
290 810 514 882 quidem
557 815 688 861 natu
717 805 832 876 jam
873 805 1157 876 grandem,
1206 803 1272 858 ad
1301 801 1428 865 695,
1477 817 1587 870 quo
1635 801 1786 870 regio

189 911 416 959 exutus
463 901 691 972 imperio
745 914 775 953 a
819 897 1070 962 Leontio,
1115 895 1326 951 nullum
1358 893 1550 964 iniisse
1597 892 1788 961 conju-

191 992 387 1064 gium,
439 998 788 1060 exspectasse
850 988 1066 1043 tandem
1115 985 1410 1050 exsilium,
1464 999 1576 1056 quo
1635 983 1787 1038 taedis

191 1082 600 1152 copularetur?
647 1079 753 1135 Sed
795 1079 943 1134 enim
976 1093 1100 1134 cum
1151 1075 1495 1132 Justinianus
1543 1075 1563 1128 l
1606 1073 1789 1128 Theo-

192 1174 349 1230 dora
393 1174 664 1235 viduatus,
700 1186 904 1227 annum
939 1169 1135 1240 agebat
1167 1167 1272 1232 66,
1313 1168 1451 1223 vixit
1493 1167 1638 1222 enim
1688 1181 1788 1220 an-

195 1279 314 1318 nos
349 1262 441 1324 82,
484 1263 730 1333 regnavit
759 1262 849 1328 38,
884 1275 1102 1316 menses
1127 1260 1183 1326 7,
1207 1260 1326 1315 dies
1349 1257 1436 1325 10,
1473 1267 1658 1328 erepta
1683 1255 1788 1311 sibi

198 1345 340 1409 fato'
369 1353 656 1410 Theodora
710 1367 857 1408 anno
895 1353 1046 1424 regni
1077 1352 1177 1408 su'r
1195 1351 1287 1416 εξ,
1321 1361 1380 1406 ut
1421 1365 1482 1405 ea
1534 1351 1588 1404 in
1629 1357 1788 1404 aetate

197 1460 348 1500 vero
381 1445 606 1515 propius
635 1459 744 1500 non
775 1444 866 1509 sit,
902 1445 1120 1515 nuptias
1147 1457 1460 1499 renovasse.
1514 1441 1694 1508 Quare
1728 1449 1788 1496 ut

200 1536 608 1592 historicorum
665 1535 943 1592 silentium
995 1534 1061 1590 de
1099 1549 1240 1588 nova
1289 1541 1412 1604 post
1438 1531 1782 1586 Theodoram

199 1624 462 1694 Augusta
494 1623 792 1680 Iustiniani
829 1624 848 1678 l
889 1624 1028 1679 favet
1060 1623 1332 1689 viduitati,
1388 1623 1445 1676 in
1482 1637 1610 1692 qua,
1657 1622 1786 1676 sub.

201 1717 324 1772 lata
372 1716 474 1770 sibi
523 1715 830 1781 Theodora,
875 1714 943 1770 ad
992 1722 1222 1769 mortem
1271 1728 1447 1784 usque
1496 1715 1783 1777 manserit,

1885 527 2032 580 sedes
2059 528 2246 583 throno
2270 528 2863 598 Constantinopolitano
2897 548 2930 584 a
2973 530 3204 586 Romano
3232 534 3451 594 avulsa',

1884 633 2001 671 cum
2020 619 2252 674 Barbari
2263 621 2578 692 deprehe'nso
2595 639 2734 692 papa
2759 622 2979 676 Romam
2995 623 3225 690 spoliant
3253 623 3454 693 factam

1883 709 1939 760 in
1985 712 2228 780 proprios
2280 727 2407 765 usus
2459 721 2867 780 converterunt,
2915 697 3356 782 quemadmodum
3403 723 3456 766 et

1885 797 2044 854 Creta
2082 800 2181 853 sub
2214 800 2452 855 Romano
2485 819 2606 856 cum
2651 812 2822 866 esset,
2877 802 3462 871 Constantinopolitoni

1885 889 2035 957 facta
2073 900 2172 944 est.
2213 889 2576 945 Nihilominus
2607 893 2847 962 pontifex
2875 892 3000 946 viles
3034 893 3294 964 quasdam
3326 910 3456 961 pat-

1887 989 1962 1034 tes
1983 1019 1997 1044 ,
2029 989 2082 1034 et
2119 981 2458 1051 episcopatus
2489 982 2770 1036 nonnullos
2800 983 2855 1036 in
2885 982 3096 1046 Sicilia,
3127 994 3177 1037 et
3205 983 3460 1037 Calabria

1887 1072 2076 1126 habere
2103 1074 2544 1142 deprehenditur;
2578 1075 2890 1145 metropoles
2917 1078 3080 1140 enim,
3123 1083 3174 1130 et
3219 1076 3371 1129 nrbes
3401 1078 3458 1126 in

1885 1163 2068 1218 eadem
2093 1165 2414 1222 illustriores
2439 1186 2500 1224 ac
2547 1171 2813 1240 digniores
2833 1167 3462 1236 Constantinopolitano:

1885 1256 2184 1324 possidebat
2211 1274 2372 1327 usque
2393 1261 2462 1313 ad
2485 1259 2820 1315 Francorum
2847 1259 3148 1313 adventum.
3188 1257 3278 1313 Sic
3297 1259 3457 1313 etiam

1885 1349 1944 1402 in
1969 1347 2338 1419 Longobardia
2370 1352 2512 1420 (hoc
2548 1363 2650 1419 cst,
2688 1350 3133 1423 transtyberina)
3159 1360 3208 1404 et
3241 1349 3454 1418 Apulia.

1884 1448 1936 1495 et
1980 1443 2036 1495 in
2065 1433 2306 1498 omnibus
2352 1444 2420 1498 iis
2482 1446 2780 1514 regionibus
2831 1445 3092 1497 maximas
3142 1444 3458 1512 metropolcs

1887 1544 2010 1588 ante
2054 1537 2356 1604 possidebat
2393 1535 3040 1606 Ccustantinopolitanus,
3090 1529 3458 1606 reliquas'Ro—

1886 1641 2096 1688 manus,
2134 1637 2194 1680 ut
2252 1629 2484 1698 regiones
2535 1629 2645 1683 illa:
2676 1644 2769 1698 per
2797 1638 2972 1697 partes
3021 1629 3464 1696 possiderentur:

1890 1732 2112 1788 namque
2133 1721 2368 1774 melodus
2391 1735 2452 1773 ac
2477 1729 2631 1788 poeta
2646 1721 2892 1774 dominus
2909 1719 3125 1774 Marcus
3143 1737 3175 1772 a
3193 1719 3459 1774 Constan-

188 1807 287 1862 ita
326 1805 538 1861 nullum
567 1805 729 1862 nobis
763 1805 986 1869 facessit
1015 1805 1316 1876 negotium,
1360 1783 1656 1874 quominus
1686 1819 1787 1874 pu-
1819 1783 1859 1840 Β
1891 1783 2246 1877 tinopolitano
2275 1783 2487 1864 missus-
2512 1811 2682 1878 fuisse
2721 1811 3066 1879 comperitur.
3113 1809 3246 1864 Cum
3281 1818 3460 1862 autem

195 1907 417 1964 scmus,
469 1911 579 1952 non
628 1897 868 1964 unicam,
920 1912 1031 1952 non
1092 1895 1328 1966 primam
1377 1895 1692 1950 Iustiniano
1739 1893 1787 1949 Il

199 1996 445 2058 nuptam
472 1983 840 2053 Theodoram,
892 2003 1071 2059 neque
1125 1989 1270 2044 hunc
1321 1987 1573 2044 ctelibcm
1622 1987 1784 2041 vitam

204 2075 442 2132 duxisse
470 2077 536 2131 ad
565 2089 767 2130 annum
808 2091 983 2148 usque
1025 2075 1152 2144 705,
1185 2091 1296 2148 quo
1327 2077 1498 2132 aetatis
1531 2091 1789 2131 numera-

198 2165 312 2220 bat
339 2165 430 2231 δι,
465 2167 688 2238 quippe,
722 2182 848 2222 cum
875 2169 1029 2222 solus
1060 2181 1289 2238 regnare
1319 2168 1503 2238 cmpit,
1532 2165 1599 2222 16
1622 2174 1785 2222 natus

207 2267 392 2309 annos
417 2263 553 2310 erat.
585 2255 866 2327 (Theoph,
904 2256 1064 2329 ibid.)

285 2329 528 2400 XXXIII.
553 2345 693 2412 Quid
718 2361 864 2402 nunc
879 2349 1096 2402 tandem
1119 2346 1186 2402 de
1205 2345 1489 2402 Corinthio
1507 2349 1784 2416 episcopo,

212 2435 316 2506 qui
345 2436 932 2507 Constantiuopolitani
963 2438 1286 2507 patriarcha:
1309 2479 1325 2504 ,
1361 2439 1469 2494 hoc
1505 2421 1590 2492 est
1616 2439 1787 2493 Calli-

205 2525 332 2579 nici
357 2525 566 2597 legatus
591 2524 780 2598 Romae
801 2525 968 2596 iudex
993 2527 1201 2582 assedit
1229 2528 1285 2581 in
1309 2525 1555 2595 Gregorii
1582 2542 1746 2582 causa
1763 2527 1788 2568 ν

209 2613 417 2672 Notum
462 2617 629 2684 illud,
672 2615 934 2672 Romanae
979 2617 1327 2687 patriarchia:
1351 2626 1461 2672 tres
1511 2617 1776 2687 singulari

209 2708 338 2778 iure
378 2709 627 2778 paruisse
673 2709 944 2765 exarchos
991 2709 1044 2762 in
1090 2705 1344 2772 Oriente,
1403 2706 1782 2773 Corinthium,

213 2795 786 2862 Thessalonicensem,
806 2796 968 2868 315
992 2795 1533 2867 atquelustinianam
1559 2797 1602 2866 I,
1625 2798 1785 2868 cujus

209 2889 440 2960 quidem
463 2889 720 2944 esarcbia
748 2904 815 2943 ex
841 2897 992 2958 parte
1016 2885 1527 2944 Thessalonicensis
1554 2890 1780 2954 coaluit,

207 2983 384 3052 :idque
409 2996 480 3037 ex
509 2978 804 3036 Iustiniani
833 2978 876 3044 Ι,
917 2979 1062 3050 quod
1106 2988 1234 3035 ante
1277 2981 1638 3048 ostendimus,
1689 2997 1788 3037 au-

1888 1899 2149 1954 unirersa.’
2186 1898 2572 1970 Longobardia:
2607 1901 2856 1966 ducatus,
2910 1917 3030 1970 qua:
3084 1911 3228 1955 vetus
3274 1899 3465 1955 Hcllas

1885 2001 2024 2060 erat,
2055 1990 2150 2044 sub
2180 1992 2496 2056 imperatore
2529 2001 2645 2046 erat
2676 1993 3292 2061 Constantinopolitano,
3320 2007 3461 2061 papa

1887 2098 2006 2136 uero
2037 2093 2314 2150 separatus
2343 2082 2440 2136 sub
2474 2083 2600 2138 aliis
2647 2083 2889 2150 gentibus
2929 2083 3152 2154 vivebat,
3183 2093 3466 2151 propterea

1885 2173 2202 2243 patriarcha
2241 2173 2510 2227 Ecclesias
2570 2172 2877 2237 obtinebat;
2926 2190 3049 2227 nam
3097 2173 3467 2250 Brundusitnr

1885 2272 1936 2318 et
1967 2263 2253 2318 Tarentum
2289 2281 2322 2317 a
2353 2262 2949 2334 Constantinopolitano
2983 2265 3283 2319 sacerdotes
3315 2264 3460 2318 acci-
3546 2263 3553 2271 ’

1885 2356 2122 2418 aiebant,
2152 2355 2310 2426 idque
2335 2355 2540 2410 nullum
2574 2356 2724 2410 latet.
2763 2355 2896 2411 Cum
2925 2369 3044 2411 vero
3077 2354 3280 2410 Franci
3319 2355 3464 2409 hunc

1884 2447 2140 2501 ducatum
2194 2435 2722 2516 orcuparuntftunc
2779 2446 3044 2502 Romanus
3105 2447 3162 2501 in
3217 2447 3461 2502 omnibus

1883 2536 2029 2590 hisce
2055 2535 2292 2590 ecclesiis
2317 2537 2682 2594 ordinationes
2707 2540 2908 2603 tenuit;
2938 2540 2992 2593 in
3022 2541 3088 2593 iis
3117 2540 3257 2593 enim
3290 2539 3460 2609 regio-

1886 2624 2060 2688 nibus,
2117 2641 2249 2694 quas
2296 2623 2922 2696 Constantinopolitanus
2975 2629 3268 2698 imperator
3323 2627 3460 2682 obti-

1885 2717 2060 2782 nebat,
2095 2715 2174 2770 uel
2205 2726 2388 2783 postea
2427 2735 2460 2772 a
2509 2718 2751 2775 barbaris
2781 2720 3026 2790 gentibus
3079 2721 3454 2790 recuperabat.

1877 2805 2001 2874 jure
2041 2807 2353 2875 patriarcha
2413 2807 3037 2881 Constantinopolitanus
3091 2812 3460 2865 ordinationes

1858 2893 2134 2968 .hab’ebat,
2169 2911 2288 2948 cum
2322 2894 2487 2951 Roma
2527 2899 2697 2954 modis
2743 2901 2982 2955 omnibus
3012 2917 3044 2954 a
3083 2899 3462 2956 Constantino-

1887 2986 2000 3052 poli
2036 2985 2272 3040 alienata
2325 2988 2450 3042 aliis
2507 3006 2620 3044 sese
2677 2990 3026 3047 submisisset.
3083 2989 3288 3062 Papam
3337 3007 3462 3046 uera

147 3089 150 3093 ‘
205 3074 488 3129 claritate.
541 3069 644 3174 sed
698 3069 932 3174 Romani
982 3071 1226 3141 episcopi
1285 3072 1340 3126 in
1394 3069 1718 3128 Justinianae
1763 3071 1785 3126 Ι
1811 3114 1854 3174 c
1885 3089 2065 3147 partes
2121 3077 2332 3145 aliquas
2380 3089 2534 3134 antea
2584 3081 2638 3134 in
2687 3067 2879 3136 Sicilia
2926 3081 3238 3149 obtinuisse,
3279 3084 3458 3138 mani-

213 3162 532 3216 exarchiam
574 3160 701 3230 jura
747 3160 991 3228 desiere,
1044 3161 1401 3231 pessumdata
1453 3175 1483 3216 a
1532 3161 1784 3235 Bulgaris

212 3253 482 3318 Ecclesia,
517 3253 610 3324 qui
644 3267 739 3308 eas
767 3261 1111 3322 occuparunt
1147 3252 1400 3324 regiones
1439 3271 1454 3308 :
1492 3269 1620 3308 cum
1653 3269 1785 3308 vero

216 3358 364 3398 anno
394 3343 493 3399 86I
535 3345 728 3415 religio
776 3345 832 3399 in
882 3343 1140 3414 Bulgaria
1197 3344 1452 3398 restituta
1502 3343 1786 3400 Michaelis

219 3439 362 3513 regis
397 3454 583 3510 opera,
607 3427 962 3494 'reclamante
1006 3439 1212 3493 frustra
1267 3438 1518 3492 Itomano
1551 3437 1787 3506 patriar-

215 3530 343 3594 cha,
379 3532 596 3584 subdita
641 3529 997 3600 Bnlgarornm
1032 3527 1275 3582 Ecclesia
1320 3528 1785 3596 Constantiuoiio-

219 3619 389 3674 Iitauo
421 3620 872 3690 archiepiscopo,
921 3633 1095 3687 eaque
1125 3619 1194 3671 de
1231 3633 1290 3672 re
1329 3619 1612 3672 decretum
1648 3620 1784 3673 sci-io

219 3718 369 3779 ptum
405 3724 546 3762 anno
588 3708 696 3763 859
749 3711 803 3764 in
837 3709 1050 3778 synodo
1079 3724 1175 3764 vm
1209 3707 1544 3764 mcumenica
1567 3748 1584 3774 ,
1635 3710 1786 3764 Con-

217 3799 701 3869 stantinopolitaua
744 3814 860 3862 vn,
931 3799 1314 3856 ohnitentibus
1365 3801 1490 3856 licet
1548 3789 1784 3858 Romani

215 3891 494 3962 potititicis
525 3890 738 3961 legatis.
767 3889 1010 3945 Tandem
1043 3905 1172 3944 vero
1201 3891 1304 3946 sub
1344 3891 1546 3947 Basilio
1576 3893 1616 3948 Il
1651 3893 1785 3948 Por-

212 3981 644 4052 phyrogenneta,
665 3980 950 4046 Achridis,
977 3979 1093 4036 sive
1113 3977 1439 4036 Justiniauae
1465 3980 1484 4034 I
1507 3983 1782 4038 exarchus

215 4070 586 4141 αὐτοκέφαλος
609 4071 802 4136 audiit,
829 4072 901 4126 ita
933 4081 991 4125 ut
1020 4071 1155 4124 nulli
1188 4078 1404 4142 pareret
1435 4073 1779 4141 patriarchae,

216 4163 295 4218 uti
325 4163 594 4219 discimus
617 4179 684 4218 ex
707 4162 813 4218 Nili
845 4163 1164 4234 Doxopatrii
1201 4164 1396 4217 notitia
1433 4163 1780 4234 patriarcha-

200 4266 390 4321 ‘tuum,
421 4253 584 4324 quam
626 4257 798 4311 edidit
832 4255 1156 4324 Stephanus
1191 4253 1440 4326 Moyuins
1473 4254 1528 4308 in
1572 4255 1780 4324 sylloge

219 4351 493 4413 variorum
519 4351 936 4420 opusculorum.
972 4348 1548 4405 Thessalonicensem.
1581 4356 1635 4402 et
1665 4348 1778 4402 Co-

1887 3169 2081 3238 festum
2131 3169 2191 3239 ﬁt
2221 3187 2286 3226 ea:
2347 3169 2467 3224 Vita
2507 3174 2679 3226 sancti
2714 3171 2956 3243 Gregorii
3003 3173 3458 3245 Agrigentinorum

1887 3260 2058 3323 urbis,
2098 3276 2215 3329 qua:
2256 3277 2395 3315 nunc
2448 3260 2784 3333 Cregentium
2839 3263 3054 3328 dicitut‘;
3098 3265 3326 3333 episcopi
3356 3281 3374 3318 :
3403 3267 3453 3318 in

1825 3401 1830 3408 ,
1885 3365 1946 3403 ea
1975 3349 2234 3415 siquidem
2263 3353 2520 3419 scriptum
2545 3363 2624 3407 est
2655 3371 2847 3424 papam
2877 3363 3116 3408 sanctum
3147 3354 3456 3425 Gregorium

1887 3440 2353 3508 Agrigentinorum
2389 3444 2690 3512 episcopum
2742 3443 3056 3508 ordinasse;
3103 3445 3194 3498 sed
3221 3460 3282 3498 eo
3327 3453 3459 3498 tem-

1884 3541 2010 3594 pore
2059 3527 2227 3582 Roma
2276 3532 2509 3583 nondum
2549 3532 2756 3600 penitus
2804 3543 3055 3599 separata
3091 3545 3203 3586 erat
3239 3551 3272 3587 a
3317 3533 3454 3588 Cou-

1885 3619 2258 3689 stantinopoli.
2292 3619 2522 3674 Tenebat
2560 3624 2739 3692 itaque
2789 3624 2983 3676 multos
3029 3625 3094 3676 ab
3133 3625 3254 3678 hinc
3288 3643 3460 3678 annos

1886 3707 2514 3780 Constantinopolitanus
2553 3729 2618 3766 ea:
2646 3722 2793 3775 parte
2823 3711 2884 3767 el
2913 3712 3181 3780 Siciliam,
3209 3725 3260 3768 et
3289 3715 3454 3770 Cala-

1886 3800 2082 3868 briam,
2111 3811 2160 3856 et
2193 3817 2332 3871 papa
2360 3801 2593 3872 paucula
2624 3802 2892 3872 quadam,
2922 3803 3370 3872 quemadmodum
3402 3816 3454 3858 et

1883 3891 1939 3944 in
1976 3889 2369 3960 Longobardia,
2413 3906 2576 3960 usque
2605 3891 2674 3943 ad
2706 3893 3129 3958 separationem;
3161 3903 3284 3946 tunc
3314 3897 3452 3948 enim

1882 3992 2159 4050 separatus
2204 3990 2285 4034 est
2339 3981 2405 4034 ab
2457 3981 2539 4034 Itis
2603 3980 2900 4049 regionibus
2958 3997 3100 4052 papa
3154 3999 3318 4053 usque
3378 3986 3449 4037 ad

1884 4069 2215 4126 Francorum
2282 4071 2582 4126 adventum.
2646 4069 2802 4124 Hand
2856 4086 2976 4125 sum
3029 4082 3288 4141 gravatus
3341 4083 3448 4128 tam

1883 4163 2054 4216 multa
2104 4162 2322 4227 aﬂ'erre,
2365 4161 2498 4231 quia
2541 4177 2652 4220 non
2687 4177 2857 4231 pauca
2891 4163 2943 4216 in
2991 4163 3062 4218 iis
3103 4166 3449 4220 animadver-

1881 4252 2036 4307 sione
2074 4253 2426 4322 dignissima.

1953 4339 2191 4396 XXXIV.
2228 4340 2506 4410 Principio
2543 4339 2662 4396 falsi
2696 4349 3029 4412 arguuntur,
3067 4343 3160 4414 qui
3189 4343 3450 4400 Romana:

217 4442 471 4496 rimhiam
507 4442 844 4504 exat-Chiam,
887 4439 1348 4510 quemadmodum
1397 4447 1452 4492 ει
1503 4439 1772 4502 Siciliam,
1809 4459 1852 4515 υ
1881 4431 2228 4502 patriarchia:
2271 4433 2688 4487 distractionem
2736 4432 2804 4487 ab
2847 4431 3050 4490 Leonis
3094 4435 3266 4491 Isauri
3311 4444 3447 4490 tem-

205 4539 268 4589 et
299 4531 633 4594 Calabriam,
667 4545 698 4586 e
729 4531 974 4584 Romana
999 4529 1334 4600 patriarchia
1365 4531 1589 4586 avulsas
1613 4532 1778 4604 vulgo

172 4654 180 4662 ι
217 4622 400 4678 volunt
448 4621 515 4674 ah
549 4620 732 4676 Leone
762 4621 902 4690 Aug.
948 4619 1212 4688 Isaurico,
1245 4637 1355 4692 quo
1405 4622 1662 4691 injuriam
1695 4624 1777 4676 ul-

209 4713 510 4768 cisceretur
532 4726 561 4766 a
589 4709 854 4780 Gregorio
884 4709 928 4764 Il
960 4710 1208 4766 Romano
1231 4711 1490 4780 episcopo
1517 4712 1622 4766 sibi
1656 4712 1776 4765 illa-

217 4816 342 4868 tam,
365 4803 526 4872 cnjus
559 4817 725 4874 opera
753 4801 966 4858 Italiam
995 4803 1066 4857 ab
1101 4818 1166 4858 co
1188 4803 1456 4858 deiecisse
1482 4803 1773 4857 traditum.

113 4894 136 4911 '
219 4894 314 4950 Sed
350 4895 506 4964 longe
535 4903 664 4949 ante
703 4895 817 4949 hac
851 4905 1096 4962 tempora
1132 4893 1392 4948 laudatus
1429 4893 1596 4947 modo
1622 4891 1777 4948 Nilus

216 4985 408 5041 factum
453 4985 638 5040 isthuc
672 4985 890 5050 scribit,
926 4984 994 5038 de
1021 4983 1637 5052 Constantinopolitano
1679 4999 1776 5052 pn-

219 5077 446 5131 triarcha
477 5075 956 5145 tlisserens,cujus
992 5075 1107 5128 haec
1141 5075 1313 5128 recito
1348 5071 1505 5128 Latio
1535 5075 1770 5129 donata:

218 5167 405 5222 Rursus
440 5183 504 5222 ea:
551 5166 882 5224 Occidentoli
914 5165 1125 5219 dioecesi
1157 5165 1263 5218 duo
1323 5165 1538 5219 exarchi
1581 5165 1775 5219 simili-

220 5272 306 5326 ter,
331 5261 546 5332 reliquis
570 5258 996 5330 metropolitanis
1023 5255 1296 5325 subjectis,
1319 5255 1484 5310 multo
1506 5267 1771 5326 praestan-

221 5355 359 5408 tiores
409 5368 464 5406 se
515 5351 878 5420 subjecerunt,
931 5347 981 5402 Τ
983 5347 1423 5403 hcssalonicensis
1473 5363 1673 5418 nempe,
1722 5357 1772 5401 et

221 5443 533 5506 Corinthius,
570 5461 699 5513 quos
739 5443 904 5496 secuti
944 5449 1066 5494 sunt
1097 5440 1446 5510 metrOpolitce
1481 5439 1692 5503 reliqui,
1721 5448 1771 5492 et

223 5525 610 5602 archiepiscopi,
631 5535 720 5604 qui
744 5532 840 5588 sub
865 5531 973 5586 illis
997 5543 1242 5586 erant....
1275 5529 1469 5586 Sicilia
1491 5541 1766 5600 pra'terea,

225 5637 264 5678 et
293 5623 534 5680 Calabria
567 5639 620 5677 se
647 5623 1238 5690 Constantinopolitano
1277 5634 1686 5690 supposuerunt.
1720 5633 1768 5678 et

226 5726 390 5772 sancta
422 5715 703 5780 Sererina,
739 5732 856 5786 qua:
897 5727 943 5770 et
991 5713 1265 5783 Nicopolis
1295 5714 1606 5768 dicitur.....
1655 5715 1766 5769 dn-

1836 4562 1843 4568 .
1881 4525 2107 4594 poribus
2155 4531 2455 4593 repetunt,
2497 4539 2624 4579 cum
2679 4523 2855 4598 multo
2916 4537 3207 4596 antequam
3271 4527 3444 4584 Roma

1881 4616 2101 4686 penitus
2155 4631 2185 4669 a
2237 4613 2852 4685 Constantinopolitano
2917 4617 3245 4686 imperatore
3292 4619 3445 4674 titio-

1878 4708 2066 4776 cisset,
2103 4707 2220 4776 jam
2295 4707 2429 4762 illud
2491 4709 2812 4764 usnxeuisse
2869 4708 3060 4765 doceat
3109 4711 3294 4772 Nilus;
3345 4728 3441 4767 ne-

1877 4815 1981 4870 que
2016 4791 2196 4853 tamen
2241 4799 2332 4853 illa
2387 4797 2667 4864 defecerit,
2726 4801 2829 4855 nisi
2877 4801 2978 4856 sub
3027 4801 3204 4856 Leone
3256 4803 3446 4860 Isauro

1877 4905 2022 4945 anno
2052 4889 2176 4955 726,
2209 4907 2319 4960 quo
2350 4890 2570 4951 ducem.
2619 4891 2708 4946 cui
2753 4907 2934 4945 rerum
2969 4907 3182 4947 summa
3215 4895 3444 4963 credita,

1877 4983 1980 5036 sibi
2036 4991 2265 5037 senatus
2309 4983 2658 5053 p0pulu‘sque
2707 4971 2891 5053 elegit,
2939 4998 3270 5054 quamquam
3319 4999 3444 5056 post

1877 5074 1930 5128 in
1963 5072 2201 5128 ollicium
2239 5074 2438 5128 iterum
2491 5076 2734 5142 redacta,
2786 5077 2961 5130 donec
2996 5092 3140 5131 anno
3171 5077 3272 5132 774
3302 5080 3446 5134 (Σου-

1875 5165 2118 5219 stantin
2146 5163 2496 5234 Copronymo
2527 5166 2669 5235 Aug.
2709 5167 2918 5236 regium
2955 5167 3246 5237 imperium
3281 5185 3442 5239 pror.

1874 5271 1969 5311 sus
1997 5255 2325 5320 excusserit,
2363 5257 2417 5309 in
2451 5255 2727 5324 pontiﬁcis
2767 5257 2851 5311 sui
2894 5257 3022 5326 jura
3060 5274 3184 5314 sese
3235 5261 3442 5314 dedens

1840 5375 1851 5382 -
1877 5343 1975 5415 (γ.
2006 5345 2135 5416 Pag.
2179 5347 2246 5400 ad
2284 5363 2374 5400 an.
2412 5347 2515 5402 796
2558 5357 2612 5401 et
2655 5348 2833 5420 799);
2881 5351 3012 5419 quin
3061 5360 3250 5422 aperte
3289 5349 3443 5404 Nilus

1875 5439 2469 5503 testatur,‘accessissc
2504 5438 2771 5505 Siciliam,
2822 5440 3132 5495 Calabriam
3157 5481 3171 5506 ,
3219 5441 3438 5494 Cretam

1871 5527 2482 5598 Constantinopolitano
2521 5533 2868 5603 patriarclnr,
2917 5546 3040 5586 cum
3081 5531 3312 5584 Barbari
3349 5532 3441 5588 de-

1869 5623 2124 5690 prehenso
2153 5638 2290 5690 papa
2333 5621 2550 5674 Romam
2596 5623 2822 5690 spolium
2870 5622 3068 5691 {actam
3100 5623 3154 5676 in
3197 5626 3438 5692 proprios

1872 5730 2000 5768 usus
2065 5723 2457 5775 converterunt;
2529 5714 2825 5784 itialemquc
2870 5714 3062 5770 scniLit
3115 5713 3166 5767 in
3225 5713 3438 5782 Longa-
