4038 6274
605 297 746 366 1219

1513 296 1618 360 DE
1649 296 1909 359 IETATE
1943 296 2003 356 S.
2031 293 2410 354 GREGORII
2447 288 2957 352 AGRIGENTINI

3773 286 3871 351 13.20

607 415 797 470 bardia
845 409 1255 478 transtiberina,
1310 411 1620 482 Apuliaque
1659 412 1938 482 principes
1988 409 2177 464 Eccle-
2205 418 2248 470 Α
2279 407 2522 462 rintbius
2553 406 2867 476 episcopus.
2910 402 3078 470 Quid,
3113 401 3278 472 quod
3327 397 3721 454 secessionem
3756 395 3868 454 illam

605 505 722 562 sias
767 503 1386 572 Constantinopolitano
1425 503 1688 573 episcopo
1717 501 2036 562 adhassisse,
2071 498 2182 553 Bo-

602 607 772 648 mano
821 590 1089 648 Barbaris
1135 593 1375 647 maxime
1427 592 1696 659 obnoxio,
1747 591 1976 661 hecque
2021 593 2078 644 in
2117 605 2186 646 ea

601 685 952 741 conveniunt
979 693 1254 756 tempora,
1278 701 1414 754 qua:
1452 685 1690 740 Leonem
1737 684 1992 740 lsaurum
2043 685 2186 751 prae-

603 777 900 841 cesserint,
930 792 1057 832 cum
1111 779 1328 832 scilicet
1358 776 1708 847 Longobardi
1751 791 1908 844 reges
1945 774 2186 834 italiam,

603 879 775 940 atque
821 869 999 938 ipsam
1033 869 1170 923 adeo
1219 869 1446 922 Romam
1495 867 1764 922 aarutnnis
1807 865 2184 921 cumularunt.

603 959 769 1014 Certe
800 973 949 1014 anno
983 959 1109 1026 658,
1155 974 1287 1014 cum
1333 957 1544 1013 Paulus
1589 956 1932 1027 metropolita
1987 955 2186 1019 Cretae,

603 1065 734 1120 qua:
793 1049 1308 1104 Thessalonicensis
1365 1049 1638 1104 exarchia:
1693 1049 1912 1118 portio,
1976 1047 2188 1100 irritam

609 1137 872 1192 habuerit
919 1135 1152 1193 Joannis
1185 1137 1488 1207 Loppensis
1533 1152 1631 1192 sua
1677 1136 1731 1190 in
1765 1135 2039 1206 provincia
2075 1136 2189 1204 epi-

607 1229 763 1299 scopi
801 1231 1250 1299 provocationem
1299 1229 1367 1284 ad
1410 1227 1746 1283 Vitalianum
1791 1243 2006 1298 papam,
2057 1229 2188 1296 quid

609 1319 717 1374 hoc
745 1329 848 1385 est,
883 1321 989 1374 nisi
1025 1321 1078 1374 in
1115 1319 1396 1374 Vitaliano
1425 1319 1754 1389 patriarchae
1784 1319 1869 1373 sui
1898 1332 2190 1388 personam

611 1410 758 1466 haud
789 1411 1114 1481 agnovisse?
1149 1411 1372 1466 Adeone
1403 1426 1589 1464 rerum
1611 1411 1952 1480 imperitum;
1979 1409 2066 1463 vel
2104 1409 2194 1461 in-

611 1515 807 1555 sanum
851 1503 1010 1556 nobis
1049 1502 1202 1556 illum
1240 1503 1512 1570 tingamus
1543 1538 1558 1563 ,
1609 1515 1770 1569 quem
1826 1500 1910 1553 vel
1963 1497 2190 1568 fugerit,

608 1593 756 1659 quod
789 1602 845 1646 et
877 1591 1168 1653 Cwsareis,
1195 1601 1249 1646 et
1277 1593 1669 1647 ecclesiasticis
1702 1600 1917 1645 cautum
1959 1589 2191 1660 legibus,

609 1684 780 1738 licere
805 1683 1065 1752 episcopo
1094 1699 1124 1737 a
1159 1685 1518 1754 metropolitae
1539 1683 1745 1751 judicio
1771 1683 1836 1737 ad
1867 1681 2194 1752 patriarchi-

2284 496 2532 568 Gregorii
2561 497 2731 553 nostri
2760 502 3095 564 tempestate,
3117 507 3300 563 quem
3321 489 3516 544 Leoni
3561 489 3748 544 Isauro
3771 505 3874 560 pm-

2288 583 2458 643 ivisse
2491 601 2652 642 nemo
2681 586 2920 651 dubitat,
2955 584 3152 640 factam
3178 585 3314 653 jam
3347 579 3527 635 Nilus
3549 581 3870 649 demonstrat,

2285 695 2396 749 quo
2421 679 2692 733 scribente
2709 675 3003 731 notissima
3024 673 3285 742 exempla
3321 683 3556 733 omnia,
3587 683 3711 738 quae
3727 669 3871 732 nobis,

2287 766 2513 830 amissis
2544 773 2852 834 temporum
2888 763 3089 834 injuria
3112 759 3530 816 monumentis
3557 799 3573 825 ,
3629 755 3778 826 plane
3802 758 3873 812 ob-

2287 871 2494 922 scura;
2543 856 2682 911 adeo
2714 863 2776 910 ut
2807 869 2876 909 ne
2903 851 3241 925 Hydruntini
3287 851 3410 920 ipsi
3445 887 3463 912 ,
3507 847 3610 916 qui
3657 845 3874 901 Ecclesia

2288 963 2404 1004 sua:
2437 963 2526 1004 res
2559 961 2686 1002 cum
2717 932 3066 1001 Perdinando
3093 943 3348 1012 Ughello
3395 938 3871 1003 communicarent,

2287 1037 2501 1108 aliquid
2533 1036 2856 1092 subodorati
2883 1037 2952 1091 de
2976 1037 3166 1090 Marco
3191 1033 3512 1104 episeopo,
3547 1044 3720 1096 eoque
3743 1031 3874 1084 omis-

2289 1143 2389 1184 sus
2425 1128 2496 1182 ab
2530 1125 2810 1196 Ughello?

2360 1217 2586 1275 ΧΧΧἾ..
2618 1218 2824 1273 Deinde
2848 1233 2914 1272 ex
2943 1231 3033 1282 eo,
3081 1214 3232 1286 quod
3267 1213 3482 1278 Nilus,
3548 1221 3614 1267 ut
3663 1211 3874 1268 ostendat

2293 1311 2505 1380 aliquot
2541 1309 2595 1362 in
2637 1309 2824 1364 Sicilia
2872 1307 3148 1362 Ecclesias
3177 1305 3600 1376 superstitisse
3645 1318 3762 1372 qua:
3789 1301 3870 1358 Ro-

2309 1416 2472 1456 mano
2509 1401 2752 1470 pontilici
2789 1407 3066 1471 parerent,
3107 1397 3378 1468 Gregorii
3409 1395 3870 1466 Agrigentinorum

2293 1492 2534 1563 episc0pi
2549 1492 2820 1562 producat
2839 1491 3330 1562 inaugurationem
3353 1504 3388 1544 a
3405 1488 3663 1542 Romana
3674 1487 3872 1555 patriar-

2299 1585 2402 1640 cha
2432 1593 2707 1654 peractam
2739 1625 2754 1649 ,
2785 1599 2987 1639 novum
3012 1583 3273 1645 elicimus
3322 1590 3726 1652 argumentum
3748 1619 3764 1644 ,
3787 1595 3871 1648 quo

2299 1675 2474 1744 ipsius
2510 1684 2768 1741 aetatem,
2825 1685 3015 1730 contra
3065 1688 3232 1744 quam
3303 1671 3632 1726 Caietanus
3681 1669 3868 1723 sentiat.

612 1789 738 1829 cum
763 1751 1314 1844 tribunaliappcllare,
1339 1751 1448 1840 vel,
1473 1789 1597 1828 cum
1623 1773 1753 1827 illud
1782 1751 1952 1843 probe
1983 1781 2187 1837 nosset,
2226 1751 2266 1805 Β
2295 1764 2771 1818 constabiliamus.
2829 1762 2998 1818 Nemo
3055 1762 3191 1816 mibi
3255 1760 3602 1832 negaverit,
3657 1757 3870 1828 Gregorii

611 1865 955 1934 prohibuerit
989 1874 1168 1919 tamen
1211 1865 1511 1934 legitimum
1555 1864 1887 1934 judiciorum
1925 1861 2191 1918 cursum?

615 1955 671 2009 Si
712 1955 829 2010 haec
855 1971 961 2010 non
991 1955 1204 2020 demus,
1241 1955 1614 2010 allirmandum
1649 1955 1896 2020 tandem,
1922 1953 2189 2010 Joannem

613 2044 952 2116 Loppensem
981 2045 1296 2114 episcopum
1330 2060 1437 2099 non
1471 2045 1592 2100 ideo
1631 2045 1697 2100 ad
1731 2043 2060 2098 Vitalianum
2095 2059 2190 2113 ap-

612 2133 866 2202 pellasse,
891 2136 1036 2202 quod
1072 2133 1123 2186 in
1152 2149 1218 2188 eo
1246 2135 1329 2188 sui
1360 2135 1750 2204 patriarcham,
1774 2136 1864 2190 sed
1897 2135 2040 2204 quod
2072 2137 2193 2188 uni-

611 2235 788 2276 versa:
820 2220 1259 2277 Christianorum
1290 2222 1456 2294 316
1483 2221 1740 2278 Ecclesiae
1772 2235 1930 2294 caput
1966 2224 2194 2292 prolite—

614 2322 767 2366 retur
793 2329 810 2378 ς
845 2313 1226 2368 ἱηιρτοεεςὶεερ
1243 2313 1474 2367 Paulum
1501 2313 1875 2384 appellationi,
1908 2314 2036 2384 quia
2067 2327 2192 2368 raro

613 2405 682 2459 ad
714 2403 1019 2458 Romanum
1058 2407 1368 2474 pontiﬁcem
1404 2415 1755 2475 provocatum
1779 2406 1848 2460 ab
1883 2405 1950 2460 iis
1978 2406 2191 2476 episco-

613 2495 718 2565 pis,
737 2497 830 2564 qui
847 2496 936 2565 alii
958 2495 1247 2550 subcssent
1261 2497 1604 2564 patriarchae,
1625 2495 1753 2564 quin
1769 2495 1940 2548 turbae
1957 2502 2190 2560 exertat;

619 2563 842 2653 quando
881 2563 1169 2636 invidiosae
1199 2563 1414 2651 semper
1447 2563 1840 2652 appellationes
1879 2582 1945 2636 ad
1992 2580 2194 2635 Roma-

616 2690 748 2730 num
778 2677 1095 2745 episcOpum
1119 2691 1133 2738 ;
1161 2675 1300 2728 adeo
1341 2682 1398 2727 ut
1427 2689 1493 2728 ne
1524 2673 1626 2744 ipsi
1665 2671 1884 2742 quidem
1923 2671 2040 2726 Afri
2073 2673 2193 2729 illas

615 2765 840 2820 siverint
867 2781 882 2830 ;
915 2775 970 2818 et
1007 2774 1191 2818 tamen
1215 2779 1404 2818 rerum
1423 2761 1664 2818 Ecclesia
1682 2762 1939 2818 Romame
1965 2764 2195 2832 patriar-

615 2857 754 2908 cblae
798 2856 1147 2922 contributa;
1206 2857 1334 2924 quia
1387 2856 1577 2926 primis
1641 2853 1896 2910 Ecclesia:
1953 2855 2192 2921 saeculis,

616 2946 840 3016 perinde
867 2961 926 3001 se
950 2956 1240 3016 gesserunt
1260 2947 1746 3016 Carthaginienses
1782 2945 2022 3015 episcOpi
2047 2943 2194 2998 Afri-

616 3052 770 3092 canae
801 3037 1060 3092 Ecclesiae
1101 3037 1321 3090 exarchi
1348 3077 1363 3101 ,
1413 3047 1578 3106 atque
1626 3037 1742 3092 suis
1774 3037 1830 3090 in
1863 3034 2194 3091 dioecesibus

616 3126 1000 3194 Alexandrini,
1041 3127 1410 3194 Antiocheni,
1444 3125 1705 3196 Ephesini
1733 3165 1748 3193 ,
1805 3126 2195 3192 Caesarienses,

619 3219 1020 3284 lleraclienses,
1055 3219 1276 3288 quando
1307 3217 1518 3272 nullum
1545 3218 1830 3288 imperium
1849 3233 2014 3289 supra
2035 3234 2198 3274 exar-

617 3311 836 3365 chicum
869 3309 1050 3378 majus
1086 3327 1099 3362 :
1137 3323 1318 3379 neque
1352 3309 1573 3364 tandem
1597 3308 1875 3379 subjectos
1922 3325 2044 3373 sese
2083 3309 2197 3366 Ro—

619 3416 784 3457 mano
818 3387 1142 3470 patriarchae
1173 3415 1416 3466 sensere,
1445 3401 1552 3456 nisi
1579 3415 1644 3454 ex
1676 3401 1998 3456 auctoritate
2024 3401 2197 3458 Justi-

619 3491 817 3546 nianil
855 3491 1024 3560 Αυε.1
1059 3491 1160 3561 qui-
1205 3490 1474 3546 novellam
1528 3489 1701 3545 edidit
1749 3491 2196 3548 constitutionem

622 3582 728 3636 125
749 3621 765 3647 ,
820 3599 926 3652 qua
959 3580 1220 3636 Romanae
1252 3581 1600 3652 patriarchia:
1625 3582 1752 3652 jura
1803 3583 1862 3636 in
1911 3585 2198 3639 universas

619 3671 934 3726 Occidentis
965 3670 1244 3726 Ecclesias
1273 3711 1288 3735 ,
1342 3671 1397 3724 in
1428 3685 1660 3740 quarum
1695 3686 1918 3726 censum
1957 3673 2196 3740 reposita

618 3761 912 3828 Africana,
943 3761 1138 3816 dill‘usa
1161 3803 1176 3829 ,
1212 3762 1674 3831 quemadmodum
1708 3778 1806 3833 par
1839 3763 2006 3817 fatum
2037 3772 2198 3818 antea

623 3853 858 3908 tulerant
897 3852 1096 3919 Miana,
1123 3851 1366 3916 Pontica,
1385 3853 1648 3908 'l'hracica
1670 3853 1931 3921 Ecclesia,
1963 3869 2196 3923 quarum

621 3943 843 3997 exarchi
903 3941 1515 4014 Constantinopolitano
1580 3945 1903 4014 patriarcha:
1954 3946 2197 4001 cervices

622 4033 934 4098 subdidere,
978 4035 1070 4105 qui
1109 4036 1350 4105 ipsorum
1384 4036 1507 4105 jura
1542 4037 1855 4105 adaptavit,
1893 4053 2016 4091 cum
2046 4039 2198 4108 prius

623 4139 809 4180 merus
831 4123 964 4180 foret
990 4125 1319 4196 sum-agatur
1336 4115 1628 4196 episcopus
1649 4126 1876 4196 Europae
1905 4129 2197 4197 provincia:

622 4215 1000 4284 nn-tropolitte,
1036 4216 1139 4270 hoc
1165 4226 1246 4269 est
1281 4215 1663 4272 Heracleensis
1695 4217 1933 4288 episcopi
1958 4257 1974 4282 ,
2000 4217 2092 4286 qui
2121 4217 2196 4273 si-

622 4307 738 4360 mul
766 4307 1034 4361 exarchus
1057 4305 1306 4361 Thraciae
1328 4307 1627 4386 diteceseos
1653 4323 1720 4363 ex
1749 4308 1984 4378 Europa,
2015 4307 2196 4362 Thra-

2288 1853 2474 1927 Magni
2504 1863 2754 1925 tempore
2783 1854 2984 1910 Siciliae
3008 1857 3290 1910 universa:
3327 1853 3621 1909 Eeclesias
3663 1850 3752 1904 uni
3785 1847 3870 1902 Bo-

2299 1960 2460 2000 mano
2513 1945 2836 2012 patriarchae
2887 1946 3354 2015 obtemperasse,
3411 1945 3567 2016 quod
3615 1957 3680 1996 cx
3724 1940 3866 2009 ipsius

2295 2037 2542 2105 epistolis
2607 2045 2840 2092 constat.
2907 2021 3072 2104 Atqui
3126 2034 3452 2106 Gregorius
3525 2029 3865 2102 pontiﬁcatum

2295 2127 2598 2180 maximum
2634 2128 2916 2197 ingressus
2945 2141 3092 2180 anno
3126 2125 3256 2192 590,
3295 2125 3374 2180 ab
3407 2121 3714 2180 Iustiniani
3749 2119 3864 2173 lex-

2297 2234 2454 2273 cessu
2483 2218 2574 2273 25.
2606 2218 2664 2273 Si
2695 2219 2861 2290 igitur
2879 2219 3179 2288 Gregorius
3216 2218 3646 2289 Agrigentinus-
3671 2212 3767 2268 sub
3787 2207 3865 2263 Ju-

2299 2311 2540 2366 Stiniano
2575 2313 2712 2382 Aug.
2741 2311 2897 2376 vixit,
2927 2323 2980 2366 et
3011 2326 3078 2366 eo
3107 2312 3344 2381 quidem
3409 2307 3721 2364 Justiniano
3774 2318 3862 2373 quo

2299 2418 2480 2456 rerum
2504 2403 3240 2472 Constantinopolitanarnm
3281 2402 3527 2456 domino
3553 2397 3732 2453 Sicilia
3761 2408 3861 2463 par-

2300 2494 2394 2548 tim
2427 2494 3073 2562 ConstzntinOpolitano,
3109 2493 3324 2564 partim
3378 2491 3636 2546 Romano
3680 2484 3857 2542 subdita

2299 2585 2642 2654 patriarchae,
2669 2585 2714 2639 si
2745 2587 2850 2638 sub
2879 2583 3196 2640 Justiniano
3225 2583 3242 2637 l
3315 2583 3475 2638 nulla
3497 2579 3721 2638 omnino
3745 2574 3859 2630 Sici-

2299 2675 2386 2729 lire
2411 2675 2655 2729 Ecclesia
2685 2690 2714 2728 a
2747 2675 2981 2730 Romani
3025 2675 3314 2744 pontillcis
3351 2675 3486 2742 jure
3523 2669 3726 2734 avulsa,
3759 2665 3858 2734 quis

2299 2781 2408 2820 non
2455 2767 2744 2836 intelligat,
2789 2767 2954 2822 unius
2993 2765 3294 2822 Justiniani
3338 2765 3386 2820 ιι
3427 2763 3579 2819 aetati
3614 2759 3855 2815 vindican-

2299 2856 2476 2910 dum?
2507 2856 2667 2924 Quod
2697 2858 2903 2914 si-vero
2919 2855 3230 2912 Justiniano
3247 2857 3490 2926 llAug.,
3521 2863 3577 2909 et
3605 2854 3657 2906 in
3681 2847 3855 2909 Sicilia,

2299 2957 2354 3003 et
2389 2948 2442 3002 in
2474 2947 2856 3017 Langobardia
2889 2949 3320 3021 transtyberina,
3355 2955 3414 3004 et
3445 2945 3598 3009 alibi,
3627 2941 3856 2998 diminuta

2299 3037 2533 3093 Romani
2583 3040 2911 3108 patriarchae
2936 3039 3084 3108 jura,
3124 3053 3246 3110 quae
3281 3039 3396 3095 sibi
3431 3031 3857 3097 Constantinopo-

2306 3130 2514 3188 litanus
2547 3115 2837 3204 arrogarit,
2869 3134 3062 3204 quidni
3091 3149 3245 3204 aeque
3289 3132 3571 3188 fateamur
3613 3129 3744 3183 idem
3787 3121 3854 3176 la-

2297 3231 2446 3278 ctum
2467 3222 2520 3276 in
2541 3221 3020 3280 Thessalonici-nsi
3045 3233 3100 3279 et
3147 3223 3514 3280 Corinthiaca
3541 3217 3850 3291 potissimum

2296 3311 2552 3366 exarcbia
2584 3347 2598 3372 ,
2657 3311 2880 3380 quando
2923 3311 3187 3368 Ledntius
3235 3311 3590 3367 certissimus
3649 3301 3851 3370 scriptor

2304 3401 2466 3456 nobis
2517 3402 2740 3471 prodit,
2791 3402 3146 3464 Corinthium
3178 3403 3509 3473 episcopum
3553 3414 3584 3453 e
3613 3399 3848 3454 conventu

2297 3492 2470 3548 fuisse
2495 3493 3106 3566 Constantinopolitano
3135 3485 3528 3550 subCallinico
3551 3482 3846 3561 patriarcha.

2297 3597 2328 3636 a
2354 3599 2460 3651 quo
2496 3585 2656 3653 legati
2684 3584 2768 3638 sui
2802 3599 3028 3640 munere
3044 3583 3272 3639 Romam
3302 3585 3536 3648 missus,
3574 3588 3630 3632 ut
3655 3577 3717 3630 de
3735 3571 3848 3628 Gre'

2299 3675 2433 3743 gorii
2461 3677 2712 3738 crimine,
2749 3677 2909 3742 cujus
2941 3677 3322 3738 insimulatus,
3347 3666 3668 3744 iudicaret?

2370 3769 2612 3824 XXXVI.
2645 3770 2909 3833 Equidem
2942 3773 2987 3828 si
3015 3773 3222 3842 aliquid
3259 3771 3370 3827 hoc
3403 3769 3529 3824 loco
3555 3762 3842 3832 conjecturae

2297 3861 2558 3927 dandum,
2585 3877 2694 3915 non
2724 3863 2867 3918 male
2893 3861 3147 3928 dixerim,
3180 3861 3551 3918 defectionem
3589 3854 3724 3909 illam
3753 3844 3836 3900 Ec-

2296 3952 2590 4008 clesiarum
2639 3951 2880 4023 Illyrici,
2934 3952 3189 4018 Achaiae,
3237 3951 3468 4017 Sicilire,
3504 3942 3751 4002 Calabriae
3782 3931 3836 3987 ad

2295 4040 2968 4120 Constantinopolitanum
3023 4043 3395 4113 patrial-citam
3426 4081 3442 4104 ,
3507 4038 3697 4092 factam
3751 4023 3834 4120 sttit

2298 4131 2555 4186 llcraclio
2587 4116 2888 4188 Constante
2915 4131 2960 4185 ll
2981 4172 2996 4198 ,
3041 4143 3098 4188 et
3130 4132 3338 4204 Pyrrho
3371 4116 3832 4204 Constantinopolif

2299 4231 2424 4277 lano
2444 4222 2726 4292 episcopo,
2743 4203 3227 4280 Monothelitarum
3252 4222 3536 4294 signifero,
3550 4215 3696 4285 cujus
3709 4203 3826 4280 (Ιιιοίί

2297 4312 2514 4366 ἔκθεσιν
2568 4323 2622 4367 et
2651 4312 2818 4367 τύπον
2849 4314 3331 4371 anathematismis
3378 4311 3678 4370 devovisset
3708 4299 3825 4355 Har-

619 4397 729 4460 cia,
770 4397 1146 4460 lla-mitnonte,
1174 4397 1458 4466 Rhodope,
1488 4396 1672 4452 Mtesia
1706 4398 1770 4460 ll,
1803 4398 2026 4470 Scythia
2052 4387 2192 4468 'pro-
2220 4418 2265 4474 ι)
2300 4403 2446 4457 tinus
2475 4417 2634 4472 papa,
2668 4418 2812 4457 anno
2857 4403 2994 4471 649,
3053 4405 3107 4459 in
3163 4405 3373 4460 Naxum
3421 4400 3648 4458 insulam
3681 4390 3822 4462 primo

621 4483 819 4540 vinciis
844 4492 1139 4553 compacta:
1161 4523 1176 4549 ,
1207 4499 1383 4553 eoque
1415 4487 1634 4540 nomine
1681 4487 1768 4556 jus
1799 4485 2190 4542 Constantino-

623 4576 924 4646 politanum
957 4576 1321 4644 patriarcham
1363 4575 1650 4631 ordinandi
1695 4587 1958 4648 perpetuo
1993 4581 2195 4634 mansit

622 4664 679 4718 in
712 4661 1062 4718 Heracleensi
1097 4663 1390 4733 episcopo,
1445 4663 1536 4732 qui
1586 4662 1814 4719 honoris
1855 4681 1984 4736 ergo
2011 4665 2193 4720 dictus

623 4753 885 4824 προέδρος
911 4752 1020 4805 τῶν
1041 4752 1379 4822 ὑπερτίμων.
1410 4754 1589 4818 Quare
1623 4755 2010 4810 concludimus
2049 4771 2192 4810 anno

622 4843 729 4899 (558
755 4842 972 4898 Cretam
1006 4841 1365 4912 provinciam,
1395 4859 1518 4914 quae
1554 4859 1660 4899 una
1691 4860 1754 4900 ex
1809 4844 1842 4898 6
1893 4846 2035 4901 unde
2059 4860 2193 4900 con-

621 4934 748 4992 ﬂata
781 4931 1286 4986 Thessalonicensis
1315 4933 1592 4998 exarchia,
1631 4935 1950 4990 distractam
2000 4952 2029 4991 a
2082 4936 2193 4992 llo-

624 5025 772 5081 mani
807 5022 1132 5094 patriarchae
1159 5021 1545 5092 jurisdictione
1567 5063 1582 5090 ,
1632 5040 1808 5096 eoque
1839 5029 2086 5098 exemplo
2111 5029 2193 5082 di-

625 5119 813 5173 vinare
839 5130 1156 5186 possumus,
1195 5130 1261 5169 an
1287 5131 1436 5186 aeque
1465 5125 1578 5170 tum
1609 5119 1868 5187 temporis
1897 5119 2193 5176 defecerint

623 5207 1230 5277 ConstantinOpolitano
1263 5207 1584 5276 patriarchae
1628 5211 1923 5279 provincia:
1971 5213 2190 5282 reliqua:

626 5305 809 5369 cjusce
835 5301 1128 5360 exarcbiae.
1149 5297 1264 5356 hoc
1307 5311 1390 5358 est
1436 5299 1748 5356 Macedonia
1781 5303 1824 5363 Ι.
1881 5303 2187 5370 Thessalia,

623 5391 822 5463 Epirus
851 5404 1029 5459 vetus,
1068 5393 1265 5465 Epirus
1297 5408 1452 5457 nova,
1481 5403 1535 5446 et
1566 5391 1892 5449 Macedonia:
1931 5397 2188 5451 salutaris

623 5499 773 5556 pars,
819 5492 934 5540 tum
966 5485 1100 5540 adeo
1130 5485 1330 5539 Achaia
1355 5523 1370 5548 ,
1407 5497 1527 5552 qua
1559 5488 1832 5553 quondam
1861 5500 1988 5554 pars
2017 5485 2188 5540 Thes-

624 5577 986 5634 salonicensis
1006 5619 1021 5644 ,
1076 5579 1189 5632 sive
1219 5577 1532 5648 lllyricianm
1564 5575 1904 5644 dimccseos;
1959 5579 2189 5634 subinde

625 5680 754 5724 vero
787 5669 1079 5739 singularis
1114 5667 1286 5722 audiit
1318 5665 1567 5720 evarchia
1595 5706 1609 5730 ,
1672 5666 1758 5721 cui
1807 5677 2035 5736 pra-crat
2073 5670 2182 5724 Co-

2297 4501 2610 4562 asportatus
2637 4489 2661 4558 ,‘
2705 4494 2830 4549 inde
2881 4494 3420 4565 Constantinopolim
3449 4535 3466 4560 ,
3517 4489 3605 4546 ubi
3639 4477 3818 4565 injuriis

2293 4583 2553 4638 omnibus
2582 4583 2896 4640 cumulatus
2930 4585 2984 4639 in
3017 4563 3427 4641 Chersonesum
3463 4579 3664 4636 tandem
3693 4563 3816 4660 exsili

2293 4670 2526 4725 mittitur
2551 4709 2565 4736 ,
2613 4671 2696 4726 sic
2738 4671 3034 4728 Constante
3064 4673 3203 4743 Aug.
3231 4673 3490 4742 jubentc,
3542 4664 3628 4736 qui
3660 4652 3812 4728 Pyrrhi

2291 4771 2476 4829 partes
2522 4761 2886 4831 hatresimque
2951 4763 3228 4820 tuebatur.
3262 4763 3394 4818 Tam
3441 4745 3814 4817 scelesteisiwr

2292 4853 2521 4908 animati
2549 4869 2675 4908 cum
2715 4853 2948 4909 fuissent
2983 4855 3037 4908 in
3076 4854 3368 4911 Martinum
3393 4866 3516 4910 cum
3550 4849 3670 4914 imP-
3701 4836 3811 4892 θ⁰¹¹⁴

2290 4955 2463 5011 stans,
2490 4954 2604 4999 tum
2637 4947 2877 5017 Pyrrhus
2915 4948 3220 5016 patriarcha
3241 4988 3256 5015 ,
3295 4945 3480 5020 quidni
3513 4941 3577 4996 ad
3592 4938 3806 5020 caeteris:

2291 5035 2492 5121 quibus
2524 5037 2612 5091 ille
2643 5012 2866 5094 allectus
2891 5012 2929 5105 ,“
2965 5039 3196 5108 injurias
3224 5012 3353 5095 illu'd
3413 5024 3712 5121 accesserit.
3735 5012 3804 5121 fil

2289 5113 2650 5183 defectionem
2685 5131 2955 5186 excitatas
2988 5129 3189 5186 Siciliae
3215 5171 3231 5198 ,
3283 5128 3573 5189 Calabriae,
3603 5113 3803 5174 Δοὶιιίεο

2290 5217 2600 5288 lllyricique
2629 5218 2947 5277 Ecclesiae?
2991 5221 3136 5278 Ecce
3163 5223 3424 5278 Martinus
3465 5221 3570 5289 ipse
3593 5198 3799 5302 P°5_‘_‘1"

2292 5287 2534 5362 mnatam
2564 5311 2830 5378 ecthesin,
2863 5322 2911 5366 et
2943 5321 3130 5382 typum
3155 5314 3371 5385 Pyrrhi,
3397 5287 3641 5366 Joannem
3661 5287 3802 5350 Phila-

2289 5398 2519 5468 delphia:
2544 5402 2859 5472 episcopum
2895 5403 3162 5461 vicarium
3211 5421 3370 5461 suum
3423 5403 3474 5457 in
3505 5395 3698 5453 Oriente
3733 5390 3796 5434 η’

2290 5491 2524 5556 nuntiat,
2569 5494 2703 5562 quid
2738 5494 2841 5548 hoc
2872 5504 2988 5561 est,
3048 5497 3154 5551 nisi
3182 5490 3626 5553 evidentissimum
3672 5481 3798 5540 Μεθ’

2289 5590 2553 5646 mentum,
2583 5582 2878 5640 descivisse
2906 5587 2975 5640 ab
3005 5601 3096 5651 eo,
3130 5598 3182 5642 ct
3215 5564 3790 5643 ThcssaloniceuscMel

2289 5669 2629 5728 Corinthium
2663 5677 2928 5732 exarchas
2953 5717 2968 5743 ,
3023 5679 3220 5748 quibus
3269 5686 3516 5750 perpetuo
3555 5657 3787 5735 ittjunctut
