4038 6274
240 319 384 382 1921

1553 294 1560 302 “
1641 321 2169 385 ΒΙδΒΕΒΤΑΤΙΟ.

3380 315 3518 382 1222

240 435 490 490 Romani
527 433 848 504 patriarchae
887 431 944 490 in
966 432 1536 498 Oricutc'vicarialus,
1584 433 1831 502 adeoque
1861 443 1904 498 Α
1933 432 2124 484 damus
2155 443 2249 498 pro
2285 428 2544 489 omnibus,
2582 442 2697 494 qua!
2727 425 2875 480 nobis
2925 425 3058 480 Deus
3084 436 3248 496 perte
3283 429 3466 485 tribuit
3491 435 3517 485 .’

237 525 477 579 dubiam
505 536 696 579 eorum
728 523 1140 595 episcoporum,
1169 523 1260 594 qui
1305 523 1374 578 iis
1395 531 1672 593 parerent,
1704 521 1830 591 qui-

235 630 365 685 que
395 615 574 669 adhuc
609 623 794 684 aperte
835 629 944 669 non
997 616 1379 679 rebellassent,
1421 614 1582 668 tidem
1636 611 1831 680 fuisse,

243 715 314 761 ut
344 706 398 761 id
441 705 659 761 tandem
709 720 909 761 munus
943 706 1382 762 demandandum
1415 704 1582 760 fuerit
1618 704 1834 774 provin-

223 797 358 852 -ciae
385 795 648 867 episcopo
677 806 834 854 extra
865 813 960 854 eas
986 799 1272 853 esarcbias
1304 799 1515 868 posito;
1545 805 1662 850 erat
1685 795 1831 850 enim

229 885 648 956 Philadelphia
679 889 973 959 episcopus
999 904 1030 944 e
1059 891 1271 961 synodo
1301 888 1486 960 Lydia:
1511 889 1828 956 provinciae,

235 989 380 1044 qua:
430 974 1054 1046 Constantinopolitanae
1102 977 1446 1046 patriarchia:
1495 977 1832 1032 contributa.

244 1067 384 1122 Haec
409 1083 534 1150 cum
569 1068 644 1122 ita
686 1069 820 1131 sint,
847 1069 1062 1123 desinat
1084 1068 1382 1124 Caietanus
1424 1067 1604 1124 dicam
1653 1067 1834 1122 dicere

241 1159 506 1227 Leontio,
537 1160 681 1230 quod
717 1159 940 1214 anxium
993 1161 1163 1216 animi
1197 1159 1544 1225 Pontiﬁcem,
1591 1159 1720 1232 quid
1751 1175 1834 1214 rc-

245 1267 379 1305 rum
413 1259 647 1320 gereret,
691 1251 769 1304 uti
805 1249 1100 1307 manifesta
1134 1253 1236 1306 sibi
1268 1252 1422 1307 ﬁeret
1458 1249 1705 1321 Gregorii
1759 1253 1834 1305 in-

243 1343 508 1397 nocentia
533 1361 548 1410 ;
586 1343 700 1397 haec
733 1343 1079 1398 consuluisse
1103 1343 1252 1397 dicat
1280 1343 1531 1397 Marcum
1559 1343 1830 1405 abbatem,

241 1433 348 1502 qui
381 1432 656 1502 quondam
705 1431 1078 1505 Hierosolyma
1123 1433 1448 1504 Gregorium
1493 1432 1828 1502 deduxerat;

247 1524 400 1578 Audi
433 1539 512 1577 me
535 1565 550 1590 ,
605 1525 849 1588 domine,
909 1526 1085 1595 tuique
1113 1525 1249 1579 servi
1295 1525 1570 1578 consilium
1605 1526 1781 1593 arcipe
1811 1539 1832 1578 :

245 1630 420 1683 neque
445 1615 583 1668 enim
611 1615 677 1670 de
710 1616 919 1670 nomine
949 1632 1041 1670 nos
1070 1617 1209 1686 ferre
1237 1615 1504 1686 judicium
1529 1629 1826 1682 possumus,

247 1706 365 1760 nisi
401 1703 779 1776 archiepisc‘opi
807 1705 1386 1774 Constantinopolitani
1411 1746 1426 1772 ,
1456 1706 1682 1774 itemque
1701 1704 1832 1772 piis-

1936 527 2012 576 Ac
2042 521 2182 576 nosti
2215 521 2326 588 jam
2357 519 2638 573 dimidiam
2670 528 2869 574 nostra:
2899 518 3044 572 urbis
3073 531 3275 588 partem
3305 560 3322 586 ,
3363 523 3520 576 item-

1935 629 2034 682 que
2062 613 2427 682 episcopatum
2482 620 2668 666 sancto
2726 627 2788 664 ac
2837 610 3067 680 principi
3112 612 3388 680 apostolo,
3432 615 3524 683 qui

1935 703 2019 756 hic
2049 712 2148 768 est,
2173 703 2490 770 subiacere?
2523 701 2646 756 Rem
2678 718 2899 773 prorsus
2932 703 3008 755 ita
3061 701 3249 757 habere
3294 705 3522 773 affirmat

1937 784 2240 864 Gregorius.
2269 793 2336 846 At
2366 793 2628 863 pontifex,
2661 793 2866 847 Mecum
2897 794 3008 862 ipse
3053 794 3218 846 statui
3234 793 3375 862 jam,
3403 809 3524 862 qua

1935 884 2221 956 peculiaris
2250 883 2396 937 nobis
2439 892 2539 948 est,
2581 883 2807 936 mediam
2853 884 3000 936 urbis
3029 895 3226 937 nostra:
3251 895 3457 952 partem
3487 902 3522 939 a

1935 985 2140 1038 sancto,
2169 975 2371 1036 diuino,
2399 975 2817 1044 sempiternaque
2834 975 2994 1028 laude
3022 974 3181 1043 digno
3204 976 3524 1044 imperatore

1937 1078 2118 1122 nostro
2155 1065 2508 1122 Constantino
2563 1067 2920 1135 apostolorum
2969 1067 3200 1134 principi
3242 1069 3516 1128 donatam,

1933 1173 2026 1228 per
2059 1167 2106 1212 te
2139 1172 2278 1210 nunc
2314 1155 2442 1214 Deo.
2470 1155 2764 1224 temploque
2805 1155 2894 1208 abs
2928 1165 2976 1208 te
3016 1154 3334 1223 wdiﬁcando
3359 1157 3518 1208 attri-

1934 1251 2088 1304 buere
2114 1288 2129 1304 .
2159 1289 2173 1302 .
2201 1289 2217 1304 .
2261 1248 2384 1302 inde
2411 1247 2657 1301 advocati
2683 1263 2714 1298 a
2744 1246 2996 1315 pontifice
3031 1245 3284 1300 Ecclesiae
3315 1247 3515 1308 dilecti,

1933 1345 2290 1413 primoresque
2317 1339 2464 1393 urbis
2489 1379 2504 1402 ,
2566 1355 2786 1408 cumque
2818 1339 3176 1402 assedissent,
3233 1354 3340 1391 una
3396 1355 3517 1392 cum

1932 1435 2176 1504 ponti/ire
2204 1433 2456 1500 scripsere
2493 1431 2710 1490 librum.
2753 1446 2906 1500 quem
2941 1447 2973 1482 a
3008 1431 3195 1500 synodi
3231 1431 3515 1500 episcopis,

1934 1534 2220 1596 cunctaque
2237 1523 2480 1580 Ecclesia
2501 1523 2835 1592 obsignatum
2859 1521 3010 1575 beato
3035 1521 3284 1592 Gregorio
3303 1523 3512 1577 dedere.

1935 1619 2035 1674 Hic
2059 1620 2356 1673 Caictanus
2383 1617 2624 1670 vitiatam
2661 1615 2947 1669 lectionem
2983 1616 3234 1679 incusat;
3269 1630 3374 1668 non
3410 1630 3516 1684 pu-

1935 1720 2050 1776 tat,
2104 1725 2213 1764 non
2253 1710 2456 1780 patitur
2489 1705 2802 1777 pontiﬁcem
2853 1713 2962 1759 tam
3021 1706 3170 1774 large
3212 1705 3510 1760 liberalem.

245 1797 381 1850 simi
414 1796 574 1867 317
607 1798 941 1874 imperatoris
979 1798 1254 1851 accedente
1280 1796 1502 1852 consilio
1528 1837 1542 1850 .
1564 1834 1580 1848 .
1607 1834 1619 1848 .
1644 1835 1658 1849 .
1695 1793 1834 1848 l’ro-
1864 1787 1908 1841 Β
1935 1802 2096 1857 Audit
2137 1801 2555 1871 Metaphrastem
2593 1811 2716 1851 cum
2765 1795 2991 1849 Leontio
3033 1797 3359 1860 convenire;
3413 1811 3514 1850 nec

247 1889 416 1942 batur
451 1887 691 1956 pontiﬁci
711 1886 1014 1950 consilium,
1038 1903 1200 1957 quare
1217 1887 1426 1942 litteras
1451 1887 1521 1940 ad
1535 1887 1832 1956 piissimum

238 1981 628 2046 imperatorem
657 1987 896 2032 nostrum
923 1975 1310 2040 Iustinianum,
1341 1978 1833 2047 sanctissimumque

239 2068 704 2138 archiepiscopum
735 2067 1376 2137 Constantinopolitanum
1416 2077 1662 2121 accurate
1698 2069 1832 2122 scri-

241 2159 352 2224 bit,
384 2159 744 2229 advocatisque
772 2163 903 2213 duos
929 2160 1218 2230 episcopos,
1244 2161 1335 2228 qui
1356 2175 1474 2213 cum
1503 2168 1682 2214 sancto
1709 2157 1834 2214 Gre-

247 2251 403 2322 gorio
427 2253 479 2304 in
516 2251 738 2304 concilio
795 2251 891 2320 (Ι).
936 2265 986 2305 e.
1017 2250 1662 2322 ConstantinOpolitanb)
1723 2265 1830 2302 una

249 2342 489 2414 fuerant,
519 2344 664 2396 datis
713 2357 828 2411 qua:
855 2342 926 2395 ad
953 2343 1053 2396 iter
1095 2342 1214 2396 usui
1241 2342 1473 2412 fuerant,
1521 2340 1828 2396 Constanti-

249 2433 484 2502 nopolim
511 2433 756 2488 dimittit.
785 2433 902 2488 Non
923 2435 1037 2489 hate
1055 2436 1308 2489 concoxit
1323 2435 1652 2502 Caietauus;
1685 2435 1828 2500 Quid

246 2526 394 2579 enim
439 2525 696 2597 (inquit)
757 2523 994 2580 Romano
1043 2527 1285 2596 pontiﬁci
1339 2542 1458 2578 cum
1513 2526 1828 2594 imperatore

249 2613 489 2670 Orientis
527 2627 578 2670 et
641 2618 946 2687 patriarcha
980 2616 1587 2686 Constantinopolitano,
1643 2619 1696 2670 in
1735 2618 1824 2683 iis,

249 2722 370 2776 quoe
384 2707 455 2760 ad
473 2707 680 2777 judicia
701 2717 1019 2776 spectarent,
1044 2724 1162 2761 cum
1187 2709 1460 2777 episcopis.
1489 2716 1539 2761 et
1567 2707 1826 2776 praecipue

249 2799 364 2851 sedi
397 2797 642 2854 Romana:
678 2799 944 2869 subjectis,
991 2798 1171 2868 quales
1201 2799 1363 2868 fuisse
1390 2800 1656 2868 episcopos
1683 2797 1822 2851 Sici-

249 2888 342 2944 lire
363 2904 562 2942 certum
590 2899 667 2943 est
690 2906 748 2943 eo
781 2892 1054 2958 tempore?
1083 2889 1245 2960 Atqui
1276 2890 1420 2959 quod
1449 2899 1655 2944 certum
1681 2904 1821 2958 prte-

251 2977 396 3032 dicat
433 2977 748 3044 Caictanus,
800 2977 902 3032 hoc
939 2979 1116 3047 ipsum
1147 2985 1232 3033 est
1283 2977 1430 3047 quod
1469 2977 1629 3048 plane
1657 2991 1813 3048 nega-

251 3082 398 3129 mus,
421 3068 464 3122 si
483 3068 701 3137 quidem
719 3068 787 3123 ad
807 3066 1098 3122 Justiniani
1114 3067 1155 3122 ll
1175 3081 1414 3138 tempora
1437 3067 1816 3138 respiciamus.

251 3158 408 3213 Tunc
445 3159 722 3214 enimvero
761 3159 944 3214 omnis
1001 3159 1170 3213 l'erme
1210 3158 1516 3215 Siculorum
1577 3159 1821 3216 Ecclesia

252 3250 840 3317 (Ionstautinopolitani
867 3251 1109 3320 episc0pi
1156 3251 1464 3306 auctoritati
1492 3251 1820 3320 obsequens,

253 3340 482 3409 licetque
497 3339 846 3410 Agrigen’tina
867 3341 1138 3412 Romanas
1155 3341 1332 3396 adhuc
1351 3351 1534 3412 partes
1558 3349 1821 3407 tueretur,

255 3440 432 3484 tamen
472 3431 744 3485 nescimus
773 3446 895 3500 quae
936 3431 1140 3486 lmdera
1167 3434 1234 3487 ab
1258 3441 1491 3502 utroque
1517 3433 1822 3502 patriarcha

257 3533 464 3580 sancta.
484 3523 627 3576 unde
644 3521 849 3589 jurium
873 3521 1008 3577 lines
1035 3522 1450 3591 circumscripti.
1483 3521 1665 3592 Neque
1693 3523 1824 3576 illud

258 3626 470 3675 verum,
499 3613 644 3680 quod
675 3619 952 3680 tantopere
980 3619 1273 3681 exaggerat
1303 3611 1599 3667 Caietanus
1626 3613 1678 3666 in
1710 3612 1826 3680 epi-

258 3715 549 3768 scoporum
590 3700 810 3770 judiciis
861 3701 996 3756 nihil
1043 3700 1462 3770 imperatoribus
1518 3701 1821 3756 tributum:

261 3791 370 3844 imo
395 3803 522 3844 vero
550 3791 775 3844 nimium
809 3799 1075 3860 quantum
1100 3792 1170 3847 iis
1193 3792 1477 3856 tributum,
1509 3801 1565 3845 ut
1589 3791 1820 3856 licuerit,

253 3892 309 3936 et
343 3881 628 3952 episcopos
657 3881 936 3953 delegare,
965 3882 1058 3952 qui
1087 3897 1280 3938 causas
1303 3884 1722 3954 «ignoscerent,
1772 3889 1827 3936 et

257 3973 584 4042 appellantes
613 3971 821 4038 audire,
855 3972 1031 4042 iisque
1051 3973 1355 4028 consulere.
1391 3971 1485 4042 (V.
1510 3973 1707 4028 Euseb.
1752 3971 1820 4028 E.

195 4071 206 4082 ·
263 4059 333 4113 ll.
365 4060 460 4115 lib.
504 4077 557 4126 ι,
587 4077 708 4130 cap.
737 4061 800 4124 5;
835 4060 1072 4116 Marcam
1094 4101 1110 4126 ,
1167 4061 1245 4116 De
1275 4078 1420 4117 conc.
1459 4079 1568 4117 sac.
1607 4073 1655 4116 et
1691 4063 1820 4132 imp.

263 4151 350 4206 lib.
385 4167 481 4214 vn,
510 4166 632 4222 cap.
689 4151 769 4222 9.)
818 4150 1010 4206 Nonne
1045 4152 1150 4208 hoc
1187 4152 1342 4218 satis,
1369 4160 1426 4206 nt
1454 4153 1674 4208 cordate
1703 4169 1824 4209 sese

262 4244 492 4312 gessisse
538 4244 778 4299 Marcum
814 4244 1064 4298 abbatem
1114 4257 1236 4299 cum
1285 4241 1532 4299 Romano
1571 4244 1822 4315 pontiﬁce

261 4335 520 4397 dicamus,
539 4335 628 4403 qui
661 4344 855 4388 auctor
886 4349 996 4388 rem
1025 4331 1301 4390 deferendi
1323 4335 1389 4391 ad
1417 4337 1818 4406 imperatorem,

1934 1893 2154 1948 duobus
2184 1900 2364 1946 tamen
2400 1889 2626 1946 testibus
2653 1905 2816 1958 penes
2855 1889 3004 1942 illum
3042 1887 3196 1944 ﬁdes.
3229 1887 3291 1942 Et
3309 1899 3512 1951 tamen,

1937 1993 2166 2052 excepta
2193 1981 2526 2050 suscipione,
2562 1979 2746 2033 nullus
2787 1979 2862 2032 illi
2891 1977 3075 2044 ensis,
3109 1993 3218 2048 quo
3259 1979 3509 2032 testimo-

1932 2071 2098 2128 nium'
2118 2071 2348 2142 jugulet.
2385 2072 2620 2125 Tantum
2650 2069 2918 2132 concedit,
2959 2069 3291 2136 elargitama
3325 2069 3510 2138 ponti-

1933 2165 2034 2220 llce
2064 2165 2390 2234 praediorum
2421 2171 2652 2232 partem,
2697 2174 2934 2230 quorum
2989 2159 3230 2212 [tornana
3270 2157 3511 2213 Ecclesia

1933 2259 1984 2312 iu
2013 2255 2198 2312 Sicilia
2233 2237 2520 2323 potiietur.
2551 2251 2734 2322 Neque
2765 2249 3036 2321 pontiﬁcis
3084 2251 3246 2304 modo
3275 2251 3512 2305 liberali-

1933 2357 2092 2402 tatem
2115 2354 2352 2411 coercet,
2383 2345 2478 2400 sed
2504 2344 2668 2399 etiam
2701 2343 3066 2412 imperatoris.
3122 2341 3257 2395 Cum
3303 2341 3508 2408 Grego-

1928 2437 2047 2492 rius
2077 2433 2247 2490 Roma
2281 2449 2402 2489 sese
2443 2428 2974 2501 Constantinopolim
3025 2429 3344 2484 contulisset
3369 2469 3385 2494 ,
3443 2444 3510 2481 ro

1928 2526 2308 2583 admirationis
2363 2524 2463 2578 fuit
2509 2522 2823 2577 Iustiniano
2852 2521 3027 2591 Ang.,
3065 2527 3123 2573 ut
3175 2534 3298 2572 cum
3342 2519 3507 2573 abeo

1929 2622 2176 2692 petiisset
2212 2621 2390 2675 locum
2423 2618 2526 2673 sibi
2560 2619 2614 2672 in
2658 2615 3012 2687 Agrigentina
3059 2614 3193 2669 urbe
3224 2613 3506 2678 tribueret,

1927 2713 2020 2768 ubi
2055 2726 2257 2766 novum
2285 2718 2508 2781 poneret
2533 2707 2840 2778 cpiscOpale
2891 2706 3150 2776 templum
3176 2743 3194 2772 ,
3258 2705 3506 2775 quando~

1924 2803 2142 2874 quidem
2169 2802 2310 2871 quod
2333 2806 2636 2869 supererat,
2661 2797 2960 2869 sacrilegiis
2993 2793 3502 2852 inecstaveratLen-

1922 2889 2041 2943 cius
2071 2888 2289 2957 quidam
2321 2885 2608 2940 iimreticus
2648 2885 2700 2938 in
2753 2883 3073 2939 Laodicensi
3115 2884 3328 2955 synodo
3371 2897 3502 2952 pro-

1922 2983 2182 3050 scriptus,
2216 2980 2331 3049 qui,
2361 2994 2418 3033 sc
2442 2977 2688 3043 absente,
2725 2976 3278 3046 pseudo-episcopum
3319 2987 3503 3044 gesse-

1924 3081 2011 3127 rat
2033 3087 2046 3124 :
2066 3069 2223 3134 Ecce,
2261 3068 2776 3138 inquit,imperator,
2795 3067 3076 3120 dimidiam
3104 3065 3246 3119 urbis
3271 3075 3498 3134 partem.

1923 3179 2040 3232 qum
2078 3163 2168 3231 pia
2208 3159 2381 3230 subest
2408 3159 2628 3228 imperio
2655 3167 2870 3221 nostro,
2919 3173 3011 3228 per
3043 3167 3091 3210 te
3136 3156 3244 3210 Deo
3287 3157 3500 3221 damus,

1924 3256 2284 3324 dicamusque,
2314 3251 2396 3305 uti
2442 3251 2606 3305 cedem
2637 3249 2746 3305 Deo
2793 3250 3026 3320 ﬁdelem,
3057 3250 3498 3320 episcopiumque.

1922 3344 2106 3398 ubiubi
2143 3345 2382 3409 libuerit,
2431 3345 2718 3399 instaures.
2779 3341 2908 3396 Inde
2964 3341 3173 3396 decerni
3214 3342 3504 3411 donarique

1925 3435 2178 3507 Gregorio
2218 3435 2392 3488 locum
2431 3434 2728 3503 multasque
2775 3436 3128 3502 possessiones
3175 3433 3346 3503 jubet.
3379 3431 3498 3488 Non

1926 3525 2040 3578 lucc
2071 3523 2329 3577 historica
2362 3521 2468 3576 title
2494 3523 2697 3592 scripta
2724 3521 3236 3589 censetCaietanus,
3255 3523 3346 3578 sed
3373 3537 3501 3576 ora-

1925 3615 2084 3677 torie,
2126 3614 2228 3666 hoc
2259 3621 2344 3668 est
2377 3613 2779 3683 ὑπερϐολικῶς.
2811 3611 2921 3668 Nos
2957 3621 3170 3673 contra,
3199 3627 3320 3666 cum
3351 3614 3500 3666 nullo

1924 3705 2206 3758 videamus
2231 3688 2406 3757 fulcro
2429 3703 2634 3757 ﬁrmari
2661 3702 2904 3758 Caietani
2935 3703 3328 3772 suspicionem,
3362 3718 3498 3766 rem,

1926 3802 1985 3848 ut
2011 3795 2169 3862 plane
2199 3801 2382 3856 sonat,
2426 3793 2870 3864 interpretamur.
2897 3791 3000 3848 Sed
3025 3795 3168 3862 quod
3204 3793 3256 3847 in
3274 3808 3498 3850 causam

1924 3885 2092 3951 venit,
2128 3884 2556 3942 consideremus.

1994 3974 2286 4030 XXXVlll.
2329 3976 2418 4029 Ait
2442 3975 2606 4046 igitur
2629 3973 2851 4045 Sergius
2866 3976 3107 4046 pontifex
3130 3978 3274 4034 dono
3291 3980 3360 4035 ab
3377 3995 3500 4036 sese

1923 4065 2115 4119 donari
2149 4064 2470 4136 Gregorium
2498 4079 2564 4118 ex
2594 4063 2878 4118 dimidiata
2905 4063 3078 4119 Roma
3104 4106 3119 4130 ,
3145 4081 3267 4136 quae
3291 4081 3323 4120 a
3361 4067 3500 4123 Gon-

1923 4156 2166 4212 stantino
2224 4154 2470 4224 Augusto
2526 4153 2898 4224 apostolorum
2964 4154 3196 4225 principi
3248 4156 3498 4225 elargita,

1924 4248 2156 4302 mediam
2187 4254 2419 4317 partem.
2459 4245 2564 4301 Sed
2604 4246 2749 4316 quis,
2782 4260 2903 4312 oro,
2952 4247 3055 4302 iste
3079 4246 3498 4314 Constantinus,

1921 4339 2014 4410 qui
2041 4339 2242 4394 donum
2277 4337 2406 4392 illud
2435 4337 2677 4393 obtulit?
2701 4335 2954 4408 Nunquid
2985 4335 3213 4408 Magnus
3239 4338 3328 4394 ille
3351 4377 3366 4402 ,
3405 4341 3500 4410 qui

261 4424 492 4494 quando,
525 4424 688 4480 modo
709 4425 905 4494 volupe
933 4425 1007 4478 illi
1045 4423 1228 4490 fuerit,
1257 4425 1573 4496 episcopum
1603 4435 1817 4497 poterat
1848 4447 1894 4503 ι)
1919 4430 2234 4486 Christiano
2282 4429 2482 4500 populo
2537 4429 2686 4500 pacis
2752 4438 2960 4484 astrum
3013 4427 3258 4484 aliulsit?
3315 4430 3504 4500 Longe

261 4515 507 4585 deligere,
538 4516 630 4586 qui
654 4515 916 4586 Gregorio
929 4515 1019 4584 jus
1034 4515 1254 4581 diceret,
1278 4517 1408 4586 quin
1443 4533 1508 4571 eo
1533 4517 1586 4571 in
1610 4518 1815 4586 judicio

264 4606 338 4660 vel
384 4605 668 4660 minimum
713 4605 816 4660 sibi
869 4612 1148 4676 arrogaret
1195 4603 1477 4664 Romanus
1533 4607 1817 4678 pontifex?

261 4697 592 4765 Quapropter
612 4695 787 4750 videat
811 4697 1125 4761 Caietanus,
1158 4712 1336 4767 ecquo
1353 4698 1476 4768 jure
1505 4707 1815 4769 suspectam

263 4789 545 4843 venditarit
603 4787 813 4844 Leontii
869 4792 1236 4846 narrationem
1268 4832 1282 4852 .
1337 4806 1500 4862 quam
1540 4791 1814 4846 crambem

262 4883 517 4948 recoquit,
559 4883 773 4951 quoties
805 4896 894 4936 res
921 4883 975 4935 in
1013 4883 1342 4938 sententiam
1377 4899 1529 4938 suam
1570 4899 1678 4938 non
1727 4897 1817 4938 ce-

263 4973 405 5025 dunt.
451 4971 640 5026 Utrum
671 4972 774 5028 hoc
803 4973 1160 5043 probandum,
1181 4975 1422 5045 judicent
1459 4975 1697 5031 subacta:
1721 4973 1817 5029 do-

263 5061 440 5117 ctrinae
463 5063 640 5133 capita
675 5081 690 5117 :
721 5079 822 5134 ego
852 5064 1032 5135 magni
1054 5065 1156 5120 viri
1183 5066 1436 5121 manibus
1463 5075 1665 5121 aeterno
1697 5074 1842 5122 stu-.

264 5155 342 5208 dio
371 5154 636 5218 addictus,
661 5171 783 5224 quae
819 5171 849 5209 e
886 5172 942 5211 re
979 5173 1096 5212 mea
1131 5165 1280 5222 sunt,
1308 5173 1599 5228 exsequar.

324 5243 586 5300 XXXVII.
619 5245 911 5316 Postquam
943 5259 1050 5302 tam
1084 5249 1255 5302 multa
1282 5249 1512 5304 dixerim
1538 5250 1818 5305 vindican—

265 5335 336 5388 dae
370 5334 620 5404 Gregorii
663 5337 848 5402 aetati,
904 5338 1032 5408 quid
1069 5339 1248 5393 adhuc
1303 5348 1590 5409 superest,
1626 5340 1730 5395 nisi
1761 5349 1818 5395 ut

265 5425 570 5480 mantissam
597 5426 744 5492 dem,
768 5443 878 5498 quo
917 5437 1127 5482 tantum
1156 5427 1428 5498 negotium
1458 5429 1821 5485 conﬁciatur?

268 5517 366 5585 Age
395 5531 522 5570 vero
551 5517 774 5589 Sergius
802 5519 1041 5588 pontifex
1068 5559 1082 5584 ,
1133 5530 1412 5591 perspecta
1441 5519 1690 5591 Gregorii
1737 5521 1821 5575 in-

271 5606 522 5668 roccntia,
544 5607 818 5678 simulque
835 5611 1116 5666 sanctitate
1137 5611 1505 5681 prodigiorum
1527 5611 1818 5675 ell'ectrice,

270 5696 405 5752 illum
437 5697 538 5753 sibi
563 5702 812 5766 accersit,
831 5689 883 5758 ei
904 5720 917 5757 :
939 5701 1111 5766 «Quid
1143 5702 1492 5774 tibi(inquit),
1508 5703 1606 5772 ﬁli,
1636 5717 1819 5771 repen-

1916 4519 2120 4575 abeunt
2178 4520 2281 4575 boc
2324 4519 2616 4575 indicando
2645 4517 2944 4574 Leontiana
2977 4522 3162 4574 verba.
3209 4515 3492 4591 Perpende

1919 4611 2035 4666 llaec
2058 4608 2255 4682 Sergii,
2287 4625 2412 4681 quae
2435 4609 2730 4680 protulisse
2756 4607 2915 4665 docet
2947 4609 3228 4675 Leontius,
3267 4611 3502 4680 impera-

1920 4710 2030 4755 tore
2067 4711 2244 4756 nostro
2275 4701 2625 4756 Constantino
2653 4742 2668 4767 ,
2725 4711 2836 4754 tum
2895 4701 3134 4766 videris,
3189 4702 3500 4760 donationis

1919 4801 2197 4846 auctorem
2222 4791 2644 4848 Constantinum
2667 4792 2904 4861 aliquem
2939 4791 3364 4862 praedicandum,
3387 4809 3504 4864 quo

1919 4882 2225 4950 imperante
2275 4889 2330 4936 et
2361 4882 2584 4952 Sergius
2649 4893 2704 4936 et
2773 4882 3069 4960 Gregorius
3101 4882 3373 4952 vixerint;
3403 4887 3499 4956 qui

1919 4972 2064 5027 enim
2095 4981 2330 5026 nostrum
2363 4973 2561 5028 dixerit
2603 4974 2971 5043 imperatorem
3021 4973 3248 5044 Sergius
3271 5015 3288 5043 ,
3341 4977 3502 5046 cujus

1919 5063 2176 5134 potestati
2209 5077 2488 5132 nunquam
2525 5062 2690 5118 fuerit
2739 5064 3052 5120 obnoxius?
3078 5063 3250 5121 Porro
3283 5067 3500 5121 (Saieta-

1921 5169 2045 5219 nus,
2079 5152 2365 5208 Leontium
2391 5151 2652 5224 Gregorio
2681 5161 2839 5210 aetate
2866 5155 3128 5224 aequalem
3155 5155 3497 5212 demonstra-

1922 5257 2098 5314 turus,
2128 5261 2194 5302 eo
2229 5247 2465 5300 maxime
2494 5248 2686 5302 nititur
2715 5259 3054 5318 argumento,
3087 5251 3234 5320 quod
3259 5253 3498 5320 impera--

1920 5345 2094 5394 torem
2113 5335 2480 5392 Justinianum
2500 5337 2792 5394 nominans
2821 5351 3060 5394 nostrum
3085 5325 3326 5410 usurpet,
3351 5343 3496 5412 quod

1921 5441 2083 5483 nemo
2120 5427 2414 5482 damnarit.
2455 5424 2840 5484 Jurisconsulti
2893 5427 3182 5501 Ulpianum
3230 5447 3389 5486 suum
3425 5434 3494 5486 ad

1922 5518 2180 5574 Antonini
2204 5516 2500 5574 Caracallaa
2533 5520 2780 5576 referunt
2809 5533 3073 5592 tempora,
3103 5521 3244 5592 quod
3277 5523 3326 5574 in
3361 5521 3396 5576 l.
3423 5522 3494 5577 33

1927 5613 2002 5666 Dc
2039 5612 2426 5668 donationibus
2465 5614 2606 5667 inter
2639 5613 2813 5668 virinn
2853 5625 2906 5669 et
2942 5629 3163 5668 uxorem
3191 5654 3204 5676 ,
3255 5623 3492 5675 matrum

1929 5703 2072 5758 dicat
2104 5703 2254 5758 illum
2287 5702 2666 5774 imperatorem
2695 5721 2709 5759 :
2738 5707 3035 5775 Imperator
3067 5717 3236 5762 noster
3272 5706 3494 5762 Anton;-
