4038 6274
567 287 703 348 1223

1479 289 1579 352 DE
1622 289 1779 354 ᾸΞΤΑ
1795 290 1882 354 ΙἙ
1904 293 1961 354 S.
1991 292 2327 359 GREGOPJ
2391 298 2898 366 AGRIGENTINI

3675 312 3802 384 122$

565 421 666 461 nus
699 404 834 473 Aug.
867 411 986 456 ante
1019 419 1284 458 excessum
1315 401 1488 459 Set-eri
1527 408 1694 476 patris
1738 409 1858 473 sui,
1895 413 2132 466 oratione
2162 425 2203 481 Α
2237 415 2463 471 Romani
2486 419 2772 488 pontiﬁces
2797 421 3123 491 pedetentim
3155 425 3455 498 principale
3471 427 3569 500 jus
3589 421 3800 493 invase-

564 499 623 552 t'n
654 504 839 552 senatu
879 496 1087 560 habita,
1117 496 1218 565 fuit
1245 507 1430 551 auctor
1460 500 1720 566 censendi,
1754 511 1812 554 ut
1839 502 2044 573 aliquid
2071 521 2136 558 ex

556 589 702 660 juris
743 589 916 659 rigore
967 587 1220 653 laxetur;
1251 605 1434 660 neque
1467 591 1576 645 alia
1611 590 1884 648 incessum
1939 597 2024 650 \‘ia
2079 595 2133 649 in

458 681 474 687 ’
565 681 796 734 aliorum
845 688 1006 735 aetate
1047 679 1374 736 deﬁnienda.
1431 683 1702 752 itaqne'si
1745 687 2167 775 Constantinus’

567 772 675 832 ille.
701 773 790 842 qui
812 771 1108 826 Romanam
1152 772 1447 828 Eeclesiam
1475 775 1700 831 dimidia
1722 776 1857 831 urbe
1879 777 2131 831 donatam

565 865 756 929 voluit,
783 865 907 930 jura
934 864 1087 929 dixit,
1117 879 1242 918 cum
1265 863 1486 935 Sergius
1513 881 1629 920 aevo
1664 865 1956 930 frueretur,
1992 883 2134 922 nun-

564 969 728 1022 qnam
755 955 1120 1022 impetraverit
1136 954 1450 1018 Caietanus,
1475 965 1533 1008 ut
1552 955 1847 1026 Gregorius
1867 958 2132 1012 Justiuia-

567 1043 620 1096 ni
659 1045 677 1094 l
713 1039 879 1112 318
917 1043 1253 1112 temporibus
1277 1045 1636 1112 adjuilicctnr.
1664 1044 1858 1101 Nullus
1889 1053 2014 1100 ante
2035 1044 2132 1100 Jua-

565 1134 864 1186 stiniaunm
891 1132 1316 1189 lConstantinzts
1335 1137 1495 1206 Ang.,
1521 1137 1610 1202 qui
1653 1137 1707 1190 in
1741 1151 1827 1192 res
1856 1136 2132 1192 Romanas

562 1224 895 1286 dominatus,
935 1226 1039 1278 nisi
1067 1225 1291 1294 Magnus
1323 1225 1436 1288 ille,
1481 1223 1914 1282 Christianarum
1948 1243 2128 1283 rerum

565 1315 876 1384 prtesidium
909 1333 920 1368 :
957 1331 1081 1369 nam
1114 1316 1180 1370 ad
1207 1316 1626 1370 Constantinum
1661 1318 1831 1373 [ilium
1869 1319 2013 1388 quod
2046 1329 2130 1373 at-

565 1409 718 1468 tinet,
762 1407 968 1461 nullum
1000 1407 1072 1461 illi
1107 1409 1392 1476 imperium
1420 1409 1606 1463 datum
1640 1410 1694 1462 in
1725 1409 1900 1472 Italia,
1947 1409 2041 1465 sed
2074 1409 2127 1464 in

563 1486 774 1564 Galliis,
807 1499 1107 1564 Britannia,
1137 1508 1298 1568 atque
1325 1497 1507 1553 Africa
1543 1497 1943 1568 proconsulari.
1971 1493 2128 1564 Quod

563 1591 608 1644 si
641 1592 710 1645 ab
737 1581 884 1645 anno
907 1590 1032 1655 557,
1059 1605 1168 1660 quo
1205 1589 1598 1644 Constantinus
1617 1589 1845 1659 Magnus
1869 1589 2124 1652 excessit,

563 1683 630 1736 ad
675 1683 799 1746 560,
838 1692 962 1736 ante
991 1698 1151 1752 quem
1205 1681 1468 1752 Gregorio
1504 1683 1648 1736 diem
1695 1681 1880 1736 Roma:
1925 1683 2124 1736 dictam

2238 507 2348 561 rint
2377 525 2391 561 :
2417 524 2652 581 cumque
2685 522 2892 568 certum
2925 513 3056 570 illud
3083 557 3097 582 ,
3136 514 3558 576 Constantinum
3611 539 3798 594 quem-

2233 597 2358 652 dam
2387 599 2655 657 Caesarem
2683 603 2966 660 dimidium
2995 597 3184 664 Romae
3207 603 3516 680 apostolica:
3547 614 3806 675 Ecclesia:

2235 689 2516 759 tribuisse,
2555 693 2680 748 inde
2705 694 2846 750 bella
2869 707 3083 766 arrepta
3113 699 3327 754 occasio
3345 716 3538 758 novam
3563 708 3798 764 cudenili

2232 779 2579 845 donationem
2601 824 2618 850 ,
2643 784 2802 855 cujus
2840 797 3034 842 auctor
3060 803 3167 843 non
3206 789 3608 850 Constantinus
3640 796 3806 870 Pogo-

2233 883 2418 937 natus,
2459 874 2551 930 sed
2583 870 2816 946 Magnus
2843 878 3254 947 perhiberetur,
3293 883 3496 954 quique
3524 888 3656 941 non’
3677 903 3804 944 con-

2234 963 2582 1018 suetudinum
2613 964 2926 1034 dimidium,
2953 969 3007 1022 in
3035 983 3146 1038 quo
3169 971 3388 1027 dimidia
3426 973 3599 1030 Roma
3635 978 3803 1049 signi-

2234 1050 2415 1118 ficata,
2455 1054 2684 1120 dederit,
2720 1056 2818 1111 sed
2847 1071 3065 1113 onmem
3099 1059 3260 1128 plane
3300 1063 3493 1118 urbem
3524 1080 3660 1121 cum
3685 1067 3808 1136 jure

2231 1143 2394 1214 gladii
2427 1161 2655 1216 :_neque
2686 1146 2914 1204 Romam
2943 1157 3172 1216 tantum,
3207 1151 3326 1219 sed,
3359 1163 3417 1209 ut
3446 1158 3806 1227 magniﬁcen-

2229 1233 2338 1288 tior
2379 1236 2604 1292 donatio
2655 1251 2977 1310 appareret,
3037 1243 3350 1311 provincias
3408 1261 3517 1301 non
3576 1262 3804 1317 paucas.

2229 1327 2429 1395 quibus
2465 1329 2570 1383 alia
2613 1330 2837 1401 insuper
2887 1334 3252 1403 supplementi
3303 1335 3424 1391 loco
3467 1337 3700 1405 addita,
3752 1347 3807 1394 ut

2230 1412 2462 1474 Romani
2488 1421 3130 1493 pontiﬁcisprincipatus
3159 1427 3336 1497 aequis
3380 1429 3805 1487 conditionibus

2231 1509 2618 1568 illustraretur.
2658 1513 2840 1579 Quare
2880 1514 2948 1568 ad
2989 1523 3202 1578 caetera,
3237 1531 3360 1588 qua:
3387 1517 3804 1575 Consumtinia-

2227 1613 2352 1654 nam
2390 1600 2676 1672 proﬂigent
2703 1595 3246 1674 donationem'cujus
3273 1620 3382 1661 non
3410 1623 3524 1674 una
3552 1617 3806 1676 prostant

2226 1692 2576 1760 exemplaria,
2605 1693 2976 1748 testimonium
3001 1693 3216 1750 Leontii
3246 1697 3494 1762 accedat,
3519 1700 3677 1768 quod
3699 1715 3804 1754 non

564 1789 672 1828 non
701 1783 848 1842 pultll
875 1773 1189 1838 Caielanns,
1221 1773 1350 1827 anni
1381 1773 1604 1826 omnino
1635 1773 1980 1860 intercedunt
2001 1768 2126 1860 223,
2163 1785 2204 1842 Β
2233 1781 2394 1836 modo
2427 1782 2882 1851 impudentissimi
2915 1787 3234 1855 impostoris
3285 1787 3533 1844 fraudem
3573 1790 3802 1860 detegit,i

563 1862 711 1915 nullo
747 1871 900 1930 pacto
946 1861 1300 1915 ascribemlus
1337 1859 1632 1928 Gregorius
1654 1857 2124 1914 annisJustiniani

561 1949 606 2016 Ι,
639 1953 742 2008 sub
773 1967 886 2022 quo
918 1967 1094 2020 neque
1126 1953 1260 2020 ipse,
1275 1965 1451 2018 neque
1479 1949 1756 2005 Romanus
1781 1949 2020 2019 pontifex
2045 1945 2130 2018 di-

559 2043 705 2098 xisse
729 2051 999 2112 poterant,
1021 2043 1152 2108 imp.
1183 2041 1322 2096 Caes.
1355 2041 1716 2095 Constantino
1739 2039 1932 2110 Magno
1961 2055 2131 2110 quou-

561 2133 687 2187 dam
749 2133 1016 2203 paruisse.
1050 2131 1206 2197 Quod
1261 2131 1306 2186 si
1346 2133 1412 2186 ad
1457 2129 1750 2186 Iustiniani
1803 2127 1842 2184 ΙΙ
1885 2140 2126 2200 tempora

556 2225 876 2280 diﬂ'eramns
907 2223 1251 2292 Gregorium,
1285 2224 1470 2308 stati'm
1522 2227 1774 2276 occurret
1815 2221 2127 2276 Constanti-

555 2329 664 2370 nus
697 2315 833 2384 Aug.
874 2311 1166 2368 Iustiniani
1217 2321 1388 2382 pater,
1426 2313 1712 2381 piissimus
1740 2323 1900 2377 Vere,
1947 2311 2127 2365 Eccle-

557 2405 759 2472 siaaque
791 2405 932 2458 bono
963 2413 1124 2457 natus
1147 2439 1161 2466 ,
1193 2401 1742 2472 quemimperantem
1777 2399 2045 2456 coluerint
2071 2407 2124 2454 et

559 2493 802 2560 Sergius,
833 2501 887 2544 et
917 2489 1234 2558 Gregorius.
1281 2489 1377 2543 llic
1404 2490 1570 2558 igitur
1593 2487 1986 2543 Constantinus
2017 2489 2126 2556 pri-

557 2597 680 2637 mus
708 2581 953 2634 omnium
995 2578 1164 2641 dedit,
1206 2579 1532 2648 donavitque
1577 2578 1639 2631 Β.
1674 2577 1835 2632 Petro
1875 2577 2123 2646 apostolo

555 2673 850 2727 dimidium
885 2670 1098 2733 Romae,
1157 2669 1259 2722 hoc
1305 2679 1388 2723 est
1449 2668 1556 2721 τῶν
1588 2669 1936 2738 ιὼρισμένων
1986 2685 2114 2723 συν⁸

553 2764 774 2835 ηθειῶν,
805 2764 918 2818 sive
939 2761 1202 2821 Canonis,
1227 2775 1387 2830 quem
1412 2769 1820 2830 repraesentaret
1840 2759 2122 2816 Romanus

555 2855 818 2926 populus,
851 2853 994 2908 unde
1024 2860 1274 2921 sumptus
1305 2851 1615 2906 sufficerent
1639 2889 1656 2915 ,
1694 2853 1852 2920 queis
1879 2849 2121 2906 Ecclesia

551 2956 671 3002 erat
696 2962 854 3016 opus,
891 2960 997 2999 non
1029 2959 1190 3000 secus
1261 2953 1422 3012 atque
1461 2943 1656 2998 deinde
1683 2941 2023 2998 Justinianus
2059 2940 2116 2996 l“.

550 3037 916 3107 Agrigentinus
947 3034 1234 3098 Ecclesiae,
1263 3050 1373 3102 quo
1407 3049 1606 3087 novum
1647 3041 1702 3087 et
1751 3033 2032 3102 templum,
2067 3041 2120 3086 et

551 3127 792 3198 episcOpi
832 3125 973 3179 mdes
1015 3133 1464 3190 exstruerentur,
1515 3123 1795 3178 dimidiam
1837 3122 2118 3192 Agrigenti
2146 3112 2187 3166 C

551 3227 757 3290 partem
795 3217 962 3282 dedit,
995 3215 1048 3270 in
1095 3229 1220 3285 qua,
1257 3231 1422 3284 super
1455 3215 1679 3281 tributa,
1711 3230 1832 3284 quze
1880 3213 2112 3284 p0pulus

549 3311 824 3382 penderet,
854 3307 930 3362 nil
951 3307 1168 3362 demum
1211 3306 1521 3376 intelligas,
1581 3321 1704 3359 nam
1749 3307 1934 3359 datum
1977 3304 2114 3358 adeo

550 3401 760 3472 imperii
780 3401 874 3470 jus
903 3399 1169 3469 suspicari
1203 3413 1310 3452 non
1351 3397 1516 3463 licet,
1559 3409 1682 3452 cum
1740 3411 1844 3450 una
1902 3395 2116 3450 eadem-

549 3509 656 3564 que
678 3493 874 3548 civitas
908 3491 1122 3546 duobus
1152 3505 1344 3560 parere
1365 3489 1602 3544 dominis
1621 3490 1778 3558 plane
1798 3498 2113 3542 monstruo-

547 3597 691 3646 sum,
714 3573 890 3651 neque
920 3580 1124 3636 donum
1151 3580 1411 3634 donatum
1442 3593 1538 3632 seu
1563 3578 1826 3642 Romano,
1850 3589 1943 3631 seu
1967 3575 2117 3644 Agri-

546 3673 768 3742 gentino
797 3655 1076 3740 episcopo,
1118 3669 1210 3725 sed
1234 3667 1395 3724 Petro
1415 3677 1466 3724 et
1490 3667 1620 3732 Deo,
1653 3677 1712 3722 ut
1741 3664 1994 3720 Ecclesiae
2019 3666 2115 3719 im‘

549 3765 732 3833 pensis
769 3763 1150 3818 consuleretur
1181 3779 1196 3828 ;
1237 3760 1383 3832 quod
1431 3759 1630 3814 diserte
1672 3759 1727 3813 in
1761 3757 2111 3830 Agrigentina

545 3854 840 3908 donatione
869 3851 1235 3922 signiﬁcatum
1257 3892 1272 3919 ,
1330 3867 1506 3922 neque
1538 3853 1721 3908 secius
1753 3853 1821 3907 de
1864 3850 2111 3907 Romana

547 3939 952 3994 afﬁrmandum.

616 4050 863 4106 XXXIX.
903 4053 1081 4122 Atque
1112 4051 1200 4107 hic
1225 4051 1488 4122 gratulari
1531 4051 1664 4106 mihi
1705 4051 1864 4108 liceat
1913 4047 2115 4109 littera-

547 4151 722 4199 torum
741 4143 972 4208 civitati,
996 4143 1260 4214 singulari
1275 4152 1479 4197 ornatae
1507 4143 1765 4197 beneﬁcio
1787 4145 1855 4198 ab
1884 4144 2112 4200 Leontio

545 4241 758 4298 nostro,
791 4233 878 4287 cui
902 4233 1088 4303 gratia;
1112 4247 1178 4286 eo
1214 4233 1439 4286 nomine
1471 4247 1604 4287 sane
1638 4248 1802 4301 quam
1833 4235 1984 4289 mira:
2012 4235 2108 4290 ha-

542 4323 750 4379 bendae.
783 4323 993 4390 Quotus
1023 4325 1172 4377 enim
1211 4323 1444 4392 quisque
1473 4333 1577 4388 est,
1594 4325 1684 4394 qui
1717 4327 1941 4390 nesciat,
1971 4343 2110 4397 quas

2231 1869 2326 1924 sed
2356 1885 2530 1940 ecquo
2567 1886 2599 1926 e
2636 1873 2846 1927 semine
2879 1885 3188 1929 monstrum
3219 1876 3352 1932 illud
3388 1888 3607 1945 natum,
3657 1883 3802 1950 quod

2231 1968 2311 2016 tot
2341 1963 2539 2018 saecula
2567 1963 2638 2018 ob
2665 1965 2856 2020 oculos
2885 1966 3168 2021 hominum
3210 1979 3480 2026 versatur.

2299 2050 2410 2104 XL.
2442 2053 2568 2108 Haec
2604 2069 2728 2108 cum
2765 2055 2836 2110 ita
2871 2056 2999 2120 sint,
3041 2057 3171 2127 quid
3199 2068 3385 2127 restat
3429 2061 3697 2130 amplius.
3742 2070 3802 2116 ut

2226 2140 2384 2196 etl‘eta
2427 2143 2631 2200 viribus
2661 2145 2878 2201 dicatur
2921 2147 3164 2204 Caietani
3195 2151 3381 2218 Opinio
3428 2153 3496 2208 de
3533 2153 3798 2223 Gregorio

2226 2231 2702 2314 Agrigentinorum
2754 2236 3012 2308 episcopo
3058 2237 3374 2295 Justiniano
3426 2241 3446 2294 Ι
3494 2242 3798 2314 compare?

2227 2311 2358 2374 Tam
2390 2327 2558 2379 multa
2599 2339 2724 2380 cum
2778 2327 2928 2381 illam
2987 2338 3322 2399 oppugnent,
3367 2342 3561 2388 contra
3612 2311 3794 2390 omnia

2223 2413 2542 2482 conspirent
2569 2415 2636 2469 ad
2665 2416 3074 2486 declarandum,
3110 2422 3279 2477 vitam
3305 2421 3638 2494 Gregorium
3669 2440 3795 2496 pro-

2221 2499 2446 2558 duxisse
2495 2505 2600 2560 sub
2631 2503 2947 2564 Justiniano
2983 2506 3047 2574 ll,
3079 2509 3204 2580 quis
3249 2523 3358 2569 tam
3403 2517 3596 2572 insane
3633 2517 3794 2572 obﬁr-

2222 2605 2368 2648 mato
2399 2594 2474 2650 sit
2502 2598 2706 2665 animo,
2743 2599 2838 2669 qui
2865 2599 2920 2654 in
2948 2599 3196 2672 Cajetaui
3234 2601 3405 2661 verba.
3434 2607 3793 2662 nihilominus

2216 2687 2402 2756 iuret?
2436 2687 2607 2744 Nemo
2641 2705 2784 2745 unus
2813 2706 2879 2746 ex
2923 2695 3152 2750 vetustis
3187 2696 3546 2766 scriptoribus
3591 2699 3794 2770 Grego-

2221 2769 2364 2856 rium
2416 2777 2486 2832 ad
2539 2772 2886 2834 Justinianil
2936 2791 3178 2854 tempora
3213 2786 3426 2856 rejecit,
3479 2769 3792 2860 Nicephoro

2221 2869 2444 2950 Callisto
2491 2882 2737 2941 excepto,
2775 2873 2870 2928 lib.
2906 2889 3038 2942 xvu,
3071 2891 3192 2947 cap.
3227 2879 3295 2930 Ἦ
3349 2867 3421 2934 Η.
3455 2879 3523 2936 Ε.
3553 2881 3631 2938 At
3671 2881 3792 2953 quis

2222 2962 2322 3016 iste
2344 2961 2724 3032 Nicepliorus?
2751 2964 2945 3021 Saeculi
2971 2984 3062 3023 xxv
3090 2971 3342 3040 scriptor,
3377 2971 3468 3042 qui
3502 2982 3582 3027 tot
3607 2975 3792 3044 spbal-

2221 3062 2366 3108 mata
2401 3056 2675 3113 commisit
2705 3059 2758 3112 in
2812 3047 3206 3117 ecclesiasticis
3241 3064 3408 3120 rebus
3436 3069 3791 3130 enarrandis,

2219 3151 2279 3196 ut
2300 3145 2518 3200 nonnisi
2545 3161 2669 3202 cum
2703 3150 2860 3204 taedio
2893 3151 2962 3204 ab
3000 3153 3352 3221 acrisjudicii
3385 3155 3516 3210 viris
3548 3144 3680 3228 ejus
3697 3159 3791 3214 ilia

2213 3237 2382 3292 storia
2424 3239 2654 3308 legatur.
2709 3242 2901 3298 Ausim
2937 3243 3098 3314 igitur
3133 3244 3484 3302 Leontianam
3517 3249 3688 3306 ﬁdem
3739 3253 3789 3304 in

2211 3322 2506 3384 discrimen
2543 3345 2738 3386 vocare
2769 3341 2876 3387 tam
2904 3334 3116 3390 lubrico
3156 3337 3490 3404 testimonio,
3525 3343 3680 3410 quod
3715 3352 3789 3396 tot

2211 3417 2317 3471 alia
2357 3423 2706 3491 oppugnant?
2761 3422 2960 3479 Prmter
3007 3425 3372 3496 Epitomasten
3439 3429 3790 3500 Gregoriana:

2211 3511 2358 3577 vitm,
2391 3521 2446 3567 et
2491 3515 2850 3588 Menoli-gium
2899 3517 3254 3588 Basilianutn,
3283 3523 3354 3577 ab
3391 3522 3620 3580 Leontio
3657 3535 3788 3580 sunt

2215 3602 2440 3659 Simeon
2467 3601 2884 3676 Metaplirastes,
2929 3609 3291 3684 bienologium
3333 3613 3580 3670 Gratcum
3615 3633 3644 3671 a
3679 3617 3786 3674 Gu-

2213 3692 2397 3748 lielmo
2451 3696 2651 3752 bii-leto
2687 3698 2878 3754 Latine
2934 3717 3174 3766 versum,
3213 3701 3430 3760 Nicetes
3479 3711 3786 3764 monachus

2214 3780 2452 3850 Studita,
2492 3800 2632 3855 quos
2663 3797 2840 3842 tamen
2874 3789 3170 3847 Caietanus
3218 3797 3503 3850 sententiae
3542 3812 3659 3852 sua:
3687 3817 3784 3854 an;

2211 3882 2390 3930 ctores
2431 3877 2654 3932 laudare
2695 3893 2805 3952 npn
2863 3891 3101 3937 veretur.
3155 3881 3404 3941 Haecine
3427 3885 3782 3962 εὐστομαχῶς

2209 3961 2488 4030 feremus,
2558 3981 2626 4020 an
2693 3983 2820 4024 cum
2891 3963 3218 4030 Terentiano
3258 3973 3482 4034 Simone
3533 3961 3780 4038 dicamus

2211 4054 2290 4123 (in
2323 4055 2491 4108 Andr.
2521 4064 2629 4111 act.
2661 4074 2715 4123 ν,
2749 4074 2828 4115 sc.
2863 4063 2942 4131 5):

2418 4149 2509 4201 Ita
2541 4149 2800 4216 pradicet
2818 4153 2844 4206 ?
2871 4157 3131 4225 ingentem
3158 4161 3576 4228 conﬁdentiam!

2280 4237 2416 4293 XLI.
2453 4239 2847 4312 Metaphrastes
2875 4253 2984 4300 tam
3025 4247 3256 4318 liquido,
3305 4267 3468 4322 quam
3516 4255 3608 4310 lux
3639 4257 3774 4326 ipsa,

2209 4331 2470 4400 scripsit,
2549 4335 2863 4391 interfuisse
2927 4337 3248 4410 Gregorium
3316 4360 3524 4414 magna:
3571 4351 3774 4419 synodo

541 4414 772 4470 diridias
831 4415 1087 4469 excitarit
1133 4413 1473 4470 Constantini
1524 4414 1665 4484 Aug.
1705 4417 1948 4481 donatio,
1999 4431 2105 4486 qua
2141 4422 2856 4502 DConstautinopolitauae,
2911 4448 3035 4502 quae
3087 4437 3344 4492 convenit
3411 4413 3772 4498 blonotlielitis

541 4514 701 4560 aucta
739 4504 912 4560 fertur
949 4504 1196 4558 Romana
1222 4502 1660 4558 Ecclesia?Suut
1691 4503 1784 4574 qui
1823 4505 1969 4560 illam
2010 4505 2103 4574 by-

541 4596 916 4667 pobolimazam
944 4595 1230 4666 sugillent,
1263 4601 1392 4650 sunt
1421 4593 1514 4664 qui
1547 4603 1607 4648 ut
1635 4597 2102 4664 germanissimam

499 4687 506 4694 ’
538 4685 883 4742 Constantini
909 4686 1237 4754 scripturam
1281 4685 1680 4754 amplexentur,
1726 4696 1853 4742 sunt
1881 4687 1974 4753 qui
2006 4687 2104 4742 de-

539 4785 819 4845 pravatum
855 4774 1160 4845 legitimum
1209 4789 1346 4844 opus
1394 4775 1678 4842 dictitent,
1727 4776 1820 4830 sed
1854 4776 1952 4846 iis,
2010 4777 2102 4846 qui

540 4865 870 4920 subditivam
901 4867 1048 4920 illam
1077 4866 1289 4930 volunt,
1313 4865 1553 4921 nondum
1570 4876 1904 4936 compertum
1929 4882 2104 4936 ecquo

537 4973 570 5012 e
597 4955 748 5013 fonte
787 4957 971 5013 fabula
995 4959 1359 5028 illaeruperit.
1401 4957 1638 5013 Tandem
1662 4974 1791 5014 vero
1809 4959 2106 5030 aliquando

538 5047 711 5102 facem
749 5049 900 5104 hisce
931 5049 1172 5104 tenebris
1213 5049 1542 5120 dcpellendis
1577 5052 1818 5121 praetulit
1842 5050 2102 5107 Leontius

537 5145 724 5193 noster
763 5138 1116 5203 testimonio,
1171 5143 1316 5210 quod
1370 5157 1506 5196 auro
1559 5151 1752 5196 contra
1785 5143 2100 5211 pretiosius,

535 5225 794 5294 quodque
818 5225 1024 5298 frustra
1055 5229 1350 5286 Caietanus
1379 5230 1654 5285 sollicitat.
1689 5229 1762 5284 Ex
1803 5248 1868 5285 eo
1899 5232 2100 5284 intelli-

535 5317 736 5387 gimus,
757 5315 1060 5372 Romanam
1077 5318 1376 5376 Ecclesiam
1398 5336 1426 5375 a
1449 5320 1806 5376 Constantino
1825 5322 2100 5393 Pogonato

531 5410 790 5464 donatam
815 5409 1040 5466 dimidio
1072 5413 1318 5478 canonis,
1348 5427 1508 5482 quem
1551 5413 1784 5482 populus
1819 5412 2098 5468 Romanus

531 5501 588 5556 in
623 5501 814 5557 ﬁscum
839 5501 1148 5559 Caesareum
1181 5503 1470 5560 inferebat.
1495 5504 1600 5558 Sed
1625 5505 1934 5572 cnim,cum
1973 5518 2100 5559 tem-

531 5595 694 5661 poris.
712 5611 965 5671 processu
994 5597 1273 5654 Ctesarum
1306 5599 1568 5668 .potentia
1619 5600 1672 5653 in
1702 5601 1876 5667 Italia,
1933 5611 2097 5669 atque

532 5683 644 5754 ipsa
679 5689 808 5741 urbe
837 5689 1152 5744 labefactata
1185 5701 1384 5754 ruet-et,
1417 5706 1519 5746 non
1546 5692 1676 5746 milii
1698 5693 1943 5758 dubium,
1964 5695 2092 5764 quin

2209 4528 2341 4570 orco
2396 4517 2750 4584 devovendis,
2791 4523 3138 4590 potissimum
3175 4517 3306 4581 itero
3349 4528 3513 4600 Cyro,
3563 4531 3769 4604 Sergio,

2199 4607 2434 4678 Pyrrho,
2452 4606 2623 4665 Paulo
2642 4609 3126 4670 Monothelitarum
3150 4617 3440 4688 primipilis
3461 4637 3477 4687 ;
3504 4623 3770 4693 simultu

2203 4697 2370 4754 vitam
2398 4701 2576 4770 egisse
2605 4700 2916 4759 Iustiniano
2952 4707 3091 4777 Aug.
3140 4708 3462 4779 imperante.
3495 4712 3637 4778 Quid
3675 4716 3768 4769 hoe

2203 4799 2306 4855 est,
2337 4793 2445 4847 nisi
2472 4795 2758 4850 nobiscum
2788 4799 2992 4854 sentire
3030 4799 3484 4872 Metaphrastem?
3513 4808 3610 4863 sed
3631 4809 3768 4864 enim

2204 4883 2356 4938 illum
2397 4897 2548 4942 ratus
2575 4887 2872 4958 Cajctanus
2903 4893 2971 4948 ad
3011 4908 3138 4949 suas
3169 4896 3461 4951 adductum
3499 4899 3566 4952 iri
3608 4904 3764 4955 ratio-

2205 4989 2322 5038 nes,
2359 4978 2520 5032 modo
2579 4981 3008 5038 contaminatam
3047 4985 3253 5042 diceret
3299 4992 3670 5046 narrationem
3708 4995 3766 5046 de

2201 5067 2410 5136 synodo
2489 5069 2752 5127 adversus
2835 5073 3218 5132 Monothelitas
3295 5089 3508 5137 coacta.
3577 5082 3766 5153 Ecqua

2202 5158 2451 5231 (malum)
2481 5162 2767 5218 calamitas
2794 5165 2918 5231 ista,
2970 5183 3076 5237 qua
3125 5167 3363 5224 etllictim
3391 5187 3616 5242 pressus
3644 5191 3764 5229 cum

2203 5245 2524 5314 Leontius,
2573 5260 2687 5304 tum
2719 5252 3150 5328 bletaphrastcs?
3210 5257 3515 5328 Corruptus
3561 5261 3763 5315 Leontii

2199 5335 2659 5417 Commentarios,
2732 5325 2828 5397 ubi
2879 5354 3233 5413 percensetur
3283 5345 3578 5418 Gregorius
3632 5351 3772 5405 inter

2201 5425 2481 5497 theologos
2525 5439 2832 5499 cooptatus,
2863 5435 2955 5502 qui
3009 5451 3224 5491 summo
3261 5437 3313 5490 in
3349 5451 3610 5492 consessu
3657 5439 3759 5493 Mo-

2201 5517 2492 5574 nothel;tas
2518 5523 2916 5589 proscribes-ent
2939 5543 2955 5591 ;
2983 5527 3272 5596 depravata
3305 5529 3407 5584 hoc
3433 5529 3550 5598 ipso
3574 5532 3625 5585 in
3652 5533 3764 5583 loro

2201 5607 2448 5680 Gregorii
2501 5613 2654 5675 vita,
2731 5631 2895 5684 quam
2943 5617 3340 5688 Memphi-astes
3399 5623 3756 5676 concinnam.

2203 5699 2331 5755 Mira
2366 5717 2474 5774 res,
2507 5706 2592 5760 cui
2625 5721 2732 5761 non
2764 5708 3010 5776 credant,
3046 5712 3148 5766 nisi
3186 5713 3276 5783 qui
3317 5712 3521 5767 fuerint
3549 5730 3578 5767 c
3608 5721 3760 5782 gente
