4038 6274
253 374 407 436 1225

1630 370 2160 431 DlSSERTATIO.

3368 361 3506 423 loco

3401 405 3466 422 -.Η

3401 405 3466 422 -.Η

250 478 498 534 E-lrneni.
553 477 680 544 Sed,
729 486 787 532 ut
843 479 957 532 lucc
1006 478 1348 542 omittantur,
1381 476 1516 532 satis
1565 490 1834 547 superque
1865 486 1908 537 Α
1938 484 2143 540 noster,
2182 476 2273 545 qui
2304 475 2370 530 de
2404 468 2666 548 Gregorio
2698 477 2870 530 Roma
2914 473 3143 544 appulsu
3169 473 3503 528 Panornmn

249 575 426 626 docet
479 569 877 640 Metaph‘rastes
925 570 1248 641 Gregorium
1301 577 1550 624 nostrum
1589 567 1661 622 ‘iu
1713 583 1833 623 eam

253 661 537 736 synodum
571 655 736 732 319
755 663 1098 727 convenisse,
1148 659 1202 715 in
1232 674 1340 730 qua
1387 672 1474 715 res
1502 669 1624 714 aeta
1647 669 1836 714 contra

255 753 653 810 Monctbelitas
684 769 698 808 :
726 767 855 808 nam
885 755 980 835 ait
999 755 1068 808 ab
1104 770 1166 810 ea
1201 753 1456 835 abfuisse
1481 765 1604 808 eum
1628 753 1836 817 Romae,

196 851 214 936 j
256 859 381 904 tum
410 846 680 903 Sardinia
704 831 1016 918 episcopos,
1040 847 1240 918 quippe
1269 831 1466 901 morbo
1492 845 1788 915 implicitos
1821 862 1836 898 :

255 949 317 996 et
348 939 662 996 Romanum
690 939 908 1009 quidem
945 940 1181 1009 legatum
1213 938 1448 1004 misisse,
1477 938 1569 1008 qui
1600 935 1685 1006 sui
1719 951 1842 1006 per.

255 1045 461 1088 sonam
488 1030 685 1084 obiret.
714 1025 842 1083 Haec
871 1012 979 1082 non
1014 1017 1240 1099 eadunt,
1267 1027 1376 1082 nisi
1404 1027 1460 1081 in
1499 1026 1763 1097 synodum
1789 1041 1842 1080 vt

254 1120 706 1185 cecumenicam;
745 1131 871 1172 nam
900 1118 1042 1187 quod
1081 1131 1116 1170 v
1153 1117 1366 1182 attinet,
1406 1130 1582 1186 neque
1613 1115 1772 1186 legati
1811 1129 1842 1170 a

257 1209 530 1280 ponti‘ice
580 1207 757 1272 missi,
791 1206 882 1276 qui
933 1205 1141 1276 synodo
1182 1213 1502 1275 praeessent,
1531 1208 1708 1275 neque
1759 1203 1846 1258 hic

257 1299 466 1354 Romae
500 1296 838 1360 considehat,
879 1296 972 1351 sed
1013 1297 1128 1366 ipsa
1178 1297 1234 1350 in
1272 1297 1405 1351 urbe
1436 1297 1608 1364 regia,
1639 1295 1780 1365 quod
1814 1307 1846 1347 a

257 1388 426 1450 nobis
457 1388 912 1444 demonstratum.
944 1385 1061 1452 Qua
1089 1401 1148 1440 re
1180 1385 1488 1456 improbum
1521 1401 1660 1455 opus
1687 1386 1872 1454 decu-5

255 1477 356 1535 dat
379 1477 718 1543 Caietauus,
767 1491 892 1549 cum
933 1473 1356 1546 Metaphrastem
1392 1477 1446 1531 in
1479 1485 1670 1546 partes
1718 1491 1848 1532 suas

255 1569 599 1642 protrahere
627 1573 922 1638 pertentat.

330 1657 508 1715 XLII.
543 1658 730 1734 Neque
758 1656 1049 1712 candidius
1071 1654 1541 1726 fatumsupertus,
1573 1671 1698 1712 cum
1717 1671 1852 1726 sup-

1939 577 2062 618 cum
2095 562 2278 623 Felice
2307 565 2585 636 episcopo,
2617 581 2649 622 a
2679 553 2790 634 quo
2831 561 3187 634 Agrigentino
3223 563 3284 618 in.
3309 563 3508 619 throno
3603 619 3613 630 _

1938 652 2232 720 locaretur,
2273 651 2520 712 Scriberis
2568 655 2681 710 haec
2727 655 2946 725 inquit:
2985 653 3161 724 Igitur
3201 654 3259 708 in
3279 657 3508 724 'proprio

1938 743 2198 813 episcopio
2240 755 2652 812 commorantur,
2699 746 2786 812 cui
2815 745 2878 798 ab
2908 755 3092 798 sancto
3119 732 3376 816 Gregorio
3413 763 3510 799 no-

1941 849 2058 887 men
2081 845 2218 902 erat,
2239 818 2388 906 'quod
2409 845 2546 890 certe
2570 835 2701 892 etim
2729 835 3088 906 Agrigentina:
3113 834 3366 891 Ecclesia:
3395 835 3512 905 [ue-

1941 914 2050 987 rat,
2079 922 2411 979 Libertinum
2440 925 2784 996 appellatum.
2813 913 3265 995 Agrigentineus'e
3295 925 3512 993 episeo-

1941 1014 2093 1085 pium
2139 1004 2712 1088 Panormi'positum,
2767 1014 3224 1085 quemadmodum
3278 1014 3510 1070 Liberti-

1945 1119 2074 1158 num
2106 1113 2264 1160 antea
2296 1105 2502 1161 dictum
2549 1122 2578 1160 a
2614 1105 2892 1160 Libertino
2919 1103 3172 1174 episcopo
3204 1103 3512 1176 Agrigenti-

1943 1207 2138 1248 norum
2172 1195 2372 1263 primo,
2403 1196 2475 1249 ita
2506 1195 2824 1266 Gregoriani
2869 1211 3069 1250 nomen
3101 1195 3330 1252 subinde
3357 1206 3513 1247 exce-

1945 1285 2092 1356 pisse
2120 1301 2150 1340 a
2183 1285 2446 1356 Gregorio
2483 1289 2720 1354 quodam
2760 1288 2946 1358 ejusee
2983 1285 3226 1342 civitatis
3257 1285 3512 1354 episeopo

1948 1392 2054 1430 non
2095 1375 2385 1430 immerito
2433 1371 2894 1447 aucuparilicet.
2943 1376 3221 1433 lluncciue
3273 1375 3514 1431 celebrat

1949 1465 2674 1536 Sirietauum'Menologium
2706 1467 2777 1522 ad
2807 1469 2871 1524 i9
2903 1463 3237 1533 Decembris,
3259 1481 3326 1520 an
3360 1465 3513 1520 illum

1949 1554 2016 1609 de
2044 1569 2154 1624 quo
2177 1554 2400 1610 laudata
2423 1555 2738 1626 Agrippinae
2771 1556 3020 1624 historia,
3051 1556 3094 1611 si
3123 1554 3342 1625 quidem
3374 1553 3514 1610 alius

1947 1645 2020 1698 ab
2057 1659 2146 1712 eo,
2191 1661 2354 1716 quem
2391 1645 2567 1700 obiter
2597 1646 2848 1702 nominat
2900 1644 3180 1713 Leontius,
3224 1661 3292 1700 an
3346 1644 3515 1699 alium

257 1750 449 1822 petias
487 1747 778 1803 advocata
807 1745 998 1805 Graeco
1019 1744 1330 1822 Menolngio
1355 1745 1654 1811 Sirletano,
1679 1761 1715 1802 e
1741 1762 1850 1817 quo
1884 1813 1919 1822 _
1952 1737 2226 1804 quemvis,
2261 1737 2420 1792 modo
2459 1751 2567 1795 non
2603 1745 2876 1806 nostrum,
2917 1739 3077 1806 cujus
3113 1736 3306 1792 notitia
3349 1735 3518 1820 inter—

265 1813 380 1896 ξιοιί
406 1840 594 1905 video,
618 1837 748 1908 quid
772 1843 1062 1907 emungat,
1079 1836 1221 1906 quod
1240 1813 1314 1892 ad
1349 1851 1506 1892 suam
1531 1835 1696 1900 faciat
1719 1813 1862 1893 cana
1882 1813 1923 1868 Β
1951 1827 2114 1882 ierit?
2144 1825 2698 1898 Aﬁingat'Cajetanus
2728 1829 2834 1884 sub
2862 1827 3168 1884 Iustiniano
3194 1826 3218 1881 ι
3249 1815 3519 1898 quotquot

255 1945 414 1985 sam.
459 1926 542 1982 Ex
573 1941 639 1982 eo
669 1928 784 1982 hate
820 1927 1048 1992 recitat:
1067 1941 1190 1999 qua
1232 1927 1443 1983 scilicet
1489 1927 1750 1998 leguntur
1783 1929 1851 1984 ad
1891 1973 1896 1981 .

265 2017 341 2072 23
372 2012 706 2072 Novembris
733 2033 748 2068 :
773 2013 1220 2071 Commemoratio
1269 2017 1442 2070 sancti
1475 2015 1716 2087 Gregorii
1741 2017 1854 2085 epi-

260 2109 419 2178 scopi
447 2105 803 2178 Agrigentini.
829 2108 932 2162 Hic
959 2106 1062 2176 fuit
1097 2105 1193 2160 sub
1226 2108 1442 2175 imperio
1465 2105 1761 2162 Iustiniani
1789 2125 1854 2163 ea:

259 2202 404 2256 urbe
440 2199 755 2270 Agrigento,
797 2199 898 2268 piis
928 2209 1082 2270 atque
1110 2198 1494 2268 hospitalitatis
1551 2210 1601 2254 et
1636 2200 1858 2255 αἰσθητο-

259 2307 534 2364 agnorum
575 2291 988 2346 studiosissimis
1013 2291 1322 2360 parentibus
1353 2301 1522 2345 ortus.
1555 2294 1729 2346 Annos
1761 2289 1857 2350 na:

264 2395 357 2438 tus
397 2383 584 2444 decem
629 2389 680 2435 et
733 2390 850 2436 octo
903 2381 1164 2449 desiderio
1191 2383 1480 2436 uenerandi
1514 2390 1698 2436 sancta
1741 2383 1858 2436 loca

1947 1917 2184 1972 soluerit
2204 1914 2507 1990 Gregorius-
2526 1917 2886 1992 Agrigentina:
2918 1913 3172 1986 Ecclesiae
3189 1917 3516 1987 cpiscopus,

1952 2006 2082 2062 dum
2119 2006 2480 2062 Leontianum
2501 2023 2531 2062 a
2551 2006 2844 2062 Iustiniani
2867 2006 2912 2061 ll
2933 2017 3090 2062 tetate
3110 2021 3218 2060 non
3243 2005 3516 2064 sollicitet.

1950 2094 2011 2152 si
2039 2090 2242 2153 sariam
2276 2108 2473 2154 tectam
2521 2099 2652 2154 velit
2691 2099 3004 2155 Lecntiante
3049 2099 3299 2154 Historia:
3337 2097 3515 2152 ﬁdem.

1955 2186 2130 2260 Atque
2157 2191 2270 2246 hac
2295 2191 2476 2246 locum
2497 2191 2764 2258 obtinent,
2806 2191 2852 2246 si
2881 2191 3097 2262 quidem
3137 2191 3396 2262 Caietano
3424 2191 3519 2244 de-

1955 2297 2080 2338 mus
2107 2283 2450 2353 Gregorium,
2472 2273 2630 2354 cujus
2657 2284 3020 2354 Menologium
3054 2282 3236 2338 Sirlcti
3275 2283 3524 2339 meminit

1917 2430 1925 2438 ,
1957 2374 2024 2428 ad
2055 2375 2122 2430 t9
2155 2373 2494 2442 Decembris,
2527 2376 2693 2430 alium
2725 2375 2793 2430 ab
2823 2391 2888 2432 oo
2921 2391 3063 2441 esse,
3117 2373 3276 2446 cujus
3305 2391 3392 2432 res
3429 2391 3523 2445 per

265 2473 717 2544 Hierosolymam
739 2473 918 2543 petiit,
957 2472 1130 2544 ibique
1175 2490 1206 2528 α
1235 2482 1418 2538 sancto
1458 2475 1701 2528 Macario
1739 2474 1860 2528 dia-
1899 2524 1906 2530 .

263 2584 440 2622 conus
476 2565 654 2636 [actus
688 2581 924 2620 reuersus
949 2575 1030 2622 est
1053 2565 1409 2636 Byzantium;
1434 2577 1614 2636 postea
1637 2565 1861 2628 Romam

267 2662 442 2728 uenit,
477 2659 592 2713 'ubi
633 2658 906 2728 episcopus
937 2659 1310 2729 Agrigentinus
1355 2669 1564 2714 creatus
1607 2669 1706 2724 est,
1759 2675 1860 2730 quo

1961 2639 2135 2696 currit
2164 2656 2290 2696 cum
2321 2641 2551 2710 Graecis,
2580 2652 2694 2698 tum
2733 2644 2964 2712 Latinis,
2993 2655 3051 2700 ut
3079 2645 3148 2702 de
3175 2660 3284 2701 uno
3317 2645 3524 2702 sancti-

197 2773 202 2776 ·
268 2765 502 2806 munere
529 2748 785 2818 praeclare
815 2748 1051 2819 functus,
1083 2748 1262 2804 multis
1283 2729 1863 2816 editis,ntiraculis,r.in

1961 2731 2088 2786 tatis
2113 2729 2259 2788 fama
2285 2734 2484 2789 illustri
2515 2735 2734 2792 homine
2755 2736 2839 2792 bis
2887 2740 3035 2792 terve
3060 2737 3117 2792 in
3143 2751 3293 2802 anno
3320 2735 3528 2794 mentio

278 2857 500 2898 summa
541 2849 802 2910 senectam
847 2841 1094 2912 migravit
1150 2843 1222 2896 ad
1243 2842 1572 2904 Dominum.
1625 2841 1866 2906 Haecine

1963 2823 2089 2878 liat?
2119 2823 2175 2879 Si
2197 2822 2515 2898 Gregorius,
2539 2827 2630 2902 qui
2660 2828 2998 2886 tantumdem
3026 2829 3298 2892 indicatur
3332 2831 3398 2886 19
3429 2827 3530 2883 De-

279 2947 550 3004 magnum
591 2931 730 3006 illud
755 2932 1155 2996 testimonium,
1198 2921 1310 3004 quo
1341 2917 1636 3005 tantopere,
1668 2937 1866 3006 gestiat
1958 2913 2220 2982 θθωιπίθτ
2255 2915 2325 3006 ‘f‘b
2359 2931 2428 2971 9°
2473 2916 2674 2985 diue":
2703 2919 2862 2990 cui“
2913 2919 3022 2976 Vm
3053 2921 3278 2992 Ρΐεοῖὸθ
3320 2919 3538 2976 deseri"

273 2999 628 3094 Cajetanusi
675 3036 812 3078 conc
862 3023 1089 3077 nomine
1135 2999 1293 3080 obolo
1341 2999 1566 3094 dignum
1616 2999 1862 3083 habitum
1965 3005 2201 3062 bituriti
2223 3005 2574 3075 Novembris,
2595 3025 2698 3068 cur
2724 3009 3016 3067 illaudatus
3037 3012 3348 3067 omittitur?
3369 3027 3532 3082 opor-
3563 3034 3587 3046 α

283 3102 654 3193 Menoiog‘m'm
685 3111 856 3194 aiiud,
889 3111 1074 3176 asini
1105 3116 1245 3194 Aug.
1301 3115 1506 3172 editum
1537 3117 1716 3187 jussu,
1763 3118 1856 3173 ubi
1883 3129 1930 3190 α
1969 3097 2115 3194 ﬁebat
2163 3113 2296 3154 sane
2336 3105 2392 3194 οξ
2443 3099 2608 3170 huius
2655 3115 2744 3157 ms
2775 3103 2964 3173 restas
3009 3101 3202 3158 leviter
3241 3103 3528 3174 attingere-

287 3187 545 3260 disertim
581 3192 788 3259 indicat
813 3201 1016 3260 vixisse
1061 3187 1382 3274 Gregorium
1414 3206 1518 3262 sub
1551 3205 1863 3270 Iustiniano

1965 3187 2388 3272 Quapmpter'si
2423 3208 2490 3248 ne
2518 3207 2662 3250 unco
2718 3193 2938 3266 quidem
2974 3195 3180 3266 raptari
3216 3209 3383 3268 queat
3412 3195 3530 3252 Sir-

285 3289 696 3346 thiuotmeto?
746 3290 973 3362 perinde
1021 3307 1151 3347 vero
1199 3307 1285 3360 ac,
1343 3295 1472 3365 quia
1531 3295 1864 3354 Sirletanum

1967 3280 2227 3342 tetanum‘
2251 3281 2620 3354 Menologium
2652 3281 3003 3342 sustinendae
3041 3279 3287 3357 Cajetani
3331 3303 3531 3360 causae,

283 3381 656 3450 Menologium
705 3382 1074 3459 Iustinianum
1127 3386 1432 3442 mmmam
1457 3387 1628 3442 (“una
1660 3385 1868 3459 εοευο,
1965 3369 2013 3426 si
2045 3383 2099 3426 et
2129 3372 2310 3434 isthuc
2341 3371 2618 3430 Basiliano
2657 3375 2964 3442 recentius,
3015 3377 3226 3432 nullum
3259 3377 3408 3434 enim
3441 3379 3534 3435 illo

289 3473 475 3527 ntenti
511 3474 848 3541 accessione,
889 3474 1096 3530 idcirco
1130 3475 1554 3558 confugiendum
1585 3476 1654 3532 ad
1692 3477 1866 3542 Insti-

1968 3463 2271 3530 antiquius,
2305 3464 2430 3532 quis
2463 3473 2576 3520 tam
2624 3465 2892 3520 insubida;
2925 3472 3127 3524 mentis
3150 3470 3243 3532 sit,
3274 3470 3408 3540 quin
3453 3472 3537 3526 in-

1958 2477 2172 2518 summa
2211 2463 2388 2532 capita
2413 2464 2488 2520 B5
2509 2463 2836 2521 Novembris
2860 2477 3273 2536 percensentur.
3307 2466 3445 2534 Quid
3476 2467 3522 2522 si

1960 2567 2104 2618 unus
2157 2553 2412 2626 idemque
2462 2554 2668 2611 fuerit?
2715 2558 2930 2627 quoties
2978 2557 3032 2612 in
3080 2557 3400 2629 Menologiis
3422 2571 3524 2614 oc-

283 3565 522 3619 nianum
550 3565 598 3628 i,
623 3565 848 3619 excluso
870 3566 1086 3634 penitus
1111 3564 1419 3618 Iustiniano
1434 3563 1499 3618 “‘-
1533 3563 1639 3620 Sed
1666 3580 1870 3637 cogno-

285 3669 408 3716 sce,
445 3669 564 3722 quae
593 3649 1062 3740 comminiscetur,
1099 3653 1192 3708 uti’
1225 3667 1405 3720 suam,
1453 3648 1870 3724 quoquo—modo

293 3741 493 3810 possit,
535 3742 856 3802 sententiam
905 3751 1132 3798 tutetur.
1181 3740 1342 3798 Videt
1370 3742 1562 3799 eodem
1593 3745 1646 3798 in
1699 3745 1868 3800 Sitic-

287 3839 430 3884 tauo
478 3821 782 3900 Menologio
812 3833 879 3888 ad
915 3826 1336 3904 t9'Decembris
1387 3834 1717 3894 mentionem
1752 3826 1886 3907 tieri‘

293 3922 368 3974 de
391 3930 589 3976 sancto
621 3921 885 3992 Gregorio
909 3910 1290 3994 Agrigentinc,
1329 3933 1494 3996 atque
1523 3924 1652 3982 hinc
1682 3927 1872 3982 statuit

285 4013 441 4067 alnos
474 4011 770 4081 Gregorius
809 4014 1288 4084 Agrigentinorum
1333 4017 1667 4088 episcopos,”
1679 4033 1868 4082 unum,

289 4103 406 4156 hoc
427 4113 521 4158 est
539 4101 924 4171 Lentttianusn,
951 4107 1056 4176 qui
1079 4105 1278 4161 vixerit
1307 4105 1619 4164 Iustiniano
1653 4107 1673 4162 Ι
1701 4107 1870 4179 Aug.,

289 4191 464 4262 eique
504 4202 724 4263 arrogat
753 4195 1015 4264 elogium,
1058 4196 1206 4266 quod
1235 4198 1301 4251 ad
1346 4197 1417 4252 25
1447 4195 1768 4254 Novembris
1815 4200 1866 4252 in

295 4280 576 4340 Sirletano
607 4283 914 4358 Menologio
948 4287 1186 4358 legitur;
1233 4289 1467 4346 alterum
1496 4289 1794 4346 Iustiniani
1824 4289 1870 4346 ll

303 4385 474 4440 regno
501 4373 760 4442 vindicat,
784 4391 945 4446 quem
997 4378 1312 4436 meminisse
1340 4380 1480 4434 idem
1509 4377 1869 4449 Menologium

1961 3551 2196 3622 telligat,
2227 3547 2418 3607 eadem
2471 3553 2804 3610 Sirietanum
2832 3557 3057 3630 dixisse,
3111 3568 3274 3627 atque
3309 3559 3538 3615 Basilia-

1969 3641 2102 3696 num
2153 3640 2542 3711 Meuologim,
2597 3644 2934 3715 proinderjue
2983 3659 3202 3702 nostras
3249 3649 3304 3724 in
3357 3663 3536 3720 partes

1971 3731 2173 3795 venire,
2213 3746 2243 3786 a
2279 3730 2554 3802 Cajetanis
2585 3736 2920 3792 abscedere?

2040 3819 2227 3876 XLIII.
2257 3819 2432 3878 Venio
2458 3813 2676 3880 tandem
2707 3827 2773 3880 ad
2811 3825 3075 3884 Nicetam.
3129 3827 3228 3884 Hic
3257 3831 3302 3886 si
3337 3831 3537 3888 immo-

1971 3926 2092 3977 rer,
2133 3911 2276 3968 male
2309 3921 2524 3984 tempus
2578 3914 2762 3970 ludam
2795 3931 2812 3968 :
2841 3931 2966 3970 cum
3019 3919 3164 3972 enim
3206 3917 3294 3974 ille
3346 3922 3539 3991 prodat

1972 4004 2092 4076 (lib.
2135 4003 2336 4061 Contra
2365 4003 2586 4064 Latinos
2615 4015 2653 4061 ι.
2688 4005 2754 4060 Vl
2785 4005 2999 4079 Antii".
3031 4010 3156 4064 lect.
3189 4008 3351 4066 Henr.
3375 4011 3538 4067 Cani-

1973 4097 2062 4166 sii)
2103 4095 2426 4168 Gregorium
2465 4096 3094 4169 Comtantinopotitana
3128 4101 3337 4172 synodo
3369 4103 3538 4157 inter-

1973 4184 2161 4250 fuisse,
2191 4189 2324 4256 imp.
2361 4186 2500 4242 (ἕως.
2535 4185 2901 4243 Constantino
2947 4178 3535 4261 Pogonato,'pontiticc

1969 4293 2103 4334 vero
2131 4279 2366 4334 Maximo
2391 4279 2695 4352 Agathone,
2731 4295 2838 4337 non
2870 4295 3166 4352 possumus
3199 4283 3407 4339 meliori
3439 4285 3537 4339 ad-

1974 4367 2262 4424 vocatione
2288 4383 2472 4424 causa:
2506 4379 2708 4429 nostras
2746 4371 2872 4442 jura
2903 4371 3214 4430 defendere.
3247 4372 3538 4443 Cajctanus

295 4473 459 4532 putat
498 4465 564 4520 ad
601 4468 666 4520 19
705 4465 1056 4537 Decembris;
1109 4485 1219 4540 quo
1264 4468 1584 4526 discrimine
1631 4447 1875 4542 neglecto
1905 4447 1949 4502 θ
1976 4474 2077 4530 Pro
2118 4475 2177 4514 δε
2209 4469 2444 4516 "amem
2478 4461 2694 4518 άίθῑίιθι
2723 4461 2988 4526 Νθοθίδῐηο
3019 4465 3148 4535 quia
3197 4466 3262 4522 de
3289 4481 3356 4523 θο
3386 4467 3541 4522 10¢“-

299 4553 511 4610 t‘actum
563 4555 662 4622 ait,
699 4565 761 4610 ut
807 4557 978 4627 priori
1011 4559 1206 4630 partim
1249 4562 1511 4630 imputata
1567 4562 1698 4626 sint,
1755 4575 1876 4632 quae

303 4643 475 4701 unius
502 4645 728 4700 secundi
766 4648 1008 4717 propria.
1041 4657 1201 4718 atque
1229 4663 1294 4702 ex
1335 4650 1548 4705 duobus
1583 4664 1724 4703 unus
1753 4663 1878 4704 coa-

299 4735 473 4790 tuerit
519 4735 836 4807 Gregorius.
881 4741 1084 4810 Argute
1115 4739 1272 4803 satis,
1313 4743 1424 4817 sed
1479 4755 1606 4796 vere
1637 4740 1790 4795 nihil.
1819 4740 1875 4795 Si

301 4825 670 4897 Menologium
697 4827 1028 4884 Sirlelanum
1057 4830 1124 4884 ad
1155 4831 1222 4886 t9
1245 4828 1562 4888 Decembris
1592 4831 1676 4886 vel
1713 4831 1877 4886 mini-

301 4931 457 4972 mum
487 4917 737 4974 innueret
757 4919 825 4975 de
841 4918 982 4990 ejus,
1008 4936 1170 4991 quem
1200 4922 1410 4988 laudat,
1433 4921 1678 4992 Gregorii
1699 4930 1874 4988 aetate,

305 5016 450 5064 esset
505 5009 649 5064 unde
699 5010 858 5066 nobis
897 5012 1300 5080 gratularemur
1337 5011 1406 5066 de
1437 5019 1719 5081 comperta
1755 5010 1876 5081 ejus

301 5093 559 5166 Gregorii
611 5105 792 5162 aetate,
831 5099 964 5169 quin
1011 5107 1192 5154 tamen
1227 5097 1590 5166 Leontianum
1639 5115 1668 5154 a
1698 5097 1870 5156 Iusti-

307 5185 462 5240 niani
502 5183 543 5240 ll
573 5187 910 5256 temporibus
939 5187 1364 5243 dimoveremus.
1394 5185 1588 5256 Porro,
1615 5186 1880 5258 Gregorio

310 5284 503 5329 nostro
529 5275 810 5344 prmivisse
839 5277 956 5332 sive
988 5292 1180 5347 unum,
1215 5277 1331 5333 sive
1363 5277 1546 5347 plures
1587 5275 1881 5348 Gregorius

312 5363 792 5432 Agrigentinorum
833 5365 1032 5430 sidera,
1090 5367 1248 5421 docet
1277 5379 1404 5420 cum
1439 5366 1666 5420 historia
1703 5375 1882 5422 trans-

313 5449 532 5531 lationis
565 5451 736 5507 beata:
764 5454 1075 5524 Agrippinae
1109 5455 1178 5509 ab
1211 5456 1402 5511 eodem
1432 5453 1698 5525 Cajetano
1725 5457 1881 5510 exhi-

313 5541 420 5596 bita
449 5552 489 5596 t.
522 5543 543 5598 l
575 5543 820 5598 Vitarum
855 5544 954 5600 SS.
987 5545 1319 5611 Siculorum,
1350 5563 1473 5618 qum
1501 5548 1658 5602 nobis
1687 5562 1885 5618 suppe-

315 5631 450 5687 ditat
493 5634 596 5690 sub
635 5635 942 5704 Valeriano,
975 5647 1030 5692 et
1055 5637 1303 5693 Gallieno
1328 5640 1504 5710 Augg.
1561 5638 1881 5706 Gregorium

300 5723 602 5791 'qttcmdam
620 5723 1098 5795 Agrigentinorum
1120 5727 1458 5796 episcopum,
1484 5735 1597 5783 tum
1625 5726 1884 5782 Leontius
1924 5770 1928 5774 .

710 5815 985 5878 PATROL.
1016 5817 1132 5880 Gn.
1162 5817 1439 5882 XCVIII.

1977 4559 2092 4604 tum
2123 4549 2386 4621 Gregorio
2415 4562 2608 4620 certat,
2635 4554 2728 4625 qui
2774 4554 2916 4611 alius
2951 4555 3021 4611 ab
3075 4544 3396 4613 Leontiano.
3437 4557 3538 4612 γε.

1976 4657 2097 4696 rum
2136 4643 2416 4698 enimvero
2467 4641 2732 4702 Leontius
2778 4659 2889 4700 non
2937 4645 3103 4700 alium
3158 4646 3317 4704 nobis
3355 4646 3543 4704 laudat

1975 4729 2322 4803 Gregorium,
2355 4735 2462 4790 nisi
2508 4739 2601 4806 qui
2631 4735 2799 4792 vitam
2831 4737 3050 4794 duxerit
3101 4751 3319 4794 summo
3350 4739 3542 4796 buma-

1977 4837 2170 4878 narum
2198 4837 2380 4880 rerum
2429 4825 2674 4896 Byzantii
2716 4827 3009 4898 praeposito
3042 4827 3406 4886 Constantino
3438 4830 3542 4886 Po-

1977 4921 2200 4984 gcnato,
2243 4915 2472 4987 ejusque
2523 4915 2586 4972 F.
2637 4915 2948 4976 Iustiniano
2979 4918 3025 4974 ll
3068 4921 3219 4990 regni
3265 4933 3540 4985 consorte,

1977 5019 2261 5061 sacrorum
2291 5021 2422 5063 vero
2455 5008 2642 5064 Romae
2673 5010 2915 5066 antistite
2945 5010 3264 5082 Agathone;
3301 5020 3362 5070 ut
3381 5013 3546 5084 ipsis-

1981 5096 2152 5154 simus
2181 5098 2252 5156 sit
2280 5097 2482 5155 Nicetae
2519 5099 2836 5172 Gregorius,
2873 5110 3038 5173 atque
3077 5101 3312 5168 Leontii,
3369 5104 3546 5158 hunc-

1981 5200 2089 5254 que
2133 5187 2414 5258 duplicare
2459 5189 2614 5260 juxta
2661 5193 2754 5258 sit,
2787 5203 2950 5262 atque
2993 5208 3132 5247 nova
3180 5193 3546 5248 intermundia

1971 5275 2269 5346 Epicureis
2298 5294 2574 5350 aggerere.
2609 5279 2716 5336 Sed
2753 5282 2968 5343 desinat
3005 5285 3302 5356 aliquando
3333 5283 3547 5354 Cajeta-

1984 5382 2090 5424 nus
2111 5369 2369 5439 quoniam
2395 5372 2576 5442 gladio
2599 5372 2762 5444 320
2783 5375 2990 5444 nequit,
3017 5376 3258 5432 volsellis
3282 5379 3565 5445 pugnate;

1981 5461 2168 5513 conari
2195 5461 2408 5517 desinat
2437 5477 2695 5520 revocare
2733 5463 3054 5536 Gregorium
3101 5467 3168 5518 ad
3201 5463 3496 5520 Iustiniani
3529 5466 3544 5517 l

1983 5558 2217 5614 atatem,
2245 5551 2391 5620 quod
2432 5562 2650 5609 strenue
2675 5565 2949 5626 oppugnat
2993 5554 3276 5618 Leontius,
3320 5569 3350 5609 e
3382 5555 3544 5624 cujus

1983 5645 2400 5708 commentario,
2455 5643 2720 5714 quidquid
2765 5639 2842 5700 'de
2897 5643 3350 5714 tanto'opiscopo
3399 5645 3548 5704 novit

1986 5731 2298 5801 posteritas,
2323 5733 2467 5790 velut
2504 5749 2646 5806 aqua
2669 5750 2700 5791 e
2726 5735 2890 5801 fonte,
2919 5733 3238 5790 dimanavit.

2947 5824 3026 5887 39
