4038 6274
467 283 599 349 1231

1693 287 2039 350 ᾹΝΟΝΥΜΙ
2080 286 2543 350 BECUCCIAN-I
2603 297 2611 304 '

3593 285 3718 354 lii!

458 391 620 449 Patre
647 400 773 450 ante
802 391 980 450 omnia
1017 393 1211 452 saecula
1243 394 1444 466 absque
1477 402 1665 461 matre,
1701 395 1821 450 sine
1847 409 2038 480 corru-

2142 394 2230 448 τοῦ
2258 394 2473 464 Πατρὸς
2507 393 2614 464 πρὸ
2642 393 2860 449 πάντων
2908 395 3016 449 τῶν
3045 395 3254 452 αίώνων
3285 394 3622 482 άῤῥεῦστως
3635 401 3719 453 καὶ

459 483 646 554 ptione
693 491 856 553 atque
898 484 1176 552 passione,
1219 492 1274 540 et
1306 499 1402 554 per
1451 485 1626 556 ipsum
1680 486 1864 540 omnia
1896 474 2042 541 facta

459 573 606 633 sunt.
639 574 855 630 Ultimis
885 590 1023 630 vero
1069 577 1398 646 temporibus
1433 577 1708 634 voluntate
1755 577 1957 643 Patris,
1985 589 2043 634 et

464 667 847 733 cooperationc
911 663 1149 735 Spiritus
1197 667 1368 722 sancti
1419 668 1702 723 descendit
1752 667 1924 725 Filius
1977 676 2033 724 et

472 751 701 810 Verbum
721 753 852 821 iDei,
891 764 947 810 et
994 757 1304 812 incarnatus
1344 767 1428 813 est
1459 774 1524 812 ex
1559 769 1748 816 sancta
1790 759 2036 830 Dei‘para,

457 859 784 914 semperque
805 845 1014 914 virgine
1034 843 1225 911 Maria,
1250 861 1358 902 non
1384 856 1619 904 mutatus
1643 848 1696 903 in
1725 849 2036 915 divinitate,

464 951 640 1006 neque
659 937 952 992 ementitus
976 939 1221 993 humanae
1241 949 1446 993 natura:
1468 941 1888 1011 assumptionem
1909 958 1923 998 :
1947 941 2040 998 sed

452 1025 606 1084 hens
625 1031 895 1085 exsistens
919 1029 1214 1100 perfectus:
1238 1029 1415 1087 iactus
1443 1041 1520 1087 est
1541 1031 1811 1102 perfectus
1831 1034 1994 1088 homo
2020 1071 2037 1098 ,

461 1120 840 1178 intellectualis
866 1131 920 1177 et
946 1125 1217 1178 animatus
1244 1141 1261 1190 ;
1289 1138 1395 1180 non
1423 1125 1673 1180 deferens
1699 1140 1922 1182 earnem
1955 1125 2036 1197 (6)

460 1212 698 1278 ectelo,
739 1222 796 1266 ιιι
847 1212 996 1282 impii
1063 1213 1285 1282 quidam
1345 1213 1585 1270 haeretici
1651 1214 1978 1270 dictitarunt
2020 1254 2036 1281 ,

460 1320 636 1375 neque
661 1311 914 1374 tanquam
937 1319 1034 1375 per
1053 1306 1236 1359 tubum
1259 1306 1446 1362 exiens
1467 1321 1534 1362 ex
1564 1315 1751 1363 sancta
1773 1307 1862 1364 Dei
1870 1323 2000 1378 para
2021 1326 2038 1376 ;

461 1397 555 1453 sed
589 1397 657 1452 ab
699 1397 1018 1452 intemerata
1048 1412 1168 1452 eam
1229 1399 1434 1468 accepit
1462 1397 1709 1469 Deipara,
1751 1409 1807 1455 et
1829 1415 1891 1454 ex
1925 1399 2040 1471 ipsa

460 1495 621 1542 natus
669 1495 754 1541 est
803 1499 1030 1542 servans
1080 1487 1325 1541 eamdem
1373 1471 1665 1558 'Virginem
1701 1490 1864 1544 etiam
1917 1499 2044 1561 post

447 1585 695 1648 partum,
748 1577 938 1632 matris
989 1577 1206 1645 quidem
1233 1593 1431 1647 expers
1484 1589 1666 1644 antea,
1701 1590 1856 1649 patre
1909 1595 2041 1636 vero

438 1681 652 1721 Icarens
679 1675 862 1736 postea
889 1681 910 1732 ;
947 1665 1089 1719 unde
1125 1653 1260 1721 duas
1289 1667 1462 1737 ipsius
1490 1669 1873 1738 generationes
1898 1685 2036 1726 con-

2141 484 2390 550 ἀπαθῶς,
2423 484 2594 555 χωρὶς
2624 483 2852 556 μητρὸς,
2883 485 2976 540 καὶ
3003 485 3074 540 δι’
3105 486 3267 541 αὑτοῦ
3294 489 3370 542 τά
3403 488 3586 542 πάντα
3615 491 3720 559 ἐγέ-

2140 592 2280 630 νετο.
2315 574 2428 630 Καὶ
2463 577 2551 629 ἐπ’
2580 577 2828 646 ἐσχάτων
2873 577 2929 630 δὲ
2966 577 3077 631 τῶν
3119 578 3334 649 χρόνων
3379 580 3604 652 εὐδοκία
3636 582 3718 636 τοῦ

2140 665 2356 735 Harpe;
2389 667 2483 718 καὶ
2530 666 2824 736 συνεργείᾳ
2862 666 2954 720 τοῦ
2990 668 3150 736 άγίου
3176 669 3510 740 Πνεῦματος
3535 671 3720 741 κατῆλ-

2141 759 2232 813 θεν
2269 760 2296 811 ὁ
2332 756 2459 822 Υἱὸς
2509 759 2604 822 καὶ
2657 759 2830 826 Λόγος
2869 759 2963 813 τοῦ
3009 759 3168 826 Θεοῦ,
3214 761 3310 814 καὶ
3347 763 3640 834 ἐσαρκώθη
3663 766 3720 816 ἐκ

2139 850 2242 916 τῆς
2289 850 2454 918 ἁγίας
2505 849 2762 904 θεοτόκου
2796 850 2910 905 καὶ·
2942 851 3030 906 ἀεὶ
3067 851 3351 924 Παρθένου
3391 855 3637 926 Μαρίας,
3665 857 3718 908 οὗ

2139 942 2370 1013 τραπεὶς
2398 945 2464 1014 τῇ
2497 941 2734 1012 θεότητι,
2778 943 2902 996 οὐδὲ
2928 933 3210 1014 φαντάσας
3235 944 3340 1016 τὴν
3367 946 3681 1017 οἰκονομίαν
3701 963 3716 976 ·

2139 1030 2274 1084 ἀλλά
2313 1031 2446 1095 Θεὺς
2474 1031 2550 1085 ὣν
2578 1030 2810 1097 τέλειος,
2829 1031 3026 1100 γέγονε
3053 1033 3256 1098 τέλειος
3286 1033 3608 1104 ἄνθρωπος,
3639 1035 3718 1088 εν-

2141 1139 2304 1190 νους,
2363 1123 2457 1176 καὶ
2511 1122 2757 1194 ἔμψυχος
2779 1139 2794 1155 ·
2835 1123 2897 1177 οὐ
2945 1124 3294 1194 κατενεγκὼν
3331 1128 3438 1198 τὴν
3469 1128 3644 1198 σάρκα
3669 1129 3722 1196 ἐξ

2140 1212 2395 1284 οὐρανοῦ,
2425 1213 2500 1278 ὡς
2527 1214 2676 1269 άθεοι
2711 1213 2928 1286 ἐφησάν
2951 1233 3098 1280 τινες
3119 1217 3230 1271 τῶν
3263 1217 3572 1288 αίρετικῶν
3591 1262 3606 1287 ,
3637 1223 3722 1274 καὶ

2139 1302 2216 1366 ὡς
2242 1301 2330 1356 διὰ
2376 1303 2618 1374 σωλῆνος
2660 1303 2888 1360 διελθὼν
2941 1307 3050 1360 ἀπὸ
3079 1307 3178 1380 τῆς
3220 1308 3394 1378 άγίας
3426 1310 3716 1366 Θεοτόκου*

2139 1391 2280 1446 ἀλλὰ
2338 1391 2448 1446 ἀπὸ
2496 1393 2597 1462 τῆς
2639 1395 2912 1466 ἀχράντου
2933 1395 3206 1452 Θεοτόκου
3235 1399 3454 1471 ταύτην
3484 1401 3719 1468 ἀνέλαϐε,

2140 1479 2234 1532 καὶ
2300 1481 2567 1552 ἐγεννήθη
2604 1482 2664 1548 ἐξ
2711 1484 2902 1554 αὐτῆς,
2929 1485 3175 1554 φυλάξας
3203 1487 3425 1559 ταύτην
3459 1489 3720 1561 Παρθένον

2140 1569 2236 1626 καὶ
2274 1571 2412 1642 μετά
2437 1571 2718 1642 γέννησιν,
2753 1575 2990 1646 ἀμήτωρ
3037 1575 3139 1642 μὲν
3170 1575 3233 1630 τὸ
3259 1577 3562 1649 πρότερον,
3586 1580 3720 1634 ἀπά-

2141 1679 2254 1734 τωρ
2279 1662 2336 1717 δὲ
2359 1663 2421 1716 τὸ
2464 1662 2739 1736 δεύτερον.
2767 1665 2941 1720 *υθεν
2983 1667 3078 1720 δύο
3104 1667 3274 1722 αὐτοῦ
3310 1670 3416 1734 τὰς
3453 1671 3721 1742 γεννήσεις

452 1757 699 1812 litemnr.
751 1754 926 1810 Unum
956 1756 1363 1829 quoqueipsum
1395 1758 1624 1814 dicimus
1656 1758 1823 1814 Deum
1850 1768 1904 1816 et
1941 1764 2035 1818 bo-

2142 1752 2536 1824 ὁμολογοῦμεν.
2564 1753 2679 1808 ἰνα
2707 1755 2803 1808 καῖ
2829 1756 3118 1812 τὸνίαὸτύν
3141 1775 3331 1830 φαμεν
3361 1759 3498 1813 Θεὸν
3520 1761 3612 1814 καὶ
3633 1761 3718 1814 άν-

458 1849 684 1913 tninem,
739 1862 846 1900 non
879 1855 1060 1901 autem
1108 1849 1244 1904 duas
1290 1848 1530 1919 ejusdem
1561 1865 1685 1906 esse
1716 1839 2036 1923 Iiypnstases

459 1941 837 2011 praedicamus,
883 1939 1027 1994 velut
1063 1939 1260 2009 impius
1297 1938 1510 1996 elItttire
1543 1955 1709 1999 ausus
1728 1952 1809 1998 est
1841 1943 2033 1999 Nesto-

461 2031 576 2087 rius
613 2046 734 2086 cum
760 2031 1027 2096 asseclis;
1059 2031 1151 2086 séd
1180 2046 1341 2086 unam
1399 2032 1571 2103 ipsius
1606 2035 1837 2091 dicimus
1866 2039 2037 2109 hypo-

459 2123 633 2180 stasin
651 2125 813 2178 etiam
842 2132 964 2192 post
983 2122 1436 2178 incarnationem.
1462 2124 1666 2179 Sancta
1696 2127 1842 2180 enim
1875 2128 2030 2198 ejus-

465 2219 586 2273 dem
617 2230 746 2272 caro
776 2216 827 2270 in
862 2215 1028 2286 ipsius
1069 2213 1234 2270 Verbi
1269 2213 1362 2270 Dei
1388 2217 1637 2274 subsistit
1686 2218 1962 2287 bypostasi
2013 2237 2030 2286 ;

443 2316 519 2364 «et
558 2307 698 2362 hanc
721 2306 1041 2378 hypostasin
1087 2305 1280 2362 habuit
1309 2315 1365 2374 et
1394 2307 1556 2362 habet
1581 2325 1595 2372 ;
1625 2323 1793 2379 quare
1818 2312 2041 2366 cnnlite-

461 2415 588 2455 mur
617 2415 782 2454 unum
814 2409 870 2454 et
921 2398 1100 2472 ipsum
1135 2398 1298 2453 Deum
1328 2407 1383 2454 et
1424 2397 1702 2474 hominem
1749 2400 2038 2460 Dominum

462 2505 712 2551 nOStrum
757 2489 941 2547 Iesum
978 2491 1273 2546 Christum.
1306 2490 1425 2562 Ipse
1464 2493 1609 2547 enim
1643 2501 1729 2548 cst
1755 2509 1963 2563 nngens
1987 2505 2044 2552 et

465 2597 549 2660 est
583 2594 778 2642 unctus
811 2599 1061 2656 :ungens
1093 2584 1334 2653 quidem,
1371 2593 1428 2642 ut
1456 2583 1595 2640 Deus
1624 2602 1644 2655 ;
1679 2595 1872 2641 unctus
1891 2603 2041 2656 vero,

467 2690 524 2733 nt
558 2679 739 2733 homo.
779 2675 1043 2731 Christus
1079 2673 1161 2746 (7)
1191 2674 1338 2730 enim
1381 2685 1604 2731 vocatus
1631 2678 1733 2745 iuit
1763 2678 1818 2732 in
1873 2681 2041 2734 altera

463 2768 704 2838 ejusdem
745 2767 1110 2837 generatione,
1138 2756 1244 2820 non
1271 2773 1474 2829 autem,
1499 2774 1557 2820 ut
1585 2766 1894 2838 Origeniaui
1924 2767 2044 2824 dic-

445 2864 648 2924 titant,
693 2868 819 2916 ante
859 2857 1077 2915 sucula.
1127 2857 1370 2914 Dicimus
1389 2866 1570 2913 autem
1619 2868 1676 2914 et
1721 2859 2045 2917 conﬁtemur

444 2967 594 3010 cum
615 2951 881 3020 duplicem
908 2958 1124 3015 natura,
1149 2947 1353 3004 scilicet
1380 2947 1687 3020 perfectum
1727 2948 1894 3008 Deum
1921 2966 2044 3021 per-

2137 1842 2374 1915 θρωπον.
2415 1845 2490 1900 Οὐ
2520 1845 2615 1899 δύο
2657 1847 2716 1901 δὲ
2759 1847 2924 1902 αὑτοῦ
2969 1848 3202 1920 λέγομεν
3237 1850 3346 1914 τάς
3381 1851 3716 1916 ὑποστάσει·,

2133 1939 2209 2004 ὡς
2243 1941 2272 1992 ὁ
2305 1939 2511 2012 ἀσεϐὴς
2543 1940 2848 2013 ἐτόλμησεν
2881 1943 3055 1998 εἰπεῖν
3090 1944 3420 2016 Νεστόριος,
3453 1947 3546 2000 καὶ
3560 1949 3607 2000 oi
3629 1948 3714 2000 σὺν

2137 2031 2288 2103 αὐτῷ
2309 2049 2323 2063 ο
2353 2032 2486 2086 ἀλλὰ
2513 2033 2642 2104 μίαν
2677 2033 2846 2088 αὑτοῦ
2876 2034 3108 2106 λέγομεν
3146 2037 3246 2110 τὴν
3285 2031 3606 2093 ὑπόστασιν
3635 2039 3718 2092 καὶ

2139 2121 2283 2192 μετά
2305 2121 2605 2192 σάρκωσιν.
2636 2124 2700 2191 Ἡ
2719 2125 2828 2196 γὰρ
2842 2126 2976 2196 άγία
2994 2127 3162 2183 αὐτοῦ
3197 2128 3342 2203 σὰρξ
3383 2131 3444 2184 ἐν
3465 2132 3530 2203 τῇ
3567 2130 3714 2184 αὑτοῦ

2138 2212 2232 2266 τοῦ
2245 2213 2378 2268 Θεοῦ
2395 2213 2568 2284 Λᾴγου
2583 2215 2792 2289 ὑπέστη
2810 2217 3126 2288 ὑποστάσει,
3146 2221 3240 2278 καὶ
3260 2221 3478 2294 ταύτην
3497 2221 3618 2294 ἔσχε
3631 2223 3716 2275 καὶ

2140 2304 2254 2376 ἔχει
2281 2307 2579 2364 ὑπόστασιν
2605 2325 2620 2341 ο
2647 2308 2773 2364 ὅθεν
2806 2310 3178 2383 ὁμολογοῦμεν
3196 2311 3302 2367 ενα
3337 2315 3436 2370 καὶ
3456 2316 3548 2368 τὸν
3569 2314 3716 2369 αὑτὸν

2139 2396 2274 2451 Θεὸν
2290 2399 2384 2451 καὶ
2400 2398 2708 2471 ἄνθρωπον,
2726 2401 2818 2454 τὸν
2833 2401 3038 2474 Κύριον
3057 2405 3090 2473 ἠ
3097 2403 3214 2476 μῶν
3239 2403 3460 2476 Ἰησοῦν
3475 2406 3714 2477 Χριστόν.

2138 2492 2314 2574 esca;
2341 2493 2450 2566 γάρ
2485 2497 2632 2551 ἐστιν
2657 2498 2685 2550 ὁ
2703 2497 2874 2568 χρίων
2901 2499 2997 2552 καὶ
3023 2499 3052 2552 ὁ
3077 2499 3410 2570 χρώμενος’
3436 2500 3600 2570 χρίων
3628 2501 3712 2568 μὲν

2135 2583 2215 2648 ὡς
2239 2584 2392 2648 Θεὸς,
2417 2587 2706 2658 χριόμενος
2735 2589 2793 2642 δέ
2813 2589 2889 2653 ὡς
2917 2589 3230 2662 ἄνθρωπος.
3268 2591 3514 2664 Χριστὸς
3534 2591 3588 2644 δέ
3607 2591 3714 2642 τότε

2141 2675 2346 2748 ἐκλήθη
2401 2679 2460 2730 ἐν
2495 2680 2562 2750 τῇ
2608 2679 2841 2752 δευτέρᾳ
2868 2680 3038 2735 αὐτοῦ
3078 2681 3362 2753 γεννήσει,
3404 2683 3498 2738 καὶ
3531 2680 3709 2752 οὐχὼς

2155 2767 2558 2836 Ὠριγενιασταὶ
2615 2769 2858 2840 λέγουσι,
2893 2761 3000 2843 πρὸ
3047 2770 3158 2826 τῶν
3212 2771 3713 2840 αίὼνων.Λέγομεν

2142 2850 2199 2912 δὲ
2253 2861 2348 2914 καὶ
2395 2861 2773 2934 ὁμολογοῦμεν
2803 2863 2969 2921 αὐτὸν
2996 2863 3219 2920 διπλοῦν
3250 2868 3325 2938 τῇ
3381 2865 3564 2936 φύσει,
3592 2864 3711 2916 Θεὸν

2142 2949 2350 3006 τέλειον
2390 2952 2486 3006 καὶ
2530 2953 2820 3026 ἄνθρωπον
2850 2955 3090 3023 τέλειον,
3125 2955 3375 3028 παθητὸν
3409 2957 3516 3032 μὲν
3543 2958 3605 3026 τῇ
3635 2956 3713 3004 ἁν-

446 3047 784 3114 ’4ιιυιιιιιιιιιια
861 3041 1134 3100 hominem
1166 3079 1182 3106 ,
1227 3040 1536 3112 passibilem
1585 3041 1802 3111 quidem
1865 3045 2040 3114 quoad

2145 3037 2484 3112 θρωπότητι,
2517 3041 2709 3112 ἀπαθῆ
2737 3043 2797 3096 δι
2839 3047 2908 3116 τῇ
2935 3045 3152 3118 θεότητι
3172 3062 3190 3079 ο
3225 3047 3493 3100 πεινάσαι
3539 3062 3595 3099 τε
3626 3045 3708 3106 και

462 3136 884 3199 humanitatem,
925 3130 1310 3200 impassibilem
1353 3145 1482 3187 vero
1553 3131 1730 3201 quoad
1795 3131 2045 3188 divinita-

468 3241 576 3286 tem
605 3246 620 3297 ;
641 3227 958 3289 esui-ivisse,
978 3221 1308 3289 etsitivisse,
1331 3233 1386 3279 et
1400 3223 1720 3290 comedisse,
1743 3231 1798 3300 et
1817 3223 2041 3292 bibisse,

467 3334 524 3379 et
557 3321 856 3386 laborasse,
894 3328 948 3374 et
989 3317 1310 3374 dorutivisse
1328 3323 1520 3384 sponte
1539 3322 1593 3369 et
1619 3314 1920 3380 secundum
1945 3329 2042 3368 ua-

473 3422 606 3468 tunc
627 3409 1172 3480 legem.Ettanquam
1199 3406 1341 3462 Deus
1370 3405 1552 3468 divina
1579 3402 1708 3459 fecit
1734 3415 1790 3460 et
1834 3405 2038 3476 glorio-

470 3515 567 3557 sa:
606 3515 802 3570 aquam
843 3499 1090 3554 \vertit'tn
1141 3497 1347 3562 vinum,
1377 3495 1568 3555 oculos
1601 3511 1746 3552 caeco
1793 3496 2042 3566 aperuit,

472 3603 714 3647 mortuos
744 3591 811 3646 ad
849 3590 1014 3644 vitam
1058 3589 1334 3646 revocavit
1365 3627 1382 3654 ,
1423 3587 1585 3644 siccis
1615 3588 1846 3659 pedibus
1869 3603 2036 3660 super

471 3700 622 3738 mare
641 3681 964 3756 ambulavit,
1005 3688 1060 3735 et
1091 3691 1310 3736 caetera.
1339 3679 1385 3736 Ι]
1397 3689 1416 3735 ι
1441 3681 1600 3736 homo
1630 3695 1760 3736 vero
1807 3682 2044 3735 humana

470 3775 723 3845 patravit.
781 3773 924 3827 Duas
975 3786 1110 3841 ergo
1155 3770 1459 3828 voluntates
1510 3769 1684 3840 ipsius
1726 3771 2040 3836 statuimus,

471 3867 718 3936 duasque
768 3863 1134 3936 operationes,
1186 3861 1426 3918 divinam
1487 3873 1648 3931 atque
1698 3863 2042 3920 humanam:

470 3968 686 4015 etcum
746 3955 882 4012 duas
931 3953 1169 4010 audieris
1199 3952 1250 4010 in
1311 3951 1540 4008 Domino
1590 3949 1942 4016 voluntates,
1973 3967 2046 4006 ne

473 4047 752 4106 existimes
792 4058 914 4103 esse
966 4045 1106 4100 inter
1138 4059 1199 4099 se
1247 4053 1548 4112 pugnantes
1593 4056 1657 4096 ac
1698 4043 2044 4110 contrarias;

477 4151 664 4194 verum
719 4151 782 4191 ea
838 4134 1024 4191 volens
1060 4132 1291 4188 faciebat
1347 4133 1588 4188 humana
1639 4140 1873 4197 natura,
1923 4147 2045 4202 qua:

473 4231 653 4286 divina
690 4227 810 4300 ejus
836 4225 1008 4282 voluit
1043 4227 1294 4279 voluntas
1325 4241 1340 4278 :
1372 4238 1709 4294 quaecunque
1737 4225 1878 4280 enim
1905 4225 2048 4280 vole-

475 4322 588 4389 bat,
617 4327 846 4390 poterat,
877 4331 938 4372 ac
966 4315 1198 4370 iaciebat
1221 4331 1236 4381 ;
1261 4329 1370 4368 non
1397 4317 1554 4370 enim
1583 4315 1808 4372 alterius
1830 4315 2042 4386 indige-

2143 3129 2385 3201 διψῆσαι,
2439 3133 2535 3187 καὶ
2577 3136 2796 3203 φαγεῖν,
2843 3135 2938 3202 καὶ
2986 3139 3155 3203 πιεῖν,
3182 3139 3282 3192 καὶ
3319 3138 3601 3200 κοπιάσαι,
3627 3134 3709 3188 καὶ

2144 3223 2388 3277 ὑπνῶσαι
2444 3225 2713 3290 ἑκουσίως
2755 3227 2852 3282 καὶ
2907 3227 3058 3300 νόμῳ
3107 3228 3352 3300 φύσεως.
3381 3231 3494 3284 Καὶ
3519 3227 3588 3291 ὡς
3619 3227 3707 3296 μὲν

2142 3313 2274 3378 Θεὸς
2299 3313 2538 3386 ἔπραττε
2565 3316 2635 3372 τὰ
2667 3317 2790 3372 θεῖα
2819 3320 2914 3373 καὶ
2935 3319 3144 3396 ἔνδοξα,
3165 3320 3226 3375 τὸ
3249 3303 3486 3394 ποιῆσαι
3500 3319 3558 3373 τὸ
3578 3317 3706 3386 ὕδωρ

2142 3400 2306 3472 οἶνον,
2337 3407 2432 3462 καὶ
2461 3406 2523 3460 τὸ
2540 3408 2871 3480 ὀμματῶσαι
2898 3411 3122 3480 τυφλὸν,
3141 3413 3237 3466 καὶ
3271 3413 3576 3482 ἀναστῆσαι
3597 3411 3707 3470 τοὺς

2139 3499 2390 3568 νεκροὺς,
2422 3499 2519 3553 καὶ
2558 3499 2822 3566 πεζεῦσαι
2870 3503 2967 3558 ἐπὶ
3004 3503 3103 3575 τῆς
3139 3503 3422 3578 θαλάσσης
3469 3503 3704 3574 ἀϐρόχοις

2143 3591 2294 3655 ποσὶ,
2349 3592 2444 3645 καὶ
2497 3591 2568 3646 τά
2602 3586 2770 3649 λοιπά
2792 3609 2807 3624 ·
2841 3593 2918 3658 ὡς
2959 3593 3249 3668 ἄνθρωπος
3305 3599 3366 3654 δὲ
3396 3596 3621 3667 ἔπραττε
3643 3590 3705 3644 τά

2142 3678 2476 3750 ἀνθρώπινα.
2521 3681 2627 3736 Δύο
2670 3682 2727 3738 δέ
2771 3683 2940 3738 αὐτοῦ
2977 3684 3276 3758 δοξάζομεν
3313 3686 3414 3752 τὰς
3449 3684 3704 3754 θελήσας.

2142 3770 2241 3825 καὶ
2271 3771 2370 3836 τάς
2400 3773 2710 3846 ἐνεργείας,
2733 3774 2887 3830 θείαν
2915 3776 3010 3830 καὶ
3030 3777 3407 3851 ἀνθρωπίνην.
3431 3774 3706 3846 Θελήματα

2145 3863 2200 3916 δέ
2232 3861 2326 3916 δύο
2353 3862 2593 3928 ἀκούσας
2613 3865 2713 3919 ἐπὶ
2743 3863 2838 3920 τοῦ
2869 3867 3104 3939 Κυρίου,
3139 3869 3216 3939 μὴ
3251 3868 3554 3940 μαχόμενα,
3583 3860 3704 3932 μηδὲ

2145 3955 2535 4026 ἐναντιούμενα
2589 3955 2848 4030 ἀλλήλοις.
2885 3959 3015 4016 νόει.
3063 3959 3226 4015 Ἀλλά
3284 3945 3458 4018 ταῦτὰ
3497 3957 3703 4013 θέλουσα

2145 4043 2412 4116 ἔπραττεν
2461 4047 2495 4114 ἡ
2550 4045 2872 4118 ἀνθρωπίνη
2914 4048 3101 4118 φύσις,
3133 4049 3278 4122 ἅπερ
3329 4053 3363 4124 ὴ
3411 4049 3526 4105 θεία
3553 4039 3701 4101 αὑτοῦ

2146 4133 2305 4206 ηοελε
2335 4134 2555 4207 θέλησις
2575 4152 2589 4170 ·
2627 4137 2726 4190 ὅσα
2747 4137 2854 4210 γὰρ
2884 4137 3098 4209 ἢθελεν,
3127 4139 3362 4210 ἠδύνατο
3391 4141 3483 4194 καὶ
3505 4134 3664 4192 ἐποίει
3685 4147 3700 4164 ο

2145 4226 2207 4278 οὐ
2237 4225 2347 4297 γὰρ
2398 4225 2578 4279 ἐδέετο
2623 4225 2834 4297 ἐτέρου.
2867 4227 3084 4283 Ἔπαθε
3111 4229 3169 4284 δέ
3194 4229 3478 4293 ἑκουσίως,
3507 4228 3699 4295 ἑφρ²γ⁶

2147 4312 2381 4390 γελώθη,
2417 4317 2750 4390 ἐνεπτύσθη,
2781 4321 2876 4373 καὶ
2906 4321 3228 4394 ἐσταυρώθη
3249 4361 3264 4383 ,
3298 4317 3566 4391 ὲκεντήθη
3589 4315 3699 4380 λόγ-

479 4414 592 4467 bat.
628 4411 834 4480 Sponte
863 4417 1041 4462 autem
1077 4421 1270 4475 passus
1305 4416 1414 4471 est,
1449 4405 1776 4477 Dagellatus,
1808 4422 2040 4478 conspu-

2145 4423 2218 4482 χῃ
2240 4409 2340 4482 τὴν
2398 4409 2664 4483 πλευράν,
2695 4411 2943 4481 ἐπήγασέ
2991 4427 3050 4464 τε
3109 4410 3171 4476 ἐξ
3213 4411 3387 4482 αὐτῆς
3441 4402 3572 4477 αἷμα
3616 4399 3700 4457 καὶ

477 4514 566 4560 tus
599 4511 654 4558 et
673 4479 1004 4564 cruciﬁxus,
1035 4498 1222 4554 lancea
1256 4499 1314 4554 in
1343 4498 1511 4553 latere
1537 4498 1870 4564 vulneratus,
1895 4499 2041 4555 unde

470 4595 696 4667 sanguis
718 4605 772 4648 et
800 4608 940 4664 aqua
966 4591 1155 4654 exivit,
1189 4591 1380 4646 salutis
1410 4591 1771 4657 conciliatrix,
1809 4602 1866 4648 et
1895 4593 2042 4649 velut

475 4689 638 4742 homo
676 4693 926 4739 mortuus
941 4690 1044 4738 est.
1076 4679 1145 4736 Ut
1165 4679 1304 4736 Deus
1333 4695 1462 4736 vero
1485 4683 1724 4738 surrexit
1751 4697 1848 4736 sua
1871 4684 2044 4752 ipsius

471 4777 768 4840 voluntate,
801 4775 1068 4840 excitans,
1113 4773 1264 4843 quia
1307 4772 1506 4829 saeculo
1536 4775 1904 4836 dormierant,
1931 4791 2058 4850 non.

471 4880 708 4930 omnes,
771 4865 864 4919 sed
923 4863 1134 4934 dignos.
1183 4859 1556 4932 Quadraginta
1607 4869 1788 4918 autem
1850 4862 2042 4920 tliebus

471 4973 582 5015 una
618 4965 970 5013 conversatus
1013 4963 1096 5012 est
1149 4969 1270 5011 cum
1321 4953 1526 5010 sanctis
1591 4954 1868 5024 discipulis
1926 4955 2043 5011 suis

407 5077 412 5084 -
470 5061 592 5121 pust
663 5047 1149 5112 resurrectionem,
1199 5056 1256 5103 et
1279 5059 1607 5102 convescens
1643 5060 1766 5100 cum
1825 5044 1905 5100 eis
1957 5061 2044 5102 as-

469 5149 718 5210 sumptus
751 5149 834 5194 est
860 5139 914 5193 in
939 5137 1138 5194 coelum
1175 5154 1280 5194 una
1307 5127 1430 5193 cum
1487 5137 1838 5192 immaculato
1865 5151 1967 5194 suo
1991 5146 2044 5192 et

472 5232 718 5304 principe
811 5229 1108 5286 viventium
1182 5244 1449 5300 corpore,
1536 5229 1843 5285 videntibus
1919 5245 2045 5284 san-

467 5325 574 5381 ctis
648 5308 818 5394 ipsius
885 5321 1185 5392 discipulis.
1239 5321 1526 5377 Credimus
1591 5334 1718 5373 vero
1791 5321 2038 5376 eumdem

469 5432 660 5473 rursus
688 5427 978 5472 venturum
1011 5429 1145 5470 cum
1192 5410 1594 5484 incomparabili
1625 5411 1817 5481 gloria,
1861 5422 1918 5464 ut
1947 5411 2040 5481 ju-

545 5571 624 5642 (6)
653 5573 726 5629 De
760 5575 864 5630 hoc
888 5587 1079 5630 errore
1110 5570 1381 5628 Valentini
1415 5571 1534 5622 \ide
1565 5569 1640 5624 sis
1686 5569 1876 5638 Epiph.
1906 5567 2039 5622 liter.

471 5642 536 5700 3i
569 5655 623 5696 et
653 5642 969 5700 Damascen.

540 5712 622 5784 (7)
660 5714 740 5768 Ex
762 5711 1100 5774 Damasceuo
1129 5713 1224 5771 lib.
1257 5729 1310 5769 tv
1361 5710 1582 5766 Ortltod.
1617 5711 1770 5781 ﬁdei,
1806 5723 1928 5779 cap.
1977 5708 2032 5776 6,

2147 4498 2314 4571 ὕδωρι
2344 4500 2621 4569 σωτηρίας
2642 4499 2926 4571 πρόξενον,
2954 4502 3048 4554 καὶ
3077 4500 3370 4566 ἀπέθανεν,
3403 4499 3475 4563 ὡς
3505 4493 3696 4565 άνθρω·

2146 4607 2266 4654 πος.
2307 4589 2395 4654 Ὡς
2423 4588 2480 4644 δὲ
2542 4589 2676 4654 Θεὸς
2726 4591 2926 4663 ἀνέστη
2970 4591 3338 4658 αὐτεξουσίως
3360 4630 3375 4656 ,
3411 4586 3696 4655 ἀναστήσας

2143 4681 2273 4746 τοὺς
2323 4682 2418 4736 ἀπ’
2447 4681 2643 4746 αἰῶνος
2692 4683 3167 4753 κεκοιμημένους,
3207 4684 3269 4737 οὐ
3322 4683 3544 4743 πάντας,
3573 4669 3696 4729 ἀλλὰ

2145 4773 2271 4836 τοὺς
2301 4771 2506 4838 ἀξίους.
2552 4773 2676 4825 Ἐπὶ
2721 4773 2959 4844 ἡμέραις
2988 4773 3045 4826 δέ
3091 4776 3495 4846 τεσσαράκοντα
3520 4781 3694 4820 συναν-

2146 4863 2389 4938 εστράφη
2439 4863 2552 4926 τοῖς
2603 4861 2780 4930 ἁγίοις
2805 4861 2970 4916 αὑτοῦ
3006 4863 3296 4934 μαθηταῖς,
3342 4860 3482 4936 μετὰ
3513 4857 3604 4924 τὴν
3637 4853 3694 4903 ἐκ

2145 4955 2353 5028 νεκρῶν
2373 4954 2536 5009 αὑτοῦ
2559 4955 2874 5022 ἀνάστασιν,
2904 4956 3356 5028 συναυλιζόμενος
3384 4953 3578 5013 αὐτοῖς.
3609 4942 3692 4998 καί

2147 5047 2426 5118 ἀνελήφθη
2453 5049 2532 5110 είς
2562 5047 2828 5118 οὐρανοὺς
2857 5047 2995 5120 μετὰ
3017 5049 3112 5102 τοῦ
3133 5049 3405 5121 ἁχράντου
3428 5043 3517 5099 καὶ
3537 5039 3692 5131 ζφαρς

2150 5137 2307 5209 χικοῦ
2353 5137 2520 5193 αὑτοῦ
2576 5137 2828 5209 σώματος
2851 5177 2867 5203 ,
2895 5139 3152 5210 ὁρώντων
3200 5141 3309 5198 τῶν
3349 5137 3514 5206 ἁγίων
3543 5129 3688 5210 αὑτοῦ

2153 5205 2428 5300 μαθητῶν.
2492 5205 2828 5292 Πιστεῦομεν
2873 5205 2940 5280 δέ-
2977 5215 3147 5282 πάλιν⁴
3187 5227 3356 5281 ἐλθεῖν
3382 5205 3535 5276 αὑτὸν
3565 5205 3688 5283 μετά

2148 5319 2307 5390 δόξης
2333 5319 2665 5390 ἀσυγκρίτου
2717 5321 2900 5385 κρῖναι
2931 5319 3142 5383 πάντας
3169 5319 3243 5382 ὡς
3283 5317 3432 5378 Θεὸς,
3460 5309 3548 5364 καὶ
3572 5305 3688 5356 ἀπο·

2155 5411 2339 5466 δοῦναι
2362 5412 2579 5484 ἑκάστῳ
2609 5411 2753 5466 κατὰ
2794 5414 2864 5466 τὰ
2896 5410 3034 5482 ἔργα
3067 5410 3260 5466 αὑτοῦ.
3297 5392 3683 5472 ΙΙροσκυνοῦιιεν

2147 5583 2202 5690 ﬁ.
2389 5568 2624 5650 Consule
2658 5565 2943 5652 Suicerutit
2965 5568 3018 5620 in
3044 5565 3175 5648 Lex.
3199 5582 3340 5624 vers.
3363 5553 3592 5630 Χριστός·
3624 5541 3682 5596 Β

2189 5641 2408 5690 asthum
2443 5638 2538 5690 lib.
2569 5653 2599 5690 v
2639 5639 2841 5690 contra
2888 5635 3236 5690 Ειιηοιιιιιιιιι.
3298 5647 3425 5690 tom.
3475 5627 3536 5690 ιι.
3565 5627 3675 5690 ιλιι·

2189 5638 2408 5696 asilium
2443 5638 2538 5695 lib.
2569 5653 2599 5694 v
2639 5637 2841 5692 Contra
2888 5635 3236 5706 Eunontittm,
3298 5627 3425 5692 tom.
3475 5627 3536 5691 ιι.
3565 5627 3675 5690 938'

2149 5710 2271 5764 H7.
3065 5763 3068 5766 .
3675 5709 3694 5739 ’
