4038 6274
231 319 394 393 1245

1252 314 1516 376 SERMO
1556 315 1655 375 DE
1687 312 2124 374 LUMINIBUS
2175 312 2512 373 SANCTIS.

3381 302 3517 367 1246

243 432 462 502 ’Λμνδς
499 429 891 503 ,παραγέγονας
930 430 1100 500 αἴρων
1134 429 1234 500 τὴν
1277 429 1554 500 ἁμαρτίαν
1598 428 1692 481 τοῦ
1734 428 1829 480 κό-

1955 437 2190 498 gnorant
2213 426 2604 482 eminentiam:
2651 439 2776 479 nam
2803 436 2870 478 ex
2925 429 3174 475 materno
3204 423 3362 474 utero
3410 433 3518 488 qua

237 539 432 594 σμουο
469 519 624 590 κάγὼ
652 523 751 590 τὴν
785 519 883 591 σὴν
921 519 1060 590 μετὰ
1091 518 1185 573 τοῦ
1221 519 1426 588 κόσμου
1467 518 1676 586 δωρεὰν
1703 517 1834 572 ἁνα-

237 613 458 677 μέ·.ων.
503 609 644 680 Ἐγὼ
677 611 870 685 χρείαν
905 609 1013 680 ἔχω
1052 609 1155 662 ὑπὸ
1183 607 1275 662 σοῦ
1311 607 1696 678 βαπτισθῆναι,
1743 607 1838 660 καὶ

242 705 320 756 σὺ
351 702 486 772 ἔρχῃ
516 702 653 774 πρός
691 717 792 771 με;
823 701 965 771 Πρὸς
1001 699 1090 754 τὸν
1137 699 1309 768 πηλὸν
1361 699 1390 751 6
1431 697 1668 768 χρυσὸς;
1701 697 1838 768 πρὸς

237 793 345 846 τὸν
378 791 570 860 λύχνον
606 793 635 844 6
661 791 854 862 ἢλιος;
907 790 1042 861 πρὸς
1085 789 1186 842 τὸν
1215 788 1484 860 σπινθῆρα
1527 787 1588 841 τό
1627 789 1761 856 φῶς,
1804 787 1838 858 ὴ

241 883 413 954 πηγὴ
469 883 606 953 πρὸς
663 883 755 936 τὸν
805 884 949 934 πιεῖν
1005 881 1396 949 ὲπειγόμενον;
1448 879 1585 948 πρὸς
1621 879 1732 931 τὸν
1775 880 1840 932 ὲκ

246 979 602 1046 σπέρματος,
635 978 664 1028 6
689 977 753 1028 ὲκ
775 973 1048 1044 Παρθένου
1077 971 1319 1042 τεχθείς;
1350 973 1512 1048 ἀρκεῖ
1535 989 1624 1040 μοι
1651 970 1712 1024 τὸ
1743 988 1842 1025 κα-

245 1061 476 1116 λεῖσθαί
504 1081 596 1116 σου
632 1063 958 1133 πρόδρομον,
990 1057 1279 1130 προσκυνῶ
1308 1057 1405 1129 τὴν
1437 1062 1516 1121 είς
1542 1056 1698 1110 τοῦτο
1725 1055 1841 1108 δια-

250 1154 472 1210 κονίαν.
513 1155 578 1206 Τί
614 1151 710 1207 οὖν
751 1157 843 1208 καὶ
876 1155 1086 1206 νίπτειν
1124 1152 1285 1224 βάξῃ
1317 1155 1414 1222 τῆς
1443 1149 1785 1218 δικαιοσύνης
1817 1149 1844 1202 ὁ

250 1247 455 1319 ἡ“›.ιος;
495 1245 548 1300 τί
590 1242 684 1300 οὖν
732 1248 762 1320 ό
808 1247 1086 1318 Δεσπότης
1114 1245 1386 1317 Χριστόο;;
1439 1262 1458 1294 ι
1489 1243 1658 1311 Ἀφες
1695 1243 1842 1313 ἄρτι.

251 1337 339 1391 Οὐ
350 1355 424 1389 τω
447 1339 555 1406 γὰρ
579 1336 790 1409 πρέπον
821 1339 953 1408 ήμτν
975 1339 1092 1390 ἐστι
1122 1336 1412 1408 πληρῶσαι
1439 1337 1618 1388 πᾶσαν
1643 1334 1848 1387 δικαιο-

257 1429 457 1499 σύθην.
489 1448 506 1481 ι
544 1431 714 1498 ’Δφες
751 1429 897 1500 ἄρτι,
933 1430 1235 1492 ἐπιεικείας
1269 1446 1358 1499 μοι
1401 1427 1517 1494 νῦν,
1537 1428 1598 1482 οὐ
1634 1425 1846 1492 δοξολο-

254 1518 391 1583 γίας
418 1519 446 1570 ό
473 1519 687 1590 καιρὸς,
722 1517 1073 1588 ἀνθρωπίνης
1095 1518 1392 1582 πολιτείας,
1423 1519 1482 1571 οὐ
1509 1516 1847 1586 Δεσποτικῆς

256 1609 574 1674 αὐθεντίας.
612 1609 1004 1681 Παρεγενόμην
1033 1610 1144 1681 γὰρ
1186 1609 1254 1664 δι’
1282 1611 1426 1681 ὑμᾶς
1459 1609 1700 1679 Ἰωάννη,
1731 1608 1848 1662 ecs-

259 1701 406 1772 χθιην
435 1704 500 1754 ἐκ
526 1702 762 1773 γαστρὸς
787 1702 1136 1774 ἀνθρωπίνης
1161 1717 1177 1732 °
1209 1701 1698 1772 γαλακτοτροφίας,
1721 1717 1844 1771 μετ-

1936 529 2160 592 parente
2209 535 2361 576 esses
2389 518 2721 584 nasciturus,
2771 514 3124 583 conspicatus
3171 509 3516 565 exclamavi:

1944 632 1963 666 ι
2011 610 2166 670 Uude
2207 613 2313 667 hoc
2361 611 2496 665 mihi
2538 621 2594 665 ut
2625 608 2811 664 veniat
2861 604 3036 659 Mater
3066 601 3281 657 Domini
3317 599 3421 654 mei
3451 597 3519 652 ad

1939 721 2026 759 me
2055 705 2164 756 ³2»
2209 703 2400 774 Agnus
2445 712 2500 757 tu
2570 699 2878 764 accessisli,
2941 695 3036 766 qui
3091 694 3248 748 tollas
3318 703 3518 745 noxam

1940 795 2148 851 mundi.
2191 793 2258 846 Et
2287 809 2389 864 ego
2420 808 2524 847 una
2574 791 2940 848 cummundo
2990 800 3142 843 tuum
3197 791 3520 854 exspectans

1940 889 2166 954 donum,
2203 902 2340 956 opus
2365 887 2537 940 habeo
2586 894 2644 940 ttt
2669 901 2698 939 a
2765 892 2816 938 te
2875 884 3125 952 baptizer
3153 897 3167 947 ;
3199 888 3254 932 tu
3294 893 3420 932 vero
3451 875 3518 929 ad

1942 995 2030 1034 me
2064 979 2238 1042 venis,
2297 978 2365 1031 ad
2427 977 2623 1042 lutum,
2652 973 2898 1029 aurum?
2932 973 2998 1026 ad
3060 971 3340 1042 lychnum,
3391 965 3524 1022 sol?

1943 1072 2008 1126 ad
2039 1069 2356 1134 scintillam,
2383 1067 2470 1123 fax
2497 1068 2520 1121 ‘i
2553 1067 2698 1122 Fons
2757 1067 2825 1121 ad
2859 1065 3130 1120 sitientem
3159 1061 3272 1114 ἳοά
3331 1069 3518 1113 natttm

1943 1178 2010 1217 ex
2051 1159 2281 1222 semine,
2313 1157 2407 1228 qui
2461 1172 2528 1211 ex
2557 1155 2782 1225 Virgine
2831 1163 2992 1208 natus
3051 1151 3180 1206 est?
3241 1149 3389 1205 Salis
3440 1157 3526 1202 cst

1945 1253 2076 1308 mihi
2106 1261 2257 1306 tuum
2290 1265 2375 1304 me
2426 1247 2610 1303 vocari
2643 1260 3064 1316 praecursorem,
3097 1243 3173 1300 ob
3213 1241 3356 1312 quod
3394 1253 3526 1293 sane

1943 1346 2124 1416 ipsum
2153 1343 2323 1398 adoro
2355 1339 2744 1399 ministerium.
2783 1337 2922 1404 Quid
2947 1336 3112 1408 igitur
3137 1334 3203 1388 ad
3231 1331 3521 1386 lavandum

1945 1453 2006 1494 se
2025 1451 2246 1508 quoque
2274 1433 2554 1504 compellit
2589 1430 2820 1503 jnstitiaa
2847 1428 2940 1484 Sol
2960 1428 2983 1482 ?
3007 1426 3148 1494 Quid
3170 1439 3302 1494 ergo
3334 1422 3522 1478 Domi-

1945 1545 2051 1586 nus
2105 1526 2398 1584 Christus?
2449 1544 2468 1577 ι
2505 1525 2709 1580 Omitte
2765 1537 2933 1589 nunc,
2991 1519 3192 1590 inquit,
3241 1517 3323 1572 sic
3377 1514 3522 1573 cnim

1945 1623 2100 1678 decet
2153 1636 2273 1693 ngas,
2329 1627 2388 1674 ut
2439 1602 2815 1687 cbmpleamus
2845 1627 3062 1669 omnem
3119 1607 3517 1680 justitiam'.»

1947 1711 2148 1766 Omitte
2175 1725 2338 1773 nunc,
2365 1705 2802 1764 mansuetudinis
2833 1701 2968 1756 mihi
3003 1714 3173 1764 nunc,
3216 1713 3326 1752 non
3349 1697 3523 1768 glori-

258 1794 428 1864 ἑσχον
453 1809 466 1821 ·
501 1771 747 1864 ηὐξήθην
776 1771 917 1848 κατά
953 1771 1206 1864 σώματος
1248 1781 1413 1862 νόμον
1439 1807 1455 1822 °
1484 1771 1582 1862 τὴν
1609 1791 1719 1844 τῶν
1759 1807 1847 1844 νο⁴

1953 1802 2218 1858 llcationis
2256 1809 2469 1868 tempus
2511 1807 2615 1861 est,
2649 1795 2893 1848 humano
2942 1790 3158 1846 vivendi
3204 1803 3379 1850 more,
3413 1801 3522 1842 non

265 1885 458 1953 μίμων
481 1884 725 1956 φυλακὴν
754 1884 1155 1954 ἁπεπλήρωσα.
1183 1883 1350 1936 Οὐδέν
1381 1899 1472 1952 μοι
1500 1883 1610 1934 τῶν
1633 1882 1731 1952 τῆς
1754 1883 1847 1935 ἀν·

259 1976 548 2047 Ορωπίνης
570 1975 784 2044 φύσεως
803 1977 1138 2050 παρελείφθη
1161 1974 1596 2044 πολιτευμάτων.
1611 1973 1842 2042 Δέξομαι

258 2073 362 2125 καὶ
406 2072 502 2124 νῦν
544 2071 619 2134 ὡς
647 2070 930 2141 ἄνθρωπος
961 2059 1266 2140 βάπτισμα.
1312 2067 1619 2139 Πρσχθήτω
1667 2067 1847 2122 πάντα

260 2163 397 2228 παρ’
431 2161 566 2231 ἐμοῦ
598 2161 666 2216 τὰ
707 2163 808 2231 τῆς
844 2162 936 2215 τοῦ
982 2161 1240 2231 σώματος
1281 2159 1556 2214 ἀκόλουθα
1593 2159 1840 2229 φύσεως.

263 2255 345 2325 μὴ
374 2253 516 2325 μάθῃ
541 2253 605 2307 δι’
624 2247 854 2326 ὧνλέγῃ
879 2254 907 2305 6
937 2253 1180 2316 διάϐολος
1207 2251 1303 2322 τὴν
1325 2251 1721 2323 κεκρυμμένην
1744 2266 1844 2320 μου

263 2345 520 2414 θεότητα,
559 2343 632 2414 μὴ
666 2342 924 2412 φοϐηθεὶς
966 2341 1028 2395 τὸ
1061 2341 1381 2412 μυστήριον,
1437 2340 1528 2392 καὶ
1573 2337 1721 2410 φύγῃ
1747 2338 1847 2410 τὴν

262 2438 404 2503 πρὸς
437 2436 536 2506 ἐμὲ
563 2435 861 2506 συμϐολὴν,
894 2435 989 2488 καὶ
1015 2433 1253 2506 κερδάνῃ
1277 2431 1718 2502 δραπετεύουσαν
1748 2432 1847 2504 τὴν

262 2524 636 2600 ἦττὰνῖΔςες
657 2528 783 2599 ἄρτι
803 2544 818 2558 ο
840 2525 962 2597 όψει
986 2543 1087 2597 μου
1117 2525 1313 2596 μικρὸν
1333 2522 1581 2596 ὕστερον,
1601 2525 1844 2596 Ἰωάννη,

264 2621 369 2687 τὴν
428 2617 607 2684 δόξαν,
671 2617 832 2687 Ὀψει
873 2635 942 2687 με
987 2617 1086 2688 τῆς
1140 2617 1248 2670 τῶν
1305 2617 1574 2688 δαιμόνων
1621 2615 1849 2685 νικητὴν

269 2711 658 2780 περατάξεως·
696 2708 816 2779 ὄψει
845 2708 945 2779 τὴν
980 2707 1072 2761 τοῦ
1109 2708 1235 2778 ᾅδου
1278 2709 1408 2779 παρ’
1431 2707 1562 2777 ἐμοῦ
1597 2705 1852 2760 σκυλευο-

275 2805 444 2872 μένην
478 2803 777 2871 βασιλείαν.
815 2801 973 2870 Ὀψει
1010 2818 1080 2872 με
1113 2800 1363 2869 ἀγγέλων
1399 2800 1668 2872 οὐρανίων
1694 2798 1847 2864 δοξα-

272 2893 518 2963 ζομένων
565 2895 792 2964 δῆμοις·
844 2890 964 2962 ὄψει
1001 2909 1070 2962 με
1125 2895 1224 2961 τῆς
1279 2891 1606 2961 οἰκουμένης
1657 2893 1850 2962 κριτὴν

273 2983 723 3054 προκαθήμενον·
766 2982 888 3052 ὄψει
921 2999 988 3053 με
1029 2983 1179 3052 παρὰ
1208 2981 1409 3045 παντὸς
1453 2981 1850 3052 λατρευόμενον

1947 1893 2218 1966 imperiali
2248 1899 2543 1962 potestate.
2593 1884 2800 1942 Adveni
2852 1883 3002 1940 enim
3045 1889 3268 1952 propter
3317 1894 3436 1944 vos,
3489 1894 3524 1934 ο

1945 1989 2209 2053 Joannes,
2249 1995 2414 2040 natus
2457 1998 2520 2038 ex
2569 1969 3036 2042 ntero'ltumano,
3067 1975 3205 2028 lacte
3258 1972 3522 2034 nutritus.

1948 2095 2046 2152 pro
2079 2078 2328 2148 corporis
2351 2077 2468 2146 lege
2513 2080 2727 2134 auctus,
2765 2077 3091 2126 statutorum
3126 2064 3524 2120 observantiam

1947 2179 2242 2230 exsecutus
2297 2183 2440 2223 sum.
2491 2165 2650 2220 Nulla
2716 2161 2850 2216 mihi
2905 2159 3156 2214 humanae
3195 2154 3527 2210 conditionis

1947 2263 2314 2334 praetermissa
2339 2259 2579 2314 civilitas
2600 2263 2722 2310 est:
2757 2267 2929 2323 quare
2975 2265 3121 2304 nunc
3169 2261 3392 2318 quoque
3422 2258 3552 2300 ceu'

1949 2356 2114 2410 homo
2152 2353 2421 2424 baptisma
2442 2347 2704 2418 suscipio.
2738 2346 2942 2414 Perage
2972 2356 3036 2397 ea
3072 2355 3281 2394 meeum
3339 2337 3523 2391 omnia

1947 2460 2072 2516 qua:
2121 2443 2368 2513 corporis
2414 2448 2623 2494 natura:
2655 2434 3010 2491 conveniunt.
3048 2428 3128 2484 Ne
3178 2430 3375 2493 discat,
3431 2441 3527 2495 per

1948 2553 2071 2607 quae
2093 2536 2241 2590 dicat
2276 2532 2526 2589 diabolus
2549 2527 2926 2584 absconditam
2951 2537 3130 2578 meam
3159 2521 3522 2584 divinitatem,

1950 2645 2019 2684 ne
2055 2625 2374 2699 mysterium
2408 2630 2682 2686 metuens,
2709 2631 3071 2690 congressum
3117 2627 3296 2668 meum
3329 2609 3522 2680 fugiat,

1949 2731 2113 2790 atque
2137 2732 2387 2774 aversam
2411 2729 2442 2769 a
2473 2729 2533 2771 se
2557 2721 2797 2788 stragem
2843 2711 3108 2764 lucretur.
3139 2704 3339 2758 Omitte
3357 2715 3522 2765 nunc,

1949 2811 2162 2868 videbis
2209 2823 2387 2864 meam
2437 2806 2602 2876 paulo
2652 2811 2798 2873 post,
2852 2815 2886 2854 ο
2935 2797 3196 2859 Joannes,
3253 2792 3525 2864 gloriam;

1949 2903 2164 2959 videbis
2196 2915 2282 2954 me
2303 2897 2654 2953 daemoniacte
2671 2889 2960 2964 phalangis
2985 2889 3248 2942 victorem
3275 2903 3289 2950 ;
3317 2881 3526 2937 videbis

1955 2995 2174 3049 Satana:
2211 3006 2242 3044 a
2285 3005 2374 3044 me
2419 3001 2648 3058 regnum
2703 2982 3106 3054 exspoliatum;
3161 2975 3371 3032 videbis
3431 2989 3520 3029 me

275 3075 462 3138 ἔθνους
485 3091 498 3104 ·
526 3074 648 3146 ὄψει
683 3075 790 3127 πᾶν
822 3074 952 3143 γόνυ
985 3073 1322 3146 ἐπουρανίων
1352 3077 1444 3128 καὶ
1467 3075 1725 3143 ἐπιγείων
1756 3076 1850 3128 καὶ

1954 3087 2022 3141 ιιι)
2053 3083 2296 3156 angelica
2331 3077 2540 3136 cmlcsti
2561 3077 2720 3132 turba
2740 3074 2994 3128 laudibus
3015 3067 3279 3127 celebrari
3313 3086 3328 3134 ;
3370 3065 3528 3121 vitle-

278 3168 649 3254 καταχθονίων
689 3167 826 3239 πρὸς
865 3167 965 3236 τὴν
1001 3168 1140 3238 ἐμὴν
1166 3167 1511 3236 συγκεκυφός
1545 3168 1852 3238 προσκύνη-

281 3276 383 3316 σιν.
413 3280 431 3310 ι
475 3261 644 3328 Ἀφες
667 3258 815 3329 ἄρτι,
852 3257 996 3312 οὐτω
1022 3261 1132 3328 γὰρ
1169 3258 1378 3330 πρέπον
1406 3259 1536 3328 ἡμῖν
1567 3258 1848 3329 πληρῶσαι

279 3352 459 3404 πᾶσαν
475 3349 877 3418 δικαιοσύνην.»
893 3347 1112 3402 Τούτων
1137 3348 1274 3417 πρὸς
1295 3347 1387 3399 τὸν
1419 3347 1670 3418 Ἰωάννην
1699 3347 1853 3419 παρὰ

280 3439 516 3511 Χριστοῦ
559 3441 927 3508 λαλουμένων,
954 3440 1049 3492 καὶ
1078 3439 1214 3510 πρὸς
1243 3438 1404 3492 αὐτὸν
1447 3440 1579 3508 παρ’
1619 3438 1850 3504 ἐκείνου,

279 3537 327 3588 οἱ
374 3536 480 3588 τῶν
535 3535 802 3588 Ἰουδαίων
843 3535 1108 3604 ἀκροαταὶ
1174 3532 1616 3602 παρεστήκεισαν
1665 3532 1852 3600 δῆμοι,

281 3626 375 3679 καὶ
401 3623 523 3676 καθ’
553 3622 778 3684 ἑαυτοὺς
801 3623 978 3691 σιωπῇ
1005 3619 1316 3689 διηπόρουν.
1343 3618 1666 3688 Θαυμαστόν
1687 3618 1748 3670 τὸ
1774 3635 1857 3686 γι-

284 3714 526 3781 νόμενον,
571 3711 884 3781 ἐκπλήξεως
932 3712 991 3764 τὸ
1047 3709 1371 3780 φαινόμενον
1409 3709 1592 3776 ἄξιον·
1625 3711 1652 3762 ό
1689 3710 1856 3779 Φαρι-

287 3801 470 3863 σαίους
511 3798 809 3870 βαπτίζων,
860 3799 1012 3869 παρὰ
1043 3797 1234 3850 τούτου
1284 3796 1650 3867 βαπτισθῆναι
1680 3812 1857 3866 παρα⁴

283 3893 472 3947 καλεῖ·
497 3893 526 3944 ό
550 3889 930 3949 Σαδδουκαίοις
958 3889 1207 3959 φρικτὺς,
1251 3887 1385 3957 πρὸς
1414 3887 1512 3957 τὴν
1541 3887 1732 3940 τούτου
1763 3885 1858 3939 νῦν

284 3984 481 4054 ἕστηκε
538 3981 900 4052 συγκεκυφὼς
945 3981 1198 4052 θεωρίαν.
1251 3981 1309 4033 Ὁ
1353 3979 1650 4052 νηστευτὴς
1707 3979 1859 4050 παρὰ

284 4072 374 4128 τοῦ
411 4076 486 4146 μὴ
521 4071 876 4144 νηστεύοντος
914 4073 1070 4144 ζητεῖ
1093 4071 1365 4141 εὐλογίας.
1418 4071 1476 4124 'O
1505 4071 1722 4144 τριχίνῃ
1767 4087 1860 4124 κε-

260 4165 558 4235 ,χρημένος
598 4163 807 4234 ἐσθῆτι,
841 4162 944 4232 τῆς
974 4164 1126 4234 παρὰ
1154 4162 1248 4216 τοῦ
1277 4163 1441 4233 μηδὲν
1462 4162 1704 4216 τοιοῦτον
1739 4163 1861 4214 ἐπι-

289 4255 586 4326 φερομένου
620 4255 804 4324 ἱκέτης
837 4253 1179 4324 καθάρσεως.
1221 4253 1282 4307 'O
1305 4256 1417 4318 τοῖς
1447 4251 1556 4306 τῶν
1591 4253 1861 4323 μελισσῶν

289 4349 428 4400 κατὰ
463 4348 562 4416 τὴν
606 4346 814 4418 ἔρημον
856 4347 1041 4409 πόνοις
1067 4345 1158 4418 agi
1187 4348 1300 4409 τοῖς
1325 4344 1434 4398 τῶν
1463 4344 1700 4415 βοτανῶν
1741 4361 1863 4398 συν-

1953 3180 2037 3235 his
2090 3192 2178 3231 me
2229 3172 2512 3230 terrestris
2572 3169 2724 3226 orbis
2784 3166 3024 3238 judicem
3095 3161 3526 3232 praesidentem;

1953 3268 2165 3324 videbis
2203 3281 2288 3320 me
2337 3264 2406 3318 ab
2467 3261 2726 3326 omnibus
2787 3257 2892 3312 coli
2955 3254 3254 3326 gentibus;
3321 3248 3532 3304 videbis

1954 3376 2118 3415 omne
2149 3374 2287 3429 genu
2329 3355 2661 3417 ctelestium,
2701 3350 3053 3407 terrestrium
3085 3359 3141 3402 ct
3187 3347 3222 3400 it
3249 3344 3530 3399 ternorum

1955 3451 2020 3503 ad
2057 3447 2397 3502 adorandum
2435 3461 2521 3498 me
2573 3443 2736 3498 ﬂecti.
2777 3461 2795 3492 ι
2828 3440 3032 3496 Omitte
3060 3454 3226 3502 nunc,
3263 3435 3344 3490 sic
3383 3432 3529 3487 enim

1956 3553 2058 3593 nos
2089 3538 2243 3591 decet
2269 3547 2328 3590 ut
2356 3535 2734 3602 compleamus
2767 3546 2986 3588 onmem
3016 3528 3316 3598 justitiam.
3353 3545 3370 3576 ›
3409 3511 3578 3577 lltec‘

1957 3630 2178 3686 Christo
2237 3639 2291 3684 et
2348 3625 2561 3681 Joanne
2611 3627 2752 3680 inter
2809 3639 2867 3678 sc
2929 3619 3396 3688 colloqucntibus,
3439 3615 3536 3672 Ju-

1957 3723 2199 3778 dacorum
2240 3719 2582 3774 audientium
2612 3714 2789 3770 astitit
2833 3713 3014 3774 turba,
3052 3711 3146 3780 qui
3196 3709 3414 3762 attoniti
3469 3711 3536 3763 de

1960 3813 2106 3868 facto
2140 3813 2244 3866 hoc
2273 3809 2586 3866 admirabili
2619 3806 2968 3862 dubitalant.
2994 3802 3229 3871 Stuporc
3251 3801 3536 3856 videbatur

1959 3907 2209 3975 dignum,
2243 3901 2349 3969 Qui
2375 3902 2522 3956 enim
2581 3899 2893 3954 Pltaristcos
2925 3895 3260 3967 baptizabat,
3315 3895 3384 3948 ab
3437 3895 3538 3948 hoc

1960 3987 2120 4068 rogat
2150 3983 2470 4066 baptizari;
2507 3993 2603 4064 qui
2637 3991 2956 4047 Sadducmis
2988 3999 3108 4044 erat
3147 3987 3536 4053 formidabilis,

1959 4089 2027 4143 ad
2069 4087 2214 4142 illius
2249 4099 2396 4140 nunc
2427 4092 2708 4154 aspectum
2734 4081 2998 4152 assurgit,
3042 4080 3273 4136 ﬂectens
3313 4093 3488 4150 genua
3519 4091 3535 4144 ;

1957 4179 2166 4251 jejunio
2197 4179 2402 4242 clarus,
2430 4177 2498 4231 ab
2541 4189 2606 4230 eo
2651 4174 2744 4245 qui
2786 4189 2895 4228 non
2946 4174 3236 4244 jejunavit,
3284 4169 3543 4226 benedic-

1964 4274 2170 4326 tionem
2222 4269 2420 4340 quaarit
2446 4287 2461 4335 ;
2492 4267 2586 4337 qui
2647 4276 2798 4321 veste
2835 4282 2898 4320 ex
2941 4266 3068 4335 pilis
3104 4273 3362 4319 contexta
3420 4270 3540 4316 erat

1965 4375 2164 4425 tectus,
2195 4363 2263 4415 ab
2295 4360 2469 4429 coqui
2498 4355 2771 4428 ejusmodi
2815 4357 2947 4411 nihil
2983 4373 3168 4411 secum
3205 4354 3382 4418 affert,
3413 4369 3542 4422 pur-

288 4442 620 4512 τρειρόμενος
650 4443 713 4495 ὲκ
755 4439 987 4511 βρέφους
1011 4437 1342 4510 ἀκρίσμασι·
1392 4438 1490 4509 τὴν
1537 4438 1725 4492 τούτου
1762 4437 1852 4492 νῦν

1967 4454 2241 4525 gationcm
2275 4452 2504 4521 supplex
2539 4453 2708 4518 petit;
2739 4448 2832 4518 qui
2861 4463 3022 4516 apum
3059 4449 3112 4500 in
3143 4445 3362 4500 deserto
3393 4443 3544 4496 labo-

291 4531 362 4594 ὡς
398 4531 702 4599 ἀγιωτέραν
728 4529 902 4600 δειλιᾷ
927 4527 1226 4583 πολιτείαν.
1261 4526 1420 4581 Ποῖον
1458 4527 1564 4598 ἄρα
1608 4527 1708 4598 τῆς
1737 4526 1862 4580 τού-

291 4639 380 4674 του
417 4621 554 4692 πρὸς
583 4619 772 4674 τοῦτον
805 4619 1081 4690 ὑπεροχῆς
1116 4618 1177 4672 τὺ
1201 4619 1492 4690 διάφορονς
1523 4619 1606 4682 τίς
1632 4619 1739 4689 ἄρα
1761 4619 1866 4689 ψῆο

295 4731 389 4780 (ρος
439 4711 516 4782 τῷ
566 4711 686 4782 Θεῷ
731 4711 860 4782 περὶ
915 4711 1128 4776 τούτου,
1185 4710 1390 4780 μεταξύ
1450 4711 1548 4780 τῆς
1595 4709 1866 4782 ’τοιαύτης

297 4802 524 4871 ἀπορίας
557 4801 616 4866 ἐξ
641 4801 887 4872 οὐρανῶν
910 4800 1192 4854 διαϐοᾶται
1219 4801 1396 4872 φωνή,
1439 4803 1682 4871 Ζητείτε,
1709 4803 1864 4871 φησι,

298 4891 417 4944 καθ’
443 4891 666 4954 ἑαυτοὺς
692 4890 787 4944 τοῦ
825 4889 1226 4960 βαπτιζομένου
1255 4889 1353 4960 τὴν
1375 4890 1628 4962 δύναμιν,
1667 4890 1867 4960 μάθετε

297 4981 386 5034 τοῦ
419 4981 748 5052 ζητουμένου
780 4981 909 5049 παρ’
937 4982 1066 5052 ὑμῖν
1097 4980 1196 5050 τὴν
1225 4973 1640 5049 οὐσίαν,’γνῶτε
1689 4981 1869 5034 Ἰωάν-

298 5089 384 5124 νου
418 5073 511 5126 καὶ
537 5073 730 5126 τούτου
764 5072 995 5144 πηλίκον
1023 5073 1083 5126 τὸ
1107 5073 1384 5142 διάφορον.
1428 5089 1446 5122 ι
1471 5067 1642 5134 Οὗτός
1675 5075 1824 5125 ἐστιν
1843 5075 1870 5126 6

299 5161 422 5225 Υἱός
461 5179 560 5232 μου
607 5164 636 5215 6
669 5164 970 5235 ἀγαπητὸς,
1011 5166 1069 5216 ὲν
1109 5157 1155 5231 ᾧ
1198 5164 1485 5233 εὐδόκησα.
1519 5182 1539 5216 ι
1591 5164 1872 5219 Ἐντεῦθεν

311 5255 584 5327 Ἰωάννης,
611 5259 673 5310 οὐ
696 5257 837 5311 κατὰ
857 5257 948 5310 τὸν
979 5258 1106 5312 ναὸν
1132 5260 1365 5312 ποιεῖται
1389 5257 1450 5310 τὸ
1474 5257 1778 5330 βάπτισμα,
1810 5260 1870 5312 οὐ

299 5347 420 5400 κατ’
453 5342 623 5412 οἷκον,
653 5349 730 5411 ὡς
765 5349 982 5420 ἑκάστῳ
1015 5349 1330 5420 βαπτίζοντι
1369 5348 1601 5419 σύνηθες
1627 5366 1640 5382 ο
1676 5351 1790 5402 ἀλλ’
1816 5352 1872 5402 ἐν

299 5437 504 5509 ἐρημίᾳ
543 5440 638 5492 καὶ
665 5441 920 5514 ὑπαίθρῳ
940 5439 1191 5512 ποταμῷ,
1227 5441 1316 5494 ἵνα
1356 5441 1554 5504 πάντες
1583 5443 1874 5502 ἀκούοντες

277 5529 366 5616 ’ἐκ
395 5529 490 5600 τῆς
521 5531 578 5597 ἐξ
607 5532 851 5603 οὐρανῶν
881 5534 1020 5587 κατὰ
1052 5533 1142 5588 τὸν
1177 5533 1316 5603 ἀέριι
1358 5535 1563 5601 φωνῆς,
1597 5532 1689 5584 τὸν
1729 5549 1872 5602 παρ-

375 5729 394 5758 ⁸
417 5727 550 5784 an.
582 5748 620 5795 ι,
653 5736 740 5788 43.
819 5735 836 5765 ³
861 5735 1045 5790 Mazth.
1100 5751 1180 5803 iii;
1220 5736 1301 5790 lii.

1376 5736 1396 5765 ⁸
1435 5735 1628 5790 Matth.
1665 5749 1746 5800 ιιι,
1787 5734 1845 5786 l7

1966 4549 2122 4602 ribus
2159 4555 2216 4601 et
2245 4545 2541 4599 hct-barum
2585 4541 2867 4596 radicibus
2919 4556 2984 4595 ac
3029 4539 3262 4594 locustis
3303 4553 3332 4591 a
3375 4551 3544 4606 puero

1965 4641 2228 4705 nutritus,
2263 4638 2426 4707 hujus
2467 4651 2612 4691 nunc
2655 4643 2918 4702 tanquam
2961 4631 3295 4686 sanctiorem
3329 4627 3545 4682 consti«

1969 4733 2235 4788 tutionem
2273 4728 2550 4784 formidat.
2602 4727 2760 4792 Quod
2807 4740 2946 4803 ergo
3003 4721 3338 4777 excellentia:
3403 4721 3546 4772 inter

1969 4827 2093 4880 illos
2137 4824 2435 4879 discrimen
2470 4829 2555 4875 cst
2583 4819 2606 4871 ?
2633 4817 2796 4889 quale
2825 4817 2892 4870 de
2955 4815 3046 4868 illo
3089 4814 3232 4869 Deus
3268 4813 3374 4868 fert
3423 4810 3542 4865 suf-

1951 4912 2248 4984 fragium?
2289 4911 2502 4967 Interea
2559 4910 2688 4964 dum
2739 4918 2945 4962 omnes
2991 4907 3070 4960 sic
3141 4913 3367 4974 stupore
3417 4909 3546 4957 sunt

1969 5009 2228 5077 correpti,
2257 5022 2286 5059 e
2313 5006 2470 5060 cmlis
2511 5003 2896 5058 ehttccinantis
2927 5000 3149 5054 auditur
3176 5013 3303 5052 vos:
3351 4993 3544 5064 inqui-

1969 5101 2093 5164 rite,
2123 5097 2322 5167 inquit,
2353 5095 2495 5165 apud
2535 5110 2594 5148 se
2631 5095 2891 5162 quisque,
2933 5091 3194 5160 baptizati
3259 5089 3548 5146 virtutem.

1971 5191 2164 5246 discite
2201 5187 2502 5258 potentiam
2549 5186 2688 5256 ejus,
2731 5187 2824 5256 qui
2882 5184 3022 5254 apud
3081 5198 3178 5237 vos
3242 5182 3544 5235 essentiam

1971 5281 2243 5354 quaesivit.
2275 5280 2604 5350 Cognoscite
2633 5287 2898 5349 quantum
2947 5277 3018 5332 sit
3071 5277 3213 5330 inter
3268 5272 3540 5328 Joannem

1973 5386 2026 5428 et
2051 5375 2193 5426 hunc
2211 5371 2534 5426 discrimen.
2575 5388 2594 5421 ι
2627 5370 2724 5424 llic
2750 5377 2835 5424 cst
2867 5367 3042 5421 Filius
3091 5381 3248 5419 mrus
3294 5364 3546 5422 dilectus,

1975 5466 2028 5518 in
2065 5478 2174 5534 quo
2195 5463 2328 5518 mihi
2356 5464 2491 5518 bene
2511 5460 2898 5532 complacitum
2927 5467 3008 5512 est
3029 5457 3050 5488 ⁸
3070 5495 3084 5510 .
3119 5475 3136 5507 ι
3163 5455 3300 5507 llinc
3329 5468 3550 5523 quoque

1975 5557 2215 5615 Joanncs
2275 5571 2383 5611 non
2435 5556 2490 5610 in
2561 5554 2765 5623 templo
2822 5549 3086 5620 baptizat,
3137 5560 3236 5600 nec
3290 5545 3345 5599 in
3391 5546 3553 5600 domo
