4038 6274
539 309 678 374 m7

1625 311 2154 376 PANTALEONIS
2187 312 2501 374 DIACONI
2554 313 2663 372 (ΣΡ.

3674 311 3793 378 ιεεε

536 423 748 492 aiiqua,
763 423 1223 494 quemadmodum
1243 424 1477 480 aliorum
1495 425 1877 496 unusquisque
1890 441 2111 482 consue-

2223 424 2352 478 όντα
2400 423 2782 477 διδάσκωνται.
2830 420 3090 492 Μεγάλης
3149 423 3258 494 ἄρα
3315 423 3493 494 μέγαν
3539 427 3792 494 χορευτὴν

536 515 648 581 vit;
691 517 784 569 sed
823 517 965 585 apud
994 517 1275 572 desertum
1303 527 1372 572 et-
1395 517 1487 572 dio
1531 519 1842 587 expositum
1887 517 2118 582 nomen,

536 621 648 674 quo
661 607 949 662 audientes
965 624 1160 664 omnes
1179 625 1246 663 ex
1259 609 1472 664 etelesti
1498 611 1586 664 illa
1613 626 1710 680 per
1731 624 1913 663 aerem
1935 609 2122 665 audita

533 714 674 754 voce
707 709 1029 769 prmsentem
1059 701 1206 757 hunc
1235 702 1550 757 discerent:
1587 717 1846 770 magnum
1869 701 2123 756 videlicet

537 807 750 858 magum
783 793 930 847 illius
951 794 1243 864 pancgyris
1277 795 1600 864 choragum,
1628 793 1917 847 Dominum
1935 793 2120 847 domi-

535 883 813 948 nantium,
847 891 901 938 et
949 882 1152 954 Regem
1187 901 1378 956 regum
1415 901 1480 938 ac
1539 884 1907 940 humanitatis
1939 883 2120 940 omnis

537 969 768 1028 fontem.
807 972 1005 1043 Iugum
1041 975 1187 1028 enim
1207 984 1362 1029 tuum
1390 986 1560 1031 suave
1581 985 1686 1038 est,
1721 989 1754 1028 ο
1781 975 1894 1029 Rex
1918 975 2110 1029 huma-

534 1059 789 1122 nissime,
821 1071 872 1115 et
900 1076 1042 1118 onus
1075 1071 1227 1117 tuum
1253 1064 1389 1125 leve,
1425 1075 1485 1118 ut
1508 1064 1697 1120 deceat
1729 1079 1951 1135 quoque
2003 1065 2119 1120 haec

535 1150 602 1203 ad
635 1167 733 1205 uos
772 1153 987 1207 Domini
1020 1154 1186 1210 verba
1229 1156 1544 1210 exclamare
1575 1174 1590 1210 :
1633 1175 1652 1207 ι
1685 1155 1886 1211 Tollite
1921 1155 2115 1226 jugum

537 1253 723 1292 meum
756 1237 923 1308 super
956 1257 1072 1308 vos,
1098 1242 1294 1312 jugum
1327 1243 1475 1298 enim
1499 1259 1679 1298 meum
1720 1258 1890 1298 suave
1911 1251 2019 1306 est,
2053 1252 2110 1299 et

536 1341 681 1382 onus
702 1344 882 1382 meum
930 1330 1048 1385 leve
1075 1341 1202 1399 est;
1239 1333 1437 1387 discite
1469 1347 1500 1387 a
1541 1348 1654 1396 me,
1679 1335 1940 1403 quoniam
1965 1332 2116 1388 mitis

535 1433 658 1472 sum
683 1420 705 1450 '
731 1459 744 1473 .
774 1438 796 1472 ι
827 1419 939 1476 Nec
989 1423 1454 1478 constitutionum
1516 1438 1686 1478 onere
1742 1439 1845 1480 nos
1877 1434 2112 1505 gravat,

531 1508 798 1579 nonjugo
847 1511 1242 1580 opprimimur,
1273 1527 1382 1566 non
1431 1520 1581 1566 metu
1627 1519 1970 1582 torquemur.
2016 1511 2114 1568 Ve-

533 1614 655 1653 rum
711 1601 996 1656 timuimus
1046 1602 1293 1672 quidem,
1350 1611 1406 1658 at
1455 1603 1614 1658 liberi
1667 1619 1816 1658 nunc
1860 1619 1891 1659 a
1939 1613 2110 1670 metu,

531 1705 643 1744 non
663 1691 830 1746 veluti
862 1703 1050 1748 sontes
1079 1703 1132 1750 et
1156 1695 1400 1750 damnati
1430 1698 1715 1752 servitutis
1747 1697 1942 1768 jugulo
1971 1697 2112 1752 tole-

2226 515 2614 585 πανηγύρεως,
2643 514 2920 586 Δεσπότην
2949 515 3296 588 δεσποτικῆς,
3322 516 3618 588 βασιλικῆς
3646 518 3792 572 Βασι-

2221 605 2340 670 λέα,
2384 605 2771 677 φιλανθρώπου
2811 605 3213 679 φιλάνθρωπον.
3260 606 3321 661 Ὀ
3351 609 3462 678 γὰρ
3511 608 3683 678 ζυγός
3709 625 3790 664 σον

2223 697 2476 767 χρηστὸς,
2509 691 2555 751 ὧ
2583 696 2936 769 φιλάνθρωπε
2960 697 3216 752 Βασιλεῦ·
3251 700 3348 753 καὶ
3369 699 3431 753 τδ
3459 700 3688 769 φορτίον
3709 717 3788 754 σου

2221 787 2480 858 ἐλαφρὸν,
2504 788 2582 852 ὼς
2618 788 2850 861 πρέπειν
2889 788 3025 859 πρὸς
3061 790 3205 860 ἡμᾶς
3241 789 3335 842 καί
3366 805 3451 842 σοι
3490 791 3562 842 τὰ
3593 789 3686 844 τοῦ
3709 795 3792 843 Δε-

2223 881 2425 933 σπότου
2485 879 2612 950 βοᾷν
2634 895 2650 910 ·
2687 897 2706 931 ι
2741 881 2942 953 ’Ἄρατε
2966 879 3058 934 τὸν
3087 880 3252 950 ζυγόν
3281 898 3380 950 μου
3421 882 3508 951 ἐφ’
3529 881 3700 950 ὑμᾶς.
3739 883 3794 935 '0

2219 971 2328 1043 γὰρ
2351 971 2515 1040 ζυγός
2547 989 2650 1041 μου
2680 971 2936 1043 χρηστὸς,
2964 973 3059 1026 καὶ
3093 973 3151 1026 τὸ
3181 956 3400 1042 φορτίον
3433 991 3540 1043 μου
3569 973 3792 1045 ἐλαφρόν

2219 1061 2360 1114 ἐστι.
2388 1059 2605 1114 Μάθετε
2634 1061 2730 1114 ἀπ’
2752 1060 2886 1132 ἐμοῦ
2915 1061 2996 1116 ὅτι
3027 1061 3203 1133 πρᾶός
3237 1063 3374 1132 εἰμι.
3409 1081 3430 1114 ι
3463 1065 3581 1117 Καὶ
3609 1064 3672 1116 οὐ
3702 1063 3792 1132 βα-

2219 1156 2306 1222 ρεῖ
2344 1151 2424 1222 τῷ
2474 1153 2886 1224 προστάγματι,
2940 1154 3002 1207 οὗ
3061 1153 3212 1224 ζυγῷ
3262 1154 3651 1226 δαμαζόμεθα,
3701 1156 3790 1226 οὐχ

2215 1242 2510 1316 ὑπερόγκῳ
2570 1244 2974 1316 κατακλώμεθα
3036 1245 3210 1315 φόϐῳ,
3268 1246 3403 1300 ἀλλά
3471 1247 3796 1317 δεδοίκαμεν

2219 1333 2341 1404 μὲν,
2374 1333 2674 1404 ἐλευθέρων
2697 1334 2754 1388 δὲ
2791 1335 2960 1404 φόϐῳ,
2995 1335 3056 1388 οὐ
3085 1336 3422 1400 καταδίκων,
3449 1337 3691 1406 ἕλκομεν
3709 1337 3790 1391 τὸν

2213 1424 2314 1495 τῆς
2367 1425 2611 1490 δουλείας
2656 1425 2840 1495 ζυγὸν,
2887 1427 3002 1480 ἀλλ’
3033 1427 3281 1500 ἡδόμενοι
3311 1428 3514 1498 μᾶλλον
3557 1430 3591 1499 ἢ
3628 1429 3790 1500 βαρυ-

2212 1517 2450 1588 νόμενοι.
2508 1519 2640 1588 Είης
2697 1518 2876 1572 τοίνυν
2925 1520 3057 1590 ἡμῖν
3115 1498 3488 1584 πολυελίκτοις
3555 1498 3798 1590 σωζόμε-

2211 1622 2300 1671 νος
2335 1607 2546 1660 ἔτεσιν·
2573 1609 2818 1679 ἐπιδοίης
2870 1609 3005 1680 πρὸς
3051 1609 3226 1678 μῆκος
3267 1609 3580 1674 πολυετίας.
3611 1611 3792 1664 Γένοιο

2209 1697 2562 1770 πρεσϐύτηςο
2615 1698 2674 1751 ὃν
2721 1699 3054 1769 ὲπιστεύθης
3105 1698 3233 1753 λαὸν
3279 1700 3580 1770 ήνιοχοίης.
3637 1700 3800 1753 Εἴποι

531 1796 762 1848 ramus;
798 1783 891 1838 sed
929 1785 1198 1854 voluptati
1225 1786 1402 1855 magis
1427 1803 1592 1857 quam
1625 1789 1783 1842 oneri
1820 1788 1980 1843 nobis
2001 1797 2108 1844 est.

2215 1789 2309 1846 καὶ
2367 1789 2504 1860 πρὸς
2571 1791 2631 1842 σὲ
2695 1791 2724 1843 ὁ
2783 1790 2940 1855 Θεὸς,
2999 1790 3100 1864 τὴν
3159 1790 3269 1842 τῶν
3331 1792 3396 1844 ἐκ
3455 1791 3554 1844 σοῦ
3614 1808 3793 1844 τικτο-

535 1871 624 1925 Sis
653 1870 819 1942 igitur
857 1874 1014 1928 nobis
1051 1875 1442 1944 multiplicatos
1487 1887 1739 1932 servatus
1787 1877 1844 1932 in
1888 1893 2107 1943 annos;

529 1961 910 2020 diuturnitatis
941 1965 1269 2036 longitudini
1288 1976 1344 2022 tu
1368 1969 1744 2038 superaddas;
1778 1969 1876 2024 tias
1901 1984 2107 2030 senex;

531 2065 589 2110 tu
623 2058 885 2126 populum
917 2074 1079 2129 quem
1111 2062 1344 2116 sortitus
1381 2076 1462 2124 es,
1488 2061 1715 2131 dirigas.
1753 2059 1911 2116 Dicat
1941 2061 2011 2115 ad
2059 2070 2112 2116 te

532 2160 752 2216 quoque
782 2147 925 2204 Deus
953 2167 966 2203 :
1001 2149 1250 2219 Regnum
1277 2165 1468 2206 eorum
1497 2152 1593 2221 qui
1615 2167 1680 2206 ex
1714 2159 1767 2207 te
1791 2163 2112 2214 nascentur,

528 2239 904 2308 propagando,
938 2242 1150 2312 augebo
1166 2251 1219 2298 te
1247 2244 1602 2298 vehementer
1625 2244 1810 2308 nimis,
1833 2253 1886 2298 et
1913 2257 2112 2313 ponam

529 2336 588 2382 te
618 2329 671 2382 in
703 2341 914 2400 gentes,
949 2341 1004 2387 et
1048 2349 1208 2402 reges
1233 2349 1298 2420 es
1341 2343 1392 2390 te
1429 2333 1754 2405 prodibunt.
1791 2335 1846 2388 lu
1889 2333 2111 2388 Christo

2214 1879 2390 1950 μένων
2444 1881 2723 1952 βασιλείαν
2774 1882 3094 1954 κηρύττων,
3155 1881 3384 1948 Δῦξανῶ
3447 1899 3507 1936 σε
3577 1885 3794 1955 σφόδρα

2216 1970 2485 2042 σφοδρῶς,
2550 1973 2646 2027 καὶ
2708 1973 2860 2043 θήσω
2920 1989 2980 2026 σε
3046 1975 3127 2037 είς
3177 1973 3332 2044 ἔθνη,
3387 1973 3483 2027 καὶ
3549 1974 3794 2044 βασιλεῖς

2211 2063 2281 2116 ἐκ
2308 2062 2400 2116 σοῦ
2431 2062 2824 2128 ἐξελεύσονται.
2869 2063 2957 2116 Ἐν
3001 2063 3224 2136 Χριστῷ
3266 2065 3440 2136 Ἰησοῦ
3480 2064 3560 2136 τῷ
3601 2065 3800 2135 Κυρίῳ

2213 2153 2394 2224 ἡμῶν,
2425 2147 2469 2223 ᾧ
2493 2155 2692 2226 πρέπει
2726 2156 2877 2209 πᾶσα
2906 2155 3052 2223 δόξα,
3083 2156 3216 2228 τιμὴ
3253 2158 3349 2210 καὶ
3387 2157 3798 2230 προσκύνησις,

2215 2245 2329 2310 νῦν,
2389 2245 2483 2300 καὶ
2532 2247 2641 2312 ἀεὶ,
2694 2247 2790 2300 καὶ
2840 2247 2920 2311 είς
2967 2249 3097 2311 τοὺς
3143 2247 3348 2312 αἰῶνας
3397 2249 3507 2302 τῶν
3547 2248 3796 2303 αἰώνων.

2226 2335 2284 2390 Ἀ
2293 2338 2422 2408 μήν.

531 2419 662 2474 Jesu
702 2421 936 2478 Domino
968 2435 1180 2492 nostro,
1221 2419 1312 2482 cui
1353 2428 1425 2482 sit
1474 2427 1659 2481 omnis
1703 2427 1910 2498 gloria,
1975 2425 2152 2482 honor
2189 2437 2245 2482 et
2308 2429 2585 2484 veneratio
2624 2445 2770 2484 nunc
2802 2438 2856 2484 et
2884 2445 3124 2500 semper,
3165 2439 3222 2486 et
3258 2430 3313 2485 in
3361 2429 3560 2486 smeula
3613 2445 3806 2487 saecu-

532 2515 734 2572 lorum.
777 2516 973 2573 Amen.
1047 2531 1051 2536 '

532 2721 897 2797 Pantaleouis
917 2734 1116 2797 sancite
1147 2724 1240 2797 Dei
1267 2725 1478 2797 Magna:
1518 2727 1753 2797 eccigsiaz
1776 2724 2013 2790 diaconi,
2052 2725 2111 2797 iit

601 2791 1043 2861 gloriosissimam
1071 2795 1284 2848 Domini
1317 2791 1381 2850 οἱ
1415 2797 1508 2850 Dei
1533 2807 1582 2852 et
1612 2795 1907 2851 Saluatoris
1938 2795 2109 2849 nostri

601 2859 734 2914 Iesu
767 2859 968 2918 Christi
1004 2863 1554 2936 Transﬁguratiouem
1587 2866 1776 2922 Oratio
1805 2863 1858 2921 I.

2969 2631 3050 2684 Β.

2213 2725 2665 2792 Πανταλέοντος
2705 2725 2990 2779 διακόνου
3031 2725 3137 2778 τοῦ
3183 2724 3332 2778 Θεοῦ
3374 2723 3662 2793 Μεγάλης
3688 2741 3797 2779 εκ-

2281 2797 2546 2874 κλῃσζᾳς
2559 2812 2590 2874 ’⁸
2605 2798 2694 2861 εις
2721 2793 3270 2874 τὴνᾼὺπερένᾷοξον
3287 2797 3799 2874 ’Μεταέιορςοωιζιν

2177 2916 2184 2922 .
2281 2867 2387 2920 τοῦ
2439 2866 2667 2934 Κυρίου
2696 2866 2792 2918 καὶ
2825 2864 2974 2919 Θεοῦ
3006 2865 3106 2918 καί
3145 2863 3420 2932 Σωτῆρος
3452 2863 3624 2934 ἡμῶν
3671 2866 3797 2932 Ἰη-

2281 2935 2397 2990 σοῦ
2427 2933 2684 3002 Χριστοῦ
2711 2937 2902 3004 Λόγος
2930 2937 3014 2991 A'.

605 3018 644 3072 li
673 3019 928 3088 quidem,
979 3021 1074 3091 qui
1120 3025 1291 3092 probe
1337 3025 1403 3079 ad
1466 3033 1745 3080 certamen
1806 3024 2105 3094 comparati

2281 3029 2344 3081 Οἱ
2386 3026 2484 3096 μὲν
2509 3020 2570 3079 εὖ
2611 3024 2814 3088 εἰδότες
2842 3024 3048 3090 ἀθλεῖν,
3083 3025 3196 3088 τοῖς
3227 3022 3338 3078 τῶν
3373 3023 3666 3094 θεωμένων
3691 3025 3790 3093 ἔφ-

531 3108 829 3176 οιιείειιιηι,
863 3121 1232 3178 spectatorum
1267 3112 1614 3167 delectantur
1645 3114 1951 3183 plausibus,
1985 3129 2106 3182 spe-

531 3218 639 3272 quc
667 3203 1018 3272 praemiorum
1052 3203 1118 3256 ad
1145 3218 1444 3273 congruam
1475 3205 1610 3273 ipsis
1643 3205 1928 3258 victoriam
1983 3205 2104 3258 ani-

531 3297 638 3350 mis
671 3304 949 3348 acuuntur
982 3313 995 3348 :
1035 3295 1131 3349 sed
1167 3303 1222 3349 et
1279 3295 1314 3349 ii
1341 3335 1355 3359 ,
1393 3297 1485 3366 qui
1521 3297 1619 3350 Dei
1655 3296 1795 3350 dona
1842 3296 2103 3364 consequi

531 3387 784 3454 cupiunt,
824 3387 1030 3455 quique
1061 3386 1177 3456 spei
1206 3387 1418 3442 sanctis
1452 3388 1695 3456 quaesitae
1729 3388 2104 3458 participatio-

532 3492 657 3530 nem
707 3477 921 3540 sitiuut,
985 3477 1162 3538 avide,
1220 3477 1442 3545 pietatis
1498 3493 1630 3548 ergo
1689 3479 1742 3531 in
1793 3477 2103 3542 Christum,

533 3567 833 3622 certamina
883 3569 1292 3638 amplexantur.
1341 3580 1769 3638 emerenturquc
1819 3570 2104 3640 probatam

530 3661 736 3728 vitam;
787 3674 892 3714 non
924 3661 1198 3732 ignaviam
1233 3661 1441 3730 absque
1483 3663 1732 3716 mercede
1773 3661 2102 3732 praeferunt;

532 3768 701 3807 necve
753 3751 1124 3807 effeminatam
1178 3753 1417 3824 diligunt
1469 3753 1820 3807 timiditatem
1871 3769 1884 3805 :
1929 3751 2104 3821 quin,

530 3845 676 3898 virili
713 3856 950 3914 pectore,
987 3845 1345 3900 tentationem
1387 3857 1630 3909 omnem,
1675 3860 1740 3899 ac
1769 3845 2107 3914 persecutio-

532 3951 664 3990 num
719 3936 995 4002 incursus,
1031 3936 1183 4008 parvi
1232 3937 1393 4007 plane
1439 3937 1723 4006 pendunt;
1775 3935 2107 4004 divitiasque

531 4037 808 4098 reputant,
851 4039 909 4084 ut
949 4045 1048 4100 pro
1096 4045 1160 4084 ea
1206 4028 1338 4098 quid
1391 4027 1694 4097 patiantur.
1742 4025 2107 4081 Meminerunt

531 4123 677 4176 enim
722 4123 864 4178 beati
896 4123 1051 4178 Pauli
1089 4124 1146 4176 in
1198 4123 1314 4176 haec
1341 4121 1508 4174 verba
1543 4119 1840 4175 scribentis
1873 4138 1889 4175 :
1931 4137 1950 4172 ι
1985 4116 2105 4172 Non

533 4225 664 4270 sunt
697 4216 986 4285 condignae
1018 4213 1308 4284 passiones
1347 4211 1516 4278 hujus
1543 4210 1828 4281 temporis,
1861 4211 1926 4265 ad
1962 4209 2108 4265 futu-

530 4324 650 4364 ram
693 4309 923 4377 gloriam
979 4321 1102 4377 qua:
1144 4303 1480 4359 reVelabitur
1525 4301 1580 4356 in
1638 4301 1796 4356 nobis
1817 4303 1856 4355 ⁸.
1897 4319 1915 4352 ι
1969 4299 2106 4356 Vide
2138 4339 2181 4394 υ

533 4401 726 4472 igitur,
778 4399 982 4470 quibus
1015 4406 1068 4452 et
1106 4395 1292 4459 modo,
1334 4393 1562 4463 provide
1611 4391 1936 4458 admodum,
1971 4407 2106 4448 usus

532 4495 604 4548 sit
643 4492 710 4547 ad
759 4499 1076 4546 sanctorum
1127 4486 1502 4558 apostolorum
1558 4485 1908 4541 commodum
1946 4493 2108 4552 atque

531 4583 977 4648 mdilicatiouem,
1030 4581 1294 4636 Dominus
1329 4578 1496 4634 Jesus
1547 4575 1828 4632 Christus.
1880 4575 2107 4630 Dixerat

531 4677 804 4743 siquidem
850 4674 914 4729 ad
947 4689 1043 4729 eos
1075 4691 1090 4728 :
1121 4691 1140 4725 ι
1177 4671 1235 4726 Si
1279 4673 1406 4742 quis
1454 4671 1572 4724 vult
1603 4677 1726 4740 post
1764 4684 1851 4723 me
1897 4669 2105 4733 venire,

531 4768 769 4836 abneget
801 4763 1180 4834 semetipsum,
1213 4770 1267 4816 ct
1300 4763 1455 4817 tollat
1483 4775 1702 4816 crucem
1736 4774 1892 4814 suam
1923 4757 2108 4828 quoti-

530 4860 642 4925 die,
688 4867 743 4914 et
791 4865 1055 4928 sequatur
1101 4870 1210 4913 me.
1251 4853 1358 4921 Qui
1406 4853 1553 4908 enim
1586 4851 1822 4908 voluerit
1869 4850 2106 4905 animam

532 4967 687 5008 suam
721 4951 930 5006 salvam
973 4947 1176 5010 facere,
1216 4946 1406 5017 perdet
1434 4961 1554 5000 eam
1590 4965 1604 5000 :
1647 4944 1740 5014 qui
1779 4952 1960 4998 autem
1989 4958 2111 5011 per-

533 5041 736 5096 diderit
782 5041 1022 5095 animam
1069 5053 1226 5094 suam
1275 5048 1502 5109 propter
1542 5052 1653 5100 me,
1701 5035 1910 5091 salvam
1947 5032 2110 5087 faciet

534 5135 684 5189 illam
707 5135 748 5186 ".
783 5151 802 5184 ι
855 5130 1105 5185 Salubris
1145 5145 1208 5186 ea
1243 5130 1466 5202 quidem
1509 5127 1840 5190 admonitio,
1869 5141 1934 5180 ac
1981 5139 2112 5178 san-

481 5277 484 5280 .
535 5225 640 5280 etis
669 5237 912 5292 congrua
936 5237 950 5287 ;
987 5237 1220 5291 qumque
1245 5234 1542 5292 supernam
1567 5217 1828 5273 conciliet
1855 5215 2110 5285 gloriam,

536 5333 602 5374 ac
633 5315 876 5387 requiem
919 5314 1220 5384 jucundam
1275 5319 1517 5383 prmstet.
1570 5308 1689 5362 Non
1753 5295 1899 5361 enim
1955 5314 2113 5360 vacat

541 5411 816 5474 mercede,
853 5419 913 5464 ut
943 5408 1070 5478 quis
1103 5421 1202 5476 pro
1232 5405 1451 5460 Christo
1480 5401 1588 5472 pati
1629 5400 1794 5470 eligat
1826 5417 1840 5452 :
1867 5398 2114 5468 adeoque

537 5511 756 5557 aaternte
809 5500 998 5570 gloriae
1061 5497 1355 5570 participes
1409 5492 1594 5548 eilicit.
1652 5491 1923 5547 Czetcrum
1985 5505 2110 5544 cum

541 5592 778 5646 nautium
807 5590 1064 5661 discipuli
1097 5609 1116 5640 ‹
1143 5588 1402 5640 virtutem
1427 5599 1494 5638 ex
1522 5583 1632 5636 alto
1655 5580 2054 5652 accepissent“,
2088 5597 2106 5630 ι

617 5723 638 5755 ⁸
670 5723 853 5778 Matth.
893 5741 970 5788 XI,
993 5723 1084 5788 (ἐξ),
1115 5723 1203 5776 30.
1285 5716 1305 5747 ⁸
1327 5717 1486 5773 Rom.
1521 5733 1641 5790 vnt,
1679 5717 1764 5772 18.
1841 5717 1860 5746 ⁷
1887 5714 2019 5771 Luc.
2050 5731 2126 5781 ιι,
2156 5713 2353 5769 ἓδ-Ξῖἰ.

2208 3118 2426 3188 ἡδονται
2470 3116 2688 3186 κρότοις
2713 3131 2732 3147 δ
2764 3114 2861 3169 καὶ
2900 3116 3022 3178 ταῖς
3076 3113 3186 3168 τῶν
3242 3113 3512 3185 βραϐείων
3567 3113 3796 3167 ἐλπίσιν·

2205 3207 2533 3260 ἀκονοῦνται
2569 3206 2706 3276 πρὸς
2727 3205 2824 3276 τὴν
2854 3205 3036 3269 αὐτοῖς
3068 3191 3384 3276 πρέπουσαν
3421 3207 3578 3276 νίκην
3604 3221 3620 3236 °
3642 3207 3692 3258 oi
3728 3205 3790 3258 δέ

2205 3315 2271 3366 γε
2291 3297 2401 3350 τῶν
2425 3296 2585 3350 θείων
2612 3295 2970 3368 χαρισμάτων
3005 3297 3284 3366 ἐπιτυχεῖν
3319 3296 3658 3367 γλιχόμενοι,
3685 3298 3790 3350 καὶ

2206 3389 2303 3458 τῆς
2353 3390 2466 3451 τοῖς
2528 3387 2706 3457 ἁγίοις
2755 3387 3192 3458 εὐτρεπισμένης
3257 3386 3468 3450 ἐλπίδος
3520 3386 3788 3455 διψῶντες

2206 3479 2303 3550 τὴν
2361 3478 2598 3548 μέθεξιν,
2623 3479 2748 3542 τοὺς
2793 3477 2933 3546 ὑπὲρ
2983 3477 3084 3548 τῆς
3107 3479 3187 3541 είς
3223 3477 3456 3549 Χριστὸν
3499 3477 3787 3542 εὐσεϐείας

2205 3571 2444 3640 ἀγῶνας,
2476 3571 2788 3642 προσίενται
2830 3570 2932 3642 μὲν
2962 3570 3216 3641 ἀσμένως
3237 3585 3255 3600 ·
3283 3569 3381 3640 τὴν
3416 3569 3696 3640 εὐδόκιμον
3727 3571 3788 3622 δὲ

2208 3663 2534 3735 κατορθοῦσι
2588 3664 2766 3735 ζωὴν,
2821 3662 2883 3716 οὐ
2947 3661 3040 3716 τὸν
3109 3661 3338 3733 ἄμισθον
3407 3661 3787 3734 προτιμῶντες

2213 3756 2393 3816 ὄκνον,
2425 3755 2548 3808 οὕτε
2581 3755 2688 3824 μὴν
2745 3753 2844 3826 τὴν
2873 3753 3136 3824 ἄνανδρον
3179 3751 3502 3820 ἀγαπῶντες
3545 3751 3782 3805 δειλίαν·

2207 3843 2688 3918 κατανδριξόμενοι
2715 3845 2774 3899 δὲ
2833 3844 3033 3915 μᾶλλον
3084 3844 3285 3907 παντὸς
3324 3843 3653 3916 πειρασμοῦ.
3689 3845 3784 3897 καὶ

2205 3937 2300 4000 τὰς
2328 3936 2434 3989 τῶν
2467 3936 2724 4006 διωγμῶν
2771 3935 2995 4004 ἐφόδους
3019 3933 3205 4002 ὀλίγου
3254 3933 3536 3996 παντελῶς
3567 3933 3782 3998 ἀξιοῦν.

2206 4045 2298 4092 τες
2341 4029 2522 4098 λόγου,
2554 4030 2649 4083 καὶ
2698 4029 2926 4082 πλοῦτον
2981 4028 3278 4100 ἡγούμενοι
3323 4027 3384 4081 τὸ
3419 4025 3607 4080 παθεῖν
3639 4025 3782 4094 ὑπὲρ

2207 4119 2394 4176 αὑτοῦ,
2469 4119 2880 4192 Διαμέμνηνται
2957 4119 3066 4189 γὰρ
3123 4116 3218 4172 τοῦ
3285 4119 3558 4189 μακαρίου
3647 4116 3780 4186 γρῶ-

2208 4197 2402 4281 φοντος
2464 4209 2680 4264 Παύλου
2705 4197 2726 4240 ·’
2752 4210 2834 4264 ὃτι
2872 4228 2891 4260 ι
2919 4210 3034 4264 Οὐκ
3067 4207 3195 4273 ἄξια
3239 4208 3307 4263 τὰ
3342 4210 3644 4279 παθήματα
3687 4207 3778 4259 τοῦ

2207 4304 2302 4358 νῦν
2323 4301 2519 4374 καιροῦ
2551 4303 2686 4376 πρὸ,⁵
2707 4301 2806 4374 τὴν
2829 4301 3022 4373 μέλλον
3032 4318 3130 4354 σαν
3149 4299 3306 4366 δόξαν
3328 4297 3778 4367 ἀποκαλυφθῆναι

2208 4397 2289 4460 είς
2349 4397 2533 4466 ἡμᾶς·
2571 4415 2590 4446 ι
2632 4395 2824 4464 Ἀθρει
2872 4392 3162 4464 τοιγαροῦν
3219 4392 3286 4446 δι’
3333 4391 3448 4456 οὓς,
3503 4389 3782 4460 οἰκονομίᾳ

2207 4487 2482 4556 παγκαλεῖ
2503 4485 2879 4557 κεχρησμένον
2909 4486 3002 4538 καὶ
3019 4483 3114 4538 νῦν
3141 4483 3234 4538 τὸν
3257 4484 3465 4554 Κύριον
3488 4482 3645 4554 ἡμῶν
3677 4483 3748 4552 ’1η
3765 4509 3778 4520 ο

2209 4579 2334 4633 σοῦν
2357 4577 2594 4649 Χριστὸν
2627 4579 2706 4640 ei;
2755 4575 2942 4647 ὄνησιν
2986 4577 3080 4630 καὶ
3128 4573 3418 4645 οἰκοδομὴν
3466 4574 3575 4627 τῶν
3605 4572 3780 4642 ἀγίων

2208 4667 2546 4722 ἀποστόλων.
2581 4665 2725 4736 Ἔφη
2755 4665 2853 4736 μὲν
2885 4664 2995 4736 γὰρ
3023 4663 3158 4736 πρὸς
3178 4663 3376 4726 αὐτούς
3397 4679 3411 4694 ’
3435 4680 3456 4714 ι
3485 4661 3556 4716 Εἴ
3580 4679 3665 4726 τις
3697 4661 3779 4714 θέ-

2208 4759 2291 4812 λει
2319 4759 2494 4812 ὀπίσω
2525 4774 2627 4826 μου
2657 4755 2992 4822 ἀκολουθεῖν,
3017 4756 3424 4828 ἀπαρνησάσθω
3443 4755 3658 4818 ἑαυτὸν,
3692 4755 3782 4808 καὶ

2208 4851 2396 4923 ἀράτω
2421 4848 2513 4904 τὸν
2550 4848 2784 4917 σταυρὸν
2817 4849 2982 4902 αὑτοῦ
3017 4847 3140 4902 καθ’
3166 4850 3403 4918 ἡμέραν,
3429 4849 3524 4901 καὶ
3556 4849 3781 4904 ἀκολου-

2211 4943 2373 4998 θείτω
2406 4959 2517 5012 μοι.
2553 4943 2650 5006 Ὃς
2695 4941 2804 5010 γάρ
2828 4940 2972 4995 θέλει
3021 4941 3118 5014 τὴν
3149 4942 3330 5012 ψυχὴν
3385 4939 3551 4994 αὐτοῦ
3587 4939 3780 5005 σῶσαι,

2211 5035 2468 5088 ἀπολέσει
2510 5033 2679 5100 αὑτήν
2701 5049 2716 5065 ο
2757 5035 2854 5096 Ὃς
2882 5031 2926 5086 δ’
2959 5033 3026 5090 ἂν
3071 5033 3326 5087 ἀπολέσει
3352 5035 3452 5101 τὴν
3479 5031 3660 5102 ψυχὴν
3691 5031 3788 5085 a6-

2211 5125 2302 5178 τοῦ
2355 5125 2542 5178 ἕνεκεν
2592 5123 2748 5194 ἐμοῦ,
2785 5124 3008 5196 εὑρήσει
3049 5124 3242 5194 αὐτήν.
3297 5142 3317 5175 ι
3355 5124 3463 5177 Καὶ
3518 5124 3786 5193 σωτήριον

2216 5217 2316 5288 μὲν
2373 5216 2436 5269 τὸ
2493 5215 2862 5286 παράγγελμα
2889 5233 2900 5244 ·
2930 5215 3024 5269 καὶ
3077 5215 3287 5286 πρέπον
3316 5215 3494 5283 ἁγίοις
3514 5229 3528 5245 ⁸
3564 5213 3660 5268 καὶ
3687 5213 3784 5281 τῆς

2213 5306 2474 5360 ἀνωτάτω
2520 5305 2782 5376 πρόξενον
2817 5305 2974 5374 δόξης
2997 5345 3015 5370 ,
3043 5307 3138 5358 καὶ
3167 5308 3266 5378 τῆς
3309 5308 3387 5368 εἰς
3445 5301 3602 5373 λῆξιν
3629 5305 3784 5373 θυμι-

2213 5399 2331 5460 δίας
2383 5397 2762 5468 ὲμποιητικόν.
2823 5397 2896 5450 Τὸ
2950 5396 3059 5468 γὰρ
3113 5397 3175 5450 τὸ
3219 5396 3412 5450 πιθεῖν
3455 5395 3674 5450 ἑλέσθαι
3697 5391 3782 5446 διὰ

2215 5489 2471 5560 Χριστὸν,
2500 5490 2600 5541 οὐκ
2638 5488 2874 5558 ἄμισθον
2897 5505 2911 5518 ο
2942 5488 3145 5558 μᾶλλον
3175 5487 3231 5542 δὲ
3251 5490 3350 5558 τῆς
3379 5487 3600 5542 αἰωνίου
3628 5483 3783 5554 δόξης

2219 5583 2490 5650 περιποιεῖ
2535 5579 2636 5650 τὴν
2675 5577 2912 5648 μέθεξιν.
2964 5577 3110 5648 Πλὴν
3153 5578 3304 5632 οὔπω
3343 5595 3362 5630 ι
3399 5579 3497 5649 τὴν
3530 5576 3588 5643 ἐξ
3618 5573 3783 5643 ὕψους

2431 5714 2451 5742 ⁸
2479 5711 2608 5768 Luc.
2644 5727 2791 5776 sxw,
2827 5711 2915 5765 49.
