4038 6274
219 333 397 400 Ἰ).άο

1000 343 1260 408 SERMO
1292 346 1321 408 ἶ
1357 345 1441 408 IN
1500 347 2342 414 TIMNSFIGURATIONEM
2379 353 2447 414 D.
2477 355 2548 416 N.
2588 354 2644 417 Ι.
2685 355 2751 420 C.

3395 366 3534 432 12.30

223 451 494 522 δύναμιν
524 431 824 524 ἐσχηκότας
852 473 882 506 ιι
918 457 1051 522 τοὺς
1094 459 1348 528 μαθητὰς
1373 497 1388 523 ,
1415 459 1564 524 είκδς
1604 456 1673 532 ἣν
1707 461 1810 530 τάχ

1912 499 1918 523 ι
1949 475 2044 530 par
2081 461 2222 519 forte
2265 474 2385 521 erat
2415 476 2472 520 ut
2501 466 2668 521 etiam
2706 467 2914 538 aliquid
2950 469 3206 528 humanm
3237 476 3537 532 imbecilli-

230 559 362 596 που
395 543 492 596 καὶ
525 543 897 614 ἀνθρωπίναις
936 553 1258 620 περιπεσεῖν
1281 550 1592 617 ἀσθενείαις
1619 569 1634 585 ο
1671 551 1765 606 καί
1790 570 1842 606 τι

229 633 502 690 τοιοῦτον
529 636 652 690 καθ’
675 637 908 704 ἑαυτοὺς
937 641 1326 713 ὲννενοηκότας
1352 647 1550 700 είπεῖν.
1589 646 1715 710 Πῶς
1743 647 1843 718 ἁρ-

215 727 488 799 ·νήσεταί
537 745 622 794 τις
681 731 910 786 ἑαυτόν·
943 733 978 804 ἢ
1013 735 1130 800 πῶς
1181 737 1454 804 ἀπολέσας
1488 738 1588 810 τὴν
1639 740 1840 795 ἑαυτοῦ

231 817 462 890 ψυχὴν,
489 821 712 893 εὑρήσει
769 824 935 879 πάλιν
975 827 1149 900 αὑτήν
1173 841 1192 892 ζ
1225 829 1290 882 Τί
1319 830 1378 884 δὲ
1403 832 1521 894 τοῖς
1546 831 1713 886 τοῦτο.
1731 849 1840 887 πα-

235 907 419 963 θοῦσι
443 909 504 964 τὸ
534 913 854 968 ίσοστάλοῦν
901 915 1056 972 ἔσται
1087 919 1333 992 χάρισμα
1360 938 1375 987 ;
1405 921 1492 975 ἵνα
1521 922 1702 977 τοίνυν
1728 923 1840 977 τῶν

231 999 522 1056 τοιούτων
553 1003 750 1070 αὐτοὺς
779 1007 1066 1084 ἀποστήσῃ
1115 1010 1210 1064 καὶ
1249 1011 1526 1084 λογισμῶν
1547 1015 1640 1068 καὶ
1667 1017 1842 1087 ῥημά-

224 1105 396 1146 των
423 1090 653 1150 καὶλοῖον
711 1102 1128 1174 μεταχαλκεύσῃ
1171 1106 1310 1176 πρὸς
1359 1106 1710 1178 εὐανδρείαν,
1737 1109 1838 1180 τῆς

220 1183 636 1259 δοθησομένης
670 1189 852 1256 αὐτοῖς
899 1193 1154 1261 εὐκλείας
1211 1197 1510 1266 ἐπιθυμίαν
1555 1201 1831 1255 ὲντεκών·

229 1290 268 1326 -σ
313 1275 480 1342 Λέγω
501 1277 651 1346 ὑμῖν,
681 1280 866 1350 φησὶν,
903 1281 1012 1336 είσί
1061 1299 1205 1349 τινες
1233 1291 1342 1342 τῶν
1377 1281 1478 1341 ὦδε
1500 1290 1834 1360 ἑστηκότων,

223 1367 300 1420 -οῖ
337 1383 484 1427 τινες
508 1369 556 1421 ot
590 1369 667 1440 μὴ
697 1369 986 1438 γεύσονται
1026 1375 1258 1431 θανάτου
1279 1419 1294 1445 ,
1319 1378 1429 1444 ἕως
1469 1381 1537 1434 ἂν
1563 1381 1714 1436 ίδωσι
1737 1384 1836 1454 τὴν

220 1455 537 1527 ,βασιλείαν
574 1457 672 1512 τοῦ
701 1459 863 1518 Θεοῦ.
908 1479 930 1517 ι
964 1463 1116 1538 Ἆρά
1148 1484 1212 1536 γε
1251 1469 1334 1533 είς
1358 1471 1613 1526 τοσοῦτον
1649 1474 1834 1539 αὐτοῖς

227 1548 642 1620 ἰκταθήσεται,
672 1553 833 1625 φησὶ,
891 1554 955 1610 τὸ
983 1556 1084 1628 τῆς
1131 1553 1281 1630 ζωῆς
1312 1562 1534 1633 μέτρον,
1568 1562 1710 1618 ὥστε
1739 1567 1835 1620 καὶ

230 1641 338 1704 είς
361 1641 609 1706 ἐκείνους
637 1644 846 1713 φθάσαι
868 1634 995 1712 τοὺς
1027 1648 1272 1719 χρόνους,
1302 1653 1424 1706 καθ’
1457 1653 1550 1718 οὓς
1586 1655 1678 1709 ἐπὶ
1710 1674 1836 1711 συν·

221 1731 438 1804 τελείᾳ
471 1733 580 1788 τῶν
608 1735 821 1791 αιὼνων
851 1738 912 1808 ἐξ
939 1740 1170 1809 οὐρανοῦ
1207 1744 1512 1812 κατελθὼν,
1545 1747 1829 1802 ἀποκατα-

227 1823 445 1894 στήσει
472 1826 591 1903 τοῖς.
621 1827 819 1896 ἁγίοις,
851 1829 952 1901 τὴν
977 1833 1394 1907 ἡτοιμασμένην
1433 1837 1620 1904 αὐτοῖς
1669 1839 1825 1912 βασι-

223 1913 401 1968 λείαν
425 1932 440 1982 ;
473 1917 588 1970 ἀλλ’
616 1913 686 1990 ἦν
714 1919 814 1990 μὲν
843 1921 940 1975 καὶ
965 1923 1126 1978 τοῦτο
1151 1926 1373 1995 ἐφικτὸν
1423 1929 1573 2002 αὑτῷ
1597 1947 1612 1962 ο
1645 1933 1823 1988 πάντα

221 2003 357 2076 γὰρ
381 2004 629 2072 δύναται,
663 2011 758 2064 καὶ
812 2011 966 2067 οὐδὲν
1012 2014 1358 2090 ἀμήχανονῆ
1409 2020 1669 2093 ἀνήνυτον
1707 2027 1822 2090 τοῖς

224 2094 416 2150 αὐτοῦ
441 2097 931 2166 πανσθινεστάτοις
971 2104 1224 2174 νεύμασι.
1271 2107 1562 2165 Βασιλείαν
1593 2113 1652 2168 δὲ
1681 2115 1818 2170 Θεοῦ

233 2199 414 2256 φησιν
460 2187 634 2259 αὐτὴν
687 2190 789 2262 τὴν
837 2190 969 2248 θέαν
1019 2194 1125 2274 τῆς
1162 2196 1346 2269 δόξης,
1373 2201 1430 2253 ὲν
1467 2196 1625 2275 ﬁmi.
1657 2205 1819 2271 αὐτὸς

221 2277 546 2350 ὀφθήσεται
574 2280 696 2335 κατ’
718 2282 897 2338 ἐκεῖνο
928 2286 1147 2356 καιροῦ,
1197 2289 1322 2342 καθ’
1351 2291 1506 2346 em
1530 2295 1817 2370 ἐπιλάμψῃ

223 2367 358 2428 τοῖς
384 2367 476 2420 ἐπὶ
501 2367 602 2438 τῆς
629 2369 735 2440 γῆς
757 2387 772 2402 ο
799 2390 822 2425 ι
855 2372 1017 2438 Ἥξει
1045 2376 1154 2447 γὰρ
1184 2377 1244 2430 ἐν
1275 2379 1401 2451 δόξῃ
1431 2381 1525 2436 τοῦ
1561 2384 1698 2438 Θεοῦ
1722 2367 1816 2440 καῖ

230 2456 518 2528 nam,»
536 2460 630 2514 καὶ
657 2461 757 2515 οὐκ
799 2461 857 2518 ἕν
901 2481 967 2533 γε
1022 2466 1223 2537 μᾶλλον
1269 2476 1812 2550 σμικροπρεπείᾳτῇ

227 2548 364 2602 καθ’
389 2552 557 2620 ἡμᾶς.
596 2553 720 2618 Πῶς
750 2550 844 2608 οὖν
868 2555 978 2627 ἄρα
1007 2555 1248 2630 θεωροὺς
1270 2561 1442 2616 ἐποίει
1469 2564 1564 2618 τοῦ
1597 2548 1816 2636 θαύμα-ιλ

223 2655 331 2702 τος
373 2641 498 2704 τοὺς
562 2641 826 2709 λαϐόντας
875 2647 974 2718 τὴν
1017 2648 1354 2722 ὑπόσχεσινς
1389 2673 1408 2706 ι
1455 2655 1696 2710 ’Δνεισιν
1731 2659 1812 2724 είς

227 2730 298 2784 τὸ
327 2730 453 2800 διρος
485 2751 506 2784 ι
539 2737 688 2804 τρεῖς
737 2737 836 2790 ἀπ’
864 2737 1046 2793 αὐτῶν
1081 2740 1209 2804 τοὺς
1259 2743 1578 2810 ἐπιλέκτους
1625 2746 1766 2818 ἔχων
1791 2764 1805 2781 ⁸

228 2819 356 2875 εἶτα
413 2825 849 2894 μεταπλάττεται
899 2830 1036 2900 πρὸς
1081 2831 1360 2905 ἐξαίρετόν
1399 2853 1520 2892 τινα
1556 2840 1650 2891 καὶ
1686 2839 1808 2893 θεο-

231 2919 422 2988 πρεπῆ
459 2917 821 2992 λαμπρότητα
841 2937 856 2954 ·
882 2922 1025 2976 ὥστε
1055 2924 1149 2978 καὶ
1171 2925 1264 2980 τὸν
1297 2928 1588 3000 ἱματισμὸν
1618 2933 1804 3000 αὑτοῦ,

229 3007 300 3076 τῇ
316 3005 411 3060 τοῦ
432 3011 611 3077 φωτὸς
627 3012 900 3084 προσϐολῇ
917 3013 1221 3086 διαλάμψαι
1236 3018 1412 3075 δοκεῖν
1429 3039 1444 3052 ·
1467 3015 1586 3097 εἶτα
1603 3045 1622 3078 ι
1645 3028 1806 3082 Maii)-

1947 553 2075 608 tatis
2126 553 2492 622 incurrerent,
2543 569 2708 627 atque
2758 559 3032 629 ejusmodi
3091 565 3369 634 quidpiam
3427 568 3529 638 ipsi

1943 645 2085 713 aput
2133 661 2192 701 se
2242 648 2572 716 cogitantes,
2623 649 2891 705 dicerent.
2936 651 3058 718 Quo
3100 669 3160 710 se
3205 658 3368 713 modo
3402 663 3527 730 quis

1941 737 2328 818 abnegaverit?
2375 739 2486 794 Aut
2543 742 2820 810 quomodo
2871 745 3116 800 animam
3177 761 3334 803 suam
3396 765 3524 820 per-

1940 826 2145 893 dendo,
2174 814 2373 884 iterum
2399 845 2519 885 eam
2545 833 2874 889 inventurus
2896 835 3020 890 est?
3042 835 3182 904 Quid
3206 853 3334 892 vero
3355 839 3524 896 hocce

1938 920 2158 988 passis,
2217 922 2450 992 aqualis
2507 923 2574 978 ad
2623 927 2908 994 praemium
2961 928 3067 983 erit
3117 933 3396 987 muneris?
3451 933 3521 992 Ut

1937 1023 2068 1078 ergo
2117 1011 2252 1065 tates
2292 1026 2487 1066 eorum
2519 1022 2575 1068 et
2605 1014 2968 1085 cogitationes
3007 1027 3062 1074 et
3094 1023 3260 1076 verba
3291 1038 3456 1094 comp
3493 1056 3518 1068 -

1938 1109 2080 1166 seat,
2133 1104 2394 1174 relutque
2441 1119 2624 1159 aaneos
2667 1107 2735 1160 ad
2783 1109 2941 1164 virile
2987 1112 3156 1166 robur
3197 1115 3514 1184 transferat,

1936 1192 2130 1248 dandae
2189 1194 2324 1264 ipsis
2383 1195 2574 1266 gloriae
2625 1197 3017 1267 cupiditatem,
3074 1205 3276 1262 animis
3321 1221 3512 1264 eorum

1933 1284 2313 1353 ingenernns:
2352 1305 2372 1338 ι
2410 1285 2544 1341 Dico
2577 1287 2754 1356 vobis,
2794 1290 2996 1360 inquit,
3039 1303 3168 1350 sunt
3207 1297 3378 1366 aliqui
3425 1299 3515 1356 hic

1935 1381 2166 1436 stantes,
2195 1374 2288 1444 qui
2319 1389 2428 1428 non
2476 1376 2778 1444 gustabunt
2820 1388 3055 1434 mortem
3085 1383 3261 1440 donec
3294 1387 3516 1441 videant

1933 1472 2160 1533 regnum
2193 1464 2358 1520 Dei’.
2393 1484 2412 1518 ι
2457 1465 2696 1538 Ergone,
2745 1468 2950 1539 inquit,
2989 1487 3164 1543 usque
3206 1475 3343 1530 adeo
3383 1492 3512 1548 pro-

1932 1555 2182 1612 ducenda
2219 1557 2328 1612 illis
2364 1568 2452 1614 est
2480 1561 2606 1616 vita
2637 1575 2920 1628 mensura,
2956 1573 3018 1618 ut
3060 1575 3114 1621 et
3145 1567 3212 1622 ad
3247 1585 3310 1622 ea
3347 1571 3511 1624 deve-

1934 1643 2090 1699 nient
2128 1655 2395 1717 tempora,
2427 1649 2650 1718 quando
2679 1649 2734 1703 in
2767 1658 3248 1710 consummatimze
3277 1660 3510 1713 saeculo-

1931 1750 2078 1802 rum,
2128 1738 2197 1794 de
2245 1739 2388 1794 coelo
2435 1739 2802 1808 descendens,
2863 1754 3118 1814 paratum
3165 1749 3372 1802 sanctis
3421 1765 3509 1804 re-

1928 1843 2093 1898 gnum
2150 1829 2496 1898 repositurus
2544 1830 2668 1886 est?
2699 1832 2870 1888 Plane
2915 1841 2970 1888 et
3017 1835 3122 1890 hoc
3151 1835 3226 1888 illi
3257 1836 3504 1903 pervium

1923 1930 2041 1976 erat
2073 1939 2088 1976 :
2126 1936 2256 1976 nam
2302 1929 2487 1992 potest
2531 1923 2755 1991 omnia;
2807 1936 2910 1980 n‘ec
2954 1925 3162 1996 aliquid
3207 1930 3500 1998 est,.quod

1923 2015 2306 2085 potentissimo
2354 2025 2494 2070 nutu
2543 2016 2815 2072 coniicere
2872 2026 3113 2088 nequeat
3139 2019 3206 2074 '°.
3256 2019 3496 2088 Verum,

1922 2120 2150 2177 regnum
2183 2107 2302 2173 Dei,
2353 2107 2528 2178 ipsam
2576 2107 2712 2163 dicit
2740 2108 2931 2179 gloriae
2965 2110 3256 2176 visionem,
3298 2112 3352 2165 in
3387 2127 3496 2183 qua

1917 2205 1972 2251 et
2005 2197 2123 2266 ipse
2162 2211 2260 2267 per
2293 2197 2350 2252 id
2386 2207 2602 2268 tempus
2651 2200 3022 2268 aspectandus
3062 2211 3212 2266 erat,
3251 2217 3380 2256 cum
3426 2205 3494 2258 iis

1917 2288 2210 2354 illuxisset,
2245 2289 2339 2359 qui
2367 2297 2549 2346 essent
2592 2291 2648 2345 in
2675 2299 2840 2346 terra.
2881 2311 2898 2344 ι
2930 2291 3026 2348 Est
3057 2293 3204 2348 enim
3234 2304 3500 2350 venturus

1917 2377 1970 2434 in
2023 2379 2196 2450 gloria
2246 2379 2337 2434 Dei
2386 2389 2443 2436 et
2473 2378 2757 2450 Patris“;
2793 2401 2812 2434 ι
2853 2397 2964 2438 non
3001 2382 3113 2452 jam
3161 2385 3396 2454 amplius
3443 2387 3498 2440 in

1915 2469 2122 2526 vilitate
2148 2471 2308 2526 nobis
2333 2472 2574 2541 propria.
2613 2463 2734 2538 Quo
2765 2473 2933 2544 igitur
2962 2475 3127 2530 modo
3157 2485 3499 2544 spectatores

1915 2561 2050 2618 facit
2085 2562 2338 2617 miraculi
2373 2577 2490 2626 eos,
2531 2563 2598 2618 ad
2650 2579 2789 2634 quos
2829 2565 3125 2634 promissio
3160 2565 3305 2621 facta
3347 2567 3502 2622 erat?

1918 2669 1940 2704 ι
1969 2653 2234 2708 Ascendit
2279 2653 2336 2708 in
2372 2663 2614 2710 montem
2642 2655 2710 2720 “,
2743 2675 2764 2708 ι
2806 2663 2916 2711 tres
2949 2671 3017 2710 ex
3053 2655 3162 2712 illis
3192 2660 3498 2729 praecipuos

1913 2757 2099 2798 secum
2149 2744 2396 2813 habens;
2436 2761 2502 2802 ac
2548 2757 2663 2801 tum
2712 2746 2769 2802 in
2794 2747 3060 2802 eximium
3088 2751 3382 2818 quemdam
3429 2766 3497 2806 ac

1911 2839 2080 2904 Supra
2154 2835 2432 2892 hominem
2505 2837 2853 2906 plendorem
2929 2838 3388 2906 transferuntur;
3437 2853 3500 2896 ut

1907 2926 2071 2980 etiam
2104 2928 2590 2998 vestimenta-ejus
2639 2929 2869 2985 luminis
2909 2932 3146 3001 appulsu
3185 2931 3369 2988 lucere
3411 2935 3500 2988 vi-

1907 3018 2169 3074 derentur
2199 3039 2213 3074 :
2242 3021 2428 3090 sicque
2463 3037 2483 3073 ι
2513 3019 2726 3092 Moyses
2759 3029 2814 3076 et
2869 3021 3016 3078 Elias
3081 3031 3326 3078 astantes
3365 3039 3492 3080 cum

231 3096 338 3166 σῆς
375 3099 470 3152 καὶ
503 3100 692 3165 Ἠλίας
727 3105 1124 3176 περιστηκότες
1147 3108 1240 3162 τὸν
1271 3109 1497 3181 Ἰησοῦν,
1535 3096 1802 3188 προσελά-

1912 3108 2062 3178 Jesu,
2095 3109 2334 3166 invicem
2383 3110 2780 3178 conferebant;
2815 3111 3062 3168 dicentes
3093 3114 3298 3168 exitum
3349 3115 3490 3186 ejus,

226 3185 360 3241 λουν
388 3189 640 3260 ἀλλήλοις
670 3191 770 3264 τὴν
795 3191 976 3258 ἔξοδον
1003 3195 1192 3262 αὐτοῦ,
1225 3197 1294 3269 ην
1309 3199 1502 3270 ἔμελλε
1537 3185 1806 3276 πληροῦν,

233 3277 422 3346 φησὶν,
455 3280 516 3340 εν
565 3280 942 3356 Ἰερουσαλήμ.
990 3304 1010 3338 ι
1045 3287 1328 3355 Τουτέστι,
1359 3291 1458 3362 τῆς
1491 3297 1630 3364 μετὰ
1664 3315 1805 3368 σαρ-

229 3369 329 3433 κὸς
355 3372 663 3442 οίκονομίας
687 3374 749 3428 τὸ
783 3377 1100 3450 μυστήριον,
1117 3380 1214 3434 καὶ
1244 3380 1309 3434 τυ
1335 3385 1604 3455 σωτήριον
1635 3388 1806 3452 πάθος

229 3459 296 3512 τὸ
322 3461 382 3514 ἐν
408 3461 487 3533 τῷ
513 3465 682 3534 τιμίῳ
727 3467 968 3537 σταυρῷ.
1002 3469 1114 3522 Καὶ
1163 3471 1275 3538 γάρ
1297 3471 1445 3524 ἐστιν
1479 3474 1698 3544 ἀληθὲς,
1721 3478 1805 3530 ὅτι

225 3553 262 3606 ὁ
289 3550 375 3606 διὰ
411 3553 654 3617 Μωσέως
699 3556 900 3626 νόμος,
923 3558 1046 3623 καὶ,
1069 3561 1098 3612 ὁ
1133 3558 1244 3611 τῶν
1297 3561 1468 3627 ἁγίων
1507 3560 1808 3634 προφητῶν

230 3637 411 3706 λόγος,
445 3639 506 3692 τὸ
544 3641 786 3711 Χριστοῦ
843 3647 1146 3715 μυστήριον
1185 3649 1658 3718 προανέδειξενοό
1703 3655 1806 3722 μὲν

238 3729 294 3778 ὲν
318 3725 508 3790 τύποις
535 3731 635 3783 καὶ
663 3734 843 3796 σκιαῖς
867 3749 881 3764 ο
909 3738 1191 3806 μονονουχὶ
1215 3739 1469 3810 καθάπερ
1495 3743 1553 3794 ὲν
1616 3743 1802 3798 πίνακι

235 3817 604 3888 καταγράφων
644 3821 777 3875 αὐτό
803 3839 816 3854 ο
850 3824 900 3876 οί
936 3823 1041 3893 δὲ,
1067 3825 1423 3897 πολυτρόπως
1468 3846 1804 3904 προηγορευ-

235 3907 406 3976 κότες,
441 3908 516 3973 ὡς
556 3912 981 3984 καὶ.ὀφθήσεται
1014 3915 1156 3970 κατὰ
1194 3922 1420 3990 καιροὺς
1468 3923 1526 3975 ὲν
1553 3923 1685 3976 είδει
1724 3925 1802 3998 τῷ

235 4000 348 4054 καθ’
385 4001 554 4072 ἡμᾶς,
584 4005 678 4058 καὶ
699 4005 780 4058 ὄτι
812 4006 914 4076 τῆς
930 4007 1186 4063 ἁπάντων
1213 4009 1388 4065 ἕνεκα.
1413 4016 1686 4084 σωτηρίας
1706 4017 1800 4072 καὶ

236 4091 394 4163 ζωῆς,
424 4094 487 4146 οὐ
521 4099 925 4167 παραιτήσεται
963 4099 1026 4152 τὸ
1054 4101 1250 4156 παθεῖν
1275 4102 1368 4156 τὸν
1394 4105 1488 4158 ἐπὶ
1517 4105 1680 4172 ξύλου
1705 4108 1800 4163 θά-

237 4200 408 4240 νατον.
441 4187 650 4242 Οὐκοῦν
675 4188 708 4260 η
737 4189 986 4254 Μωσέως
1017 4193 1114 4246 καὶ
1145 4193 1302 4247 Ἠλία
1317 4196 1682 4268 παράστασις,
1703 4205 1798 4254 καὶ

237 4274 292 4328 τὸ
317 4278 641 4348 προσλαλεῖν
694 4279 947 4352 ἀλλήλοις
998 4282 1198 4348 αὐτοὺς
1221 4325 1236 4350 ,
1278 4287 1562 4358 οἰκονομία
1587 4307 1669 4354 τις
1703 4287 1793 4363 ἦν,

237 4365 292 4421 εὖ
319 4370 458 4440 μάλα
486 4371 948 4428 καταδεικνύουσα
987 4375 1454 4449 δορυφορούμενον
1485 4381 1591 4435 ὑπὸ
1622 4383 1790 4454 νόμου

239 4461 323 4512 καὶ
367 4462 694 4533 προφητῶν,
729 4465 821 4518 τὸν
845 4442 1060 4536 Κύριον.
1100 4442 1260 4538 ημῶν
1295 4442 1502 4540 ζΙησοῦν
1534 4442 1789 4544 Χριστὸν,
1823 4442 1868 4533 Ῑέ

237 4552 302 4613 ὼς
333 4553 423 4606 καὶ
452 4557 618 4624 νόμου
657 4556 750 4609 καὶ
778 4557 1074 4626 προφητῶν
1101 4558 1372 4632 δεσπότην
1405 4567 1796 4639 προκαταδειχ-

238 4641 386 4696 θέντα
418 4647 550 4717 παρ’
578 4647 756 4701 αὐτῶν
779 4663 794 4677 ·
828 4649 895 4703 δι’
917 4642 994 4703 ὧν
1019 4649 1272 4721 ἀλλήλοις
1320 4655 1528 4726 συνῳδὰ
1559 4661 1798 4729 προεκή-

241 4732 406 4804 ρυξσν.
445 4737 521 4790 Οὐ
556 4737 664 4811 γὰρ
689 4739 982 4810 ἅσύμόατα
1013 4743 1126 4806 τοῖς
1153 4743 1243 4798 διὰ
1273 4749 1367 4798 τοῦ
1391 4745 1562 4817 νόμου,
1585 4751 1656 4805 τὰ
1682 4751 1793 4806 τῶν

239 4827 518 4897 προφητῶν
539 4845 554 4860 ·
582 4830 678 4883 καὶ
705 4829 865 4885 τοῦτό
897 4833 1046 4885 ἐστιν
1063 4827 1218 4904 οἶμαι
1241 4835 1322 4900 τὸ,
1350 4837 1792 4913 ἀλλήλοιςιπροσ-

239 4911 398 4967 λαλεῖν
459 4916 662 4971 Μωσέα
713 4919 806 4973 τὸν
854 4920 1149 5001 ἱερώτατον
1170 4961 1185 4986 ,
1221 4924 1316 4977 καὶ
1361 4927 1472 4982 τῶν
1496 4911 1794 5002 προφητῶν

241 5005 568 5078 πανάριστον.
615 5009 802 5074 Ἠλίας
833 4997 907 5064 δὲ’
937 5007 1090 5079 οὗτος
1133 5011 1222 5088 ἦν.
1255 5019 1412 5074 Ἔστι
1451 5021 1508 5074 δὲ
1538 4997 1632 5078 Stat
1666 4997 1794 5081 άλλο

239 5115 285 5152 τι
303 5098 548 5182 ἐννοῆσαι
573 5117 588 5132 ο
612 5103 802 5175 ἐπειδὴ
824 5105 874 5158 οἱ
901 5105 1048 5176 ὄχλοι
1072 5107 1258 5178 ἔλεγον
1283 5127 1298 5144 ·
1321 5114 1367 5165 oi
1399 5113 1520 5184 μὲν,
1566 5117 1750 5172 Ἠλίαν
1774 5137 1788 5152 ·

241 5194 282 5247 oi
306 5193 376 5258 δὲ,
424 5192 692 5266 Ἰερεμίαν
713 5213 726 5228 ·
755 5201 804 5253 οί
829 5200 886 5253 δὲ
917 5201 1012 5254 ἕνα
1053 5203 1164 5256 τῶν
1197 5208 1514 5276 προφητῶν,
1543 5211 1669 5274 τοὺς
1701 5229 1792 5264 κο-

246 5284 482 5354 ρυφαίους
533 5286 679 5356 ἄγει,
709 5289 797 5344 τνα
855 5292 1152 5348 κάντεῦθεν
1179 5296 1242 5348 τὸ
1270 5299 1437 5367 μέσον
1496 5301 1646 5354 ίδωσι
1683 5304 1793 5356 τῶν

241 5372 419 5428 δούλων
457 5377 551 5430 καὶ
575 5379 669 5431 τοῦ
711 5379 996 5438 δεσπότου.
1032 5386 1189 5440 Μετὰ
1224 5389 1429 5460 ταύτην
1451 5391 1510 5444 δὲ
1541 5395 1637 5450 καὶ
1671 5398 1790 5451 ἐτέ-

243 5481 326 5536 ραν
365 5466 573 5521 ἔννοιαν
629 5471 778 5526 ἐστιν
820 5477 993 5528 εἰπεῖν
1019 5492 1032 5507 ’
1062 5477 1251 5551 ἐπειδὴ
1287 5480 1398 5552 γὰρ
1430 5485 1669 5554 συνεχῶς
1707 5490 1791 5541 ἐν-

299 5643 464 5702 ’Luc.
495 5663 572 5717 ιι,
605 5649 696 5704 9.7.
775 5653 815 5683 ‘°
841 5651 972 5710 Luc.
1008 5669 1047 5718 ι,
1080 5655 1166 5711 57.

247 5711 320 5774 li.

1907 3216 2097 3270 quem,
2131 3202 2334 3273 inquit,
2372 3203 2752 3273 completurus
2787 3213 2908 3260 erat
2945 3205 3000 3258 in
3027 3203 3334 3260 Jerusalem
3361 3207 3425 3261 ¹³.
3465 3227 3486 3259 ι

1909 3291 2024 3349 Hoc
2067 3302 2182 3362 est,
2237 3295 2668 3364 dispensationis
2723 3295 2778 3350 in
2830 3311 2996 3352 carne
3043 3308 3487 3366 sacramentum,

1907 3385 2298 3456 salubremque
2338 3387 2393 3441 in
2435 3388 2676 3457 pretiosa
2719 3387 2898 3442 Cruce
2959 3389 3289 3458 passionem.
3346 3389 3494 3448 Sane

1905 3475 2052 3530 enim
2105 3479 2550 3544 praemonstravit
2603 3479 2806 3533 Christi
2861 3493 3314 3548 sacramentum,
3370 3493 3486 3540 tum

1906 3563 1988 3618 lex
2019 3579 2118 3633 per
2159 3564 2346 3620 Mosen
2376 3567 2525 3634 data,
2565 3575 2679 3622 tum
2733 3578 3054 3624 sanctorum
3092 3575 3486 3642 prophetarum

1904 3669 2085 3709 sermo
2115 3673 2130 3709 :
2159 3655 2248 3710 illa
2279 3655 2528 3726 quidem,
2556 3658 2708 3713 velut
2741 3659 2853 3714 fere
2891 3661 2948 3733 in
2977 3661 3174 3716 tabella
3205 3664 3258 3716 in
3290 3663 3484 3732 ﬁguris

1906 3748 2230 3820 umbrisque
2273 3750 2577 3821 depingens
2624 3769 2639 3806 :
2695 3753 2749 3806 hi
2801 3764 3010 3822 autem,
3067 3757 3258 3812 multis
3305 3760 3484 3816 modis

1903 3837 2022 3894 fore
2065 3841 2514 3910 praenuntiantes,
2557 3851 2618 3898 ut
2649 3849 2986 3916 quandoque
3019 3847 3074 3901 in
3120 3847 3359 3904 humana
3399 3851 3481 3904 vi-

1902 3931 2080 3988 sibilis
2114 3933 2296 4004 specie
2331 3943 2643 4004 apparerct,
2678 3951 2782 4006 nec
2809 3951 2909 4006 pro
2946 3939 3192 3994 omnium
3227 3941 3402 3998 salute
3426 3952 3482 3997 et
3515 3944 3524 3951 '

1899 4021 2012 4077 vita
2060 4024 2114 4079 in
2172 4023 2318 4095 ligno
2368 4024 2550 4080 crucis
2603 4025 2745 4080 mori
2807 4026 3160 4082 detrectaret.
3213 4029 3302 4084 Illa
3347 4046 3480 4103 ergo

1899 4113 2068 4171 Mosis
2131 4115 2374 4186 Ellaeque
2429 4118 2763 4187 praesentia,
2821 4125 3126 4188 mutuaque
3173 4120 3474 4186 fabulatio.

1900 4205 2244 4276 dispensatio
2273 4208 2523 4278 quaedam
2552 4217 2672 4263 erat
2703 4209 2806 4264 :"id
2843 4209 3089 4279 apertius
3123 4212 3472 4282 signiﬁcans;

1898 4299 2162 4353 nimirum
2209 4299 2416 4354 muniri
2445 4300 2742 4355 Dominum
2773 4299 2962 4357 Iesum
3002 4302 3308 4370 Christum,
3356 4305 3476 4375 lege

1901 4407 1966 4447 ac
1993 4393 2310 4462 prophetis;
2355 4393 2500 4448 velut
2540 4393 2742 4464 quibus
2793 4394 2924 4448 olim
2953 4395 3088 4464 legis
3118 4393 3382 4452 Dominus
3419 4409 3474 4454 et

1877 4467 2314 4554 'pr0plietarum,
2356 4485 2668 4556 designatus
2711 4495 2878 4552 esset,
2923 4499 3021 4554 per
3062 4499 3127 4541 ea
3164 4501 3286 4556 quae
3317 4498 3471 4542 utra-

1895 4589 2003 4646 que
2053 4575 2286 4629 invicem
2329 4589 2574 4631 consona
2620 4575 2675 4630 in
2729 4591 2854 4632 eum
2914 4577 3316 4646 praedixissent.
3360 4578 3470 4636 Nec

1893 4667 2040 4722 enim
2065 4683 2096 4722 a
2125 4668 2260 4740 legis
2291 4667 2445 4724 scitis
2492 4669 2888 4739 prophetarum
2921 4669 3194 4726 dissident
3221 4676 3464 4730 oracula.

1893 4757 2121 4831 Hocque
2170 4761 2536 4832 significatum
2573 4761 2833 4828 arbitror,
2867 4762 3011 4832 quod
3057 4764 3467 4821 sacrati'ssimus

1893 4851 2098 4918 Moses,
2138 4852 2396 4923 Eliasqpe
2426 4854 2822 4924 prophetarum
2855 4853 3337 4924 praeclarissimis,
3383 4857 3467 4912 in—

1893 4943 2064 4998 vicem
2097 4945 2562 5014 colloquerentur.
2595 4945 2784 5000 Potest
2807 4947 2973 4999 etiam
3012 4943 3490 5021 aliudlquidpiam’

1893 5035 2138 5106 intelligi.
2167 5033 2437 5100 Quoniam
2469 5037 2614 5090 enim
2648 5038 2818 5091 turba:
2842 5036 3116 5105 dicebant,
3165 5039 3217 5092 hi
3243 5043 3464 5110 quidem

1893 5123 2066 5179 Eliam
2119 5141 2268 5189 csse;
2322 5126 2399 5178 illi
2430 5124 2822 5194 Jeremiam“;
2869 5129 2964 5184 alii
3011 5145 3180 5185 unum
3229 5145 3294 5186 ex
3337 5147 3467 5201 prn-

1891 5215 2123 5285 phctis:
2177 5216 2381 5271 idcirco
2437 5219 2723 5287 apostolici
2767 5221 2982 5278 ordinis
3035 5223 3252 5292 capita,
3311 5239 3468 5278 sum-

1890 5321 2122 5376 mosque
2181 5307 2458 5376 principes
2507 5308 2692 5374 ducit,
2751 5321 2812 5366 ut
2861 5313 2988 5368 inde
3036 5314 3286 5368 noverint
3333 5314 3466 5382 Quid

1890 5399 2034 5454 inter
2081 5399 2704 5472 servosrdominumque
2741 5402 2978 5458 intersit.
3025 5405 3104 5458 Ad
3154 5409 3268 5460 haec
3323 5420 3464 5472 quo-

1888 5507 1995 5562 que
2057 5490 2220 5544 aliam
2279 5471 2560 5546 irationem
2627 5491 2784 5547 nobis
2851 5492 3044 5548 επιειιό
3100 5493 3247 5548 licet.
3323 5471 3462 5557 Quia

1251 5659 1291 5688 ¹¹
1317 5657 1506 5714 Matth.
1543 5677 1651 5728 ιιι,
1687 5662 1782 5718 27.

1930 5667 2064 5725 Luc.
2123 5685 2201 5737 IX,
2261 5669 2352 5726 28.
2432 5670 2476 5701 ”
2527 5670 2660 5726 ibid.
2726 5674 2817 5740 '50,
2877 5673 2966 5728 51.
3047 5671 3304 5729 “Matth.
3346 5686 3459 5743 XVI,
