4038 6274
558 322 567 328 “
607 342 738 408 1251

1738 341 2267 404 PANTALEONIS
2310 342 2620 403 DIACONI
2654 345 2760 413 (ΣΡ,
2817 291 2834 311 ι

3710 351 3813 420 125Ξ

599 457 744 510 enim
810 453 1064 507 continue
1095 450 1526 506 criminabantur
1582 458 1641 505 ιιι
1679 451 1816 522 legis
1869 461 2168 521 transgres-

2279 451 2507 504 εκάλουν
2536 453 2690 524 αὐτῷ
2720 453 2783 507 τὸ
2813 454 3205 526 παρ;.6αίνεσιν
3243 456 3340 509 τὸν
3386 457 3549 528 νόμον
3570 501 3585 525 ,
3611 462 3694 516 καὶ
3717 467 3813 533 βλά-

600 559 802 607 sorem.
835 559 898 598 ac
924 543 1300 612 hlasphcmum
1325 541 1503 610 ipsum
1553 541 1884 608 censebant,
1915 551 2176 612 tanquam

599 635 776 689 Patris
813 633 914 688 sibi
948 639 1232 703 arrogaret
1271 631 1566 686 iudebitam
1608 631 1860 700 gloriam,
1893 631 2178 689 dicebantp

602 743 707 796 que
739 743 754 780 :
791 745 810 777 ι
843 724 962 780 Non
991 735 1074 780 est
1104 726 1191 779 hic
1229 740 1258 779 a
1295 723 1425 787 Deo,
1453 726 1583 794 quia
1615 723 1912 779 Sabbatum
1943 739 2052 778 non
2083 739 2178 779 cu-

603 818 770 873 stodit
800 817 864 868 ¹¹⁵.
905 836 922 868 ι
966 817 1027 870 Et
1045 817 1248 870 iterum
1273 835 1286 870 :
1308 835 1326 867 ι
1351 815 1423 869 De
1453 817 1598 870 bono
1633 831 1796 884 opere
1833 832 1942 871 non
1972 816 2178 886 lapida-

602 925 725 968 ntus
767 917 818 962 te
845 907 977 968 .sed
1031 909 1098 962 de
1149 908 1522 977 blasphemia;
1555 909 1685 976 quia
1737 917 1795 962 tu
1844 909 2008 962 homo
2050 923 2175 962 cum

600 999 698 1062 sis,
741 999 874 1052 facis
909 999 1136 1066 teipsnm
1171 995 1334 1052 Deum
1368 998 1409 1028 ¹⁶
1439 1015 1458 1050 ι
1489 1017 1506 1047 ι
1543 1007 1600 1052 ut
1625 998 1940 1056 ostenderet
1971 1008 2178 1052 utrum-

599 1104 704 1160 que
733 1091 940 1147 crimen
999 1090 1216 1143 iuvidim
1245 1105 1389 1152 esse,
1435 1105 1498 1146 ac
1529 1106 1586 1146 se
1619 1091 1795 1144 neutri
1829 1092 2022 1144 horum
2056 1104 2178 1145 esse

599 1181 899 1236 obnoxium
931 1199 945 1246 ;
973 1197 1069 1234 nec
1130 1197 1256 1235 vero
1305 1183 1438 1250 tegis
1488 1183 1990 1251 przevaricationem
2031 1197 2174 1248 esse,

601 1271 746 1338 quod
778 1272 1101 1338 gerebatur;
1134 1280 1294 1324 autre
1343 1271 1742 1341 arrogationem
1785 1271 2038 1327 indebitae
2062 1273 2177 1341 glo-

602 1361 716 1422 riae,
774 1363 916 1429 quod
963 1363 1202 1430 seipsum
1241 1362 1381 1415 Patri
1428 1363 1692 1430 aequalem
1736 1363 1962 1426 diceret,
1993 1379 2089 1419 eos
2121 1364 2174 1418 in

602 1453 840 1506 medium
895 1455 1148 1522 producit
1194 1454 1284 1520 qui
1327 1453 1655 1508 claruissent
1708 1456 1760 1509 in
1799 1466 2053 1526 utroque.
2083 1457 2175 1511 Et-

602 1545 746 1598 enim
772 1543 948 1598 Moses
973 1545 1116 1598 dedit
1145 1545 1315 1614 legem
1343 1563 1356 1600 :
1378 1555 1600 1614 eratque
1621 1555 1677 1600 ut
1694 1545 1861 1601 Judai
1878 1549 2177 1618 cogitarent

601 1635 717 1690 fore
749 1676 765 1698 ,
791 1646 848 1689 ut
880 1637 925 1690 is
955 1636 1372 1704 haudquaquam
1409 1637 1461 1690 in
1480 1640 1958 1706 praevaricatorem
1987 1641 2176 1696 remis-

601 1726 717 1779 sior
770 1736 965 1792 esset;
1030 1728 1226 1780 nedum
1259 1735 1316 1780 ut
1363 1729 1480 1794 ejus
1533 1729 1698 1794 lwsti,
1731 1729 1822 1798 qui
1872 1729 2044 1800 legem
2080 1746 2176 1800 po-

603 1817 807 1871 suisset
835 1856 850 1875 .
901 1816 1164 1884 obsequio
1195 1818 1430 1871 adesset.
1496 1816 1639 1873 Elias
1675 1834 1800 1874 vero
1854 1823 2060 1877 zelatus
2093 1838 2175 1879 eat

603 1922 703 1978 pro
733 1906 828 1961 Dei
861 1907 1032 1977 gloria
1082 1907 1145 1971 ιτ,
1172 1923 1344 1976 neque
1395 1917 1449 1962 et
1475 1909 1591 1978 ipse
1622 1910 1888 1966 astitisset
1918 1913 2176 1972 obaudis-

604 2007 816 2066 sctque,
857 1998 902 2052 si
929 1997 1019 2052 ille
1060 1996 1170 2050 Deo
1220 2001 1536 2054 adversatus
1585 2009 1750 2065 esset,
1788 2016 1957 2076 seque
1995 2004 2173 2073 ipsum

603 2089 770 2144 Deum
807 2087 961 2145 Patri
995 2089 1282 2156 aequalem,
1328 2094 1470 2158 quod
1511 2107 1616 2145 non
1647 2101 1782 2158 erat,
1817 2093 2054 2150 diceret:
2091 2096 2173 2148 id-

599 2195 704 2248 que
760 2181 997 2236 iudcbite
1046 2181 1268 2236 faceret.
1337 2181 1636 2238 Possumus
1712 2187 1877 2239 etiam
1947 2201 2186 2242 causam.

601 2273 761 2327 aliam
808 2273 966 2326 dictis
997 2273 1215 2328 addere.
1241 2272 1416 2339 Quam
1449 2289 1612 2341 porro
1643 2274 1892 2346 iNempe
1920 2285 1978 2331 ut
2007 2278 2175 2335 disce-

600 2373 724 2420 rent
797 2366 988 2418 mortis
1037 2365 1240 2434 pariter
1281 2380 1346 2420 ac
1383 2369 1508 2420 vita:
1555 2376 1878 2436 potestatem
1949 2369 2170 2437 habere,

601 2456 764 2526 inque
813 2471 1048 2524 superna
1107 2471 1169 2510 ac
1237 2456 1446 2510 inferna
1510 2457 1770 2512 dominio'
1802 2459 2006 2528 pollere
2055 2461 2172 2515 :id-

599 2548 744 2602 circo
783 2557 895 2601 tum
940 2549 1210 2601 viventem
1250 2547 1568 2601 inmedium
1611 2549 1878 2618 producit,
1913 2559 2024 2604 tum
2049 2564 2172 2607 eum

603 2639 694 2708 qui
753 2638 890 2692 vivis
952 2639 1298 2692 excessisset.
1353 2635 1466 2692 Nec
1507 2653 1634 2692 vero
1674 2639 1775 2694 visi
1816 2648 1973 2695 erant
2010 2681 2026 2704 ,
2081 2643 2174 2697 sed

606 2747 626 2780 ι
689 2729 1047 2798 loquebantur
1121 2745 1410 2784 excessum
1449 2729 1535 2794 ",
1589 2745 1750 2800 quem
1809 2732 2174 2802 completurus

601 2827 746 2874 ιιι-αν
795 2823 848 2874 in
928 2819 1228 2876 Jerusalem
1259 2841 1317 2880 »ε
1351 2821 1454 2875 hoc
1551 2833 1635 2876 est
1679 2863 1696 2888 ,
1735 2824 2062 2894 passionem
2118 2835 2175 2880 et

601 2926 816 2966 erucem
843 2923 893 2964 et
937 2913 1407 2968 resurrecrionem.
1445 2911 1518 2967 At
1569 2914 1708 2968 beati
1763 2914 1979 2982 quidem
2007 2915 2174 2970 disci-

599 3002 710 3071 puli
794 3005 938 3056 velut
991 3001 1208 3056 Christo
1271 3004 1520 3070 precibus
1579 3013 1838 3068 vacante,
1896 3006 2170 3076 paululum

2281 551 2497 610 σφημον
2555 542 2720 595 αὐτὸν
2779 537 2920 597 εἶναι
2989 543 3260 614 ἐνόμιζον,
3299 545 3379 611 ὡς
3411 551 3812 625 σφετεριζόμενον

2276 629 2435 695 δόξαν
2482 633 2542 685 οὐ
2610 635 2994 707 προσήκουσαν
3034 637 3204 708 αὐτῷ,
3236 639 3340 711 τὴν
3371 641 3467 695 τοῦ
3502 645 3719 716 Πατρός,
3744 653 3813 702 καὶ

2278 719 2462 788 ἔλεγον
2487 738 2500 751 ο
2541 741 2560 774 ‹
2593 718 2764 788 Οὗτος
2787 725 2890 778 οὐκ
2912 724 3061 780 ἐστιν
3092 727 3158 780 ἐκ
3202 727 3370 793 Θεοῦ,
3398 729 3482 782 ὅτι
3501 731 3560 784 τὸ
3586 733 3812 789 Σάϐϐατόν

2277 811 2338 863 οὐ
2371 814 2548 881 τηρεῖ.
2584 831 2604 865 ι
2640 815 2750 868 Καὶ
2799 815 3002 876 πάλινιο
3045 835 3064 868 ι
3105 818 3240 889 Περὶ
3287 819 3462 873 καλοῦ
3497 821 3650 892 ἔργον
3673 827 3726 880 οὐ
3749 828 3807 882 λι.

2278 901 2515 972 θὰζομέν
2552 921 2612 958 σε
2636 923 2650 937 ·
2677 907 2813 961 ἀλλὰ
2846 909 2974 979 περὶ
3006 909 3386 982 βλασφημίας,
3419 915 3514 968 καὶ
3539 916 3616 968 ὅτι
3642 917 3811 989 ἀνθρω-

2279 1011 2380 1055 πος
2409 994 2505 1059 ὣν,
2559 1000 2736 1060 ποιεῖς
2781 999 2979 1053 ἑαυτὸν
3025 1001 3180 1058 Θεόν.
3219 1021 3237 1054 ι
3273 1004 3400 1057 Ἵνα
3427 1006 3609 1077 δειχθῇ
3644 1010 3714 1063 ὅτι
3740 1011 3810 1080 βει-

2279 1087 2508 1151 σκανίας
2531 1078 2816 1162 ἀμφότερα
2837 1091 2908 1144 τὰ
2930 1093 3100 1164 ὲτκλή
3110 1111 3274 1164 ματα,
3310 1097 3410 1149 καὶ
3439 1099 3698 1170 ἑκατέρων
3716 1078 3811 1156 τοῦ·

2275 1195 2382 1231 των
2416 1179 2566 1234 ἔστιν
2595 1181 2891 1246 ἀνεύθυνος
2914 1201 2929 1216 ο
2962 1185 3056 1262 καὶ
3073 1185 3196 1238 οὔτε
3222 1187 3391 1258 νόμον
3417 1191 3809 1259 παράϐασίςέστι

2277 1269 2337 1321 τὺ
2364 1271 2667 1339 γινόμενον,
2700 1271 2823 1326 οὔτε
2869 1273 3029 1346 δόξης
3073 1279 3447 1348 σφετερισμὸς
3477 1281 3577 1351 τῆς
3600 1285 3657 1334 οὐ
3679 1301 3810 1354 προσ-

2277 1361 2545 1432 ηκούσης”
2572 1363 2634 1417 τὸ
2669 1365 2850 1432 λέγειν
2886 1366 3081 1421 ἑαυτὸν
3123 1367 3236 1424 ῐσον
3272 1369 3357 1439 τῷ
3387 1371 3564 1443 Πατρι
3586 1389 3602 1406 ·
3637 1377 3746 1438 τοὺς
3768 1380 3809 1429 ὲν

2276 1453 2522 1524 ἐκατέρῳ
2548 1454 2871 1526 λάμψαντας
2893 1457 3099 1514 τούτων
3120 1462 3206 1524 εἰς
3239 1463 3409 1532 μέσον
3444 1463 3564 1532 ἄγει
3588 1483 3601 1497 ·
3619 1468 3702 1520 καὶ
3729 1468 3812 1538 γὰρ

2275 1545 2518 1614 Μωῦσῆς
2557 1547 2649 1600 τὸν
2685 1548 2850 1626 νόμον
2881 1549 3093 1605 ἔδωκε’·
3129 1554 3224 1608 καὶ
3245 1555 3518 1624 ἠδύναντο
3535 1558 3810 1626 λογίσασθαι

2275 1639 2322 1690 οἱ
2365 1637 2627 1704 Ἰουδαῖοι,
2662 1624 2746 1694 δτὶ
2781 1643 2882 1696 οὐκ
2911 1643 2979 1697 ἂν
3031 1647 3272 1716 περιεῖδε
3309 1649 3402 1702 τὸν
3453 1652 3812 1720 παραϐαίνοντα

2275 1729 2470 1782 αὐτόν·
2507 1731 2603 1783 καὶ
2640 1731 2718 1802 τῷ
2747 1732 3020 1788 τεθεικότι
3051 1737 3316 1808 πολέμιον
3350 1741 3706 1812 ἐθεράπευσεν
3731 1747 3808 1811 av;

2276 1823 2367 1876 καὶ
2421 1821 2607 1887 Ἠλίας
2629 1823 2686 1878 δὲ
2710 1827 2848 1897 ὑπὲρ
2867 1827 2966 1898 τῆς
2987 1828 3142 1898 δόξης
3173 1829 3271 1883 τοῦ
3301 1831 3442 1886 Θεοῦ
3460 1834 3686 1905 ἐζήλωσε
3705 1853 3719 1868 ο
3738 1840 3812 1890 καὶ

2275 1913 2376 1967 οὐκ
2405 1915 2472 1968 ἂν
2509 1916 2557 1968 εἰ
2590 1915 2835 1981 ἀντίθεος
2880 1913 2969 1990 ἦν,
3003 1921 3096 1990 καὶ
3135 1921 3271 1976 Θεὸν
3303 1925 3500 1978 ἑαυτὸν
3523 1925 3694 1996 ἔλεγεν
3722 1929 3810 1983 ἴσον

2274 2005 2352 2074 τῷ
2381 2007 2577 2078 Πατρὶ,
2623 2009 2699 2078 μὴ
2751 2009 2826 2063 ὢν
2875 2012 3012 2078 ὅπερ
3078 2013 3258 2082 ἔλεγε,
3303 2017 3449 2087 μηδέ
3472 2020 3811 2090 προσηκόντως

2275 2098 2432 2150 τοῦτο
2494 2098 2663 2152 ποιῶν
2691 2117 2704 2128 ·
2740 2102 2988 2173 παρέστη
3037 2105 3130 2158 καὶ
3177 2107 3346 2172 αὐτὸς
3395 2111 3489 2162 καὶ
3525 2110 3804 2181 ὑπήκουσεν.

2279 2189 2438 2242 Ἐστι
2472 2189 2529 2244 δὲ
2555 2193 2647 2246 καὶ
2675 2192 2870 2264 ἑτέραν
2899 2196 3079 2249 αἰτίαν
3103 2199 3280 2254 εἰπεῖν
3320 2201 3464 2269 μετὰ
3498 2202 3600 2256 τῶν
3621 2205 3811 2275 εἰρημέ-

2275 2298 2380 2334 νων
2406 2299 2420 2313 ο
2457 2282 2620 2360 ποίαν
2649 2285 2712 2356 δὴ
2738 2285 2944 2356 ταύτην
2973 2304 2988 2354 ;
3017 2288 3120 2343 ἴνα-
3149 2291 3408 2360 μάθωσιν
3437 2295 3519 2348 ὅτι
3548 2297 3635 2349 καὶ
3667 2296 3812 2350 θανά-

2273 2387 2366 2426 του
2397 2373 2494 2427 καὶ
2526 2373 2672 2445 ζωῆς
2726 2376 2978 2441 ἐξουσίαν
3031 2379 3164 2450 ἔχει,
3207 2385 3306 2436 καὶ
3353 2384 3466 2438 τῶν
3501 2387 3607 2440 ἄνω
3628 2389 3809 2440 καὶτῶν

2275 2466 2425 2520 κάτω
2451 2473 2662 2538 κρατεῖ.
2699 2471 2800 2526 Διὰ
2829 2471 2990 2527 τοῦτο
3019 2477 3117 2530 καὶ
3140 2476 3232 2532 τὸν
3254 2479 3444 2542 ζῶντα
3475 2482 3568 2536 καὶ
3589 2483 3670 2536 τὸν
3689 2499 3808 2537 τετε-

2274 2559 2576 2632 λευτηκότα
2607 2565 2688 2627 εἰς
2727 2566 2892 2634 μέσον
2923 2568 3068 2634 ἄγει.
3106 2571 3218 2625 Καὶ
3235 2573 3354 2644 γὰρ
3387 2574 3706 2644 φαινόμενοι,
3731 2575 3808 2626 ei:

2274 2651 2508 2720 ἐσίγων
2551 2673 2569 2706 ι
2606 2655 2722 2708 ἀλλ’
2763 2656 2988 2711 ἐλάλουν
3036 2660 3133 2730 τὴν
3179 2662 3372 2728 ἔξοδον
3405 2664 3473 2736 ῆν
3503 2665 3679 2734 ἔμελλε
3702 2665 3808 2732 πλη-

2275 2741 2406 2812 ροῦν
2455 2746 2514 2798 ὲν
2552 2745 2940 2820 Ἰερουσαλήμ,
2977 2769 2997 2802 ι
3038 2751 3308 2808 Τουτέσττ
3334 2756 3398 2808 τὸ
3433 2755 3806 2822 «ﬂagitauit

2275 2835 2532 2914 σταυρὸν,
2571 2839 2666 2890 καὶ
2707 2837 2806 2910 τὴν
2855 2841 3174 2896 ἁνᾶστασιν.
3214 2844 3361 2898 Ἀλλ’
3385 2849 3437 2900 οι
3460 2847 3554 2916 μὲν
3587 2848 3807 2918 μακάριοι

2277 2924 2516 2993 μαθηταὶ
2569 2925 2744 2997 βραχύ
2775 2945 2890 2992 πως
2932 2931 3425 3000 ἀπονυστὰζουσιν,
3455 2939 3532 3000 ὡς
3569 2940 3628 3007 τῇ
3669 2951 3808 3006 πρισι

2274 3015 2408 3084 ευχῇ
2477 3015 2832 3101 σχολάζοντος
2879 3021 2975 3073 τοῦ
3039 3022 3309 3092 Χριστοῦ,
3357 3027 3677 3098 Ἐπληροῦτο
3719 3028 3806 3094 γὰρ

599 3092 1034 3146 dormitarent".
1092 3091 1320 3146 Provide
1386 3093 1528 3146 enim
1581 3092 1938 3162 implebantur
1989 3097 2168 3149 huma-

2273 3107 2632 3176 οἱκονομικὼς
2662 3109 2730 3163 τὰ
2766 3112 3086 3182 ἀνθρώπινα
3107 3131 3120 3146 ⁸
3145 3113 3265 3170 εἶτα
3287 3119 3802 3191 διαγρηγορήσαντες,

599 3197 690 3236 na.
720 3183 926 3236 Exinde
951 3181 1201 3248 excitati,
1234 3184 1312 3237 sic
1367 3184 1728 3238 venerabilem
1774 3187 2074 3256 miramque
2109 3204 2172 3244 ac

597 3289 794 3329 novam
829 3274 1183 3328 mutationem
1226 3283 1510 3344 aspectant
1549 3315 1564 3328 .
1594 3274 1756 3330 Forte
1798 3289 1978 3337 autem
2021 3289 2173 3336 ratus

597 3365 816 3420 divinus
857 3365 1093 3428 Petrus,
1139 3364 1332 3420 adesse
1373 3373 1585 3434 tempus
1633 3368 1784 3436 regni
1825 3367 1938 3434 Dei,
1981 3369 2173 3426 lubens

597 3453 749 3522 eligit
766 3469 945 3507 moras
985 3453 1036 3506 in
1072 3465 1275 3520 monte,
1311 3455 1530 3524 aitqucq
1552 3465 1609 3510 ut
1631 3456 1882 3512 lianttria
1927 3465 2174 3516 taberna-

597 3546 762 3610 cula;
812 3546 1062 3600 nesciens
1105 3546 1231 3614 quid
1277 3545 1482 3610 diceret
1510 3549 1556 3580 ⁸ο
1589 3564 1602 3600 :
1643 3569 1664 3600 ι
1724 3565 1827 3604 nou
1859 3552 2006 3606 enim
2053 3562 2173 3608 erat

598 3644 810 3706 terripus
837 3635 1319 3690 consummationis
1347 3637 1529 3690 surculi
1555 3652 1568 3701 ;
1598 3653 1662 3692 ac
1684 3654 1858 3710 neque
1887 3642 2172 3709 praesentis

599 3726 858 3794 temporis
886 3735 990 3788 est,
1020 3734 1077 3779 ut
1107 3726 1280 3779 sancti
1302 3725 1443 3780 bona
1469 3727 1548 3780 eis
1579 3727 1631 3780 in
1659 3744 1754 3797 spe
1785 3731 1958 3798 posita
1991 3731 2172 3786 hacte-

596 3833 700 3874 nus
729 3819 1012 3887 recipiant.
1053 3819 1143 3872 Ait
1177 3819 1319 3873 enim
1357 3816 1558 3874 Paulus
1585 3837 1598 3874 :
1628 3838 1646 3871 ι
1679 3820 1780 3886 Qui
1816 3822 2170 3878 transforma-

595 3910 674 3964 bit
701 3923 902 3978 corpus
942 3909 1262 3965 luunilitatis
1319 3918 1539 3973 nostrze,
1573 3911 1933 3968 ntconfurme
1980 3915 2169 3968 reddat

593 4003 808 4071 corpori
869 4018 968 4058 suo
1028 4003 1262 4073 glorioso
1297 4003 1663 4074 “:.ittempe
1722 4003 1994 4060 Christus.
2029 4005 2166 4062 Cum

593 4107 724 4162 ergo
753 4093 1086 4164 dispensatio
1126 4093 1396 4148 hactenus
1427 4093 1707 4162 inciperet,
1739 4109 1837 4149 nec
1876 4095 2040 4151 rebus
2068 4097 2166 4150 ad-

593 4185 700 4239 huc
755 4185 1010 4239 exhibitis
1057 4184 1126 4238 ad
1184 4185 1476 4239 terminum
1515 4184 1744 4240 deducta
1796 4197 1942 4242 esset
1975 4205 1991 4254 ;
2023 4186 2167 4242 haud

591 4293 690 4346 par
723 4286 840 4330 erat
894 4285 952 4334 ut
979 4275 1256 4340 Christus,
1277 4275 1466 4357 qui‘ex
1495 4275 1784 4334 dilectione
1804 4279 1855 4332 in
1879 4280 2163 4345 mundum,

590 4371 832 4426 venisset
864 4385 962 4440 pro
984 4371 1104 4438 ipso
1133 4369 1295 4432 mori,
1322 4367 1604 4436 abnueret,
1637 4381 1798 4441 atque
1825 4387 1858 4426 a
1889 4375 2164 4444 proposito

590 4463 898 4518 desisteret.
921 4460 1222 4514 Humanam
1236 4459 1378 4514 enim
1401 4468 1646 4514 naturam
1666 4463 1866 4518 salvam
1884 4463 2032 4530 fecit,
2049 4475 2161 4530 tum

588 4571 688 4625 pro
709 4570 771 4609 ea
797 4557 1004 4622 patiens
1017 4567 1201 4615 carne,
1222 4563 1336 4606 tum
1365 4567 1459 4621 per
1476 4555 1922 4610 resurrectionem
1941 4571 2004 4611 ex
2021 4573 2165 4612 mor-

601 4649 730 4711 tuis,
759 4653 984 4698 mortem
1011 4644 1254 4700 abolens.
1274 4641 1564 4700 Nesciebat
1588 4646 1770 4714 itaque
1799 4647 2015 4717 Petrus,
2034 4651 2162 4720 quid

589 4744 812 4798 diceret.
838 4741 1073 4810 Excepta
1095 4756 1223 4796 vero
1247 4741 1479 4796 mirabili
1503 4757 1566 4798 ac
1585 4742 1843 4800 ineffabili
1872 4749 2164 4816 apparitio-

587 4851 656 4890 ne
684 4834 886 4891 Christi
939 4833 1126 4903 gloria:
1160 4833 1346 4898 ;aliud
1405 4850 1622 4904 quoque
1699 4836 1862 4914 utile,
1907 4855 2162 4895 necessa-

587 4929 834 4994 riumque
863 4925 926 4977 ad
963 4925 1118 4978 iidem
1150 4925 1207 4978 in
1257 4925 1430 4994 ipsum
1461 4926 1782 4981 ﬁrmandam
1803 4967 1818 4992 ,
1855 4931 2050 4986 nedum
2081 4932 2164 4986 di-

584 5016 830 5083 scipulis,
875 5016 968 5069 sed
993 5023 1048 5068 et
1075 5015 1232 5069 nobis
1271 5016 1402 5084 ipsis
1451 5017 1749 5074 exhibilum
1792 5031 1892 5076 est.
1931 5021 2006 5077 De
2027 5025 2163 5080 malo

581 5105 726 5160 enim
748 5122 812 5159 ex
834 5106 974 5159 nube
991 5106 1223 5160 demissa
1245 5117 1330 5161 est
1354 5122 1458 5162 vox
1474 5107 1648 5164 Patris
1669 5112 1896 5168 dicentis
1915 5115 1960 5144 "
1987 5134 2041 5170 ι(
2066 5115 2163 5172 llic

582 5205 666 5250 est
701 5193 870 5250 Filius
928 5211 1082 5251 meus
1126 5197 1353 5254 dilectus
1397 5199 1448 5254 in
1504 5216 1614 5269 quo
1653 5203 1782 5256 mihi
1815 5206 2110 5276 complacui
2143 5223 2160 5273 ;

581 5290 756 5360 ipsum
794 5285 992 5342 audite.
1026 5287 1091 5343 Et
1113 5288 1274 5354 dum,
1305 5290 1499 5360 inqttit,
1531 5291 1682 5348 fieret
1729 5311 1830 5350 vox
1861 5336 1876 5360 ,
1910 5298 2158 5354 iuventus

577 5391 658 5432 est
696 5377 844 5434 solus
873 5377 1028 5434 Jesus
1050 5381 1118 5434 ⁸³.
1161 5399 1179 5433 ι
1211 5381 1347 5448 Quid
1405 5385 1470 5436 ad
1522 5385 1638 5440 haec
1670 5387 1746 5440 ait
1769 5385 1988 5444 Iudaeus
2019 5391 2150 5444 dura

575 5476 808 5536 Cervice,
848 5473 1194 5528 relractar-ins
1229 5475 1338 5540 ille,
1364 5477 1794 5548 inobedieusquc
1820 5523 1834 5543 ,
1880 5489 1934 5535 et
1985 5482 2151 5538 corde

577 5565 876 5618 insuasibtli
910 5566 1032 5620 ?Eu
1057 5579 1321 5636 praesente
1353 5568 1516 5635 Mosc,
1546 5572 1792 5640 praecipit
1818 5571 1980 5627 Pater
2023 5590 2148 5630 san-

644 5690 877 5766 gloan.
913 5711 984 5766 ix.
1022 5698 1105 5752 16.
1187 5700 1228 5730 ⁸⁸
1255 5697 1414 5756 Joan.
1449 5717 1504 5766 κ,
1532 5701 1622 5756 55.

568 5757 616 5794 ³⁸
649 5755 790 5822 Phil.
813 5778 898 5833 tu,
923 5765 1012 5821 21.
1089 5769 1134 5800 ²¹
1161 5767 1352 5826 Matth.
1387 5755 1515 5842 xvu,
1540 5755 1618 5827 5.7
1669 5755 1866 5832 "Luc.

1738 5702 1778 5780 ξτ
1815 5702 1884 5756 Ill
1915 5703 2167 5780 Reggm,
2209 5710 2297 5770 l0.

2274 3194 2470 3266 Θεωροὶ
2514 3199 2753 3265 γίνονται
2804 3203 2901 3271 τῆς
2960 3203 3104 3259 οὕτω
3150 3211 3362 3282 σεπτῆς
3403 3213 3496 3265 καὶ
3541 3210 3804 3281 παραδόξου

2276 3289 2602 3360 μεταϐολῆς.
2645 3293 2864 3364 Οἰηοεὶς
2893 3295 2950 3348 δὲ
2979 3297 3111 3360 ἴσως
3139 3300 3168 3352 ό
3199 3300 3491 3367 θεσπέσιος
3521 3303 3707 3373 Πέτρος
3735 3303 3803 3354 ἔτι

2271 3381 2414 3451 τάχα
2448 3400 2554 3435 που
2588 3385 2681 3437 καὶ
2710 3387 3004 3455 ἐνὼτηκεν
3031 3391 3059 3442 ὁ
3088 3391 3289 3462 καιρὸς.
3313 3395 3412 3464 τῆς
3442 3393 3699 3464 βασιλείας
3725 3389 3802 3444 τοῦ

2271 3470 2430 3535 Θεοῦ,
2483 3474 2807 3545 ἀποδέχεται
2866 3479 2966 3549 μὲν
3021 3481 3118 3544 τὰς
3158 3483 3217 3536 ἐν
3257 3485 3338 3556 τῷ
3373 3486 3492 3556 lipsi
3522 3483 3797 3554 διατριϐάς³

2279 3579 2296 3612 t
2330 3563 2544 3633 Σκηνὰς
2579 3566 2638 3618 δὲ
2690 3571 2842 3637 τρεῖς
2888 3569 3000 3623 δεῖν
3045 3573 3302 3640 γενέσθαι
3334 3569 3516 3648 φησὶν,
3549 3577 3640 3629 οὐκ
3671 3571 3802 3632 usa;

2269 3650 2494 3718 ὃλέγει.
2531 3672 2549 3703 ν
2595 3656 2669 3708 Οὐ
2719 3657 2830 3726 γὰρ
2889 3653 2958 3730 ἦν
3011 3663 3204 3732 καιρὸς
3247 3665 3354 3737 τῆς
3406 3665 3696 3726 συντελείας
3722 3661 3798 3714 τοῦ

2271 3742 2468 3804 αἰῶνος
2491 3759 2504 3772 ο
2542 3743 2668 3796 οὔτε
2702 3747 2810 3817 μὴν
2849 3747 2942 3801 τοῦ
2973 3753 3242 3819 παρόντος
3271 3757 3468 3826 χρόνου
3490 3796 3504 3822 ,
3532 3753 3620 3808 τοῦ
3644 3751 3800 3807 λαϐεῖν

2268 3833 2398 3896 τοὺς
2446 3835 2637 3904 ἁγίους
2681 3839 2782 3910 τῆς
2813 3843 3236 3920 ἐπηγγελμένης
3265 3852 3453 3915 αὐτοῖς
3476 3849 3674 3912 ἐλπίδος
3710 3847 3792 3914 τὴν

2273 3925 2510 3993 μέθεξιν.
2555 3927 2612 3980 '0
2646 3928 2756 4012 γὰρ
2804 3933 3016 4000 Παῦλός
3049 3955 3249 4010 φησιν·
3289 3961 3310 3995 ι
3355 3945 3450 4007 ⁸ος
3482 3953 3796 4012 μετασχημα-

2267 4016 2406 4080 τίζει
2453 4019 2516 4072 τὸ
2565 4020 2727 4092 σῶμα
2771 4023 2874 4094 τῆς
2921 4030 3308 4098 ταπεινώσεως
3343 4029 3698 4107 ήμῶν,εις.τδ
3724 4042 3795 4094 γε·

2267 4106 2451 4161 νέσθαι
2474 4110 2608 4163 αὐτὸ
2628 4113 2954 4185 σύμμορφον
2973 4118 3050 4188 τῷ
3065 4119 3277 4192 σώματι
3299 4106 3398 4195 τῆς
3424 4123 3572 4194 δόξης
3591 4117 3750 4174 αὑτοῦ.
3773 4133 3788 4166 ι

2265 4197 2502 4268 Χριστὸς
2551 4201 2820 4273 δηλονότι.
2865 4205 3050 4279 Οὔσης
3089 4208 3184 4266 οὖν
3216 4216 3276 4269 ἐν
3301 4217 3498 4288 ἀρχαῖς
3536 4215 3610 4268 ἔτι
3639 4211 3721 4279 τῆς
3735 4207 3792 4260 οἶ·

2267 4291 2552 4360 κονομίας,
2583 4295 2679 4348 καὶ
2735 4295 2890 4352 οὔπω
2941 4307 3404 4379 πεπερασμένης,
3437 4307 3550 4370 πῶς
3587 4299 3648 4375 ἦν
3673 4299 3788 4360 εἰκὸς

2268 4383 2566 4454 καταλῆξαι
2595 4387 2855 4456 Χριστὸν,
2873 4391 2976 4462 τῆς
3001 4395 3081 4456 εὶς
3101 4397 3191 4448 τδν
3207 4397 3412 4470 κόσμον
3432 4398 3640 4466 ἀγάπης
3657 4394 3787 4446 ἕνεκα

2267 4475 2730 4549 ἁποφοιτήσαντα,
2765 4482 2860 4536 τοῦ
2886 4485 3080 4541 παθεῖν
3107 4488 3320 4544 ἐθέλειν
3357 4489 3494 4554 ὑπὲρ
3521 4484 3688 4543 αὐτοῦ.
3713 4480 3788 4534 Σέ-

2267 4585 2410 4622 σωκε
2439 4569 2548 4641 γάρ
2581 4572 2681 4643 τὴν
2715 4575 2807 4628 ὑπ’
2839 4578 3070 4648 οὐρανὸν
3090 4621 3104 4646 ,
3134 4584 3228 4636 καὶ
3256 4585 3416 4638 αὐτὸν
3433 4580 3701 4654 ὑπομείνας
3715 4575 3786 4627 τὸν

2265 4661 2406 4714 κατὰ
2439 4663 2620 4732 σάρκα
2653 4666 2904 4734 θάνατον,
2933 4674 3027 4724 καὶ
3053 4673 3143 4728 διὰ
3173 4677 3272 4746 τῆς
3292 4679 3358 4732 ἐκ
3377 4675 3577 4748 νεκρῶν
3591 4669 3783 4726 ἀναστά-

2267 4767 2408 4816 σεως
2452 4757 2812 4828 καταργήσας
2842 4761 3038 4830 αὐτόν;
3076 4767 3176 4820 οὐκ
3203 4769 3320 4839 ⁴ᾔδει
3350 4766 3622 4839 τοιγαροῦν
3646 4765 3671 4816 ό
3698 4757 3778 4814 Πέ-

2262 4857 2392 4911 τρος
2422 4843 2562 4915 ὅπερ
2597 4844 2725 4917 ἔφη.
2762 4849 2907 4921 Πλὴν
2943 4853 3078 4922 πρὸς
3119 4859 3182 4926 τῇ
3218 4859 3501 4930 παραδόξῳ
3527 4853 3614 4908 καὶ
3641 4847 3778 4918 ἀπφ·

2263 4933 2416 5004 ﬁl“?
2446 4934 2545 5006 θέει
2571 4938 2674 5007 τῆς
2707 4939 2867 5012 δ’ῐξης
2895 4945 2989 4996 τοῦ
3021 4948 3258 5017 Χριστοῦ
3277 4991 3289 5011 ,
3321 4945 3620 5022 πέπρακταί
3640 4960 3683 4995 τι
3707 4935 3780 4993 καὶ

2263 5025 2469 5094 ἕτερον,
2507 5032 2782 5102 χρήσιμόν
2831 5052 2892 5088 τε
2938 5038 3032 5090 καὶ
3065 5041 3365 5110 ἀναγκαῖον
3386 5084 3399 5108 ,
3428 5044 3502 5104 εἰς
3530 5032 3776 5110 βεσαίωσιν

2260 5118 2357 5188 τῆς
2386 5121 2474 5173 ἐπ’
2508 5125 2657 5194 αὐτῷ
2705 5129 2946 5194 πίστεως
2967 5145 2986 5162 ‘
3015 5134 3107 5186 καὶ
3139 5136 3262 5206 οὐχὶ
3297 5137 3476 5208 μόνοις
3503 5135 3606 5194 τοῖς
3634 5122 3778 5198 puer,-

2261 5216 2379 5278 ταῖς
2400 5232 2411 5244 ’
2445 5216 2582 5272 ἀλλὰ
2627 5219 2738 5291 γὰρ
2770 5223 2865 5276 καὶ
2914 5226 3045 5296 ἡμῖν
3089 5229 3294 5294 αὐτοῖς.
3340 5231 3429 5284 Ἐκ
3458 5223 3662 5295 νεφέλης
3688 5214 3774 5282 γάρ

2261 5302 2468 5358 ἄνωθεν
2523 5309 2588 5363 ἐκ
2643 5311 2739 5367 τοῦ
2797 5312 2934 5368 Θεοῦ
2966 5319 3060 5370 καὶ
3099 5319 3339 5391 Πατρός,
3379 5317 3620 5383 κατεδόθη
3652 5305 3772 5391 φωνῇ

2256 5393 2751 5466 λέγοντος“ιυῦτος
2795 5406 2916 5458 ἐστὶ
2952 5409 2982 5460 ὁ
3014 5408 3144 5474 Υἱός
3195 5386 3298 5482 μου
3327 5386 3358 5467 ό
3390 5407 3644 5480 ἀγαπητὶς
3676 5386 3770 5457 ἐνῷ

2252 5488 2524 5560 εὐδόκησα
2542 5509 2555 5522 ·
2575 5494 2745 5548 αὐτοῦ
2767 5497 3020 5554 ἀκούετε.
3044 5502 3152 5554 Καὶ
3171 5505 3228 5557 ἐν
3246 5505 3322 5576 τῷ
3352 5501 3615 5573 γενέσθαι.
3645 5484 3767 5576 φησὶν

2250 5579 2349 5650 τὴν
2375 5583 2580 5655 wh":
2609 5587 2811 5659 εὑρέθη
2853 5591 3058 5661 Ἰησοῦς
3107 5571 3304 5661 μόνος(
3333 5571 3446 5650 »τί
3488 5587 3607 5660 πρὸς
3629 5571 3766 5632 ταῦτά

2377 5718 2420 5798 ’Ϋ
2475 5718 2608 5780 Luc.
2661 5739 2737 5790 ix,
2791 5726 2882 5784 51.
2999 5733 3040 5764 ¹⁹
3088 5731 3220 5790 ibid.
3267 5735 3354 5792 52.
3449 5731 3490 5764 ’⁸
3528 5720 3642 5782 ibid.
3691 5708 3762 5768 53.
