4038 6274
269 349 422 420 1253

991 341 1246 406 SERMO
1272 341 1336 402 ΙΙ
1375 340 1458 400 ΙΝ
1497 337 2345 402 TRANSFIGUBATIONEM
2378 341 2447 400 D.
2485 339 2556 400 N.
2595 338 2650 398 Ι.
2685 339 2747 399 C.

3407 338 3544 406 1254

267 488 450 544 φησιν
583 459 1060 536 σκληροτράχηλος
1117 457 1404 519 ἰουδαῖος’
1433 457 1464 508 ό
1505 453 1850 522 δυσάγωγος,

1965 456 2062 511 ctis
2087 456 2369 527 apostolis,
2395 467 2454 509 ut
2478 470 2602 510 eum
2630 453 2855 509 audiant
2889 469 2902 506 :
2940 467 3003 508 ac
3033 451 3302 523 siquidem
3335 454 3545 510 voluis-

268 573 377 618 καὶ
432 559 697 630 ἀπειθὴς,
739 555 836 609 καὶ
879 550 1242 622 ἀνουθέτητον
1291 547 1432 619 ἔχων
1457 545 1556 618 τὴν
1584 546 1850 618 καρδίανς

274 653 396 707 ἰδοῦ
420 653 684 722 παρόντος
704 643 949 706 Μωσέως
963 642 992 694 ό
1016 641 1206 710 Πατὴρ
1231 637 1662 700 ὲντέλλεταιτοῖς
1681 636 1857 704 ἁγίοις

269 743 604 806 ἀποστόλοις
654 736 877 792 ἀκούειν
935 730 1104 788 αὐτοῦ
1131 747 1146 762 ·
1171 730 1288 786 ἀλλ’
1331 729 1494 800 εῖπερ
1533 725 1602 798 ἦν
1633 726 1857 797 θελητδν

271 835 434 906 αὑτῷ
453 835 575 896 ταῖς
602 828 850 892 Μωσέως
875 823 1194 880 ἀκολουθεῖν
1229 821 1428 884 αὐτοὺς
1455 817 1720 884 ἐντολαῖς,
1751 817 1858 886 ἔφη

271 927 352 980 ἂν
375 926 458 978 ὅτι
486 919 742 982 πείθεσθε
771 917 852 989 τῷ
883 917 1108 972 Minoe?“
1137 913 1356 984 τηρεῖτε
1389 909 1482 962 τὸν
1507 907 1690 979 νόμον.
1721 906 1860 961 Νυνὶ

271 1017 337 1070 δὲ
367 1014 488 1071 οὐδὲ
516 1011 676 1067 τοῦτό
693 1027 828 1082 φησι
855 1009 884 1062 ό
907 1006 1042 1070 Θεὸς
1073 1003 1170 1058 καὶ
1189 1003 1382 1072 Πατήρ
1405 1015 1420 1030 °
1453 999 1570 1054 ἀλλ’
1603 997 1856 1064 ἑστῶτος,

268 1105 526 1168 Μωσέως
551 1102 649 1156 καὶ
673 1101 768 1155 τοῦ
797 1098 1081 1170 προφήτου
1105 1091 1272 1148 αὐτοῦ
1309 1090 1492 1159 Ἠλία,
1527 1088 1694 1144 αὑτοῦ
1723 1087 1861 1160 μᾶλ-

269 1197 373 1251 λον
407 1193 604 1255 αὐτοὺς
629 1189 850 1246 ἀκούειν
879 1185 1163 1240 ἐπιτάττει
1188 1199 1202 1214 ο
1228 1182 1317 1235 ῖνα
1349 1179 1485 1252 μηδὲ
1511 1176 1862 1250 συκοφαντῆ-

273 1303 374 1339 ται
406 1282 558 1356 παρὰ
597 1297 763 1334 τινων
793 1279 828 1348 ὴ
862 1275 1096 1348 ἀλήθεια
1117 1289 1130 1305 ·
1181 1273 1455 1342 λεγόντων
1491 1271 1572 1324 ὅτι
1615 1268 1861 1332 Μωσέως

279 1373 492 1446 μᾶλλον
516 1367 715 1431 αὐτοὺς
761 1364 982 1420 ἀκούειν
1027 1359 1431 1432 προτετάταχεν
1457 1359 1486 1411 ὁ
1520 1359 1732 1430 Πατὴρ,
1765 1357 1863 1412 καὶ

276 1464 346 1517 οὐ
379 1460 474 1517 τοῦ
509 1461 730 1516 πάντων
758 1455 920 1528 ήμῶν
945 1453 1199 1525 Σωτῆρος
1221 1449 1486 1524 Χριστοῦ.
1524 1447 1884 1520 Ἃνοιγκαίως¹

278 1549 382 1608 οῦν
415 1553 444 1605 ὁ
469 1547 868 1620 εὐαγγελιστὴς
913 1543 1303 1616 ἐπεσημήνατο
1341 1541 1515 1610 λέγων
1537 1558 1552 1574 ο
1580 1540 1662 1594 δτι
1695 1540 1754 1592 ὲν
1784 1537 1864 1608 τῷ

279 1639 544 1714 γενέσθαι
571 1641 673 1712 τὴν
709 1639 926 1710 φωνὴν,
955 1635 1156 1708 εὑρέθη
1199 1633 1408 1706 Ἰησοῦς
1444 1632 1626 1702 μόνος.
1655 1626 1864 1684 Οὐκοῦν

277 1739 378 1792 ὅτε
399 1736 510 1799 τοῖς
539 1734 717 1804 ἁγίοις
745 1729 1072 1794 ἀποστόλοις
1103 1731 1132 1782 ό
1155 1727 1288 1792 Θεὸς
1316 1727 1414 1781 καί⁵
1456 1723 1646 1795 Πατὴρ
1680 1723 1756 1788 ὡς
1801 1724 1866 1776 ἐκ

1955 557 2062 612 set,
2097 545 2334 601 utMosi‘s
2357 556 2628 616 praecepta
2663 553 3044 614 sequerentur,
3070 544 3300 601 dixisset
3324 547 3542 617 utique,

1957 647 2032 705 ut.
2071 637 2206 693 Mosi
2246 638 2720 707 obtemperarent,
2757 646 2815 690 ut
2851 644 3134 691 sanarent
3197 635 3392 706 legem.
3421 636 3544 692 Jam

1956 745 2084 786 vero
2108 729 2518 800 haudquaquam
2551 729 2602 784 id
2622 728 2761 784 Deus
2789 725 3030 782 etPater
3057 726 3209 790 dicit,
3237 727 3333 784 sed
3355 739 3546 782 astan-

1957 821 2102 876 tibus
2153 820 2320 884 Mose,
2345 818 2572 890 Eliaque
2597 819 2715 890 ejus
2743 820 3034 895 propheta,
3066 826 3134 874 ut
3165 819 3322 874 illum
3365 820 3545 890 potius

1961 913 2200 978 audiant,
2229 911 2496 982 praecipit.
2540 909 2613 965 Ut
2659 925 2726 964 ne
2788 919 2970 966 autem
3005 912 3206 966 veritas
3237 911 3376 981 apud
3408 927 3544 966 non-

1959 1003 2138 1059 nullos
2193 1001 2520 1058 calumniam
2589 1003 2868 1070 patiatur,
2925 1001 3217 1070 dicamque
3308 1001 3545 1070 jussisse

1963 1092 2174 1146 Patrem
2227 1102 2284 1147 ut
2335 1091 2518 1148 Mosen
2583 1091 2803 1160 potius,
2855 1106 2964 1145 non
3006 1092 3250 1147 omnium
3285 1103 3533 1147 nostrqu

1961 1181 2294 1238 Salvatorem
2344 1180 2674 1245 Christum,
2728 1181 3037 1236 audirent:
3087 1181 3208 1236 ideo
3260 1183 3544 1252 signanler
3588 1217 3602 1234 .

1959 1270 2304 1342 evangelista:
2329 1271 2619 1326 dicendum
2656 1271 2788 1336 fuit,
2820 1271 2948 1326 dum
2988 1287 3085 1326 vox
3129 1273 3280 1330 lieret
3307 1313 3325 1340 ,
3351 1275 3544 1329 iuven-

1963 1370 2076 1416 tum
2110 1376 2231 1418 esse
2259 1360 2444 1418 Jesum
2487 1361 2686 1418 solum.
2721 1361 2852 1418 Cum
2887 1362 3048 1434 igitur
3091 1363 3233 1420 Deus
3261 1377 3316 1420 et
3355 1365 3539 1430 Pater,

1961 1442 2108 1509 velut
2135 1469 2200 1510 ex
2240 1454 2492 1522 nubibus,
2535 1455 2764 1524 desuper
2809 1456 3069 1525 apostolis
3093 1460 3300 1514 sanctis
3348 1458 3542 1526 ιιι-ιιιρὶ-

1963 1553 2138 1614 peret,
2204 1544 2436 1600 dicens:
2485 1565 2502 1597 ι
2565 1545 2742 1615 Ipsum
2789 1547 2994 1611 audite,
3050 1567 3069 1598 ι
3117 1549 3304 1603 aberat
3344 1549 3544 1615 Moses,

1965 1633 2111 1690 Elias
2139 1649 2247 1689 non
2302 1646 2422 1690 erat
2475 1653 2490 1702 ;
2541 1635 2698 1692 .lcsus
2759 1648 2938 1691 autem
2997 1648 3115 1691 crat
3172 1639 3351 1694 solus:
3418 1656 3548 1711 ergo

1967 1726 2220 1795 praecepit
2247 1737 2306 1780 ut
2339 1727 2510 1796 ipsum
2561 1729 2832 1783 audirent.
2885 1729 3097 1783 Etenim
3152 1730 3268 1800 ipse
3321 1732 3446 1786 linis
3493 1739 3549 1786 ct

277 1830 529 1902 νεφελῶν
551 1827 758 1885 ἀνωθεν
781 1809 1094 1880 ἔνετὲλλετο
1109 1823 1306 1891 λέγων·
1321 1840 1338 1873 ι
1364 1819 1620 1874 ’Δκούετε
1639 1815 1829 1882 αὐτοῦ,
1843 1834 1862 1868 ι

1971 1813 2103 1885 legis
2131 1825 2185 1870 et
2236 1817 2623 1885 prophetarum
2679 1816 2744 1868 “.
2788 1815 3077 1886 Propterea
3129 1819 3292 1872 etiam
3337 1819 3550 1889 populis

278 1901 492 1991 Μωσῆς
529 1917 629 1990 μὲν
661 1917 808 1985 ἀπῆν
837 1931 851 1944 ⁶
895 1912 1082 1977 Ἠλίας
1107 1911 1167 1966 δὲ
1188 1911 1248 1965 οῦ
1287 1909 1492 1982 παρῆν,
1524 1909 1685 1980 μόνος
1716 1907 1774 1960 δὲ
1797 1901 1865 1978 ἦν

277 2013 310 2065 ὁ
337 2009 594 2081 Χριστός.
655 2006 832 2062 Αὐτοῦ
885 2003 1182 2076 τοιγαροῦν
1231 2001 1456 2056 ἀκούειν
1503 1997 1863 2072 προστέταχε.

279 2099 400 2155 Καὶ
423 2098 531 2170 γάρ
560 2099 711 2151 ἐστιν
739 2095 902 2159 αὐτὸς
932 2093 1086 2158 τέλος
1111 2093 1277 2164 νόμου
1305 2092 1402 2146 καί
1423 2089 1740 2162 προφητῶν.
1767 2087 1866 2142 Διά

276 2191 447 2246 τοῦτο
475 2186 737 2252 καὶ⁶τοῖς
775 2187 884 2242 τῶν
927 2185 1197 2241 Ἰουδαίων
1243 2184 1439 2254 δήμοις
1469 2179 1865 2254 προσεφώνησε

278 2283 464 2351 λέγων
487 2299 500 2314 ·
555 2300 574 2333 ι
605 2279 670 2334 Εἰ
700 2278 987 2340 πιστεύετε
1027 2277 1250 2341 Μωσεῖ,
1282 2273 1644 2329 ἐπιστεύσατε
1671 2273 1737 2326 ἂν
1769 2273 1866 2326 καὶ

280 2374 307 2425 ὲ
319 2371 436 2443 μοί.
478 2371 616 2441 Περὶ
639 2369 751 2440 γὰρ
782 2367 918 2440 ἐμοῦ
957 2369 1163 2428 ἐκεῖνος
1191 2365 1452 2436 ἔγραψεν.
1490 2382 1508 2414 ι
1561 2360 1780 2432 Ἐπειδὴ
1805 2361 1864 2413 δὲ

279 2463 385 2518 καὶ
431 2462 530 2534 τὴν
561 2461 650 2516 διὰ
702 2461 799 2515 τοῦ
853 2460 1134 2529 πανσόφου
1185 2454 1436 2519 Μωσέως
1489 2454 1860 2524 ἀτιμάζοντες

282 2549 534 2622 ἐντολὴν,
567 2548 661 2603 καὶ
674 2549 765 2604 τὸν
793 2547 881 2602 διὰ
905 2547 1016 2602 τῶν
1041 2545 1211 2615 ἁγίων
1233 2543 1530 2616 προφητῶν
1545 2541 1866 2606 ἀθετοῦντες

281 2639 447 2710 λόγον
483 2639 648 2712 μέχρι
698 2637 902 2701 παντὸς
946 2635 1314 2707 μεμενήκασι,
1349 2632 1575 2694 δικαίως
1626 2630 1867 2702 ἀπηλλοο

278 2727 600 2801 τριώθησαν
625 2744 640 2759 ’
673 2728 768 2782 καὶ
797 2723 905 2780 τῶν
940 2724 1040 2794 τῆς
1079 2721 1354 2793 πατράσιν
1380 2719 1562 2774 αὐτῶν
1587 2717 1865 2788 ἐπηγγελ-

278 2821 468 2891 μένων
531 2817 842 2890 ὲξεώθησαν
923 2813 1168 2885 ἀγαθῶν.
1204 2832 1223 2866 ι
1275 2811 1526 2884 Ὑπακοὴ
1573 2811 1685 2880 γὰρ
1721 2809 1866 2877 ὑπὲρ

277 2911 480 2966 θυσίαν
506 2911 688 2982 ἀγαθή
714 2926 728 2942 ⁸
747 2910 843 2964 καὶ
861 2909 895 2980 ή
913 2905 1251 2978 ὲπακρόασις
1273 2903 1416 2976 ὑπὲρ
1429 2903 1598 2973 στέαρ
1613 2899 1816 2971 ἀρνῶν,
1841 2919 1859 2953 ι

281 3001 472 3067 καθὼς
522 3003 856 3074 γέγραπται.
891 2998 1004 3055 Καὶ
1059 2997 1131 3051 τὰ
1186 2997 1288 3067 μὲν
1343 2994 1454 3050 τῶν
1493 2994 1768 3049 Ἰουδαίων
1803 2992 1864 3047 ἐν

283 3095 499 3158 τούτοις
522 3111 537 3124 ·
573 3095 708 3165 ἡμῖν
767 3091 826 3146 δὲ
859 3091 973 3154 τοῖς
1005 3087 1351 3158 ἐπεγνωκόσι
1392 3088 1497 3158 τὴν
1529 3085 1860 3167 ἐπιφάνειαν

1967 1903 2278 1960 Judaeorum
2310 1905 2560 1970 .loeutus
2617 1917 2721 1974 est,
2781 1908 2967 1964 dicens
3023 1925 3036 1962 :
3084 1927 3103 1959 ι
3143 1907 3198 1961 Si
3262 1909 3549 1965 credet-itis

1967 1995 2124 2059 Mosi,
2159 1997 2289 2052 mihi
2322 1999 2510 2070 utique
2548 1999 2842 2054 crederetis
2869 2018 2882 2056 :
2913 2001 2982 2054 de
3013 2014 3097 2054 me
3129 2001 3272 2054 enim
3303 2001 3394 2055 ille
3416 2003 3550 2056 scri-

1965 2089 2073 2157 psit
2109 2087 2177 2142 ’⁵.
2233 2105 2252 2140 ι
2287 2086 2422 2154 Quia
2483 2104 2610 2143 vero
2672 2089 2944 2146 obstinate
2990 2090 3156 2145 Musis
3218 2104 3547 2162 prmceptum

1967 2179 2236 2248 aspernati
2273 2189 2398 2234 sunt
2426 2221 2439 2243 ,
2478 2182 2788 2251 dictumque
2845 2197 2940 2252 per
2999 2191 3218 2238 sanctos
3253 2185 3548 2254 prophetas

1966 2284 2266 2324 sermonem
2319 2271 2470 2324 nihili
2532 2286 2598 2326 ac
2652 2281 2954 2327 extremum
3027 2289 3198 2343 usque
3263 2273 3547 2338 fecerunt,

1967 2363 2159 2417 tuerito
2176 2361 2403 2416 abdicati
2436 2373 2600 2427 sunt,
2645 2371 2808 2434 atque
2839 2380 2868 2419 a
2917 2365 3085 2420 bouis
3113 2380 3342 2438 quorum
3369 2378 3551 2435 patres

1967 2453 2442 2520 repromissioaem
2505 2464 2872 2522 acceperant,
2929 2455 3173 2525 depulsi,
3215 2455 3550 2531 sicut'enim

1966 2542 2228 2611 scriptum
2264 2551 2416 2598 est:
2511 2563 2529 2594 ι
2573 2543 2867 2600 Ohauditio
2953 2561 3117 2616 super
3220 2545 3549 2600 sarriiiciutn

1965 2633 2187 2697 bonum,
2219 2635 2597 2690 elobedienlia
2629 2652 2792 2706 super
2819 2637 3033 2708 adipem
3095 2653 3366 2707 agnOruut
3406 2638 3456 2670 "
3483 2677 3500 2693 .
3526 2658 3545 2690 ι

1965 2723 2030 2778 Ει
2059 2724 2138 2780 sic
2167 2725 2632 2795 quidemJudaica
2656 2727 2878 2784 habent.
2911 2727 3082 2784 Nobis
3107 2745 3257 2798 vero,
3293 2731 3388 2799 qui
3421 2731 3544 2801 ejus

1965 2816 2287 2884 agnovimus
2317 2819 2733 2888 apparitionem,
2766 2830 2925 2875 erunt
2959 2820 3118 2890 plane
3147 2823 3333 2876 omnia
3367 2823 3544 2877 bona:

1964 2915 2019 2960 et
2052 2922 2148 2976 per
2187 2907 2360 2978 ipsum
2390 2909 2666 2966 Christum
2691 2918 2798 2976 λοι
2835 2913 2902 2967 ab
2930 2913 3050 2984 ipso
3078 2953 3094 2978 ,
3122 2929 3220 2985 per
3246 2930 3404 2984 quem
3431 2954 3446 2976 ,
3496 2924 3553 2968 et

1965 3012 2088 3051 cum
2115 2993 2226 3069 quo
2251 2997 2362 3054 Deo
2387 3001 2538 3056 Patri
2569 3017 2695 3058 cum
2733 3001 2938 3072 Spiritu
2997 3015 3209 3072 sancto,
3268 3006 3442 3078 gloria
3499 3015 3554 3064 ct

1969 3087 2278 3158 imperium,
2311 3089 2365 3144 in
2428 3093 2629 3148 saecula
2667 3092 3014 3150 saeculorum.
3059 3096 3252 3150 Amen.

287 3189 479 3258 αὐτοῦ,
509 3191 689 3244 πάντα
717 3187 935 3252 πάντως
971 3182 1204 3253 ὑπάρξει
1229 3181 1300 3236 τὰ
1367 3180 1554 3252 ἀγαθά
1578 3197 1594 3213 ο
1619 3179 1688 3235 δι’
1723 3179 1890 3236 αὑτοῦ
1927 3197 1989 3234 τε
2023 3183 2119 3236 καὶ
2157 3184 2293 3255 παρ’
2327 3183 2497 3240 αὐτοῦ
2553 3185 2650 3240 τοῦ
2693 3185 2934 3259 Χριστοῦ
2961 3205 2978 3220 ο
3039 3188 3107 3243 δι’
3151 3181 3241 3254 οῦ,
3283 3191 3380 3245 καὶ¹
3433 3191 3552 3263 μεθ’

279 3277 374 3349 οὗ,
397 3281 476 3354 τῷ
507 3280 628 3354 Θεῷ
659 3279 758 3334 καὶ
804 3276 984 3348 Πατρὶ
1026 3273 1159 3340 δόξα
1202 3273 1300 3328 καὶ
1354 3271 1555 3344 κράτος
1603 3271 1701 3345 σὺν
1729 3269 1873 3340 ἁγίῳ
1910 3271 2212 3344 Πνεύματι,
2239 3275 2321 3338 εἰς
2381 3275 2512 3340 τοὺς
2547 3275 2752 3340 αἰῶνας
2777 3276 2886 3330 τῶν
2921 3276 3154 3333 αἰώνων.
3205 3279 3409 3350 Ἀμήν.

1027 3389 1113 3443 TI".

286 3487 387 3552 Ελς
429 3485 543 3556 τὴν
569 3480 994 3556 ὐσξερέιζδοξον.
1005 3479 1471 3556 μεταμόρφωςιν
1501 3474 1865 3556 ξοῦ-ξίυρίορ

360 3545 461 3678 53:1
487 3545 794 3674 'ng'ﬁ'xal
829 3545 1106 3616 Σωτῆρος
1139 3545 1314 3615 ἡμῶν
1350 3545 1548 3611 Ἰησοῦ
1605 3545 1864 3610 Χριστοῦ

442 3639 543 3692 τος
637 3658 653 3674 ο

364 3713 536 3774 aeta;
571 3711 672 3780 μὲν
697 3707 921 3762 ἑωθινοῦ
949 3708 1129 3776 φωτὸς
1164 3693 1600 3775 προηγούμενος,
1623 3699 1866 3754 ἀπελαύ-

293 3823 376 3860 νει
407 3803 515 3857 τῶν
540 3801 828 3872 βλεφάρων
861 3799 953 3853 τὸν
985 3797 1176 3862 ὕπνον,
1205 3794 1300 3849 καὶ
1327 3794 1388 3848 τὸ
1416 3792 1742 3867 περίορθρον
1769 3791 1866 3862 τῆς

294 3895 513 3968 ἡμέρας
553 3894 614 3948 τὺ
654 3891 929 3960 λυκαυγὲς
959 3888 1348 3960 ἐφελκόμενον,
1374 3884 1590 3939 διαλύει
1623 3885 1729 3948 τὰς
1756 3884 1866 3940 τῶν

293 3987 518 4060 ὀνείρων
550 3984 738 4054 σκιάςζ
785 3982 1058 4054 μαρτυρεῖ
1095 3973 1166 4032 ea,
1203 3980 1272 4050 τῇ
1307 3977 1404 4032 τοῦ
1435 3975 1568 4048 ὴοῦς
1593 3976 1868 4048 παρουσίᾳ

294 4080 400 4141 πᾶς
430 4077 583 4149 ὄρνις
625 4075 778 4138 ὅστις
823 4073 976 4127 ἐστὶν
1005 4069 1238 4144 ᾠδικὸς,
1291 4069 1400 4142 πρὸ
1452 4069 1552 4142 τῆς
1611 4069 1866 4141 πτήσεως

295 4161 567 4234 ἔφιζᾶπιων
611 4164 728 4227 τοῖς
771 4161 1060 4232 πρέμνοις.
1089 4159 1169 4230 Τῇ
1199 4157 1310 4230 γὰρ
1337 4157 1446 4210 τῶν
1475 4156 1692 4211 οἰκείων
1730 4153 1865 4212 ἀνα-

296 4254 511 4324 κινήσει
535 4252 776 4324 πτερῶν,
804 4249 1334 4322 συνεκτιναξάμενος
1351 4249 1449 4320 τὴν
1477 4247 1638 4320 σιγὴν
1665 4250 1734 4321 τῇ
1759 4249 1866 4304 ἀπὸ

294 4345 388 4400 τοῦ
413 4344 584 4400 ὕπνου
617 4345 912 4416 χαυνότητι
939 4383 956 4408 ,
981 4345 1042 4396 ὲν
1065 4344 1144 4414 τῷ
1175 4341 1360 4413 δρθρῳ
1380 4341 1478 4413 τὴν
1504 4341 1698 4394 ἀκτῖνα
1727 4356 1865 4412 προ-

295 4436 502 4491 δλέπει.
539 4437 652 4490 Καὶ
679 4437 808 4500 τοὺς
846 4434 926 4488 ἔτι
969 4433 1338 4496 καθεύδοντας
1361 4471 1378 4498 ,
1409 4433 1500 4487 διὰ
1531 4433 1630 4502 τῆς
1659 4431 1864 4495 οίκείας

297 4529 499 4600 ἐγείρει
554 4530 762 4600 φωνῆς.
810 4527 916 4580 Τὸν
951 4525 1116 4580 αὐτὸν
1145 4523 1346 4596 τρόπον
1374 4521 1470 4577 τοῦ
1502 4521 1862 4592 εὐαγγελικοῦ

296 4619 470 4686 φωτὸς
511 4618 604 4672 τὸν
651 4615 755 4688 τῆς
799 4615 1186 4686 οίκουμενικῆς
1221 4613 1550 4686 Ἐκκλησίας
1590 4612 1862 4684 περιλάμ-

1973 3471 2040 3527 In
2063 3473 2502 3544 gloriosissimam
2559 3476 2774 3530 Domini
2811 3489 2862 3532 et
2905 3479 3005 3532 Dei
3031 3491 3079 3534 et
3120 3480 3414 3537 Saluatoris
3455 3502 3551 3539 κο-

2091 3543 2192 3595 stri
2213 3540 2342 3595 Jesu
2373 3543 2572 3598 Christi
2599 3547 3126 3616 lransﬁguratiouem
3149 3553 3322 3605 oratio
3355 3553 3442 3608 ΙΙ.

1961 3701 1976 3706 ’
2041 3697 2778 3768 Matutiniluminisprimus
2816 3701 3078 3772 splendor
3135 3719 3390 3760 somnum
3443 3713 3554 3778 pal-

1973 3787 2156 3857 pebris
2181 3789 2370 3858 abigit,
2418 3790 2860 3861 productumque
2920 3794 3027 3850 diei
3077 3800 3550 3858 matutiuumcre-

1974 3872 2262 3950 pusculum
2286 3880 2622 3934 somniorum
2642 3880 2892 3938 dissolvit
2911 3884 3136 3940 umbras
3153 3929 3167 3952 ,
3187 3902 3403 3943 aurorae
3421 3904 3550 3944 vero

1973 3969 2292 4035 adventum,
2309 3983 2514 4024 canora
2532 3971 2713 4026 omnis
2733 3973 2854 4027 avis
2877 3988 2908 4028 a
2957 3975 3237 4044 stipitibus
3273 3981 3550 4050 ramisque

1971 4068 2100 4116 ante
2121 4059 2366 4116 volatum
2421 4061 2676 4132 pendula,
2733 4069 2992 4118 teetatum
3042 4064 3192 4121 facit.
3245 4066 3360 4124 Una
3397 4072 3546 4126 enim

1973 4167 2096 4207 cum
2125 4151 2349 4208 inducta
2376 4168 2573 4210 somno
2598 4153 2846 4222 mollitie,
2872 4171 3173 4226 pennarum
3198 4163 3549 4230 quassatione

1969 4245 2209 4300 decusso
2234 4244 2476 4312 silentio,
2516 4245 2848 4302 matutinum
2885 4248 3099 4303 radium
3135 4251 3357 4322 excipit,
3386 4267 3550 4310 voce-

1969 4351 2078 4408 que
2104 4335 2474 4406 obstrepente,
2505 4337 2686 4392 adhuc
2707 4337 3106 4396 dormientibus
3151 4336 3403 4398 somnum
3430 4347 3549 4402 adi-

1969 4429 2088 4483 mit.
2120 4425 2212 4482 Sic
2268 4429 2450 4498 plane,
2491 4427 2750 4485 Ecclesiaa
2791 4431 3117 4489 universalis
3175 4433 3359 4501 domo,
3383 4451 3549 4492 evan-

1969 4519 2128 4592 gelici
2161 4520 2385 4576 luminis
2440 4520 2716 4577 illustrata
2746 4520 3088 4594 fulgoribus,
3139 4526 3397 4584 abscedat
3426 4531 3548 4599 qui-

1969 4613 2090 4669 dem
2109 4628 2213 4670 ccu
2233 4629 2340 4669 nox
2367 4614 2642 4686 quaedam,
2663 4615 2892 4686 ignavia:
2914 4617 3090 4690 caligo
3111 4639 3124 4676 :
3149 4635 3212 4675 ac
3243 4637 3375 4677 vero
3399 4623 3543 4676 baud

295 4712 510 4782 ψαντος·
541 4706 723 4762 οἷκον⁹
773 4705 1133 4778 ύποχωρείτω
1187 4706 1286 4776 μὲν
1316 4705 1506 4777 ὥσπερ
1546 4701 1646 4768 νὺξ
1687 4706 1722 4775 ἡ
1763 4705 1863 4774 τῆς

1969 4720 2132 4760 secus
2177 4720 2242 4760 ac
2286 4705 2698 4762 tabernaculum
2761 4707 2930 4762 ﬁxum
2989 4709 3044 4763 in
3094 4711 3324 4777 somnis,
3383 4713 3544 4767 inane

298 4801 570 4875 ῥᾳθυμίας
613 4799 821 4872 ἀχλύς·
895 4799 1050 4852 πᾶσα
1097 4797 1156 4852 δὲ
1205 4797 1410 4869 σπουδὴ
1468 4797 1865 4869 ματαιότητος,

293 4983 398 5037 τῶν
429 4983 783 5054 ὑψηλοτάτων
813 4981 907 5036 τοῦ
937 4981 1185 5054 βήματος
1233 4981 1492 5052 πρέμνων
1539 4979 1865 5034 κελαδείτω-

297 5091 394 5126 σαν
438 5075 495 5127 αἱ
545 5073 892 5128 θεόπνευστοι
935 5073 1044 5128 τῶν
1077 5056 1424 5126 διδασκάλων
1472 5071 1643 5142 ᾠδαὶ,
1673 5074 1740 5143 τῇ
1771 5071 1865 5126 τοῦ

296 5165 613 5234 ἐπουρανίου
634 5164 1011 5237 μαρτυροῦσαι
1033 5163 1306 5236 παρουσίᾳ
1333 5163 1533 5233 φωτός.
1561 5162 1722 5218 Ἀλλὰ
1750 5165 1864 5226 τοῖς

301 5257 397 5328 μὲν
429 5255 638 5328 ὄρνισιν
667 5257 884 5328 ἄσημος
919 5259 952 5327 ὴ
993 5255 1170 5328 φωνὴ,
1221 5255 1570 5326 διεγείρουσα
1601 5255 1727 5318 τοὺς
1760 5273 1864 5308 νω·

299 5349 458 5418 θροῦς
485 5348 622 5418 πρὸς
648 5349 978 5420 ἐγρήγορσιν
1003 5364 1018 5378 ο
1047 5349 1107 5400 ἐν
1138 5348 1196 5401 δὲ
1232 5349 1345 5410 τοῖς
1373 5345 1713 5409 διδασκάλοις
1743 5345 1864 5396 επί-

303 5455 470 5508 σημος
502 5440 535 5508 ή
572 5437 665 5491 τοῦ
709 5437 926 5492 Παύλου
959 5438 1111 5508 φωνή
1137 5454 1150 5469 ο
1187 5456 1205 5488 ι
1245 5436 1309 5489 Ἥ
1340 5436 1457 5503 νὺξ,
1501 5434 1700 5506 βοῶσα,
1733 5453 1864 5504 προ-

305 5531 526 5599 eaad/ev
559 5532 675 5603 ἡδὲ
701 5533 884 5603 ἡμέρα
925 5532 1144 5602 ήγγικε.
1187 5551 1206 5582 ι
1245 5531 1382 5582 Ποία
1435 5528 1709 5600 προέκοψε
1743 5530 1861 5596 νὺξ,

1971 4811 2134 4852 omne
2183 4799 2522 4868 stultamque
2578 4799 2822 4854 studium
2862 4801 3208 4871 dispellatur;
3252 4803 3543 4860 divinitus-

179 4965 182 4970 _
295 4893 546 4964 καθάπερ
583 4892 780 4962 ὀνείρῳ
842 4893 1086 4960 παγεῖσα
1126 4889 1430 4943 διαλυέσθω
1475 4889 1646 4960 σκηνή
1669 4905 1682 4919 ⁸
1720 4891 1784 4942 ὲκ
1813 4889 1863 4943 δὲ

1967 4903 2073 4958 que
2102 4887 2380 4960 inspirata:
2399 4890 2786 4960 magistrorum
2836 4892 3121 4947 cantilena:
3156 4893 3223 4947 de
3263 4893 3546 4951 altissimis

1966 4989 2224 5036 resonent
2282 4995 2572 5054 suggestus
2609 4987 2802 5049 ramis,
2839 5001 2903 5040 ac
2932 4987 3176 5042 caelestis
3204 4987 3429 5044 luminis
3471 4998 3546 5044 te—
3585 5059 3587 5063 ι

1967 5083 2185 5129 stentur
2249 5075 2567 5130 adventum.
2612 5077 2682 5131 At
2711 5078 2906 5134 avibus
2957 5077 3176 5150 quidem
3231 5081 3394 5136 missa
3417 5097 3544 5146 vos,

1963 5179 2276 5234 quanquam
2311 5181 2421 5222 non
2451 5167 2729 5232 distincta,
2747 5169 2931 5240 pigros
2953 5171 3019 5225 ad
3039 5171 3279 5240 vigiliam
3301 5172 3505 5228 excitat
3527 5190 3543 5238 ;

1963 5257 2018 5309 in
2051 5257 2328 5326 magistris
2363 5269 2569 5326 autem,
2599 5269 2748 5314 certa
2769 5271 2853 5317 est
2877 5278 2940 5316 ac
2969 5261 3226 5318 distincta
3255 5263 3407 5317 Pauli
3447 5279 3544 5317 vox

1962 5347 2052 5401 illa
2083 5348 2325 5403 clamans
2351 5388 2366 5412 ,
2398 5365 2417 5400 ι
2454 5347 2570 5404 Nox
2600 5353 2914 5420 praecessit;
2952 5353 3070 5408 dies
3110 5364 3292 5408 autem
3344 5369 3542 5423 appro-

1965 5439 2245 5511 pinquavit
2268 5441 2334 5494 ’⁷.
2375 5459 2394 5492 ›
2457 5441 2588 5506 Qua:
2617 5458 2720 5497 nox
2763 5445 2852 5499 illa
2891 5447 3190 5514 prmccssit,
3213 5461 3244 5498 0
3271 5455 3327 5498 tu
3356 5443 3541 5497 Eccle-

1966 5532 2060 5586 siae
2087 5533 2381 5601 magister;
2415 5549 2600 5603 quaeve
2635 5538 3096 5606 appropinquavit
3135 5537 3287 5590 dies?
3325 5535 3544 5608 Ergone

371 5729 419 5762 ³⁵
450 5726 609 5784 Rom.
640 5745 696 5798 ι,
720 5728 772 5782 ι.
849 5731 894 5763 ⁸⁸
930 5729 1088 5787 Joan.
1123 5744 1175 5798 ν,
1206 5727 1296 5783 46.
1371 5728 1418 5760 ’⁵
1445 5729 1465 5782 ι
1493 5727 1624 5798 Reg.
1648 5743 1748 5796 xv,
1775 5727 1863 5782 Ἡ.

1969 5729 1987 5760 ⁷
2024 5725 2411 5800 Roxxt.utt,l2.
