4038 6274
559 319 588 382 1
600 321 706 384 3255

1655 322 2194 391 PANTALEONIS
2242 330 2564 394 DIACONI
2617 335 2732 396 ΕΡ.

3691 357 3802 422 1256

563 427 964 498 raliginosioris
989 425 1250 498 temporis
1297 427 1499 483 detenti
1538 433 1860 499 commodis,
1899 435 2042 489 velut
2073 449 2133 489 ει

2248 431 2293 490 ὦ
2348 439 2448 509 τῆς
2511 441 2842 512 Ἐκκλησίας
2898 444 3218 514 διδάσκαλε,
3289 453 3428 506 ποία
3486 456 3545 508 δὲ
3607 460 3801 530 unum

559 529 740 584 nocte,
772 518 976 572 diurno
995 518 1186 572 lumini
1210 519 1646 590 propinquamus
1667 523 1693 576 ?
1716 521 2030 591 Enimvero,
2065 529 2148 582 si-

559 609 784 678 quidem
811 609 1042 664 mutatio
1084 619 1416 680 temporum,
1453 613 1725 668 malorum
1759 614 1937 670 eﬂ‘ecit
1966 629 2148 671 muta-

563 701 786 766 tionem,
813 701 956 770 quod
986 701 1206 770 quidem
1238 704 1696 773 appropinquavit
1738 717 1975 777 tempus,
2002 723 2147 778 prae-

559 793 722 848 terito
771 793 967 847 melius
1025 793 1218 859 evasit,
1281 795 1530 850 humanae
1568 812 1696 852 vero
1754 808 1962 854 natura:
2009 801 2146 854 nihil

559 884 738 939 laudis
805 886 1060 949 accessit,
1099 882 1227 940 cum
1276 887 1393 956 ipsa
1425 887 1564 941 nihil
1588 905 1656 942 ex
1704 890 1815 944 alia
1878 891 1933 945 in
1980 892 2144 946 aliam

557 975 835 1030 demutata
892 976 985 1030 sit.
1051 977 1260 1048 Apage,
1311 979 1510 1050 inquit.
1553 978 1809 1036 Scientiae
1866 998 1973 1053 ego
2019 984 2145 1038 illu-

560 1069 920 1134 strationem,
964 1083 1074 1124 non
1141 1071 1403 1139 temporis
1467 1071 1678 1141 lapsum
1727 1073 2028 1129 edissere:
2081 1089 2146 1131 ac

561 1155 711 1214 velut
763 1159 1027 1215 diuturno
1070 1163 1314 1232 sepultus
1359 1177 1576 1229 somno,
1616 1165 1802 1234 pigros
1834 1167 2139 1222 exsuscita.

629 1457 765 1516 Nam
790 1471 844 1518 et
875 1463 978 1533 ipsi
1038 1463 1245 1522 fuimus
1276 1483 1416 1533 nox;
1460 1485 1607 1526 nunc
1637 1480 1818 1526 autem
1851 1472 2139 1543 postquam

557 1553 838 1610 induimus
867 1555 1168 1620 Christum,
1194 1558 1300 1612 diei
1345 1561 1506 1616 nobis
1549 1564 2136 1634 congruitappellatio.

563 1661 583 1695 ι
624 1645 854 1700 Eramus
897 1647 1042 1700 enim
1079 1647 1380 1718 aliquando
1440 1653 1712 1720 tenebrae;
1757 1669 1904 1709 nunc
1952 1664 2135 1710 autem

556 1735 650 1788 lux
699 1737 754 1788 in
807 1737 1040 1792 Domino
1066 1729 1193 1791 ".5
1247 1739 1578 1828 Benedictus
1629 1760 1711 1812 es,
1759 1744 1997 1814 Christe,
2042 1762 2138 1816 per
2171 1781 2214 1837 Β

555 1840 718 1894 quem
762 1827 926 1882 homo
975 1829 1115 1885 lueis
1164 1821 1632 1902 nuncupationem
1671 1849 2007 1894 consecutus
2031 1848 2135 1896 est.

555 1913 886 1973 Benedictus
917 1933 999 1982 es,
1033 1921 1268 1990 Christe,
1305 1938 1403 1991 per
1455 1940 1612 1994 quem
1651 1927 1890 1983 humana
1941 1940 2136 1986 natura

556 2015 808 2062 mutuum
848 2009 956 2064 Deo
989 2011 1364 2068 indumentum
1399 2017 1651 2086 praabuit,
1685 2017 1891 2090 Deique
1938 2031 2136 2078 natura

553 2097 812 2154 humanae
855 2103 1180 2159 substantia:
1245 2121 1540 2178 personam
1610 2124 1674 2175 ac
1716 2103 2134 2170 subsistentiam

548 2191 766 2246 tribuit.
809 2191 1138 2252 Benedictus
1186 2213 1268 2260 es,
1319 2197 1558 2267 Christe,
1588 2216 1684 2270 per
1715 2219 1878 2274 quem
1912 2207 2137 2264 exstin-

553 2283 741 2351 guitur
769 2300 954 2355 paena,
976 2287 1179 2356 judicis
1204 2291 1270 2344 ad
1295 2305 1420 2346 reos
1456 2293 1626 2348 verita
1655 2295 2006 2366 cognationis
2036 2313 2135 2354 ne-

555 2365 964 2431 cessitudinem.
1003 2377 1328 2437 Benedictus
1355 2397 1434 2448 es,
1463 2383 1715 2452 Christe;
1742 2365 1808 2440 tu
1850 2390 1996 2443 enim
2027 2387 2135 2443 Lu-

549 2478 678 2518 men
743 2481 929 2520 verum
992 2470 1288 2536 exsistens,
1325 2472 1684 2530 humanitatis
1745 2479 2135 2553 subingressus

546 2554 854 2626 lucernam,
913 2559 1036 2614 oleo
1087 2563 1306 2630 quidem
1357 2563 1615 2634 Spiritus,
1666 2578 1879 2624 natura;
1932 2572 2136 2642 impin-

551 2644 733 2710 guasti
765 2643 1102 2714 elychnium,
1142 2644 1447 2718 s'piritualis
1503 2652 1682 2721 ipsum
1739 2656 1926 2725 gloria:
1947 2659 2134 2728 splen-

551 2733 689 2786 dore
737 2739 1085 2806 accendens;
1147 2741 1391 2796 humano
1440 2754 1624 2798 autem
1681 2751 1905 2804 vasculo
1951 2761 2134 2806 creata

547 2821 892 2891 illuminasti,
923 2828 1208 2886 illustrans
1238 2833 1524 2903 paululum
1567 2851 1686 2890 eam
1722 2837 2049 2908 lampadem,
2077 2841 2132 2895 in

549 2928 715 2982 quam
755 2930 856 2970 nec
912 2916 1127 2987 Petrus,
1167 2937 1267 2978 nec
1309 2922 1572 2990 Jacobus,
1611 2942 1711 2982 nec
1739 2925 2004 2996 Joannes,
2035 2933 2136 2984 hu-

548 3000 729 3055 manis
763 3003 938 3059 oculis
977 3007 1100 3059 ausi
1125 3017 1256 3062 sunt
1283 3011 1565 3080 aspicere;
1594 3015 1778 3084 potius
1813 3031 1942 3070 vero
1973 3017 2131 3086 pruni

547 3091 604 3146 in
636 3101 860 3158 terram,
895 3097 1080 3166 magni
1109 3098 1186 3152 illi
1222 3103 1534 3172 summique
1575 3104 1631 3158 in
1655 3105 1939 3175 discipulis
1969 3109 2128 3175 rami,
2158 3113 2200 3171 C

548 3183 935 3242 inaccessibile
994 3188 1177 3242 lumen
1221 3189 1458 3260 professi
1504 3203 1652 3250 sunt.
1707 3193 1818 3252 llos
1849 3197 1994 3252 enim
2023 3197 2129 3254 Do-

546 3275 754 3340 minus,
807 3277 1048 3333 caelestis
1105 3280 1258 3334 vocis
1293 3283 1576 3342 auditores
1609 3299 1946 3357 assumptus,
1971 3290 2129 3346 etfui-

546 3373 706 3432 gente
723 3379 820 3418 sua
851 3366 1050 3436 gloria,
1091 3367 1350 3424 latentem
1381 3372 1584 3427 sensim
1633 3376 1974 3434 divinitatem
1997 3381 2127 3436 sub-

547 3453 820 3520 revelans,
847 3463 1019 3513 testes
1055 3459 1242 3516 ﬁdeles
1284 3463 1488 3520 habere
1520 3467 1712 3536 voluit,
1749 3477 1808 3524 ut
1871 3473 2128 3544 adjuncto

545 3545 775 3600 auribus
809 3557 1043 3616 patrono
1081 3553 1265 3620 oculo,
1297 3555 1430 3610 orbe
1456 3563 1568 3612 toto
1597 3558 1744 3614 clara
1781 3576 1846 3618 ac
1872 3572 2126 3620 contenta

544 3652 696 3698 voce.
735 3640 884 3694 nulla
918 3643 1106 3713 requie
1129 3645 1429 3704 clamarent
1454 3667 1468 3704 :
1499 3667 1518 3701 ι
1547 3651 1699 3718 Quod
1728 3652 1831 3709 fuit
1855 3656 1925 3710 ab
1946 3657 2122 3722 initio,

545 3731 690 3798 quod
722 3731 1060 3793 audivimus.
1087 3738 1233 3805 quod
1279 3739 1518 3798 vidimus
1551 3745 1727 3800 oculis
1755 3748 1962 3803 nostris
1996 3749 2062 3804 ".
2099 3769 2120 3802 ι

614 3817 807 3889 Operae
839 3839 971 3877 vero
1005 3827 1234 3892 pretium
1258 3827 1446 3896 fuerit,
1472 3841 1532 3886 ut
1555 3835 1734 3889 medio
1759 3851 2012 3894 sermone
2038 3841 2123 3895 in-

545 3917 784 3978 tercepta
815 3911 1065 3979 historia,
1092 3915 1268 3985 ipsam
1305 3924 1645 3992 exponendo,
1679 3941 1785 3980 una
1809 3941 1934 3982 cum
1968 3930 2126 3986 disci-

543 3999 798 4066 pulorum
877 4005 1229 4076 principibus
1290 4011 1698 4078 ascendamus,
1768 4019 2123 4089 magniloquo

543 4090 909 4161 obsequentes
957 4095 1130 4165 Isaiae,
1155 4099 1392 4156 dicenti:
1433 4121 1454 4155 ι
1497 4101 1714 4172 Venite,
1757 4111 2124 4167 ascendamus

543 4179 598 4234 in
629 4193 862 4237 montem
921 4183 1130 4241 Domini
1167 4187 1234 4242 ³⁸.
1277 4207 1296 4241 ι
1353 4191 1734 4249 Aseendainus
1781 4205 1988 4264 autem,
2012 4213 2120 4254 non

541 4287 664 4328 eum
697 4275 898 4329 Sudore
938 4291 1037 4332 nec
1093 4279 1294 4351 dillic‘ili
1343 4281 1512 4335 halitu
1550 4284 1614 4338 ad
1656 4285 1826 4341 ardua
1863 4287 2122 4344 festinato

539 4363 968 4430 contendentes;
1030 4367 1124 4422 sed
1183 4379 1465 4425 vacantem
1516 4375 1890 4452 quietumque,
1941 4380 2120 4434 susei-

2248 533 2466 604 ἡμέρας
2492 531 2638 605 Ἀρα
2663 536 2854 602 νυκτδς
2882 535 3317 614 ζοφωδεστέραις
3351 547 3706 618 κατεχόμενοι
3731 559 3801 609 εὐ-

2247 625 2492 693 ετηρίαις
2519 626 2680 691 τισὶν,
2707 627 2784 690 ὡς
2811 629 2874 680 ὲκ
2899 624 3376 706 νυκτδςήμερινῷ
3411 639 3556 703 φωτὶ
3593 657 3798 709 προσπε-

2249 715 2518 786 λάζομεν;
2555 717 2674 770 ἀλλ’
2704 721 2752 771 εί
2778 718 2888 788 ἄρα
2928 720 2962 790 ἠ
3005 719 3116 773 τῶν
3157 725 3373 794 καιρῶν
3408 727 3696 801 ὲνᾳλλαγὴ,
3722 734 3800 805 τὴν

2247 808 2358 860 τῶν
2386 809 2574 862 κακῶν
2599 811 2901 882 ἐναλλαγὴν
2929 813 3335 885 ἀπειργάσατο,
3356 820 3387 870 ό
3421 819 3526 888 μὲν
3544 827 3800 894 προσεγγί-

2249 914 2347 956 σας
2396 900 2588 970 χρόνος
2640 900 2734 952 τοῦ
2789 905 3181 972 παρῳχηκότος
3237 904 3480 973 βελτίων
3517 913 3796 982 γεγένηται,

2245 987 2422 1052 οὐδεὶς
2448 989 2506 1042 δὲ
2544 991 2642 1062 τῆς
2669 992 3017 1066 ἀνθρωπίνης
3059 997 3442 1065 προσγέγονεν
3476 1000 3689 1066 ἔπαινος
3713 1007 3796 1072 φύ-

2248 1093 2423 1143 σεωςο
2475 1077 2570 1148 ἀφ’
2614 1081 2805 1152 ἐτέρου
2861 1085 2935 1153 μὴ
2988 1085 3438 1159 νμεταὸληθείσης
3497 1093 3581 1153 εἰς
3619 1092 3797 1166 ἕτερον.

2249 1170 2464 1240 Ἀπαγέ
2501 1188 2664 1241 φησιν
2685 1188 2698 1202 '
2737 1174 2806 1225 οὐ
2839 1175 3031 1244 χρόνου
3069 1177 3438 1246 μετάπτωσιν
3460 1195 3477 1210 ·
3511 1179 3642 1234 ἀλλά
3681 1185 3795 1250 pd;-

2245 1275 2382 1323 σεως
2427 1259 2694 1333 ελλαμψιν
2739 1263 3048 1334 διαγορεύω
3089 1267 3232 1334 ἐγώ·
3281 1270 3386 1322 καὶ
3429 1271 3510 1334 ὡς
3557 1273 3648 1325 ἐπὶ
3683 1276 3794 1330 πολὺ

2243 1351 2610 1416 καθεύδοντας
2643 1353 2768 1418 τοὺς
2797 1355 3079 1434 ῥᾳθύμους
3107 1359 3423 1427 ὲφυπνίζω.

2311 1441 2478 1493 Αὐτοὶ
2533 1443 2641 1512 γὰρ
2688 1448 2783 1495 καὶ
2823 1443 2920 1508 νὺξ
2957 1441 3136 1516 ἦμεν
3176 1448 3271 1501 καὶ
3321 1449 3424 1502 νῦν
3455 1450 3549 1504 τὸν
3595 1453 3794 1523 Χριστὸν

2241 1531 2616 1604 ἐνδυσάμενοι,
2643 1538 2708 1605 τῇ
2743 1537 3084 1610 προσηγορίᾳ
3110 1539 3210 1609 τῆς
3235 1542 3466 1612 ἡμέρας
3490 1545 3788 1616 ἀρμόζομεν.

2243 1618 2424 1694 Ἦμεν
2455 1624 2564 1696 γάρ
2598 1641 2728 1678 ποτε
2778 1627 3004 1690 σκότος·
3051 1629 3147 1684 νῦν
3175 1631 3232 1684 δὲ
3272 1633 3400 1702 φῶς
3435 1633 3513 1688 ’ἐν
3556 1638 3747 1707 Κυρίῳ.
3773 1659 3788 1690 ι

2244 1710 2548 1782 Εὐλογητὸς
2575 1713 2645 1780 εἴ,
2679 1715 2902 1787 Χριστὲ,
2935 1717 3005 1770 δι’
3037 1718 3095 1772 ὂν
3129 1721 3431 1792 ἄνθρωπος
3457 1728 3794 1798 προσηγόρευ-

2239 1820 2331 1856 ται
2373 1805 2510 1872 φῶς.
2543 1798 2848 1878 Εὐλογητὸς
2895 1807 2980 1876 ei,
3014 1813 3254 1883 Χριστὲ,
3288 1814 3362 1868 δι’
3407 1815 3470 1868 ὃν
3509 1817 3792 1887 ἀνθρωπίνη

2241 1895 2404 1964 φύσις
2437 1896 2709 1950 ἐδάνεισεν
2760 1899 2964 1970 ἔνδυμα
3005 1902 3146 1973 Θεῷ,
3202 1905 3303 1958 καὶ
3348 1905 3492 1959 Θεοῦ
3535 1908 3687 1976 φύσις
3717 1909 3792 1960 ἀν-

2230 1983 2588 2056 ·θρωπότητος
2627 1987 2787 2061 οὐσίᾳ
2818 1990 3116 2062 περιέθηκε
3148 1993 3480 2064 πρόσωπον.
3517 1997 3792 2066 Εὐλογητὸς

2239 2071 2308 2142 εί,
2343 2078 2566 2150 Χριστὲ,
2599 2079 2668 2132 δι’
2697 2079 2756 2133 δν
2789 2081 3075 2137 σϐέννυται
3115 2084 3368 2152 κόλασις,
3399 2087 3684 2172 αἰδουμένη
3711 2086 3791 2156 τὴν

2235 2169 2331 2222 τοῦ
2389 2170 2646 2225 δικαστσῦ
2696 2173 2834 2245 πρὸς
2892 2177 3016 2239 τοὺς
3075 2174 3445 2242 καταδίκους
3477 2169 3785 2250 συγγένειαν.

2237 2259 2545 2332 Εὐλογητὸς
2573 2258 2644 2328 εἰ,
2670 2264 2878 2335 Χριστέ
2895 2283 2909 2296 ο
2941 2267 3007 2320 σὺ
3037 2267 3146 2338 γὰρ
3172 2267 3253 2322 ὢν
3277 2269 3344 2322 τὸ
3375 2270 3498 2334 Φῶς
3536 2270 3597 2322 τὺ
3623 2269 3788 2343 ἀληθιο

2237 2353 2325 2406 νὺν
2351 2392 2365 2416 ,
2425 2354 2760 2410 ὑπεισελθὼν
2820 2357 2916 2437 τὸν
2961 2357 3063 2427 τῆς
3127 2358 3558 2432 ἀνθρωπότητος
3600 2361 3782 2432 λύχνον,

2237 2444 2601 2509 κατελίπανας
2663 2448 2764 2517 μὲν
2814 2448 2894 2519 τῷ
2951 2447 3046 2502 τοῦ
3102 2449 3436 2522 Πνεύματος
3497 2451 3656 2522 ἐλαίῳ
3706 2452 3786 2520 τὴν

2236 2533 2528 2604 θρυαλλίδα
2555 2537 2657 2608 τῆς
2685 2538 2920 2606 φύσεως,
2957 2540 3174 2611 ἐφάψαις
3203 2541 3286 2612 τῷ
3313 2543 3419 2612 τῆς
3444 2541 3784 2613 πνευματικῆς

2235 2628 2633 2698 ἀπαυγάσματι
2671 2630 2831 2702 δόξης
2850 2647 2864 2662 σ
2905 2631 2973 2685 δι’
3003 2633 3355 2702 ἀνθρωπίνου
3383 2633 3440 2688 δὲ
3467 2633 3684 2695 σκεύους
3703 2631 3781 2704 τὴν

2236 2719 2416 2774 κτίσιν
2467 2719 2762 2787 ἔφώτισας,
2821 2721 3028 2793 ταύτην
3061 2725 3356 2795 ἐκλάμψας
3405 2726 3504 2796 τὴν
3556 2723 3780 2792 λαμπάδα

2239 2809 2458 2880 μικρὸν,
2493 2809 2559 2878 ὴν
2581 2810 2644 2866 οὐ
2674 2811 2880 2880 Πέτρος
2901 2851 2916 2878 ,
2948 2815 3049 2866 οὐκ
3089 2815 3385 2880 Ἰάκωϐος,
3419 2817 3520 2868 οὐκ
3561 2815 3783 2880 Ἰωάννης

2236 2898 2367 2953 ίδεῖν
2403 2899 2700 2970 ὀφθαλμοῖς
2731 2903 3092 2974 ἀνθρωπίνοις
3117 2906 3440 2978 ἐτόλμησαν
3460 2905 3632 2960 ἰἀλλά
3654 2919 3779 2974 πρη-

2234 2990 2348 3054 νεῖς
2376 2992 2634 3056 πεσόντες
2683 2996 2733 3046 οί
2775 2991 2886 3049 τῶν
2937 2995 3199 3066 μαθητῶν
3234 2998 3569 3068 ἀκρέμονες,
3595 2993 3780 3065 ὡμολό-

2233 3098 2412 3152 γησαν
2435 3081 2528 3138 τοῦ
2558 3084 2737 3155 φωτὸς
2761 3086 2822 3138 τὸ
2853 3085 3166 3158 ἀπρόσιτον.
3195 3089 3442 3154 Τούτους
3471 3090 3576 3159 γάρ
3597 3087 3774 3158 ἀκροα-

2231 3173 2331 3236 τὰς
2375 3172 2558 3228 λαϐὼν
2612 3177 2641 3228 ό
2681 3177 2963 3246 Δεσπότης
3007 3177 3108 3248 τῆς
3165 3179 3425 3250 οὐρανίου
3475 3181 3664 3250 φωνῆς,
3713 3178 3768 3247 τῇ

2230 3264 2533 3335 λαμπηδόνι
2566 3266 2666 3337 τῆς
2716 3267 2924 3332 οἰκείας
2959 3267 3125 3340 δόξης
3165 3270 3454 3342 ἠρεμαίως
3498 3266 3773 3322 ὑπεκκαλύ·

2230 3373 2380 3410 πτων
2415 3357 2515 3426 τὴν
2549 3357 2776 3413 ἐνοῦσαν
2806 3360 3039 3432 θεότητα
3059 3399 3076 3428 ,
3111 3367 3344 3429 πιστοὺς
3373 3365 3516 3436 ἔχειν
3549 3359 3771 3433 ἠϐούλετο

2230 3447 2549 3518 μάρτυρας⁹
2597 3447 2746 3510 ὅπως
2787 3451 2854 3520 τῇ
2899 3449 3036 3522 ἀκοῇ
3075 3451 3168 3506 τὸν
3225 3453 3512 3524 ὀφθαλμὸν
3545 3449 3772 3505 λαϐόντες

2229 3539 2552 3611 συνήγορον,
2605 3541 2680 3612 μὴ
2743 3541 3048 3598 παύσαιντο
3103 3545 3323 3619 μεγάλῃ
3372 3545 3602 3618 βοῶντες
3637 3541 3766 3611 φωνῇ

2225 3630 2314 3684 διὰ
2343 3632 2672 3704 οἰκουμένης
2708 3635 2926 3706 ἀπάσης
2951 3653 2980 3702 ·,
3002 3647 3022 3688 ι
3065 3639 3130 3691 Ὃ
3169 3636 3238 3709 ἦν
3285 3638 3571 3710 ἀπαρχῆςο
3598 3635 3626 3689 δ
3649 3637 3768 3700 ἀκη-

2227 3723 2433 3794 κόαμεν
2451 3739 2464 3752 ·
2495 3724 2523 3778 ὃ
2548 3725 2873 3798 ἑωράκαμεν
2900 3731 3011 3792 τοίς
3037 3729 3344 3800 ὀφθαλμοῖς
3369 3730 3541 3802 ἡμῶν.
3573 3746 3592 3780 i

2312 3816 2452 3870 Ἀλλ’
2485 3818 2756 3888 εὐκαίρως
2789 3821 2888 3890 τῆς
2934 3821 3180 3893 ἱστορίας
3215 3821 3672 3894 μεσολαϐηθείσης
3702 3814 3766 3888 τῷ

2224 3907 2392 3978 λόγῳ,
2447 3909 2745 3977 ἀναγκαῖον
2787 3911 2874 3966 διὰ
2920 3912 3018 3982 τῆς
3063 3910 3382 3986 ἐξηγήσεως
3435 3911 3762 3980 ωναναὸἧνσι

2224 4002 2336 4064 τοῖς
2368 3999 2476 4052 τῶν
2522 3999 2778 4072 μαθητῶν
2819 4003 3157 4072 κορυφαίοις,
3207 4005 3410 4078 Ἡσαΐᾳ
3449 4003 3526 4075 τῷ
3560 3999 3762 4073 μεγαλο-

2225 4089 2386 4162 φώνῳ
2406 4091 2723 4157 πεισθέντας
2751 4108 2765 4123 ·
2791 4111 2809 4144 ι
2833 4093 3022 4160 Δεῦτε,
3047 4093 3282 4164 λέγοντι,
3309 4095 3592 4164 ἀναδῶμεν
3619 4092 3686 4153 εἰς
3707 4086 3758 4140 τδ

2223 4181 2349 4253 ὅρος
2385 4183 2617 4253 Κυρίου.
2653 4202 2671 4234 ›
2719 4185 3042 4256 Ἀναδῶμεν
3067 4185 3125 4241 δὲ
3153 4188 3232 4260 μὴ
3269 4192 3368 4245 σὺν
3403 4189 3600 4262 ἱδρῶτι,
3631 4180 3755 4258 ’μηδὲ

2226 4275 2322 4326 σὺν
2363 4275 2624 4346 ἄσθματι,
2649 4275 2786 4346 πρὸς
2811 4277 2869 4330 τὸ
2890 4277 3120 4342 ἄναντες
3154 4281 3281 4346 τοὺς
3316 4280 3612 4354 ἡμετέρους
3644 4287 3754 4327 κατ-

2222 4365 2540 4434 επείγοντες
2589 4365 2753 4430 πόδας
2774 4381 2786 4397 ·
2834 4367 2971 4422 ἀλλά
3006 4369 3378 4440 σχολάζουσαν
3417 4370 3514 4442 τὴν
3547 4368 3754 4422 διάνοιαν

539 4455 754 4521 piendis
777 4455 862 4524 iis,
885 4473 1005 4527 qua:
1031 4459 1259 4514 dicenda
1301 4469 1452 4524 sunt,
1491 4465 1733 4520 animum
1774 4439 2113 4526 inducentes.

2234 4456 2360 4527 πρὸς
2395 4457 2493 4528 τὴν
2515 4457 2625 4510 τῶν
2651 4457 2961 4529 λεγομένων
2987 4439 3260 4532 ὑποδοχὴν
3295 4439 3642 4531 ἐπαγόμενοι·
3673 4450 3751 4505 καὶ

538 4550 616 4600 Ae
637 4549 870 4616 primum
899 4550 1118 4618 quidem
1159 4553 1447 4621 explicatis
1501 4555 1704 4612 divinis
1751 4557 1932 4618 Libris
1965 4573 2113 4618 tum-

537 4653 643 4705 que
672 4639 898 4695 intentis
922 4637 974 4692 in
1005 4655 1218 4695 sacram
1252 4640 1736 4713 Litteramoculis,
1758 4653 2027 4720 repositas
2058 4653 2108 4706 in

537 4738 602 4776 ea
623 4724 842 4779 divitias
885 4735 1311 4783 contrectemus.

615 4833 631 4864 ι
674 4816 944 4884 Λεευιηὶι,
991 4819 1190 4888 inquit,
1242 4818 1403 4876 Jesus
1457 4823 1696 4890 Petrum,
1725 4836 1778 4881 et
1819 4825 2107 4897 Jacobum,

537 4913 590 4958 et
619 4903 888 4960 Joamiem
925 4907 1150 4963 fratrem
1182 4911 1336 4979 ejus:
1381 4921 1436 4966 et
1454 4913 1604 4968 ducit
1631 4915 1753 4970 illos
1779 4917 1834 4971 in
1868 4929 2108 4974 montem

2223 4546 2439 4617 πρῶτον
2471 4547 2571 4619 μὲν
2593 4587 2608 4612 ,
2639 4549 2738 4612 τὰς
2771 4549 2922 4613 θείας
2947 4551 3348 4624 ἀναπτύξωμεν
3381 4553 3588 4611 δέλτους
3608 4563 3622 4578 ⁸
3651 4541 3749 4597 εἶτα

2219 4639 2356 4709 πρὸς
2383 4639 2444 4692 τὸ
2476 4640 2618 4712 ἱερὸν
2647 4641 2993 4706 ἀτενίσαντες
3027 4643 3288 4714 Γράμμα,
3307 4645 3397 4700 τὸν
3423 4639 3746 4707 ἀποκείμενον

2215 4730 2610 4803 ψηλαφήσομεν
2636 4733 2888 4790 πλοῦτον.

2293 4840 2311 4873 ι
2350 4823 2802 4895 Παραλαμϐάνει,
2827 4827 3012 4898 φησὶν,
3041 4829 3070 4882 ὁ
3094 4828 3302 4900 Ἰησοῦς
3328 4829 3418 4882 τὸν
3447 4823 3636 4919 Ιίέτρον
3664 4810 3742 4919 tth

2229 4912 2484 4967 Ἰάκωϐον
2530 4915 2624 4968 καὶ
2663 4915 2919 4988 Ἰωάννην
2951 4919 3044 4972 τὸν
3075 4919 3304 4989 ἀδελφὸν
3333 4914 3518 4978 αὑτοῦ,
3549 4912 3632 4964 καὶ
3664 4912 3742 4956 ἀν·

535 4999 809 5052 excelsum
828 5015 1075 5056 seorsum
1097 5019 1113 5056 :
1134 5011 1184 5056 et
1199 5007 1618 5074 transﬁguratus
1645 5017 1729 5061 est
1749 5020 1874 5064 ante
1893 5026 1988 5066 eos
2007 5012 2070 5066 ³¹.
2084 5031 2104 5065 ι

2234 5003 2336 5072 ἱγει
2359 5003 2557 5068 αὐτοὺς
2577 5006 2656 5069 εἰς
2685 5005 2812 5078 ὅρος
2836 5007 3036 5078 ὑψηλὸν
3065 5009 3190 5062 κατ’
3213 5010 3367 5072 ίδίαν,
3393 5005 3479 5060 καὶ
3504 5006 3738 5072 μετεμορ-

535 5083 778 5136 Primum
835 5097 1014 5140 autem
1055 5089 1101 5142 si
1169 5088 1338 5154 lubet,
1401 5106 1498 5145 cur
1553 5093 1725 5149 tribus
1755 5096 1875 5151 istis
1899 5106 2106 5153 tantum

535 5177 858 5244 assumptis,
911 5181 1190 5246 apostolos
1235 5183 1475 5253 reliquos
1521 5185 1780 5252 dimittat,
1809 5189 2107 5246 videamus.

536 5264 668 5320 Erat
707 5267 972 5321 revelatio
1018 5285 1138 5338 quae
1203 5273 1432 5327 multant
1510 5275 1777 5334 incuteret
1820 5281 2108 5350 timorem;

2216 5095 2372 5166 φώθη
2426 5096 2734 5168 ἔμπροσθεν
2785 5100 2989 5155 αὐτῶν.
3030 5120 3051 5154 ι
3113 5103 3224 5156 Καὶ
3271 5105 3318 5156 εί
3366 5098 3511 5155 δοκεῖ
3555 5087 3737 5158 πρῶτον

2215 5191 2581 5259 σκοπήσωμεν
2597 5191 2773 5255 ’τινος
2799 5191 2988 5248 ἕνεκεν
3011 5192 3234 5259 τούτους
3259 5194 3382 5256 τοὺς
3409 5189 3548 5260 τρεῖς
3570 5180 3736 5252 μόνους

2209 5279 2544 5351 παραλαδὼν
2569 5321 2584 5348 ,
2629 5285 2756 5348 τοὺς
2789 5285 3014 5350 λοιποὺς
3059 5283 3170 5340 τῶν
3213 5282 3520 5340 ἀποστόλων
3549 5270 3729 5338 ἀφίησι·

537 5361 817 5429 prophetis
866 5361 1177 5416 clanculum
1255 5370 1749 5436 concurrentibus,
1805 5373 2111 5431 collucente

2234 5370 2381 5441 Ῑολὺν
2403 5373 2436 5440 ἡ
2464 5373 2810 5443 ἀποκάλυψις
2838 5375 3012 5453 ἐποίει
3037 5377 3130 5431 τὸν
3163 5377 3345 5446 φόϐον,
3377 5361 3730 5456 συντρεχόντωγ

537 5448 703 5514 nube,
765 5449 1076 5522 fulgurante
1120 5453 1329 5521 habitu,
1388 5457 1570 5514 vultus
1610 5461 1899 5528 splendore
1946 5464 2112 5532 iubar

2234 5462 2510 5532 προφητῶν
2546 5465 2792 5538 ἀοράτως
2814 5485 2828 5499 ⁵
2861 5448 3207 5540 φὼτιζούσης
3242 5467 3496 5537 νεφέλης·
3535 5448 3727 5552 EGB-ii???
3752 5488 3758 5500 .

535 5549 832 5611 utrumque
881 5542 1176 5612 plurimum
1206 5556 1518 5614 superante,
1567 5549 1839 5607 clamante.
1865 5551 1932 5607 de
1965 5553 2110 5608 nube

2234 5557 2672 5628 ιστραπτούσηςσ
2720 5563 2820 5633 τῆς
2867 5563 2934 5616 ἐκ
2970 5562 3063 5616 τοῦ
3107 5564 3397 5636 προσώπου
3428 5541 3726 5622 λαμπηδένθε

603 5695 648 5726 η
677 5693 874 5764 Ephes.
897 5714 952 5762 ν,
988 5701 1040 5753 9.
1117 5700 1163 5734 ’³
1192 5697 1211 5753 l
1238 5698 1398 5755 Joan.
1437 5718 1474 5768 ι,
1506 5703 1559 5758 l.
1637 5706 1681 5738 ³⁰
1712 5705 1817 5762 Isa.
1844 5720 1904 5772 ll,
1931 5705 1984 5760 5.
2063 5707 2106 5740 ³¹

2234 5709 2336 5766 tth.
2381 5725 2518 5780 xvu,
2563 5713 2618 5769 l.

1629 5920 1658 5930 .-
