4038 6274
259 347 410 416 1.257

1020 347 1276 410 SERMO
1302 347 1364 408 II
1399 346 1483 410 IN
1511 339 2369 414 iTRANSFIGURATIONEM
2413 341 2480 406 D-
2505 344 2576 405 N.
2612 345 2668 406 Ι.
2704 343 2766 404 C.

3381 341 3519 404 1258

257 460 652 534 ὑπερνικώσης
689 459 951 533 ἑκάτερον
991 459 1228 530 φέγγοςο
1261 458 1471 531 βοώσης
1505 459 1570 512 ὲκ
1613 455 1710 510 τοῦ
1746 456 1837 511 νέ-

1962 470 2072 512 voce
2109 465 2359 528 paterna,
2393 455 2882 527 Unigenitumque,
2918 460 3262 508 contestante
3294 451 3516 522 Filium,

257 573 404 626 φους
436 555 534 626 τῆς
563 555 840 626 πατρικῆς
871 553 1092 624 φωνῆς,
1137 552 1236 606 καὶ
1287 551 1366 624 τῷ
1398 550 1700 620 Μονογενεῖ
1737 547 1838 620 τὴν

255 647 720 718 εύδοκιμηθεϊσαν
747 645 1140 718 μαρτυρούσης
1151 634 1406 716 ὐίότητα.
1434 645 1623 707 Ὅπως
1641 636 1734 696 οὖν
1763 639 1840 713 μὴ
1872 674 1875 676 -

255 742 332 810 τῇ
371 739 584 810 ταραχῇ
623 737 734 792 τῶν
781 737 995 792 πολλῶν
1034 737 1342 791 εκπτυστον
1389 733 1498 808 πρὸ
1535 733 1730 806 καιροῦ
1780 733 1842 787 τδ

259 831 572 902 μυστήριον
596 827 853 900 γένηται,
884 826 1106 892 τούτους
1153 826 1350 896 μόνους
1385 821 1837 893 παραλαμϐάνειο

255 919 360 984 οὓς
381 921 477 974 καὶ
494 919 860 992 θερμοτέρους
879 917 1120 990 ἐραστὰς
1141 916 1286 988 ἔχειν
1310 915 1614 996 ἠπίστατοῂ
1641 909 1724 976 οἷς
1749 911 1843 966 καὶ

256 1011 328 1066 τὸ
353 1009 696 1082 ἐχεμυθῆσαι
735 1008 1172 1081 παρῄνεσε,⁸καὶ
1197 1005 1372 1079 μέχρι
1399 1005 1495 1076 τῆς
1526 1007 1591 1058 ὲκ
1628 1001 1843 1074 νεκρῶν

259 1103 618 1166 ἀναστάσεως
655 1102 847 1173 μηδενὶ
873 1101 974 1172 τὴν
998 1098 1238 1170 φοϐερὰν
1278 1098 1497 1168 εκείνην
1532 1097 1724 1169 ὅρασιν
1757 1093 1844 1159 ἒξ-

259 1194 604 1266 αγορεῦσαιο
645 1191 740 1258 οὓς
786 1191 881 1246 καὶ
927 1191 1018 1246 διὰ
1053 1191 1214 1246 τοῦτο
1257 1190 1395 1262 πρὸς
1431 1191 1530 1260 τὴν
1576 1187 1844 1259 ἐσομένην

259 1275 537 1340 ὀπτασίαν
577 1283 911 1354 παρέλαϐεν,
945 1281 1136 1354 ἐπειδὴ
1168 1281 1376 1351 σφόδρα
1405 1279 1487 1350 τῷ
1515 1279 1653 1349 πρὸς
1679 1277 1846 1332 αὑτὸν

259 1375 654 1448 διακεχυμένοι
699 1374 850 1446 πόθῳ
872 1415 889 1443 ,
917 1372 1108 1436 δεινῶς
1150 1372 1419 1443 ηθύμουν,
1455 1369 1846 1442 διαλεγομένου

262 1469 366 1524 καὶ
395 1467 759 1538 προλέγοντος
793 1466 862 1520 τὰ
887 1465 1018 1536 περὶ
1048 1463 1145 1519 τοῦ
1179 1462 1388 1530 πάθους
1420 1462 1736 1526 ἀκούοντες.

341 1535 588 1634 Πρόσεχε
619 1555 719 1613 οὖν
742 1559 861 1623 πῶς
883 1535 1146 1629 δυο-φορεῖ
1173 1556 1310 1630 πρὸς
1350 1555 1451 1626 τὴν
1501 1555 1707 1609 τούτων
1757 1552 1848 1618 ἐξ·
1880 1535 1890 1543 ’

264 1653 472 1724 ήγησιν
493 1652 522 1704 ό
562 1647 792 1720 Πέτρος.
829 1649 918 1713 Ὠς
940 1650 1052 1719 γὰρ
1078 1649 1313 1720 ἦκουσεν
1335 1647 1430 1701 -ὄτι
1469 1647 1552 1700 δεῖ
1576 1643 1739 1700 αὐτὸν
1768 1645 1849 1707 είς

283 1739 641 1811 Ἱεροσόλυμα
688 1739 956 1804 ἀνελθεῖν,
1005 1740 1102 1793 καὶ
1146 1738 1319 1792 πολλὰ
1356 1737 1548 1792 παθεῖν
1597 1737 1707 1792 ἀπὸ
1739 1738 1851 1806 τῶν

1937 544 1993 600 in
2015 559 2126 616 quo
2147 545 2530 616 complaceret.
2561 543 2641 600 Ne
2669 557 2802 616 ergo
2821 541 3058 614 plurium
3085 541 3396 599 turbatione
3423 557 3518 599 sa-

1937 646 2303 718 cramentum,
2333 647 2460 694 ante
2489 644 2706 709 tempus
2757 634 3126 693 inconsultius
3149 645 3518 706 promeretur,

1939 728 2041 786 hos
2078 737 2288 786 tantum
2346 731 2618 795 assumit,
2667 743 2810 800 quos
2832 731 2996 785 etiam
3025 727 3386 785 lerventiores
3417 745 3521 785 no-

1938 832 2094 878 verat
2145 823 2350 877 habere
2372 833 2684 878 amatores:
2743 821 2947 892 quibus
2987 836 3209 892 quoquc
3237 821 3520 878 silentium

1942 914 2156 980 indixit,
2191 931 2257 972 ac
2303 931 2374 972 ne
2428 915 2688 985 cuiquam
2729 915 3027 970 terribilem
3057 915 3205 971 illam
3250 916 3520 974 visionem

1943 1005 2310 1078 publicarent,
2335 1015 2462 1062 ante
2499 1007 2678 1077 ipsius
2696 1007 3152 1064 resurrectionem
3175 1022 3240 1064 ex
3267 1009 3522 1074 mortuis,

1944 1097 2202 1169 iniunxit.
2255 1096 2362 1155 Sed
2420 1107 2474 1153 et
2525 1099 2648 1154 ideo
2686 1097 2887 1154 futura:
2921 1097 3154 1156 visionis
3179 1109 3526 1171 spectatores

1946 1189 2218 1255 adhibuit,
2241 1189 2387 1260 quod
2411 1191 2722 1247 vehementi
2773 1191 2827 1246 in
2861 1205 2990 1246 eum
3045 1190 3206 1247 ell‘usi
3227 1191 3523 1260 desiderio,

1947 1283 2416 1339 tristiadmodum
2455 1293 2762 1355 moestoque
2800 1283 3020 1348 animo,
3066 1284 3422 1340 disserentem
3457 1285 3528 1340 de

1949 1387 2050 1428 sua
2077 1373 2354 1444 passione,
2377 1389 2612 1444 eamque
2625 1373 3038 1444 prmdicentem,
3073 1373 3347 1430 audirent.

2022 1542 2278 1616 Perspice
2301 1544 2469 1616 igitur
2503 1562 2666 1626 quam
2693 1545 2888 1604 Petrus
2911 1547 3294 1627 hujuscemodi
3332 1565 3530 1604 narra-

1954 1635 2158 1692 tionem
2195 1639 2426 1694 moleste
2452 1637 2642 1694 ferret.
2688 1637 2760 1694 Ut
2810 1639 2956 1695 enim
3004 1641 3215 1696 audivit
3263 1656 3530 1698 ascensu—

1955 1743 2076 1782 rum
2106 1727 2529 1802 Jerosolymam,
2561 1731 2842 1802 multaque
2886 1748 2919 1786 a
2951 1732 3309 1803 principibus
3342 1749 3530 1788 sacer-

267 1808 580 1899 ἀργζιερέων
627 1826 724 1880 καλ¹
773 1826 1170 1899 πρεσϐυτέρων
1207 1826 1302 1881 καὶ
1331 1826 1714 1899 Γραμματέων
1742 1825 1840 1880 τοῦ

1962 1819 2163 1887 lotum,
2195 1833 2250 1876 et
2293 1821 2626 1887 senioribus,
2661 1831 2718 1877 et
2745 1822 2958 1878 Scribis
2987 1825 3171 1894 populi
3199 1839 3491 1893 passurum
3511 1864 3529 1890 ,

267 1917 432 1984 λαοῦ,
483 1917 576 1970 καὶ
613 1916 1048 1988 ἀποκτανθῆναι,
1080 1917 1244 1982 εὐθὺς
1291 1917 1552 1972 κεντᾶται
1583 1917 1675 1972 τὸν
1707 1915 1854 1984 λογι-

272 2009 450 2080 σμόν·
501 2008 596 2064 καὶ
651 2008 764 2064 ἀπὸ
822 2007 1026 2081 πολλῆς
1074 2007 1375 2072 διαθέσεως
1427 2007 1672 2080 ὲπιπηδᾷ
1737 2008 1854 2072 τοῖς

269 2098 536 2171 λεχθεῖσι,
589 2096 686 2154 καὶ
731 2098 1140 2172 τολμηρότερον
1197 2097 1295 2152 τοῦ
1340 2097 1666 2173 διδασκάλου
1714 2096 1854 2152 καθ-

272 2189 530 2246 άπτεται.
557 2209 577 2243 ε
603 2190 1055 2262 Προσλαϐόμενος
1081 2189 1190 2262 γὰρ
1215 2189 1406 2256 αὐτοῦ,
1440 2191 1627 2261 φησὶν,
1652 2187 1858 2260 ἤρξατο

272 2283 541 2354 ἐπιτιμᾷν
563 2281 744 2353 αὐτῷ’
771 2279 961 2345 Ἵλεώς
1003 2298 1111 2350 σοι,
1151 2279 1350 2354 Κύριε,
1380 2281 1442 2334 ού
1475 2279 1552 2352 μὴ
1583 2278 1736 2333 ἔσται
1773 2295 1857 2333 σοι

272 2369 461 2426 τοῦτο.
497 2388 517 2422 ι
567 2365 724 2435 Εἶδες
774 2370 1020 2442 μαθητοῦ
1067 2371 1169 2442 τὴν
1212 2363 1364 2441 περϊ
1391 2369 1484 2424 τὸν
1539 2369 1858 2426 διδάσκαλον

239 2531 248 2540 ι
275 2463 548 2532 διάπυρον
576 2465 832 2534 ἀγάπην;
865 2459 1008 2528 εἶδες
1047 2461 1294 2518 διάθεσιν
1327 2463 1465 2534 πρὸς
1491 2462 1561 2516 τὰ
1588 2461 1683 2516 τοῦ
1722 2463 1862 2531 ἀγα-

275 2556 542 2625 πωμένου
571 2554 829 2626 λυπηράς
852 2626 856 2630 ι
878 2555 947 2608 τὰ
992 2555 1094 2626 τῆς
1142 2557 1457 2628 παρρησίας
1495 2553 1638 2626 ὑπὲρ
1665 2553 1862 2610 τούτου

282 2645 450 2718 μόνου
499 2647 576 2717 μὴ
619 2645 936 2716 φυλάξαντα
985 2645 1184 2717 μέτρα.
1249 2665 1268 2698 ι
1305 2645 1546 2718 Ἤρξατο
1593 2647 1859 2719 ἐπιτιμᾷν

279 2738 458 2810 αὐτῷ,
505 2739 600 2793 καὶ
643 2737 861 2807 λέγειν’
895 2737 1080 2802 Ἵλεώς
1114 2754 1221 2804 σοι,
1252 2737 1426 2807 Κύριε
1449 2777 1464 2805 ,
1493 2737 1556 2792 ού
1599 2737 1677 2810 μὴ
1707 2741 1862 2794 ἔσται

286 2847 374 2884 σοι
391 2827 569 2884 τοῦτο.
582 2847 602 2882 ι
625 2829 692 2884 Τί
716 2825 810 2884 οὖν
824 2830 852 2883 ό
870 2828 1166 2900 Δεσπότης;
1186 2830 1271 2892 Ὠς
1295 2828 1628 2894 έπιϐλαϐοὖς
1643 2828 1861 2901 ἐκείνης

286 2920 631 2976 καθάπτεται
650 2919 754 2990 τῆς
775 2919 1011 2990 φειδοῦς.
1027 2921 1102 2974 Οὐ
1129 2919 1240 2990 γὰρ
1271 2919 1535 2990 βούλομαι
1562 2919 1858 2988 φιλεῖσθαι,

287 3010 478 3081 φησὶν,
509 3010 603 3065 ἐπὶ
635 3009 744 3065 τῶν
777 3009 1118 3079 ἀγαπώντων
1150 3027 1220 3080 με
1257 3009 1454 3081 βλάϐῃ.
1491 3008 1565 3062 Τὸ
1595 3007 1730 3080 έμὺν
1758 3008 1862 3062 πά-

287 3101 402 3166 θος,
433 3099 814 3172 οίκουμενικοῦ
845 3099 1052 3162 πάθους
1116 3099 1259 3164 ῐασις
1290 3100 1524 3168 γίνεται.
1552 3097 1620 3152 Τί
1654 3115 1860 3170 παρεν-

285 3155 468 3262 οχλεϊς
517 3155 872 3264 φυτευομένῳ
913 3155 1154 3264 σταυρῷ,
1181 3155 1275 3245 τὸν
1303 3155 1567 3262 έσόμενον
1600 3189 1660 3258 ἐξ
1690 3155 1856 3246 αύτοῦ
1891 3155 1936 3214 c

287 3285 502 3356 καρπὸν
531 3283 780 3354 ἀγνοῶνς
821 3282 888 3338 Τί
916 3283 1150 3348 κωλύεις
1187 3281 1404 3354 σφαγὴν
1442 3280 1863 3352 έκνευρίζουσαν

290 3376 542 3444 θάνατον,
597 3377 698 3448 τὴν
751 3375 884 3447 περὶ
905 3363 1031 3431 ’τὸν
1079 3375 1284 3446 κόσμον
1323 3373 1546 3444 ἀγάπην
1585 3371 1681 3426 τοῦ
1727 3370 1864 3426 Θεοῦ

290 3467 534 3536 ἀγνοῶν;
555 3469 776 3540 ἀγαπᾷς
803 3469 880 3532 ὡς
909 3468 1214 3538 ἄνθρωπος,
1231 3465 1428 3536 Πέτρε.
1456 3466 1561 3518 Ἔα
1586 3464 1866 3535 σπαρῆναι

289 3561 382 3612 τὸν
437 3559 657 3624 κόκκον,
707 3560 804 3614 καὶ
863 3557 1002 3630 πρὸς
1054 3559 1148 3612 τὸν
1202 3556 1465 3626 θερισμὸν
1520 3555 1866 3624 εὐτρεπίζου.

293 3649 484 3704 Ταῦτα
520 3651 696 3718 λέγων
733 3649 920 3702 ἔπεισε
951 3647 1052 3718 μὲν
1084 3648 1178 3701 τὸν
1214 3647 1466 3718 μαθητὴν
1509 3647 1587 3718 μὴ
1613 3645 1878 3726 τοιαύτας-

293 3741 540 3808 αἰτήσεις
569 3739 648 3810 τῷ
674 3738 980 3810 διδασκάλῳ
1009 3737 1376 3810 προσφέρειν·
1411 3737 1472 3791 ού
1517 3738 1628 3806 μὴν
1651 3735 1747 3789 καὶ
1767 3734 1870 3804 τὴν

293 3829 390 3885 τοῦ
415 3829 648 3885 θανάτου
685 3829 897 3900 λύπην,
941 3829 1032 3882 διὰ
1061 3829 1122 3896 τὸ
1152 3827 1386 3900 σφοδρὸν
1415 3829 1513 3898 τῆς
1546 3826 1676 3898 περὶ
1707 3823 1870 3879 αὐτὸν

293 3923 541 3994 ἀγάπης,
583 3921 685 3990 τῆς
725 3921 940 3976 ἐκείνου
961 3919 1203 3984 διανοίας
1233 3918 1507 3987 ἐξέϐαλεν.
1550 3918 1738 3984 Ὅπως
1777 3912 1872 3970 οὖν

291 4015 382 4068 διὰ
407 4015 508 4086 τῆς
543 4013 644 4067 οὐκ
684 4015 767 4077 είς
809 4011 1030 4084 μακρὰν
1075 4011 1434 4076 ἀναστάσεως
1466 4010 1568 4082 τὴν
1613 4009 1742 4080 περὶ
1775 4006 1872 4062 τοῦ

297 4105 502 4171 πάθους
530 4105 674 4178 λάϐῃ
702 4105 1076 4177 παράκλησιν,
1107 4103 1270 4158 αὐτόν
1311 4120 1374 4156 τε
1404 4103 1500 4157 καὶ
1531 4103 1661 4166 τοὺς
1697 4117 1874 4172 παρα-

299 4199 543 4273 πλησίως
571 4197 910 4266 ἀγαπῶντας
942 4195 1280 4268 παραλαϐὼν
1301 4235 1316 4260 ,
1365 4193 1454 4248 διὰ
1496 4193 1598 4264 τῆς
1632 4192 1872 4265 φοϐερᾶς

299 4291 516 4362 ἐκείνης
544 4289 816 4363 ὀπτασίας
840 4290 902 4344 τὸ
927 4289 1155 4368 δυνατὸν
1182 4289 1282 4360 τῆς
1316 4289 1374 4342 ὲν
1405 4287 1556 4360 αύτῷ
1585 4287 1874 4341 πιστοῦται

301 4381 580 4454 θεότητος.
630 4400 649 4434 ι
689 4379 1113 4452 Μετεμορφώθη.
1143 4379 1274 4450 γὰρ,
1327 4379 1530 4450 φησὶν,
1563 4375 1872 4448 ἔμπροσθεν

299 4471 476 4536 αὐτῶν
493 4488 506 4502 ·
545 4472 637 4526 καὶ
673 4471 889 4542 ἔλαμψε
921 4471 986 4525 τὸ
1015 4471 1313 4543 πρόσωπον
1335 4469 1501 4524 αὐτοῦ
1525 4469 1600 4532 ὡς
1627 4469 1656 4520 ὁ
1679 4467 1831 4536 ἥλιος
1852 4479 1868 4495 ⁸
1901 4494 1950 4552 D

299 4564 364 4618 τὰ
389 4563 447 4618 δὲ
471 4563 666 4634 ἱμάτια
687 4563 856 4618 αὐτοῦ
881 4564 1134 4633 ἐγένοντο
1161 4563 1335 4616 λευκά
1361 4562 1438 4626 ὡς
1463 4561 1526 4615 τὸ
1547 4561 1684 4632 φῶς.
1717 4579 1736 4614 ι
1760 4586 1768 4592 ·

373 4676 392 4710 ι
421 4658 532 4712 Καὶ
580 4651 691 4712 ίδοὺ
731 4657 996 4730 ὤφθησαν
1035 4657 1221 4720 αὐτοῖς
1265 4655 1504 4726 Μωῦσῆς
1539 4655 1635 4709 καὶ
1687 4654 1872 4719 Ἠλίας

300 4751 418 4820 μετ’
457 4749 624 4804 αὐτοῦ
672 4749 1082 4813 συλλαλοῦντες.
1116 4769 1136 4802 ι
1191 4747 1550 4819 Ἐχαλίνωσεν
1589 4748 1618 4800 ό
1656 4747 1754 4818 τῆς
1795 4747 1873 4800 δι-

298 4840 591 4912 καιοσύνης
623 4841 814 4906 "mne;
839 4843 940 4914 τὴν
983 4841 1213 4912 νεφέλην
1241 4839 1336 4894 τοῦ
1378 4838 1654 4913 σώματος,
1706 4839 1800 4894 καὶ
1835 4840 1870 4910 ἡ

299 4934 458 4996 ἀκτὶς
489 4932 592 5004 τῆς
641 4931 900 5004 θεότητος
937 4933 1064 4994 τοὺς
1091 4931 1290 4996 θεατὰς
1327 4929 1730 5003 περιήστραψε.
1767 4931 1871 4983 Νε-

299 5023 438 5092 φέλη
473 5021 581 5092 γὰρ
609 5021 704 5076 τοῦ
748 5021 986 5094 ἀοράτου
1033 5019 1094 5074 τὸ
1133 5017 1412 5089 ὁρώμενον
1455 5019 1679 5090 ἔνδυμα.
1717 5015 1872 5072 Οῑδεν

310 5113 538 5176 Ἡσαΐας
561 5112 720 5166 τοῦτο
773 5112 991 5182 σαφῶς’
1041 5111 1142 5182 τὴν
1177 5113 1286 5182 γὰρ
1327 5111 1416 5164 ἐπ’
1456 5111 1732 5179 Αἴγυπτον
1775 5109 1869 5164 τοῦ

297 5203 548 5274 Σωτῆρος
578 5202 798 5274 θεωρῶν
833 5201 1096 5274 ὲνδημίαν
1125 5202 1287 5256 ποτέο
1319 5221 1338 5254 ι
1375 5200 1526 5268 Ἰδοὺ,
1562 5202 1714 5274 φησὶ,
1751 5203 1870 5256 Κύ-

299 5310 414 5363 ριος
445 5292 678 5360 κάθηται
713 5291 808 5346 ἐπὶ
831 5292 1062 5363 νεφέλης
1093 5292 1325 5362 κούφης,
1367 5291 1461 5344 καὶ
1505 5289 1624 5360 ἥξει
1666 5293 1746 5356 είς
1777 5289 1868 5344 Αἴ-

297 5399 524 5453 γυπτον.
556 5383 664 5438 Καὶ
693 5382 804 5436 ἰδοὺ
829 5381 990 5453 ὤφθη
1017 5381 1203 5445 αὐτοῖς
1245 5381 1488 5451 Μωῦσῆς
1540 5381 1636 5434 καὶ
1683 5379 1870 5443 Ἠλίας

304 5474 420 5546 μετ’
444 5475 611 5528 αὑτοῦ
649 5473 1062 5538 συλλαλοῦντες.
1100 5495 1118 5526 ι
1149 5475 1260 5544 Τῆς
1286 5475 1394 5545 γὰρ
1427 5473 1680 5543 θεότητος
1703 5470 1868 5525 αὐτοῦ

301 5564 442 5640 ἦσαν
465 5565 764 5642 ἀχώριστοι
795 5567 1050 5623 πάντοτε.
1092 5568 1248 5622 Διατί
1295 5567 1352 5620 δὲ
1386 5568 1479 5620 καὶ
1521 5567 1662 5637 ὑπὲρ
1695 5567 1870 5620 πάντα

372 5763 418 5793 ³³
451 5759 646 5814 Matth.
681 5765 906 5823 “1.23.
985 5763 1029 5794 ³³
1067 5761 1260 5817 Matth.
1299 5779 1436 5829 xvtt,
1463 5761 1518 5816 9..
1599 5760 1642 5792 ³⁸
1669 5758 1800 5815 ibid.
1825 5757 1882 5812 5.

621 5852 888 5914 ΡΑτιιοι..
921 5855 1035 5916 GR.
1077 5854 1358 5917 XCVIII.

1952 1921 2116 1983 atque
2147 1913 2534 1981 occidendum,
2590 1915 2774 1970 statim
2821 1915 3010 1972 animo
3037 1915 3324 1988 pungitur,
3353 1932 3535 1989 exque

1954 2002 2124 2058 multa
2165 2001 2460 2061 all‘ectione
2502 2004 2665 2062 dictis
2721 2005 2916 2076 insilit,
2962 2021 3030 2063 ac
3083 2006 3313 2063 liberius
3359 2005 3534 2080 Magi-

1954 2095 2134 2150 strum
2167 2095 2362 2166 carpit.
2396 2115 2416 2148 ι
2453 2085 2756 2156 Assumens
2779 2098 2927 2153 enim
2949 2113 3098 2166 eum,
3133 2099 3336 2170 inquit,
3368 2100 3536 2170 coepit

1953 2186 2241 2260 increpare
2267 2189 2446 2258 illum,
2486 2190 2710 2247 dicens:
2767 2190 2927 2248 Absit
2955 2207 2988 2246 a
3017 2201 3092 2256 te,
3141 2191 3392 2260 Domine,
3422 2207 3532 2250 non

1955 2281 2062 2336 erit
2089 2281 2190 2338 tibi
2221 2281 2328 2337 hoc
2359 2283 2421 2336 ³⁸.
2456 2299 2476 2334 ι
2527 2279 2781 2339 Vidistin’
2811 2297 3102 2340 accensam
3161 2283 3418 2354 discipuli
3479 2284 3536 2339 in

1957 2367 2282 2441 Magistrum
2315 2369 2666 2428 dilectionem
2689 2371 2720 2426 ἲ
2772 2369 3029 2429 Vidistin’
3057 2381 3120 2428 ut
3139 2373 3325 2429 dilecti
3363 2374 3537 2430 tristi-

1957 2460 2064 2516 bus
2093 2460 2441 2517 adiceretur?
2467 2469 2527 2517 ut
2562 2462 2616 2516 in
2653 2463 2760 2518 hoc
2799 2469 3011 2519 tantum
3039 2465 3220 2535 iustos
3249 2464 3542 2522 excederet

1959 2551 2228 2608 libertatis
2266 2553 2484 2611 modos.
2532 2571 2552 2606 ι
2590 2552 2768 2624 Coepit
2819 2555 3108 2625 increpare
3136 2555 3314 2622 illum,
3355 2567 3410 2611 et
3447 2558 3536 2612 di-

1963 2657 2114 2700 cere:
2145 2641 2304 2712 Absit
2329 2657 2360 2698 a
2384 2651 2458 2709 te,
2479 2641 2732 2712 Domine,
2775 2657 2879 2698 non
2919 2643 3024 2698 erit
3051 2643 3146 2698 tibi
3189 2643 3311 2700 hoc.
3345 2662 3365 2696 ι
3395 2641 3538 2712 Quid

1961 2718 2092 2805 ergo
2143 2725 2445 2790 Dominus?
2505 2732 2664 2788 Velut
2731 2733 3104 2804 perniciosam
3149 2733 3540 2805 impcnsiorem

1961 2827 2236 2906 ejusmodi
2291 2843 2482 2884 curam
2547 2828 2888 2900 perstringit.
2939 2827 3056 2883 Non
3121 2829 3293 2895 enim,
3334 2829 3537 2902 inquit,

1962 2920 2086 2975 volo
2131 2921 2328 2986 amari,
2387 2935 2514 2976 cum
2566 2920 2772 2976 damno
2817 2919 3186 2990 diligentiam.
3223 2915 3336 2976 Mea
3389 2937 3539 2978 mors

1961 3011 2112 3066 orbis
2134 3013 2301 3067 totius
2335 3011 2581 3067 medetur
2615 3010 2802 3065 morti.
2832 3009 2972 3078 Quid
3005 3012 3269 3068 molestus
3297 3027 3358 3068 es
3384 3013 3543 3082 plan-

1969 3103 2145 3156 tandae
2175 3101 2350 3167 cruci,
2384 3101 2476 3171 qui
2505 3099 2750 3156 futurum
2783 3117 2848 3156 ex
2871 3101 2990 3171 ipsa
3020 3100 3259 3158 fructum
3293 3103 3544 3174 ignoras?

1966 3191 2108 3259 Quid
2139 3191 2233 3248 Dei
2281 3208 2409 3264 erga
2443 3193 2706 3249 mundutn
2761 3192 3110 3250 dilectionem
3143 3195 3416 3261 nesciens,
3443 3211 3544 3250 ne-

1966 3301 2084 3341 cem
2151 3285 2435 3354 prohibes,
2489 3301 2598 3356 qua
2659 3301 2809 3341 mors
2873 3285 3274 3342 enervabitur?
3324 3286 3542 3358 Diligis,

1967 3375 2148 3442 Petre,
2197 3376 2342 3432 sicut
2392 3377 2580 3432 homo.
2605 3375 2737 3432 Sine
2779 3379 2960 3448 spargi
2989 3393 3243 3448 granum,
3277 3386 3436 3448 teque
3475 3379 3547 3434 ad
3591 3446 3595 3448 _

1969 3484 2204 3541 messem
2255 3485 2536 3539 compara.
2568 3469 2664 3526 His
2711 3470 2934 3539 quidem
2967 3471 3147 3526 suasit
3169 3471 3460 3542 discipulo,
3489 3481 3550 3526 ut
3580 3462 3584 3466 λ

1969 3574 2039 3614 ne
2065 3557 2328 3630 Magistro
2349 3559 2735 3628 hujuscemodi
2789 3575 2978 3628 preces
3029 3561 3364 3631 porrigeret;
3399 3565 3546 3618 haud

1971 3657 2152 3704 tamen
2195 3651 2390 3706 mortis
2421 3649 2694 3704 tristitiam
2745 3650 2817 3704 ob
2856 3651 3242 3720 impensiorem
3275 3653 3328 3706 in
3365 3653 3545 3722 ipsum

1973 3739 2340 3806 dilectionem,
2369 3741 2554 3794 animo
2581 3739 2810 3810 depulit.
2845 3741 2917 3797 Ut
2961 3741 3130 3812 igitur
3173 3757 3239 3798 ex
3300 3759 3549 3800 resurre-

1973 3831 2176 3895 ctione,
2204 3845 2327 3901 quze
2388 3845 2496 3886 non
2545 3831 2836 3884 admodum
2864 3829 3162 3886 dill'erenda
3201 3842 3368 3899 esset,
3401 3835 3550 3890 sola-

1976 3934 2097 3974 men
2159 3919 2384 3989 aliquod
2441 3933 2541 3990 pro
2583 3906 2839 3989 passione
2883 3920 3224 3991 perciperet,
3262 3934 3549 3996 assumpto

1975 4009 2087 4076 illo,
2116 4025 2182 4064 ac
2213 4009 2283 4064 iis
2341 4011 2434 4080 qui
2465 4009 2701 4078 proximi
2747 4010 3039 4066 dilectione
3077 4024 3285 4080 essent,
3318 4017 3549 4072 terribili

1976 4091 2068 4155 illa
2091 4101 2308 4157 visione
2337 4101 2478 4172 ejus,
2512 4116 2636 4172 quae
2665 4108 2784 4156 erat
2835 4101 2890 4156 in
2922 4103 3063 4172 ipso,
3087 4103 3412 4171 divinitatis,
3451 4124 3552 4178 po-

1977 4193 2202 4250 tentiam
2239 4195 2460 4250 astruit.
2501 4213 2518 4245 ι
2555 4193 3002 4263 Transﬁguratus
3031 4185 3202 4266 enim,
3233 4198 3431 4268 inquit,
3467 4211 3552 4257 est

1975 4293 2104 4340 ante
2123 4300 2250 4342 eos:
2297 4293 2354 4340 et
2407 4284 2684 4358 splenduit
2729 4283 2898 4342 facies
2937 4287 3059 4356 ejus
3089 4287 3231 4344 sicut
3257 4291 3360 4355 sol,
3386 4293 3553 4347 vesti-

1978 4386 2162 4432 menta
2201 4383 2384 4458 autem
2405 4375 2525 4446 ejus
2555 4375 2694 4430 facta
2724 4384 2854 4431 sunt
2883 4377 3004 4432 alba
3033 4379 3174 4432 sicut
3207 4380 3296 4434 nix
3329 4380 3394 4434 ³³.
3419 4398 3438 4431 ι

2053 4662 2073 4695 ‹
2103 4643 2168 4700 Et
2191 4659 2318 4700 ecce
2336 4653 2711 4714 apparuerunt
2742 4643 2850 4700 illis
2887 4642 3105 4716 Moyses
3135 4643 3402 4713 et-Elias,
3425 4662 3550 4701 cum

1975 4753 2040 4793 eo
2063 4738 2350 4808 loquentes
2379 4738 2444 4791 ³⁸..
2482 4756 2500 4789 ι
2539 4737 2633 4792 Sol
2661 4737 2890 4808 justitiae
2949 4738 3197 4806 corporis
3228 4739 3554 4809 compressit
3607 4754 3626 4789 ·.

1977 4831 2198 4897 nubem,
2236 4829 2529 4901 radiusque
2577 4821 2880 4886 divinitatis
2937 4838 3276 4902 spectatores
3316 4831 3552 4886 circmn-

1977 4921 2148 4978 fulsit.
2187 4921 2366 4978 Nubes
2417 4923 2586 4988 enim,
2619 4922 2738 4994 ejus
2792 4923 3079 4992 quodnon
3131 4922 3319 4978 subest
3353 4923 3550 4989 oculis,

1981 5011 2287 5080 subjectum
2315 5011 2488 5066 oculis
2518 5010 2899 5066 indumentum
2927 5021 3068 5066 erat.
3105 5007 3264 5068 Novit
3299 5008 3402 5064 Itoc
3433 5024 3558 5080 per-

1977 5107 2165 5177 spicue
2220 5103 2424 5170 Isaias;
2455 5101 2695 5157 futurum
2745 5103 2891 5157 enim
2928 5102 3258 5173 quandoque
3306 5101 3362 5156 in
3393 5100 3556 5174 Egy-

1979 5209 2129 5271 ptum
2161 5205 2428 5252 contuens
2455 5193 2756 5248 Salvatoris
2783 5192 3079 5248 adventum
3107 5209 3164 5246 :t
3198 5190 3341 5247 Ecce
3365 5191 3556 5246 Domi-

1979 5308 2102 5355 nus,
2146 5289 2344 5359 inquit,
2386 5287 2540 5342 sedet
2583 5302 2752 5358 super
2783 5286 2981 5342 nubem
3037 5285 3234 5350 levem,
3275 5293 3330 5340 et
3373 5284 3558 5340 veniet

1979 5385 2031 5439 in
2053 5379 2346 5453 Egyptum
2365 5380 2435 5436 ⁸³.
2449 5397 2466 5430 ι
2480 5397 2571 5428 -‹
2585 5377 2648 5433 Et
2673 5393 2803 5434 ecce
2827 5383 3200 5450 apparuerunt
3221 5375 3330 5430 illis
3343 5373 3558 5446 Moyses

1977 5484 2033 5532 et
2067 5473 2382 5538 Elias,cum
2445 5486 2510 5525 eo
2569 5471 2877 5540 loquentes.
2913 5487 2933 5522 ι
2989 5467 3272 5538 Nusquam
3304 5465 3450 5519 enim
3489 5463 3558 5517 ab

1979 5569 2099 5638 ejus
2127 5563 2412 5622 divinitate
2425 5562 2656 5632 scjuucti
2685 5569 2862 5620 erant.
2895 5559 3312 5627 Quorsumvero
3343 5553 3558 5626 Moyses

1961 5758 2004 5815 ³⁸
2049 5756 2154 5812 Isa.
2192 5770 2308 5822 xIx,
2347 5753 2396 5810 Ι.

3113 5841 3186 5902 50
