4038 6274
586 410 724 477 1263

1713 402 2163 467 PANTALEON
2176 402 2242 462 [S
2269 397 2582 462 DIACO‘NI
2617 397 2724 460 CPo

3685 393 3788 462 1913i

584 531 874 600 ignemque
905 525 1085 580 ferens
1117 523 1324 592 lampas
1349 519 1670 586 divinitatis,
1705 535 1828 592 quae
1855 526 1938 574 est
1957 515 2160 588 princi-
2187 519 2230 574 Α
2263 527 2384 568 sere
2414 509 2584 566 habiti
2617 509 2856 573 fuerant,
2905 505 2959 560 in
2995 505 3273 576 regionem
3309 502 3544 574 patriam
3577 505 3788 566 restituit,

583 625 734 693 pium
787 620 945 685 lucis,
996 618 1266 687 unicaque
1303 627 1356 671 et
1396 615 1536 670 trina
1591 623 1646 669 et
1685 613 1904 669 subtilis
1952 620 2161 666 natura:

583 713 909 770 constitutio
945 730 958 764 :
991 711 1085 782 qui
1118 722 1272 764 terra:
1298 707 1432 763 ﬁnes
1462 708 1578 763 obit
1604 695 1875 770 celeriter,
1899 712 1954 760 et
1981 703 2068 773 pie
2095 704 2162 758 iis

582 807 784 878 quibus
843 805 961 858 vult
1025 803 1166 858 Deus
1219 813 1370 856 muta
1428 801 1600 870 ﬁgura
1650 810 1894 868 apparet.
1937 795 2041 863 Qui
2095 797 2163 852 ad

585 897 897 954 Cetleonem
921 895 1120 951 solaris
1147 893 1323 948 instar
1353 891 1494 947 radii
1525 891 1690 956 venit,
1715 899 1768 944 et
1796 889 1866 944 ab
1893 889 2012 958 ipso
2043 897 2163 942 tan-

585 1003 750 1059 quam
781 987 1000 1042 divinus
1035 995 1088 1040 et
1121 983 1363 1040 cmleStis
1395 981 1622 1052 angelus
1654 981 1754 1034 fuit
1775 981 2038 1035 adoratus
2069 997 2083 1032 :
2110 987 2166 1033 et

587 1080 749 1148 ignea
793 1077 942 1146 virga
972 1086 1232 1144 tanquam
1281 1073 1664 1128 holocaustum
1709 1069 2051 1140 consumpsit
2083 1068 2163 1123 ci-

589 1174 718 1227 bum
758 1185 920 1234 quem
952 1169 1255 1232 obtulerat;
1294 1175 1348 1220 et
1376 1181 1501 1220 eum
1527 1181 1652 1219 cum
1686 1163 1944 1218 trecentis
1985 1163 2165 1217 solum

591 1262 1004 1333 impotentibus.
1047 1258 1423 1314 corroboravit
1470 1257 1734 1312 adversus
1781 1255 2022 1322 maxime
2063 1253 2166 1307 im-

591 1357 737 1426 piam
771 1363 826 1410 et
871 1353 1135 1409 inﬁnitam
1193 1351 1613 1406 Madianitarum
1663 1347 2066 1402 multitudinem
2096 1346 2162 1398 ⁸⁸.

592 1449 844 1514 Michael,
874 1449 1110 1502 maxime
1140 1444 1484 1516 perspicuum
1515 1441 1998 1513 purissimumque,
2015 1447 2070 1492 et
2099 1438 2168 1492 ab

593 1542 745 1596 onnti
773 1540 992 1595 macula
1037 1539 1276 1592 alienum
1311 1537 1595 1606 speculum
1643 1533 1937 1590 ineﬁ'abilis
1980 1539 2037 1586 et
2065 1530 2170 1589 im-

595 1651 798 1690 mensae
848 1630 1272 1703 pulchritudinis
1327 1627 1498 1684 divini
1547 1637 1600 1684 et
1655 1627 1871 1681 fontani
1923 1625 2058 1680 radii
2116 1635 2171 1680 et

597 1727 932 1797 splendoris;
965 1733 1017 1778 et
1047 1731 1264 1777 acutum
1305 1721 1475 1776 telum
1512 1719 1750 1789 potentis
1783 1727 1838 1774 et
1867 1717 2048 1788 magni
2084 1733 2170 1774 re-

593 1818 679 1884 gis
711 1815 824 1872 Dei.
863 1813 967 1881 Qui
995 1814 1274 1883 prophetae
1296 1809 1510 1865 Natban
1533 1809 1788 1880 apparuit
1814 1809 2168 1878 resplenden-

594 1923 706 1966 tcm
739 1918 932 1963 tenens
983 1907 1250 1968 lanceam,
1292 1912 1348 1958 et
1383 1903 1434 1958 ei
1467 1901 1708 1956 animum
1751 1901 1960 1956 addidit
1985 1900 2053 1955 ad
2085 1914 2172 1953 ar-

570 2002 872 2075 guendum
908 1999 999 2054 Dei
1029 2005 1307 2069 parentem
1351 1995 1541 2060 David,
1582 2003 1804 2064 propter
1835 1993 2044 2064 lapsum
2077 1991 2173 2062 qui

597 2093 923 2150 acciderat:
973 2100 1027 2144 et
1080 2089 1190 2143 cito
1235 2093 1296 2140 ut
1338 2085 1606 2140 bonorum
1657 2081 1867 2136 amicus
1926 2079 2172 2146 recessit,

599 2186 842 2258 quando,
881 2181 1155 2237 «Peccavi
1187 2178 1416 2234 Domino
1435 2175 1504 2244 δ”,
1543 2194 1564 2230 ο
1597 2190 1664 2231 ex
1694 2171 1967 2244 profundo
1991 2171 2175 2229 cordis

595 2295 624 2334 a
666 2278 834 2335 David
866 2291 990 2348 rege
1017 2273 1208 2330 audiit.

673 2413 905 2470 Michael
932 2427 1125 2482 purum
1149 2417 1200 2464 et
1228 2423 1396 2479 capax
1419 2403 1829 2475 receptaculum
1852 2399 2180 2458 beatissima:

601 2515 743 2568 lucis
769 2508 1072 2569 eﬂ'usionis,
1105 2515 1156 2560 et
1185 2505 1380 2559 divinae
1409 2497 1850 2560 illuminationis,
1879 2503 1934 2550 et
1978 2494 2180 2550 acutis-

601 2608 780 2660 simus
808 2611 864 2655 et
887 2595 1301 2670 pcrnicissimus
1331 2592 1544 2662 gladius
1576 2589 1628 2643 in
1658 2603 1753 2643 eos
1791 2587 1884 2657 qui
1928 2583 2182 2654 blasphe-

603 2704 759 2754 ntant
788 2692 1098 2748 Dominum.
1129 2687 1232 2754 Qtti
1257 2694 1478 2768 centum
1507 2689 1563 2736 et
1593 2677 1989 2750 quinquaginta
2022 2675 2181 2746 quin-

605 2803 713 2859 que
748 2785 918 2840 millia
965 2767 1291 2838 exsecrandi
1335 2785 1392 2830 et
1437 2773 1588 2843 impii
1635 2769 2009 2828 Sennachcrib
2037 2767 2182 2839 regis

607 2877 959 2949 Assyriorum
1003 2874 1058 2928 in
1097 2885 1208 2926 uno
1234 2876 1514 2923 momento
1543 2873 1709 2920 noctu
1747 2871 1924 2938 morte
1951 2861 2132 2916 affecit
2164 2877 2180 2914 :

609 2980 663 3024 et
692 2969 762 3023 ab
787 2967 907 3037 ejus
935 2963 1212 3035 tyrannide
1237 2957 1488 3032 liberavit
1510 2957 1658 3026 pium
1683 2968 1862 3024 regem
1893 2949 2180 3006 Ezechiam

610 3077 736 3118 cum
769 3059 988 3113 civitate
1012 3051 1314 3106 Jerusalem
1335 3051 1404 3102 ⁵⁸.
1439 3045 1688 3117 Michael,
1723 3045 1814 3114 qui
1852 3051 1936 3098 est
1967 3041 2183 3096 lucidus

611 3163 668 3209 et
702 3149 945 3208 candens
977 3145 1237 3215 Spiritus,
1272 3140 1582 3208 multosque
1628 3137 1839 3190 habens
1890 3134 2078 3190 oculos
2128 3141 2185 3190 et

611 3239 1049 3315 potentissimus.
1079 3244 1132 3290 et
1160 3233 1230 3288 ab
1259 3231 1411 3287 omni
1441 3227 1709 3284 materiali
1736 3226 2075 3297 apparitione
2104 3241 2190 3281 re-

613 3344 824 3398 motus,
853 3337 908 3385 et
943 3327 1145 3383 nullam
1179 3323 1406 3379 omnino
1435 3319 1729 3374 admittens
1757 3317 2186 3388 corruptionem;

612 3425 712 3496 qui
760 3437 869 3477 una
897 3433 1023 3474 cum
1052 3415 1246 3472 Azaria
1274 3421 1328 3468 et
1360 3409 1586 3481 reliquis
1622 3409 1921 3481 symbolice
1950 3407 2192 3462 ascendit

619 3518 677 3571 in
725 3514 1045 3570 fornacem:
1075 3517 1130 3563 et
1163 3516 1276 3562 tres
1321 3503 1558 3559 maxime
1593 3502 1712 3573 pios
1741 3515 1942 3572 pueros
1991 3500 2192 3554 illaesos

617 3604 968 3672 conservavit
1013 3610 1114 3657 :et
1163 3596 1345 3655 divina
1397 3595 1580 3666 specie
1610 3603 1950 3670 conspectus
1992 3608 2020 3648 a
2070 3607 2194 3662 rege

625 3699 1152 3758 Nabuchodonosor,
1175 3705 1295 3745 eum
1325 3703 1520 3758 magna
1544 3683 1721 3740 aﬂ'ecit
1744 3685 2106 3738 admiratione
2125 3683 2192 3738 “.

621 3791 1238 3858 Ilichael,quiversatur
1255 3781 1307 3833 iu
1338 3777 1512 3842 caelis,
1537 3785 1591 3830 et
1604 3777 1856 3832 aetherem
1879 3775 2048 3830 ambit
2078 3785 2197 3830 tan-

623 3896 790 3954 quam
822 3875 1011 3948 pernix
1035 3872 1324 3942 fulgur;.et
1349 3868 1662 3924 universam
1683 3880 1804 3936 quae
1825 3875 1909 3921 est
1931 3865 2032 3920 sub
2057 3865 2198 3921 coelo

621 3952 830 4030 terram
861 3981 978 4022 .uno
1027 3971 1304 4019 momento
1353 3957 1616 4030 pervadit,
1670 3957 1899 4027 piosque
1933 3956 2028 4024 qui
2067 3952 2200 4009 ami-

631 4075 832 4138 guntur
861 4059 1027 4122 atltlit,
1063 4059 1274 4108 recreat
1304 4058 1357 4104 et
1380 4047 1731 4114 consolatur;
1753 4045 1846 4114 qui
1881 4045 2200 4116 prophetam

633 4136 906 4211 Danielem
941 4151 994 4204 in
1026 4148 1204 4202 lacum
1255 4157 1349 4214 per
1383 4140 1639 4210 injuriam
1689 4137 1996 4207 conjeCtum
2027 4136 2200 4191 celer-

631 4249 772 4301 rime
798 4237 1162 4303 conservavit,
1191 4245 1246 4290 et
1273 4246 1540 4290 saevorum
1576 4229 1794 4282 leonum
1834 4242 1928 4282 ora
1959 4225 2204 4282 refrena—

628 4341 742 4401 vit;
785 4345 841 4391 et
889 4333 1163 4387 Habacum
1209 4324 1412 4396 rapuit,
1453 4331 1507 4378 et
1545 4321 1608 4374 ad
1639 4335 1766 4374 eum
1803 4334 1927 4373 cum
1959 4318 2082 4371 cibo
2109 4331 2205 4386 pa-

633 4393 756 4486 reto
779 4445 806 4483 a
835 4425 1122 4505 Palaestina
1157 4393 1382 4474 adduxit
1419 4414 1750 4484 Babylonem
1771 4421 1826 4466 et
1856 4425 1978 4466 eum
2015 4425 2206 4466 rursus
2235 4393 2281 4448 D

635 4532 857 4594 repente
889 4519 942 4572 in
976 4501 1136 4570 suum
1165 4512 1347 4566 locum
1375 4505 1612 4562 restituit
1641 4503 1708 4558 ⁸⁷.
1743 4502 1970 4557 Michael
2001 4501 2094 4572 qui
2125 4511 2208 4555 est

628 4593 872 4684 anaguus
901 4609 1156 4680 princeps
1209 4599 1574 4672 angelicorum
1605 4596 1945 4652 exercituum
1977 4601 2032 4650 et
2059 4593 2206 4648 ordi-

639 4721 767 4761 num
815 4697 1338 4770 arcltangclicm‘um,
1369 4689 1807 4757 beatissimusque
1833 4695 1889 4742 et
1928 4687 2208 4740 immensae

634 4795 869 4868 legionis
917 4792 1395 4857 incorporeorum;
1435 4791 1489 4836 et
1516 4779 1609 4861 qui
1661 4778 1765 4833 fuit
1795 4779 1996 4832 veteris
2046 4777 2211 4850 Israel

641 4897 820 4944 rector
850 4885 944 4939 illo
979 4891 1280 4948 tempore,
1302 4887 1493 4928 recens
1522 4881 1702 4925 autem
1735 4869 1890 4925 electi
1928 4884 1956 4923 a
1987 4868 2209 4924 Christo

631 4975 1010 5050 cognominati
1063 4967 1277 5024 lsraclis
1315 4967 1426 5020 dux
1469 4963 1865 5027 validissimus,
1915 4970 1970 5016 et
2023 4969 2212 5018 custos

641 5071 974 5132 tutissimus,
997 5073 1055 5119 et
1083 5063 1276 5116 doctor
1308 5058 1396 5112 Dei
1430 5063 1848 5126 praeceptorum.
1881 5052 1983 5120 Qui
2017 5053 2214 5110 Persa-

636 5178 766 5228 srum
801 5158 1082 5231 praesidem
1117 5153 1366 5222 angelum
1389 5151 1758 5214 resistentem,
1791 5162 1859 5202 ne
1883 5162 1916 5202 a
1948 5147 2218 5218 Babylone

639 5243 1008 5310 liberarentur
1037 5245 1234 5315 captivi
1273 5242 1549 5307 lsraelitte,
1591 5239 1787 5310 repulit
1817 5247 2077 5308 tanquam
2117 5239 2214 5293 ad-

647 5342 950 5401 versarium
984 5348 1081 5394 :et
1116 5335 1360 5404 captivos
1399 5334 1491 5403 qui
1528 5329 1872 5402 septuaginta
1902 5345 2076 5384 annos
2121 5330 2220 5385 mi-

721 5457 770 5490 ⁸³
808 5453 984 5510 Judie.
1021 5449 1214 5517 vt,12,
1251 5449 1344 5502 et.
1475 5445 1520 5478 ει
1547 5443 1592 5499 ιι
1627 5443 1760 5517 Reg.
1811 5459 1928 5517 μη,
1961 5445 2044 5498 13.

649 5531 714 5587 51
750 5541 901 5595 seqq.
1011 5523 1056 5554 ⁵⁸
1083 5512 1227 5595 Dan.
1266 5535 1320 5582 ς,
1359 5519 1430 5595 l3_
1454 5531 1606 5595 seqq.
1717 5512 1972 5595 "Joau.
1998 5529 2049 5595 v,

652 5585 697 5633 εἷς
733 5585 922 5652 Manil.
957 5609 1104 5658 xxiv,
1143 5593 1176 5644 5
1203 5605 1379 5659 seqq.;
1415 5585 1586 5640 lCor.
1627 5601 1715 5652 xv,
1757 5585 1844 5640 5i.

728 5693 802 5763 (ἓ)
835 5687 1110 5763 Miracula
1140 5687 1214 5763 in_
1245 5683 1505 5763 arcltippo
1553 5679 1738 5749 templi
1765 5676 2008 5733 Ceril'ero
2034 5675 2218 5763 facta,

657 5746 1028 5830 cuin'reliquis
1054 5758 1168 5830 ‘ltic‘
1203 5746 1700 5830 insinuatishseu'.
1726 5765 1848 5830 qum
1893 5747 2085 5830 angelo
2118 5746 2216 5798 trir

657 5817 1002 5888 buuntur'in
1049 5825 1356 5896 Scriptura,
1402 5821 1648 5896 pluribus
1687 5817 1831 5896 idem
1895 5817 2213 5896 lfantaleon,

658 5886 714 5960 ξι
741 5897 1130 5973 Mclapht'astes
1145 5886 1210 5954 dc
1229 5886 1506 5952 miraculis
1536 5892 1592 5946 in
1631 5891 1850 5960 regione
1891 5886 2164 5943 (Litonensi
2185 5901 2214 5940 tt

2211 5443 2256 5475 ⁸⁸
2291 5440 2355 5496 ιγ
2394 5439 2526 5510 Reg.
2567 5453 2683 5510 arx,
2707 5438 2797 5494 55.

2271 5513 2316 5544 ⁶⁰
2343 5510 2460 5565 Jac.
2479 5507 2540 5576 ἰ,
2569 5507 2661 5561 17.

1931 5593 1976 5626 ⁸³
2013 5591 2033 5645 l
2065 5589 2194 5645 Cor.
2220 5603 2270 5655 ν,
2297 5587 2384 5648 10,

2261 612 2480 675 propter
2510 600 2793 657 assiduam
2829 612 2957 654 cum
2990 595 3298 652 vehementi
3325 593 3535 666 jejunio
3563 585 3628 650 et
3648 597 3791 654 multis

2260 695 2522 768 lacrymis
2555 693 2726 749 divini
2758 689 3004 746 Danielis
3028 689 3311 760 prophetae
3343 700 3446 758 pro
3476 685 3554 742 eis
3579 687 3638 742 ad
3660 687 3790 744 Deum

2259 787 2634 860 precationem
2659 785 2728 838 ⁸⁸.
2770 781 3026 847 Michael,
3051 780 3146 850 qui
3171 788 3256 834 est
3281 793 3312 834 a
3361 777 3476 833 Deo
3513 778 3792 836 constitutus

2261 893 2510 934 assessor
2573 874 2820 947 mysticae
2851 872 3158 936 Trinitatis,
3198 875 3492 940 mystaque
3515 867 3794 924 illumiuator

2261 977 2316 1024 et
2362 968 2606 1023 initiator
2657 979 2910 1034 superna:
2965 959 3315 1025 hierarchige,
3365 967 3423 1012 et
3473 956 3662 1012 Veteris
3686 961 3794 1027 quod

2261 1058 2530 1130 praeteriit
2553 1053 2910 1118 Testamenti,
2938 1063 2995 1109 et
3014 1049 3182 1107 Novae
3201 1059 3412 1104 nostra:
3439 1049 3619 1104 electa:
3637 1048 3794 1104 Christi

2265 1150 2622 1206 hmreditatis.
2682 1147 2790 1214 Qui
2855 1145 3153 1217 probatica:
3215 1141 3447 1212 piscinae
3494 1149 3624 1220 quot
3671 1141 3792 1196 annis

2266 1258 2440 1314 aquas
2470 1239 2850 1298 sanctiﬁcabat
2885 1238 2938 1292 in
2971 1235 3202 1306 ﬁguram
3237 1231 3412 1289 divini
3446 1229 3790 1300 baptismatis:

2265 1342 2321 1388 et
2353 1333 2401 1388 ei
2437 1331 2532 1402 qui
2567 1331 2775 1400 primus
2810 1329 2862 1382 in
2894 1341 3014 1382 eam
3065 1323 3459 1394 descendebat,
3495 1322 3667 1376 statim
3695 1335 3795 1391 pre-

2267 1424 2429 1479 bebat
2460 1421 2824 1483 curationem,
2879 1431 3212 1489 quocunque
3251 1413 3452 1468 morbo
3477 1413 3794 1468 teneretur".

2267 1513 2499 1570 Michael
2527 1512 2620 1583 qui
2653 1521 2735 1566 est
2769 1509 3080 1579 speciosum
3107 1513 3162 1561 et
3208 1505 3456 1560 maxime
3479 1503 3736 1568 decorum,
3761 1511 3799 1556 et

2270 1609 2418 1680 quod
2445 1622 2553 1660 non
2585 1604 2784 1660 occidit
2805 1603 3076 1657 luminare
3098 1599 3270 1654 totius
3299 1597 3451 1652 orbis
3473 1605 3623 1651 terras
3643 1595 3720 1665 qui
3738 1601 3799 1648 est

2271 1701 2375 1757 sub
2403 1699 2566 1754 caelo.
2600 1697 2757 1768 ignea
2793 1704 2847 1750 et
2877 1709 3064 1748 manu
3097 1707 3207 1746 non
3242 1699 3560 1744 constructa
3594 1687 3802 1741 columna

2273 1803 2475 1850 sanctae
2492 1799 2546 1846 et
2570 1787 2882 1858 apostolicae
2912 1768 3169 1840 Ecclesia:
3201 1800 3217 1838 :
3249 1779 3376 1834 auri
3398 1779 3623 1849 speciem
3645 1791 3737 1846 prae
3757 1788 3802 1830 se

2273 1883 2512 1939 ferentes
2534 1887 2590 1936 et
2611 1878 2680 1933 ad
2702 1877 2900 1934 omium
2933 1889 3106 1944 usque
3133 1871 3518 1944 magnitudine
3545 1868 3805 1939 pertingen-

2275 1985 2357 2032 tes
2391 1973 2577 2039 scalae,
2614 1985 2709 2042 per
2737 1983 2873 2040 quas
2900 1966 3185 2023 descendit
3213 1963 3402 2022 omnis
3433 1963 3574 2016 datio
3598 1959 3736 2023 bona,
3761 1965 3803 2012 et

2275 2081 2441 2149 omne
2466 2065 2672 2120 donum
2696 2061 2998 2132 perlectum
3028 2058 3096 2126 “,
3126 2057 3259 2127 quid
3289 2055 3525 2110 mittitur
3551 2067 3580 2106 a
3607 2049 3803 2105 beneﬁca

2275 2143 2332 2212 et
2377 2155 2649 2210 bonorum
2691 2150 2964 2220 largitrice
3013 2156 3230 2211 natura,
3286 2145 3356 2199 ad
3409 2143 3550 2197 viros
3579 2139 3726 2194 bonos
3763 2144 3804 2190 et

2276 2243 2501 2301 honesti'
2519 2249 2790 2297 amatores
2815 2241 2867 2294 in
2897 2247 3040 2294 terra
3063 2275 3078 2301 ,
3106 2235 3201 2306 qui
3230 2235 3290 2290 in
3319 2234 3568 2289 columna
3591 2230 3714 2301 ignis
3728 2240 3804 2296 ap-

2276 2337 2461 2411 paruit
2505 2335 2858 2392 sauctissimo
2889 2333 3174 2400 archippo,
3233 2336 3292 2385 et
3343 2326 3646 2382 ﬁdelissimo
3674 2321 3803 2376 mini-

2281 2440 2398 2487 stro
2460 2427 2624 2495 hujus
2693 2423 3082 2494 arcbangeiicae
3143 2427 3199 2476 et
3257 2420 3579 2475 Veneranda:
3625 2415 3802 2476 domus,

2279 2521 2501 2594 quando
2525 2519 2826 2575 sceleratus
2881 2514 3116 2584 populus
3153 2510 3462 2566 conabatur
3501 2504 3666 2576 ipsum
3703 2516 3804 2556 sau-

2282 2623 2432 2668 ctum
2475 2624 2601 2665 cum
2643 2605 2844 2676 templo
2891 2604 3128 2658 obruere
3181 2600 3344 2670 aquis
3389 2595 3726 2668 ﬁuviatilibus,
3761 2598 3804 2644 et

2281 2703 2468 2760 divina
2499 2711 2554 2756 et
2582 2695 2958 2766 archangelica
2992 2694 3213 2756 virtute,
3261 2703 3439 2760 aquas
3468 2701 3582 2757 qua:
3609 2682 3805 2738 insolen-

2283 2801 2366 2849 ter
2396 2791 2778 2855 movebantur,
2809 2800 2906 2858 per
2937 2785 3145 2855 virgam
3175 2784 3298 2860 cito.
3321 2783 3376 2837 in
3411 2786 3560 2851 petra
3588 2772 3806 2831 eﬂuditet

2282 2883 2591 2942 transmisit
2620 2881 2720 2953 (2).

2355 2973 2608 3039 Michael,
2630 2949 2724 3041 qui
2757 2975 3018 3040 perpetuo
3043 2963 3454 3036 aspicitj‘aciem
3483 2959 3646 3016 Patris
3667 2949 3804 3010 nostri

2289 3066 2383 3137 qui
2408 3053 2567 3120 estin
2601 3062 2784 3124 curiis,
2799 3072 2853 3114 et
2872 3061 3106 3122 laetatur,
3133 3056 3244 3110 imo
3265 3070 3395 3110 vero
3415 3051 3686 3108 colla-tatur
3707 3055 3805 3096 cum

2290 3155 2524 3212 Domino
2570 3154 2948 3208 universorum
3000 3155 3220 3220 propter
3259 3143 3616 3200 inventionem
3652 3143 3805 3220 eorum

2291 3248 2385 3320 qui
2439 3246 2762 3317 perierant:
2797 3251 2853 3296 et
2901 3217 3126 3310 propter
3171 3253 3342 3292 unum
3394 3240 3703 3304 peccatorem
3732 3217 3806 3291 qui

2260 3349 2272 3358 '
2291 3315 2510 3392 ducit—ur
2539 3332 2878 3405 pmnitentia,
2914 3330 3058 3384 diem
3091 3327 3288 3383 festum
3313 3326 3422 3397 agit
3452 3337 3567 3377 cum
3595 3315 3805 3405 omnibus

2293 3401 2616 3482 caelestibus
2649 3419 3006 3489 potestatibus
3039 3417 3105 3472 δε.
3134 3414 3239 3480 Qui
3277 3415 3406 3470 tuba
3435 3412 3521 3466 illa
3551 3401 3742 3462 terribili
3765 3407 3806 3453 et

2297 3517 2509 3588 ingenti
2541 3529 2674 3569 voce
2702 3511 2918 3568 canenti
2949 3518 3033 3565 est
3071 3511 3356 3562 canitur-us
3385 3522 3398 3560 :
3429 3512 3480 3558 et
3512 3498 3806 3566 fundamenta

2294 3582 2474 3676 terrae,
2501 3616 2556 3663 et
2589 3621 2710 3676 quae
2737 3613 2864 3660 sunt
2893 3603 2995 3658 sub
3024 3613 3188 3668 terra,
3232 3609 3320 3655 est
3354 3606 3608 3654 moturus,
3632 3582 3808 3658 quando

2295 3703 2480 3757 veniet
2515 3701 2638 3754 linis
2671 3693 3190 3760 consummationis;
3232 3702 3288 3746 et
3341 3699 3555 3760 surgere
3597 3680 3672 3736 fac
3689 3686 3732 3731 et
3767 3679 3807 3727 et

2297 3788 2650 3862 congregabit
2696 3793 2942 3840 mortuos
2973 3797 3162 3838 omnes
3189 3781 3286 3852 qui
3325 3787 3454 3854 sunt
3494 3792 3524 3832 a
3554 3769 3742 3828 sarculo,
3765 3763 3806 3816 iu

2299 3857 2606 3952 ictuvoculi,
2633 3878 2698 3932 ad
2723 3876 2992 3946 judicium
3018 3873 3288 3942 generale,
3322 3869 3470 3926 etad
3495 3857 3805 3952 accipiendam

2298 3975 2424 4028 vita:
2443 3947 2939 4026 remunerationem
2971 3964 3038 4028 “,
3068 3969 3127 4016 ut
3149 3961 3288 4032 ferat
3309 3959 3466 4030 231
3491 3947 3805 4032 unusquittttlle

2301 4081 2364 4120 ea
2389 4079 2512 4134 quae
2532 4059 2656 4115 fecit
2678 4075 2774 4130 per
2797 4071 3018 4124 corpus,
3043 4055 3159 4108 sive
3182 4055 3409 4116 bonum,
3433 4053 3538 4104 sive
3567 4043 3734 4098 malum
3754 4031 3801 4084 ".
3866 4060 3872 4065 -

2376 4153 2511 4210 Cum
2545 4151 2694 4204 hunc
2741 4163 2872 4219 ergo
2903 4145 3312 4214 suscipiendum
3352 4151 3406 4198 et
3442 4136 3705 4194 maximum

2305 4228 2526 4299 trenum
2561 4211 2946 4310 potentemque
2985 4211 3357 4298 defensorem,
3403 4229 3563 4284 libere
3599 4231 3645 4276 et
3675 4211 3805 4270 c0nll-

2307 4337 2496 4392 denter
2523 4333 2833 4399 loquentem
2875 4330 3294 4388 intercessorem
3347 4321 3483 4394 apud
3512 4313 3804 4370 emniuturc-

2308 4439 2427 4495 gem
2461 4421 2652 4484 Deum,
2701 4417 2943 4474 divinum
2979 4417 3184 4471 militiae
3227 4415 3520 4485 principem
3566 4400 3801 4495 habeamus

2307 4477 2652 4572 ilichaelem,
2684 4519 2717 4560 ο
2747 4504 2900 4560 chari
2933 4502 3146 4569 Patres,
3203 4477 3422 4566 fratres,
3449 4507 3500 4552 et
3541 4508 3568 4547 ι
3600 4489 3691 4542 Deo
3715 4477 3798 4534 col-

2308 4601 2446 4656 lecte
2467 4607 2662 4663 coetus,
2695 4597 2780 4668 pie
2806 4597 2982 4667 ipsum
3012 4610 3224 4664 semper
3252 4605 3444 4649 omnes
3473 4596 3528 4642 ut
3553 4582 3800 4668 revera-ttu-

2309 4692 2614 4756 rissimum,
2676 4690 2731 4743 in
2781 4688 2998 4742 mundis
3041 4686 3298 4741 cordibus
3343 4691 3544 4750 semper
3579 4658 3800 4756 magniﬁce

2309 4783 2662 4846 extollamus,
2693 4776 2984 4849 verbisque
3018 4777 3216 4832 laetitiae
3245 4787 3302 4830 et
3343 4765 3586 4843 spiritalis
3624 4749 3801 4849 exsul“:

2315 4874 2500 4937 tionis,
2539 4881 2599 4928 ut
2643 4839 2792 4926 decet
2839 4839 3242 4939 archangelum,
3277 4839 3572 4920 honoriﬁcis
3594 4839 3800 4940 νειςυίξξί

2318 4927 2570 5020 laudibus
2607 4959 2766 5016 hodie
2803 4927 3198 5032 prosequamur
3272 4961 3552 5021 arnoreque
3571 4950 3618 4998 et
3643 4927 3802 4992 deside-

2321 5061 2406 5114 rio
2439 5059 2487 5113 ei
2518 5057 2836 5123 oﬁ‘eramus,
2871 5066 2927 5110 et
2959 5069 3300 5119 veneremur,
3334 5050 3424 5123 qui
3468 5043 3688 5100 ardenter
3708 5033 3803 5123 eo“:

2325 5150 2599 5204 currimus
2643 5147 2708 5202 ad
2759 5161 2975 5202 sacrum
3025 5145 3145 5214 ejus
3179 5144 3373 5200 festum
3419 5139 3471 5192 in
3509 5113 3804 5214 veneranda?|

2324 5241 2446 5310 ejus
2482 5196 3146 5308 ιειπξριὶᾷἶιιξᾷξιᾘᾶᾏεῇξῑῖ
3175 5196 3428 5298 signa,
3456 5235 3510 5281 ut
3530 5217 3699 5310 atratis}

2324 5287 2560 5399 ligamus
2596 5287 2871 5396 rperennjes
2921 5325 3041 5395 ejus
3073 5287 3128 5379 et
3160 5324 3422 5380 salutares
3449 5308 3629 5386 gratias
3651 5303 3695 5352 ei
3735 5287 3806 5342 ἅθ’

2907 5437 2954 5469 ³⁸
2986 5435 3124 5490 Dan.
3167 5451 3246 5490 ιιι.
3285 5433 3374 5489 49.
3486 5423 3528 5456 "
3553 5415 3689 5490 9““,
3721 5407 3803 5490 ’σίζ’

2798 5507 2842 5539 ⁸⁸
3167 5466 3468 5574 :i’nff'to;
3495 5466 3610 5546 ιιι-εξ
3638 5489 3710 5536 1'»
3738 5466 3804 5524 δί’

2326 5635 2588 5749 biichagle
2619 5669 2948 5749 [actim-quae.
2975 5674 3104 5722 sunt
3127 5667 3309 5737 per-via

2329 5753 2386 5816 ttt
2411 5751 2464 5816 et
2489 5740 2678 5816 Grtuca
2705 5710 2940 5794 itfii‘l‘u'is
2974 5710 3420 5816 tnanurcxa'tratis,
3449 5710 3798 5816 “3:62:31:

2324 5812 2512 5867 Latina
2541 5813 2716 5865 lucem
2741 5809 3053 5876 acceperint
3071 5845 3086 5870 ,
3121 5782 3574 5876 notatnrmiraculi
3597 5782 3734 5848 aquai

2322 5866 2532 5954 tempus
2550 5881 2842 5966 «imperium
2874 5866 3152 5966 Michaelis
3184 5887 3236 5933 et
3277 5866 3564 5931 Theodorte.
