4038 6274
345 325 479 390 1273

1389 341 1712 403 ISAGOGE
1749 344 1832 404 IN
1873 345 1975 405 SS.
2014 346 2501 410 SCRIPTURAS.

3420 350 3552 414 1974

345 477 2179 514 ..___________________________

1569 600 2326 773 AAPLANOY

1002 868 1548 962 ΕΙΣΑΓΩΓΗ
1585 807 1756 961 ΕΙΣ
1794 868 2000 960 ΤΑΣ
2048 875 2377 965 ΘΕΙΑΣ
2425 876 2961 967 ΓΡΑΦΑΣω.

1391 1376 1397 1383 η
1622 1219 2284 1352 ADRIANI
2569 1367 2577 1376 _

920 1469 1413 1565 ISAGOGE
1483 1469 1634 1561 AD
1721 1474 2140 1568 SACBAS
2206 1417 2965 1571 scalprunss.

1220 1663 1413 1721 JomN.
1446 1664 1801 1736 Pssnsomus,
1830 1666 2016 1724 Critic.
2050 1667 2203 1724 Sacr.
2246 1679 2286 1725 t.
2317 1669 2454 1740 Vill,
2482 1682 2539 1743 p‘.
2566 1672 2653 1729 H.

388 1926 508 1981 T06
549 1926 837 2011 ξΕσραῖκοΰ
864 1927 1211 1999 χαρακτῆρος
1254 1897 1559 1998 ἰδιωμάτων
1594 1930 1743 2011 ᾅστὶν
1779 1931 1895 2001 εἴδη

2066 1928 2292 1998 Linguae
2325 1925 2605 1982 Hebraicae
2630 1925 2968 1999 idiomatum
3005 1936 3134 1983 sunt
3161 1937 3272 1984 tres
3298 1930 3509 2000 species
3537 1946 3556 1985 '.

329 2019 481 2090 τρία*
537 2010 612 2072 ὧν
661 2016 723 2071 τὸ
775 2017 875 2087 μὲν
923 2018 1014 2071 ἐπὶ
1066 2019 1167 2087 τῆς
1218 2018 1454 2082 διανοίας
1501 2010 1650 2091 εὕροι
1683 2037 1769 2082 τις
1804 2021 1891 2088 ἂν,

329 2109 392 2162 τδ
417 2109 473 2162 δὲ
501 2108 593 2162 ἐπὶ
626 2109 725 2179 τῆς
753 2107 1054 2174 λέξεως,’τδ
1075 2109 1131 2162 δὲ
1154 2109 1247 2162 ἐπὶ
1272 2110 1370 2178 τῆς
1402 2110 1725 2176 συνθέσεως.

659 2199 829 2268 Ἀρχὴ
870 2197 989 2253 τῶν
1029 2200 1126 2253 ἐπὶ
1154 2199 1265 2269 τῆς
1290 2199 1580 2267 διανοίας.

398 2289 474 2344 Τὸ
505 2290 603 2360 μὲν
628 2287 720 2343 οὖν
747 2289 840 2343 ἐπὶ
863 2290 962 2361 τῆς
990 2289 1223 2352 διανοίας
1251 2290 1389 2355 ἐστὶ,
1419 2290 1479 2344 τὸ
1504 2292 1612 2345 ἀπὸ
1633 2291 1741 2347 τῶν
1764 2295 1896 2364 ἡμῖν

331 2381 640 2451 προσόντων
662 2380 754 2435 τοῦ
783 2380 917 2434 Θεοῦ
943 2382 1298 2462 σχηματίζειν
1319 2383 1419 2447 τὰς
1446 2384 1748 2455 ἐνεργείας,
1778 2386 1896 2456 ἦτοι

331 2468 425 2522 ἐπὶ
452 2466 621 2537 καλῷ,
657 2467 691 2539 ἢ
739 2468 830 2520 ἐπὶ
861 2467 1018 2537 κακῷ
1060 2468 1351 2539 γινομένας
1375 2486 1391 2502 ο
1426 2472 1568 2542 φημὶ
1605 2472 1690 2541 δὴ,
1727 2473 1761 2545 ἢ
1790 2474 1898 2528 ἀπὸ

335 2558 535 2631 μελῶν,
568 2558 601 2630 ἢ
632 2559 741 2613 ἀπὸ
770 2558 1097 2629 αἰσθήσεων,
1125 2559 1158 2629 ἢ
1192 2560 1298 2613 ἀπὸ
1330 2563 1602 2637 κινήσεων
1651 2562 1899 2634 ψυχικῶν

334 2650 404 2722 [ἦ
453 2651 562 2703 ἀπὸ
618 2651 885 2720 κινήσεων
930 2650 1278 2720 σωματικῶν,
1320 2652 1491 2723 sane
1524 2653 1711 2707 παθῶν
1740 2654 1900 2726 ψυχι-

333 2741 490 2814 κῶν],
519 2742 552 2814 ἢ
580 2740 687 2796 ἀπὸ
712 2741 900 2796 παθῶν
934 2742 1279 2813 σωματικῶν,
1309 2744 1340 2814 ἢ
1372 2745 1479 2798 ἀπὸ
1499 2745 1809 2814 διαθέσεων,
1839 2747 1896 2819 [ἢ

331 2834 439 2888 ἀπὸ
469 2834 662 2889 κοινῶν
689 2832 876 2899 δοξῶν,
903 2833 935 2905 ἧ
967 2833 1076 2886 ἀπὸ
1097 2834 1471 2907 ἁξιωμάτων,]
1501 2835 1534 2908 ἢ
1570 2837 1677 2890 ἀπὸ
1707 2841 1899 2909 ὲπιτη-

331 2921 635 2993 δευμάτων,
679 2923 712 2994 ἢ
763 2924 872 2977 ἀπὸ
924 2924 1127 2989 τόπων,
1168 2924 1201 2994 ἢ
1242 2924 1349 2978 ἀπὸ
1379 2927 1702 2995 στολισμῶν,
1730 2928 1763 2999 ἦ
1792 2929 1901 2982 ἀπὸ

332 3012 491 3079 ἐθῶν,
525 3015 558 3085 ἢ
584 3014 693 3068 ἀπὸ
715 3014 1029 3086 σχημάτων,
1059 3015 1092 3086 ἢ
1121 3014 1229 3069 ἀπὸ
1259 3015 1381 3070 ὅλου
1411 3014 1507 3070 τοῦ
1542 3017 1704 3083 ζώου.
1838 3039 1841 3043 ν

401 3191 474 3246 α’.
506 3192 695 3256 Ὅπως
717 3191 825 3246 ἀπὸ
847 3190 1025 3260 μελῶν
1041 3209 1054 3222 ⁸
1086 3190 1192 3245 ἀπὸ
1214 3193 1314 3262 μὲν
1343 3192 1541 3264 μελῶν,
1565 3195 1641 3259 ὡς
1665 3194 1726 3249 τό
1747 3211 1761 3226 ⁸
1788 3196 1900 3251 εΤὰ

1992 2035 2226 2090 quarum
2276 2033 2438 2073 unam
2472 2032 2501 2071 a
2537 2018 2970 2088 cogitationibus
3015 2019 3282 2084 invenies,
3316 2019 3476 2074 aliam
3523 2035 3556 2074 ι

1995 2110 2156 2183 style,
2198 2109 2360 2163 aliam
2397 2123 2427 2162 a
2459 2108 2878 2177 compositione.

2172 2199 2506 2268 Principium
2533 2198 2848 2252 idiomatum
2880 2215 2911 2253 a
2943 2198 3377 2269 cogitationibus.

2064 2272 2222 2355 Quod
2255 2301 2388 2357 ergo
2419 2304 2450 2341 a
2490 2286 2917 2355 cogitationibus
2945 2296 3052 2352 est,
3091 2287 3194 2340 hoc
3225 2285 3294 2339 ab
3323 2285 3406 2341 his
3437 2301 3560 2355 qua:

1996 2388 2183 2433 nostra
2230 2386 2359 2432 sunt
2407 2376 2503 2431 Dei
2549 2376 2806 2447 eilingere
2848 2377 3239 2446 Operationes,
3300 2386 3413 2430 tum
3461 2392 3560 2445 pro

1995 2466 2165 2533 bono,
2198 2474 2309 2520 tum
2340 2481 2438 2536 pro
2476 2466 2621 2520 malo
2647 2465 2873 2521 eﬂ'ectus
2903 2484 2916 2521 :
2948 2463 3073 2519 dico
3099 2474 3195 2519 aut
3224 2479 3255 2518 a
3279 2464 3559 2528 membris,

1997 2567 2092 2614 aut
2128 2574 2159 2614 a
2191 2552 2466 2625 sensibus,
2499 2567 2595 2612 aut
2626 2574 2657 2613 a
2685 2558 2926 2613 motibus
2953 2555 3358 2625 spiritualibus,
3409 2564 3504 2609 aut
3530 2570 3563 2609 a

1996 2651 2240 2707 motibus
2269 2651 2670 2721 corporalibus,
2698 2658 2792 2705 aut
2821 2664 2852 2703 a
2881 2647 3230 2719 passionibus
3262 2645 3564 2716 spirituali-

1996 2741 2122 2807 bus,
2171 2741 2320 2796 auta
2355 2739 2705 2810 passionibus
2749 2738 3144 2809 corporalibus,
3203 2745 3298 2791 aut
3325 2736 3563 2805 adispo-

2000 2829 2317 2896 sitionibus,
2370 2838 2467 2884 aut
2498 2844 2529 2882 a
2563 2818 2949 2884 communibus
2983 2825 3250 2889 dicteriis,
3281 2834 3377 2878 aut
3418 2839 3449 2878 a
3476 2824 3564 2879 di-

1999 2920 2321 2992 gnitatibus,
2357 2927 2452 2974 aut
2483 2920 2552 2974 ab
2584 2919 2784 2990 agendi
2824 2918 3152 2983 rationibus,
3200 2926 3296 2969 aut
3338 2929 3368 2968 a
3405 2914 3562 2980 locis,

1999 3019 2095 3063 aut
2122 3009 2191 3064 ab
2218 3009 2572 3074 indumentis,
2604 3013 2698 3064 aut
2730 3024 2762 3064 a
2788 3008 3060 3073 moribus,
3094 3015 3188 3060 aut
3214 3018 3246 3058 a
3271 3001 3433 3069 facie,
3469 3012 3565 3058 aut

2000 3113 2031 3153 a
2064 3107 2179 3153 toto
2205 3098 2450 3152 animali.

2072 3191 2125 3244 l.
2165 3189 2458 3257 Quomodo
2489 3204 2518 3242 a
2572 3187 2874 3243 membris:
2905 3203 2937 3243 a
2981 3188 3259 3257 membris,
3310 3189 3561 3245 scilicet:

333 3284 579 3357 βλέφαρα
601 3282 766 3338 αὐτοῦ
799 3281 1042 3350 ἐξετάζει
1069 3283 1195 3346 τοὺς
1217 3260 1374 3347 υἱοὺς
1396 3284 1506 3339 τῶν
1529 3285 1848 3358 ἀνθρώπων·
1872 3307 1891 3341 ι

2007 3299 2024 3332 ι
2058 3279 2337 3350 Palpebrae
2364 3281 2485 3351 ejus
2524 3280 2862 3351 interrogant
2891 3280 3038 3336 filios
3077 3281 3402 3347 hominum;
3434 3298 3454 3332 ι
3486 3288 3563 3343 et,

332 3376 427 3430 καὶ
468 3375 549 3440 τὸ,
612 3394 631 3427 ι
679 3372 975 3444 Ὀφθαλμοὶ
1020 3374 1226 3444 Κυρίου
1263 3374 1355 3428 ἐπὶ
1391 3375 1671 3441 δικαίους·
1707 3396 1727 3429 ι
1780 3381 1898 3442 καὶ,

337 3484 358 3518 α
381 3466 563 3536 Στόμα
601 3464 806 3537 Κυρίου
837 3463 1067 3533 ὲλάλησε
1093 3462 1293 3517 ταῦτα·
1332 3483 1352 3516 ι
1391 3466 1486 3518 καὶ
1526 3465 1605 3529 τὸ,
1633 3484 1651 3517 ι
1673 3467 1901 3534 Ἀγαθός

335 3568 423 3621 μοι
451 3552 480 3604 ὁ
507 3551 672 3620 νόμος
697 3548 791 3603 τοῦ
820 3549 1086 3616 στόματός
1109 3566 1226 3602 σου·
1260 3569 1279 3600 ι
1314 3551 1409 3603 καὶ
1439 3551 1520 3618 τὺ,
1553 3547 1657 3604 «'H
1686 3552 1793 3623 μὴν
1818 3553 1902 3618 ἐξ.

332 3638 611 3692 ελεύσεται
657 3638 722 3690 ὲκ
769 3636 863 3689 τοῦ
894 3637 1161 3706 στόματός
1194 3654 1295 3707 μου
1331 3638 1647 3709 δικαιοσύνη
1669 3656 1683 3669 ο
1726 3661 1745 3693 ι
1784 3644 1901 3707 καὶ,

339 3746 359 3779 ‹
400 3727 698 3797 Πρύσωπον
753 3725 961 3796 Κυρίου
1016 3727 1110 3779 ἐπὶ
1151 3725 1455 3790 ποιοῦντας.
1492 3728 1674 3782 κακά’
1715 3748 1734 3779 ι
1784 3730 1901 3797 καὶ,

339 3835 359 3870 α
391 3816 637 3885 Ἐπαρον
664 3813 763 3878 τὰς
790 3813 978 3884 χεῖράς
1009 3832 1101 3869 σου
1132 3816 1227 3870 ἐπὶ
1257 3817 1356 3881 τὰς
1388 3817 1771 3889 ὑπερηφανίας
1803 3821 1904 3872 αύ-

332 3907 459 3962 τῶν.
494 3925 514 3959 ›
553 3906 664 3975 Τὴν
705 3904 908 3971 δεξιὰν,
943 3906 1039 3958 ἐπὶ
1078 3906 1188 3960 τῶν
1243 3908 1567 3978 κρειττόνων
1611 3905 1751 3964 οἶδεν
1789 3911 1906 3963 ὀνο-

337 3997 551 4071 μάζειν,
584 3997 660 4062 ὡς
703 3998 1078 4070 τιμιωτέρανο
1127 3994 1240 4053 οἷον
1285 3990 1375 4064 τὸ,
1432 4019 1452 4053 ι
1493 4000 1652 4067 Δεξιὰ
1699 4001 1904 4072 Κυρίου

332 4089 553 4161 ἐποίησε
599 4087 864 4158 δύναμινο
905 4107 925 4141 ι
978 4090 1071 4143 καῖ
1113 4090 1196 4156 τὸ,
1248 4111 1268 4143 ‹
1307 4093 1783 4164 Προσκυνήσωμεν
1825 4094 1904 4156 εἰς

331 4182 424 4235 τὸν
450 4181 612 4236 τόπον
640 4174 701 4236 οὗ
725 4180 958 4251 ἔστησαν
985 4181 1036 4233 οἱ
1066 4182 1223 4245 πόδες
1248 4181 1410 4235 αὑτοῦ
1432 4198 1446 4214 ο
1481 4203 1499 4235 ι
1538 4184 1633 4236 καὶ
1661 4185 1762 4237 ὅσα
1782 4183 1905 4237 τού-

331 4290 441 4335 τοις
467 4271 825 4343 παραπλήσια
841 4287 856 4303 ο
882 4270 1089 4326 τούτων
1111 4273 1188 4340 δὲ,
1216 4273 1285 4327 τὰ
1308 4273 1408 4342 μὲν
1430 4275 1523 4328 ἐπὶ
1545 4276 1809 4347 σωτηρίᾳ,
1837 4275 1906 4330 τὰ

333 4363 389 4418 δὲ
417 4362 511 4417 ἐπὶ
532 4360 772 4433 τιμωρίᾳ
804 4362 1190 4433 προϐάλλεται.

405 4457 469 4527 β’.
509 4456 697 4516 Ὅπως
751 4454 859 4507 ἀπὸ
910 4456 1250 4526 αἰσθήσεωνο
1283 4456 1360 4521 ὡς
1392 4456 1475 4521 τὸ,
1524 4475 1544 4509 ι
1580 4457 1906 4527 Ἐπέόλεψεν

2006 3389 2025 3424 ι
2054 3370 2211 3427 Oculi
2254 3372 2473 3428 Domini
2518 3386 2684 3441 super
2703 3362 2971 3441 justos;'t
3004 3380 3082 3438 et,
3122 3389 3142 3423 ι
3175 3372 3385 3427 Bonum
3432 3367 3568 3424 mihi

2000 3462 2086 3516 lex
2121 3463 2235 3517 oris
2271 3463 2386 3528 tui;
2426 3481 2445 3514 ι
2476 3470 2552 3527 et,
2589 3481 2609 3514 ι
2660 3461 2986 3532 Egredietur
3022 3463 3090 3518 de
3139 3478 3233 3518 ore
3264 3477 3385 3518 meo
3405 3461 3570 3531 justi-

2003 3551 2105 3618 tia;
2139 3570 2158 3603 ι
2191 3560 2266 3615 et,
2314 3569 2334 3602 ι
2364 3550 2562 3606 Vultus
2592 3550 2810 3604 Domini
2842 3566 3007 3620 super
3035 3550 3304 3606 facientes
3335 3552 3514 3617 mala;
3543 3569 3563 3603 ι

2001 3650 2077 3706 et,
2120 3658 2139 3692 ι
2171 3641 2315 3696 Leva
2356 3656 2554 3696 manus
2585 3649 2708 3696 tuas
2739 3643 2793 3696 in
2831 3641 3118 3712 superbias
3144 3641 3365 3696 eorum.
3396 3661 3416 3694 ι
3456 3641 3572 3696 Ma-

2005 3747 2135 3786 num
2161 3733 2409 3791 dextram
2440 3731 2508 3787 de
2537 3732 2860 3789 melioribus
2882 3747 3080 3787 vocare
3109 3731 3282 3797 novit,
3312 3741 3570 3801 tanquam

2003 3823 2496 3890 honorabiliorem,
2548 3823 2759 3878 scilicet
2794 3842 2808 3879 :
2841 3842 2862 3876 c
2896 3824 3127 3878 Dextera
3182 3822 3400 3877 Domini
3444 3822 3575 3897 fecit

2002 3914 2292 3980 virtutem;
2321 3932 2340 3965 ›
2363 3922 2436 3977 et,
2475 3932 2495 3966 ι
2522 3913 2888 3970 Adorabimus
2932 3916 2987 3968 in
3024 3914 3147 3969 loco
3186 3915 3275 3969 ubi
3308 3921 3573 3970 steterunt

2003 4000 2167 4069 pedes
2195 4001 2349 4071 ejus;
2380 4019 2399 4052 ι
2434 4016 2781 4072 quaecunque
2810 4003 2899 4057 his
2930 4000 3308 4058 assim'ilantur
3335 4020 3348 4056 :
3374 4002 3571 4057 horum

2004 4092 2110 4147 alia
2145 4093 2213 4147 de
2243 4093 2444 4158 salute,
2486 4094 2592 4148 alia
2617 4093 2684 4148 de
2713 4109 2871 4164 poena
2920 4094 3268 4149 emittuntur.
3303 4092 3479 4163 (Psal.
3516 4110 3571 4161 κ,

2004 4184 2075 4250 5;
2114 4200 2307 4251 xum,
2342 4184 2443 4252 l6;
2480 4184 2597 4239 Isa.
2628 4200 2667 4250 1,
2716 4184 2818 4252 20;
2859 4200 3012 4250 LVIII,
3046 4186 3148 4248 id;
3195 4184 3344 4241 Psal.
3380 4200 3574 4244 cxvrn.

2004 4275 2110 4340 72;
2166 4274 2282 4331 Isa.
2331 4293 2454 4343 λιν,
2503 4276 2609 4343 25;
2660 4275 2815 4333 Psal.
2869 4291 3064 4339 χχχιιι.
3118 4277 3219 4344 17;
3262 4292 3457 4345 Luxu,
3523 4278 3580 4346 5;

2004 4379 2173 4432 cxvu,
2209 4364 2311 4432 16;
2346 4380 2534 4432 cum,
2570 4365 2638 4432 7;
2673 4364 2852 4437 [ηιμ
2887 4366 2977 4429 15,
3011 4365 3194 4439 ηοη].)

2074 4455 2128 4509 2.
2170 4454 2462 4523 Quomodo
2505 4473 2535 4512 a
2584 4457 2841 4514 sensibus
2874 4477 2887 4512 :
2920 4458 3107 4514 sicut:
3142 4477 3161 4510 ε
3191 4457 3265 4512 De
3311 4456 3450 4512 coelo
3493 4470 3580 4510 re-

335 4547 395 4615 ὲξ
422 4542 651 4620 ούρανοῦ
696 4544 726 4596 ὁ
750 4544 976 4618 Κύριος,
1018 4543 1127 4601 εἶδε
1179 4547 1392 4611 πάντας
1441 4549 1567 4612 τοὺς
1607 4549 1758 4613 υίοὺς
1798 4550 1904 4603 τῶν

2009 4548 2187 4617 spexit
2224 4548 2503 4615 Dominus,
2537 4549 2670 4604 vidit
2697 4565 2891 4605 omnes
2921 4549 3062 4605 ﬁlios
3092 4549 3415 4613 hominum;
3451 4567 3470 4599 ι
3503 4556 3576 4613 et,
3648 4594 3649 4601 η

335 4639 655 4711 ἀνθρώπωνο
699 4642 835 4696 »καὶ
870 4639 952 4706 τὸ,
989 4657 1008 4690 ι
1038 4639 1193 4710 Φωνῇ
1240 4656 1341 4708 μου
1378 4637 1516 4710 πρὸς
1545 4638 1750 4710 Κύριον
1789 4639 1909 4693 ἐκέ.-

339 4731 539 4801 κραξα,
570 4735 665 4787 καὶ
714 4729 991 4803 ἐπήκουσέ
1024 4746 1126 4799 μου
1147 4745 1162 4758 ⁸
1197 4748 1216 4781 ι
1245 4729 1362 4796 καὶ,
1396 4748 1415 4780 ι
1444 4727 1648 4799 Κύριος
1669 4730 1910 4785 είσακού-

296 4859 301 4862 ρ
337 4820 488 4876 σεταί
533 4837 670 4892 μου·
709 4839 730 4874 ι
769 4821 884 4882 καὶ,
925 4836 946 4871 ι
981 4817 1286 4890 Ὠσφράνθη
1345 4818 1551 4889 Κύριος
1597 4819 1771 4891 ὀσμὴν
1820 4821 1911 4873 εὐ-

335 4910 527 4976 ωδίαςσ
562 4930 581 4964 ι
614 4912 729 4978 καὶ,
764 4930 783 4964 ι
817 4909 1225 4976 Ἐξαπόστειλον
1249 4908 1348 4980 τὴν
1382 4911 1543 4980 χεῖρά
1569 4925 1664 4963 σου
1684 4925 1700 4940 ’
1739 4928 1759 4962 ι
1794 4910 1908 4975 καὶ,

341 5021 360 5055 ι
389 5004 559 5072 ’Δψαι
596 5003 707 5058 τῶν
740 5002 943 5057 ὀστέων
969 4998 1133 5056 αὐτοῦ
1154 5015 1168 5030 ⁶
1204 5020 1224 5053 ι
1258 5000 1372 5065 καὶ,
1409 5019 1429 5053 ι
1462 5002 1598 5073 Χεὶρ
1631 5001 1837 5073 Κυρίου
1874 5005 1908 5073 ή

337 5095 592 5166 ἀψαμὲνη
631 5113 766 5167 μουο
810 5113 831 5148 t
876 5096 993 5160 καὶ,
1048 5111 1069 5146 ς
1107 5094 1167 5147 '0
1201 5093 1507 5163 ἁπτόμενος
1562 5094 1672 5147 τῶν
1718 5096 1912 5167 ὁρέων,

337 5187 432 5240 καὶ
459 5187 834 5252 καπνίζονται·
869 5206 889 5240 ι
924 5188 1041 5251 καὶ,
1076 5205 1097 5238 ς
1119 5184 1445 5257 Ψηλαφήσω
1477 5187 1657 5240 πᾶσαν
1678 5186 1775 5258 τὴν
1803 5186 1917 5242 ἀδι-

336 5278 461 5333 κίαν
486 5279 585 5350 τῆς
611 5280 718 5349 γῆς
743 5277 960 5349 ἐκείνης
979 5295 993 5311 ο
1030 5297 1048 5330 ι
1076 5278 1171 5332 καὶ⁵
1198 5278 1282 5345 τὸ,
1316 5297 1334 5330 ι
1367 5277 1458 5348 Μὴ
1491 5278 1755 5348 φάγωμαι
1777 5278 1915 5349 κρέα.

334 5363 585 5435 ταύρων·
621 5385 641 5418 ι
682 5367 778 5421 καὶ
805 5369 834 5419 ὁ
857 5366 1072 5437 Σωτὴρ,
1115 5384 1134 5417 ι
1175 5364 1319 5433 Ἐγὼ
1360 5365 1565 5436 βρῶσιν
1587 5365 1697 5436 ἔχω
1722 5369 1916 5435 φαγεῖν

336 5456 407 5528 ἢν
431 5457 592 5528 ὑμεῖς
613 5457 713 5512 οὐκ
736 5456 937 5511 οἴδατε*
970 5476 989 5511 ι
1017 5458 1138 5526 καὶ,
1160 5474 1184 5510 ι
1218 5456 1382 5528 Ἐμὸν
1409 5456 1607 5528 βρῶμά
1633 5458 1801 5524 ἐστιν,
1830 5446 1918 5511 ἵνα

2019 4657 2037 4691 ι
2071 4637 2217 4694 Voce
2262 4654 2383 4694 mea
2451 4640 2517 4695 ad
2569 4638 2860 4695 Dominum
2911 4639 3139 4695 clamavi
3197 4648 3252 4694 et
3302 4638 3583 4693 exaudivit

2013 4744 2129 4796 me;
2168 4749 2187 4782 ›
2213 4739 2288 4796 et,
2327 4749 2345 4782 ‹
2378 4730 2645 4787 Dominus
2670 4726 2927 4787 exaudiet
2954 4747 3069 4799 me;
3109 4749 3127 4781 ι
3158 4740 3230 4796 et,
3260 4748 3277 4782 ι
3310 4728 3582 4784 Odoratus

2012 4832 2096 4876 est
2123 4822 2385 4877 Dominus
2411 4823 2637 4878 odorem
2668 4822 2957 4877 suavitatis
2983 4838 2998 4887 ;
3033 4841 3051 4874 ι
3082 4832 3155 4888 et,
3188 4840 3206 4871 ι
3235 4819 3432 4874 Emitte
3463 4832 3584 4872 ma-

2013 4925 2145 4964 num
2174 4918 2363 4978 tuam;
2404 4930 2423 4964 ι
2477 4921 2551 4976 et,
2599 4929 2618 4963 ‹
2647 4911 2829 4982 Tange
2870 4927 2934 4967 os
2969 4911 3124 4981 ejus;
3159 4930 3177 4962 ι
3233 4918 3308 4970 et.
3345 4907 3583 4979 (Manus

2015 4998 2229 5056 Domini
2264 5002 2442 5072 tetigit
2490 5017 2612 5068 me;
2648 5021 2666 5054 ›
2703 5010 2779 5066 et,
2837 5020 2856 5054 ι
2897 4999 3001 5067 Qui
3046 5000 3223 5071 tangit
3272 5007 3486 5054 montes
3528 5006 3586 5054 et

2015 5091 2322 5163 fumigant;
2351 5111 2369 5144 ι
2395 5104 2468 5160 et,
2507 5112 2525 5145 ι
2557 5091 2799 5164 Tangam
2822 5108 3040 5148 omnem
3065 5092 3401 5161 iniquitatem
3426 5082 3585 5146 terra:

2017 5183 2202 5251 illius;
2237 5202 2256 5236 ι
2288 5191 2363 5249 et,
2417 5203 2435 5234 ι
2463 5182 2721 5254 Nunquid
2771 5184 3118 5239 manducabo
3154 5198 3348 5238 carnes
3396 5191 3585 5236 tauro—

2019 5275 2184 5328 rum?
2219 5293 2239 5326 ι
2278 5273 2344 5327 Ει
2371 5271 2662 5329 Salvator:
2701 5293 2720 5326 ι
2748 5273 2862 5345 Ego
2904 5275 3086 5330 cibum
3136 5274 3310 5329 habeo
3356 5272 3586 5327 mandu-

2019 5378 2146 5419 care
2173 5380 2336 5434 quem
2363 5379 2460 5419 vos
2508 5365 2772 5432 nescitis;
2807 5383 2825 5416 ι
2860 5374 2935 5428 et,
2975 5385 2993 5417 ι
3024 5363 3177 5418 Meus
3205 5365 3360 5417 cibus
3399 5370 3483 5416 est
3521 5370 3586 5415 ut

2024 5454 2221 5510 faciam
2248 5456 2581 5511 voluntatem
2609 5455 2791 5510 Patris
2830 5456 2937 5512 mei
2963 5473 2979 5523 ;
3013 5475 3032 5507 ι
3061 5463 3114 5509 et
3142 5448 3443 5523 praesentiae.
3465 5452 3586 5521 ejus

1485 5571 1714 5628 DAVID.
1769 5570 2164 5628 HlESCHELll
2192 5571 2424 5628 NOTAE.

405 5667 484 5751 ςί)
510 5668 841 5751 .Ἐσαγῳνὴ
887 5671 1058 5751 ειςυξἱ
1096 5671 1148 5720 θ.
1190 5669 1455 5736 Γραφὰς.
1492 5665 1718 5723 Pltotius
1743 5707 1757 5733 ,
1812 5666 2147 5738 ’Λνεγνώσθη
2201 5666 2478 5737 ’Δδριανοῦ
2530 5663 2818 5734 Εἰσαγωγῇ
2863 5660 2963 5731 τῆς
3003 5657 3222 5730 Γραφῆς
3260 5673 3273 5689 ο
3315 5654 3587 5726 χρήσιμος

340 5737 449 5800 τοῖς
476 5738 848 5805 εἰσαγομένοις
885 5740 915 5805 ἡ
952 5737 1152 5807 βίϐλος,
