4038 6274
373 325 505 390 I273

1414 340 1738 403 ISAGOGE
1776 343 1858 404 IN
1899 345 2002 405 SS.
2040 345 2528 409 SCRIPTURAS.

3447 350 3578 415 1974

372 477 2206 514 ...______._____________________

3138 505 3540 521 m-

1595 599 2144 773 ΑΔΡΙΑΝ
2157 648 2353 764 ΟΥ

1029 867 1574 962 ΕΙΣΑΓΩΓΗ
1611 806 1783 961 ΕΙΣ
1821 868 2027 960 ΤΑΣ
2074 875 2404 964 ΘΕΙΑΣ
2451 874 2988 966 ΓΡΑΦΑΣυ»

1417 1376 1423 1383 ε
1648 1219 2310 1351 ADRIANI
2594 1366 2604 1375 ,

946 1468 1439 1564 ISAGOGE
1510 1469 1661 1560 AD
1748 1474 2167 1567 SACRAS
2234 1416 2992 1570 scalprunAs.

1247 1662 1439 1720 JOANN.
1472 1664 1827 1735 Pnsnsomus,
1857 1666 2043 1723 Critic.
2077 1667 2229 1724 Sacr.
2273 1678 2313 1725 t.
2343 1669 2481 1740 VIII,
2508 1682 2565 1742 p'.
2592 1671 2679 1729 II.

426 1927 535 1981 Τοῦ
575 1925 864 1999 Ἐόραῖκοΰ
891 1927 1237 1998 χαρακτῆρος
1280 1896 1586 1998 ἰδιωμάτων
1621 1929 1769 2011 ᾂστὶν
1805 1931 1921 2001 εῐδη

2092 1928 2319 1998 Linguae
2352 1925 2632 1982 Hebraicae
2656 1925 2995 1999 idiomatum
3031 1935 3161 1983 sunt
3188 1937 3299 1984 tres
3325 1929 3535 1999 species
3564 1945 3582 1985 ι

356 2019 507 2089 τρία’
563 2010 639 2071 ὧν
688 2016 751 2070 τὺ
802 2016 902 2086 μὲν
949 2018 1040 2071 ἐπὶ
1092 2018 1194 2087 τῆς
1244 2017 1481 2082 διανοίας
1529 2010 1677 2092 εὖροι
1710 2037 1795 2083 τις
1831 2020 1917 2087 ἂν,

356 2108 418 2163 τδ
444 2108 500 2163 δὲ
528 2109 620 2162 ἐπὶ
654 2109 751 2179 τῆς
780 2106 1080 2173 λέξεως,”τδ
1101 2108 1158 2162 δὲ
1180 2108 1274 2162 ἐπὶ
1299 2110 1398 2177 τῆς
1429 2110 1752 2176 συνθέσεως.

686 2198 855 2267 Ἀρχὴ
897 2196 1015 2253 τῶν
1055 2199 1152 2253 ἐπί
1181 2198 1292 2269 τῆς
1317 2199 1606 2266 διανοίας.

425 2289 501 2344 Τὸ
532 2289 629 2360 μὶν
654 2286 747 2343 οὖν
774 2289 866 2343 ἐπὶ
889 2290 988 2360 τῆς
1016 2288 1250 2353 διανοίας
1277 2290 1415 2354 ἐστὶ,
1445 2289 1505 2343 τὸ
1530 2292 1638 2345 ἀπὸ
1659 2291 1767 2348 τῶν
1791 2294 1923 2363 ἡμῖν

358 2380 666 2451 προσόντων
688 2379 781 2434 τοῦ
810 2379 943 2434 Θεοῦ
970 2382 1324 2451 σχηματίζειν
1346 2383 1446 2447 τὰς
1473 2383 1774 2454 ἐνεργείας,
1805 2385 1923 2456 ἦτοι

359 2467 452 2522 ἐπὶ
479 2466 648 2536 καλῷ,
684 2467 719 2539 ἢ
765 2468 856 2520 ἐπὶ
888 2467 1044 2537 κακῷ
1087 2457 1377 2538 γινομένας
1402 2485 1418 2501 ο
1452 2471 1595 2541 φημί⁵
1632 2472 1717 2541 δὴ,
1753 2472 1786 2545 ἢ
1817 2473 1925 2527 ἀπὸ

362 2558 561 2630 μελῶν,
595 2558 628 2629 ἢ
659 2559 768 2613 ἀπὸ
796 2557 1124 2628 αἰσθήσεων,
1151 2559 1185 2629 ἢ
1218 2559 1325 2613 ἀπὸ
1356 2562 1628 2627 κινήσεων
1678 2561 1925 2634 ψυχικῶν

361 2649 431 2721 [ἦ
479 2650 589 2703 ἀπὸ
645 2651 911 2719 κινήσεων
957 2650 1304 2720 σωματικῶν,
1347 2633 1517 2723 ἢᾶπὸ
1551 2653 1738 2707 παθῶν
1758 2633 1927 2725 ίψυχι-

361 2740 517 2814 κῶν],
545 2741 578 2814 ἢ
607 2739 714 2795 ἀπὸ
738 2740 927 2796 παθῶν
961 2742 1305 2813 σωματικῶν,
1336 2744 1367 2814 ἢ
1399 2745 1505 2798 ἀπὸ
1525 2745 1836 2813 διαθέσεων,
1866 2747 1922 2819 [ἢ

358 2833 467 2888 ἀπὸ
496 2833 689 2889 κοινῶν
716 2832 903 2899 δοξῶν,
930 2832 963 2904 ἤ
995 2833 1103 2887 ἀπὸ
1124 2834 1497 2908 ἀξιωμάτων,]
1528 2835 1561 2908 ἦ
1596 2837 1704 2890 ἀπὸ
1734 2841 1926 2909 ἐπιτη-

358 2921 662 2992 δευμάτων,
706 2922 740 2994 ἢ
790 2923 898 2976 ἀπὸ
951 2923 1153 2989 τόπων,
1195 2923 1228 2995 ἢ
1268 2923 1376 2978 ἀπὸ
1406 2926 1729 2995 στολισμῶν,
1757 2928 1790 2999 ἢ
1818 2929 1927 2982 ἀπὸ

359 3012 519 3078 ἐθῶν,
552 3013 586 3084 ἢ
612 3013 719 3067 ἀπὸ
742 3014 1055 3085 σχημάτων,
1086 3014 1120 3086 ἢ
1148 3014 1256 3069 ἀπὸ
1286 3014 1408 3070 ὅλου
1439 3014 1533 3070 τοῦ
1569 3017 1732 3082 ζώου.

429 3191 502 3246 α’.
534 3191 723 3255 Ὅπως
744 3191 852 3245 ἀπὸ
875 3189 1051 3260 μελῶν
1068 3207 1081 3221 ·
1113 3190 1219 3245 ἀπὸ
1241 3193 1341 3262 μὲν
1370 3192 1567 3263 μελῶν,
1592 3195 1668 3258 ὡς
1692 3194 1753 3249 τό
1774 3210 1787 3225 ο
1815 3196 1927 3250 ’Τὰ

2019 2035 2253 2089 quarum
2302 2033 2464 2072 unam
2499 2032 2527 2071 a
2564 2018 2997 2088 cogitationibus
3041 2018 3308 2086 invenies,
3342 2019 3502 2074 aliam
3549 2035 3581 2074 ι

2022 2110 2183 2182 stylo,
2224 2109 2386 2162 aliam
2423 2124 2454 2162 a
2485 2108 2905 2177 compositione.

2199 2199 2532 2267 Principium
2560 2198 2874 2252 idiomatum
2906 2215 2938 2252 a
2969 2197 3402 2269 cogitationibus.

2091 2272 2248 2355 Quod
2282 2301 2415 2357 ergo
2445 2305 2476 2341 a
2517 2286 2944 2355 cogitationibus
2972 2296 3078 2351 est,
3117 2286 3221 2340 hoc
3251 2285 3320 2339 ah
3349 2285 3433 2341 his
3464 2301 3586 2355 quae

2023 2387 2209 2433 nostra
2257 2385 2386 2432 sunt
2433 2376 2530 2431 Dei
2574 2376 2833 2447 emngere
2874 2376 3266 2445 operationes,
3326 2386 3439 2430 tum
3487 2392 3586 2445 pro

2021 2466 2192 2533 bono,
2224 2473 2336 2521 tum
2365 2480 2464 2536 pro
2502 2465 2648 2520 malo
2674 2465 2899 2521 eﬂ‘ectus
2929 2484 2943 2520 :
2975 2463 3099 2519 dico
3125 2474 3220 2519 aut
3250 2479 3281 2518 a
3305 2464 3585 2528 membris,

2024 2567 2118 2613 aut
2155 2573 2186 2614 a
2217 2558 2492 2625 sensibus,
2525 2567 2621 2612 aut
2652 2573 2683 2612 a
2711 2557 2952 2612 motibus
2979 2554 3384 2625 spiritualibus,
3435 2563 3530 2609 aut
3556 2569 3589 2609 a

2023 2651 2266 2706 motibus
2295 2650 2696 2720 corporalibus,
2724 2657 2819 2704 aut
2847 2663 2878 2702 a
2907 2646 3257 2718 passionibus
3288 2645 3590 2715 spirituali-

2023 2741 2149 2807 bus,
2198 2742 2346 2796 auta
2380 2738 2730 2810 passionibus
2775 2737 3170 2809 corporalibus,
3228 2744 3323 2790 aut
3350 2736 3590 2805 adispo-

2026 2829 2343 2896 sitiouibus,
2397 2837 2493 2884 aut
2524 2843 2555 2882 a
2589 2818 2976 2883 communibus
3008 2824 3275 2889 dicteriis,
3307 2833 3403 2878 aut
3445 2839 3475 2878 a
3502 2824 3591 2879 di-

2025 2919 2347 2991 gnitatibus,
2382 2927 2478 2974 aut
2509 2919 2578 2973 ab
2610 2918 2809 2989 agendi
2851 2917 3178 2982 rationibus,
3226 2925 3322 2968 aut
3363 2928 3394 2967 a
3430 2913 3588 2978 locis,

2025 3019 2121 3063 aut
2149 3009 2217 3063 ab
2244 3007 2597 3074 indumentis,
2630 3014 2724 3063 aut
2756 3022 2787 3062 a
2815 3007 3087 3072 moribus,
3121 3014 3214 3059 aut
3241 3017 3271 3058 a
3296 3001 3459 3069 facie,
3496 3012 3591 3058 aut

2027 3113 2058 3152 a
2090 3108 2204 3153 toto
2231 3098 2476 3151 animali.
3151 3101 3155 3105 '

2098 3191 2150 3244 I.
2192 3189 2483 3256 Quomodo
2514 3204 2542 3243 a
2597 3187 2900 3243 membris:
2930 3203 2964 3243 a
3007 3188 3285 3257 membris,
3337 3188 3587 3245 scilicet:

360 3284 606 3356 βλέφαρα
629 3282 793 3338 αὐτοῦ
827 3259 1068 3349 ἐξετάζει
1096 3282 1222 3345 τοὺς
1243 3259 1401 3347 *υἱοὺς
1423 3283 1532 3339 τῶν
1552 3259 1875 3358 ἀνθρώπωνο
1898 3307 1917 3341 ι

2032 3299 2051 3332 ι
2084 3279 2363 3350 Palpebrae
2390 3281 2511 3351 ejus
2550 3280 2888 3351 interrogant
2918 3280 3065 3336 ﬁlios
3104 3281 3428 3347 hominum;
3461 3298 3481 3332 ι
3512 3288 3589 3343 et,

360 3376 454 3430 καὶ
496 3374 577 3441 τὸ,
639 3394 658 3427 ι
707 3373 1002 3444 Ὀφϐαλμοὶ
1047 3373 1254 3444 Κυρίου
1290 3373 1382 3427 ἐπὶ
1418 3374 1696 3440 δικαίουςο
1735 3396 1754 3428 ι
1806 3379 1924 3442 καὶ,

364 3483 385 3518 ι
409 3466 590 3536 Στόμα
628 3464 833 3536 Κυρίου
865 3463 1095 3531 ἰλάλησε
1120 3462 1321 3517 ταῦτα’
1359 3483 1379 3515 ι
1418 3466 1512 3517 καὶ
1552 3464 1632 3528 τὸ,
1659 3484 1678 3517 ι
1700 3466 1927 3533 Ἀγαθός

362 3567 451 3621 μοι
478 3552 506 3603 ό
534 3550 699 3620 νόμος
724 3547 818 3602 τοῦ
847 3548 1112 3615 στόματός
1137 3566 1254 3601 σου·
1287 3567 1306 3599 ι
1341 3550 1436 3602 καὶ
1466 3551 1546 3617 τὸ,
1579 3546 1683 3604 «Ἶὶ
1712 3552 1819 3622 μὴν
1845 3553 1929 3617 ἐξ.

359 3637 638 3692 ελεύσεται
684 3637 749 3689 ὲκ
795 3635 890 3688 τοῦ
921 3637 1188 3705 στόματός
1220 3654 1321 3706 μου
1357 3637 1674 3709 δικαιοσύνη
1696 3656 1710 3669 ·
1752 3660 1771 3693 ι
1810 3643 1926 3707 καὶ,

365 3746 385 3779 ι
428 3726 725 3796 Πρόσωπον
779 3724 988 3796 Κυρίου
1043 3727 1137 3779 ἐπὶ
1178 3724 1482 3789 ποιοῦντας.
1518 3727 1700 3781 κακά·
1742 3748 1761 3780 ι
1810 3729 1927 3796 καὶ,

365 3835 385 3869 t
418 3815 664 3885 Ἕπαρον
691 3814 788 3878 τὰς
817 3813 1005 3883 χεῖρὰς
1035 3832 1127 3868 σου
1159 3817 1253 3869 ἐπὶ
1284 3816 1383 3880 τὰς
1415 3818 1798 3889 ὑπερηφανίας
1830 3820 1930 3872 αὑ-

358 3907 486 3962 τῶν.
521 3925 541 3959 ι
579 3906 691 3975 Τὴν
732 3903 935 3971 δεξιὰν,
970 3906 1065 3958 ἐπὶ
1105 3906 1215 3959 τῶν
1270 3908 1593 3978 κρειττόνων
1637 3904 1777 3963 οἶδεν
1815 3910 1930 3962 ὀνο-

363 3997 578 4070 μάζειν,
610 3998 686 4062 ὼς
730 3997 1105 4070 τιμιωτέραν·
1154 3993 1266 4053 οἷον
1312 3990 1402 4063 τὸ,
1458 4019 1478 4052 ι
1520 4000 1678 4067 Δεξιὰ
1726 4000 1929 4072 Κυρίου

359 4090 579 4161 ἐποίησε
625 4087 891 4157 δύναμινο
932 4107 953 4141 ι
1005 4090 1098 4153 καὶ
1140 4090 1222 4155 τὸ,
1275 4110 1293 4143 ι
1335 4092 1809 4163 Προσκυνήσωμεν
1851 4094 1931 4156 είς

356 4181 450 4235 τὸν
477 4181 638 4236 τόπον
666 4174 728 4235 οὗ
752 4180 985 4251 ἔστησαν
1011 4181 1062 4233 oi
1093 4181 1249 4245 πόδες
1274 4180 1437 4235 αὑτοῦ
1458 4199 1473 4213 ο
1507 4203 1526 4235 ι
1564 4183 1660 4235 καὶ
1688 4184 1788 4237 ὅσα
1808 4184 1931 4236 τού-

357 4289 468 4335 τοις
493 4270 851 4343 παραπλήσια
868 4286 883 4302 ⁸
909 4270 1115 4325 τούτων
1137 4272 1214 4339 δὲ,
1242 4273 1312 4326 τὰ
1335 4273 1434 4342 μὲν
1457 4274 1549 4327 ἐπὶ
1572 4275 1835 4347 σωτηρίᾳ,
1863 4275 1933 4330 τὰ

358 4363 416 4417 δὲ
444 4362 536 4417 ἐπὶ
558 4360 798 4433 τιμωρίᾳ
831 4362 1217 4431 προϐάλλεται.

431 4456 496 4526 β’.
536 4455 724 4516 Ὅπως
777 4453 886 4506 ἀπὸ
936 4454 1277 4525 αἰσθήσεων·
1310 4436 1387 4519 ὡς
1419 4455 1501 4520 τὸ,
1550 4474 1570 4509 ι
1607 4456 1933 4526 Ἐπέὸλεψεν

2032 3390 2051 3424 ι
2080 3370 2237 3427 Oculi
2279 3372 2499 3426 Domini
2544 3386 2710 3441 super
2729 3363 2997 3441 justos;')
3030 3381 3108 3437 et,
3149 3390 3168 3424 ι
3200 3372 3412 3427 Bonum
3458 3369 3595 3424 mihi

2026 3462 2111 3515 lex
2146 3462 2260 3516 oris
2296 3462 2412 3528 tui;
2451 3480 2470 3514 ι
2502 3470 2578 3527 et,
2615 3481 2635 3514 ι
2686 3461 3012 3531 Egredietur
3049 3463 3116 3518 de
3165 3478 3259 3519 ore
3290 3478 3411 3518 meo
3431 3461 3596 3531 justi-

2028 3551 2131 3616 tia;
2164 3569 2184 3601 ι
2217 3560 2291 3615 et,
2339 3568 2359 3602 ι
2390 3551 2587 3606 Vultus
2618 3551 2836 3605 Domini
2869 3566 3034 3619 super
3061 3550 3330 3607 facientes
3361 3552 3540 3618 mala;
3570 3570 3590 3602 ι

2026 3649 2103 3706 et,
2145 3658 2164 3692 ι
2197 3640 2341 3696 Leva
2382 3656 2580 3696 manus
2612 3649 2735 3697 tuas
2765 3643 2819 3696 in
2857 3641 3144 3712 superbias
3169 3641 3391 3696 eorum.
3423 3661 3442 3694 ι
3482 3641 3598 3696 Ma-

2030 3746 2161 3786 num
2188 3732 2435 3791 dextram
2467 3732 2534 3787 de
2564 3732 2886 3788 melioribus
2908 3746 3106 3787 vocare
3134 3731 3308 3799 novit,
3338 3741 3597 3800 tanquam

2029 3822 2522 3890 honorabiliorem,
2574 3823 2785 3878 scilicet
2820 3842 2834 3879 :
2867 3841 2888 3875 ι
2922 3824 3153 3878 Dextera
3209 3822 3425 3877 Domini
3472 3822 3601 3897 fecit

2028 3915 2318 3980 virtutem;
2348 3932 2367 3966 ι
2389 3923 2462 3977 et,
2501 3933 2521 3966 ι
2549 3914 2914 3970 Adorabimus
2958 3916 3013 3968 in
3050 3914 3173 3969 loco
3212 3914 3302 3970 ubi
3334 3920 3600 3969 steterunt

2029 4000 2193 4069 pedes
2221 4001 2375 4071 ejus;
2406 4019 2425 4053 ι
2461 4016 2807 4072 quaecunque
2837 4002 2925 4057 his
2957 3999 3333 4057 assim'ilantur
3361 4020 3374 4054 :
3401 4002 3599 4056 borum

2031 4092 2136 4146 alia
2172 4092 2239 4147 de
2270 4093 2469 4158 salute,
2512 4093 2618 4148 alia
2643 4093 2711 4148 de
2739 4108 2898 4164 poena
2947 4092 3294 4149 emittuntur.
3329 4092 3505 4163 (Psal.
3544 4110 3598 4160 κ,

2031 4184 2100 4250 5;
2139 4199 2333 4250 xum,
2368 4184 2469 4252 I6;
2506 4183 2623 4239 Isa.
2653 4200 2694 4249 ι,
2742 4184 2845 4253 20;
2885 4200 3038 4249 Lvm,
3073 4185 3174 4247 I4;
3221 4183 3370 4240 Psal.
3406 4200 3601 4243 cxvm.

2031 4275 2136 4341 72;
2192 4275 2308 4331 Isa.
2357 4292 2480 4342 λιν,
2529 4276 2635 4342 Q5;
2686 4275 2841 4332 Psal.
2895 4290 3090 4339 χχχιιι.
3143 4277 3245 4343 I7;
3288 4291 3483 4345 Luxu,
3549 4277 3607 4345 3;

2031 4379 2199 4431 cxvu,
2235 4365 2337 4432 I6;
2372 4380 2560 4431 cum,
2597 4365 2664 4432 7;
2700 4363 2878 4437 [ηιμ
2913 4365 3003 4429 15,
3037 4364 3220 4439 non].)

2100 4455 2155 4509 2.
2196 4454 2487 4523 Quomodo
2530 4473 2561 4512 a
2609 4457 2867 4514 sensibus
2901 4477 2913 4512 :
2946 4458 3090 4512 sicut
3120 4477 3133 4512 :
3167 4476 3187 4509 ι
3217 4456 3290 4512 De
3337 4456 3477 4512 coelo
3519 4470 3606 4510 re-

362 4546 421 4615 ἐξ
449 4542 678 4619 οὐρανοῦ
722 4543 751 4595 ό
776 4544 1002 4617 Κύριος,
1045 4541 1153 4599 είδε
1206 4546 1420 4611 πάντας
1467 4548 1594 4612 τοὺς
1633 4549 1784 4612 υἱοὺς
1826 4550 1931 4603 τῶν

2036 4548 2213 4618 spexit
2251 4548 2529 4615 Dominus,
2563 4549 2695 4604 vidit
2724 4564 2918 4604 omnes
2947 4549 3088 4604 ﬁlios
3119 4549 3400 4602 hominum
3427 4564 3441 4611 ;
3477 4566 3496 4599 ι
3529 4555 3602 4612 et,
3674 4596 3675 4599 η

361 4638 682 4711 ἀνθρώπων
726 4640 861 4696 »καὶ
896 4638 978 4706 τὸ,
1015 4656 1035 4690 ι
1065 4639 1220 4709 Φωνῇ
1267 4655 1368 4708 μου
1405 4637 1543 4709 πρὸς
1571 4638 1777 4711 Κύριον
1816 4639 1936 4692 ἐκέ-

364 4730 565 4800 κραξα,
596 4734 692 4786 καὶ
741 4729 1017 4802 ἐπήκουσέ
1050 4745 1153 4799 μου
1175 4744 1189 4758 ’
1224 4747 1242 4780 ι
1273 4729 1389 4794 καὶ,
1423 4747 1441 4780 ‹
1471 4726 1675 4799 Κύριος
1695 4730 1937 4785 εἰσακού-

322 4857 326 4861 -
362 4820 514 4875 σεταί
559 4837 697 4891 μου*
736 4838 757 4873 ι
795 4820 910 4882 καὶ,
952 4836 972 4870 ι
1008 4816 1313 4889 Ὠσφράνθη
1372 4817 1577 4888 Κύριος
1623 4819 1797 4891 ὀσμὴν
1846 4820 1937 4873 εὑ-

361 4910 553 4975 ωδίας⁹
588 4929 608 4963 ι
640 4911 755 4976 καὶ,
790 4929 810 4963 ι
843 4908 1252 4974 Ἐξαπόστειλον
1275 4907 1375 4980 τὴν
1409 4909 1569 4979 χεῖρά
1595 4925 1690 4962 σου
1711 4925 1726 4940 ·
1766 4929 1785 4962 ι
1821 4911 1935 4975 καὶ,

367 5020 386 5054 ι
415 5002 584 5072 Ἆψαι
623 5002 734 5058 τῶν
766 5001 970 5056 ὀστέων
995 4998 1160 5055 αὐτοῦ
1180 5014 1194 5029 ·
1230 5019 1250 5052 ι
1284 4999 1399 5064 καὶ,
1435 5019 1455 5052 ι
1488 5001 1626 5072 Χεὶρ
1658 5000 1864 5072 Κυρίου
1901 5004 1935 5073 ἡ

362 5094 618 5165 ἁψαμένη
657 5111 792 5166 μου·
836 5111 857 5146 ι
902 5094 1020 5158 καὶ,
1075 5111 1096 5145 ι
1134 5093 1193 5146 '0
1226 5092 1533 5162 ἁπτόμενος
1589 5093 1699 5147 τῶν
1745 5095 1939 5167 όρέων,

363 5187 457 5239 καὶ
486 5186 859 5250 καπνίζονται·
895 5203 916 5239 ι
951 5186 1067 5249 καὶ,
1104 5203 1123 5237 ι
1146 5183 1471 5255 Ψηλαφήσω
1505 5187 1684 5239 πᾶσαν
1705 5185 1803 5257 τὴν
1830 5185 1945 5241 ἀδι-

362 5277 488 5331 κίαν
511 5279 611 5349 τῆς
637 5278 744 5348 γῆς
768 5277 986 5348 ἐκείνης
1005 5294 1019 5309 ο
1056 5296 1074 5329 ι
1102 5276 1197 5330 καὶ
1225 5276 1309 5343 τὸ,
1342 5295 1361 5328 ι
1392 5276 1485 5347 Μὴ
1517 5277 1782 5346 φάγωμαι
1805 5276 1942 5348 κρέα

360 5362 610 5434 ταύρωψ
647 5383 667 5417 ι
708 5366 804 5419 καὶ
831 5368 860 5419 ὁ
884 5365 1098 5437 Σωτὴρ,
1141 5382 1160 5416 ‹
1202 5363 1346 5433 Ἐγὼ
1386 5364 1591 5435 βρῶσιν
1614 5364 1724 5435 ἔχω
1749 5369 1943 5434 φαγεῖν

362 5455 432 5527 ἢν
456 5456 618 5527 ὑμεῖς
639 5456 740 5510 οὐκ
763 5456 963 5510 οίδατε’
996 5475 1015 5510 ι
1043 5457 1165 5525 καὶ,
1187 5474 1211 5509 ι
1244 5455 1409 5527 Ἐμὸν
1436 5455 1634 5527 βρῶμά
1659 5457 1828 5523 ἐστιν,
1857 5446 1944 5510 ἵνα

2045 4658 2063 4691 ι
2098 4637 2244 4694 Voce
2289 4655 2409 4694 mea
2476 4640 2543 4694 ad
2595 4638 2887 4695 Dominum
2938 4638 3165 4695 clamavi
3224 4647 3278 4693 et
3328 4637 3609 4693 exaudivit

2040 4744 2155 4797 me;
2195 4749 2214 4782 ι
2240 4739 2314 4796 et,
2353 4749 2372 4782 ι
2404 4730 2671 4786 Dominus
2695 4725 2954 4786 exaudiet
2981 4746 3095 4798 me;
3136 4749 3153 4780 ι
3185 4740 3256 4796 et,
3286 4748 3304 4782 ι
3336 4727 3607 4784 Odoratus

2038 4831 2123 4876 est
2148 4821 2411 4877 Dominus
2436 4822 2663 4877 odorem
2694 4821 2983 4877 suavitatis
3009 4837 3025 4887 ;
3060 4840 3078 4873 ι
3108 4831 3181 4887 et,
3214 4839 3232 4871 ι
3261 4819 3459 4873 Emitte
3489 4832 3610 4871 ma-

2039 4925 2171 4964 num
2202 4918 2388 4977 tuam;
2430 4929 2449 4963 ι
2502 4921 2577 4975 et,
2624 4929 2644 4962 ι
2673 4911 2855 4981 Tange
2896 4928 2960 4966 os
2996 4911 3150 4981 ejus;
3186 4929 3204 4962 ι
3259 4919 3334 4970 et.
3372 4907 3609 4978 rManus

2040 4998 2255 5057 Domini
2291 5002 2468 5071 tetigit
2516 5017 2637 5068 me;
2673 5021 2692 5054 ι
2729 5010 2805 5067 et,
2864 5020 2882 5054 ι
2923 4999 3028 5067 Qui
3073 5000 3250 5071 tangit
3299 5007 3512 5054 montes
3555 5006 3613 5053 et

2042 5091 2347 5163 fumigant;
2377 5111 2395 5144 ι
2421 5103 2494 5159 et,
2532 5111 2551 5144 ‹
2583 5091 2825 5164 Tangam
2849 5108 3066 5148 omnem
3091 5092 3427 5161 iniquitatem
3452 5082 3611 5146 terra:

2044 5182 2228 5247 illius;
2262 5202 2281 5236 ι
2313 5190 2389 5249 et,
2443 5202 2461 5235 ι
2489 5181 2747 5254 Nunquid
2796 5184 3145 5239 manducabo
3180 5198 3374 5238 carnes
3423 5191 3611 5236 tauro-

2046 5274 2210 5326 rum?
2245 5292 2265 5325 ι
2303 5272 2369 5327 Et
2397 5270 2687 5329 Salvator:
2726 5293 2745 5325 ι
2773 5272 2889 5345 Ego
2930 5275 3112 5330 cibum
3162 5274 3336 5329 habeo
3382 5272 3612 5326 mandu-

2046 5376 2172 5418 care
2198 5379 2362 5433 quem
2389 5380 2487 5418 vos
2534 5365 2798 5431 nescitis;
2833 5383 2851 5416 ι
2886 5374 2962 5428 et,
3001 5383 3020 5417 ‹
3050 5363 3204 5418 Meus
3232 5364 3387 5417 cibus
3426 5369 3510 5415 est
3548 5370 3611 5415 ut

2051 5453 2248 5510 faciam
2275 5456 2607 5511 voluntatem
2635 5455 2816 5511 Patris
2855 5456 2963 5511 mei
2990 5472 3005 5523 ;
3039 5474 3058 5507 ι
3087 5462 3140 5509 et
3168 5448 3469 5523 praesentiae
3492 5451 3613 5521 ejus

1512 5571 1741 5628 DAVID.
1796 5569 2191 5627 HIESCHELII
2219 5571 2450 5627 ΝΟΤιΕ.

431 5667 510 5731 (l)
560 5667 867 5736 Ἐσαγωνὴ
914 5671 998 5732 εὶς
1028 5684 1079 5737 τ,
1122 5671 1175 5719 θ.
1217 5668 1482 5735 Γραφάς.
1520 5664 1744 5722 Photius
1769 5706 1783 5732 ,
1838 5665 2174 5737 Ἀνεγνώσοη
2228 5665 2505 5737 ’Λδριανοῦ
2556 5662 2844 5735 Εἰσαγωγη
2889 5661 2989 5732 τῆς
3028 5658 3249 5730 Γραφῆς
3287 5673 3300 5689 ⁸
3343 5653 3613 5726 χρήσιμος

364 5737 475 5799 τοῖς
502 5737 874 5803 εἰσαγομένοις
910 5740 941 5805 ἠ
978 5736 1178 5806 βίϐλθς.
