4038 6274
413 389 545 455 1281

412 596 693 667 πτωχείας
722 592 908 664 ἡμῶν.
938 613 958 646 ι
1516 630 1519 631 ν

484 683 564 736 ιδ’.
611 683 722 753 Τὴν
768 682 867 754 τῆς
905 682 1222 754 προθέσεως
1250 684 1332 746 εἰς
1361 682 1522 754 ἔργον
1551 684 1800 748 ἔκϐασιν,
1832 685 1985 749 πλη-

409 777 698 845 ροφορίαν
725 776 823 847 τῆς
851 776 945 829 τοῦ
978 775 1115 829 Θεοῦ
1146 776 1422 846 γνώσεως
1451 777 1740 840 ἀποκαλεῖ,
1766 775 1841 838 ὡς
1879 773 1983 847 [τὸ]

415 867 549 938 παρ’
574 869 712 938 ἡμῖν
745 867 1168 938 ἀξιοπιστότερα
1197 869 1309 921 τῶν
1351 867 1532 935 λόγων
1557 868 1627 920 τὰ
1654 867 1983 937 πράγματα,

414 961 490 1024 ὡς
515 960 597 1024 τὸ,
634 979 653 1010 ι
678 961 939 1024 Καταϐὰς
966 957 1059 1014 οῦν
1095 961 1324 1031 ὅψομαιο
1351 961 1401 1013 εἰ
1433 959 1576 1013 κατὰ
1607 958 1708 1030 τὴν
1733 958 1985 1029 κραυγὴν

415 1050 594 1103 αὐτῶν
616 1050 713 1121 τὴν
755 1052 1057 1123 ἐρχομένην
1103 1052 1241 1123 πρός
1283 1068 1350 1122 με
1387 1050 1796 1104 συντελοῦνται·
1841 1051 1891 1101 εἰ
1931 1048 1987 1100 δὲ

420 1140 516 1212 μὴ,
541 1140 627 1194 ἵνα
657 1140 802 1209 γνῶ·
838 1160 856 1192 ι
886 1141 979 1194 καὶ
1009 1142 1092 1207 τὸ,
1127 1161 1145 1194 ι
1183 1141 1497 1210 Νῦννέγνῳν
1523 1142 1604 1195 ὃτι
1629 1140 1769 1211 φοϐῇ
1804 1141 1868 1193 σὺ
1896 1138 1986 1191 τὸν

417 1230 570 1284 Θεὸν.
615 1250 634 1281 ι

488 1327 571 1376 ιε’.
610 1320 682 1374 Τὸ
712 1321 956 1391 ἄφυκτον
991 1322 1086 1376 τοῦ
1137 1323 1275 1377 Θεοῦ
1306 1324 1485 1395 δίκης,
1516 1326 1773 1392 ἔρευναν
1801 1324 1984 1377 καλεῖ·

418 1414 494 1477 ὡς
525 1414 604 1481 τὸ,
634 1433 652 1464 ι
677 1415 788 1468 Καὶ
820 1415 973 1468 ἐσται
1004 1417 1063 1468 ἐν
1092 1418 1158 1486 τῇ
1190 1417 1375 1488 ἡμέρᾳ
1410 1416 1621 1487 ἐκείνῃ,
1647 1415 1989 1487 ἐξερευνήσω

416 1506 516 1575 τὴν
555 1505 918 1578 Ἰερουσαλὴμ
943 1509 1083 1578 μετὰ
1104 1507 1356 1577 λύχνου.»
1384 1507 1485 1577 Εῐη
1509 1507 1552 1560 δ’
1578 1508 1644 1561 ἂν
1673 1507 1844 1561 ταῦτα
1881 1506 1989 1560 ἀπὸ

420 1595 610 1647 παθῶν
639 1594 914 1666 ψυχικῶν.
1102 1642 1113 1649 .

493 1691 589 1750 ις’.
627 1686 735 1749 Τὴν
769 1686 871 1756 τῆς
899 1686 1044 1741 κατὰ
1071 1687 1180 1741 τῶν
1220 1686 1430 1759 ἐχθρῶν
1455 1689 1532 1761 (5)
1574 1690 1743 1743 αὑτοῦ
1773 1690 1990 1761 ἀμύνης

420 1776 737 1846 ὑπέρθεσιν,
760 1779 858 1848 τήν
880 1795 938 1831 τε
970 1772 1109 1850 πρὸς
1130 1778 1257 1842 τοὺς
1280 1780 1517 1847 οἰκείους
1541 1781 1834 1853 ἐπίκουρον
1866 1781 1991 1854 βρα-

417 1867 652 1939 δυτῆτα,
703 1849 1056 1940 νυσταγμὸιν·
1102 1871 1197 1925 καὶ
1244 1871 1445 1925 ὕπνον
1487 1875 1583 1926 καὶ
1624 1849 1991 1943 καρῆὄαρίαν
2019 1849 2063 1907 Β

420 1959 712 2012 ἀποκαλεῖο
738 1959 812 2023 ὡς
849 1958 931 2026 τὸ,
968 1980 987 2012 ι
1016 1960 1393 2032 Ἐξεγέρθητι,
1428 1962 1515 2017 ἵνα
1546 1962 1599 2016 τί
1639 1964 1850 2027 ὑπνοῖς,
1879 1963 1992 2027 Κύ-

422 2066 540 2119 ριε;
575 2069 593 2102 ι
632 2051 746 2116 καὶ,
779 2070 796 2103 ι
825 2053 899 2104 Οὐ
941 2050 1016 2123 μὴ
1073 2052 1313 2125 νυστᾴξῃ
1365 2053 1491 2107 οὐδὲ
1545 2055 1783 2126 ὑπνώσῃ,
1813 2058 1990 2125 ὁ-φυ-

324 2212 325 2215 η
419 2139 634 2195 λάσσων
664 2142 754 2195 τὸν
776 2141 1020 2214 Ἰσραήλ.
1060 2161 1080 2196 ι
1115 2144 1218 2215 Εῐη
1260 2144 1306 2197 δ’
1344 2145 1410 2199 ἂν
1443 2145 1619 2201 ταῦτα
1662 2146 1770 2200 ἀπὸ
1801 2147 1993 2202 παθῶν

423 2233 777 2302 σωματικῶν.
1056 2220 1060 2225 λ
1730 2230 1731 2233 ¹

495 2326 581 2391 ιζ’.
616 2326 729 2397 Τὴν
754 2326 1098 2399 καταθύμιον
1126 2326 1203 2398 τῷ
1228 2326 1347 2398 Θεῷ
1373 2328 1651 2381 πολιτείαν
1673 2328 1831 2399 ἡμῶν
1852 2328 1994 2399 ἀγά-

423 2434 548 2486 πην
582 2418 750 2471 αὐτοῦ
785 2418 931 2488 μάλα
960 2436 1023 2487 γε
1055 2420 1284 2482 εἰκότως
1323 2417 1605 2489 ὀνομάζει.

498 2509 590 2580 ιη’.
630 2511 802 2573 Μῖσος
834 2510 911 2576 δέ,
953 2509 1014 2563 τὸ
1042 2509 1141 2581 τὴν
1181 2507 1432 2563 ἐναντίαν
1452 2510 1551 2581 τῆς
1571 2509 1735 2564 αὑτοῦ
1760 2508 1999 2580 βαδίζειν

428 2600 759 2670 βουλήσεως.

499 2690 584 2746 ιϐ’.
618 2691 728 2746 Καὶ
759 2688 966 2759 ζῆλον,
996 2689 1058 2743 τὸ
1075 2691 1204 2755 τοὺς
1229 2689 1465 2755 οἰκείους
1482 2691 1747 2762 τιμωρεῖν
1764 2706 1779 2722 ο
1811 2689 1887 2753 ὡς
1912 2689 1994 2757 τὸ,

433 2799 452 2832 ι
479 2781 755 2852 Ἐζὴλωσε
784 2779 989 2852 Κύριος
1018 2780 1116 2853 τὴν
1136 2780 1243 2851 γῆν
1270 2779 1462 2836 αὑτοῦ.
1498 2800 1517 2834 ι
1540 2780 1641 2853 Εἴη
1669 2781 1717 2835 δ’
1739 2781 1804 2835 ἂν
1826 2779 1998 2834 ταῦτα

422 2872 539 2926 ’ἀπὸ
570 2871 886 2926 διαθέσεων.
928 2889 939 2897 ’

497 2970 566 3019 κ’.
613 2965 723 3036 Τὴν
756 2965 855 3035 τῆς
888 2962 1248 3035 Ἰερουσαλὴμ
1284 2964 1378 3019 καὶ
1415 2963 1515 3037 τὴν
1556 2966 1654 3036 τῆς
1682 2966 1999 3038 Σαμαρείας

426 3047 567 3126 ’πρὸς
582 3053 673 3109 τὸν
692 3054 824 3108 Θεὸν
840 3054 1139 3122 οἰκείωσιν,
1164 3057 1502 3125 μνηστείαν
1521 3056 1629 3111 τοῦ
1648 3056 1798 3111 Θεοῦ
1817 3057 1995 3125 καλεῖ,

429 3147 518 3200 διὰ
549 3146 609 3199 τὸ
645 3145 898 3217 θηλυκῶς
942 3146 1084 3199 κατὰ
1129 3148 1481 3217 μετωνυμίαν
1508 3147 1618 3201 ἀπὸ
1648 3148 1757 3201 τῶν
1788 3148 1999 3203 πόλεων
2026 3173 2068 3230 ρ

430 3235 889 3307 τοὺς-οἰκήτορας
923 3235 1245 3306 ὀνομάζειν,
1304 3239 1369 3291 ἐκ
1401 3239 1718 3309 μεταφορᾶς
1766 3239 1874 3292 τῶν
1905 3255 2001 3307 γυ-

432 3324 670 3378 ναικῶνο
705 3322 781 3386 ὡς
801 3323 882 3390 τὸ,
925 3341 944 3375 ι
975 3324 1407 3395 Μνηστεύσομαί
1448 3342 1508 3378 σε
1531 3324 1759 3397 ἐμαυτῷ
1796 3328 1875 3389 εἰς
1908 3327 2001 3380 τὸν

436 3414 631 3469 αἰῶνα.
664 3433 683 3466 ι
1839 3416 1853 3429 ·

503 3532 608 3579 καν.
636 3526 847 3596 Ὠσπερ
895 3525 989 3579 καὶ
1032 3525 1132 3597 τὴν
1184 3526 1322 3596 πρὸς
1364 3526 1434 3579 τὰ
1481 3526 1678 3581 εἴδωλα
1727 3527 2003 3585 οἰκείωσιν

431 3616 708 3683 μοιχείαν
736 3615 1029 3668 ἀποκαλεῐ’
1067 3616 1134 3668 δι’
1176 3616 1245 3687 ἠν
1285 3617 1382 3669 καὶ
1426 3616 1630 3685 βιϐλίον
1668 3619 2003 3673 ἀποστασίου

438 3706 646 3785 εἰςθτὰς
673 3707 865 3775 χεῖρας
890 3705 1159 3774 λαμϐάνει
1193 3707 1576 3778 Ἰερουσαλήμ.

504 3817 613 3887 «β’.
650 3815 821 3869 Οὐδὲν
849 3810 1014 3887 ἦττον
1045 3818 1139 3871 καὶ
1173 3821 1241 3888 τῇ
1268 3818 1365 3872 τοῦ
1407 3819 1622 3892 Πατρὸς
1656 3822 2005 3892 προσηγορίᾳ

435 3908 498 3960 τὸ
531 3907 668 3977 πρὸς
701 3907 904 3970 αὐτοὺς
940 3907 1034 3960 τοῦ
1075 3908 1211 3961 Θεοῦ
1267 3908 1429 3973 κῦδος
1478 3910 1757 3981 ἐμφαίνει,
1796 3912 1890 3964 καὶ
1936 3915 2000 3983 τῇ

431 3997 530 4051 τοῦ
563 3997 938 4070 Πρωτοτόκου.
972 3997 1075 4069 Είη
1120 3998 1164 4052 δ’
1218 3999 1286 4054 ἃν
1319 3999 1644 4063 ταῦταάπὸ
1695 4002 1890 4055 κοινῶν
1909 4003 2005 4055 ’δο-

438 4086 565 4154 ξῶν.
689 4110 693 4115 ’
1652 4104 1661 4112 ’

505 4205 613 4269 κγ’.
651 4200 724 4254 Τὸ
748 4202 950 4270 κράτος
969 4200 1066 4256 καὶ
1091 4201 1189 4273 τὴν
1213 4201 1372 4269 δίκην
1393 4202 1487 4255 τοῦ
1505 4202 1644 4259 Θεοῦ
1667 4203 1910 4260 κάθισιν
1926 4206 2002 4277 (1)

435 4288 599 4342 αὐτοῦ
635 4290 729 4344 καὶ
755 4291 972 4357 θρόνον
1001 4291 1280 4361 ὀνομάζει,
1310 4291 1419 4345 ἀπὸ
1441 4293 1534 4346 τοῦ
1562 4294 1691 4365 παρ’
1717 4298 1852 4366 ἡμῖν
1878 4298 2006 4361 τοὺς

438 4380 537 4450 τὴν
566 4380 661 4434 τοῦ
696 4382 906 4452 κρίνειν
940 4399 998 4435 τε
1042 4381 1139 4435 καὶ
1182 4382 1432 4448 κολάζειν
1485 4384 1708 4456 ἔχοντας
1734 4386 2003 4454 ἐξουσίαν,

1459 383 1787 446 ISAGOGE
1831 382 1909 442 IN
1949 381 2052 441 ss.
2083 376 2599 442 'SCRIPTURAS.

410 505 529 577 λὴν,
571 503 772 569 λήθην
829 499 1124 571 ὀνομάζειο
1167 501 1242 565 ὡς
1290 500 1372 564 τὸ,
1414 519 1431 554 ι
1471 500 1842 572 Ἐπιλανθάνῃ
1882 500 1980 572 τῆς

2100 515 2199 553 tem
2256 497 2544 562 nominat,
2603 494 2746 557 sicut
2786 514 2798 550 :
2841 513 2858 546 ι
2891 494 3245 552 Oblivisceris
3294 497 3490 567 inopia:
3561 519 3654 554 ι.υ-
3750 548 3753 553 .

3517 381 3653 448 1282

2083 599 2229 646 Strat.
2269 609 2288 641 ι
2329 589 2502 658 (Psal.
2535 604 2693 657 XLIII,
2723 588 2838 660 24.)

2152 685 2242 739 14.
2283 683 2514 739 Consilii
2566 684 2977 739 exsecutionem
3027 685 3082 738 in
3135 700 3306 754 opus,
3367 685 3656 754 perfectam

2057 776 2183 831 ‘Dei
2207 778 2562 848 cognitionem
2589 788 2766 844 vocat,
2800 787 3059 847 tanquam
3099 792 3223 847 quae
3246 792 3411 853 opera
3434 794 3463 833 δ
3496 781 3656 834 nobis

2085 870 2282 924 melius
2325 862 2509 926 verbis
2545 870 2667 925 ﬁdei
2702 870 3102 935 convenientia,
3152 873 3317 937 sicut,
3365 891 3385 924 ι
3415 870 3656 927 Descen-

2085 962 2209 1015 dam
2257 971 2311 1016 et
2340 961 2533 1015 videbo
2579 969 2761 1015 utrum
2796 962 3095 1017 clamorem
3145 965 3237 1032 qui
3273 965 3420 1017 venit
3460 964 3525 1017 ad
3573 978 3660 1017 me

2086 1066 2251 1120 opere
2285 1051 2696 1120 compleverint,
2725 1066 2793 1105 an
2829 1066 2939 1106 non
2962 1061 3048 1109 est
3079 1054 3173 1120 ita,
3206 1063 3266 1108 ut
3293 1056 3497 1121 sciam;
3527 1075 3547 1108 ι
3582 1066 3655 1122 et,

2094 1160 2112 1193 ι
2147 1140 2303 1197 Nunc
2339 1142 2569 1213 cognovi
2611 1141 2759 1212 quod
2810 1144 2974 1200 times
3024 1143 3214 1200 Deum.
3246 1163 3266 1197 ι
3304 1144 3456 1216 (Cen.
3500 1162 3656 1212 xvut,
3740 1188 3743 1189 ν

2085 1232 2194 1297 21;
2227 1222 2375 1296 xxu’,
2402 1234 2514 1302 12.)

2166 1326 2249 1378 15.
2312 1324 2467 1392 Quod
2519 1327 2681 1382 vitari
2736 1328 2829 1383 Dei
2858 1328 3074 1397 justitia
3118 1339 3371 1400 nequeat,
3426 1331 3662 1385 scrutari

2087 1428 2268 1483 vocat,
2311 1419 2474 1483 sicut,
2518 1438 2536 1469 ι
2564 1419 2631 1473 Et
2676 1421 2780 1474 erit
2824 1421 2879 1473 in
2926 1430 3169 1490 tempore
3209 1423 3300 1477 illo
3326 1462 3341 1484 ,
3373 1424 3661 1478 scrutabor

2088 1505 2388 1562 Jerusalem
2425 1509 2479 1563 in
2526 1510 2790 1565 lucernis.
2825 1528 2845 1563 ι
2889 1511 3013 1566 Sint
3055 1513 3172 1568 haec
3199 1514 3267 1568 de
3307 1514 3656 1583 passionibus

2088 1598 2491 1668 spiritualibus.
2514 1597 2700 1669 (Soph.
2723 1618 2763 1667 ι,
2798 1600 2909 1669 12.)

2112 1748 2118 1752 _
2161 1688 2248 1743 16.
2292 1689 2469 1758 Ipsius
2516 1690 2569 1744 in
2618 1692 2854 1747 vindicta
2903 1702 3093 1747 contra
3129 1693 3314 1749 hostes
3353 1695 3658 1751 cunctatio-

2091 1793 2249 1844 nem,
2304 1779 2359 1833 in
2413 1779 2746 1835 auxiliandis
2793 1783 2969 1841 servis
3017 1797 3271 1847 moram,
3315 1800 3556 1839 somnum
3605 1796 3662 1840 et

2091 1886 2351 1939 soporem,
2379 1878 2433 1924 et
2456 1871 2653 1941 capitis
2681 1871 3016 1940 gravedinem
3061 1881 3255 1938 vacat;
3286 1873 3465 1939 sicut,
3504 1891 3523 1931 ι
3551 1874 3664 1929 Ex-

2092 1974 2277 2030 surge,
2312 1975 2483 2029 quare
2515 1961 2818 2023 obdormis,
2872 1962 3134 2017 Domine?
3162 1981 3181 2014 ι
3227 1972 3300 2026 et,
3338 1982 3357 2013 ι
3385 1961 3501 2017 Non
3535 1964 3665 2019 dor-

2091 2050 2306 2105 mitabit
2354 2066 2529 2121 neque
2579 2053 2819 2108 dormiet
2845 2053 2941 2122 qui
2987 2053 3227 2109 custodit
3254 2052 3440 2109 Israel.
3473 2072 3493 2106 ι
3543 2051 3667 2109 Sitit

2093 2142 2210 2197 haec
2260 2143 2327 2197 de
2382 2140 2734 2213 pa‘ssionibus
2783 2145 3185 2216 corporalibus.
3242 2144 3434 2216 (Psal.
3492 2162 3661 2214 mu,

2091 2232 2194 2299 25;
2231 2248 2358 2301 cxx,
2390 2234 2485 2300 4.)

2165 2322 2253 2376 17.
2294 2322 2517 2378 Gratam
2549 2322 2662 2380 Deo
2688 2325 2882 2396 agendi
2910 2327 3177 2381 rationem
3204 2326 3402 2391 nostri,
3430 2342 3661 2383 amorem

2093 2414 2214 2483 ejus
2240 2413 2402 2468 valde
2436 2416 2827 2471 convenienter
2854 2425 3037 2471 vocat.

2167 2507 2255 2561 18.
2298 2504 2496 2561 Odium
2542 2507 2683 2576 ejus,
2714 2511 3049 2564 contrarium
3093 2508 3214 2579 ejus
3249 2509 3549 2567 voluntatis
3582 2511 3667 2567 in-

2094 2595 2306 2651 cedere.
3246 2595 3252 2600 '

2167 2686 2254 2741 19.
2300 2687 2363 2742 Et
2413 2688 2605 2751 zelum,
2662 2703 2850 2744 servos
2895 2690 3112 2759 punire,
3165 2690 3345 2759 sient,
3396 2710 3416 2744 ι
3446 2690 3669 2748 Zelatus

2095 2786 2177 2833 est
2209 2777 2467 2833 Dominus
2504 2787 2704 2851 terram
2744 2780 2882 2850 ejus.
2914 2799 2934 2834 ι
2970 2780 3094 2836 Sint
3124 2782 3240 2838 haec
3264 2783 3332 2839 de
3360 2782 3665 2842 all‘ectibus.

2098 2869 2238 2940 (1οεί
2288 2884 2354 2935 ιι,
2380 2868 2496 2940 18.)

2132 2945 2139 2952 “
2167 2959 2258 3017 20.
2299 2961 2606 3018 Jerusalem
2630 2969 2684 3017 et
2709 2959 2970 3017 Samaria
2997 2977 3125 3034 erga
3150 2962 3318 3019 Deum
3347 2963 3668 3032 amicitiam,

2099 3050 2377 3119 sponsalia
2407 3050 2499 3106 Dei
2534 3060 2708 3116 vocat,
2740 3053 2793 3106 in
2826 3051 3092 3120 feminina
3121 3055 3497 3109 enuntiatione
3513 3055 3671 3126 juxta

2100 3142 2339 3196 nominis
2382 3142 2689 3212 analogiam
2733 3158 2859 3199 cum
2906 3144 3128 3199 urbium
3174 3144 3576 3202 habitatoribus
3603 3161 3670 3202 ex

2100 3232 2393 3286 mulierum
2449 3235 2795 3304 metaphora,
2841 3235 3007 3300 sicut,
3056 3253 3077 3288 ι
3113 3233 3402 3307 Sponsabo
3446 3246 3499 3294 te
3534 3238 3670 3294 mihi

2100 3323 2157 3376 in
2186 3324 2603 3394 sempiternum.
2641 3346 2659 3377 ι
2698 3324 2854 3397 (Osee
2888 3343 2953 3394 ll,
2990 3325 3104 3400 19.)

2112 3542 2117 3549 ι
2168 3518 2257 3572 21.
2314 3518 2468 3573 Sicut
2528 3527 2585 3573 et
2629 3534 2755 3591 erga
2792 3522 2938 3579 idola
2997 3525 3290 3579 servitium
3348 3524 3689 3583 adulterium-

2102 3618 2260 3662 vocat
2293 3597 2388 3677 per
2421 3611 2567 3678 quod
2607 3621 2660 3664 et
2694 3611 2937 3668 libellum
2971 3614 3185 3683 repudii
3222 3616 3276 3670 in
3308 3631 3503 3674 manus
3531 3621 3675 3676 acci-

2102 3699 2177 3769 pit
2206 3698 2537 3755 Jerusalem.

2173 3812 2263 3866 22.
2304 3811 2414 3866 Nec
2457 3812 2639 3867 minus
2682 3821 2736 3867 et
2782 3813 2834 3868 in
2883 3795 3227 3873 invocatione
3274 3819 3453 3877 Patris
3497 3823 3675 3879 hono-

2104 3917 2221 3957 rem
2270 3901 2365 3957 Dei
2415 3901 2482 3957 ad
2530 3901 2679 3971 ipsos
2728 3904 3082 3974 manifestat,
3133 3917 3188 3963 et
3224 3911 3278 3964 in
3327 3911 3673 3971 invocatione

2104 3995 2488 4067 Primogeniti;
2529 3994 2642 4051 sint
2671 3994 2787 4051 haec
2818 3995 2886 4051 de
2919 4000 3197 4054 communi
3229 3999 3424 4071 gloria.

2174 4205 2264 4270 23.
2309 4214 2612 4271 Potentiam
2657 4225 2711 4272 et
2754 4216 3022 4289 justitiam
3067 4219 3162 4278 Dei
3210 4226 3492 4283 sessionem
3551 4231 3675 4302 ejus

2106 4316 2161 4361 et
2190 4308 2436 4362 thronum
2482 4320 2675 4375 vocat,
2725 4326 2792 4368 ex
2843 4326 2907 4366 eo
2957 4315 3102 4383 quod
3158 4320 3299 4386 apud
3346 4335 3446 4377 nos
3485 4323 3539 4378 hi
3579 4329 3671 4396 qui

2102 4399 2385 4469 iudicandi
2423 4409 2478 4454 et
2515 4400 2772 4470 puniendi
2798 4400 2924 4471 jure
2960 4402 3216 4469 fruuntur
3256 4402 3421 4478 Super
3447 4412 3675 4470 thronos

439 4473 532 4527 ἐπὶ
561 4472 766 4543 θρόνων
794 4473 1143 4544 καθημένους
1171 4475 1446 4531 ποιεῖσθαι
1480 4478 1580 4548 τὴν
1605 4477 1857 4543 ἐξέτασιν
1878 4497 1894 4511 ο
1930 4480 2002 4545 ὡς

2110 4489 2364 4545 sedentes
2384 4490 2477 4560 jus
2502 4503 2816 4557 exerceant,
2852 4484 3012 4562 sicut,
3058 4515 3075 4548 ι
3107 4496 3307 4554 Sedisti
3338 4514 3500 4568 super
3526 4506 3676 4559 thro-

441 4564 519 4627 τὸ,
561 4583 580 4617 ι
603 4565 900 4628 Ἐκάθισας
933 4566 1026 4618 ἐπὶ
1055 4566 1245 4637 θρόνου
1274 4570 1303 4621 ὀ
1334 4568 1538 4639 κρίνων
1565 4570 1914 4643 δικαιοσύνην
1934 4590 1950 4606 ·
1982 4592 2001 4625 ι

423 4656 557 4730 καὶ,
599 4674 617 4708 ι
652 4656 712 4708 '0
749 4657 882 4720 Θεὸς
917 4656 1152 4723 κάθηται
1192 4658 1283 4712 ἐειιί¹
1327 4659 1517 4730 θρόνου
1559 4661 1718 4729 ἁγίου
1751 4664 1916 4717 αὐτοῦ
1939 4681 1952 4695 ·
1988 4685 2008 4717 ι

444 4748 558 4811 καὶ,
594 4766 612 4800 ι
660 4748 719 4802 '0
754 4747 943 4819 θρόνος
975 4766 1104 4814 σου,
1156 4752 1184 4803 ὁ
1239 4750 1372 4816 Θεὸς
1393 4791 1408 4817 ,
1440 4755 1522 4816 είς
1566 4752 1660 4807 τὸν
1706 4754 1882 4810 αἰῶνα
1913 4756 2009 4811 τοῦ

444 4837 638 4901 αἰῶνος
659 4856 673 4870 ο
710 4858 730 4891 ι
762 4841 878 4903 καὶ,
919 4860 937 4893 ι
973 4842 1030 4894 '0
1057 4840 1366 4913 καθήμενος
1396 4846 1491 4900 ἐπὶ
1530 4844 1641 4901 τῶν
1666 4849 1952 4921 χερουϐίμ.
1991 4869 2010 4902 ι

446 4928 545 4998 Είη
583 4930 628 4982 δ’
657 4930 723 4985 ἂν
749 4932 921 4987 ταῦτα
950 4934 1060 4988 ἀπὸ
1088 4935 1441 5004 ἀξιωμάτων.

512 5043 610 5097 κδ’.
651 5045 763 5114 Τὴν
788 5047 1181 5121 δημιουργικὴν
1206 5050 1371 5103 αὐτοῦ
1403 5050 1713 5122 ἐνέργειαν,
1738 5055 1869 5108 ποτὲ
1903 5055 2003 5125 μὲν

446 5133 534 5186 διὰ
587 5137 1033 5208 προστάγματος,
1065 5139 1141 5203 ὠς
1186 5142 1279 5193 ἐπὶ
1323 5142 1431 5194 τῶν
1464 5142 1705 5197 λοιπῶν·
1769 5146 1901 5200 ποτέ
1946 5147 2005 5201 δὲ

446 5224 512 5277 δι’
542 5226 889 5295 αὐτουργίας,
920 5226 1110 5300 ὥσπερ
1135 5231 1220 5298 ἐφ’
1245 5231 1403 5302 ἡμῶν
1434 5235 1733 5305 παρίστησι
1775 5237 1870 5291 καὶ
1903 5238 2007 5302 ζω-

448 5320 679 5387 γραφεῖν
725 5319 824 5389 τὴν
862 5318 1247 5396 Ἰερουσαλὴμ,
1288 5327 1384 5380 καὶ
1429 5328 1688 5398 φράττειν
1726 5329 1825 5400 τὴν
1868 5331 2006 5396 ὁδὸν,

2109 4596 2239 4635 num
2301 4582 2395 4651 qui
2439 4581 2657 4652 judicas
2699 4584 3009 4653 justitiam;
3042 4606 3061 4638 ι
3120 4598 3209 4656 et,
3268 4609 3287 4641 ι
3318 4588 3464 4647 Deus
3523 4597 3677 4650 sedet

2107 4687 2271 4742 super
2320 4672 2503 4727 sedem
2560 4682 2806 4728 sanctam
2858 4689 3050 4743 suam;
3083 4696 3102 4728 ι
3159 4687 3234 4745 et,
3290 4697 3310 4730 ι
3342 4679 3509 4738 Sedes
3561 4693 3673 4749 tua,

2107 4762 2271 4827 Deus,
2312 4763 2368 4817 in
2406 4764 2664 4819 saeculum
2696 4752 2916 4831 saeculi;
2948 4785 2966 4818 ι
3003 4775 3094 4832 et,.
3120 4787 3138 4819 ι
3170 4768 3274 4836 Qui
3313 4772 3479 4844 sedes~
3513 4789 3679 4846 super

2106 4853 2423 4919 Cherubim,
2459 4874 2476 4907 ι
2515 4856 2627 4910 sint
2658 4855 2771 4910 haec
2794 4857 2861 4910 de
2888 4857 3262 4928 dignitatibus.
3293 4860 3466 4933 (Psal.
3498 4881 3572 4931 ix,
3599 4866 3670 4932 5;

2105 4963 2251 5012 ιινι,
2278 4951 2349 5015 9;
2386 4964 2533 5015 κων,
2565 4949 2628 5015 8;
2667 4964 2854 5014 LXXIX,
2883 4948 2966 5021 ‘2.)

2177 5060 2269 5114 24.
2310 5059 2639 5116 Creatricem
2682 5060 2804 5130 ejus
2846 5063 3150 5132 energinm,
3196 5067 3311 5122 sive
3342 5083 3438 5138 per
3469 5046 3677 5141 Ῑυςείδ-

2113 5165 2235 5205 nem
2267 5150 2410 5205 sicut
2434 5152 2501 5205 de
2523 5151 2774 5221 reliquis,
2807 5152 2922 5207 sive
2951 5169 3047 5223 per
3070 5156 3243 5226 ipsam
3279 5162 3678 5230 operationem,

2116 5244 2261 5300 sicut
2290 5259 2389 5313 pro
2430 5245 2586 5297 nobis
2616 5243 2908 5312 exprimit;
2939 5256 2993 5300 et
3017 5247 3325 5307 describere
3352 5251 3677 5322 Jerusalem,

2117 5340 2170 5385 et
2210 5331 2553 5387 circumdare
2601 5334 2766 5400 viam,
2795 5343 2848 5389 et
2895 5337 3146 5408 laqueum
3191 5351 3414 5413 reteque
3460 5347 3528 5401 ad
3555 5363 3680 5417 per-

1476 5438 1477 5441 “
1580 5443 1814 5501 DAVID.
1862 5446 2255 5505 MESCHELII
2297 5449 2532 5506 NOTAE.

493 5526 610 5614 J3).
645 5524 822 5614 tier-ba
874 5529 927 5582 in
976 5546 1109 5587 mss.
1160 5540 1527 5611 transposita,
1576 5539 1676 5610 τὴν
1723 5541 1863 5597 κατὰ
1912 5546 2013 5614 τῆς

450 5596 560 5651 τῶν
594 5596 823 5664 ἐχθρῶν.

646 5665 993 5751 Ρτοῄκάθισιν
1016 5668 1212 5751 legitur
1236 5672 1454 5751 in_mss.
1485 5678 1826 5751 καθίστησιν.

529 5734 661 5813 Mira
691 5735 995 5813 utriusque
1046 5734 1248 5795 codicis
1287 5744 1632 5813 depravatio,
1689 5734 1753 5803 ex
1805 5766 2002 5808 sensus

459 5805 937 5862 verisimilitudine
983 5817 1103 5861 orta
1137 5826 1149 5861 :
1187 5828 1308 5867 nam
1341 5805 1566 5887 serpens
1612 5805 1707 5875 ille
1738 5805 2000 5891 antiquus

2118 5546 2174 5617 i_n
2232 5545 2501 5617 Adamum
2560 5544 2832 5617 hostiliter
2896 5548 3155 5617 impetum
3213 5550 3341 5605 fecit
3392 5569 3406 5605 :
3461 5555 3556 5609 sed
3610 5572 3676 5612 ex

2116 5615 2256 5688 Gen.
2290 5633 2439 5679 ηις,
2470 5615 2563 5688 17.
2595 5616 2701 5688 leg.
2742 5615 2986 5688 ἐγενήθη
3010 5619 3124 5688 (sic
3154 5629 3208 5675 et
3239 5619 3541 5688 Procopius
3573 5641 3676 5682 ms.

2113 5695 2175 5768 at‘
2205 5684 2669 5768 llpmanageditig,
2705 5695 2759 5741 et
2791 5684 3037 5758 quaedam
3081 5689 3233 5757 alite,
3264 5684 3571 5766 γενηθήτω)
3602 5696 3681 5768 τῷ

2111 5755 2216 5809 Δὲιν
2248 5755 2371 5825 ὄφις
2407 5754 2490 5823 ἐφ’
2525 5756 2665 5810 ὀδοῦ.
