4038 6274
483 341 619 408 1287
1589 372 1595 378 ν
1949 340 2272 402 ADRIANI
2569 385 2578 394 .
3589 338 3728 404 1288

478 476 535 514 tn
570 458 806 528 idipsum
847 457 1114 513 dormiam
1143 465 1197 514 et
1227 457 1590 529 requiescam.
1684 457 2050 530 (Psal.‘t.xvu,

2177 475 2302 513 now
2327 478 2346 512 ι
2375 461 2490 526 xui,
2537 477 2556 510 ι
2581 457 2878 530 Ἐνείρήνῃ
2909 457 3002 512 ἐπὶ
3030 456 3092 511 τὺ
3117 457 3250 512 αὐτὸ
3281 458 3684 532 κοιμηθήοομαι
3705 501 3724 526 ,

480 551 578 616 Ης
614 565 685 618 Iv,
726 548 807 618 9.)
2162 549 2256 602 xui
2293 547 2549 604 ύπνὼσω.
2576 567 2595 599 3

553 641 641 696 14.
663 641 854 694 Sinum
872 655 1018 710 saepe
1038 649 1096 698 et
1126 641 1195 698 de
1225 641 1582 712 inseparabili
1613 641 1780 696 dicit:
1815 659 1835 692 ι
1873 639 2060 697 Redde

2234 639 2317 693 ιδ’.
2355 637 2458 691 Τὸν
2496 639 2705 710 κόλπον
2735 637 3006 708 πολλαχοῦ
3043 639 3141 693 xui
3168 639 3262 693 ἐπὶ
3286 639 3382 695 τοῦ
3423 641 3730 714 άχωρίστου

479 729 680 786 vicinis
704 729 910 786 nostris
932 732 1242 801 septuplum
1265 732 1320 786 in
1337 732 1458 788 sinu
1486 747 1733 797 eorum,3
1767 747 1886 801 pro,
1908 731 2058 786 Inse-

481 823 776 890 parabilem
835 823 944 878 illis
1007 823 1145 878 affer
1209 825 1565 895 multiplicem
1645 839 1901 893 pcenam;
1971 833 2057 889 et,

485 931 505 963 ι
540 912 693 978 Quod
713 914 1108 969 continuistiin
1127 916 1250 970 sinu
1273 932 1394 972 meo
1427 917 1723 970 multarum
1753 915 2054 986 gentium»

479 1017 552 1066 et,
613 1023 632 1055 ι
673 1001 864 1058 Oratio
916 1019 1036 1058 mea
1090 1005 1144 1058 in
1193 1005 1315 1060 sinu
1348 1020 1472 1060 meo
1497 1010 1889 1080 fconvertetur;
1937 1023 1954 1056 ι
1987 1013 2059 1072 et,

469 1097 574 1152 «De
593 1096 770 1150 medio
799 1097 924 1150 sinu
991 1106 1084 1150 tuo
1150 1095 1202 1148 in
1251 1096 1469 1164 ‘linem;
1511 1117 1529 1150 3
1563 1107 1635 1162 et,
1677 1117 1696 1150 ι
1743 1095 2063 1168 Unigenitus

479 1184 660 1240 Filius
681 1185 774 1253 qui
797 1193 882 1238 est
911 1184 964 1237 in
993 1186 1116 1238 sinu
1139 1183 1338 1250 Patris,
1365 1187 1482 1255 ipse
1507 1187 1805 1242 enarravit.
1835 1206 1855 1239 3
1888 1185 2062 1257 (Pullo

480 1291 710 1337 erwn,
745 1275 847 1340 12;
911 1289 1180 1340 Lxxxvm,
1217 1277 1320 1343 ὄις
1377 1293 1568 1344 xxxw,
1608 1277 1708 1343 l5;
1733 1293 1925 1340 Lxxru,
1952 1277 2010 1331 11
2039 1314 2066 1342 ,

370 1385 374 1390 ·
479 1367 644 1422 Joan.
679 1383 718 1428 ι,
748 1365 863 1435 13.)

551 1457 641 1514 15.
695 1457 1038 1511 Mendacium
1080 1466 1240 1513 vocat
1266 1459 1412 1528 quod
1466 1475 1576 1514 non
1609 1459 1858 1525 ﬁrmum,
1891 1471 1984 1514 aut
2011 1469 2065 1516 et

481 1547 824 1610 mendacem,
861 1545 1036 1600 sicut:
1071 1566 1090 1598 ‹
1120 1545 1309 1604 Omnis
1340 1549 1503 1602 homo
1535 1549 1790 1605 mendax.
1830 1567 1848 1600 3
1880 1546 2058 1618 (Psal.

481 1644 723 1702 cxv,il.

557 1655 603 1702 ν,
636 1644 723 1698 11.

557 1735 644 1787 16.
674 1643 758 1787 Si)t
789 1736 1194 1805 coagmentatio
1245 1737 1647 1796 misericordia!
1692 1737 1787 1792 Dei
1819 1743 1942 1795 'cum
1971 1753 2064 1792 ve-

2160 733 2340 800 λέγει·
2377 732 2453 796 ὼς
2495 731 2580 799 τὺ,
2622 751 2641 784 ‹
2665 731 2893 795 Ἀπόδος
2930 733 3046 795 τοῖς
3084 731 3326 801 γείτοσιν
3367 733 3528 804 ἡμῶν
3565 735 3734 788 ἑπταο

2161 821 2435 896 πλασίονα
2457 825 2542 886 εἰς
2565 823 2658 881 τὸν
2681 821 2884 876 κόλπον
2910 822 3092 877 αὐτῶν
3107 838 3123 853 ·
3158 841 3178 876 3
3199 823 3322 878 ἀντὶ
3341 823 3460 888 τοῦ,
3499 823 3734 896 ’Δχώριο

2163 931 2288 968 στον
2320 915 2504 979 αὐτοῖς
2533 915 2818 985 παράσχου
2846 915 2945 987 τὴν
2984 914 3399 970 πολυπλασίονα
3435 933 3530 970 σου
3559 933 3739 985 τιμω-

2166 1007 2288 1078 ρίαν
2313 1023 2328 1040 ·
2360 1008 2480 1070 καὶ,
2514 1025 2533 1058 ι
2561 1001 2636 1060 Οῦ
2670 1005 2906 1080 ὑπέσχου
2942 1009 3000 1060 ὲν
3037 1006 3118 1080 τῷ
3163 1007 3350 1080 κόλπῳ
3391 1023 3494 1078 μου
3522 1007 3738 1062 πολλῶν

2163 1096 2334 1151 ὲθνῶν
2357 1111 2370 1125 ³
2412 1115 2436 1150 3
2473 1097 2589 1164 xui,
2626 1087 2743 1150 (Ἢ
2782 1098 3066 1170 προσευχή
3103 1115 3205 1169 μου
3251 1099 3333 1160 είς
3376 1097 3577 1152 κόλπον
3628 1115 3738 1168 μου

2163 1189 2676 1261 ἀποστραφήσεται·
2713 1208 2743 1245 3.
2762 1189 2880 1254 xui,
2920 1207 2939 1240 ι
2964 1189 3062 1243 Ἐκ
3089 1189 3258 1260 μέσου
3285 1188 3379 1244 τοῦ
3405 1189 3607 1244 κόλπου
3637 1206 3740 1243 σου

2165 1279 2246 1342 είς
2273 1279 2462 1342 τέλος·
2501 1297 2520 1330 3
2553 1279 2725 1345 xui,-t
2764 1279 2825 1332 '0
2859 1278 3161 1350 μονογενὴς
3196 1278 3326 1342 Υίδς
3354 1279 3384 1332 ὁ
3408 1277 3492 1332 ὢν
3527 1280 3608 1343 είς
3640 1277 3744 1333 τὸν

2167 1367 2372 1424 κόλπον
2402 1369 2498 1424 τοῦ
2527 1370 2762 1440 Πατρὺς,
2793 1369 3004 1432 ἐκεῖνος
3037 1355 3368 1439 ἐξηγήσατο.
3397 1385 3416 1420 3

2219 1468 2322 1514 ιε’.
2363 1459 2576 1524 Ψεῦδος
2617 1459 2774 1514 καλεῖ
2819 1459 2880 1512 τὸ
2908 1458 3189 1528 ἀϐέϐαιον,
3223 1458 3257 1530 ἢ
3313 1458 3410 1512 καὶ
3457 1457 3740 1530 ψεύστην·

2164 1551 2240 1614 ὡς
2267 1553 2351 1620 τὸ,
2387 1570 2405 1604 ι
2426 1553 2543 1616 Πᾶς
2567 1553 2856 1624 ἅνθρωπος
2883 1551 3148 1624 ψεύστης.
3185 1571 3204 1604 3

2227 1729 2418 1794 ις’.·Τδ
2433 1729 2512 1800 τῷ
2525 1729 2659 1800 ἐλέῳ
2669 1729 2765 1815 τοῦ
2781 1728 2916 1784 Θεοῦ
2931 1681 3030 1800 τὴν
3043 1730 3308 1802 ἀλήθειαν
3323 1730 3656 1786 ἔπισυνάπτε
3665 1748 3744 1796 ιν,

483 1825 668 1889 ritate,
719 1826 772 1880 id
825 1838 1048 1896 pr0pter
1082 1829 1274 1882 harum
1316 1830 1666 1884 securitatem
1687 1841 1744 1885 et
1774 1830 2062 1886 iufalliltile

2177 1821 2252 1875 itu
2279 1821 2340 1875 τὸ
2363 1823 2606 1890 ἀσφαλὲς
2639 1823 2822 1876 αὐτῶν
2848 1823 2944 1876 xui
2989 1823 3332 1877 ἀδιάπτωτον
3367 1821 3526 1876 τοῦτο
3557 1825 3742 1876 ποιεῖ·

485 1916 636 1981 facit,
669 1917 814 1972 sicut
842 1935 856 1971 :
894 1937 912 1968 ι
971 1918 1344 1977 Misericordia
1371 1929 1424 1974 et
1452 1922 1656 1976 veritas
1703 1921 2062 1978 obviaverunt

486 2009 593 2064 sibi
619 2025 632 2073 ;
685 2029 704 2062 3
732 2025 788 2066 et
809 2051 824 2078 ,
865 2031 883 2062 ι
903 2011 1274 2066 Misericordia
1299 2021 1390 2066 tua
1418 2022 1474 2066 et
1495 2014 1697 2068 veritas
1725 2025 1817 2068 tua
1848 2029 2062 2084 semper

484 2102 788 2170 suscipiant
820 2117 936 2168 me;
979 2102 1005 2154 3'
1034 2111 1122 2163 et.
1165 2121 1183 2154 ι
1209 2101 1413 2158 Potens
1468 2120 1550 2171 es,
1604 2105 1852 2172 Domine,
1893 2114 1947 2160 et
1974 2121 2064 2160 ve-

487 2193 622 2248 ritas
683 2205 773 2249 tua
801 2193 859 2249 in.
898 2196 1127 2252 circuitu
1164 2206 1285 2263 tuo;
1328 2216 1348 2250 3
1383 2207 1458 2263 et,
1495 2216 1514 2249 ι
1548 2197 1972 2254 Misericordiatn
2009 2209 2065 2254 et

484 2287 770 2342 veritatem
803 2286 922 2358 ejus
952 2288 1078 2357 quis
1108 2289 1396 2358 requiret?
1432 2307 1450 2340 3
1493 2287 1666 2360 (Ρεαί.
1700 2305 1922 2354 cxxxtv,
1955 2289 2016 2343 11
2045 2306 2060 2355 ;

485 2391 678 2439 xxxrx,
713 2375 817 2440 ης
854 2393 1121 2444 Lxxxvm,
1153 2379 1186 2434 9
1215 2395 1228 2444 ;
1257 2395 1347 2442 1.x,
1380 2379 1459 2450 8.)

581 2466 667 2518 l7.
726 2465 934 2521 Lavare
980 2483 1196 2532 manus,
1273 2469 1395 2523 loco
1457 2467 1755 2536 dictionis,
1812 2485 1920 2524 non
2007 2469 2062 2524 in

485 2558 723 2627 quodam
797 2559 1016 2629 negotio
1061 2573 1176 2612 rem
1233 2560 1471 2626 habere;
1540 2559 1810 2630 siquidem
1846 2560 1898 2616 id
1931 2561 2064 2632 legis

486 2659 568 2706 est
594 2649 736 2720 apud
761 2651 1206 2716 veteres;sicut,
1245 2670 1264 2703 ι
1311 2650 1530 2706 Lavabo
1564 2652 1708 2706 inter
1745 2653 2066 2708 innocentes

486 2757 682 2796 manus
721 2757 906 2810 meas;
948 2761 966 2794 3
1023 2753 1098 2809 et,
1139 2755 1157 2794 ι
1194 2741 1390 2798 Manus
1451 2758 1582 2799 suas
1609 2744 1812 2800 lavabit
1845 2744 1900 2798 in
1941 2759 2069 2799 san-

489 2833 652 2904 guine
681 2835 1020 2902 peccatoris;
1054 2855 1072 2888 3
1109 2849 1208 2905 pro
1230 2875 1246 2900 ,
1312 2836 1660 2891 ltmocentem
1700 2838 1938 2908 seipsnm
1965 2837 2067 2914 Itu-

484 2927 576 2996 jus
611 2925 690 2978 rei
754 2940 930 2995 poenae
989 2927 1294 2994 ostendet;
1351 2928 1432 2982 sic
1475 2938 1529 2982 et
1579 2928 1788 2982 Pilatus
1844 2927 1991 2982 fecit.

491 3013 665 3084 (Psal.
702 3030 828 3080 xxv,
859 3014 927 3080 6;
957 3029 1092 3081 mm,
1131 3017 1188 3069 11
1215 3033 1232 3082 ;
1289 3015 1483 3068 Matth.
1516 3032 1698 3088 xxvu,
1719 3019 1840 3088 24.)

565 3105 650 3160 18.
685 3105 1108 3160 Similitudinem
1164 3105 1296 3160 dicit
1345 3120 1490 3175 saepe
1557 3105 1677 3160 loco
1735 3107 1833 3170 rei,
1891 3104 2062 3161 sicut:

2165 1915 2242 1978 ὡς
2269 1913 2352 1978 τὸ,
2411 1931 2430 1965 ι
2471 1913 2662 1978 Ἔλεος
2695 1915 2794 1968 xui
2851 1913 3082 1984 ἀλήθεια
3135 1915 3514 1985 συνήντησαν·
3565 1925 3587 1963 ι
3619 1915 3740 1978 xui,

2175 2025 2195 2058 ι
2230 2005 2304 2058 Τὸ
2337 2004 2482 2068 ἔλεός
2515 2022 2608 2059 σου
2639 2004 2794 2076 καὶὴ
2825 2005 3061 2074 ἀλήθειά
3093 2021 3188 2058 σου
3215 2005 3304 2059 διὰ
3343 2006 3550 2075 παντὸς
3585 2006 3738 2059 ἀντι-

2165 2097 2416 2152 λὰὁοιντό
2452 2114 2553 2169 μου
2575 2113 2588 2130 ·
2609 2117 2628 2150 3
2664 2098 2780 2162 xui,
2803 2114 2823 2148 ι
2844 2096 3078 2160 Δυνατδς
3105 2091 3176 2162 εἲ,
3205 2095 3404 2168 Κύριε,
3423 2095 3520 2149 xui
3543 2097 3576 2166 ή
3604 2095 3743 2165 ἀλή-

2168 2190 2290 2246 θειά
2339 2207 2432 2244 σου
2457 2190 2644 2261 κύκλῳ
2700 2205 2824 2244 σου·
2851 2209 2871 2242 3
2907 2190 3022 2258 xui,
3061 2208 3080 2242 ι
3125 2191 3316 2254 Ἔλεος
3349 2188 3448 2244 xui
3483 2187 3743 2260 ἀλήθειαν

2169 2281 2336 2336 αὐτοῦ
2375 2283 2456 2346 τίς
2490 2282 2819 2355 ὲκζητήσει;
2856 2301 2875 2334 3

2249 2459 2335 2524 ιζ’.
2389 2461 2503 2526 Τὸ,
2594 2461 2874 2537 Νἱψασθαι
2917 2463 3016 2528 τάς
3066 2464 3289 2534 χεῖρας,
3382 2461 3481 2516 ἐπὶ
3515 2460 3611 2517 τοῦ
3652 2462 3749 2533 Μὴ

2168 2553 2498 2624 κοινωνῆσαί
2525 2571 2670 2618 τινος
2691 2555 3015 2626 πράγματος
3034 2569 3050 2585 ·
3125 2554 3312 2625 ἐπειδὴ
3339 2553 3500 2608 τοῦτο
3524 2570 3750 2626 νενομο-

2173 2645 2402 2717 θέτηται
2445 2647 2560 2708 τοῖς
2591 2645 2840 2710 παλαιοῖς
2859 2663 2874 2677 ·
2902 2647 2978 2710 ὡς
3007 2645 3088 2710 τὸ,
3125 2664 3144 2697 ι
3172 2645 3418 2716 Νίψομαι
3459 2647 3517 2699 ὲν
3547 2643 3749 2709 ἀθώοις

2173 2738 2273 2800 τὰς
2303 2737 2492 2809 χεῖράς
2515 2755 2618 2809 μου
2639 2753 2652 2766 ·
2681 2759 2700 2792 3
2725 2739 2842 2804 xui,
2875 2758 2894 2791 ι
2913 2738 3022 2801 Τὰς
3042 2739 3232 2809 χεῖρας
3255 2736 3421 2792 αὑτοῦ
3454 2738 3672 2808 νίψεται
3689 2738 3750 2792 ὲν

2170 2827 2248 2898 τῷ
2262 2829 2472 2899 ἀἵματι
2492 2828 2586 2883 τοῦ
2605 2828 2953 2900 άμαρτωλοῦ·
2978 2849 2996 2882 3
3017 2829 3140 2884 am
3157 2828 3275 2895 τοῦ,
3327 2828 3529 2882 ’Δθῶον
3555 2827 3752 2882 ἑαυτὸν

2167 2920 2270 2990 τῆς
2291 2920 2502 2974 ἐκείνου
2533 2919 2810 2992 τιμωρίας
2826 2919 3102 2986 ἀποδείξει
3125 2937 3139 2950 ο
3215 2918 3362 2973 οὕτω
3382 2919 3480 2973 xui
3508 2917 3751 2982 Πιλάτος

2171 3012 2418 3082 ἐποίησε.

2244 3107 2338 3170 ιη’.
2377 3089 2490 3168 Τὴν
2507 3099 2804 3170 ὁμοιότητα
2846 3099 2998 3168 λέγει
3035 3097 3295 3164 πολλάκις
3325 3099 3446 3154 ἀντὶ
3472 3096 3567 3152 τοῦ
3598 3097 3750 3170 πρά-

494 3218 516 3251 ι
547 3197 909 3253 Assimilabor
946 3197 1408 3252 descendentibus
1432 3196 1488 3252 in
1522 3197 1726 3264 lacum,
1769 3215 1787 3249 3
1823 3211 1923 3268 pro
1976 3197 2069 3284 de-

2177 3206 2384 3260 γματος
2403 3209 2417 3223 ·
2449 3192 2526 3254 ὡς
2549 3191 2633 3256 τὸ,
2673 3211 2690 3243 ι
2736 3192 2846 3244 Kui
2874 3188 3298 3262 όμοιωθήσομαι
3329 3192 3444 3254 τοῖς
3479 3189 3752 3244 καταϐαί-

489 3289 756 3344 scendam.
795 3287 965 3357 (Psal.
989 3303 1160 3355 xxvu,
1187 3287 1263 3358 1.)
1415 3355 1418 3358 ξ

564 3382 653 3437 19.
685 3381 894 3436 Caelum
936 3395 1082 3450 saepe
1139 3380 1308 3436 cmlos
1356 3389 1538 3444 vocat,
1566 3379 1732 3446 sicut,
1768 3397 1788 3431 ι
1833 3378 2073 3436 Laudate

497 3472 784 3526 Dominum
819 3471 883 3526 de
904 3473 1082 3527 cmlis.
1117 3491 1136 3523 3
1174 3470 1354 3543 (Psal.
1380 3489 1606 3538 exurit,
1633 3473 1713 3544 1.)

564 3562 655 3618 ‘20.
688 3562 984 3618 Parabolas
1017 3563 1136 3619 sine
1183 3581 1281 3628 ως,
1313 3565 1476 3630 sicut,
1525 3579 1668 3635 saepe
1692 3563 1860 3631 dicit;
1895 3562 2071 3618 sicut:

503 3674 521 3706 ι
559 3653 760 3709 Eduxit
793 3669 882 3708 me
905 3655 971 3708 de
999 3655 1121 3708 lacu
1143 3654 1418 3722 miseriae;
1454 3675 1474 3707 3
1511 3665 1588 3723 et,
1623 3674 1643 3708 ι
1686 3654 1786 3722 Qui
1821 3654 1952 3710 facit
1977 3670 2076 3709 an-

497 3748 648 3816 gelos
670 3761 802 3800 suos
827 3747 1070 3814 spiritus,
1098 3756 1152 3802 et
1181 3746 1468 3802 ministros
1531 3761 1660 3804 suos
1703 3748 1884 3818 ignem
1919 3762 2076 3802 uren-

497 3849 646 3902 tem;
685 3854 704 3886 ι
743 3847 818 3901 et,
849 3853 868 3886 ι
915 3831 1428 3907 Transivlrnus‘per
1463 3837 1645 3907 ignem
1690 3846 1747 3894 et
1775 3852 2008 3908 aquam;
2049 3856 2068 3889 3

497 3937 576 3994 et,
599 3925 947 3980 «Ascendunt
971 3937 1242 3994 montesu
1270 3937 1374 3992 et,t
1402 3928 1626 3984 Catulus
1655 3927 1988 3984 leonisluda
2010 3946 2024 3997 ;
2049 3947 2068 3980 3

498 4027 578 4082 ct,
613 4037 632 4070 ι
668 4016 871 4072 Factus
901 4029 986 4074 est
1007 4015 1219 4074 A’damo
1237 4018 1463 4074 coluber
1507 4019 1561 4074 in
1595 4021 1712 4084 via;
1757 4036 1776 4070 3
1803 4027 1878 4082 et,
1921 4037 1940 4070 ι
1986 4019 2076 4074 Si-

504 4110 617 4165 mul
649 4121 896 4179 pascetur
983 4107 1148 4180 lupus
1173 4125 1296 4164 cum
1327 4124 1504 4180 agno;
1532 4125 1557 4161 3
1585 4112 1662 4176 et,
1698 4127 1718 4162 ι
1757 4107 2078 4180 Egredietur

505 4202 655 4270 virga
692 4200 761 4254 de
793 4199 976 4254 radice
1003 4197 1190 4259 Jesse:
1237 4218 1258 4252 3
1289 4197 1364 4264 et,
1401 4219 1420 4252 ι
1459 4199 1600 4256 Ecce
1639 4214 1742 4271 ego
1763 4200 2078 4270 praeparabo

476 4293 739 4362 ‘lapidem
761 4299 918 4346 tuum
954 4290 1392 4358 carbunculum;
1437 4310 1454 4342 ι
1485 4301 1540 4345 et
1563 4333 1578 4358 ,
1626 4309 1646 4343 ‹
1696 4291 1834 4360 Equi
1867 4301 2078 4346 amato-

503 4399 594 4439 res
620 4400 636 4448 ;
677 4401 696 4434 3
728 4392 804 4449 et,
833 4401 852 4434 ι
881 4381 1020 4449 Quia
1051 4383 1190 4453 ignis
1219 4384 1456 4439 comedit
1477 4385 1727 4456 speciosa
1748 4386 1948 4441 deserti
1965 4393 2095 4453 pet,

507 4496 528 4530 ι
574 4475 810 4546 Lignum
839 4476 964 4531 vitae
988 4484 1103 4538 est;
1144 4493 1163 4528 3
1195 4485 1270 4538 et,
1308 4495 1326 4528 ι
1360 4474 1545 4546 Spinae
1573 4477 1941 4530 nascanturin
1963 4491 2078 4530 ma-

2173 3297 2355 3334 νουσιν
2377 3283 2458 3345 είς
2494 3281 2697 3336 λάκκον
2719 3297 2732 3311 ·
2777 3299 2796 3334 ι
2832 3279 3106 3346 ἀντὶ-τοῦ,
3140 3279 3562 3357 Καταὸήσομαι.

2245 3372 2334 3428 ιϐ’.
2371 3373 2478 3428 Τὺν
2501 3374 2732 3445 οὐρανὸν
2761 3373 3026 3436 πολλάκις
3047 3373 3315 3444 ούρανοὺς
3341 3371 3534 3427 καλεῖ·
3562 3373 3640 3437 ὡς
3665 3372 3750 3439 τὸ,

2178 3484 2197 3516 t
2231 3469 2439 3520 Αἰνεῖτε
2470 3466 2564 3519 τὸν
2595 3465 2802 3538 Κύριον
2836 3466 2900 3518 ὲκ
2927 3463 3036 3518 τῶν
3068 3463 3334 3536 οὐρανῶν.
3372 3481 3392 3516 3

2245 3556 2316 3610 x'.
2354 3556 2466 3622 Τὰς
2501 3555 2823 3629 παραϐολὰς
2849 3555 2982 3609 ἄνευ
3009 3553 3106 3608 τοῦ
3135 3555 3217 3620 ὡς
3255 3553 3404 3622 λέγει
3445 3553 3749 3618 πολλάκις

2174 3647 2250 3711 ὡς
2279 3648 2362 3714 τὸ,
2399 3667 2418 3700 ι
2445 3648 2558 3702 Καὶ
2587 3647 2834 3718 άνήγαγέ
2863 3664 2932 3718 με
2961 3648 3027 3700 ἐκ
3040 3646 3250 3701 λάκκου
3278 3645 3656 3717 ταλαιπωρίας
3680 3661 3694 3674 ·
3725 3662 3746 3696 3

2175 3741 2292 3804 xui,
2328 3759 2346 3792 ι
2382 3739 2440 3794 '0
2471 3738 2642 3793 ποιῶν
2669 3739 2795 3802 τοὺς
2827 3737 3096 3809 ἀγγέλους
3121 3737 3284 3792 αὐτοῦ
3313 3736 3626 3806 πνεύματα,
3657 3738 3752 3791 xui

2175 3835 2303 3896 τοὺς
2331 3815 2686 3902 λειτουργούς
2725 3829 2893 3882 αὐτοῦ
2923 3827 3038 3904 πῦρ
3062 3827 3292 3898 φλέγον*
3329 3845 3347 3879 ι
3380 3827 3496 3894 xui,
3541 3846 3560 3878 ι
3585 3825 3751 3896 Διήλ-

2178 3927 2346 3995 θομεν
2374 3922 2463 3976 διὰ
2491 3921 2665 3994 πυρὸς
2697 3921 2792 3974 xui
2824 3919 3047 3983 ὓδατος·
3083 3937 3103 3972 3
3138 3921 3253 3986 xui,
3295 3938 3314 3971 ι
3338 3917 3752 3972 Ἀνασαίνουσιν

2176 4014 2464 4088 δρηνκαὶ,
2503 4032 2523 4067 ι
2561 4012 2814 4084 Σκύμνος
2839 4012 3054 4076 λέοντος
3078 4011 3287 4066 Ἰούδα·
3321 4030 3340 4064 3
3371 4011 3488 4076 xui,
3540 4029 3560 4064 ι
3595 4010 3753 4079 Ἐγε-

2177 4107 2316 4180 νήθη
2350 4107 2427 4178 (5)
2455 4103 2537 4188 τῷ
2566 4104 2742 4174 Ἀδὰμ
2773 4101 2896 4173 ὕφις
2918 4102 3148 4172 ἐφόδου·
3181 4120 3200 4154 3
3233 4101 3349 4170 xui,
3387 4119 3406 4154 ι
3439 4101 3754 4173 Συμσοσκηο

2179 4199 2408 4270 θήσεται
2455 4195 2622 4258 λύκος
2687 4193 2806 4265 μετ’
2851 4193 3050 4266 ἀρνός·
3085 4212 3105 4246 3
3143 4193 3260 4259 xui,
3314 4211 3332 4244 t
3372 4190 3751 4262 Ἐξελεύσεται

2179 4291 2374 4362 ῥάϐδος
2423 4289 2488 4342 ὲκ
2533 4287 2634 4358 τῆς
2691 4285 2850 4358 ῥίζης
2897 4285 3133 4338 Ἰεσσαί·
3173 4303 3194 4336 3
3240 4284 3356 4349 xui,
3411 4284 3590 4338 (Ἰδοὺ
3639 4282 3752 4353 ἐγὼ

2178 4379 2456 4451 ἑτοιμάζω
2506 4379 2598 4431 τὸν
2644 4375 2790 4431 λίθον
2834 4393 2930 4430 σου
2973 4375 3257 4448 ἄνθρακα·
3301 4393 3320 4428 3
3359 4376 3476 4442 xui,
3515 4393 3537 4427 ι
3563 4375 3751 4429 Ἵπποι

2180 4461 2512 4544 θηλυμανείς
2535 4488 2548 4504 ·
2585 4491 2606 4523 3
2645 4467 2761 4537 xui,
2799 4490 2818 4523 ι
2845 4471 2966 4524 ’Ὁτι
3020 4469 3135 4542 πῦρ
3176 4469 3425 4525 ἀνάλωσε
3461 4468 3533 4522 τὰ
3573 4468 3754 4546 ὡραῖα

507 4584 580 4622 nu
628 4567 944 4632 temulenti;
976 4583 995 4617 3
1029 4572 1104 4631 et,
1161 4583 1181 4617 ι
1215 4567 1525 4621 Conversus
1587 4577 1709 4620 sum
1753 4566 1808 4620 in
1833 4581 2070 4622 aerumna

2177 4567 2279 4638 τῆς
2327 4565 2569 4638 ἐρήμου·
2623 4583 2643 4616 3
2699 4563 2817 4630 xui,
2873 4580 2894 4614 ι
2941 4561 3115 4617 Ξύλον
3169 4559 3316 4632 ζωῆς
3376 4562 3527 4614 ἔστι·
3577 4579 3596 4612 3
3636 4558 3752 4620 xui,

509 4663 634 4714 dum
681 4659 813 4712 mihi
864 4657 1154 4727 conﬁgitur
1201 4657 1393 4729 Spina;
1425 4676 1444 4710 3
1503 4667 1613 4726 et,~
1657 4677 1677 4712 ‹
1715 4659 1981 4714 Bibebant
2017 4659 2070 4714 dt

2182 4657 2456 4714 Ἀκανθαι
2478 4656 2708 4726 φύονται
2732 4657 2791 4710 ὲν
2817 4654 2964 4726 χειρὶ
2993 4651 3258 4723 μεθύσου·
3281 4671 3302 4706 3
3325 4651 3442 4718 xui,
3470 4669 3490 4702 ι
3520 4649 3754 4722 Ἐστρα-

508 4749 742 4818 Spirltali
787 4759 1162 4819 consequente
1215 4763 1315 4804 eos
1348 4757 1520 4819 petra,
1567 4761 1722 4820 petra
1755 4759 1936 4806 autem
1964 4759 2088 4807 erat

506 4843 786 4898 Christus.
828 4859 848 4894 ι
887 4841 972 4904 Ει,
999 4839 1279 4895 tFlumina
1303 4841 1370 4896 de
1387 4851 1574 4896 ventre
1599 4841 1719 4912 ejus
1741 4840 1910 4898 ﬂuent
1929 4859 2087 4914 aqum

509 4933 666 4986 sirm.
697 4949 716 4984 3
751 4929 928 5003 (Psal.
965 4945 1154 4996 xxxix,
1178 4929 1249 4995 ὃς
1303 4944 1425 4996 LIII,
1457 4929 1525 4996 4;
1579 4944 1700 4996 ων,
1731 4930 1828 4997 12;
1863 4947 1980 4997 CIII,
2011 4937 2077 5001 κς

509 5019 638 5076 Gen.
667 5015 818 5087 ms,
841 5022 897 5087 9,
921 5023 1052 5090 etc.)

581 5197 673 5252 2|.
695 5199 742 5252 Δ
761 5199 1020 5254 membris
1045 5199 1317 5254 actionem
1345 5199 1656 5258 manifestat
1680 5218 1698 5270 ;
1727 5203 1906 5258 sicut:
1933 5223 1950 5256 ι
1975 5203 2086 5260 lui-

513 5293 696 5362 quitas
726 5291 966 5347 calcanei
1005 5293 1112 5348 mei
1139 5291 1506 5349 circumdabit
1543 5309 1652 5363 me,
1700 5315 1720 5348 3
1758 5296 1901 5361 loco,
1997 5313 2087 5352 ac-

514 5385 679 5440 tionis
707 5399 862 5451 meat;
887 5394 990 5451 ct,¢
1023 5383 1404 5456 Suppiantavit
1438 5400 1524 5442 me
1546 5385 1685 5456 jam,
1716 5407 1736 5439 3
1765 5403 1886 5458 pro,
1917 5388 2088 5444 Frau-

516 5470 581 5530 de
615 5491 700 5532 me
725 5475 889 5546 cepit.
916 5473 1000 5541 Et,
1046 5494 1066 5527 ι
1099 5475 1509 5532 Confundamus
1560 5491 1752 5532 eorum
1791 5478 2028 5548 linguas,
2060 5499 2081 5532 3

2180 4769 2290 4824 φην
2323 4752 2404 4814 είς
2438 4747 2820 4818 ταλαιπωρίαν
2859 4749 2918 4800 ἐν
2960 4745 3038 4818 τῷ
3071 4745 3393 4816 ἐμπαγῆναι
3447 4761 3540 4814 μοι
3577 4744 3753 4831 ,ἄκαν-

2181 4844 2280 4899 θαν
2305 4859 2318 4873 ·
2349 4861 2368 4894 3
2408 4840 2523 4906 xui,
2558 4858 2578 4891 ι
2603 4837 2830 4892 Ἐπινον
2857 4837 2923 4890 ὲκ
2945 4833 3328 4906 πνευματικῆς
3353 4831 3754 4901 ἀκολουθούσης

2185 4931 2429 5004 πέτρας·
2462 4932 2494 5000 ἡ
2531 4929 2590 4982 δὲ
2624 4928 2804 4998 πέτρα
2833 4923 2902 4998 ἦν
2928 4928 2956 4980 ὁ
2991 4924 3254 4996 Χριστός·
3295 4942 3314 4976 3
3359 4924 3476 4988 xui,
3521 4941 3542 4975 ι
3579 4923 3752 4976 Horu-

2191 5027 2282 5095 μοὶ
2327 5028 2391 5078 ὲκ
2435 5024 2536 5092 τῆς
2587 5021 2795 5083 κοιλίας
2841 5017 3008 5074 αὐτοῦ
3057 5017 3342 5088 ῥεύσουσιν
3381 5014 3577 5082 ὓδατος
3622 5014 3754 5078 ζῶν-

2189 5132 2301 5180 τος.
2319 5139 2341 5174 ι

2262 5212 2370 5260 xu’.
2417 5203 2552 5259 Ἀπὸ
2582 5203 2781 5276 μέλους
2807 5203 2910 5276 τὴν
2937 5202 3138 5275 πρᾶξιν
3167 5202 3422 5274 ἐμφαίνει
3441 5216 3456 5232 ·
3485 5195 3618 5264 οἷον,
3651 5215 3670 5249 ι
3692 5195 3752 5248 Ἡ

2191 5299 2392 5370 ἀνομία
2445 5298 2548 5369 τῆς
2577 5298 2818 5369 πτέρνης
2861 5313 2963 5368 μου
3013 5295 3287 5350 κυκλώσει
3313 5309 3400 5362 με·
3423 5311 3442 5346 3
3473 5291 3616 5356 ἀντὶ,
3645 5287 3750 5356 Τῆς

2192 5389 2448 5464 πράξεώς
2475 5408 2578 5461 μου
2600 5405 2615 5422 ·
2717 5389 2835 5456 xui,
2871 5409 2890 5441 ι
2913 5390 3079 5442 Αὐτοὶ
3105 5388 3206 5456 τὴν
3251 5385 3488 5459 πτέρναν
3527 5397 3628 5454 μου
3658 5395 3752 5448 φυ-

2194 5483 2444 5548 λάξουσι·
2480 5501 2500 5534 3
2539 5481 2652 5547 xui,
2693 5499 2712 5532 ι
2744 5480 3065 5552 Ἐπτέρνισέ
3121 5496 3188 5552 με
3238 5479 3373 5550 ἠδη·
3407 5497 3427 5532 ι
3459 5475 3580 5532 ἀντὶ
3627 5466 3747 5532 τοῦ,

1679 5614 1906 5670 ῡΑνιο.
1923 5615 2319 5673 ΙΙίΕδΟΙΙΕΙᾸΙ
2371 5617 2603 5674 ΝΟΤΙΕ.

587 5726 668 5796 (5)
722 5721 1074 5794 Ἐπτέρνισέ
1111 5743 1206 5798 με.
1257 5727 1594 5798 Πτερνιστὴς
1643 5723 1768 5786 inde
1814 5731 1996 5786 dictus
2033 5750 2045 5784 :

2177 5732 2312 5788 enim
2346 5729 2590 5789 liebra'is
2617 5735 2644 5788 ὁ
2671 5730 2890 5799 Ἰακὼϐ,
2926 5729 3104 5800 inquit
3137 5728 3316 5785 Philo.
