4038 6274
344 386 472 452 1297
488 384 492 387 ’

1379 384 1702 446 ISAGOGE
1735 384 1816 447 1N
1839 385 1940 444 SS.
1969 375 2462 442 SCRIPTURAS.

3457 345 3592 431 1298

406 479 517 565 μβξ
545 492 618 548 Τὸ
667 493 782 559 ἕως
830 491 1099 562 πολλαχοῦ
1151 491 1230 562 (7)
1257 494 1360 546 οὐκ
1405 495 1497 546 ἐπὶ
1521 494 1715 564 χρόνου
1741 493 1910 560 λέγει,

2089 487 2180 541 42.
2215 484 2412 538 Donec-
2447 493 2591 550 saepe
2619 493 2727 531 non
2767 475 2835 530 de
2887 483 3133 545 tempore
3181 453 3336 537 dicit,
3379 470 3472 526 sed
3529 474 3594 526 de

329 585 558 639 ἁλλ’ὲτοὶ
582 583 676 638 τοῦ
705 583 874 636 αὑτοῦ
905 584 1228 655 πράγματος
1251 599 1265 614 ο
1298 581 1374 646 ῶς
1412 583 1494 647 τὸ,
1533 601 1553 634 ι
1603 583 1712 635 Ka‘t
1761 583 1818 634 ὲν
1841 583 1908 652 τῇ

331 677 460 746 σκιᾷ
483 674 592 728 τῶν
613 674 901 746 πτερύγων
919 690 1013 727 σου
1039 672 1212 727 ὲλπιῶ
1237 671 1342 738 ἕως
1367 667 1432 728 οὗ
1453 673 1706 747 παρέλθῃ
1733 674 1768 743 ἡ
1784 675 1912 727 ἀνο-

333 768 454 837 μία.
490 785 509 818 ι
549 767 627 820 οὐ
676 765 787 837 γὰρ
824 765 964 836 μετὰ
1010 765 1172 819 τοῦτο
1200 765 1300 838 τῆς
1343 765 1478 836 πρὸς
1524 765 1659 820 Θεὸν
1696 764 1912 827 ἐλπίδος

331 856 558 926 ἔμελλεν
611 857 1091 912 ἀπαλλάττεσθαι·
1150 858 1270 920 καὶ,
1332 877 1350 908 ι
1387 858 1531 920 Ἕως
1561 857 1629 911 ἂν
1671 855 1752 910 θῶ
1775 855 1913 918 ’τοὺς

329 947 560 1019 ἐχθρούς
594 965 688 1002 σου
719 949 1008 1003 ὑποπόδιον
1037 948 1146 1004 τῶν
1172 948 1349 1002 ποδῶν
1372 966 1468 1002 σου
1488 965 1503 979 ·
1535 968 1554 1000 ι
1585 948 1699 1013 καὶ,
1731 967 1749 1000 ι
1773 945 1912 1017 Ἑγὼ

333 1041 448 1110 εἰμι
481 1039 586 1102 ἕως
615 1038 684 1093 ἂν
714 1037 1180 1110 καταγηράσητε.-
1221 1057 1240 1090 I
1283 1039 1422 1104 Kal,
1466 1059 1486 1090 ι
1539 1031 1914 1107 Ἐκζητήσὶιιτε

332 1133 423 1184 τὸν
445 1111 652 1200 Κύριον
671 1129 776 1193 ἓως
800 1128 896 1182 τοῦ
921 1129 1098 1184 ἐλθεῖν
1121 1131 1252 1200 ὑμῖν
1281 1131 1600 1198 γεννήματα
1635 1126 1914 1182 δικαιοσύ-

332 1237 430 1289 νης
453 1237 468 1251 ·
502 1239 520 1270 ι
553 1219 672 1284 καὶ,
709 1237 728 1268 ι
757 1219 832 1273 Οὐ
857 1218 1156 1289 προσέθετο
1179 1217 1435 1290 Σαμουὴλ
1467 1219 1598 1272 ίδετν
1623 1215 1715 1270 τὸν
1743 1213 1916 1269 Σαοὺλ

273 1341 282 1348 -
333 1313 438 1374 ἓως
477 1309 694 1382 ἡμέρας
745 1309 978 1364 θανάτου
1010 1309 1179 1364 αὑτοῦ
1203 1323 1220 1339 ο
1274 1327 1294 1360 I
1330 1309 1422 1362 καὶ
1449 1309 1530 1376 τὸ,
1587 1325 1606 1360 ι
1641 1306 1773 1362 Ἰδοὺ
1805 1305 1918 1376 ἐγὼ

338 1401 456 1472 μεθ’
489 1399 646 1471 ὑμῶν
683 1399 798 1470 είμι
853 1399 1038 1463 πάσας
1062 1399 1164 1463 τὰς
1192 1400 1430 1470 ἡμέρας,
1471 1400 1578 1464 ἓως
1597 1399 1700 1470 τῆς
1729 1415 1920 1454 συντε-

335 1493 484 1555 λείας
514 1489 612 1545 τοῦ
668 1491 864 1554 αίῶνος
887 1507 901 1520 ·
942 1509 961 1544 I
996 1493 1092 1546 καὶ
1111 1531 1125 1556 ,
1190 1491 1364 1545 ‹.οὐκ
1388 1491 1689 1560 ἐγίνωσκεν
1721 1488 1916 1561 αὐτὴν,

335 1584 438 1648 ἕως
467 1578 528 1638 οὗ
549 1583 708 1637 ἔτεκε
740 1582 834 1638 τὸν
866 1583 982 1636 υίὸν
1004 1583 1178 1653 αὐτῆς
1219 1582 1312 1636 τὸν
1349 1582 1712 1654 πρωτότοκον.
1749 1601 1770 1634 ι

414 1675 526 1747 μγὲ
551 1677 632 1748 Τῇ
662 1675 772 1728 τῶν
796 1675 1004 1746 χρόνων
1032 1675 1301 1746 ὲναλλαγῇ
1330 1675 1596 1747 κέχρηται
1656 1673 1914 1745 συνεχῶς.

339 1769 596 1841 μέλλοντι
629 1767 726 1839 μὲν
753 1767 875 1822 ἀντὶ
899 1767 1370 1839 παρεληλυθότος·
1407 1767 1484 1831 ὼς
1519 1765 1616 1834 τὺ,
1665 1784 1686 1820 ι
1725 1765 1918 1820 Λούσω

337 1831 460 1914 καθ’
511 1831 751 1931 ἑκάστην
809 1831 994 1912 νύκτα⁷
1037 1831 1140 1928 τὴν
1186 1857 1375 1928 κλίνην
1406 1872 1540 1928 μου·
1653 1858 1774 1912 ἀντὶ
1799 1856 1918 1924 τοῦ,
1951 1831 1996 1890 Β

335 1951 606 2006 ἔλουσα·
659 1948 779 2013 καὶ,
819 1967 838 2002 ι
883 1949 987 2002 ‘Ev-
1021 1947 1258 2019 ποταμῷ
1289 1947 1653 2002 διελεύσονται
1697 1949 1852 2002 ποδί·
1896 1967 1916 2000 I

335 2042 458 2097 ἀντὶ
489 2041 606 2104 τοῦ,
627 2039 912 2110 διῆλθον·
945 2038 1083 2107 καὶ,
1123 2059 1144 2093 ι
1197 2041 1288 2103 Ὠς
1317 2039 1542 2110 χελιδὼν
1563 2039 1706 2094 οὕτω
1736 2041 1921 2112 φωνή-

339 2149 440 2186 σω.
475 2151 494 2184 ι
527 2132 636 2184 Καὶ
663 2129 1064 2201 παρεληλυθότι
1135 2131 1257 2184 ἀντὶ
1323 2128 1643 2196 μέλλοντος·
1701 2128 1779 2194 ὡς
1836 2129 1919 2196 τὸ,

345 2243 362 2276 ι
413 2223 554 2291 Ἐγὼ
589 2221 727 2294 πρὸς
765 2221 856 2275 τὸν
887 2220 1021 2274 Θεὸν
1072 2220 1501 2292 ἐκέκραξα,·καὶ
1528 2221 1784 2294 όΚύριος
1810 2222 1924 2275 είσ-

339 2312 540 2384 ἡκουσέ
571 2325 707 2381 μου·
765 2329 784 2360 ι
813 2309 939 2362 ἀντὶ
975 2307 1096 2374 τοῦ,
1135 2310 1560 2382 είσακούσεταί
1601 2325 1748 2379 μουο
1802 2311 1920 2377 καὶ,

346 2422 364 2454 ι
403 2403 538 2454 Τότε
586 2400 862 2453 ἔσπευσαν
912 2399 1180 2470 ἡγεμόνες
1220 2398 1420 2470 Ἐδώμ.
1459 2418 1479 2451 I
1525 2399 1638 2452 Καὶ
1673 2397 1922 2470 μέλλοντι

340 2496 464 2550 ἀντὶ
511 2495 811 2556 ἐνεστῶτος
835 2507 851 2524 ο
896 2493 972 2556 ὡς
1014 2492 1095 2559 τὸ,
1139 2512 1157 2544 ι
1195 2495 1598 2564 Παροικήσουσι
1623 2494 1718 2546 καὶ
1751 2509 1922 2547 κατα-

343 2587 672 2658 κρύψουσιν·
713 2603 732 2636 ι
768 2585 890 2637 ἀντὶ
919 2584 1014 2637 τοῦ
1042 2624 1058 2650 ,
1114 2583 1498 2652 παροικοῦσι·
1543 2585 1659 2652 καὶ,
1697 2601 1716 2636 ι
1749 2583 1922 2653 easy-

343 2680 522 2745 ξονται
548 2677 644 2730 καὶ
667 2675 1015 2746 λαλήσουσιν.
1050 2693 1068 2726 ι

416 2879 518 2950 μδ’.
549 2879 652 2932 Τὸν
677 2879 850 2932 αἰῶνα
889 2877 1094 2949 τριχῶς
1134 2877 1312 2946 λέγει’
1362 2879 1478 2948 ἦτοι
1524 2877 1618 2932 τὸν
1643 2879 1743 2948 τῆς
1777 2877 1922 2949 ζωῆς

343 2973 577 3025 ἑκάστου
609 2970 820 3040 χρόνον,
847 2970 880 3040 ἢ
906 2969 1004 3040 τὴν
1023 2969 1119 3023 τοῦ
1162 2969 1356 3040 χρόνου
1389 2955 1616 3024 καθόλου
1641 2969 1924 3040 παρέκτα-

348 3081 450 3127 σιν,
490 3063 524 3132 ἢ
559 3062 622 3115 τὸ
651 3061 898 3131 διηνεκές
929 3075 988 3112 τε
1027 3062 1123 3112 καὶ
1147 3060 1536 3130 ἀτελεύτητον·
1565 3063 1660 3114 ἐπὶ
1686 3061 1786 3131 μὲν
1827 3060 1922 3115 οὖν

345 3155 438 3208 τοῦ
477 3156 574 3224 τῆς
623 3152 746 3206 καθ’
779 3151 1014 3205 ἕκαστον
1053 3152 1204 3220 ζωῆς
1258 3152 1487 3223 χρόνου·
1521 3153 1598 3217 ὡς
1625 3154 1708 3220 τὺ,
1757 3172 1776 3206 I
1813 3155 1922 3208 Καὶ

344 3247 634 3302 ἐκοπίασεν
663 3246 743 3307 είς
769 3245 863 3297 τὸν
909 3243 1107 3312 αίῶνα,
1140 3245 1236 3297 κα)⁸
1283 3243 1510 3316 ζήσεται
1565 3247 1644 3310 είς
1676 3245 1858 3310 τέλοςο
1897 3265 1918 3300 I

346 3339 460 3401 καὶ,
499 3357 518 3388 ‹
551 3335 800 3397 Ἕδωκας
832 3333 983 3403 αὑτῷ
1023 3333 1350 3406 μακρότητα
1389 3335 1612 3407 ἡμερῶν
1651 3338 1731 3400 είς
1752 3335 1924 3391 αίῶνα

345 3427 567 3490 αἰῶνος·
607 3443 627 3478 I
661 3423 778 3492 καὶ,
813 3442 832 3475 ι
871 3423 966 3497 Εἰς
991 3422 1084 3477 τὸν
1111 3423 1287 3478 αίῶνα
1323 3423 1790 3496 ἐξομολογησομαί
1817 3443 1921 3480 σοι*

345 3521 502 3588 ἄχρις
525 3517 592 3571 ἂν
617 3515 696 3580 ζῶ
728 3516 823 3569 καὶ
852 3514 969 3583 είμί
991 3530 1008 3546 ο
1046 3533 1064 3564 ι
1095 3515 1210 3578 καὶ,
1267 3534 1284 3564 ι
1320 3516 1396 3568 Οὐ
1428 3499 1818 3586 σαλευθήσεται
1844 3519 1925 3580 είς

346 3608 441 3659 τὸν
461 3605 634 3658 αἰῶνα
659 3605 688 3656 ό
721 3603 993 3658 κατοικῶν
1019 3593 1394 3673 ’Ἰερουσαλήμ
1413 3620 1426 3632 ο
1453 3621 1473 3654 I
1503 3604 1620 3669 καὶ,
1659 3621 1679 3656 ι
1698 3605 1926 3660 Δουλεύ-

351 3713 432 3747 σει
479 3709 566 3746 σοι·
589 3695 668 3756 είς
695 3693 793 3744 τὸν
817 3691 1025 3744 αίῶνα·
1067 3708 1087 3744 ι
1127 3693 1256 3756 καὶ,
1311 3711 1329 3742 ι
1361 3693 1446 3745 Οὐ·
1479 3693 1556 3764 μὴ
1602 3690 1765 3766 νίψῃς
1797 3696 1924 3760 τοὺς

349 3785 515 3846 πόδας
541 3801 642 3853 μου
668 3783 748 3845 είς
768 3782 860 3834 τὸν
890 3781 1091 3835 αἰῶναο
1133 3801 1154 3834 I
1189 3783 1302 3846 καὶ,
1339 3804 1356 3835 ι
1385 3785 1463 3837 υΰ
1497 3785 1572 3854 μὴ
1607 3785 1765 3854 φάγω
1789 3786 1926 3858 κρέα

351 3882 429 3939 είς
482 3877 572 3930 τὸν
632 3875 833 3930 αίῶναο
882 3895 900 3926 I
959 3875 1050 3927 καὶ
1081 3915 1095 3941 ,
1147 3893 1166 3925 ι
1217 3875 1290 3928 Οὐ
1343 3875 1418 3946 μὴ
1467 3874 1666 3948 διψήσῃ
1721 3879 1798 3940 εἰς
1833 3879 1926 3932 τὸν

349 3970 540 4023 αἰῶνα.
578 3987 600 4020 ι
1544 3979 1551 3987 ·

431 4155 557 4211 Ἐπὶ
587 4155 646 4209 δὲ
665 4155 766 4224 τῆς
788 4153 884 4208 τοῦ
906 4155 1102 4226 χρόνου
1131 4153 1359 4226 καθόλου
1395 4155 1816 4226 παρεκτάσεως·
1849 4155 1924 4218 ὡς

347 4249 430 4315 τὸ,
463 4267 481 4300 ι
507 4245 903 4302 Ἐίσελεύσεται
925 4245 1029 4307 ἕως
1061 4247 1259 4313 γενεᾶς
1292 4245 1544 4317 πατέρων
1587 4245 1779 4310 αὑτοῦ,
1820 4247 1926 4308 ἕως

350 4341 549 4406 αίῶνος
577 4339 678 4394 οὐκ
709 4337 900 4409 ὄψεται
953 4336 1102 4407 φῶς·
1143 4355 1163 4388 I
1221 4339 1342 4390 ἀντὶ
1403 4339 1522 4404 τοῦ,
1557 4341 1749 4410 Ἀχρις
1781 4339 1848 4392 ἂν
1893 4342 1925 4410 ὴ

351 4431 604 4504 παροῦσα
659 4429 796 4501 μένῃ
851 4431 1187 4494 κατάστασις
1210 4444 1224 4459 ·
1273 4430 1333 4482 οὐ
1373 4429 1484 4502 γὰρ
1520 4431 1608 4484 ἐπ’
1647 4431 1926 4504 ἀναιρέσει

1949 3171 2132 3240 cque
2203 3157 2272 3211 de
2339 3166 2590 3226 tempore
2669 3154 2946 3226 cujusque
2991 3154 3139 3220 vitae,
3205 3155 3408 3210 sicut:

2013 578 2205 634 eadem
2239 592 2318 642 re,
2352 575 2536 629 sicut:
2597 590 2615 622 ι
2645 569 2817 624 Ειειιι
2871 567 3065 622 umbra
3105 565 3316 620 alarum
3371 575 3591 620 tuarum

2014 671 2270 742 sperabo,
2329 668 2509 722 donec
2565 670 2814 718 transeat
2876 659 3182 731 iniquitas;
3229 677 3247 710 ι
3296 673 3404 712 non
3443 657 3592 711 enim
3676 649 3680 652 ’

2014 771 2138 832 post
2172 761 2275 814 lIoc
2305 775 2334 813 ο
2363 773 2461 828 spe
2511 757 2568 810 in
2602 755 2772 810 Deum
2799 753 3088 834 immutari
3109 751 3321 818 debuit;
3343 759 3416 816 et,
3447 769 3467 802 ι
3493 751 3599 806 Do-

2016 869 2116 908 nec
2129 851 2606 924 ponam-inimicos
2618 859 2740 906 tuos
2758 847 3056 906 scabellum
3085 848 3280 916 pedum
3305 856 3545 902 tuorum.
3573 861 3600 898 ι·

2015 945 2104 1012 Et,
2141 963 2160 996 ι
2194 945 2306 1016 Ego
2363 943 2703 1014 ipse,-donec
2731 945 3064 999 senescatls.
3097 959 3117 991 ι
3153 939 3240 1008 Et,
3300 958 3320 992 ι
3353 939 3594 1006 Quaerite

2017 1037 2310 1091 Dominum
2335 1027 2512 1092 don’ec
2545 1033 2768 1089 veniant
2795 1032 2955 1088 vobis
2981 1031 3261 1104 genimina
3281 1031 3508 1102 iustitiae
3533 1045 3547 1096 ;
3576 1049 3593 1080 ι

2017 1140 2109 1194 et,.-
2129 1145 2148 1180 ι
2176 1126 2294 1183 Non
2330 1125 2618 1198 proposuit
2647 1123 2891 1182 Samuel"
2918 1123 3106 1181 videre
3151 1123 3284 1179 Saul
3327 1137 3502 1192 usque
3531 1123 3598 1176 ad

2021 1220 2164 1276 diem
2207 1219 2400 1274 mortis
2448 1232 2604 1282 suae;
2643 1235 2664 1268 ι
2697 1223 2773 1282 et,
2805 1234 2825 1268 ι
2859 1215 3001 1272 Ecce
3021 1231 3124 1286 ego
3159 1215 3446 1272 vobiscum
3475 1227 3597 1269 sum

2018 1310 2481 1382 nmnibusdiebus
2497 1323 2671 1379 usque
2685 1309 2756 1363 ad
2770 1287 3298 1364 consummationem
3335 1305 3520 1362 saeculi
3537 1322 3552 1371 ;
3579 1322 3597 1356 I

2017 1411 2092 1469 et,
2127 1422 2146 1454 ι
2174 1401 2292 1458 Non
2326 1399 2700 1473 cognoscebat
2733 1413 2854 1454 eam
2891 1397 3069 1454 donec
3098 1396 3309 1468 peperit
3351 1397 3542 1451 lilium.
3578 1415 3598 1448 ι

2021 1493 2193 1566 (Psal.
2241 1491 2446 1559 LI'I,2;
2486 1507 2596 1557 cu,
2635 1491 2661 1544 1
2698 1505 2713 1558 ;
2767 1487 2882 1544 Isa.
2918 1505 3070 1555 LXVI,
3112 1489 3148 1544 4
3179 1505 3194 1556 ;
3225 1491 3376 1557 ,Οδεε
3401 1505 3456 1556 x,
3492 1489 3601 1555 12;

2017 1585 2049 1640 Ι
2075 1585 2204 1656 Reg.
2240 1599 2333 1648 xv,
2368 1583 2480 1650 35;
2517 1581 2714 1637 Matth.
2744 1593 2936 1648 ιινιιι,
2971 1579 3046 1636 20
3071 1597 3088 1649 ;
3118 1597 3158 1644 I,
3191 1579 3313 1650 24.)

2089 1679 2180 1733 45.
2211 1676 2546 1747 Temporum
2620 1674 3012 1730 immutatione
3066 1672 3334 1730 continuo
3384 1674 3600 1728 utitur:

2021 1769 2209 1824 futuro
2247 1769 2480 1839 quidem.
2511 1783 2610 1838 pro
2633 1767 2938 1836 praeterito.
2963 1766 3152 1822 sicut:
3189 1785 3208 1818 I
3254 1765 3472 1820 Lavabo
3509 1781 3606 1837 per

2023 1860 2266 1931 singulas
2314 1869 2506 1914 noctes
2555 1859 2754 1913 lectum
2791 1871 2996 1921 meum,
3034 1875 3053 1908 ι
3084 1871 3182 1926 pro
3215 1857 3338 1911 lavi.
3372 1855 3462 1923 Et;
3495 1874 3514 1906 ι
3547 1854 3603 1908 ln

2022 1951 2246 2008 ﬂumine
2295 1950 2711 2022 pertransibunt
2752 1949 2908 2020 pede,
2943 1967 2984 1999 ιε
3022 1963 3120 2018 pro
3147 1949 3606 2018 pertransierunl.

2025 2041 2110 2108 Et,
2146 2061 2163 2092 ι
2191 2039 2348 2096 Sicut
2376 2041 2559 2111 pullus
2587 2037 2899 2094 hirundinis
2926 2038 3006 2094 sic
3031 2037 3318 2104 clamabo;
3349 2057 3369 2090 I
3398 2047 3453 2094 et
3467 2054 3606 2109 prae-

2025 2135 2188 2189 terito
2211 2149 2312 2204 pro
2341 2132 2554 2196 futuro,
2588 2131 2733 2188 sicut
2765 2148 2778 2182 :
2844 2149 2862 2182 ι
2903 2129 3040 2201 Ego
3071 2139 3253 2184 autem
3312 2129 3382 2185 ad
3429 2129 3610 2184 Deum

2023 2226 2277 2293 clamavi,
2306 2235 2363 2281 et
2407 2225 2673 2286 Dominus
2703 2222 2984 2278 exaudivit
3023 2237 3130 2288 me,
3173 2240 3202 2274 »-
3229 2235 3330 2292 pro
3352 2221 3617 2277 exaudiet-

2024 2338 2130 2377 me.
2165 2320 2251 2388 Et,
2287 2341 2306 2374 ι
2340 2321 2496 2376 Tunc
2522 2320 2835 2377 conturbati
2889 2319 3318 2390 suntprincipes
3345 2309 3542 2375 Edoni.
3581 2339 3601 2372 ι

2023 2417 2092 2473 Ει
2131 2417 2318 2472 futuro
2373 2417 2498 2474 loco
2530 2415 2843 2487 praesentis,
2896 2417 3042 2472 sicut
3077 2433 3090 2470 :
3157 2432 3177 2467 ι
3214 2415 3608 2472 lnlIabitabunt

2023 2518 2080 2566 et
2113 2509 2476 2576 abscondent,
2507 2528 2528 2561 ι
2564 2524 2664 2580 pro
2694 2509 3049 2574 inhabitant;
3110 2514 3188 2573 et,
3227 2525 3244 2558 ι
3280 2507 3605 2564 Eﬂ'abuutur

2021 2610 2078 2658 et
2108 2603 2429 2672 loquentur.
2463 2599 2676 2672 I(Psal.
2712 2615 2786 2667 Iv,
2825 2600 2890 2667 7;
2941 2615 3069 2664 va,
3099 2599 3174 2666 6;
3227 2598 3343 2654 Isa.
3371 2614 3602 2662 xxxvnl,

2026 2698 2092 2754 M
2123 2715 2138 2766 ;
2172 2696 2322 2754 Psal.
2389 2713 2500 2763 LIv,
2533 2695 2598 2750 17
2631 2712 2645 2763 ;
2704 2694 2876 2751 Exod.
2909 2711 3000 2763 xv,
3043 2695 3149 2762 l5;
3206 2692 3359 2749 Psal.
3403 2709 3492 2760 LV,
3525 2693 3554 2745 7
3587 2709 3606 2758 ;

2023 2807 2174 2854 xcnI,
2202 2791 2282 2862 4.)

2095 2885 2182 2938 44.
2221 2883 2644 2953 Perpetuitatem
2673 2881 2876 2954 triplici
2917 2880 3081 2936 modo
3109 2879 3266 2948 dicit,
3307 2888 3425 2934 tum
3467 2885 3606 2932 tem-

1983 3025 1991 3032 .
2024 2975 2181 3046 poris
2221 2974 2494 3046 cujusque
2533 2975 2679 3042 vitae,
2734 2983 2851 3028 tum
2891 2973 3156 3043 temporis
3187 2971 3355 3027 totius
3415 2979 3608 3026 exteri»

3505 3061 3608 3114 ita—

3491 3149 3610 3206 «Ει

2026 3249 2291 3305 laboravit
2345 3248 2398 3302 in
2427 3256 2691 3303 aeternum
2743 3255 2796 3302 et
2821 3247 2970 3302 vivet
3013 3245 3199 3300 adhuc
3248 3244 3303 3299 in
3365 3242 3550 3298 ﬁnem.
3584 3260 3620 3294 ι-

2025 3339 2112 3406 Ει,
2161 3359 2181 3392 ι
2206 3338 2473 3394 Tribuisti
2508 3341 2558 3394 ei
2579 3337 2976 3409 longitudinem
3014 3339 3224 3392 dierum
3266 3335 3320 3405 in
3349 3334 3614 3391 saeculqu

2026 3433 2213 3488 saeculi
2247 3450 2260 3498 ;
2293 3451 2310 3482 ι
2344 3439 2418 3495 et,
2462 3451 2480 3482 ι
2519 3431 2580 3486 In
2623 3439 2888 3485 mternum
2949 3429 3256 3485 conﬁtebor
3309 3427 3429 3493 tibi,
3477 3426 3613 3480 dum

2025 3524 2149 3577 vivo
2173 3534 2223 3577 et
2245 3537 2386 3577 sum.
2424 3541 2442 3572 ι
2474 3521 2563 3586 Ει,
2598 3518 2744 3575 «Non
2772 3519 3211 3574 commovebitur
3245 3521 3299 3574 in
3342 3527 3608 3574 aeternum

2025 3613 2119 3684 qui
2153 3613 2362 3668 habitat
2385 3613 2438 3666 in
2468 3609 2776 3667 Jerusalem
2807 3629 2822 3676 ;
2859 3629 2878 3662 ι
2899 3619 2975 3675 et,
3008 3627 3026 3661 ι
3065 3608 3278 3664 Serviet
3306 3607 3402 3664 tibi
3431 3625 3604 3678 usque

2025 3705 2082 3759 in
2112 3713 2374 3760 aeternum
2407 3743 2422 3768 ,
2467 3721 2488 3754 ι
2525 3713 2600 3767 et,
2662 3721 2681 3753 ι
2713 3702 2836 3756 Non
2895 3700 3106 3755 lavabis
3159 3699 3292 3754 mihi
3354 3699 3518 3768 pedes
3551 3705 3604 3754 in

2025 3805 2310 3852 aeternum;
2352 3813 2372 3847 ι
2441 3793 2526 3855 Et,
2591 3811 2608 3845 ι
2653 3792 2768 3846 Non
2839 3793 3192 3846 manducabo
3261 3807 3484 3846 carnem
3549 3791 3605 3846 in

2027 3895 2310 3942 attentum.
2354 3904 2372 3937 I
2453 3903 2470 3935 ι
2509 3882 2628 3937 Non
2689 3883 2836 3937 sitiet
2888 3883 2942 3938 iu
3006 3893 3291 3938 aeternum.
3333 3903 3350 3935 I
3411 3881 3608 3952 (Psal.

2026 3979 2304 4044 XLVIII,9;
2338 3993 2432 4042 xx,
2463 3975 2531 4043 5;
2574 3991 2730 4039 xxu,
2757 3975 2824 4028 l5
2857 3991 2872 4040 ;
2915 3990 3009 4042 ιιι,
3037 3974 3069 4028 6
3098 3992 3111 4040 ;
3141 3989 3324 4042 cum,
3365 3973 3605 4042 hbent.

2028 4087 2098 4126 xv
2126 4113 2141 4136 ,
2164 4069 2228 4124 Π
2258 4087 2271 4137 ;
2297 4067 2457 4123 Joan.
2490 4082 2610 4131 XIII,
2643 4067 2676 4121 8
2705 4063 3134 4134 ;ICor;VIII,15
3161 4081 3176 4131 ;
3201 4064 3454 4132 Joan.Iv,
3495 4066 3609 4135 i3.)

2100 4161 2176 4216 De
2203 4159 2474 4230 temporis
2512 4158 2681 4214 totius
2703 4157 3051 4222 extensione,
3080 4157 3223 4213 sicut
3253 4175 3264 4211 :
3303 4177 3321 4208 ι
3359 4156 3611 4212 Introibit

2030 4267 2206 4324 usque
2253 4254 2307 4306 in
2343 4251 2633 4322 progenies
2674 4258 2896 4320 patrum
2956 4265 3208 4312 suorum,
3243 4257 3298 4304 et
3345 4263 3522 4319 usque
3553 4250 3624 4303 in

2029 4353 2292 4398 aeternum
2328 4357 2436 4397 non
2478 4341 2679 4396 videbit
2707 4341 2911 4407 lumen,
2941 4360 2957 4393 ι
2979 4357 3100 4411 pro,
3173 4340 3424 4408 Quarnliu
3450 4358 3606 4396 man-

2029 4435 2162 4491 serit
2205 4447 2387 4489 rerum
2419 4432 2556 4488 ordo
2582 4447 2859 4503 praesens;
2939 4449 3050 4488 non
3095 4433 3242 4489 enim
3277 4433 3345 4490 de
3372 4433 3610 4506 abroga-

2023 3067 2259 3131 sionem,
2338 3074 2454 3120 tum
2547 3065 2870 3120 continuum
2945 3073 3002 3118 et
3091 3061 3434 3128 inﬁnitum;

349 4525 451 4595 τῆς
485 4523 832 4586 ἀναστάσεως
854 4523 1177 4592 ἀπεράντως
1199 4519 1500 4590 ἐφθέγξατο
1517 4540 1530 4554 ·
1561 4523 1674 4589 καὶ,
1700 4543 1718 4576 I
1753 4526 1922 4578 Ὄνει-

2033 4529 2182 4582 tioue
2223 4523 2643 4592 resurrectionis
2671 4525 2726 4580 in
2768 4525 3045 4580 inﬁnitum
3087 4526 3304 4581 locutus
3359 4535 3480 4591 est;
3527 4534 3622 4590 ειν.

351 4617 438 4680 δος
470 4615 686 4670 αίώνιον
715 4613 915 4666 ἔδωκεν
938 4613 1120 4676 αὐτοῖς
1138 4631 1150 4643 ·
1188 4613 1282 4664 ἐπὶ
1309 4613 1420 4666 τῶν
1464 4613 1798 4684 ἀλλοφύλων,
1827 4608 1925 4669 ’ἵνα

271 4695 281 4702 ’
351 4711 479 4778 εἴπῃ
526 4705 779 4776 χρόνιον,
814 4703 954 4756 ὥστε
1001 4705 1095 4758 καὶ
1142 4703 1247 4758 ὑπὸ
1277 4703 1388 4758 τῶν
1436 4701 1590 4770 αὖθις
1629 4706 1925 4776 αἰσχίστων

355 4785 826 4870 μνημονεύεθθαι·
866 4813 884 4846 I
918 4795 1012 4846 κα)⁵
1039 4794 1124 4859 τὸ,
1160 4813 1178 4844 ι
1209 4795 1304 4858 Είς
1331 4796 1674 4866 μνημόσυνον
1709 4796 1926 4850 αίὼνιον

351 4890 504 4941 ἔσται
535 4887 744 4950 δίκαιος
765 4899 780 4915 ⁸
815 4904 834 4936 I
863 4885 980 4950 καὶ,
1020 4905 1039 4936 ι
1083 4884 1298 4956 Ἰσραὴλ
1335 4884 1566 4950 σώζεται
1597 4885 1700 4939 ὑπὸ
1717 4887 1925 4956 Κυρίου

353 4977 632 5049 σωτηρίαν
682 4976 935 5030 αἰώνιον·
987 4993 1006 5028 I
1042 4976 1136 5029 καὶ
1163 5018 1176 5038 ,
1217 4995 1237 5028 ι
1288 4977 1424 5030 Οὐδὲ
1457 4978 1533 5048 μὴ
1579 4979 1926 5045 ἐντραπῶσιν

351 5070 458 5132 ’ἑως
490 5070 567 5140 (8)
595 5068 688 5122 τοῦ
711 5069 906 5132 αἰῶνος
937 5071 996 5122 ὲν
1023 5067 1140 5138 ὄρει
1173 5069 1332 5133 Σιὼν,
1354 5068 1464 5121 ἀπὸ
1491 5071 1585 5122 τοῦ
1611 5070 1708 5124 νῦν
1733 5071 1828 5126 καὶ
1847 5074 1926 5136 είς

346 5161 446 5213 τὸν
499 5159 706 5214 αίῶναο
742 5178 760 5211 I
828 5159 975 5213 ’Λντὶ
1025 5159 1143 5226 τοῦ,
1197 5159 1291 5212 ἐπὶ
1321 5159 1488 5212 πολὺν
1535 5161 1746 5231 χρόνον.
1793 5163 1934 5233 Καὶ,

359 5270 383 5304 ι
431 5251 660 5306 Ἰουδαία
690 5251 770 5315 είς
807 5252 900 5306 τὸν
923 5251 1095 5306 αἰῶνα
1126 5251 1621 5322 κατοικισθήσεται.
1655 5273 1673 5304 I

2039 4636 2057 4670 ι
2084 4617 2454 4688 Opprobrium
2479 4617 2879 4686 sempiternum
2911 4616 3062 4672 dedit
3094 4615 3222 4684 illis,
3257 4635 3280 4672 ι
3327 4617 3394 4672 de
3413 4616 3606 4672 alieni-

2031 4709 2312 4779 genis,-ut
2339 4710 2488 4765 dicat
2520 4707 2872 4775 diuturnum,
2903 4708 2978 4763 ita
3009 4717 3066 4762 ut
3100 4718 3223 4764 et'a
3255 4716 3603 4778 posterorum

2031 4801 2413 4857 infamissimis
2435 4802 2698 4856 memoria
2731 4808 3017 4866 servetur;
3051 4809 3127 4864 et,
3191 4819 3208 4851 ι
3243 4801 3302 4854 lu
3337 4801 3600 4855 memoria

2033 4904 2236 4945 interna
2263 4890 2360 4945 erit
2387 4891 2571 4962 justus
2597 4910 2610 4958 ;
2656 4911 2674 4942 I
2709 4900 2783 4957 et,
2820 4909 2838 4942 ι
2865 4889 3028 4945 Israel
3059 4891 3302 4946 salvatus
3317 4891 3468 4945 estin
3495 4890 3595 4945 Do~
3678 4929 3706 4962 ,_

2034 4983 2186 5037 mino
2216 4982 2392 5037 salute
2415 4991 2661 5048 aeterna;
2705 5003 2723 5034 ι
2764 4992 2838 5046 et,
2875 5002 2895 5033 ι
2934 4980 3052 5036 Non
3072 4982 3608 5052 conl'undanlusque
3671 4961 3683 4971 ’

2033 5074 2088 5126 in
2121 5083 2397 5128 :eternum-
2437 5074 2490 5127 in
2530 5083 2714 5128 monte
2780 5072 2914 5128 Sion
2973 5090 3040 5128 ex
3078 5075 3182 5130 hoc
3242 5090 3389 5130 nunc
3448 5084 3502 5129 et
3555 5075 3608 5130 in

2026 5170 2344 5226 arternunm
2381 5176 2478 5230 pro
2509 5161 2562 5215 iu
2591 5162 2824 5216 multum
2879 5171 3120 5232 tempus.
3193 5163 3309 5230 Et,c
3345 5162 3528 5219 Judaeu
3556 5166 3608 5217 in

2034 5261 2297 5308 aeternum
2320 5250 2852 5320 salvabitur.I(Psal.
2886 5270 3077 5320 XLVIII,
3107 5254 3176 5308 20
3205 5271 3218 5319 ;
3250 5272 3453 5320 ωλι-ιι,
3491 5257 3558 5308 66
3593 5270 3614 5319 ;Δ

2040 5359 2122 5410 ιιι,
2153 5344 2222 5411 7;
2256 5343 2366 5401 lsa.
2395 5361 2518 5409 XLV,
2552 5344 2658 5413 l7;
2697 5345 2815 5400 Joei
2846 5361 2926 5412 III,
2956 5345 3070 5417 50.)

1487 5481 1717 5572 eum.
1781 5514 2182 5573 nassonem
2232 5512 2464 5568 NOTIE.
2551 5571 2555 5575 ,

424 5610 501 5679 (7)
560 5611 628 5662 Τό
666 5611 822 5676 Ἕως
866 5612 1218 5680 πολλαχοῦ,
1267 5613 1329 5664 τὸ
1385 5611 1528 5666 Ἕως
1587 5614 1647 5666 οὐ
1705 5614 1924 5676 πάντως

352 5682 766 5754 ἀντιδιαιρεῖται
805 5679 884 5754 τῷ
937 5679 1426 5754 μέλλοντι(λὰλῇ
1466 5683 1544 5754 τὸ
1597 5683 1758 5754 μέχρι
1794 5685 1924 5754 γμὲν

352 5752 507 5805 τοῦδε
533 5749 831 5822 τίθησιςιρ
857 5749 1010 5822 ’με’τὰ
1043 5751 1200 5806 τοῦτο
1227 5751 1288 5804 δὲ
1319 5752 1418 5803 οὐκ
1453 5749 1754 5822 ἀναίνεται,
1790 5749 1923 5806 an.

351 5823 505 5876 Orat.
541 5821 584 5874 ιι
617 5820 692 5872 De
723 5818 884 5873 Filio:
911 5821 1117 5875 Similia
1147 5822 1266 5876 vide
1309 5823 1447 5888 apud
1477 5821 1617 5874 Bastl
1662 5824 1731 5875 Μ.
1767 5823 1925 5876 Hum.

354 5893 405 5944 in
441 5890 570 5948 Nat.
618 5888 840 5957 Christi,
896 5891 1110 5961 p.253,
1175 5903 1226 5948 et
1289 5895 1425 5961 μνη-Ι
1491 5892 1679 5948 Isidor.
1751 5893 1928 5948 l‘clm.

2037 5612 2136 5665 lib.
2169 5627 2210 5674 I,
2241 5609 2403 5678 epist.
2438 5609 2526 5678 18,
2558 5613 2610 5660 in
2643 5621 2744 5674 qua
2775 5603 3000 5678 σφάλμα
3032 5610 3325 5678 reponatur
3353 5603 3380 5653 ό
3407 5601 3616 5678 κόραξι

2034 5673 2450 5751 ᾱθιιὶιιιιόθριιιι
2487 5677 2548 5730 D.
2609 5673 2834 5745 August.
2889 5673 2968 5724 Dc
3005 5688 3238 5726 sermone
3297 5673 3506 5724 [lumini
3562 5675 3618 5725 in

2037 5749 2234 5814 mante,
2265 5765 2314 5804 c.
2345 5749 2438 5802 2i.

2043 5819 2370 5955 “(Eoi/(3338‘
2419 5811 2948 5891 {th,£r‘t{‘tt.‘l&)0t‘rt
2980 5811 3065 5871 Al.
3097 5816 3187 5868 ne“.
3217 5813 3275 5868 οἰ·
3316 5813 3390 5886 νὴ
3421 5815 3617 5884 ἐντρα-

2043 5909 2331 5950 πῂσονται.
