4038 6274
519 377 658 444 I303

1982 391 2308 456 ΑΒΒΙᾹΝΪ

3621 400 3738 466 1305

517 499 701 553 sicut:
761 518 780 552 ι
817 497 1088 556 Dominus
1160 503 1429 559 diluvium
1480 505 1790 563 inhabitare
1852 507 2022 574 facit;
2068 526 2087 560 ι

2195 511 2520 580 ἀποφαίνει·
2558 515 2635 578 ὡς
2667 515 2748 581 τὸ,
2785 533 2804 566 ι
2853 513 3057 586 Κύριος
3083 513 3174 568 τὸν
3217 514 3596 585 κατακλυσμὸν
3625 535 3738 572 κατ-

517 601 596 656 et,
636 613 653 644 ι
695 592 798 658 Qui
845 605 1004 649 vocat
1043 610 1218 666 aquas
1249 596 1463 662 maris;
1502 617 1522 649 ι
1559 607 1619 652 ιιι
1648 597 1799 654 dicat
1838 598 2094 690 Assyrilos

397 744 408 754 ,
517 695 572 738 et
621 685 1064 755 multitudinem,
1117 697 1202 752 et,
1267 710 1285 740 ι
1329 690 1612 745 Protector
1666 699 1856 747 noster
1912 685 2096 762 aspice

513 778 701 846 Deus;
749 799 769 832 ι
806 791 879 845 et,
927 803 945 832 ι
985 782 1100 836 Sub
1142 783 1335 839 umbra
1371 784 1581 839 alarum
1617 795 1838 840 tuarum
1873 795 2095 856 protege

517 886 635 933 me,
677 891 695 922 ι
727 881 800 936 et,
841 891 858 923 ι
901 874 1234 942 Expendens
1263 875 1379 930 alas
1401 891 1556 943 suas,
1591 877 1892 946 assumpsit
1917 892 2032 936 eos.
2069 895 2090 928 ι

515 973 567 1016 et
593 974 904 1032 perseverat
935 965 988 1018 in
1015 967 1264 1020 oratione
1293 967 1543 1036 ﬁgurata.
1571 965 1752 1036 (Psal.
1790 983 1926 1032 uti,
1951 967 2005 1034 3,
2029 967 2051 1019 1
2076 986 2098 1034 -,

515 1071 722 1118 Lxxvn,
758 1057 857 1122 71;
903 1054 1098 1113 Ezeclt.
1133 1073 1320 1122 xxxiv,
1351 1059 1404 1121 8,
1437 1056 1537 1122 10;
1567 1073 1754 1123 χχχιιι,
1782 1056 1850 1124 5;
1897 1056 2092 1114 Matth.

514 1163 590 1211 ιγ,
624 1147 726 1210 19;
771 1146 966 1200 Ezec/t.
1004 1164 1101 1215 xu,
1139 1149 1246 1212 l5;
1279 1147 1430 1202 Psal.
1473 1164 1664 1214 xxvm,
1695 1150 1766 1215 9;
1808 1149 1968 1203 Amos
2012 1164 2097 1215 lx,

513 1237 587 1302 6;
626 1235 775 1290 Psal.
820 1253 1055 1305 Lxxxttt,
1092 1240 1194 1305 10;
1231 1256 1344 1305 xw,
1377 1240 1448 1306 8;
1491 1239 1645 1295 Deut.
1690 1257 1867 1308 xxxu,
1903 1241 2019 1312 ll.)

589 1325 906 1399 Secundum
931 1329 1274 1396 parabolam,
1305 1330 1452 1384 sicut
1479 1348 1491 1382 :
1527 1349 1545 1382 ι
1578 1326 1807 1400 Vigilavi
1832 1338 1888 1386 et
1915 1329 2093 1386 factus

515 1431 637 1468 sum
671 1416 817 1471 sicttt
863 1431 1074 1485 passer,
1107 1437 1128 1470 ι
1171 1427 1245 1485 ct,
1288 1437 1306 1470 ι
1347 1417 1502 1474 Sicut
1535 1418 1671 1475 ovis.
1711 1439 1728 1472 ι
1773 1417 1793 1489 (
1817 1417 1965 1474 Psal.
2013 1436 2088 1487 CI,

511 1507 583 1571 8;
624 1506 734 1562 lsa.
772 1525 888 1574 Lm,
921 1509 999 1581 7.)

585 1601 900 1658 Secundum
929 1603 1420 1672 comparationem,
1453 1603 1602 1658 verbi
1631 1605 1826 1672 gratia,
1858 1618 2093 1672 prasen-

513 1691 590 1744 tia
627 1691 870 1762 antiquis
892 1707 961 1746 ex
991 1693 1267 1748 similibus
1301 1694 1416 1749 vult
1449 1687 1760 1748 assimilare
1789 1693 2090 1764 baptisma-

515 1783 586 1837 tis
620 1783 876 1852 gtatiam,
921 1786 1057 1838 mari
1089 1783 1315 1850 Rubro;
1361 1793 1418 1839 et
1445 1785 1758 1840 divinorum
1802 1786 2091 1858 mysterio-

514 1891 635 1927 rum
696 1875 1212 1942 participationem,
1263 1891 1480 1930 mannte
1521 1885 1576 1932 et
1637 1892 1794 1947 aqua-
1834 1861 1868 1933 ’e
1917 1887 2092 1948 petra.

509 1964 576 2032 (ι
613 1963 736 2018 Cor.
784 1979 836 2026 Χ,
869 1963 960 2032 5.)

587 2055 901 2110 Secundum
960 2057 1343 2126 synecdochen
1404 2073 1529 2113 cum
1593 2073 1660 2114 ex
1713 2065 1870 2129 parte
1920 2065 2094 2115 totum

513 2149 772 2212 ostendit,
821 2148 1010 2202 sicut:
1062 2168 1080 2200 ι
1119 2149 1373 2204 Animam
1417 2163 1596 2204 meam
1640 2151 1931 2216 convertit,
1971 2171 1990 2205 ι
2035 2161 2096 2207 ιιι

511 2240 660 2292 dicat
693 2255 792 2292 me.
827 2240 910 2304 Et,
948 2260 968 2292 ί
1006 2239 1230 2310 Insuper
1261 2250 1314 2296 et
1357 2255 1488 2296 caro
1547 2255 1670 2296 mea
1690 2241 2008 2312 requiescet
2037 2245 2092 2300 in

511 2347 629 2400 spe,
666 2349 683 2380 9
715 2345 814 2398 pro
837 2348 962 2401 ego;
999 2340 1075 2396 et,
1116 2351 1132 2381 ι
1169 2329 1244 2384 Ex
1277 2340 1432 2386 utero
1459 2339 1585 2386 ante
1609 2331 1902 2388 luciferum
1928 2336 2092 2406 genui

513 2434 585 2484 te,
616 2441 634 2471 ι
675 2437 796 2490 pro,
831 2443 847 2474 ι
883 2432 1010 2476 ante
1038 2438 1258 2478 omnem
1285 2423 1641 2478 creationem.
1689 2441 1706 2475 ι
1743 2421 1930 2495 (Ριαί.
1955 2441 2090 2492 xm,

511 2512 584 2579 '5;
619 2527 707 2576 xv,
751 2513 818 2578 9;
857 2527 982 2578 Ctx,
1019 2513 1108 2582 5.)

591 2600 908 2658 Secundum
963 2602 1276 2672 exemplum
1309 2644 1322 2668 ,
1383 2603 1608 2673 quando
1665 2618 1789 2675 quas
1841 2603 2091 2661 facienda

515 2702 648 2749 sunt
677 2709 773 2764 per
797 2695 1000 2749 similia
1031 2693 1282 2765 quaedam
1309 2705 1684 2766 exponuntur,
1713 2697 1856 2753 sicut
1885 2716 1898 2752 :
1931 2716 1950 2749 ι
1985 2698 2090 2754 Co-

511 2795 702 2856 gnovit
737 2790 837 2842 bos
882 2801 1261 2857 possessorem
1303 2802 1468 2842 suum
1502 2807 1514 2819 -
1555 2806 1576 2841 ι
1608 2797 1696 2856 et,
1747 2807 1766 2840 ι
1803 2788 1998 2846 Milvus
2037 2791 2091 2846 in

511 2878 653 2932 cudo
703 2882 963 2950 cognovit
1014 2889 1231 2950 tempus
1273 2895 1472 2946 suum;
1512 2898 1532 2932 ι
1583 2887 1659 2946 et,
1709 2900 1729 2932 ι
1762 2879 1938 2936 Homo
1975 2891 2094 2937 erat

509 2967 895 3038 paterfamilias
931 2987 946 3034 ;
1006 2988 1028 3024 ι
1060 2981 1134 3037 et,
1170 2989 1191 3042 ,ι
1225 2969 1475 3024 Hominis
1499 2969 1783 3037 cujusdam
1829 2972 2034 3029 divitis.
2067 2993 2086 3027 ι

509 3057 667 3129 (Isa.
713 3077 752 3124 ι,
785 3061 856 3126 '5;
909 3061 1108 3117 Jerem.
1155 3076 1271 3129 vttt,
1307 3061 1378 3126 '7;
1422 3058 1619 3114 Matth.
1657 3079 1765 3130 ιιι,
1805 3064 1912 3131 53;
1955 3063 2088 3119 Luc.

501 3155 607 3216 'xtt,
648 3150 774 3221 16.)

581 3243 900 3299 Secundum
936 3249 1330 3319 metonymiam
1381 3252 1602 3320 quando
1651 3251 1735 3306 vel
1781 3265 1812 3304 a
1843 3251 2082 3306 circum-

507 3337 773 3392 dantibus
825 3338 1192 3406 circumdata,
1246 3343 1330 3397 vel
1363 3357 1462 3412 pro
1507 3343 1900 3400 habitationem
1945 3361 2085 3414 prae-

508 3429 774 3486 bentibus
809 3432 1114 3488 habitantia
1147 3435 1430 3502 nominat;
1469 3447 1525 3491 et
1555 3453 1585 3490 a
1617 3437 2085 3499 circumdatuibus

507 3519 870 3591 circumdata,
903 3523 1046 3579 sicut
1073 3543 1086 3578 :
1123 3543 1142 3576 ι
1177 3525 1242 3580 Ει
1268 3527 1406 3581 calix
1437 3542 1594 3582 meus
1617 3515 1894 3584 inebrians
1919 3543 2084 3598 quam

505 3613 836 3682 praeclarus;
865 3637 883 3668 ι
924 3627 996 3682 et,
1031 3638 1048 3670 ι
1085 3619 1322 3684 Ululate,
1359 3636 1528 3678 naves
1559 3621 1723 3692 Tyri;
1763 3639 1784 3674 ι
1821 3631 1894 3688 et,
1931 3641 1949 3672 ι
1977 3621 2084 3674 Ca-

511 3705 671 3761 licem
710 3710 922 3764 sororis
969 3719 1074 3764 tute
1108 3710 1280 3767 bibes.
1319 3731 1338 3764 ι
1384 3713 1468 3767 Ab
1500 3714 1902 3769 habitationem
1950 3729 2087 3784 pra:-

507 3799 769 3855 bcntibns
821 3801 1167 3870 habitantia,
1217 3804 1361 3858 sicut
1412 3824 1425 3860 :
1474 3824 1492 3855 ι
1535 3805 1836 3861 Advocabit
1885 3806 2084 3862 ccelum

508 3891 838 3960 desursum;
869 3913 888 3944 ι
931 3900 1006 3961 et,
1045 3913 1064 3946 ι
1093 3892 1422 3962 Jerusalem,
1456 3893 1788 3960 Jerusalem,
1827 3911 1950 3966 quae
1986 3912 2083 3950 oc.

507 3983 646 4037 cidis
678 3985 1016 4054 prophetas;
1055 4007 1074 4039 ι
1111 3996 1188 4052 et,
1227 4007 1245 4037 ι
1279 3987 1558 4043 Laetcnlur
1591 3987 1784 4042 insula:
1817 3989 2020 4043 multae.
2060 4008 2078 4041 ι

505 4074 700 4143 (Psal.
749 4095 886 4144 xxtt,
923 4081 994 4146 6;
1045 4079 1156 4134 Isa.
1196 4097 1356 4145 χχιιι,
1404 4082 1472 4148 1;
1532 4079 1724 4136 Ezeclt.
1777 4097 1936 4145 χχιιι,
1978 4082 2082 4148 52;

505 4168 660 4225 Ρδαί.
701 4187 850 4235 xux,
893 4174 956 4240 4;
993 4173 1190 4227 Matth.
1227 4191 1384 4239 χχιιι,
1421 4173 1514 4244 57;
1555 4171 1708 4228 Psal.
1747 4189 1888 4240 ξονι,
1928 4175 2014 4242 l.)

580 4262 899 4319 Secundum
935 4264 1330 4334 antiphrasim,
1361 4265 1583 4335 quando
1615 4279 1711 4334 per
1741 4266 2084 4319 contrarium

505 4357 770 4422 ostendit,
803 4356 956 4412 verbi
989 4355 1166 4426 gratia
1199 4375 1211 4410 :
1257 4377 1275 4407 ι
1313 4355 1429 4410 Nisi
1462 4357 1515 4410 in
1546 4356 1747 4410 faciem
1790 4358 2086 4414 benedixe-

503 4449 577 4502 rit
604 4448 724 4512 tibi,
763 4468 780 4499 ι
811 4463 910 4518 pro
939 4447 1403 4518 blasphemaverit.
1431 4446 1520 4511 Et,
1555 4467 1572 4497 ι
1603 4447 1884 4503 Benedixit
1911 4447 2080 4504 Deum

2196 605 2388 656 οικιεῖ·
2425 623 2444 656 ι
2495 605 2611 672 καὶ,
2667 623 2686 656 ι
2747 604 2806 656 '0
2856 603 3336 676 προσκαλούμενος
3390 605 3452 658 τὸ
3488 603 3623 679 ὓδωρ
3656 607 3738 679 τῆς

2197 692 2476 766 θαλάσσης
2497 713 2510 728 ·
2545 715 2564 748 ι
2599 695 2684 750 ἵνα
2713 695 2842 767 ετπῃ
2889 697 3018 761 τοὺς
3059 697 3382 766 Ἀσσυρίους
3427 698 3522 752 καὶ
3545 698 3602 753 τὸ
3627 699 3740 768 uitif-

2196 785 2290 849 θος
2311 801 2326 816 ·
2355 788 2469 852 καὶ,
2510 805 2530 838 ι
2583 787 2998 860 Ὑπερασπιστὰ
3027 788 3190 860 ἡμῶν
3221 789 3345 845 ίδεό
3378 789 3510 853 Θεός
3531 805 3544 819 ·
3587 808 3606 844 ι
3633 792 3736 858 καὶ,

2149 895 2155 903 ·
2201 894 2224 928 ι
2271 877 2360 931 Ἐν
2382 881 2449 950 τῇ
2477 877 2657 952 σκέπῃ
2681 879 2792 935 τῶν
2812 878 3101 952 πτερύγων
3131 896 3225 933 σου
3273 881 3564 945 σκεπάσεις
3594 897 3685 951 με’
3716 901 3734 933 ι

2198 971 2313 1036 καὶ,
2348 989 2368 1022 ι
2405 971 2549 1036 Atat;
2573 971 2674 1035 τὰς
2699 970 2980 1042 πτέρυγας
3021 971 3188 1056 αὑτοῦ
3221 971 3439 1038 ἐδέξατο
3481 972 3686 1036 αὐτούς·
3717 993 3734 1028 ι

2195 1060 2290 1114 καὶ
2323 1061 2649 1132 ὲναπομένει
2685 1061 2762 1133 τῷ
2790 1061 3183 1142 σχηματισμῷ.

2267 1329 2424 1384 Κατὰ
2450 1331 2506 1384 δὲ
2537 1331 2852 1402 παραϐολήν
2887 1347 2901 1362 ·
2933 1331 3010 1396 ὡς
3036 1333 3118 1398 τδ,
3173 1350 3207 1410 ι,
3242 1294 3613 1402 Ἦγρύπνησα,
3661 1333 3742 1385 καί

2225 1418 2464 1490 γενόμην
2493 1419 2570 1483 ὡς
2612 1419 2926 1490 στρουθίον,
2945 1440 2964 1474 ι
2985 1420 3103 1486 καὶ,
3135 1439 3152 1472 ι
3189 1421 3278 1486 Ὠς
3297 1419 3588 1492 πρόϐατον.
3622 1442 3641 1475 ι

2264 1600 2424 1654 Κατά
2457 1599 2764 1671 σύγκρισιν,
2793 1595 2906 1652 οἷον
2957 1598 3028 1652 τὰ
3066 1599 3311 1670 παρόντα
3364 1600 3478 1662 τοῖς
3520 1598 3744 1663 παλαιοῖς
3812 1631 3818 1636 -

2191 1690 2259 1742 ὲκ
2293 1687 2404 1742 τῶν
2431 1687 2633 1758 ὁμοίων
2665 1686 2838 1742 ἐθέλει
2868 1685 3112 1751 εἰκάζειν
3141 1703 3155 1716 ·
3188 1687 3288 1758 τὴν
3320 1687 3418 1741 τοῦ
3463 1687 3742 1758 βαπτίσμα-

2195 1797 2288 1845 τος
2319 1780 2500 1850 χάριν,
2529 1781 2596 1852 τῇ
2631 1777 2874 1851 Ἐρυθρᾷ
2901 1777 3150 1850 θαλάσσῃ
3173 1791 3188 1807 ·
3221 1780 3318 1832 καὶ
3348 1778 3452 1848 τὴν
3473 1777 3578 1832 τῶν
3603 1777 3741 1832 θείων
3795 1789 3805 1800 ·

2199 1872 2520 1943 μυστηρίων
2550 1870 2878 1942 μετάληψιν,
2915 1873 2984 1942 τῇ
3011 1887 3070 1924 τε
3104 1869 3198 1924 τοῦ
3228 1870 3412 1940 μάννα
3460 1869 3552 1924 καὶ
3568 1869 3638 1942 τῷ
3687 1871 3741 1924 ἐκ

2194 1963 2402 2032 πέτρας
2431 1961 2606 2017 ὕδατι.

2263 2055 2423 2112 Κατὰ
2443 2055 2794 2126 συνεκδοχὴν,
2827 2055 2958 2110 ὅταν
2994 2055 3102 2110 ἀπὸ
3133 2054 3338 2127 μέρους
3367 2055 3430 2110 τδ
3457 2055 3570 2110 ὅλον
3595 2054 3733 2122 δηλοῖ·

2191 2147 2266 2210 ὡς
2294 2145 2376 2215 τδ,
2409 2165 2429 2199 ι
2460 2145 2570 2217 Τὴν
2597 2145 2780 2217 ψυχήν
2835 2163 2940 2216 μου
2995 2145 3334 2217 ἐπέστρεψεν
3359 2163 3372 2176 ·
3411 2165 3431 2199 ι
3499 2145 3582 2199 ἵνα
3630 2143 3738 2215 sing

2192 2239 2297 2310 ἐμέ
2328 2259 2341 2272 ·
2382 2239 2499 2304 καὶ,
2541 2259 2560 2290 ι
2599 2239 2722 2292 Ἐτι
2747 2239 2804 2292 δὲ
2834 2239 2948 2302 καί,
2975 2239 3010 2309 ή
3033 2237 3172 2308 σάρξ
3203 2255 3310 2308 μου
3355 2233 3738 2306 κατασκηνώσει

2193 2331 2282 2386 ἐπ’
2315 2330 2493 2384 ἑλπίδι
2520 2347 2532 2359 ·
2578 2349 2598 2381 ι
2631 2329 2753 2382 ἀντὶ
2774 2329 2891 2395 τοῦ,
2935 2327 3051 2399 ἐγώ
3087 2345 3102 2360 ·
3133 2329 3246 2394 καὶ,
3285 2348 3304 2380 ι
3389 2328 3484 2382 Ἐκ
3532 2324 3738 2396 γαστρὸς

2195 2422 2301 2492 πρὸ
2328 2421 2609 2491 ἑωσφόρου
2648 2419 2918 2489 ὲγέννησά
2970 2435 3029 2471 σε
3060 2435 3074 2450 ·
3111 2438 3131 2471 ι
3193 2419 3340 2487 ἀντὶ,
3375 2437 3395 2470 ι
3437 2417 3542 2488 πρὸ
3587 2416 3740 2487 πάσης

2191 2514 2291 2585 τῆς
2321 2513 2574 2575 κτίσεως.
2624 2533 2644 2564 ι

2262 2603 2420 2659 Κατὰ
2457 2603 2780 2674 ὑπόδειγμα,
2829 2604 2958 2658 ὅταν
3018 2604 3088 2656 τὰ
3128 2602 3386 2674 πρακτέα
3453 2603 3520 2656 δι’
3567 2601 3766 2672 ὁμοίων

2191 2697 2353 2750 τινῶν
2380 2695 2693 2750 ὑποτίθεται
2718 2711 2732 2724 ·
2773 2691 2907 2762 οἷον,
2933 2713 2952 2748 ι
2994 2696 3173 2764 Ἔγνω
3203 2693 3334 2765 βοῦς
3364 2694 3454 2748 τὸν
3479 2694 3741 2765 κτησάμε-

2193 2805 2282 2842 νον
2309 2807 2322 2820 ·
2362 2809 2382 2841 ι
2421 2790 2536 2853 καὶ,
2567 2808 2584 2840 ι
2627 2789 2694 2842 Ἠ
2731 2787 2891 2843 ἀσίδα
2922 2789 2980 2840 ὲν
3003 2785 3079 2857 τῷ
3125 2785 3345 2857 ούρανῷ
3373 2785 3514 2854 ἔγνω
3539 2785 3740 2840 τδνκαι-

2195 2881 2288 2951 ρδν
2329 2881 2498 2950 αὐτῆς
2532 2897 2546 2912 ·
2569 2900 2587 2932 ι
2622 2880 2738 2946 καὶ,
2769 2899 2788 2932 ι
2829 2878 3148 2950 1Ἄνθρωπός
3175 2894 3260 2942 τις
3290 2875 3695 2946 οἰκοδεσπότης·
3719 2892 3738 2927 ι

2194 2969 2308 3034 καὶ,
2346 2988 2364 3020 ι
2403 2967 2722 3038 Ἀνθρώπου
2754 2968 2898 3030 τινὸς
2925 2967 3202 3022 πλουσίου.
3246 2987 3269 3019 ι

2259 3252 2417 3306 Κατὰ
2445 3255 2808 3323 μετωνυμίαν,
2837 3252 2962 3304 ὅταν
2987 3252 3019 3322 ἢ
3040 3252 3148 3304 ἀπὸ
3167 3250 3277 3305 τῶν
3299 3249 3645 3322 περιεχόντων
3688 3244 3752 3298 τᾶ·

2189 3345 2574 3414 περιεχόμενα,
2593 3346 2628 3416 ἢ
2647 3345 2752 3397 ἀπὸ
2763 3344 2872 3398 τῶν
2886 3343 3177 3398 οἰκούντων
3201 3343 3270 3396 τὰ
3309 3345 3602 3412 οἰκούμενα
3633 3355 3748 3409 μετ-

2195 3434 2453 3504 ονομάζει
2474 3435 2571 3488 καί
2586 3435 2693 3488 ἀπὸ
2715 3435 2817 3505 μὲν
2842 3435 2952 3489 τῶν
2973 3434 3338 3506 περιεχόντων
3364 3434 3433 3490 τὰ
3454 3429 3747 3502 περιεχόμε-

2190 3541 2258 3578 να
2289 3541 2302 3554 ·
2321 3523 2396 3587 ὡς
2427 3524 2510 3590 τὸ,
2543 3541 2562 3576 ι
2609 3525 2720 3578 Καί⁵
2751 3525 2811 3578 τὸ
2834 3524 3092 3596 ποτήριόν
3113 3541 3206 3578 σου
3235 3523 3509 3594 μεθύσκον
3545 3538 3608 3592 με
3631 3517 3748 3570 ὡσεὶ

2191 3617 2482 3688 κράτιστον
2507 3633 2521 3648 ·
2569 3635 2588 3667 ι
2625 3617 2739 3680 καὶ,
2775 3633 2796 3666 ‹
2840 3615 3350 3681 Ὀλολύζετε,πλοία
3377 3609 3742 3684 Καρχηδόνος”

2191 3714 2286 3768 καὶ
2316 3732 2334 3764 ι
2369 3711 2444 3764 Τὸ
2476 3711 2733 3780 ποτήριον
2759 3708 2858 3780 τῆς
2912 3709 3149 3780 ἀδελφῆς
3182 3727 3278 3763 σου
3317 3710 3505 3762 πίεσαι
3537 3722 3550 3736 ·
3589 3722 3607 3756 ι
3653 3699 3749 3755 ἀπὸ

2189 3806 2246 3858 δὲ
2271 3804 2378 3857 τῶν
2405 3800 2697 3856 οἰκούντων
2732 3801 2800 3854 τὰ
2833 3801 3126 3872 οἰκούμενα
3152 3817 3166 3830 ·
3207 3801 3283 3863 ὡς
3323 3800 3412 3865 τὸ,
3475 3815 3494 3849 ι
3521 3795 3748 3864 Προσκαο

2191 3895 2410 3948 λέσεται
2453 3893 2544 3946 τὸν
2601 3891 2829 3960 οὐρανὸν
2891 3891 3042 3946 ἄνω·
3081 3909 3099 3943 ι
3128 3891 3242 3954 καὶ,
3319 3907 3338 3940 ι
3391 3883 3744 3959 Ἰερουσαλὴμ,

2205 3984 2586 4057 Ἰερουσαλὴμ,
2615 3986 2648 4051 ἡ
2673 3984 3083 4038 ἀποκτείνουσα
3111 3983 3239 4046 τοὺς
3267 3982 3612 4052 προφήτας»
3644 3974 3747 4036 καὶ,

2199 4097 2238 4148 ι⁸
2252 4075 2639 4146 Ἀγαλλιᾶσθε,
2659 4075 2816 4145 νῆσοι
2835 4075 3052 4130 πολλαί.
3080 4093 3100 4126 ι

2263 4283 2422 4336 Κατά
2457 4281 2780 4351 ἀντίφρασιν
2811 4279 2914 4349 (9),
2953 4281 3084 4332 ὃταν
3115 4278 3183 4332 δι’
3213 4277 3461 4332 ἐναντίου
3498 4273 3564 4327 τδ
3608 4273 3746 4324 ἔναν-

2193 4375 2304 4427 τίον
2323 4373 2473 4444 δηλοῖ
2503 4391 2516 4403 ·
2543 4366 2772 4438 οἷονμΕἰ
2794 4372 2900 4440 μὴν
2932 4372 3011 4434 εἰς
3036 4368 3325 4442 πρόσωπόν
3339 4383 3399 4422 σε
3420 4363 3705 4432 εὐλογήσει.
3723 4375 3742 4408 ι

2194 4465 2315 4517 ἀντὶ
2345 4463 2466 4532 τοῦ,
2491 4462 2936 4532 βυίασφημήσει
2968 4479 2980 4492 ·
3022 4463 3140 4524 καὶ,
3173 4480 3192 4511 ι
3225 4459 3503 4530 Εύλόγησε
3526 4449 3746 4508 Θεδνκαὶ

435 4555 441 4559 ’
501 4551 557 4592 ct
613 4554 818 4608 regem,
870 4559 889 4591 ι
952 4554 1051 4608 pro
1107 4537 1520 4602 contumeliose,
1575 4535 1713 4590 male
1770 4537 1942 4605 di\it;
1995 4547 2084 4605 ct,

2195 4553 2459 4625 βασιλέα·
2505 4573 2522 4604 ι
2563 4554 2684 4607 ἀντὶ
2741 4551 2860 4616 τοῦ,
2916 4552 3185 4620 ὕϐρισεν,
3249 4549 3596 4603 ἐκάκωσεν·
3639 4542 3742 4604 καὶ,

507 4655 527 4688 ι
563 4635 704 4701 Quia
734 4636 1042 4690 celebratus
1082 4652 1100 4686 ι
1149 4643 1230 4690 est
1264 4649 1398 4698 rex;
1433 4640 1506 4698 et,
1569 4650 1587 4684 ι
1628 4629 1957 4688 Benedictus
2011 4637 2084 4690 sit

502 4726 669 4782 homo
703 4727 810 4782 ille.
852 4747 870 4780 ι
913 4725 1048 4797 (Job
1081 4743 1122 4790 ι,
1158 4724 1258 4792 il;
1313 4741 1374 4790 tt,
1410 4724 1474 4792 5;
1533 4723 1623 4777 ΙΙΙ
1655 4722 1782 4794 Reg.
1821 4741 1935 4793 xxi,
1974 4727 2082 4792 i0;

500 4815 701 4872 Jerem.
735 4835 828 4884 xx,
865 4818 993 4896 16..)
1677 4885 1686 4896 ⁸

575 4907 890 4961 Secundum
923 4907 1316 4976 periphrasitn,
1353 4907 1574 4977 quando
1602 4906 1670 4961 de
1705 4907 1772 4962 iis
1800 4923 1922 4976 quae
1953 4923 2085 4977 pau-

502 5002 584 5054 ris
611 4999 794 5055 verbis
817 4999 1054 5069 exprimi
1079 5007 1334 5070 possunt,
1359 5000 1613 5068 pluribus
1641 5015 1730 5056 res
1757 5010 2040 5070 exponunt
2069 5019 2081 5052 ε

503 5090 646 5142 sicut
693 5107 704 5142 :
765 5109 782 5139 ι
819 5087 960 5144 Ecce
1014 5091 1338 5161 alienigena:
1389 5099 1443 5142 et
1499 5088 1678 5159 Tyrus
1735 5098 1790 5144 ct
1849 5089 2084 5160 populus

501 5178 827 5249 xEthioputn
857 5181 911 5234 hi
949 5181 1169 5234 fuerunt
1203 5180 1337 5236 illic.
1381 5201 1399 5232 ι
1447 5179 1632 5252 (Psal.
1666 5198 1888 5248 Lxxxvt,
1920 5183 2012 5253 ἰ.)

579 5270 894 5326 Secundum
943 5273 1458 5342 rccapitulationem
1489 5283 1584 5327 aut
1616 5274 1846 5328 reditum
1879 5276 1945 5328 ad
1979 5277 2084 5330 iui-

506 5361 648 5418 tium
675 5363 900 5432 quando
932 5378 1054 5433 qtae
1088 5379 1186 5434 per
1213 5365 1378 5434 plura
1411 5365 1559 5420 varie
1599 5377 1918 5431 narrantur,
1960 5385 2082 5436 pro-

505 5462 625 5522 pter
673 5455 1043 5527 dillicultatcm
1084 5472 1206 5527 qua:
1251 5457 1426 5512 oritur
1469 5473 1498 5510 a
1549 5457 1954 5529 digressionum
1994 5462 2080 5516 in-

2199 4667 2218 4698 ι
2249 4648 2374 4700 Ὅτι
2403 4637 2717 4710 δεδόξασται
2755 4645 2784 4697 ὁ
2836 4643 3087 4714 βασιλεύς
3109 4659 3123 4673 ·
3161 4659 3181 4693 ι
3224 4641 3338 4706 καὶ,
3403 4659 3440 4716 ι.
3462 4631 3746 4707 Εὐφραινό-

2195 4753 2354 4807 μενος
2385 4735 2527 4788 ἔστω
2554 4737 2583 4788 ό
2608 4733 2892 4804 ἄνθρωπος
2922 4735 3149 4795 ἐκεῖνος.
3191 4750 3210 4781 ι

2259 4915 2418 4967 Κατὰ
2448 4912 2799 4983 περίφρασιν,
2830 4912 2959 4965 ὅταν
2989 4913 3101 4974 τοῖς
3131 4911 3197 4964 δι’
3247 4909 3440 4980 ὀλίγων
3500 4901 3744 4975 ἐκφοινεῦ

2191 5005 2315 5058 σθαι
2348 5004 2668 5074 δυναμένοις
2691 5003 2789 5075 τὴν
2815 5003 2905 5058 διὰ
2933 5003 3199 5056 πλείονων
3231 5002 3431 5072 φράσιν
3470 4994 3736 5068 περιτίθη-

2188 5114 2272 5150 σιν
2292 5114 2306 5128 ι
2333 5091 2466 5158 οἷον,
2501 5115 2520 5146 ι
2559 5095 2670 5150 Καὶ
2703 5095 2815 5148 ἰδοὺ
2845 5093 3153 5165 ἀλλόφυλοι,
3175 5096 3270 5148 καὶ
3298 5091 3492 5164 Τύρος,
3518 5089 3608 5144 καὶ
3629 5084 3740 5144 λαὸς

2184 5188 2291 5242 τῶν
2341 5188 2639 5253 Αἰθιόπων,
2675 5178 2821 5240 οὗτοι
2849 5186 3222 5258 ἐγεννήθησαν
3254 5187 3386 5240 ἐκεῖ.
3423 5203 3443 5236 ι

2258 5281 2416 5336 Κατὰ
2441 5279 2922 5348 ἀνακεφαλαίωσιν
2949 5281 3051 5332 εἰτ’
3083 5275 3181 5332 οὖν
3203 5275 3568 5344 ἑπανάληψιν,
3619 5271 3733 5322 ὅταν

2191 5372 2258 5424 τὰ
2287 5371 2377 5425 διὰ
2410 5369 2670 5422 πλειόνων
2697 5367 2958 5431 ποικίλως
2989 5365 3372 5438 εἰσηγηθέντα,
3398 5362 3485 5416 διὰ
3520 5359 3614 5428 τὴν
3643 5350 3736 5408 ἁπδ

2191 5465 2290 5534 τῆς
2321 5463 2429 5516 τῶν
2491 5459 2889 5533 παρεκϐάσεων
2947 5456 3267 5528 ἀνωμαλίας
3329 5453 3636 5524 δυσχέρειαν
3683 5444 3732 5492 ὲν

1662 5613 1887 5669 DAVID.
1926 5614 2321 5674 liOESCllEl."
2369 5616 2601 5672 ΝΟΤᾹΞ.

578 5775 656 5846 (9)
698 5776 832 5830 Κατ’
862 5775 1244 5844 ἀντίρρησιν.
1281 5771 1538 5842 Exempla
1577 5773 1735 5844 plura
1781 5773 2062 5844 suppeditat

2207 5776 2437 5847 August.
2471 5777 2564 5831 lib.
2593 5773 2788 5832 Contra
2823 5771 3168 5835 mendacium,
3237 5767 3301 5824 ad
3381 5763 3722 5818 Consentium,

506 5861 607 5914 (τῲ
669 5849 746 5900 Η).
