4038 6274
249 371 402 471 1305

1334 415 1660 478 ISAGOGE
1701 415 1782 478 IN
1818 417 1921 478 SS.
1949 416 2443 479 SCRIPTURAS.

3371 375 3536 477 1306'

241 515 450 585 ὀλίγοις
483 508 641 576 αὖθις
688 510 1028 586 διεξέρχεται
1065 531 1080 548 ⁸
1131 519 1207 582 ὡς
1268 522 1296 572 ὁ
1355 521 1564 592 Μωσῆς
1629 538 1818 594 φησιν,

1928 523 2252 593 aequalitate,
2289 538 2382 592 per
2413 520 2668 592 pauciora
2709 519 2906 574 iterum
2941 526 3319 589 exponuntur,
3357 520 3502 575 sicut

253 625 274 659 ι
309 605 460 677 Αὕτη
499 607 534 676 ἡ
571 602 754 676 βίϐλος
799 607 1069 675 γενέσεως
1123 610 1354 682 οὐρανοῦ
1391 629 1450 666 τε
1501 614 1596 667 καὶ
1631 614 1756 685 γῆς.
1801 633 1820 666 ι

242 696 489 750 Τοιαῦτα
516 695 610 750 καὶ
637 697 696 750 ὲν
721 696 1220 766 ταῖςιΒασιλείαις,
1285 700 1382 754 καὶ
1429 703 1488 755 ὲν
1539 703 1619 773 τῷ
1659 705 1822 757 Ἀπο-

245 787 450 858 στόλῳ.
1191 793 1203 805 ⁸
1436 838 1446 856 ι

318 877 480 932 Κατά
523 879 852 955 ἀπόχρησιν,
919 883 1050 937 ὅταν
1121 887 1188 955 τῇ
1231 883 1435 956 ἑτέρων
1482 887 1828 958 προσηγορίᾳ

243 971 344 1022 καὶ
371 970 430 1022 ὲν
457 970 668 1044 ἑτέροις
681 974 1033 1046 καταχρᾷται
1059 991 1072 1004 ·
1111 971 1268 1046 [οἷον]
1299 974 1376 1039 ὡς
1405 975 1486 1038 τὸ,
1527 996 1546 1028 ι
1583 975 1827 1042 Φύλαξόν

244 1077 339 1129 με,
357 1059 549 1131 Κύριε,
564 1061 640 1126 ὡς
667 1063 838 1134 κόρην
871 1045 1154 1134 ὀῷθαλμοῦ
1180 1080 1194 1096 σ
1221 1083 1240 1116 ι
1260 1045 1375 1132 καὶ,
1403 1084 1421 1118 ι
1453 1067 1545 1143 Ἐν
1576 1049 1660 1121 col
1699 1069 1829 1132 τοὺς

239 1151 476 1223 ἐχθροὺς
498 1152 657 1224 ἡμῶν
685 1153 1046 1226 κερατιοῦμεν
1069 1171 1086 1188 ο
1134 1175 1154 1209 ι
1191 1157 1306 1219 καὶ,
1325 1177 1344 1208 ‹
1376 1157 1434 1212 '0
1461 1156 1738 1226 στεγάζων
1771 1159 1830 1213 ἐν

243 1241 404 1298 ὕδασι
429 1243 496 1298 τὰ
519 1243 744 1316 ὑπερῷα
768 1235 935 1300 αὐτού
961 1263 978 1280 ο
1006 1266 1026 1300 ι
1063 1248 1182 1314 καὶ,
1207 1265 1227 1300 ι
1274 1249 1367 1313 Ὠς
1394 1249 1595 1322 ὄρθρος
1654 1249 1827 1322 χυθή-

244 1350 405 1387 σεται
433 1334 527 1387 tul.
564 1333 634 1388 τὰ
667 1334 769 1406 ὅρη
823 1334 952 1401 λαδς
983 1335 1152 1401 πολὺς
1210 1337 1306 1394 καὶ
1337 1339 1558 1412 ίσχυρός
1589 1357 1603 1371 ·
1647 1359 1664 1392 ι
1701 1343 1830 1413 περὶ

241 1427 348 1498 τῆς
379 1427 601 1498 ἀκρίδος
629 1427 830 1498 λέγων.

317 1605 476 1661 Κατὰ
500 1591 950 1676 προσωποποιίαν
966 1610 1096 1666 ὅταν
1111 1611 1224 1665 τισὶ
1251 1609 1362 1666 τῶν
1385 1609 1634 1682 ἀψύχων,
1656 1611 1830 1667 ἐνίοτε

241 1697 302 1750 δὲ
342 1697 436 1752 καὶ
464 1698 878 1770 ἀνυποστάτων,
915 1701 1187 1774 πρόσωπά
1213 1719 1274 1756 τε
1322 1701 1418 1756 καὶ
1447 1701 1644 1772 λόγους
1695 1703 1830 1758 ὐπο-

238 1788 498 1843 τίθεται·
569 1791 666 1844 ἐπὶ
709 1791 810 1862 μὲν
864 1792 1121 1864 ἀψύχων*
1173 1793 1251 1856 ὡς
1300 1793 1383 1858 τὸ,
1449 1811 1470 1846 ι
1523 1794 1828 1868 Ἐπάρθητε

240 1881 415 1936 πύλαι
447 1880 658 1936 αίώνιοι
697 1900 710 1916 ·
753 1901 774 1934 ι
806 1884 922 1946 καὶ,
949 1902 967 1935 ι
1015 1883 1082 1937 Ol
1137 1883 1360 1956 οὐρανοὶ
1411 1882 1728 1954 διηγοῦνται
1754 1901 1768 1916 ο
1803 1903 1822 1936 ι
1859 1873 1900 1929 Β

240 1973 343 2036 καὶ.
362 1969 396 2026 ἰ
426 1975 778 2046 Πορευόμενα
806 1973 1082 2046 ἐπορεύθη
1110 1973 1181 2028 τὰ
1211 1974 1346 2042 ξύλα
1379 1991 1394 2005 ·
1429 1993 1448 2028 ι
1485 1974 1580 2029 ἐπὶ
1633 1975 1690 2028 δὲ
1719 1975 1830 2030 τῶν

239 2066 632 2121 ἁνυποστάτων
657 2081 674 2096 ο
713 2064 792 2130 ὡς
819 2064 881 2120 τὸ
915 2083 934 2117 ι
968 2065 1296 2136 Δικαιοσύνη
1327 2066 1423 2120 καὶ
1473 2066 1668 2138 εἰρήνη
1694 2083 1830 2120 κατ-

241 2157 509 2228 εφίλησαν
538 2171 554 2188 ο
617 2175 638 2209 ι
701 2157 815 2224 καὶ,
859 2175 880 2210 ι
929 2156 1188 2211 Ἑκάλεσε
1232 2156 1332 2226 τὴν
1375 2156 1535 2228 δίκην
1591 2158 1650 2212 ὲν
1698 2153 1833 2230 πυρὶ

238 2249 449 2322 Κύριος
479 2267 494 2282 ο
536 2267 555 2302 ι
595 2251 725 2315 καὶ,
755 2269 773 2300 ι
811 2247 1047 2322 Ἐρῤιψε
1093 2249 1188 2302 τὸν
1241 2248 1384 2302 λίθον
1431 2250 1512 2313 είς
1543 2249 1604 2301 τὸ
1657 2249 1833 2318 στόμα

235 2343 340 2410 τῆς
369 2341 604 2412 ἀνομίας
629 2359 643 2374 ·
689 2360 708 2394 ι
737 2343 852 2406 καὶ,
897 2361 915 2393 ι
957 2337 1128 2395 Εἶπεν
1153 2342 1184 2412 ἠ
1212 2341 1394 2410 σοφία,
1427 2341 1636 2412 Κύριος
1668 2341 1829 2396 ἔκτι-

241 2433 305 2486 σὲ
349 2449 440 2500 με·
479 2449 498 2482 ι
529 2430 646 2495 καὶ,
681 2449 700 2482 ι
744 2428 886 2497 Ἐγὼ
911 2429 1060 2500 ήμην
1152 2429 1486 2498 προσέχαιρε
1512 2427 1636 2481 καθ’
1693 2428 1827 2499 ἡμέ-

241 2537 346 2590 ραν
367 2537 380 2551 ·
424 2540 444 2573 ι
471 2522 587 2586 καὶ,
617 2539 636 2572 ι
687 2519 1054 2590 ’ῼκοδόμησεν
1084 2521 1250 2590 ἑαυτῇ
1293 2513 1462 2572 οἶκον.
1498 2535 1516 2568 ι

1927 609 2132 682 Moysis
2189 611 2324 666 dicit
2373 629 2386 666 :
2451 629 2468 660 ε
2501 608 2605 663 llic
2663 609 2802 663 liber
2851 607 3220 679 generationis
3267 608 3392 664 creti
3451 617 3508 666 et

1928 711 2109 758 terrae.
2150 721 2169 756 ι
2206 702 2361 758 Talia
2397 711 2450 757 et
2485 703 2538 757 in
2581 701 2739 757 libris
2767 698 3002 772 Regum,
3030 707 3086 754 et
3120 699 3174 754 in
3206 701 3495 771 Apostolo.

1927 791 1946 861 (
1971 789 2100 846 Gen.
2141 808 2204 859 ιι,
2241 789 2293 845 4.
2317 798 2336 860 )

2001 881 2316 938 Secundum
2358 883 2592 940 abusum
2639 898 2765 939 cum
2817 884 3054 939 aliorum
3102 898 3304 938 nomen
3347 892 3402 939 et
3450 884 3506 938 in

1929 972 2050 1028 aliis
2081 973 2305 1027 adhibet
2328 972 2505 1045 [verbi
2529 971 2730 1046 gratia]
2761 990 2777 1030 :
2811 991 2829 1024 ι
2861 973 3088 1028 Custodi
3115 987 3222 1039 me,
3257 973 3505 1036 Domine,

1930 1073 1992 1120 ut
2031 1065 2296 1135 pupillam
2333 1065 2522 1128 oculi;
2564 1083 2582 1116 ι
2631 1077 2705 1130 ct,
2752 1084 2772 1114 ι
2811 1064 2866 1119 lu
2917 1073 2968 1120 te
3003 1065 3258 1120 inimicos
3293 1073 3516 1120 nostros
3566 1065 3574 1074 '

1929 1155 2322 1212 ventilabimus
2359 1171 2566 1224 cornu;
2613 1173 2633 1210 ι
2673 1164 2748 1221 et,
2791 1174 2808 1207 ι
2845 1155 2950 1222 Qui
2983 1155 3120 1224 tegis
3153 1156 3313 1226 aquis
3341 1169 3507 1225 supe-

1930 1245 2079 1300 riora
2127 1244 2286 1316 ejus;
2329 1266 2347 1300 ι
2380 1257 2452 1312 et,
2493 1266 2512 1299 ι
2546 1246 2714 1314 Quasi
2761 1262 2920 1302 mane
2950 1247 3299 1316 expandetur
3344 1259 3512 1316 super

1930 1347 2146 1393 montes
2175 1341 2412 1408 populus
2443 1339 2648 1393 multus
2689 1347 2742 1394 et
2773 1337 2953 1400 fortis,
3013 1355 3033 1388 ι
3068 1337 3136 1392 de
3170 1335 3398 1393 locustis
3428 1337 3510 1390 lo-

1929 1443 2124 1500 quens.
2186 1427 2376 1502 (Psal.
2433 1444 2542 1498 va,
2595 1427 2664 1496 8;
2721 1444 2876 1496 xun,
2933 1427 3004 1495 6;
3060 1443 3192 1494 cm,
3253 1428 3326 1494 ὃς
3389 1426 3510 1482 laet

1930 1511 2012 1587 ιι’,,
2026 1522 2080 1575 2.
2099 1519 2119 1593 )

2007 1614 2322 1672 Secundum
2355 1615 2797 1688 prosopopoeiam
2827 1615 3053 1686 quando
3085 1613 3417 1684 quibusdam
3445 1629 3510 1668 ex

1932 1704 2274 1770 inanimatis,
2321 1707 2655 1776 quandoque
2701 1715 2756 1761 et
2785 1721 2850 1760 ex
2899 1706 2968 1762 iis
3015 1721 3139 1775 qua:
3172 1720 3266 1775 per
3296 1705 3514 1774 excogi-

1933 1798 2086 1852 tandi
2127 1799 2238 1853 vim
2287 1808 2498 1852 tantum
2547 1797 2862 1861 exsistunt,
2911 1811 3208 1866 personam
3255 1805 3310 1850 et
3353 1795 3513 1850 verba

1932 1891 2230 1960 supponit;
2267 1891 2334 1945 de
2365 1890 2704 1954 inanimantis,
2742 1889 2928 1944 sicut:
2969 1908 2986 1940 ι
3027 1886 3353 1948 Elevamini,
3389 1901 3515 1956 por-

1934 1988 2001 2034 tae
2029 1979 2346 2046 aeternales;
2385 1999 2401 2031 ι
2433 1989 2508 2044 et,
2540 1997 2560 2030 ι
2593 1979 2732 2034 Coeli
2761 1987 3062 2044 enarrant;
3097 1995 3116 2028 ι
3151 1986 3222 2041 et,
3258 1995 3276 2027 ι
3309 1975 3515 2031 Euntes

1933 2069 2116 2124 ierunt
2149 2070 2317 2140 ligna.
2359 2089 2378 2121 ι
2442 2069 2518 2124 De
2575 2070 2645 2124 iis
2679 2085 2800 2139 quze
2851 2083 2951 2138 per
2998 2067 3344 2138 excogitandi
3402 2068 3512 2121 vim

1934 2167 2146 2215 tantum
2182 2161 2484 2226 exsistunt,
2529 2161 2716 2217 sicut:
2756 2180 2774 2212 ι
2812 2157 3034 2214 Justitia
3070 2166 3124 2212 ct
3159 2173 3261 2228 pax
3289 2156 3508 2213 oscula-

1936 2261 2194 2319 taasunt;
2237 2271 2256 2303 ι
2300 2261 2375 2318 ct,
2427 2272 2444 2304 ι
2479 2250 2724 2307 Vocabat
2757 2249 3028 2320 judicium
3075 2248 3142 2303 ad
3193 2247 3372 2318 ignem
3399 2247 3514 2301 Do-

1935 2339 2154 2404 minus;
2199 2359 2216 2391 ι
2253 2349 2326 2407 et,
2369 2357 2387 2392 ι
2429 2339 2576 2394 Misit
2622 2338 2858 2408 lapidem
2907 2337 2962 2390 in
3009 2351 3093 2392 os~
3120 2335 3442 2405 impietatis.
3484 2353 3504 2387 ι

1933 2428 2022 2496 Εῐ,
2073 2449 2093 2482 ι
2133 2432 2277 2486 Dixit
2333 2431 2647 2502 sapientia:
2682 2429 2950 2485 Dominus
2997 2428 3245 2499 possedit
3293 2441 3422 2494 me;
3485 2444 3506 2478 ο

1930 2529 2004 2586 et,
2033 2539 2051 2572 ι
2082 2520 2194 2590 Ego
2228 2537 2378 2576 eram
2406 2523 2495 2577 cui
2518 2519 2890 2576 delectabatur
2912 2534 3008 2589 per
3033 2517 3282 2588 singulos
3305 2517 3456 2582 dies;
3487 2533 3506 2566 ι

238 2628 318 2682 et,
396 2636 414 2670 ι
449 2616 766 2672 Ᾰίιιίίιοονίι
816 2616 919 2672 sibi
972 2616 1220 2672 domum.
1255 2635 1274 2668 ι
1333 2613 1524 2686 (Psal.
1577 2630 1734 2680 χχιιι,
1775 2613 1807 2668 7

1928 2633 2038 2680 rm,
2102 2618 2170 2686 ‘2;
2207 2607 2389 2674 ludic.
2441 2634 2517 2683 ιι,
2565 2617 2630 2684 8;
2667 2631 2888 2682 Lxxxw,
2931 2615 3029 2680 li;
3101 2613 3258 2686 Amas
3295 2627 3394 2676 vn,
3439 2613 3508 2675 4;

241 2713 410 2769 Zach.
445 2729 495 2780 ν,
525 2711 593 2779 8;
627 2709 790 2765 Prov.
824 2725 941 2776 Vill,
975 2706 1062 2778 12,
1097 2709 1170 2762 22
1194 2750 1209 2774 ,
1239 2709 1352 2782 50.)

313 2805 474 2860 Κατὰ
498 2801 900 2876 σχηματισμὸν,
953 2803 1084 2855 ὅταν
1136 2801 1205 2856 τὰ
1252 2800 1392 2853 αὐτὰ
1445 2804 1823 2873 σχηματοποιῇ

240 2895 381 2968 πρὸς
408 2895 508 2966 τὴν
533 2894 642 2949 τῶν
669 2893 1014 2965 πραγμάτων
1044 2893 1324 2962 ὑφήγησιν
1351 2905 1366 2922 ·
1393 2891 1470 2956 ὡς
1492 2893 1574 2959 τὸ,
1616 2911 1634 2946 ι
1670 2895 1825 2964 Παρ-

241 2985 378 3055 έστη
443 2987 477 3056 ἡ
509 2984 804 3055 βασίλισσα
852 2985 918 3036 ὲκ
948 2981 1141 3050 δεξιῶν
1177 2998 1270 3036 σου
1297 2995 1312 3010 '
1351 2999 1372 3034 ι
1409 2984 1525 3050 καὶ,
1592 3001 1611 3034 ι
1646 2983 1822 3037 ﬂora-

241 3077 340 3148 μοὶ
381 3078 714 3148 κροτήσουσι
742 3075 888 3147 χειρὶ
927 3074 1020 3127 ἐπὶ
1047 3074 1110 3128 τὸ
1151 3076 1284 3130 αὐτό
1306 3090 1323 3107 ⁶
1355 3093 1375 3124 ι
1421 3074 1537 3142 καὶ,
1561 3091 1582 3127 ι
1615 3075 1680 3129 Ol
1729 3091 1828 3147 μα-

243 3167 362 3224 σθοί
391 3185 486 3222 σου
525 3166 959 3240 ἀνωρθώθησαν,
1000 3167 1096 3220 καὶ
1157 3166 1343 3240 ἡθρίξ
1395 3182 1488 3220 σου
1543 3167 1821 3221 ἀνέτειλε·

243 3261 310 3314 σὺ
361 3260 418 3313 δὲ
443 3255 588 3330 ἦσθα
631 3259 814 3330 γυμνὴ
874 3257 966 3312 καὶ
1008 3251 1395 3330 ἀσχημονοῦσα
1419 3273 1438 3292 ’
1465 3279 1484 3312 ι
1511 3259 1784 3331 μασθοὺς
1807 3277 1820 3290 ·

241 3350 700 3422 καταχρηστικῶς
729 3350 799 3404 τὰ
829 3349 937 3419 ὅρη
968 3348 1224 3419 λέγουσα,
1253 3349 1360 3405 ἀπὸ
1385 3350 1484 3404 τοῦ
1514 3350 1830 3420 σχήματος

239 3443 402 3514 τρίχα
433 3443 511 3505 δὲ,
535 3443 634 3514 τὴν
658 3443 756 3512 τῆς
771 3441 876 3512 γῆς
899 3442 1161 3512 εὐφορίαν
1187 3459 1200 3472 ο
1233 3441 1637 3505 κατασκευάζει
1658 3443 1828 3496 δὲκαὶ

241 3537 351 3590 ἀπὸ
387 3533 726 3607 πραγμάτων
769 3532 1173 3603 σχηματισμὸν,
1208 3531 1285 3594 ὡς
1331 3532 1392 3584 ὲν
1419 3534 1486 3600 τῇ
1550 3533 1692 3584 κατά
1733 3533 1826 3584 τὸν

245 3627 520 3696 μακάριον
561 3622 682 3678 ἰὼ6
709 3621 968 3674 ὑποθέσει
991 3637 1004 3652 ο
1033 3615 1148 3674 οἷον
1175 3619 1259 3685 τὸ,
1296 3642 1314 3674 ι
1353 3620 1708 3690 Παραστῆναι
1735 3622 1826 3674 τὸν

239 3717 491 3771 διάϐολον
525 3715 758 3768 ἐνώπιον
805 3711 902 3766 τοῦ
932 3711 1092 3766 Θεοῦ.
1137 3729 1158 3762 ι

321 3807 474 3860 Κατὰ
494 3803 846 3875 ἀλληγορίαν,
878 3802 1007 3856 ὅταν
1035 3802 1103 3855 τὰ
1133 3800 1341 3871 ἄπειρα
1366 3799 1545 3872 πλήθη
1582 3801 1824 3872 συνεχῶς

247 3900 306 3952 ’ἴ
324 3900 456 3952 δατα
485 3897 645 3970 λέγῃ,
677 3896 773 3949 καὶ
801 3895 902 3966 τὴν
934 3894 1142 3947 τούτων
1166 3893 1355 3963 ἔφοδον
1399 3893 1786 3965 κατακλυσμόν
1805 3912 1819 3925 ·

241 3995 339 4046 καὶ
376 3993 456 4055 τὸ,
489 4010 509 4044 ι
545 3992 738 4044 Ἔσται
770 3991 845 4052 ὡς
872 3989 932 4042 τὸ
960 3989 1116 4053 ξύλον
1147 3987 1238 4042 τὸν
1301 3990 1713 4061 πεφυτευμένον
1746 4007 1760 4022 ο
1799 4007 1816 4040 ι

243 4082 383 4136 καὶὸ
420 4081 742 4145 Ἀπόστολος
773 4079 872 4152 τὴν
903 4081 1082 4150 Ἀγαρ
1119 4079 1432 4152 ἀλληγορεῖ.

313 4261 450 4315 Καθ’
481 4258 790 4332 ὑπερϐολὴν
820 4257 954 4329 (Ιθ),
991 4258 1120 4312 ὅταν
1151 4258 1229 4320 είς
1269 4257 1440 4312 πολλά
1469 4257 1679 4326 μείζονι
1731 4260 1822 4314 κέ·

243 4371 440 4426 χρηται
463 4351 539 4422 τῷ
558 4353 658 4423 τῆς
677 4352 1005 4423 ὖφηγήσεως
1036 4351 1261 4422 μεγέθει
1289 4351 1442 4422 παρὰ
1463 4351 1532 4404 τὰ
1558 4350 1820 4422 γινόμενα

241 4445 277 4518 ἢ
331 4445 625 4517 προσόντα,
650 4443 686 4514 ἢ
715 4443 1044 4514 ἐνδεχόμενα
1069 4459 1083 4472 ⁸
1131 4442 1206 4506 ὡς
1229 4443 1311 4508 τὸ,
1351 4461 1368 4489 τ
1411 4441 1819 4499 Ἀναόαίνουσιν

2009 2801 2324 2858 Secundum
2355 2802 2643 2870 ﬁguratam
2687 2800 3012 2864 orationem,
3063 2797 3282 2866 quando
3311 2795 3506 2852 eadem
3560 2816 3566 2823 ’

1933 2892 2133 2962 ﬁgurat
2174 2902 2369 2962 praeter
2399 2907 2582 2946 rerum
2614 2889 3011 2969 narrationem,
3044 2889 3222 2944 sicut:
3261 2905 3282 2940 ι
3325 2887 3510 2942 Astitit

1932 2983 2122 3054 regina
2173 2998 2204 3038 a
2251 2985 2464 3039 dextris
2513 2982 2660 3049 tuis;
2699 3001 2718 3035 ι
2767 2990 2841 3048 et,
2894 2999 2912 3032 ι
2949 2979 3204 3035 Flumina
3254 2978 3512 3049 p'audcnt

1931 3090 2102 3130 manu
2135 3077 2200 3130 de
2243 3075 2456 3137 eodem,
2499 3093 2517 3126 ι
2571 3084 2644 3140 et,
2700 3093 2718 3125 ι
2753 3073 2936 3129 Ubera
2973 3081 3063 3126 tua
3102 3071 3507 3132 intumuerunt,

1929 3175 1984 3222 et
2027 3167 2171 3238 pilus
2217 3175 2346 3220 tuus
2375 3165 2737 3236 germinavit;
2782 3159 2840 3218 Et
2869 3177 2995 3218 eras
3037 3161 3185 3216 nuda
3217 3168 3274 3216 et
3317 3161 3510 3214 confu-

1929 3259 2087 3316 sione
2115 3257 2274 3330 plena
2305 3276 2318 3310 :
2362 3275 2382 3309 ι
2417 3255 2578 3310 ubera
2607 3272 2702 3326 per
2730 3253 3093 3310 catacliresim
3124 3262 3325 3306 montes
3353 3250 3508 3318 dicit,
3582 3299 3592 3308 .

1929 3363 1960 3405 a
1995 3348 2194 3416 forma,
2227 3348 2393 3417 pilum
2423 3363 2552 3403 vero
2585 3346 2926 3402 fertilitatem
2965 3356 3124 3402 terrae
3153 3363 3166 3400 :
3207 3353 3263 3400 et
3293 3354 3448 3415 parat
3475 3360 3508 3400 a

1913 3439 2098 3510 rebus
2129 3437 2420 3507 ﬁguratam
2453 3438 2790 3504 orationem,
2824 3438 2972 3494 sicut
2997 3438 3053 3494 in
3082 3443 3408 3508 argumento
3439 3436 3510 3491 de

1928 3529 2088 3585 beato
2117 3527 2239 3592 Job,
2273 3543 2489 3596 nempe,
2535 3547 2552 3579 ι
2597 3529 2857 3584 Astitisse
2888 3527 3056 3584 Satan
3097 3544 3284 3584 coram
3318 3527 3512 3583 Domi-

1927 3637 2018 3676 no.
2059 3640 2078 3672 ι
2128 3620 2320 3690 (Psal.
2373 3635 2518 3684 mv,
2570 3621 2674 3688 {0;
2728 3637 2896 3686 xcvn,
2931 3622 3002 3687 8;
3057 3620 3246 3676 Eur/1.
3283 3637 3400 3688 xvr,
3439 3621 3508 3688 7;

1926 3711 2028 3766 Job
2067 3727 2105 3776 ι,
2138 3711 2234 3781 6.)

1999 3803 2313 3859 Secundum
2337 3802 2654 3874 allegoriam
2679 3845 2692 3869 ,
2726 3803 2948 3874 quando
2980 3803 3225 3859 infinitas
3253 3802 3511 3857 multituo

1925 3895 2083 3950 dines
2114 3901 2378 3965 perpetuo
2419 3909 2590 3964 aquas
2617 3906 2814 3960 vocat,
2860 3903 2914 3948 ct
2959 3894 3153 3948 borum
3214 3892 3506 3948 transitum

1925 3985 2344 4041 inundationem
2371 3997 2387 4047 ;
2418 3997 2472 4042 et
2494 4025 2508 4051 ,
2553 4005 2570 4038 ι
2604 3985 2722 4040 Erit
2753 3987 2899 4042 sicut
2931 3987 3138 4057 lignum
3177 3985 3325 4055 quod
3350 3987 3508 4054 plan-

1925 4083 2098 4130 tatum
2147 4087 2248 4131 est.
2285 4095 2302 4130 ι
2373 4077 2438 4132 Ει
2503 4077 2800 4146 Apostolus
2843 4077 2990 4146 Agar
3051 4091 3150 4146 per
3185 4074 3504 4146 allegoriam

1924 4169 2080 4223 citat.
2109 4178 2127 4240 (
2156 4167 2307 4223 Psal.
2347 4185 2400 4234 ι,
2442 4171 2503 4234 5;
2538 4167 2718 4223 Galat.
2762 4183 2835 4234 tv,
2865 4167 2980 4240 9.4.)

1997 4259 2311 4316 Secundum
2351 4260 2689 4330 hyperbolen
2730 4258 2954 4330 quando
2996 4257 3050 4312 in
3085 4256 3276 4312 multis
3309 4255 3506 4326 majori

1921 4353 2092 4408 utitur
2137 4369 2250 4425 pra:
2299 4354 2637 4409 narrationis
2695 4352 2967 4424 gravitate
3019 4367 3120 4422 pro
3175 4348 3334 4405 factis
3387 4349 3506 4404 sive

1921 4447 2348 4513 excedentibus,
2397 4447 2514 4502 sive
2559 4445 2956 4516 possibilibus;
3003 4445 3190 4500 sicut:
3229 4462 3248 4495 ι
3290 4429 3502 4498 Ascen-

245 4545 348 4602 ἕως
376 4537 486 4591 τῶν
519 4536 770 4608 οὐρανῶν
803 4552 819 4568 ⁰
863 4536 992 4608 περὶ
1019 4535 1130 4590 τῶν
1156 4535 1621 4606 ναυτιλλομένωνο
1659 4557 1678 4590 ›
1703 4540 1816 4604 καὶ,

1928 4539 2060 4594 dunt
2089 4553 2264 4610 usque
2292 4539 2360 4594 ad
2391 4539 2583 4604 caelos,
2613 4538 2680 4593 de
2707 4536 3128 4608 navigantibus;
3151 4551 3172 4586 ι
3205 4543 3260 4590 et
3283 4571 3300 4600 ,
3347 4551 3367 4586 ι
3398 4531 3505 4588 Ve-

247 4650 264 4682 ι
301 4629 444 4702 Πλὴν
475 4631 504 4684 ὁ
533 4629 666 4694 Θεὸς
699 4628 992 4683 συνθλάσει
1040 4627 1285 4698 κεφαλὰς
1311 4627 1524 4701 ἐχθρῶν
1561 4630 1726 4685 αὐτοῦ
1746 4649 1760 4662 ·
1791 4652 1810 4685 ι

241 4723 359 4786 καὶ,
391 4741 410 4773 ι
445 4721 638 4776 Λούσω
667 4721 792 4774 καθ’
824 4721 1062 4792 ἑκάστην
1079 4720 1250 4774 νύκτα
1278 4721 1376 4792 τὴν
1399 4720 1587 4791 κλίνην
1622 4739 1724 4793 μου
1747 4739 1760 4756 ³
1790 4745 1809 4777 ι

241 4814 355 4877 καὶ,
395 4831 414 4866 ι
448 4812 530 4866 Τὰ
551 4801 654 4884 ὄρη
686 4812 1020 4884 ὲσκίρτησαν
1049 4811 1180 4865 ὡσεὶ
1227 4811 1374 4882 κριοί
1399 4825 1414 4840 ⁸
1447 4829 1468 4864 ›
1503 4813 1618 4880 καὶ,
1679 4831 1700 4866 ι
1733 4813 1814 4868 Τά

243 4905 374 4970 ξύλα
409 4903 503 4958 τοῦ
543 4903 716 4978 ἀγροῦ
781 4905 1144 4976 ὲπικροτήσει
1181 4906 1294 4966 τοῖς
1327 4903 1574 4968 κλάδοις·
1621 4923 1643 4958 ι
1695 4909 1812 4972 καὶ,

245 5020 264 5052 ι
299 4996 693 5070 Εὐκοπώτερόν
727 4999 846 5052 ἐστι
889 4997 1168 5068 κάμηλονο
1205 4981 1336 5050 »καὶ
1366 4981 1491 5066 περὶ
1529 4996 1628 5066 τῆς
1653 4997 1812 5068 ἀκρίυ

197 5164 200 5168 ί
237 5091 504 5156 δος,ι”’οτι
537 5089 688 5154 ἔθνος
732 5089 904 5160 ἀνέϐη
929 5089 1023 5142 ἐπὶ
1050 5087 1149 5160 τὴν
1182 5088 1284 5158 γῆν
1317 5104 1418 5158 μου
1471 5089 1710 5159 ἰσχυρὸν,
1764 5092 1814 5144 οἱ

239 5183 449 5248 ὀδόντες
479 5181 644 5236 αὐτοῦ
668 5183 880 5246 ὀδόντες
909 5181 1124 5244 λέοντος
1149 5195 1163 5208 ·
1207 5201 1226 5232 ι
1297 5180 1416 5243 καὶ,
1474 5197 1492 5231 ι
1543 5181 1810 5252 Ἀπηλλο-

237 5274 549 5347 τριώθησαν
573 5275 624 5327 οἱ
655 5274 972 5344 ἁμαρτωλοὶ
1003 5273 1111 5328 ἀπὸ
1145 5272 1363 5343 μήτρας
1391 5287 1403 5300 ·
1456 5289 1474 5322 ι
1514 5275 1628 5338 καὶ,
1671 5291 1688 5324 ι
1720 5273 1812 5346 M‘q

241 5365 435 5435 γνώτω
484 5366 518 5435 ἡ
548 5365 814 5435 ἀριστερὰ
843 5381 935 5416 σου
967 5364 1018 5416 τί
1055 5365 1200 5416 ποιεῖ
1225 5365 1256 5432 ἡ
1281 5360 1433 5427 δεξιά
1471 5380 1564 5416 σου
1590 5381 1604 5395 ·
1646 5385 1664 5416 ι
1698 5367 1813 5428 καί,

247 5477 265 5508 ι
300 5458 360 5510 El
389 5458 418 5510 6
447 5457 726 5527 ὀφθαλμὸς
755 5459 784 5510 ὁ
815 5455 990 5522 δεξιὸς
1018 5454 1366 5520 σκανδαλίζει
1415 5474 1497 5521 σε,
1538 5457 1687 5525 ἔξελε
1716 5461 1816 5514 αὺ-

240 5548 358 5604 τόνο
399 5567 418 5600 ι
453 5549 569 5611 καὶ,
609 5567 626 5600 ι
663 5548 788 5601 Ἐὰν
820 5547 978 5619 ὑμεῖς
1013 5549 1348 5620 σιωπήσητε,
1385 5550 1586 5604 οίλίθοι
1613 5554 1814 5622 κεκρά-
1843 5607 1846 5610 .

1925 4638 2233 4685 rumtamcn
2263 4627 2406 4684 Deus
2433 4629 2739 4699 confringet
2793 4629 2972 4698 capita
3004 4626 3352 4682 inimicorum
3378 4639 3507 4681 suo-

1923 4736 2082 4786 rum;
2115 4740 2135 4772 ι
2182 4729 2276 4788 et,
2328 4740 2344 4772 ι
2382 4720 2601 4775 La'vabo
2643 4735 2740 4790 per
2773 4719 3026 4790 singulas
3070 4728 3262 4774 noctes
3299 4719 3505 4772 lectum

1922 4821 2126 4879 meum,
2159 4832 2177 4864 ι
2212 4823 2286 4877 et,
2311 4832 2330 4864 ι
2355 4811 2568 4868 Montes
2589 4811 3008 4867 exsultavernnt
3035 4809 3096 4866 ut
3125 4811 3349 4874 arietes,
3377 4827 3394 4862 ι
3424 4819 3502 4874 et,

1925 4925 1944 4958 ι
1965 4905 2136 4976 Ligna
2166 4905 2405 4974 regionis
2434 4903 2694 4974 plaudent
2725 4891 2916 4970 ramis,
2943 4922 2962 4956 ι
2999 4911 3073 4970 et,
3111 4922 3130 4954 ι
3156 4901 3394 4957 Facilius
3419 4911 3504 4957 est

1917 4998 2220 5063 camelum;
2279 5013 2299 5046 ι
2354 5005 2408 5052 et
2440 4999 2506 5052 de
2552 4998 2800 5064 locusta,
2843 5015 2862 5046 c
2893 4995 3034 5063 Quia
3080 5010 3214 5066 gens
3251 4993 3507 5050 accendit

1918 5105 2084 5159 super
2109 5098 2306 5144 terram
2339 5104 2516 5143 meam
2543 5129 2556 5153 ,
2601 5088 2760 5144 fortis
2783 5130 2796 5150 ,
2831 5089 3024 5144 dentes
3055 5087 3176 5158 ejus
3217 5095 3278 5142 nt
3305 5085 3510 5142 dentes

1919 5183 2132 5248 leonis;
2159 5201 2177 5234 ι
2219 5191 2311 5244 et,
2353 5201 2370 5234 ι
2403 5183 2636 5236 Alienati
2669 5189 2799 5238 sunt
2841 5188 3160 5252 peccatores
3200 5195 3232 5236 a
3259 5180 3442 5237 vulva.
3476 5199 3498 5233 ι

1921 5276 2010 5338 Ει,
2045 5295 2063 5327 ‹
2093 5273 2308 5330 Nesciat
2339 5275 2561 5330 sinistra
2595 5285 2686 5329 tua
2717 5275 2848 5346 quid
2885 5276 3286 5332 faciatdextera
3314 5285 3448 5340 tua;
3477 5293 3499 5325 υ

1921 5379 2000 5433 et,
2047 5387 2066 5420 ι
2103 5365 2158 5422 Si
2201 5367 2396 5422 oculus
2445 5375 2574 5423 tuus
2611 5367 2802 5424 dexter
2845 5368 3180 5424 scandalizat
3227 5377 3318 5432 te,
3369 5381 3500 5419 erue

1921 5455 2079 5524 eum;
2113 5481 2130 5512 ι
2155 5469 2228 5522 et,
2269 5478 2284 5510 ι
2311 5459 2365 5514 Si
2393 5475 2491 5514 vos
2523 5460 2826 5524 tacueritis,
2861 5460 3065 5530 lapides
3088 5458 3442 5522 clamabunt;
3475 5475 3495 5504 ι

1921 5561 1996 5619 et,
2033 5573 2048 5603 ι
2080 5552 2190 5606 lota
2235 5567 2403 5604 unum
2455 5562 2548 5605 aut
2594 5569 2734 5606 unus
2771 5570 2943 5623 apex;
2983 5573 3000 5604 ι
3031 5561 3079 5605 et
3105 5595 3118 5616 ,
3158 5569 3175 5602 ι
3205 5552 3414 5604 (In-Iunt
3446 5557 3502 5602 4t

1399 5708 1620 5765 DAVID.
1666 5709 2060 5768 "(ESCHELII
2113 5708 2345 5765 ΝΟΤίΕ.

321 5815 434 5881 (ιο)
482 5813 621 5872 Καθ’
674 5818 1034 5888 ὑπερϐολήν.
1076 5818 1148 5872 De
1183 5821 1281 5876 hac
1335 5824 1446 5893 agit
1499 5825 1641 5881 idem
1691 5827 1828 5896 Aug.
1873 5827 2106 5896 exposit.
2145 5841 2267 5896 cap.
2306 5824 2403 5880 ult.
2441 5823 2640 5893 Evang.
2677 5822 2834 5878 Joan.
