4038 6274
270 361 415 428 1309
516 419 519 422 _

1331 367 1652 434 ISAGOGE
1701 374 1774 432 1N
1821 376 1924 435 SS.
1968 368 2457 434 SCRIPTURAS.

3390 317 3530 436 tm

221 499 234 510 -
262 473 423 529 τικδν
459 473 552 528 καὶ
609 477 879 546 ἱστορικόν
911 495 924 509 ·
953 479 1018 532 ὲκ
1045 478 1212 550 τριῶν
1239 479 1296 534 δὲ
1329 482 1482 550 ὅμως
1511 483 1718 552 χρόνων
1777 485 1836 536 ἓν

1951 499 2068 554 pars
2099 493 2154 538 et
2195 482 2456 538 historica
2482 499 2496 549 ;
2531 479 2708 536 tribus
2737 485 2922 534 autem
2950 471 3301 548 temporibus
3324 472 3526 536 borum

267 563 506 620 ἔκαστον
525 566 708 620 αὐτῶν
721 568 1054 647 συνέστηκε,
1089 587 1166 624 πα
1173 573 1508 642 ρῳχηκότος,
1521 575 1606 628 ὶνε
1613 572 1838 641 στῶτος,

267 655 369 708 καὶ
427 655 714 725 μέλλοντος
741 674 760 690 ο
808 659 1206 730 παρῳχηκότος
1254 661 1375 732 μὲν,
1417 661 1495 726 ὡς
1523 665 1557 731 ή
1589 660 1684 716 τοῦ
1712 665 1841 717 Μω-

267 744 412 809 σέως
472 745 600 816 περὶ
619 744 715 799 τοῦ
743 748 943 811 παντὸς
975 751 1288 816 συστάσεως
1306 768 1323 785 ·
1351 754 1648 817 ἐνεστῶτος
1669 753 1746 819 δὲ,
1767 753 1845 818 ὥς

264 835 301 904 ἠ
330 833 424 888 τοῦ
445 837 866 908 μακαριωτάτου
914 839 1218 894 Ἐλισσαίου
1242 841 1381 912 πρὸς
1405 843 1500 896 τὸν
1524 841 1684 914 Γιεζῆ
1718 844 1842 915 περί

265 924 365 978 τοῦ
408 925 654 992 δοθέντος
669 927 819 1000 αὐτῷ
846 929 1074 1000 χρυσίου
1098 946 1114 961 ⁸
1149 931 1433 1002 μέλλοντος
1455 917 1641 1001 δδ,ἶῖ›ς
1671 939 1706 1004 ή
1736 937 1846 990 τῶν

269 1016 592 1086 προφητῶν,
623 1018 696 1070 τά
725 1019 860 1090 περὶ
887 1020 998 1073 τῶν
1047 1019 1318 1093 Ἐϐραίων
1349 1025 1446 1077 καὶ
1473 1023 1577 1094 τῆς
1601 1024 1844 1096 Χριστοῦ

266 1105 598 1176 παρουσίας,
632 1107 701 1178 ἢν
724 1109 816 1162 διά
843 1127 903 1164 τε
936 1111 1110 1181 λόγων
1137 1115 1232 1168 καὶ
1290 1115 1570 1170 ὀπτασιῶν
1621 1117 1714 1171 καὶ
1755 1117 1846 1190 ερ-

265 1213 383 1266 γων
416 1199 874 1271 παρειλήφαμεν
918 1205 1015 1258 καὶ
1077 1204 1166 1260 διὰ
1188 1205 1364 1275 λόγων
1422 1207 1522 1279 μὲν
1549 1225 1564 1239 ·
1629 1209 1706 1272 ὡς
1762 1211 1845 1277 τὸ,

275 1307 296 1341 ι
343 1289 473 1344 Ἰδοὺ
501 1292 707 1362 ἡμέραι
739 1293 1012 1366 ἔρχονται,
1043 1296 1190 1366 λέγει
1216 1299 1440 1370 Κύριος,
1469 1301 1564 1354 καὶ
1603 1301 1846 1372 διαθήσω

267 1380 350 1452 τῷ
373 1382 506 1454 οῐκῳ
548 1385 762 1456 Ἰσραὴλ
795 1387 891 1440 καὶ
930 1387 1008 1459 τῷ
1037 1385 1172 1460 οίκῳ
1205 1387 1373 1444 ¹ἰούδα
1403 1387 1670 1462 διαθήκην
1722 1409 1848 1446 και-

241 1475 370 1560 ,νήν
395 1489 411 1506 ·
449 1475 576 1544 tot?
603 1478 882 1532 όπτασιῶν
923 1479 980 1533 δὲ
1005 1522 1020 1546 ,
1048 1481 1124 1546 ὡς
1156 1483 1236 1546 τὸ,
1268 1494 1288 1535 ι
1325 1483 1436 1538 Καὶ
1487 1484 1706 1552 ἐγένετο
1758 1485 1847 1538 ἐπ’

233 1567 376 1646 ⁸ἐμὲ
405 1569 530 1640 χεὶρ
571 1569 779 1643 Κυρίου
807 1587 820 1604 ·
859 1590 879 1626 ι
931 1574 1048 1636 καὶ.
1105 1591 1127 1626 ι
1177 1577 1597 1648 Ἀναστήσονται
1655 1579 1704 1632 oi
1760 1595 1848 1631 νε·-

269 1659 398 1730 κροί
425 1673 440 1690 δ
480 1679 501 1712 ι
536 1663 648 1728 καὶ,
682 1682 702 1714 ι
753 1663 1056 1736 Ἐθεώρουν
1114 1666 1219 1731 ἕως
1265 1668 1392 1722 ὅτου
1432 1669 1608 1740 θρόνοι
1657 1669 1848 1742 ἐτέθη-

202 1759 209 1766 ’
249 1753 376 1806 ’σαν
399 1763 414 1785 ⁸
445 1770 466 1804 ι
496 1753 612 1819 καὶ,
649 1771 668 1806 ι
723 1755 855 1810 Ἰδοὺ
885 1757 1023 1826 μετὰ
1053 1757 1163 1811 τῶν
1201 1758 1440 1826 νεφελῶν
1469 1761 1544 1824 ὡς
1577 1761 1704 1826 Υἱὸς
1753 1765 1848 1816 ἀν-

1950 575 2320 644 quodcunquc
2349 583 2602 636 constat,
2649 571 2928 640 praeterito
2949 609 2964 635 ,
2989 569 3283 640 praesenti,
3313 569 3528 628 futuro.-

1948 665 2234 720 Prazterito
2261 665 2516 733 quidem,
2564 665 2706 719 sicut
2742 661 2880 717 liber
2923 659 3127 732 Moysis
3168 656 3238 716 de
3283 659 3530 719 universi

1950 755 2384 822 constitutione;
2444 753 2742 825 praesenti,
2799 751 2946 808 sicut
2990 747 3295 808 beatissimi
3341 749 3532 808 εἰὶεωὶ
3643 781 3652 790 -

1951 849 2087 904 liber
2115 848 2181 902 ad
2212 847 2362 903 Giesi
2391 847 2459 902 de
2482 847 2609 901 dato
2633 847 2734 914 ipsi
2761 858 2926 910 auro;
2959 841 3167 907 futuro,
3200 840 3346 898 sicut
3379 843 3526 899 Serit-

1937 944 2110 1006 -ptura
2141 935 2558 1005 prophetarum,
2595 933 2662 987 de
2689 927 3039 988 Hebraeorum
3076 942 3131 987 et
3157 929 3363 986 Citriin
3391 942 3535 1001 prae

1952 1027 2148 1092 sentia,
2172 1025 2457 1097 quamper
2476 1025 2641 1082 verba
2667 1035 2722 1081 et
2755 1025 3023 1080 mirabilia
3050 1033 3104 1078 et
3134 1037 3300 1094 opera
3337 1035 3534 1079 susce'v

1951 1119 2168 1189 pimus;
2190 1130 2286 1191 per
2305 1118 2496 1184 verba,
2525 1119 2672 1174 sicut
2703 1132 2716 1172 :
2745 1137 2764 1171 ι
2802 1116 2942 1171 Ecce
2969 1117 3086 1172 dies
3117 1118 3365 1179 veniunt,
3396 1113 3530 1172 dicit

1953 1209 2258 1278 Dominus,
2291 1219 2348 1268 et
2390 1210 2584 1274 feriam
2625 1211 2814 1266 domui
2859 1209 3025 1266 Israel
3065 1219 3120 1264 et
3169 1211 3356 1264 domui
3386 1205 3526 1264 Juda

1953 1301 2132 1358 finitus
2154 1317 2354 1358 novum
2381 1316 2397 1370 ;
2424 1315 2448 1357 ι
2482 1313 2578 1372 per
2609 1301 2901 1366 mirabilia,
2927 1301 3092 1365 sicut,
3133 1319 3151 1352 ι
3183 1297 3246 1354 Et
3273 1297 3414 1354 facta
3445 1309 3529 1355 est

1953 1401 2125 1464 super
2159 1407 2247 1448 me
2280 1407 2478 1449 manus
2515 1389 2768 1458 Domini;
2799 1409 2818 1444 ι
2849 1395 2936 1455 et,
2978 1410 2998 1443 ι
3035 1389 3345 1462 liesurgent
3381 1403 3528 1446 mor-

1953 1483 2068 1549 tui;
2098 1495 2118 1533 t
2149 1489 2238 1549 et,
2276 1499 2294 1533 ι
2320 1480 2661 1552 Aspiciebam
2693 1481 2868 1536 donec
2900 1481 3078 1534 throni
3103 1481 3268 1550 positi
3300 1491 3424 1537 sunt
3453 1498 3468 1547 ;
3503 1497 3523 1532 ι

1953 1581 2026 1640 et,
2051 1591 2070 1625 ι
2095 1569 2232 1630 Ecce
2258 1587 2384 1630 cum
2417 1572 2654 1628 nubibus
2675 1573 2836 1642 quasi
2869 1570 3046 1626 Filius
3075 1571 3312 1627 hominis
3343 1572 3529 1626 venie-

1953 1665 2081 1730 bat;
2120 1679 2141 1715 ι
2177 1679 2274 1735 per
2301 1677 2500 1734 opera,
2531 1663 2675 1719 sicut
2703 1663 2770 1718 de
2807 1663 3112 1724 Abraham,
3147 1682 3166 1714 ι
3201 1661 3368 1717 Sume
3395 1662 3528 1716 mihi

1953 1768 2176 1811 vaccam
2210 1755 2479 1810 triennem
2521 1763 2576 1809 et
2622 1766 2844 1825 capram
2891 1755 3112 1808 trimam
3142 1793 3157 1819 ,
3207 1761 3262 1808 et
3295 1753 3529 1807 arietem

269 1844 492 1916 θρώπου
520 1847 814 1918 ἐρχόμενος
831 1863 848 1881 ·
875 1869 894 1902 ι
916 1849 1168 1922 δι’ἓργων
1184 1851 1261 1917 δὲ,
1281 1851 1354 1916 ὡς
1371 1852 1466 1906 ἐπὶ
1485 1852 1578 1907 τοῦ
1604 1855 1848 1927 ’Δσραὰμ

1952 1858 2224 1901 annorum
2247 1845 2413 1901 trium
2443 1851 2500 1901 et
2533 1851 2801 1900 turturem
2829 1853 2884 1899 et
2912 1842 3243 1908 columbam,
3273 1861 3293 1896 ι
3323 1851 3380 1898 et
3407 1855 3532 1913 qua:

274 1956 295 1991 ι
325 1939 474 1993 Λάϐε
502 1955 595 2010 μοι
635 1939 870 2012 δάμαλιν
924 1942 1299 2014 τριετίζουσαν
1333 1960 1347 1974 ο
1405 1946 1501 1998 καὶ
1557 1943 1690 2014 αἶγα
1740 1963 1851 2008 τρι-

270 2031 560 2096 ετίζουσαν
585 2034 680 2089 καὶ
707 2029 865 2107 κριὸν
907 2035 1269 2107 τριετίζοντα,
1319 2035 1410 2089 καὶ
1455 2037 1714 2108 τρυγόνα,
1755 2038 1848 2092 καὶ

269 2125 625 2197 περιστερὰν,
662 2144 680 2179 ι
714 2127 810 2182 καὶ
851 2129 922 2182 τὰ
963 2125 1128 2197 ἑξῆς·
1163 2131 1281 2196 καὶ,
1339 2149 1359 2183 ι
1397 2129 1542 2185 Λάῦε
1577 2131 1670 2184 τὸν
1727 2131 1846 2186 υἱόν

269 2231 370 2270 σου
395 2216 492 2268 τὸν
517 2216 801 2286 άγαπητὺν
833 2215 894 2270 όν
927 2217 1241 2288 ἠγάπησας,
1280 2219 1374 2272 τὸν
1415 2218 1662 2273 Ἰσαάκ.)

342 2305 562 2360 Τούτων
591 2307 648 2360 δὲ
677 2307 850 2371 οὕτως
876 2309 1128 2378 ἑχόντων,
1160 2310 1428 2380 προσήκει
1494 2309 1847 2382 προηγουμᾶ-

269 2414 378 2462 νως
413 2400 537 2462 ταῖς
558 2397 670 2451 τῶν
697 2399 912 2470 ῥήσεων
960 2395 1247 2454 ὑποθέσεσι
1289 2400 1390 2472 τὴν
1432 2401 1673 2455 διάνοιαν
1695 2401 1712 2412 ’
1747 2405 1846 2472 ἑφ-

276 2489 437 2559 ιστᾷν
465 2489 593 2552 τοὺς
622 2487 1053 2559 μαθητεύοντας,
1084 2485 1184 2542 εἶθ’
1208 2488 1380 2554 οὕτως
1396 2491 1582 2555 αὐτοῖς
1595 2491 1694 2562 τὴν
1705 2493 1846 2547 κατὰ

269 2579 418 2644 λέξιν
437 2579 735 2652 ἑρμηνείαν
757 2579 978 2643 οἰκείως
1023 2578 1226 2651 ταύτην
1275 2582 1586 2651 προσάγειν
1611 2598 1629 2614 ο
1659 2583 1734 2646 ὡς
1755 2583 1840 2650 ἂν,

268 2671 510 2736 διανοίας
549 2669 627 2742 μὴ
655 2669 1140 2742 προϋπαρχούσης,
1185 2672 1220 2740 ή
1247 2670 1336 2724 διὰ
1363 2672 1473 2725 τῶν
1496 2672 1669 2742 λόγων
1711 2674 1846 2728 πλά-

271 2764 422 2829 ζοιτο
463 2763 719 2827 σύστασις
749 2779 763 2794 ’
814 2761 1070 2834 καθάπερ
1095 2761 1206 2833 γὰρ
1241 2765 1334 2831 ἐπὶ
1377 2763 1487 2817 τῶν
1532 2767 1602 2820 τὰ
1659 2767 1844 2837 σκάφη

271 2852 802 2926 πηδαλιουχούντων,
833 2855 882 2906 εἰ
927 2853 1001 2924 μή
1029 2855 1134 2906 πού
1171 2869 1259 2914 τις
1305 2855 1490 2918 αὐτοῖς
1541 2854 1845 2927 ὡρισμένος

269 2945 370 3002 τοῦ
395 2945 602 3002 σκοποῦ
636 2945 930 3017 προκέοιτο
955 2946 1144 3012 τόπος,
1167 2947 1248 3010 εἰς
1269 2946 1328 2999 δν
1355 2945 1578 3001 ἅπασαν
1605 2949 1706 3020 τὴν
1735 2949 1844 3003 τῶν

275 3037 486 3092 οἰάκων
511 3037 682 3108 ῥοπὴν
713 3033 959 3089 εὐθύνειν
988 3035 1254 3104 μέλλοιεν,
1287 3037 1450 3090 παντὶ
1470 3037 1550 3108 τῷ
1573 3038 1842 3109 πνεύματι

269 3130 373 3200 τὴν
408 3126 615 3181 ἑαυτῶν
651 3126 848 3197 τέχνην
872 3126 1146 3198 διαφόρως
1194 3123 1545 3197 ἐμπιστεύειν
1573 3131 1838 3186 συνελαυ-
1873 3167 1914 3226 c

270 3220 510 3290 νόμενοι,
543 3219 612 3272 δι’
631 3219 752 3272 ὅλου
791 3219 1048 3289 φέρονται
1089 3217 1188 3272 τοῦ
1231 3219 1522 3290 πελάγους,
1565 3221 1644 3286 ὡς
1687 3225 1842 3295 ὅρμῳ

271 3315 342 3383 τῇ
383 3312 484 3383 ᾷλῃ
537 3311 975 3382 προσφεύγοντες
1001 3328 1016 3342 ·
1046 3309 1223 3376 οὕτως
1264 3314 1374 3386 ἄρα
1427 3315 1526 3368 καὶ
1587 3318 1680 3370 ἐπὶ
1733 3319 1844 3371 τῶν

271 3403 373 3474 τῆς
395 3402 747 3465 διδασκαλίας
787 3400 1101 3474 ἐξηγήσεων
1125 3401 1186 3467 ἐξ
1211 3403 1459 3475 άνάγκης
1483 3389 1842 3478 συμϐήσεται,

274 3493 498 3548 ἐπειδὰν
577 3493 654 3563 μὴ
715 3492 1194 3563 καθυποκειμὲνης
1249 3493 1391 3558 τινὸς
1465 3499 1848 3567 πραγματείας

261 3583 632 3656 ιπροὸάλλοιτο
653 3599 668 3614 ⁶
694 3583 812 3647 πῶς
838 3582 950 3653 γὰρ
971 3583 1072 3636 οὐκ
1099 3581 1168 3645 ἂν
1197 3583 1288 3652 εἴη
1319 3579 1429 3636 τῶν
1457 3586 1846 3654 ἀτοπωτάτων,

288 3678 328 3729 εἰ
363 3676 462 3738 τὰς
519 3674 622 3744 μὲν
678 3674 979 3744 ῥαψῳδίας,
1031 3672 1328 3744 πλάσματα
1389 3675 1486 3730 καὶ
1523 3679 1624 3732 ούκ
1669 3679 1846 3752 ἀληθῆ

279 3765 584 3836 πράγματα
609 3763 992 3835 περιεχούσας,
1035 3766 1138 3819 οὐκ
1219 3753 1430 3821 ἔνεστιν
1487 3769 1686 3841 ἑτέρως
1737 3775 1853 3825 εἱσ-

277 3849 600 3921 ηγήσασθαι
632 3851 762 3914 τοὺς
783 3851 1170 3923 ἐπιστήμονας,
1188 3853 1264 3925 μὴ
1293 3855 1560 3927 πρότερον
1593 3858 1692 3928 τήν
1721 3861 1852 3915 ἑκά-

277 3957 412 4013 στης
449 3941 628 3995 αὐτῶν
673 3940 936 3996 ὑπόθεσιν
993 3943 1076 4006 είς
1125 3943 1331 4012 γνῶσιν
1398 3947 1850 4020 ὲνεγκαμένουςο

273 4034 354 4098 ὡς
385 4031 452 4088 ἂν
477 4033 612 4106 πρὸς
645 4033 850 4106 ταύτην
881 4033 1128 4100 εἰκότως,
1163 4037 1258 4090 καὶ
1299 4036 1402 4109 μὴ,
1429 4040 1567 4114 πρὸς
1609 4043 1850 4114 ἀνέμους

287 4123 380 4194 τὴν
405 4121 518 4176 τῶν
548 4123 727 4192 λόγων
751 4125 953 4193 χρῆσιν
983 4125 1276 4196 ὲκφὲροιεν
1295 4141 1308 4158 ’
1335 4127 1405 4182 τὰ
1439 4129 1500 4182 δὲ
1539 4133 1642 4202 τῆς
1701 4125 1852 4198 θείας

283 4213 440 4286 ήμῶν
474 4213 901 4284 ὑποθημοσύνης
929 4215 1328 4281 άνυποστάτοις
1351 4220 1464 4272 τισὶ
1523 4227 1853 4294 στοχασμοῖς

285 4301 706 4374 ύποὸάλλοιμεν,
740 4304 958 4368 εἰκαίας
990 4305 1176 4370 αὐτοῖς
1205 4309 1300 4362 καὶ
1329 4309 1736 4384 άσυναρτήτους
1753 4315 1852 4378 τὰς

280 4393 584 4466 ἑρμηνείας
619 4393 906 4464 ἐπιφέρειν
933 4395 996 4449 ού
1031 4397 1452 4468 δυσωπούμενοι
1479 4419 1494 4435 ο
1527 4401 1740 4477 διόπερ,
1789 4407 1851 4462 δν

1949 1946 2292 2006 sequuntur;
2359 1948 2456 2005 et,
2509 1936 2711 1992 «Tolle
2761 1937 2932 1990 ﬁlium
2985 1949 3138 1998 tuum
3189 1935 3531 2004 unigenitum

1948 2043 2114 2096 quem
2149 2028 2334 2100 diligis
2371 2027 2700 2097 Isaac.t(lV
2734 2027 2864 2099 Reg.
2898 2041 2961 2093 v,
2999 2027 3101 2092 19;
3131 2026 3328 2082 Jerem.
3364 2041 3532 2094 τιιι,

1945 2117 2010 2175 51
2041 2138 2056 2187 ;
2097 2119 2288 2192 Ezech.
2317 2121 2528 2188 "1,22;
2570 2119 2600 2174 1
2632 2117 2813 2176 Thess.
2847 2135 2921 2186 tv,
2960 2119 3064 2187 i6;
3098 2119 3241 2173 Dan.
3309 2132 3406 2186 νιι,
3440 2123 3474 2177 9
3506 2134 3531 2185 ἱ

1948 2207 2078 2268 Gen.
2107 2227 2194 2279 xv,
2233 2211 2302 2273 9;
2339 2228 2489 2278 nu,
2526 2211 2623 2283 1.)

2018 2305 2116 2362 llis
2161 2307 2234 2360 ita
2281 2319 2340 2362 se
2380 2307 2745 2371 habentibus,
2772 2305 2840 2360 ad
2872 2292 3169 2361 verborum
3203 2312 3530 2377 argumenta

1947 2397 2284 2451 intellectum
2319 2397 2475 2452 decet
2517 2397 2796 2468 applicare
2833 2397 3142 2463 discentes,
3199 2397 3394 2450 deinde
3444 2399 3534 2452 sic

1945 2489 2077 2559 ipsis
2135 2489 2638 2561 interpretationem
2701 2491 3005 2544 secundum
3069 2489 3270 2560 stylum
3321 2504 3523 2544 conve-

1945 2582 2156 2634 nienter
2178 2579 2412 2636 aﬁerre:
2444 2581 2518 2634 ita
2547 2590 2608 2635 ut
2631 2581 2988 2650 intelligentia
3017 2595 3126 2635 non
3159 2582 3533 2650 prtecedente,

1944 2673 2013 2728 de
2039 2672 2222 2727 verbis
2265 2673 2485 2727 collatio
2525 2671 2676 2726 varie
2717 2682 2999 2727 tractaret.
3047 2673 3532 2738 Quemadmodum

1945 2763 2091 2818 enim
2125 2765 2191 2819 de
2227 2765 2296 2818 iis
2345 2764 2436 2834 qui
2473 2764 2630 2819 navis
2669 2763 3102 2833 gubernaculum
3148 2773 3368 2828 tenent,
3415 2763 3530 2816 nisi.

1946 2855 2070 2925 quis
2109 2856 2244 2924 ipsis
2295 2855 2558 2926 specialis
2607 2856 2710 2909 viae
2743 2855 3008 2910 terminus
3042 2865 3412 2927 proponatur,
3451 2853 3532 2908 ad.

1945 2963 2108 3018 quem
2179 2957 2346 3002 totam
2391 2947 2751 3020 gubernaculi
2795 2949 2903 3000 vim
2953 2947 3233 3001 motricem
3288 2946 3524 3014 dirigere

1947 3039 2198 3102 debeant,
2237 3037 2384 3092 omni
2417 3049 2578 3092 vento
2610 3053 2797 3091 eorum
2853 3045 3024 3090 artem
3063 3035 3213 3089 varie
3254 3035 3534 3089 conﬁdere-

1947 3130 2198 3184 ardentes
2229 3143 2324 3196 per
2354 3139 2524 3184 totum
2548 3129 2796 3184 feruntur
2827 3141 3004 3194 mare,
3035 3127 3178 3182 sicut
3217 3127 3397 3196 portui
3429 3142 3525 3196 pe-

1948 3221 2308 3287 regrinationi
2367 3236 2488 3278 sese
2536 3222 2732 3276 dantes
2773 3239 2786 3274 :
2826 3223 2906 3274 sic
2940 3235 3070 3290 ergo
3119 3219 3186 3273 de
3227 3219 3536 3286 disciplinae

1946 3314 2224 3368 auditione
2251 3313 2562 3368 necessario
2582 3315 2814 3374 eveniet.
2845 3312 3120 3381 siquidem
3151 3326 3258 3364 nou
3286 3326 3516 3380 pensum

1945 3405 2219 3472 quoddam
2251 3413 2511 3458 statutqu
2558 3413 2892 3473 proponatur
2930 3420 2944 3459 :
2981 3401 3341 3457 accommodo
3379 3403 3522 3456 cnim

1945 3506 2058 3546 non
2105 3501 2250 3548 esset
2285 3493 2776 3560 etultissimorum,
2817 3499 2872 3555 in
2907 3498 3151 3554 dramata
3201 3493 3429 3547 fallaCiiS
3473 3503 3538 3546 CL

1947 3582 2272 3635 commentis
2302 3597 2332 3634 a
2361 3583 2589 3638 veritate
2617 3583 2810 3638 alienis
2840 3583 3039 3636 referta
3067 3581 3222 3636 nefas
3251 3593 3336 3636 est
3361 3584 3520 3636 aliter

1949 3671 2296 3725 introducere
2329 3669 2569 3740 peritos,
2609 3675 2713 3728 nisi
2751 3673 2904 3742 prius
2951 3675 3379 3742 unumquodque
3423 3673 3537 3726 ho-~

1951 3779 2070 3818 rum
2107 3773 2491 3834 argumentum
2527 3764 2594 3818 ad
2637 3765 2884 3818 notitiam
2922 3763 3215 3829 inducant,
3257 3763 3328 3816 ita
3363 3771 3422 3816 ut
3458 3763 3523 3816 ad

1949 3857 2098 3914 illam
2153 3855 2542 3910 convenienter
2589 3865 2643 3910 et
2699 3870 2806 3909 non
2859 3857 2914 3908 in
2962 3864 3186 3910 ventum
3235 3857 3524 3910 verborum

1947 3957 2112 4002 nsunt
2140 3945 2466 4016 proferant;
2511 3946 2674 4001 verba
2714 3953 2896 4001 autem
2931 3947 3130 4000 divinae
3165 3942 3528 4003 institutionis

1951 4049 2154 4095 nostra:
2185 4039 2239 4093 in
2273 4039 2636 4111 incomposita
2667 4041 2914 4110 quaedam
2955 4041 3184 4110 injicere
3219 4039 3524 4106 stomacho,

1950 4131 2267 4186 temerarias
2305 4131 2414 4187 iliis
2460 4141 2516 4187 et
2565 4131 2706 4187 male
2743 4142 3008 4187 coeuntes
3037 4133 3533 4202 interpretationes.

1951 4222 2146 4279 aﬂerre
2198 4236 2307 4278 non
2363 4223 2779 4278 erubescentes.
2830 4222 3019 4292 itaque
3065 4223 3539 4294 quemadmodum

1954 4314 2130 4384 iisqui
2167 4313 2220 4366 in
2257 4313 2505 4384 ignotam
2536 4313 2764 4369 omnino
2796 4316 3000 4368 vadunt
3029 4315 3323 4384 regionem,
3363 4330 3542 4385 oper--

1955 4412 2030 4458 tet
2063 4401 2240 4471 potius
2279 4415 2374 4454 eos
2408 4400 2504 4470 qui
2542 4400 2704 4470 hujus
2743 4402 3136 4470 experientiam
3178 4403 3379 4455 habent
3415 4414 3542 4470 pra-

277 4485 482 4557 τρόπον
508 4488 622 4549 τοίς
646 4487 728 4550 εἰς
755 4488 1036 4556 ἄγνωστον
1063 4485 1240 4561 πάντη
1303 4493 1680 4564 στελλομένοις
1735 4499 1845 4568 χὼ-

1951 4487 2206 4552 omnibus
2237 4491 2380 4545 viam
2411 4489 2540 4546 illuc
2568 4487 2856 4547 ducentem
2890 4491 3154 4558 iudicare,
3187 4507 3296 4562 qua
3339 4501 3538 4548 trans-

281 4595 382 4650 ραν
409 4577 518 4648 χρὴ
544 4578 748 4649 μᾶλλον
777 4580 906 4642 τοὺς
935 4581 996 4633 ἐν
1027 4581 1196 4652 πείρᾳ
1231 4583 1439 4655 ταύτης
1483 4588 1855 4658 τυγχάνοντας

280 4671 390 4741 πρό
427 4687 491 4740 γε
527 4671 746 4725 πάντων
784 4671 884 4742 τὴν
927 4673 1252 4742 άπάγουσαν
1310 4679 1558 4746 ἀτραπὸν
1598 4697 1855 4754 καταμη-

261 4761 454 4826 ⁹νύιιιν,
487 4758 556 4816 δι’
611 4756 680 4834 ἧς
712 4763 1055 4834 πορεύοιντο,
1083 4764 1234 4820 οὕτω
1255 4783 1315 4820 τε
1355 4765 1422 4823 αὗ
1449 4771 1518 4824 τά
1549 4773 1692 4826 κατὰ
1721 4775 1855 4829 ταύο

283 4871 383 4924 την
419 4854 606 4917 αὐτοῖς
635 4856 932 4925 γνωρίζειν
963 4860 1195 4928 σημεῖα,
1235 4849 1316 4922 οἷς
1365 4861 1854 4932 ἐξακολουθοῦντας

285 4946 556 5018 μηδαμῶς
577 4947 681 5017 τῆς
719 4949 938 5012 εὐθείας
963 4951 1402 5018 ἁποσφάλλοιντο
1423 4971 1438 4986 ο
1470 4957 1564 5009 τὸν
1589 4957 1758 5012 αὐτὸν
1789 4959 1855 5013 ἄν

280 5054 366 5100 ¹ιιις
387 5039 485 5094 καὶ
512 5039 606 5090 ἐπὶ
629 5039 738 5093 τῶν
755 5040 1034 5095 παιδεύειν
1065 5044 1558 5116 ἐπαγγελλομένων
1578 5048 1846 5119 ὁρίσαιτο,

283 5132 718 5203 προηγουμένως
777 5133 876 5203 μὲν
931 5133 1030 5204 τὴν
1089 5133 1195 5188 τῶν
1243 5138 1590 5208 πραγμάτων
1657 5141 1858 5206 αὐτοὺς

283 5224 566 5290 ὑπόθεσιν,
594 5226 884 5297 γνωρίμην
916 5229 1114 5298 χρῆναι
1145 5227 1410 5302 καθιστᾷν
1437 5235 1552 5295 τοῖς
1601 5235 1857 5288 παιδευο-

287 5314 472 5383 μένοις
506 5315 588 5378 εἰς
613 5314 681 5385 ἢν
711 5316 1026 5392 ἀναγκαίως
1055 5317 1231 5388 ἔχοιεν
1259 5321 1360 5390 τὴν
1389 5321 1492 5390 τῆς
1521 5321 1859 5378 ὲαυτῶνδια-

282 5403 436 5468 νοίας
469 5405 746 5458 ἐπιδοῦναι
763 5408 936 5478 ῥοπήν
961 5424 974 5437 ·
1013 5405 1133 5461 εἶτα
1164 5410 1262 5480 τὴν
1292 5409 1400 5463 τῶν
1421 5413 1709 5482 γραφικῶν
1729 5411 1862 5464 ἰδιω-

289 5496 479 5566 μάτων
513 5493 740 5566 εἴδησιν,
775 5496 878 5566 τήν
935 5513 996 5550 τε
1047 5499 1156 5551 τῶν
1195 5500 1495 5568 σχημάτων
1544 5499 1858 5568 διάγνωσιν,

286 5585 386 5640 καὶ
408 5573 508 5654 τὴν
538 5586 647 5638 τῶν
675 5585 897 5655 τρρπων
927 5587 1208 5659 διάκρισιν
1238 5605 1252 5620 ·
1287 5591 1385 5658 ούχ
1414 5590 1613 5659 ἥκιστα
1671 5590 1729 5642 δὲ
1763 5590 1860 5660 τήν

288 5679 390 5745 τῆς
421 5676 565 5730 κατὰ
593 5677 695 5747 τὴν
732 5676 880 5740 λέξιν
922 5679 1220 5750 ἑρμηνείας
1279 5682 1600 5752 σαφήνειαν,
1661 5675 1748 5734 οἶα
1793 5681 1856 5749 δή

257 5783 420 5823 ιιυνα
449 5769 652 5838 σημεῖα
683 5769 782 5842 τῆς
813 5768 1123 5840 ὁδοιπορίας
1159 5773 1683 5842 προτυποὸεικνύναι
1706 5789 1718 5800 ·
1789 5773 1858 5824 δι’

1955 4592 2300 4647 meaverunt;
2339 4581 2420 4637 sic
2448 4581 2618 4636 etiam
2661 4581 2728 4636 ad
2772 4581 2915 4636 viam
2982 4583 3138 4652 signa
3170 4582 3314 4652 ipsis
3351 4590 3531 4638 ostcue

1954 4675 2084 4730 dere
2123 4690 2359 4744 quorum
2391 4693 2493 4745 ope
2525 4675 2832 4744 gradientes
2869 4664 3152 4744 nunquam
3195 4688 3226 4726 a
3263 4679 3416 4728 recta
3441 4673 3544 4729 vite

1955 4767 2232 4821 declinent
2261 4783 2279 4820 :
2318 4765 2393 4820 ita
2431 4774 2486 4820 et
2519 4766 2612 4835 qui
2648 4766 2790 4821 alios
2827 4764 3025 4820 docere
3066 4765 3386 4833 proﬁtentur
3415 4771 3537 4816 sta-

1953 4865 2132 4919 tuam,
2169 4856 2220 4910 in
2252 4858 2443 4926 primis
2465 4857 2684 4926 quidem
2713 4869 2898 4912 rerum
2926 4867 3310 4928 argumentum
3339 4861 3544 4908 notum

1958 4947 2184 5007 reddere
2211 4963 2272 5002 se
2304 4947 2504 5002 debere
2538 4947 2848 5017 discipulis,
2881 4948 3084 5016 quibus
3111 4949 3274 5002 rebus
3303 4956 3544 5000 ttceesso-

1958 5040 2162 5094 habent
2199 5039 2442 5108 ipsorum
2487 5039 2688 5110 ingenii
2718 5054 2946 5092 acumen
2989 5038 3294 5109 applicare;
3335 5035 3545 5091 deinde

1960 5132 2278 5186 idiomatum
2316 5131 2612 5198 Scriptum
2638 5131 3024 5201 cognitionem,
3057 5130 3357 5200 ﬁgurarum
3390 5127 3542 5183 noi-

1961 5226 2122 5288 tiam,
2163 5233 2441 5292 troporum
2479 5223 2916 5288 distinctionem,
2972 5236 3070 5276 nec
3111 5223 3295 5277 minus
3334 5235 3545 5276 secun-

1959 5315 2086 5368 dum
2121 5313 2316 5383 stylum
2352 5311 2820 5380 interpretationis
2859 5312 3328 5366 elucubratiouem
3369 5310 3530 5364 sinu-

1963 5407 2142 5474 liaque
2191 5403 2288 5457 via:
2331 5403 2530 5458 indicia
2575 5418 2910 5471 proponere,
2953 5419 3048 5470 per
3094 5417 3216 5470 (μισ
3261 5409 3437 5452 tutum
3479 5407 3534 5449 et

1962 5507 2164 5551 certum
2201 5495 2306 5548 illis
2338 5505 2605 5562 proponat
2643 5497 2706 5545 ad
2751 5493 3104 5547 destinatum.
3152 5491 3360 5543 Etenim
3404 5504 3518 5554 prr-

1963 5587 2212 5656 spicuunt
2244 5593 2327 5638 est
2357 5585 2501 5652 quod
2543 5584 2610 5636 iis
2637 5584 2729 5652 qui
2762 5585 2962 5645 volare,
3003 5582 3094 5635 sed
3127 5597 3231 5630 non
3266 5594 3359 5646 per
3387 5580 3540 5629 νίιιιιικ

1963 5678 2114 5748 gladi
2144 5675 2352 5737 volunt,
2379 5691 2516 5726 Vana
2543 5687 2594 5726 et
2626 5675 2833 5728 inutilis
2858 5674 2929 5726 sit
2955 5681 3219 5726 ιιιιιιιιιιιιιι
3250 5669 3538 5723 iudicatio.

1965 5771 2193 5838 Oportet
2219 5775 2400 5822 autem
2425 5767 2646 5835 omnino
2673 5765 2948 5818 attituosos
2972 5781 3094 5820 vast:
3123 5762 3175 5818 iu
3201 5760 3528 5832 disciplina:
