4038 6274
283 347 417 412 ῙἿΠ

1467 350 1723 410 SERMO
1771 349 1919 408 LAU
1929 348 2333 412 ΒΑἸῸΒΙΠΞ.

3417 362 3555 430 1318

278 451 370 513 iul
409 458 570 530 μέχρι
601 459 694 512 τοῦ
731 460 896 531 νόμου
929 463 1223 533 σατανικῆς
1261 461 1644 534 πλημμελείας
1675 461 1864 514 ἀδυνα-

1975 458 2115 512 alius
2136 475 2263 514 vero
2281 468 2618 528 potentatum
2637 462 2701 534 [Ῑ.
2724 465 3126 539 potentatuum]
3147 469 3552 538 o.t.nimodum,

283 555 416 624 μίαν
449 550 684 624 παντελῆ
709 553 1024 626 όλόθρευσξν
1051 571 1109 608 τε
1141 556 1234 608 καὶ
1267 555 1514 626 μείωσιν.
1543 555 1734 619 Ἀλλος
1763 556 1864 628 τὴν

281 643 448 697 αὑτοῦ
472 643 564 696 τοῦ
597 643 811 698 Σατανᾶ
834 643 974 714 μετὰ
1004 643 1224 698 καὶτῶν
1267 647 1864 718 συναποστατησάντων

279 736 430 808 αὐτῷ
467 736 739 807 δαιμόνων
771 736 1024 808 ὀλεθρίαν
1067 737 1382 791 ὑπόπτωσιν
1418 737 1527 790 ἀπὸ
1565 737 1864 809 προσώπου

215 881 220 886 ε
280 827 374 881 τοῦ
416 829 797 898 φανησομένου
828 827 988 892 Θεοῦ,
1022 829 1118 882 καὶ
1150 827 1250 900 τὴν
1281 829 1390 882 τῶν
1434 828 1865 900 λελυτρωμένων

281 921 312 988 ἡ
321 919 436 992 μῶν
459 919 600 990 ὕπὲρ
625 921 733 972 τῶν
763 921 844 983 εἰς
869 921 1019 990 ἡμᾶς
1046 919 1515 991 πραχθησομένων
1543 919 1866 990 δαψιλεστά-

277 1029 389 1066 των
419 1011 642 1080 ἀγαθῶν
674 1011 1040 1082 ἀναφαίρετον
1063 1013 1440 1083 εὐχαριστίαν,
1467 1013 1544 1085 τῷ
1583 1011 1868 1085 λυτρωσατ

281 1105 433 1178 μένῳ
459 1105 962 1177 κομισθησομένην.
989 1096 1219 1178 ’Έτερος
1245 1107 1308 1159 τὸ
1327 1107 1576 1160 ἑκούσιον
1589 1107 1697 1187 ,τοῦ
1731 1123 1866 1178 σαρ-

281 1201 549 1264 κωθέντος
571 1199 709 1253 Θεοῦ
735 1199 930 1266 πάθος,
967 1203 1064 1255 καὶ
1091 1203 1191 1272 τὴν
1226 1203 1307 1266 είς
1335 1203 1462 1276 ᾅδου
1491 1203 1739 1268 κάθοδον,
1771 1202 1867 1256 καὶ

279 1292 441 1356 αὖθις
479 1292 578 1364 τὴν
621 1291 683 1358 ἐξ
726 1291 856 1364 ᾅδου
907 1293 1138 1366 εὐσθενῆ
1187 1295 1552 1368 ἀνακομιδὴν,
1591 1295 1732 1366 μετὰ
1755 1294 1866 1348 τῶν

279 1388 393 1449 τοῖς
425 1385 693 1454 ἀφύκτοις
727 1384 937 1441 ἐκείνου
976 1387 1200 1458 δεσμοῖς
1237 1389 1623 1460 κατεχομένων
1651 1387 1862 1460 ψυχῶν.

283 1475 480 1540 Ἄλλος
510 1477 610 1546 τὴν
643 1473 739 1546 ἀφ’
773 1475 933 1548 ἡμῶν
977 1477 1116 1548 πρὸς
1159 1477 1254 1532 τὸν
1295 1480 1358 1532 ὲν
1400 1477 1652 1548 οὐρανοῖς
1697 1475 1864 1531 αὑτοῦ

281 1570 502 1646 Πατέρα
535 1569 748 1636 ἔνδοξον
770 1569 1152 1640 ἀναφοίτησιν,
1189 1571 1286 1626 καὶ.
1313 1569 1414 1642 τὴν
1443 1571 1587 1642 ἀμφὶ
1615 1570 1684 1624 τὰ
1713 1569 1866 1636 δεξιὰ

278 1662 374 1716 τοῦ
421 1661 626 1734 πατρὸς
660 1660 890 1732 ἵδρυσιν.
928 1661 1160 1733 Ἕτερος
1193 1661 1293 1733 τὴν
1328 1661 1388 1726 ἐξ
1425 1661 1658 1734 ούρανοῦ
1691 1678 1864 1716 κατα-

280 1753 498 1808 πτᾶσαν
518 1753 654 1823 ἡμῖν
685 1753 799 1816 τοῖς
827 1753 908 1815 εἰς
938 1751 1102 1807 αὑτὸν
1127 1751 1482 1808 πιστεύσασιν
1505 1751 1740 1820 ἄφθονον
1768 1749 1863 1805 τοῦ

1971 549 2384 614 exterminium,
2407 558 2462 604 et
2488 551 2928 610 imminutionem
2949 559 3418 625 praevaricationis
3435 580 3555 634 qna:

1971 636 2209 691 obtinuit
2251 641 2318 692 ab
2348 639 2543 705 Adam,
2583 652 2638 696 et
2687 643 2742 696 in
2769 643 2944 698 Adam
2980 645 3124 700 Facta
3160 657 3244 702 est
3277 666 3452 724 usque
3487 655 3556 708 ad

1973 731 2169 800 legem,
2207 741 2372 804 atque
2409 734 2667 791 diabolici
2709 739 2876 794 simul
2918 741 3124 797 delicti.
3170 744 3330 800 Alius
3373 757 3559 804 autem

1971 821 2218 892 ejusdem
2255 823 2474 881 Satana:
2522 842 2586 882 ac
2632 830 2945 886 daemonum
2971 873 2986 898 ,
3023 833 3116 904 qui
3163 849 3290 890 cum
3325 853 3392 892 eo
3423 855 3560 909 apo-

1973 923 2128 968 statae
2167 914 2296 970 facti
2333 927 2482 982 sunt,
2515 920 2795 976 exitialem
2854 925 3067 980 ruinam
3126 941 3158 982 a
3213 927 3356 984 faeie
3389 947 3558 1002 appa-
3647 935 3649 939 ’

1975 1007 2145 1062 rentis
2181 1006 2296 1075 Dei,
2333 1018 2502 1080 atque
2533 1012 3020 1084 incomparabilem
3054 1019 3356 1090 gratiarum
3383 1023 3558 1078 actio-

1975 1112 2097 1152 nem
2159 1101 2492 1171 redemptori
2524 1103 2860 1160 aﬂ‘erendam
2889 1122 2919 1162 a
2968 1109 3130 1166 nobis
3158 1111 3253 1182 qui
3291 1113 3559 1184 redempti
3661 1131 3668 1136 '

1972 1205 2190 1255 smnus,
2235 1209 2402 1270 super
2436 1196 2766 1257 largissimis
2803 1199 2965 1256 bonis
3009 1218 3134 1274 quae
3167 1205 3221 1259 in
3265 1207 3424 1262 nobis
3460 1223 3562 1278 pa-

1973 1290 2112 1336 trata
2170 1293 2320 1336 sunt.
2359 1285 2458 1340 Ast
2492 1287 2636 1340 alius
2692 1289 3060 1346 voluntariam
3119 1291 3390 1349 incarnati
3460 1293 3556 1351 Dei

1973 1375 2312 1443 passionem,
2339 1387 2394 1431 et
2433 1378 2488 1432 in
2540 1379 2818 1436 infernum
2861 1381 3316 1449 descensionem,
3349 1396 3404 1442 et
3433 1403 3560 1444 rur-

1972 1481 2069 1520 sus
2119 1484 2188 1521 ex
2253 1468 2472 1547 inferno
2521 1473 2762 1526 validum
2803 1476 3042 1531 reditum
3077 1493 3203 1533 cum
3245 1481 3558 1548 animabus,

1972 1574 2094 1628 qua:
2124 1561 2534 1618 inevitabilibus
2580 1565 2690 1621 illis
2725 1565 2914 1639 [forte,
2947 1569 3060 1624 illic
3091 1569 3286 1648 Hard.]
3325 1574 3562 1657 vinculis

1973 1653 2321 1710 tenebantur.
2363 1657 2520 1710 Alius
2552 1673 2682 1714 vero
2723 1661 3030 1729 gloriosum
3062 1679 3094 1720 a
3155 1665 3318 1722 nobis
3353 1666 3421 1722 ad
3452 1653 3558 1721 Pa.-

1973 1751 2133 1810 trem,
2185 1747 2278 1816 qui
2337 1747 2391 1802 in
2432 1749 2590 1806 caelis
2621 1760 2727 1816 est,
2776 1768 3112 1823 regressum,
3149 1765 3204 1814 et
3259 1760 3328 1813 ad
3380 1758 3564 1815 Patris

280 1822 602 1912 Πνεύματος
636 1843 1010 1916 ὲπιφοίτησιν,
1043 1844 1137 1898 καί
1167 1833 1280 1914 τῆν’
1315 1845 1394 1906 είς
1425 1843 1605 1898 πάντα
1636 1843 1706 1901 τὰ
1733 1843 1864 1915 ἔθνη

1969 1837 2250 1893 dexteram
2301 1842 2610 1896 sessionem
2647 1859 2660 1896 :
2695 1844 2838 1899 alius
2885 1857 3071 1902 autem
3125 1848 3557 1907 descendentem

277 1933 376 1989 τοῦ
423 1933 786 2004 εὐαγγελικοῦ
841 1934 1202 2007 κηρύγματος
1245 1939 1558 2008 ταχυτάτην
1589 1935 1866 2010 περίοδον,

281 2027 378 2080 καὶ
418 2027 518 2098 τὴν
553 2026 804 2082 ἐντεῦθεν
840 2029 1221 2100 γεγενημένην
1253 2027 1362 2084 τῶν
1397 2027 1502 2082 ἀνὰ
1541 2027 1638 2100 τὴν
1683 2030 1868 2085 οἰκου-

283 2116 458 2188 μένην
483 2114 720 2173 εἰδώλων
751 2117 990 2189 παντελῆ
1021 2117 1364 2190 όλόθρευσιν,
1389 2117 1479 2173 διὰ
1512 2119 1616 2189 τῆς
1649 2117 1868 2190 πρῶτον

279 2209 380 2264 ἕνα
411 2210 506 2262 καὶ
541 2210 706 2280 μόνον
733 2205 986 2280 ἀληθινὸν
1009 2210 1144 2266 Θεὸν
1167 2211 1322 2282 ἡμῶν
1355 2211 1606 2282 καθαρᾶς
1637 2209 1868 2266 ἀνανεύ-

283 2317 446 2366 σεως,
493 2302 586 2356 καὶ
627 2301 730 2373 τῆς
762 2302 1046 2356 ἀνενδότου
1096 2302 1196 2356 καὶ
1229 2301 1518 2374 διηνεκοῦς
1557 2301 1694 2374 πρὸς
1729 2302 1866 2357 ὅλων

280 2390 734 2463 ἀναστησομένης
767 2389 1086 2460 αὑτῷκκατά
1112 2392 1292 2464 πάσης
1318 2391 1418 2462 τῆς
1450 2391 1553 2463 γῆς
1585 2393 1776 2458 νοερᾶς
1805 2409 1865 2445 τε

283 2477 376 2534 καὶ
420 2479 804 2551 πνευματικῆς
847 2480 1144 2552 λατρείας·
1177 2479 1337 2534 ἆτινα
1366 2481 1544 2535 πάντα
1581 2483 1698 2545 τοῖς
1741 2483 1868 2535 ἑαυ-

279 2571 392 2624 τῶν
419 2573 632 2642 καιροῖς
675 2574 742 2643 τῇ
772 2571 1001 2642 ἀληθείᾳ
1034 2573 1538 2643 συνεπεράνθησαν,
1571 2574 1666 2626 καὶ¹
1690 2573 1868 2639 ’τέλος

267 2663 673 2718 εὐκλεέστατον
695 2662 963 2729 ἐδέξαντο.
993 2665 1262 2717 Ἀκουσον
1281 2663 1574 2736 τοιγαροῦν
1597 2664 1694 2718 τοῦ
1721 2665 1868 2720 Παύ-

282 2756 376 2808 λου
404 2755 809 2826 μεγαλοφὼνως
841 2755 1172 2826 ἐμϐοῶντος,
1209 2757 1304 2811 καὶ
1331 2757 1430 2828 τὴν
1453 2757 1715 2828 ἀλήθειαν
1740 2747 1864 2812 τού-

283 2865 396 2912 τοις
431 2847 946 2920 ὲπισφραγίζοντος·
985 2865 1005 2899 ι
1037 2847 1172 2912 Θεὸς
1199 2847 1522 2919 ἐφανερώθη
1570 2851 1630 2902 ὲν
1677 2851 1864 2920 σαρκὶ,

283 2947 579 3020 ἐδικαιώθη
607 2951 666 3004 ἐν
698 2947 996 3020 πνεύματι,
1022 2947 1182 3020 ὤφθη
1209 2950 1486 3018 ἀγγέλοις,
1508 2949 1788 3021 ἐκηρύχθη
1809 2951 1867 3005 ὲν

283 3055 517 3122 ἔθνεσιν,
550 3052 849 3124 ἐπιστεύθη
878 3055 936 3108 ἐν
975 3053 1188 3125 κόσμῳ,
1223 3055 1500 3128 ἀνελήφθη
1546 3057 1608 3110 εν
1649 3053 1798 3127 δόξῃ.
1840 3072 1860 3107 ι

1967 1930 2036 1985 de
2063 1931 2204 1986 ccelo
2245 1932 2405 1989 nobis
2427 1934 2714 2000 collatum,
2748 1937 2840 2007 qui
2871 1937 2924 1992 in
2947 1937 3103 1994 illum
3133 1941 3411 1996 credimus
3441 1942 3562 1997 sine

1969 2023 2198 2089 invidia,
2229 2023 2471 2096 Spiritus
2511 2027 2847 2097 adventum;
2885 2039 2938 2086 et
2999 2032 3052 2089 in
3111 2047 3303 2092 omnes
3363 2045 3560 2106 gentes

1966 2119 2301 2188 evangelicae
2327 2119 2740 2190 praedicationis
2774 2122 3074 2179 circuitum
3099 2126 3510 2186 velocissimum
3540 2147 3556 2185 :

1967 2217 2022 2263 et
2057 2209 2205 2280 quod
2239 2210 2368 2265 hinc
2402 2209 2608 2266 factum
2647 2221 2733 2268 est
2762 2229 2859 2284 per
2902 2215 3091 2269 orbem
3127 2225 3398 2278 terrarum
3435 2219 3558 2275 ido-

1969 2300 2144 2356 lorum
2201 2303 2581 2359 omnimodum
2631 2306 3072 2375 exterminium,
3136 2323 3236 2380 per
3295 2312 3558 2367 mundam

1966 2393 2334 2448 reversionem
2366 2395 2434 2450 ad
2475 2412 2646 2452 unum
2683 2405 2740 2454 et
2760 2397 2937 2454 solum
2965 2415 3158 2456 verum
3216 2399 3388 2458 Deum
3453 2419 3558 2460 no-

1968 2491 2142 2537 strum
2195 2483 2482 2566 ell‘ectam,
2515 2497 2683 2558 atque
2719 2488 3226 2562 impraetermissam
3273 2503 3328 2550 et
3370 2492 3558 2566 jugem

1967 2573 2209 2639 latriam,
2247 2563 2369 2644 qua)
2422 2577 2564 2634 illia
2597 2579 2760 2636 nobis
2825 2595 2924 2651 per
2979 2581 3297 2638 universam
3355 2563 3556 2640 terram

1967 2663 2392 2738 intelligibiliter
2417 2674 2472 2721 et
2492 2667 2817 2741 spiritaliter
2854 2671 3166 2728 exhibetur.
3193 2673 3328 2740 Quae
3371 2676 3559 2733 omnia

1969 2759 2201 2814 veritate
2247 2761 2591 2830 temporibus
2633 2763 2754 2818 suis
2786 2765 3084 2821 terminata
3121 2776 3272 2833 sunt,
3303 2780 3356 2824 et
3390 2769 3558 2826 linem

1969 2847 2436 2920 gloriosissimum
2479 2864 2867 2924 susceperunt.
2913 2856 3057 2913 Audi
3105 2859 3274 2930 igitur
3323 2859 3560 2918 Paulum

1970 2953 2167 3011 magna
2209 2955 2344 2997 voce
2369 2943 2726 3011 clamantem,
2755 2955 2810 3004 et
2840 2950 3122 3006 veritatem
3161 2952 3318 3010 istaut
3355 2968 3559 3012 corro-

1972 3030 2256 3088 borantem
2288 3051 2302 3088 :
2339 3053 2359 3086 ι
2401 3034 2544 3090 Deus
2585 3037 2970 3096 manifestatus
2994 3043 3158 3100 estin
3181 3058 3368 3112 carne,
3393 3045 3561 3114 justia

290 3159 355 3212 Ὢ
381 3158 482 3226 τῆς
508 3155 604 3212 τοῦ
635 3123 965 3212 διδασκάλου
1015 3123 1427 3227 μεγαληγορίας
1453 3123 1658 3221 ίνθιὺς,
1693 3123 1858 3227 φησιν

1974 3123 2170 3180 licatus
2201 3135 2288 3180 est
2329 3125 2385 3180 in
2426 3127 2649 3200 spiritu,
2681 3131 2934 3200 apparuit
2963 3133 3194 3202 angelis,
3229 3137 3559 3206 praedicatus

275 3250 601 3324 ἐφανερώθη
634 3251 694 3304 έν
723 3249 908 3322 σαρκὶ,
935 3249 996 3304 τὸ
1022 3253 1240 3304 πάντων
1269 3247 1379 3305 τῶν
1413 3247 1636 3318 ἀγαθῶν
1671 3248 1866 3314 αἴτιον,

283 3347 320 3416 ἡ
369 3343 724 3406 ἀνέκλειπτος
769 3341 968 3411 δωρεὰ,
1021 3342 1050 3394 ό
1098 3339 1487 3410 διαυγέστατος
1535 3338 1786 3405 πλοῦτος,
1829 3340 1864 3408 ἡ

280 3439 506 3502 ἁίνναος
571 3436 680 3491 τῶν
737 3433 1116 3504 ἀναφαιρέτων
1170 3432 1526 3504 χαρισμάτων
1562 3431 1735 3503 -πηοίὴ
1757 3467 1773 3492 ,
1832 3431 1866 3499 ή

281 3531 580 3602 ἀκόρεστος
635 3527 746 3580 τῶν
821 3525 1132 3578 πεινώντων
1189 3522 1385 3592 τροφὴ,
1425 3523 1456 3574 ὁ
1513 3519 1576 3585 ἐξ
1633 3518 1866 3589 οὐρανοῦ

278 3620 542 3688 ζωοποιὸς
587 3618 772 3688 ἄρτος,
807 3615 870 3668 τὸ
899 3615 1122 3668 ἁένναον
1155 3611 1265 3677 τῶν
1305 3611 1582 3680 διψώντων
1625 3611 1865 3680 ῥεῖθρον,

281 3714 341 3779 ἐξ
377 3703 442 3765 οὗ
473 3713 502 3766 ό
542 3711 712 3762 πίνων
754 3707 816 3761 οὐ
859 3705 934 3776 μὴ
967 3705 1169 3776 διψήσῃ
1217 3704 1297 3766 είς
1335 3701 1426 3756 τὸν
1468 3702 1662 3757 αἰῶνα.
1697 3697 1868 3768 Οὗτος

276 3801 601 3874 ’ἐφανερώθη
658 3801 732 3853 ,ἐν
777 3799 978 3868 σαρκί·
1020 3795 1156 3850 ἀλλὰ
1199 3793 1296 3850 καὶ
1345 3805 1423 3860 τῳ
1462 3795 1676 3868 κόσμῳ,
1699 3797 1878 3867 φησὶν,

271 3891 597 3962 ἐπιστεύθη.
1243 3900 1254 3905 “

339 4141 473 4204 Πῶς
501 4137 800 4208 ἐπιστεύθη
833 4139 891 4192 έν
916 4137 1142 4207 κόσμῳ;
1185 4133 1326 4197 sine,
1371 4127 1418 4191 ὦ
1468 4131 1857 4206 μακαριώτατε

269 4234 478 4299 Παῦλε,
515 4231 724 4303 μύησον
764 4229 861 4285 καί
891 4229 1040 4298 ἡμᾶς
1082 4228 1147 4283 ὲκ
1185 4227 1310 4288 τῶν¹
1337 4226 1591 4296 ἀρρήτων
1629 4227 1858 4281 ἐκείνων

275 4325 493 4399 φωνῶν,
519 4317 596 4378 ὢν
629 4325 688 4377 ὲν
717 4323 829 4385 τοῖς
853 4317 1120 4388 ἀφύκτοις
1170 4317 1266 4372 τοῦ
1317 4317 1652 4389 παραδείσου
1685 4319 1857 4395 ipsi].

265 4421 373 4492 ὒης
391 4435 408 4452 ο
439 4415 711 4490 πρόστηθι
737 4414 834 4470 καὶ
862 4412 956 4468 νῦν
981 4410 1078 4466 τοῦ
1106 4410 1486 4482 κηρύγματος,
1519 4404 1580 4465 οῦ
1608 4410 1854 4466 ἐπιστεύ-

1970 3225 2054 3271 est
2075 3217 2356 3288 gentibus,
2389 3219 2632 3275 creditus
2660 3231 2746 3276 est
2775 3221 2829 3276 in
2858 3224 3086 3292 mundo,
3127 3241 3447 3298 assumptus
3470 3240 3558 3286 est

1971 3307 2026 3362 in
2054 3309 2226 3380 gloria
2255 3312 2296 3366 ⁸.
2333 3329 2352 3363 ι
2386 3311 2431 3366 0
2461 3313 2644 3384 magni
2673 3313 2921 3372 doctoris
2943 3316 3200 3376 aﬂ'ectum
3241 3319 3555 3396 {atratum}!

1971 3397 2138 3464 Deus,
2187 3401 2385 3470 inquit,
2431 3402 2816 3462 manifestatus
2858 3418 2943 3463 est
2975 3409 3030 3463 in
3069 3415 3435 3482 carne,‘quod
3471 3425 3560 3472 est

1967 3490 2214 3541 omnium
2251 3490 2523 3545 bonorum
2564 3506 2753 3558 causa,
2797 3496 3120 3557 indeﬁciens
3156 3502 3400 3572 donatio,
3437 3506 3556 3564 sui-

1967 3575 2361 3632 ﬁcientissimae
2389 3579 2613 3644 divitia,
2661 3586 2916 3653 perennis
2958 3603 3068 3642 non
3123 3591 3556 3652 auferendorunt

1965 3667 2363 3724 charismatum
2420 3669 2564 3738 fons,
2623 3673 2951 3731 insatiabilis
2999 3681 3356 3738 esurientium
3403 3702 3552 3754 esca,

1963 3759 2216 3814 viviﬁcus
2245 3759 2313 3815 de
2341 3761 2481 3814 calo
2526 3765 2702 3832 panis,
2730 3765 2880 3836 jugis
2933 3768 3240 3828 sitientium
3275 3776 3451 3842 rivus,
3476 3795 3548 3834 ex

1961 3866 2073 3922 quo
2101 3851 2195 3922 qui
2238 3850 2460 3918 biberit,
2501 3868 2612 3906 non
2661 3855 2808 3909 sitiet
2857 3858 2908 3910 in
2942 3867 3206 3916 aeternum
3237 3863 3278 3918 ⁷.
3312 3863 3408 3922 llis
3435 3882 3554 3922 ma-

1961 3941 2252 3999 nil’estatus
2279 3951 2364 3998 est
2403 3942 2655 3999 incarne
2693 3962 2707 3999 :
2753 3946 2846 4001 sed
2887 3957 2942 4004 et
2971 3951 3198 4019 mundo,
3230 3956 3328 4023 ait,
3367 3959 3548 4014 credi-

1959 4045 2050 4092 tus
2085 4045 2190 4092 est.
2371 4027 2385 4038 ’
2525 4061 2532 4068 ·
3258 4117 3267 4125 ·

2031 4125 2320 4195 Quomodo
2385 4127 2628 4186 creditus
2679 4137 2765 4186 est
2825 4131 2878 4186 in
2938 4134 3176 4190 rnundo?
3229 4139 3340 4206 dic,
3391 4141 3550 4200 beate

1959 4216 2160 4284 Paule;
2189 4215 2375 4270 imbue
2399 4225 2455 4271 et
2475 4233 2576 4272 nos
2598 4233 2666 4272 ex
2688 4223 2905 4278 arcanis
2935 4223 3042 4278 illis
3074 4225 3320 4294 vocibus,
3345 4232 3546 4300 quibus

1958 4311 2016 4366 in
2051 4309 2252 4365 abditis
2289 4309 2530 4381 paradisi
2570 4311 2815 4368 imbutus
2849 4329 2939 4382 es;
2985 4317 3170 4374 imbue
3199 4321 3364 4377 etiam
3395 4341 3548 4382 nunc

1954 4401 2366 4472 praedicatione,
2421 4401 2580 4470 cujus
2609 4402 2853 4460 creditus
2907 4421 2966 4462 es
3016 4406 3070 4460 in
3121 4424 3314 4468 omnes
3352 4427 3544 4484 gentes

271 4511 374 4582 θης
415 4510 497 4574 εἰς
535 4507 718 4562 πάντα
744 4507 818 4560 τὰ
841 4507 968 4576 ἔθνη
998 4503 1259 4575 κηρύξαι,
1290 4503 1386 4558 καὶ
1415 4503 1716 4568 ἀπόστολος
1765 4523 1859 4574 γε·

1969 4493 2290 4566 praadicator
2319 4501 2374 4547 et
2401 4492 2686 4564 apostolus
2715 4494 2852 4550 ﬁeri.
2891 4494 3120 4554 infunde
3151 4507 3403 4571 praesenti
3437 4507 3540 4562 Ec-

271 4603 482 4659 νέσθαι.
529 4601 789 4672 Πήγασον
845 4601 914 4670 τῇ
967 4597 1224 4668 παρούσῃ
1269 4595 1571 4670 Ἐκκλησία
1618 4597 1710 4650 τὸν
1755 4599 1856 4669 τῆς

1969 4585 2140 4642 εἰοείαι
2177 4583 2424 4640 veritatis
2466 4585 2712 4641 verbum.
2747 4589 3034 4657 exstingne
3064 4594 3336 4661 spiritales
3370 4599 3536 4654 liuere.

269 4693 526 4766 ἀληθείας
543 4693 726 4761 λόγον,
744 4691 842 4745 καὶ
863 4689 1058 4743 σϐέσον
1077 4688 1175 4751 τὰς
1205 4687 1404 4760 νοητὰς
1425 4687 1540 4742 τῶν
1554 4686 1856 4758 αίρετιζόν-

1969 4677 2193 4731 Licorum
2250 4676 2420 4740 visus,
2472 4685 2528 4728 ut
2576 4679 2850 4746 quendam
2907 4679 3108 4751 Elymm
3145 4687 3288 4758 magi
3327 4688 3348 4719 ⁸
3389 4707 3402 4744 ;
3441 4707 3538 4744 (ιχ-

265 4803 381 4842 των
421 4783 575 4856 θψεις
599 4799 614 4813 ·
652 4781 730 4848 ὥς
768 4797 902 4836 ποτε
943 4777 1151 4851 Ἐλύμα
1179 4778 1275 4834 τοῦ
1309 4779 1510 4850 μάγου.
1557 4779 1852 4851 Τράνωσον

1969 4769 2130 4836 prime
2171 4784 2296 4824 cum
2337 4767 2536 4823 ﬁducia
2581 4769 3005 4852 dispensationis
3037 4777 3378 4846 mysterium.
3429 4780 3536 4836 Ln-

271 4879 415 4952 μετὰ
441 4874 758 4947 παρρησίας
791 4873 854 4926 τὸ
885 4873 986 4942 τῆς
1015 4872 1332 4942 οἰκονομίας
1379 4871 1704 4944 μυστήριον.
1737 4874 1848 4927 Δαι-

1969 4861 2139 4932 ιιιει-ίε
2160 4862 2306 4916 enim
2341 4863 2504 4919 etiam
2531 4869 2665 4931 post
2692 4875 2924 4918 mortem
2964 4881 3127 4924 voces
3156 4873 3534 4941 excellentius,

267 4973 383 5034 λεῖς
415 4969 524 5040 γὰρ
551 4968 647 5022 καὶ
683 4967 823 5039 μετὰ
846 4965 1104 5029 θάνατον,
1143 4963 1330 5034 φωνῆς
1365 4965 1718 5036 ὑψηλότερον,
1752 4967 1848 5020 καὶ

1969 4963 2004 5009 :t
2044 4953 2290 5024 operaris
2329 4953 2383 5006 in
2412 4955 2605 5024 spiritu
2633 4970 2972 5028 quaecunque
3001 4959 3108 5014 vis.
3145 4959 3321 5018 Etiam
3357 4966 3537 5036 inquit

268 5062 516 5134 ἐναργεῖς
541 5059 620 5130 τῷ
649 5056 941 5127 πνεύματι·
967 5059 1067 5110 ὅσα
1099 5057 1192 5110 καὶ
1227 5055 1428 5128 βούλει.
1467 5056 1598 5122 Καὶ,
1626 5059 1790 5128 φησὶν
1818 5059 1850 5114 ό

1969 5045 2144 5102 loctor
2169 5059 2184 5100 :
2223 5063 2242 5096 ι
2271 5043 2404 5098 Μίιιί
2431 5044 2662 5100 minimo
2684 5047 2930 5103 omnium
2961 5060 3278 5117 sanctorum
3301 5057 3426 5112 data
3449 5073 3536 5116 est

264 5148 616 5213 διδάσκαλος,
640 5165 664 5200 ι
695 5147 852 5220 Ἐμοὶ
878 5147 962 5218 τῷ
987 5145 1389 5217 ἐλαχιστοτέρῳ
1425 5146 1644 5202 πάντων
1675 5148 1847 5216 ἁγίων

1969 5141 2122 5208 gratia
2155 5139 2270 5193 lucc
2310 5137 2364 5191 in
2407 5138 2684 5208 gentibus,
2728 5142 3140 5213 evangelizandi
3173 5147 3425 5207 videlicet
3449 5140 3538 5208 in-

265 5240 422 5312 ὲδόθη
472 5240 508 5311 ἡ
550 5231 714 5310 χάρις
749 5236 890 5308 αῦτη
918 5240 976 5291 ὲν
1001 5238 1115 5299 τοῖς
1138 5235 1358 5290 ἔθνεσιν
1384 5237 1846 5306 εὐαγγελίσασθαι

1969 5231 2296 5302 ιιιειίειιὶιίιοε
2327 5229 2549 5284 divitias
2579 5230 2806 5300 Christi,
2837 5243 2892 5289 et
2939 5235 3283 5296 illuminandi
3314 5257 3532 5306 omnes,

264 5334 360 5387 τὸν
392 5331 799 5402 ἀνεξιχνίαστον
823 5327 1052 5382 πλοῦτον
1075 5329 1170 5382 τοῦ
1197 5327 1458 5400 Χριστοῦ,
1489 5329 1584 5383 καὶ
1611 5330 1845 5400 φωτίσαι

1969 5341 2019 5380 ιο
2069 5323 2328 5387 docendi,
2371 5339 2493 5404 quae
2531 5323 2604 5378 sit
2635 5325 2975 5394 dispensatio
3020 5334 3263 5401 mysterii
3301 5335 3534 5404 abscon-

267 5426 498 5488 πάντας,
529 5425 618 5488 τίς
656 5425 690 5495 ἡ
727 5422 1014 5494 οἰκονομία
1041 5421 1136 5476 τοῦ
1168 5421 1473 5494 μυστηρίου
1511 5420 1606 5474 τοῦ
1639 5423 1846 5478 ἀποκε.

1969 5418 2052 5473 liti
2091 5432 2122 5471 a
2156 5414 2370 5484 saeculis
2421 5430 2449 5469 a
2511 5413 2761 5482 Domino,
2813 5421 2906 5488 qui
2961 5423 3142 5476 omnia
3217 5426 3467 5482 creavit”.
3503 5445 3526 5479 ι

265 5516 590 5590 κρυμμένου
618 5516 728 5570 ἀπδ
751 5515 858 5568 τῶν
881 5514 1094 5570 αἰώνων
1121 5517 1182 5568 έν
1208 5513 1288 5585 τῷ
1310 5513 1451 5586 Θεῷ,
1471 5513 1551 5583 τῷ
1573 5517 1641 5568 τὰ
1665 5516 1842 5569 πάντα

1969 5508 2294 5576 Quapropter
2326 5506 2549 5571 audite:
2581 5525 2598 5556 ι
2629 5505 2882 5563 Creditus
2903 5519 3006 5572 est,
3030 5511 3189 5574 dixit,
3211 5511 3264 5566 in
3299 5513 3526 5578 mundo,

266 5603 536 5658 κτίσαντι.
573 5621 593 5654 ι
639 5603 931 5672 Τοιγάρτοι
971 5601 1268 5657 ἀκούσατεο
1308 5621 1326 5654 ι
1363 5603 1707 5674 Ἐπιστεύθη,
1761 5600 1840 5658 εἶ-

1969 5597 2318 5654 ·ρουιιιυὶιίιιιιε
2345 5599 2531 5650 οιιιιιίιι
2568 5599 2622 5650 in
2664 5600 2980 5669 semetipso,
3020 5612 3072 5656 ιιι
3107 5603 3400 5672 paciﬁcans
3436 5621 3554 5674 per.

336 5779 400 5834 'l
428 5779 670 5835 Timoth.
707 5795 790 5846 tn,
830 5779 914 5834 16.
1009 5782 1028 5811 ⁷
1058 5779 1218 5836 Joan.
1245 5773 1422 5848 IV,|3,
1477 5785 1498 5816 ⁸
1528 5787 1646 5841 Act.
1685 5801 1804 5840 χιιι.
1833 5785 1864 5839 8

1969 5783 1986 5813 '
2017 5780 2216 5850 Epltes.
2249 5792 2332 5841 ιιι,
2367 5775 2423 5836 8.
2455 5776 2507 5828 9.
