4038 6274
594 281 730 346 13ί9

1585 283 1988 346 ΕΡῙΡΗΛΝΙΙ
2019 282 2494 348 ΟΑΤΑΝΕΝ818
2516 278 2826 347 DIACONI

3688 280 3798 350 1320

588 392 910 466 sanguinem
942 393 1120 449 crucis
1149 407 1285 459 suae,
1317 393 1434 450 sive
1460 406 1584 462 qua:
1618 393 1674 448 in
1707 403 1876 457 terra,
1901 393 2016 448 sive
2043 408 2154 464 qua

2272 410 2395 457 πον,
2421 397 2480 448 ἐν
2509 395 2722 465 κόσμῳ,
2752 388 3208 457 ἀποκαταλλάξας
3241 387 3309 443 τά
3338 389 3517 445 πάντα
3546 390 3620 456 εἰς
3646 391 3804 451 ἐαυτὸν

586 485 642 540 in
675 485 829 542 coalis
875 492 1005 540 sunt
1040 482 1106 539 η.
1151 501 1172 534 ι
1215 481 1261 539 Ο
1293 483 1586 540 sublimem
1643 483 1782 539 lianc
1821 485 2167 553 praadicatiu.

589 576 752 632 nem!
791 575 837 631 Ο
872 575 1294 632 inenarrabilem
1327 576 1490 633 istam
1524 575 1998 632 misericordiam!
2034 574 2170 632 Uni-

586 671 802 742 genitus
828 668 1001 726 Filius
1027 668 1124 724 Dei
1153 669 1340 725 omnia
1374 671 1430 725 in
1454 669 1640 740 seipse
1676 669 2044 726 reconcilians
2069 684 2167 740 pa-

584 758 818 815 cificavit
855 772 953 828 per
992 757 1316 830 sanguinem
1364 756 1546 814 crucis
1594 772 1730 821 sua).
1778 756 2167 830 lit-quomodo

583 850 805 923 quidam
846 860 970 920 post
1008 857 1214 904 tantam
1272 847 1604 905 ineffabilem
1658 849 2164 907 reconciliationem

585 956 686 997 nos
722 940 840 996 fieri
881 940 1126 1010 priorum
1183 939 1576 996 seditiosorum
1620 934 1972 997 inimicorum
2014 939 2164 997 aliir-

581 1031 766 1088 ntant?
829 1029 1115 1098 Quomodo
1181 1040 1302 1101 post
1359 1031 1526 1087 unius
1581 1040 1636 1088 et
1683 1032 1858 1090 solius
1896 1033 2011 1089 veri
2071 1035 2163 1090 Dei

581 1122 914 1194 agnitionem
955 1124 1184 1177 adorare
1219 1121 1372 1206 idola
1415 1121 1768 1181 Christianos
1816 1124 2003 1180 dicere
2040 1128 2160 1182 ausi

2272 480 2368 539 καὶ
2395 483 2826 555 εἰρηνοποιήσας
2854 481 2944 536 διὰ
2974 476 3069 534 τοῦ
3102 480 3338 551 αἵματος
3363 479 3459 536 τοῦ
3485 484 3700 556 σταυροῦ
3725 487 3804 544 αὖ.

2269 570 2387 640 τοῦ,
2412 576 2523 628 εἴτε
2548 575 2620 630 τὰ
2653 576 2748 629 ἐπὶ
2776 573 2878 644 τῆς
2910 575 3016 646 γῆς
3054 572 3165 626 είτε
3193 571 3262 627 τὰ
3288 573 3350 628 ἐν
3378 575 3490 637 τοῖς
3520 574 3758 646 οὐρανοῖς.
3783 597 3800 631 ι

2275 663 2341 718 Ὢ
2384 664 2482 719 τοῦ
2522 664 2732 736 ὑψηλοῦ
2764 665 2959 720 τοῦτου
3003 662 3390 737 κηρύγματοςι
3420 657 3466 719 ὦ
3492 663 3586 734 τῆς
3628 665 3803 721 ἀνεκδι-

2269 756 2482 825 ηγήτου
2530 755 2738 824 ταύτης
2785 754 3224 830 φιλανθρωπίας.
3280 753 3343 810 ’0
3390 755 3670 827 μονογενὴς
3705 756 3803 822 Tib;

2265 845 2362 898 τοῦ
2391 845 2528 900 Θεοῦ
2557 846 2628 900 τὰ
2662 847 2840 901 πάντα
2869 847 2952 911 εἰς
2986 845 3183 900 ἐαυτὸν
3219 843 3658 910 ἀποκαταλλάξας
3679 847 3802 920 εἰρη-

2267 935 2528 1006 νοποίησε
2574 935 2665 1005 διὰ
2696 932 2792 990 τοῦ
2825 935 3061 1007 αἵματος
3104 932 3206 988 τοῦ
3240 933 3479 1004 σταυροῦ
3508 932 3690 987 αὐτοῦ·
3729 937 3805 988 καί

2266 1027 2385 1092 πῶς
2428 1045 2575 1092 τινες
2615 1027 2754 1098 μετά
2793 1026 2892 1097 τὴν
2919 1025 3190 1096 τοσαύτην
3232 1016 3600 1097 ἀνέκφραστον
3641 1020 3804 1080 καταλ-

2265 1120 2460 1195 λαγὴν,
2506 1121 2630 1177 ’ὑπὸ
2675 1124 2834 1194 χεῖρα
2881 1120 2991 1175 τῶν
3034 1120 3205 1176 πάλαι
3256 1119 3593 1174 στασιαστῶν
3633 1119 3803 1193 ἐχθρῶν

583 1213 757 1270 sunt?
777 1213 1087 1270 Praesertim
1112 1229 1237 1270 cum
1270 1215 1535 1285 propheta
1557 1216 1932 1272 omnimodam
1961 1217 2154 1274 horum

2265 1218 2414 1288 ἡμᾶς
2439 1215 2697 1286 γενέσθαι
2719 1207 3183 1289 διῖσχυρίζονταις
3214 1213 3337 1277 πῶς
3359 1213 3498 1284 μετὰ
3525 1213 3619 1284 τὴν
3643 1215 3713 1278 είς
3732 1212 3804 1269 τὸν

580 1305 1071 1362 comminutionem
1112 1306 1519 1376 quodammodo
1577 1307 1813 1376 clamet,
1862 1321 1920 1366 et
1964 1311 2110 1367 dicat
2145 1331 2154 1366 :

2260 1306 2361 1359 ἕνα
2417 1307 2515 1360 καὶ
2566 1306 2729 1377 μόνον
2774 1304 3031 1377 ἀληθινὸν
3072 1303 3209 1358 Θεὸν
3260 1304 3554 1373 ἐπίγνωσιν
3608 1302 3804 1368 εἰδώλοις

585 1418 605 1451 ι
651 1397 708 1453 in
742 1398 832 1454 die
867 1398 959 1454 illa
1013 1397 1299 1468 apparebit
1351 1389 1636 1465 Dominus,
1671 1408 1727 1456 et
1778 1403 2154 1459 exterminabil

2263 1397 2392 1458 τοὺς
2424 1394 2790 1468 Χριστιανοὺς
2821 1395 3203 1466 προσκυνῆσαι
3231 1395 3411 1448 εἰπεῖν
3447 1392 3801 1464 τετολμήκασῑς

576 1491 710 1547 deos
748 1490 992 1562 gentium
1029 1499 1186 1546 terrae
1216 1507 1228 1542 :
1261 1498 1316 1544 et
1344 1489 1595 1546 adorabit
1625 1505 1752 1546 eum
1783 1493 2154 1566 unusquisque

2263 1485 2444 1538 καίτοι
2470 1484 2565 1538 τοῦ
2590 1483 2872 1557 προφήτου
2901 1480 3002 1555 τὴν
3028 1482 3268 1566 παντελῆ
3292 1483 3502 1538 τούτοιν
3529 1483 3801 1554 ἐκμείωσιν,

578 1582 645 1636 de
671 1581 795 1636 loco
824 1597 948 1645 suo,
980 1594 1172 1636 omnes
1200 1579 1394 1635 insulae
1417 1581 1662 1650 gentium
1689 1583 1758 1637 “.
1806 1601 1826 1634 ι
1867 1582 2004 1639 Ecce
2029 1585 2154 1640 sub-

2263 1577 2458 1648 ὥσπερ
2508 1551 2853 1642 ἀναϐοῶντος
2890 1551 2989 1630 καὶ
3035 1551 3288 1646 λέγοντος
3312 1592 3327 1608 ·
3369 1593 3389 1628 ι
3432 1575 3521 1629 Ἐν
3650 1576 3803 1648 ἡμέρᾳ

576 1671 890 1726 versionem
915 1670 1212 1735 idolorum,
1241 1680 1299 1726 et
1329 1671 1438 1725 Deo
1468 1671 1855 1728 celebrandam
1882 1657 2154 1732 adoratio-

2261 1667 2450 1742 ἐκείνῃ
2484 1667 2883 1738 ἐπιφανήσεται
2930 1666 3162 1740 Κύριος,
3202 1669 3300 1722 καὶ
3325 1664 3681 1740 ἐξολοθρεύσει
3700 1669 3802 1733 τοὺς

577 1763 803 1825 nem,ab
850 1765 1290 1834 unoquoque'de
1328 1763 1450 1818 loco
1502 1778 1605 1819 suo
1641 1765 1973 1823 audivimus.
2009 1766 2154 1835 Quo-

2264 1735 2560 1823 Oeobcvrtbv
2590 1735 2764 1814 ἐθνῶν
2791 1759 2890 1830 τῆς
2923 1735 3034 1831 γῆς
3042 1774 3059 1793 ο
3093 1759 3188 1814 καί
3233 1735 3692 1832 προσκυνήσουσιν
3725 1760 3804 1814 αὐτ-

576 1853 743 1910 modo
796 1853 964 1925 igitur
1024 1868 1125 1910 nos
1162 1853 1256 1924 qui
1327 1853 1432 1909 hoc
1484 1853 1739 1926 agimus,
1794 1857 2160 1916 idololatriam

576 1959 833 2002 exercere
863 1945 1226 2002 accusamur?
1254 1943 1389 2012 Quis
1415 1953 1599 2002 autem
1639 1955 1694 2003 et
1720 1949 1948 2006 omnino
1977 1963 2162 2023 posset

573 2037 630 2090 in
655 2035 1040 2107 antiquitatem
1078 2035 1348 2092 idolorum
1399 2052 1644 2093 errorem
1682 2054 1952 2096 renovare
1997 2057 2162 2114 super

576 2137 778 2184 terram
799 2128 825 2182 τ
852 2126 909 2183 Si
943 2127 1089 2184 enim
1129 2127 1454 2198 nequissimi
1489 2129 1769 2187 daemones
1795 2133 1889 2204 qui
1919 2148 2015 2204 per
2047 2135 2161 2194 haec

575 2223 886 2293 placantur,
927 2220 1034 2278 hoc
1062 2219 1245 2278 facere
1280 2231 1534 2292 possunt,
1584 2224 1861 2294 quomodo
1915 2241 2024 2282 non
2062 2227 2160 2285 de-

574 2323 819 2371 struetur
872 2320 1049 2369 totum
1106 2312 1533 2384 dispensationis
1586 2317 1932 2386 mysterium,
1969 2328 2158 2378 sancta

571 2405 864 2464 manifeste
913 2407 1186 2463 clamante
1241 2405 1524 2477 Scriptura
1566 2425 1581 2462 :
1627 2424 1646 2458 ι
1690 2406 1829 2476 Quia
1885 2411 2158 2481 percussit

570 2497 830 2554 inimicos
858 2511 991 2554 suos
1027 2497 1082 2551 in
1113 2496 1525 2568 posteriora"?
1561 2515 1582 2550 ι
1625 2494 1686 2553 in
1723 2513 1835 2568 quo
1883 2499 2154 2569 innuitur,

571 2590 700 2662 quia
725 2588 1168 2658 Cbristus_etiam
1196 2588 1551 2658 opprobrium
1581 2589 1980 2660 sempiternum
2003 2591 2157 2649 dedit

516 2716 523 2723 -
569 2680 671 2736 eis.
709 2677 814 2746 Qui
862 2679 1009 2734 enim
1066 2685 1244 2748 potest
1301 2676 1508 2748 aliquid
1565 2681 1805 2750 operari,
1837 2696 1945 2736 non
2011 2683 2155 2740 inter

570 2782 843 2839 mortuos,
893 2771 986 2828 sed
1048 2771 1192 2826 inter
1237 2768 1482 2826 viventes
1530 2769 1715 2828 adhuc
1761 2774 1947 2843 procul
1984 2774 2153 2833 dubio

569 2864 946 2929 constituitur.
1019 2861 1308 2930 Quomodo
1359 2873 1544 2918 autem
1609 2871 1665 2920 et
1723 2867 1841 2935 ipse
1899 2868 2152 2938 proprios

569 2956 888 3012 confortans
916 2953 1238 3024 discipulos,
1277 2961 1332 3010 et
1359 2954 1429 3009 ad
1453 2969 1646 3011 omnes
1685 2957 1772 3011 vel
1822 2957 2153 3028 qualescun-

2262 1848 2341 1921 τῷ
2367 1850 2602 1914 ἕκαστος
2645 1852 2712 1904 ἐκ
2737 1850 2834 1904 τοῦ
2872 1851 3040 1906 τόπου
3073 1849 3244 1906 αὐτοῦ
3275 1852 3450 1907 πᾶσαι
3478 1855 3534 1906 αί
3553 1853 3689 1922 νῆσοι
3715 1853 3801 1906 τῶν

2261 1938 2456 1995 ἐθνῶν.
2499 1959 2519 1993 ι
2594 1939 2846 2003 Ἀκούεις
2891 1939 2992 2012 τὴν
3041 1940 3242 2013 ἡλίκην
3280 1939 3397 1996 τῶν
3454 1939 3651 1995 πολλῶν
3690 1941 3801 1995 θεῶν

2260 2034 2670 2106 καταστροφὴν,
2705 2036 2801 2090 καί
2819 2034 2921 2107 τὴν
2949 2034 3010 2102 ἐξ
3034 2035 3254 2107 ἁπάσης
3272 2035 3378 2101 τῆς
3404 2035 3508 2106 γῆς
3532 2035 3729 2090 ἕκαστον
3748 2041 3799 2090 ἐκ

2259 2127 2357 2182 τοῦ
2386 2129 2554 2182 τόπου
2582 2128 2753 2183 αὐτοῦ
2777 2126 2856 2199 τῷ
2882 2125 3001 2198 Θεῷ
3031 2125 3409 2202 ἀποτελοῦντα
3441 2127 3797 2199 προσκύνησιη

2260 2218 2379 2286 πῶς
2407 2218 2591 2274 τοίνυν
2614 2220 2664 2273 οἰ
2684 2217 2844 2273 τοῦτο
2870 2217 3204 2291 πράττοντες
3232 2217 3637 2291 είδωλολατρεῖν
3658 2217 3798 2273 αἰτιώ-

2263 2311 2441 2384 μεθα;
2493 2312 2580 2377 τίς
2626 2311 2683 2366 δέ
2713 2311 2850 2376 ὅλως
2884 2312 2979 2366 καὶ
3005 2305 3225 2383 ἴσχυσεν
3271 2313 3358 2375 είς
3394 2311 3459 2366 τὸ
3490 2314 3696 2383 ἀρχαῖον
3717 2312 3793 2384 τὴν

2256 2402 2370 2459 τῶν
2405 2400 2640 2457 εἰδώλων
2666 2402 2880 2475 πλάνην
2911 2402 3006 2456 ἐπὶ
3039 2402 3146 2472 γῆς
3172 2402 3626 2470 ἐπανακαινίσαις
3653 2404 3695 2457 εί
3719 2401 3795 2473 μὲν

2256 2495 2365 2569 γὰρ
2404 2496 2456 2549 oi
2484 2494 2574 2549 διὰ
2609 2493 2814 2550 τούτων
2861 2494 3294 2566 θεραπευόμενοι
3335 2496 3679 2568 πονηρότατοι
3700 2494 3791 2548 δαί-

2258 2603 2421 2658 μονες
2442 2584 2602 2641 τοῦτο
2629 2587 2855 2659 ποιῆσαι
2875 2585 3144 2654 δέδυνται,
3175 2585 3294 2650 πῶς
3327 2587 3432 2642 οὐκ
3455 2586 3792 2659 ἀνατραπήσε-

2253 2696 2345 2734 ται
2369 2678 2490 2734 ὅλον
2506 2678 2568 2734 τδ
2586 2679 2686 2750 τῆς
2702 2679 3015 2750 οἰκονομίας
3041 2680 3370 2752 μυστήριον,
3389 2679 3490 2752 τῆς
3507 2681 3659 2750 ἁγίας
3671 2679 3794 2752 διαρ-

2257 2771 2426 2844 ρήδην
2466 2771 2678 2846 βοὼσης
2718 2772 2966 2844 Γραιρῆς⁸
2995 2790 3014 2824 ι
3041 2772 3169 2827 Ὀτι
3192 2771 3434 2842 ἐπάταξε
3462 2775 3586 2837 τοὺς
3605 2770 3794 2845 ἐχθροὺς

2252 2862 2420 2916 αὐτοῦ
2464 2865 2545 2927 είς
2590 2862 2654 2916 τδ
2705 2861 2912 2929 tiniae);
2946 2881 2965 2916 ι
2998 2863 3169 2934 Δῆλον
3229 2864 3288 2917 δὲ
3336 2865 3420 2920 ὅτι
3462 2865 3681 2937 Χριστὸς
3720 2865 3797 2918 καί

2252 2953 2454 3018 δνειδος
2486 2953 2708 3008 αἰώνιον
2734 2952 2937 3010 ἐδ¹ωκεν
2957 2957 3160 3020 αὐτοῖς.
3185 2956 3418 3024 Πάντως
3445 2957 3554 3032 γὰρ
3578 2958 3651 3012 ὅτι
3673 2958 3700 3012 ό
3721 2956 3798 3011 δυ-

570 3059 678 3116 que
715 3042 1058 3099 difﬁcultates
1086 3041 1318 3095 viriliter
1347 3041 1666 3096 subeundas
1703 3041 2029 3111 adhortans,
2054 3059 2149 3101 ve-

2255 3048 2487 3118 νάμενός
2518 3063 2574 3101 τι
2602 3047 2848 3118 ἐνεργεῖν
2892 3048 2996 3102 οὐκ
3041 3048 3100 3100 ἐν
3143 3051 3260 3114 τοῖς
3293 3050 3599 3134 τεθνεῶσιν,
3622 3050 3724 3105 ἀλλ’
3747 3050 3795 3102 ἐν

569 3139 789 3194 ritatem
824 3134 989 3202 dicet,
1021 3148 1146 3189 cum
1204 3143 1414 3188 asserat
1449 3151 1464 3188 :
1505 3153 1524 3184 ι
1563 3132 1856 3200 Coutidite,
1902 3151 2006 3207 ego
2044 3137 2150 3194 vici

568 3231 838 3288 mundum
872 3228 960 3283 “2
994 3247 1014 3280 ι
1057 3225 1114 3283 Si
1142 3224 1289 3281 enim
1319 3225 1464 3297 quod
1492 3224 1586 3280 hic
1632 3226 1832 3282 vicisse
1866 3242 1926 3283 se
1958 3244 2150 3301 repro-

569 3323 758 3388 mittit,
801 3323 908 3376 hoc
955 3321 1035 3376 illi
1075 3319 1367 3374 valuerunt
1408 3333 1601 3375 rursus
1646 3333 1742 3390 per
1796 3321 2148 3378 rebellionem

569 3413 808 3478 auferre,
839 3424 950 3466 non
984 3411 1173 3480 utique
1203 3409 1308 3466 tale
1334 3408 1465 3479 quid
1497 3407 1728 3465 victoria
1755 3410 2146 3478 nominabitur,

569 3521 674 3562 nec
709 3505 853 3559 inter
883 3501 1046 3558 fortia
1074 3498 1219 3558 facta
1261 3501 1770 3558 connumerabitur.
1820 3499 1958 3577 Nam
2009 3519 2150 3575 quo-

570 3597 735 3653 modo
769 3594 994 3652 victoria
1025 3595 1151 3661 erit,
1187 3593 1235 3650 si
1267 3593 1530 3649 liberator
1559 3590 1868 3666 [liberatos]
1901 3594 1956 3650 in
1988 3594 2148 3652 linem

570 3690 798 3746 minime
826 3687 1156 3753 lucrifaciat,
1191 3686 1285 3742 sed
1337 3685 1615 3741 similibus
1645 3685 1716 3741 ab
1750 3686 1841 3742 his
1871 3687 1965 3758 qui
2000 3689 2152 3760 prius

569 3781 817 3854 superati
852 3779 1091 3844 fuerant,
1133 3777 1525 3834 luctamiuibus
1555 3778 1836 3850 redigatur
1866 3777 2150 3852 [redigan-

569 3873 724 3947 tur]?
762 3888 953 3929 verum
995 3887 1096 3926 nec
1129 3871 1424 3937 similibus,
1460 3872 1554 3928 sed
1607 3863 1965 3930 fortioribus?
2012 3872 2148 3930 Nam

568 3962 857 4036 possidere
889 3960 1020 4032 quid
1075 3968 1129 4016 et
1177 3959 1425 4030 perdere,
1479 3961 1599 4031 plus
1645 3960 1802 4026 mihi,
1837 3976 2001 4031 quam
2041 3978 2149 4018 non

566 4051 899 4122 acquisitum
934 4066 1044 4106 non
1080 4049 1468 4124 possidere,in
1510 4051 1776 4106 rationem
1805 4050 2151 4108 imbecillita-

569 4143 641 4196 tis
694 4140 1081 4212 reputabitur?
1113 4136 1288 4195 Porro
1332 4139 1422 4194 ubi
1457 4151 1618 4210 putas
1657 4140 1929 4197 idolorum
1975 4151 2152 4203 status

569 4225 867 4302 [stratus]?
894 4229 989 4300 qui
1014 4228 1118 4284 hoc
1145 4227 1391 4284 dicentes
1420 4229 1702 4298 posuistis,
1736 4230 1914 4289 aiunt.
1951 4231 2067 4290 Etsi
2096 4235 2148 4291 in

565 4323 812 4394 antiquis
853 4322 1288 4377 daemonicorum
1326 4318 1662 4392 templorum
1705 4321 1948 4392 sedibus,
2010 4343 2150 4381 non-

2252 3138 2369 3200 τοῖς
2393 3135 2563 3201 ζῶσιν
2586 3135 2669 3190 ἔτι
2691 3136 3120 3195 κατατέτακται.
3157 3140 3284 3208 Πῶς
3304 3143 3365 3195 δὲ
3396 3144 3491 3197 καί
3517 3142 3665 3208 αὐτὸς
3689 3140 3797 3204 τοὺς

2255 3229 2424 3293 ίδίους
2471 3229 2862 3304 ἐπιθαρῤὐνων
2903 3230 3159 3303 μαθητὰς
3202 3234 3303 3288 καὶ
3331 3235 3469 3304 πρὸς
3514 3237 3614 3290 πᾶν
3641 3233 3796 3288 ότιοῦν

2250 3320 2360 3374 τῶν
2395 3320 2676 3393 δυσχερῶν
2709 3321 2982 3394 ἀνδρικῶς
3013 3323 3150 3378 ἰέναι
3184 3327 3689 3398 παρακελευόμενος
3713 3327 3797 3380 ἐπ-

2250 3409 2544 3482 αληθεύσει
2573 3411 2750 3480 λέγων
2771 3428 2788 3444 ο
2820 3431 2840 3465 ι
2871 3412 3158 3486 Θαρσεῖτε,
3192 3412 3310 3484 ἐγὼ
3334 3416 3587 3487 νενίκηκα
3613 3415 3696 3470 τὸν
3721 3414 3794 3468 κό-

2257 3518 2415 3574 σμον.
2448 3521 2468 3556 ι
2503 3503 2566 3558 Εἰ
2590 3503 2701 3575 γὰρ
2721 3501 2817 3568 οὓς
2837 3505 3063 3575 νικῆσαι
3087 3506 3296 3570 ἐκεῖνος
3325 3508 3648 3580 ἐπήγγελται
3666 3506 3797 3561 τοῦτο

2252 3596 2450 3649 ἐκεῖνοι
2484 3595 2734 3666 ἴσχυσαν,
2758 3595 2852 3649 διὰ
2869 3592 2970 3666 τῆς
3006 3590 3083 3651 ῶν
3105 3598 3471 3670 ἀφῃρέθησαν
3492 3601 3798 3670 ἀνταναῤῥή-

2202 3726 2207 3736 ,
2253 3703 2412 3753 σεως,
2435 3687 2548 3740 οὐδ’
2571 3687 2640 3742 ἀν
2659 3687 2720 3742 τὸ
2738 3688 2985 3744 τοιοῦτον
3003 3690 3442 3762 όνομασθήσεται
3467 3692 3609 3765 νίκη,
3628 3692 3724 3746 οὐδ’
3742 3691 3799 3746 ἂν

2249 3779 2371 3842 ταῖς
2413 3779 2494 3841 εἰς
2536 3776 2788 3851 ἀνδρείαν
2832 3778 3140 3852 ἀριστείαις
3181 3783 3632 3850 κατατετάξεται.
3693 3782 3799 3845 Πῶς

2250 3869 2362 3940 γὰρ
2407 3869 2532 3942 νίκη
2565 3871 2599 3941 ἡ
2628 3871 2755 3936 τοὺς
2778 3870 3159 3944 λυτρωθέντας
3200 3875 3284 3938 εἰς
3306 3876 3465 3941 τέλος
3490 3876 3564 3949 μὴ
3588 3877 3798 3944 ἀποκερ·

2250 3960 2487 4032 δήσασα,
2521 3961 2659 4016 ἀλλὰ
2687 3965 2798 4028 τοῖι⁸
2827 3963 3039 4035 ὁμοίοις
3070 3965 3179 4020 ὑπὸ
3211 3966 3322 4022 τῶν
3361 3969 3620 4042 πρότερον
3655 3970 3799 4038 ἡττη-

2256 4051 2438 4122 μένων
2464 4051 2838 4124 ὑποσληθεῖσα
2871 4054 3262 4126 παλαίσμασι;
3290 4057 3537 4129 καίτοιγε
3565 4058 3678 4114 οὐδὲ
3706 4060 3798 4121 τοῖς

2249 4142 2458 4213 ὁμοίοις
2482 4142 2679 4198 πολλοῦ
2706 4159 2772 4214 γε
2796 4144 2897 4199 καί
2920 4144 3040 4212 δεῖς
3071 4145 3134 4200 τὸ
3162 4147 3274 4220 γὰρ
3315 4150 3619 4221 κτήσασθαί
3640 4167 3687 4204 τι
3715 4147 3794 4202 καί

2250 4231 2519 4288 ἀπολέσαι
2569 4232 2730 4288 πλέον
2769 4235 2961 4308 ἔμοιγε
2989 4237 3086 4291 τοῦ
3107 4277 3124 4304 ,
3180 4239 3242 4294 τὸ
3277 4241 3645 4314 ἀφῃρημένων
3677 4241 3799 4294 ἀντι-

2252 4326 2576 4396 κατασχεῖν,
2607 4327 2688 4390 εἰς
2723 4326 3051 4399 ἀνανδρείας
3095 4331 3610 4404 κατηγορηθήσεται
3646 4330 3796 4400 λόγον.

564 4416 693 4471 (ἰιιιιι
719 4414 824 4470 hoc
847 4413 1175 4470 Christianis
1212 4413 1266 4468 in
1312 4427 1536 4469 causam
1582 4415 1833 4472 criminis
1873 4416 2144 4490 irrogabi-

2255 4414 2363 4469 Ποῦ
2397 4415 2457 4470 δέ
2485 4416 2584 4470 καῖ
2611 4415 2721 4490 ἀρα
2754 4417 2854 4482 τὰς
2882 4419 2990 4473 τῶν
3018 4419 3259 4477 είδῶλων
3291 4424 3542 4494 στάσειςς
3586 4425 3635 4479 oi
3666 4421 3800 4478 τοῦνο

565 4515 678 4560 tur.
711 4503 976 4559 Videmus
1005 4503 1152 4558 enim
1212 4502 1478 4566 reliquias
1525 4502 1578 4558 in
1633 4506 1958 4575 quibusdam
2011 4508 2144 4566 locis

562 4596 872 4666 priscorum
919 4595 1349 4650 όιειιιοιιὶςοιίιηι
1407 4597 1734 4666 templorum
1789 4612 1821 4652 a
1868 4601 2144 4657 veteribus

561 4681 872 4752 derelictas,
904 4692 969 4746 ad
1003 4705 1280 4762 pompam,
1314 4700 1374 4745 ut
1412 4701 1557 4756 reor.
1589 4706 1781 4769 eorum
1820 4694 1916 4766 qui
1971 4695 2026 4750 in
2062 4695 2146 4752 liis

562 4781 1016 4850 immolaverunt;
1044 4781 1128 4836 vel
1158 4783 1322 4838 etiam
1357 4782 1424 4838 ad
1458 4783 1807 4849 memoriam,
1848 4787 1994 4856 quod
2045 4803 2146 4846 nos

564 4874 824 4946 redempti
853 4889 1066 4941 sumus,
1095 4884 1150 4930 et
1171 4873 1226 4930 in
1265 4875 1564 4948 gratiarum
1593 4875 1837 4934 actiones
1857 4879 2144 4938 ducentem

563 4980 651 5034 per
687 4966 933 5022 visibiles
976 4965 1333 5038 infit-masque
1381 4967 1738 5024 formationes
1780 4987 1794 5025 :
1837 4984 1902 5027 ex
1947 4974 2150 5043 quibus

562 5056 1000 5113 Christianorum
1037 5058 1432 5114 abominabiles
1460 5057 1617 5114 factae
1661 5068 1790 5116 sunt
1834 5063 2083 5130 culturae,
2117 5081 2149 5122 a

448 5141 456 5148 ’
561 5146 762 5219 quibus
794 5163 888 5219 per
930 5146 1208 5205 Christum
1263 5150 1434 5220 erepti
1467 5165 1682 5216 sumus,
1754 5153 1859 5210 nisi
1900 5155 1953 5209 in
1983 5155 2146 5213 Citri-

563 5238 918 5296 stianissimis
986 5240 1122 5305 hate,
1175 5240 1451 5310 inquiunt,
1511 5242 1760 5300 ecclesiis
1821 5248 2025 5304 nostris
2064 5251 2144 5304 in-

563 5331 902 5387 venirentur.

628 5699 674 5734 ¹⁸
694 5699 908 5758 Coloss.
933 5717 969 5767 ι,
997 5700 1089 5755 ΞΟ.
1169 5703 1209 5735 υ
1236 5701 1401 5761 Zaclt.
1431 5726 1488 5777 ιι,
1523 5708 1607 5766 Η.

1789 5709 1832 5742 ¹²
1872 5707 2015 5765 Psal.
2066 5725 2267 5783 Lxxvu,
2307 5713 2396 5771 66.

2249 4506 2502 4577 λέγοντες
2533 4505 2825 4563 τεθεᾶσθαί
2870 4527 3058 4580 φασιν.
3095 4512 3161 4567 Εἰ
3196 4514 3296 4585 μὲν
3335 4518 3397 4571 ἐν
3439 4519 3550 4583 τοῖς
3587 4514 3799 4589 ἀρχαίοις

2250 4598 2362 4652 τῶν
2390 4597 2723 4670 δαιμονικῶν
2750 4602 2998 4672 τεμενῶν
3018 4604 3318 4677 ἰδρύμασιν
3347 4607 3501 4664 οὔπω
3530 4610 3680 4662 τοῦτο
3709 4606 3798 4668 τοῖς

2251 4685 2599 4758 Χριστιανοῖς
2630 4684 2723 4752 ἐἰς
2763 4688 2924 4758 λόγον
2953 4691 3303 4765 ἐγκλήματος
3350 4696 3795 4770 προστρισήσεται.

2270 4771 2525 4844 Ὀρῶμεν
2559 4773 2672 4846 γὰρ
2703 4773 2935 4846 λείψανά
2973 4794 3079 4834 που
3112 4781 3329 4854 ἐνιαχοῦ
3355 4784 3466 4840 τῶν
3489 4785 3649 4839 πάλαι
3680 4782 3796 4836 εἰδω-

2253 4864 2426 4920 λικῶν
2464 4868 2714 4938 τεμενῶν
2740 4871 2896 4941 παρὰ
2921 4872 3033 4927 τῶν
3064 4874 3311 4930 παλαιῶν
3340 4872 3800 4949 ἐγκαταλελειμμλο

2251 4973 2340 5026 να,
2373 4957 2514 5030 πρὸς
2562 4959 2852 5032 θρίαμϐον,
2894 4958 3052 5034 οἶμαί
3085 4982 3211 5036 που,
3240 4968 3348 5024 τῶν
3387 4969 3448 5025 ἐν
3472 4985 3671 5031 τουτοις
3695 4967 3774 5019 ἐπι

2252 5045 2569 5103 θυσάντωνθ
2601 5051 2696 5104 καὶ
2733 5051 2919 5122 μέντοι
2964 5056 3230 5129 καὶπρὸς
3272 5058 3498 5132 μνήμην
3534 5056 3683 5132 ἡμῶν
3709 5052 3796 5109 τῶν

2251 5138 2682 5212 λελυτρωμένων
2723 5145 2806 5208 είς
2845 5145 3201 5219 εὐχαριστίαν
3226 5152 3373 5224 ἡμᾶς
3419 5151 3703 5220 ἐνάγουσαν
3724 5142 3794 5198 διὰ

2252 5231 2365 5287 τῶν
2394 5233 2693 5306 ὁρωμένων
2724 5235 2992 5310 ἐξιτήλων
3022 5244 3412 5313 μορφωμάτων
3433 5260 3447 5275 ο
3478 5245 3542 5298 ἐκ
3573 5241 3723 5296 ποίων
3746 5234 3794 5288 τδ

2255 5326 2604 5397 Χριστιανῶν
2639 5329 2801 5398 γένος
2835 5328 3142 5402 βδελυκτῶν
3183 5335 3539 5408 σεδασμάτων
3571 5333 3650 5388 διὰ
3683 5330 3793 5400 X9!-

2258 5415 2386 5470 στοῦ
2440 5417 2878 5491 ἐκλελύτρωταιο
2939 5421 2989 5476 εί
3034 5424 3096 5478 δέ
3151 5424 3218 5497 δὴ
3261 5427 3320 5482 ἐν
3357 5428 3479 5490 ταῖς
3523 5424 3792 5495 Χριστιανι·

2255 5507 2534 5574 κωτάταις
2582 5509 2745 5582 ⁴ἡμῶν
2803 5509 3126 5586 ἐκκλησίαις
3166 5516 3340 5573 ταῦτά
3388 5532 3549 5587 φασιν
3594 5503 3788 5583 supra!"

2257 5619 2367 5658 ναι.

2505 5715 2548 5749 ³³
2577 5711 2737 5773 Joan.
2788 5733 2902 5787 ινι,
2933 5721 3023 5779 55.
