4038 6274
313 305 443 374 1321

1494 294 1742 362 δεξιΜο
1802 279 2363 365 LAUDATORIUS.
2404 321 2408 324 -

3416 283 3552 350 1322

388 423 453 474 Ὢ
517 421 613 490 τῆς
671 417 914 472 ἐντεῦθεν
973 413 1240 478 ἀτοπίαςί
1314 411 1360 465 ὢ
1419 414 1518 480 τῆς
1583 409 1876 476 παγκάκου

2051 404 2098 461 0
2147 407 2464 475 pravitatem
2506 419 2627 474 quae
2673 404 2800 458 hinc
2865 394 3128 457 elliciturl
3185 415 3218 454 0
3257 398 3548 469 pessimam

313 510 659 583 βλασφημίας
687 510 700 562 !
730 497 853 570 Πῶς
880 507 990 578 γὰρ
1021 504 1150 558 ἔνθα
1175 504 1410 574 Χριστὸς
1437 501 1648 571 κεφαλὴ
1676 499 1774 553 καὶ⁵
1801 499 1887 552 θε-

316 600 493 672 μέλιός
517 601 654 661 ἐστι,
682 596 824 649 κατά
850 594 942 648 τδν
967 592 1276 663 σοφώτατον
1298 589 1530 654 Παῦλον,
1551 587 1710 642 τοῦτο
1728 585 1886 654 γενέ-

314 691 438 751 σθαι
471 687 780 758 δεδύνηται;
811 683 1182 754 Ἐψεύσθημεν
1221 683 1388 744 ὅντως
1409 677 1729 751 Χριστιανοὶ
1785 675 1889 746 τῆς

314 780 557 842 ἐλπίδοςο
597 777 1044 848 πεφενακίσμεθα
1079 775 1136 829 δὲ
1175 775 1270 828 καὶ
1305 775 1427 836 ταῖς
1467 771 1576 824 τῶν
1625 767 1889 840 κηρύκων

316 873 544 941 φωναῖς,
577 869 633 923 οἴ
660 885 725 938 γε
764 867 898 922 Θεδν
925 867 1058 936 ἡμῖν
1100 868 1200 936 τῆς
1231 862 1341 916 τῶν
1387 861 1652 931 δαιμόνων
1697 859 1890 912 πλεον-

319 963 464 1028 εξίας
488 962 636 1031 ἡμᾶς
657 959 1068 1015 ἀπαλλάττοντα
1090 953 1543 1025 ἐπιδεδημηκέναι
1567 949 1646 1020 τῷ
1675 949 1778 1020 βίῳ
1799 965 1890 1003 κε-

319 1049 612 1120 κηρύχασι.
639 1049 759 1111 Πῶς
784 1049 839 1102 δὲ
859 1049 994 1111 ὅλως
1013 1044 1170 1098 τοῦτο
1197 1045 1286 1098 καὶ
1302 1043 1558 1114 ίσχυσαν;
1583 1037 1732 1110 *Αρα
1758 1038 1888 1108 γὰρ,

319 1143 551 1212 ἐροίμην
576 1139 642 1194 ἂν
669 1139 791 1203 τοὺς
829 1137 972 1192 οὕτω
1004 1123 1355 1208 φρονοῦντας,
1381 1133 1457 1197 ὡς
1482 1131 1642 1186 τοῦτο
1672 1131 1774 1200 τῆς
1798 1144 1885 1182 κε-

321 1231 497 1301 φαλῆς
525 1230 682 1301 ἡμῶν
715 1227 1153 1300 παραχωρούσης
1180 1226 1494 1294 γεγένηται,
1525 1225 1559 1294 ἢ
1599 1221 1767 1292 τυχδν
1801 1219 1894 1274 θε-

323 1320 522 1392 λούσης
545 1321 643 1390 μὲν
669 1320 742 1390 μὴ
769 1317 1036 1386 γίνεσθαι,
1063 1315 1139 1386 μὴ
1163 1315 1468 1385 δυναμένης
1491 1313 1549 1367 δὲ
1581 1311 1891 1382 ὲπαμύναις

326 1411 558 1472 καὶπῶς
595 1411 698 1463 οὐκ
726 1410 981 1462 ἐπέκεινα
1017 1407 1171 1461 τοῦτό
1201 1422 1266 1474 γε
1291 1405 1472 1476 πάσης
1501 1403 1892 1474 βλασφημίας;

328 1501 392 1562 El
423 1498 531 1569 γάρ
573 1499 722 1551 ἐστιν
761 1497 966 1567 ἀληθὴς
1011 1499 1040 1549 ὁ
1069 1493 1362 1565 ἱερώτατος
1401 1491 1612 1556 Παῦλος
1660 1489 1898 1560 Χριστὸν

329 1590 462 1643 Θεὸν
493 1587 723 1658 δύναμιν
766 1586 862 1640 καὶ
893 1584 1028 1639 Θεοῦ
1059 1583 1252 1653 σοφίαν
1287 1578 1568 1652 ὀνομάζων
1603 1579 1698 1632 τὸν
1726 1578 1857 1632 Υίὺν
1878 1620 1896 1644 ,

333 1681 450 1743 πῶς
477 1675 586 1750 ἄρα
628 1677 723 1730 καὶ
755 1677 944 1746 ἴσχυσε
977 1675 1076 1744 τὴν
1101 1672 1195 1726 τοῦ
1227 1671 1438 1742 [ἰατρὸς
1466 1669 1897 1740 ἀκαταμάχητον

331 1767 558 1838 δύναμίν
576 1785 636 1820 τε
668 1767 766 1820 καὶ
789 1765 998 1832 σοφίαν,
1023 1763 1122 1834 τὴν
1153 1763 1288 1816 πᾶσι
1318 1761 1380 1812 τὸ
1409 1756 1550 1813 εἶναι
1574 1757 1772 1812 δοῦσαν
1791 1757 1900 1810 τῶν

331 1859 499 1913 ὄντων
547 1853 1020 1926 κατευμεγεθῆσαί
1063 1869 1153 1918 τι;
1197 1850 1366 1920 Δῆλον
1401 1849 1512 1919 γὰρ
1547 1849 1630 1902 ὅτι
1663 1849 1712 1901 εί
1743 1846 1902 1901 τοῦτο

332 1949 505 2021 ταύτῃ
533 1943 1033 2018 συμϐέϐηκεν,ούδὲ
1057 1943 1148 1995 τὸν
1171 1935 1232 1996 οὗ
1254 1943 1370 1994 ἐστι
1395 1938 1569 1992 ταῦτα
1593 1936 1702 1992 τῶν
1729 1935 1904 1990 τοιού-

335 2055 445 2092 των
493 2033 963 2108 κατηγορημάτων
1018 2032 1370 2104 ὲξωθήσουσι.
1419 2029 1546 2093 Πῶς
1609 2029 1719 2098 γὰρ
1773 2029 1904 2090 Θεὸς

337 2129 730 2200 παντοκράτωρ
757 2124 978 2188 δυνατός
1000 2140 1059 2176 τε
1094 2123 1190 2176 καὶ
1212 2121 1430 2192 ἰσχυρὸς
1455 2123 1484 2174 ὁ
1509 2119 1700 2190 Πατὴρ
1720 2119 1803 2172 ἔτι
1825 2119 1906 2170 λέ·

337 2237 510 2289 γοιτο,
541 2220 641 2290 τῆς
678 2219 814 2280 ἰδίας
853 2217 1042 2284 ὥσπερ
1072 2212 1423 2287 ἀφῃρημένος
1456 2210 1763 2281 δυνάμεως,
1811 2207 1907 2263 καὶ

340 2314 445 2370 ὑπὸ
481 2316 640 2386 χεῖρα
667 2314 773 2366 τῶν
807 2312 956 2381 σφῶν
993 2309 1202 2382 ἐχθρῶν
1249 2309 1653 2381 γεγενημένοςς
1705 2308 1818 2370 πῶς
1849 2306 1908 2360 δὲ

340 2406 438 2460 καὶ
477 2407 614 2468 ὅλως
655 2402 1096 2475 παρακεχώρηκε
1132 2403 1231 2473 τὴν
1257 2399 1338 2472 τῷ
1367 2401 1481 2471 ἰδίῳ
1506 2400 1674 2454 αὐτοῦ
1714 2399 1908 2469 αἵματι

341 2497 712 2568 ἁρμοσθεῖσαν
748 2495 899 2565 αὐτῷ
919 2491 1244 2563 Ἐκκλησίαν
1275 2495 1384 2556 τοῖς
1408 2491 1622 2563 ἀγρίοις
1647 2491 1790 2544 οὕτω
1815 2491 1910 2546 καί

343 2589 782 2658 ἀφιλοικτίρμοσι
841 2585 1314 2654 καταδουλωθῆναι
1352 2583 1666 2652 πνεύμασις
1717 2582 1912 2636 Καίτοι

343 2678 440 2732 τοῦ
477 2678 858 2748 Ὕμνογράφου
886 2675 1132 2745 λέγοντος
1152 2691 1166 2706 ο
1206 2674 1364 2728 ("Ott
1397 2673 1539 2727 κατά
1562 2671 1622 2724 τὸ
1653 2669 1788 2740 ὕψος
1819 2671 1912 2726 τοῦ

345 2767 578 2838 ούρανοῦ
623 2767 734 2820 ἀπὸ
773 2766 876 2836 τῆς
917 2767 1020 2835 γῆς
1062 2763 1400 2836 ἔκραταίωσε
1443 2763 1647 2834 Κύριος
1681 2762 1742 2816 τὺ
1767 2762 1915 2825 ἔλεος

348 2855 515 2910 αὐτοῦ
561 2856 655 2910 ἐπὶ
703 2855 841 2918 τοὺς
873 2854 1238 2924 φοϐουμένους
1286 2854 1470 2908 αὐτόν.
1501 2873 1520 2906 ι
1573 2855 1637 2908 El
1673 2855 1784 2926 γὰρ
1822 2855 1916 2908 ἐπὶ

348 2944 508 3000 τοῦτο
541 2946 900 3018 σεσάρκωται,
925 2943 1065 2998 ὥστε
1087 2944 1188 3012 τῆς
1213 2943 1416 2996 τούτων
1437 2945 1584 3014 ἡμᾶς
1608 2944 1915 3010 ἀπαλλάξαι

1989 495 2418 566 blasphemiam!
2453 493 2736 560 Quomodo
2772 492 2939 554 enim,
2970 489 3060 546 ubi
3113 489 3363 545 Christus
3390 499 3554 560 caput

1987 597 2042 644 et
2101 584 2516 642 fundamentum
2557 594 2660 649 est,
2719 582 3017 640 secundum
3085 580 3550 650 sapientissimum

1985 676 2220 733 Paulum
2249 677 2316 740 ¹⁶,
2356 675 2462 732 hoc
2506 673 2622 728 ﬂeri
2653 672 2886 742 poterit?
2913 669 3166 724 Fraudati
3201 683 3328 724 vere
3364 683 3556 724 sumus

1991 782 2086 839 spe
2117 781 2218 822 nos
2240 763 2542 821 Christiani
2574 781 2588 818 :
2631 764 2840 832 decepti
2879 776 3072 818 sumus
3109 759 3272 814 etiam
3297 760 3558 829 praedica-

1993 871 2168 914 torum
2189 857 2437 916 vocibus.
2463 855 2556 926 qui
2599 855 2763 910 etiam
2793 853 2964 908 Deum
2997 852 3156 907 nobis
3183 867 3215 906 a
3262 849 3557 907 demonia-

1991 962 2113 1002 rum
2174 943 2563 1016 superstitione
2625 956 2730 996 nos
2778 940 3134 995 liberaturum
3187 939 3242 992 in
3294 936 3556 992 mundum

1991 1037 2210 1093 venisse
2246 1034 2703 1104 praedicaverunt.
2736 1029 3020 1098 Quomodo
3057 1027 3220 1083 etiam
3271 1029 3375 1084 hoc
3411 1027 3560 1096 peni-

1993 1137 2084 1182 tus
2105 1127 2289 1182 dicere
2324 1124 2654 1196 potuerunt?
2697 1122 2832 1178 Nam
2859 1122 3335 1188 interregaverunt
3373 1118 3440 1194 [f.
3479 1119 3563 1174 in-

1995 1216 2358 1291 terrogemus]
2395 1233 2490 1274 eos
2521 1216 2615 1285 qui
2648 1215 2731 1270 sic
2765 1215 3003 1285 sapiunt,
3047 1226 3226 1268 utrum
3253 1213 3358 1268 hoc
3387 1211 3563 1281 capite

1995 1320 2184 1364 nostro
2211 1309 2558 1378 permittente
2585 1305 2790 1362 factum
2815 1305 2908 1368 sit,
2942 1319 3010 1358 an
3039 1303 3177 1358 forte
3207 1304 3418 1357 volente
3443 1303 3564 1372 qui-

1996 1401 2118 1455 dem
2173 1413 2244 1454 ne
2289 1398 2462 1462 ﬁeret,
2512 1413 2622 1452 non
2678 1397 2889 1452 valente
2939 1401 3115 1450 tamen
3175 1393 3428 1448 auviliari
3463 1408 3479 1446 :
3511 1401 3565 1447 et

1997 1491 2272 1560 quomodo
2300 1489 2699 1560 subsequentur
2735 1489 2838 1542 hoc
2881 1502 2988 1542 non
3021 1488 3092 1541 sit
3123 1487 3288 1540 totius
3311 1483 3565 1552 blasphe-

1999 1581 2142 1636 mite.
2191 1581 2248 1635 Si
2275 1583 2420 1634 enim
2447 1593 2612 1634 verax
2647 1590 2732 1635 est
2759 1578 3160 1633 sacratissimus
3190 1575 3414 1637 Paulus,
3438 1578 3564 1628 dum

1999 1673 2278 1728 Christum
2311 1671 2508 1726 Filium
2546 1671 2663 1736 Dei,
2703 1669 2956 1724 virtutem
3005 1675 3060 1722 et
3105 1667 3198 1720 Dei
3247 1665 3564 1735 sapientiam

2001 1766 2253 1818 nominat
2275 1763 2340 1827 ",
2372 1762 2672 1832 quomodo,
2694 1774 2904 1830 quaeso,
2931 1758 3102 1814 valuit
3127 1757 3304 1812 Patris
3338 1755 3570 1824 inexpu-

2003 1855 2271 1924 gnabilem
2301 1854 2553 1908 virtutem
2579 1859 2633 1906 et
2651 1849 2996 1920 sapientiam,
3027 1863 3146 1918 qua:
3169 1845 3426 1902 omnibus
3447 1860 3569 1902 esse

2005 1945 2218 2011 tribuit,
2254 1945 2554 2015 quidquam
2608 1957 2796 1998 eorum
2847 1955 2970 2011 quae
3017 1948 3147 1995 sunt
3194 1939 3568 2008 exsuperare?

2005 2036 2358 2106 Perspicuum
2392 2036 2538 2090 enim
2587 2043 2690 2100 est,
2721 2035 2850 2104 quia
2879 2033 2924 2088 si
2972 2032 3116 2088 istud
3167 2032 3297 2086 huic
3344 2029 3566 2090 accidit,

2005 2135 2104 2175 nec
2131 2121 2182 2174 id
2214 2121 2359 2190 quod
2403 2129 2512 2175 rion
2542 2132 2624 2176 est
2670 2121 2806 2185 haec,
2835 2135 2866 2175 a
2898 2119 3095 2176 talibus
3125 2119 3568 2176 accusationibus

2005 2211 2229 2281 pellent.
2259 2210 2548 2278 Quomodo
2572 2211 2718 2266 enim
2744 2209 2890 2268 Deus
2914 2211 3281 2280 omnipotens.
3311 2219 3500 2280 potens
3517 2218 3575 2266 et

2009 2300 2166 2358 fortis
2195 2301 2354 2358 Pater
2378 2303 2557 2358 adhuc
2587 2301 2820 2367 dicatur,
2853 2305 2899 2359 si
2925 2319 3047 2373 quas
3073 2317 3173 2360 sua
3204 2303 3417 2358 sublata
3445 2314 3576 2358 sunt

2009 2391 2228 2460 virtute,
2258 2392 2477 2448 subdita
2503 2392 2742 2447 inimicis
2765 2402 2893 2448 sunt
2917 2393 3105 2448 ell'ecta
3123 2394 3146 2447 2
3167 2391 3262 2447 Vel
3286 2407 3396 2463 quo
3419 2399 3577 2464 pacto

2011 2483 2183 2540 Filius
2221 2485 2450 2542 indulsit
2499 2486 2554 2541 in
2596 2484 2917 2547 Ecclesiam,
2973 2497 3136 2554 quam
3176 2483 3400 2553 proprio
3452 2497 3580 2538 san-

2013 2577 2178 2646 guine
2208 2590 2308 2632 suo
2359 2576 2464 2638 sibi
2497 2576 2866 2647 desponsavit,
2913 2576 3244 2631 immanibus
3295 2575 3474 2628 taliter
3525 2584 3580 2628 et

2015 2666 2541 2722 immisericordibus
2569 2682 2762 2721 rursus
2789 2665 3068 2720 deservire
3093 2665 3414 2735 spiritibus?
3439 2679 3578 2734 prir-

2015 2755 2204 2812 sertim
2227 2771 2352 2812 cum
2383 2755 2839 2829 Hymnographus
2859 2759 3045 2811 dicat:
3075 2775 3094 2808 ι
3117 2755 3254 2822 Quia
3277 2761 3579 2812 secundum

2016 2848 2358 2904 altitudinem
2397 2850 2522 2904 cmli
2564 2867 2595 2904 a
2628 2859 2766 2903 terra
2811 2847 3155 2904 conﬁrmavit
3187 2845 3452 2901 Dominus
3481 2847 3582 2900 mi-

2018 2942 2370 2996 sericordiam
2397 2958 2552 2997 suam
2577 2957 2740 3012 super
2769 2944 3024 2998 timentes
3051 2957 3177 2998 eum
3202 2941 3264 2994 “.
3298 2959 3317 2991 ι
3347 2937 3404 2994 Si
3435 2941 3582 2995 enim

351 3039 552 3112 χειρὸς,
594 3037 736 3092 κατά
766 3037 865 3100 τὰς
898 3035 1242 3108 προφητικάς
1289 3037 1762 3107 πρωναρῤήσεις·
1809 3037 1914 3090 ἀπ-

2021 3037 2075 3091 in
2107 3038 2211 3092 hoc
2245 3043 2559 3093 lncarnatus
2589 3045 2693 3103 est,
2720 3049 2781 3092 ut
2806 3039 2873 3092 de
2900 3051 3092 3093 eorum
3119 3051 3220 3092 nos
3251 3051 3417 3090 manu
3453 3035 3586 3090 libe-

353 3127 671 3200 ηλλάγμεθα
699 3127 775 3193 δὲ,
810 3125 885 3190 ὤς
917 3142 1071 3195 φασι,
1095 3125 1231 3196 πρὸς
1257 3123 1462 3196 βραχύ·
1489 3124 1574 3188 τις
1611 3123 1796 3194 δνησις
1821 3126 1920 3195 τῆς

265 3219 268 3222 ’
354 3221 490 3292 πρὸς
539 3219 750 3291 βραχὺ,
795 3220 896 3272 οὐκ
933 3217 1099 3288 οὔσης
1155 3216 1276 3288 μὲν,
1321 3215 1583 3285 δοκούσης
1619 3217 1677 3270 δὲ
1706 3215 1920 3270 ἐλευθε-

357 3313 510 3385 ρίας;
537 3311 612 3364 υύ
643 3311 750 3382 γάρ
777 3327 858 3363 τοι
879 3309 1074 3380 χαρᾶς,
1097 3307 1242 3361 ’ἀλλά
1272 3306 1516 3368 πλείονος
1536 3307 1630 3359 καὶ
1662 3307 1918 3376 δυσχερεο

357 3401 552 3469 στέρας
575 3399 820 3462 δουλείας
849 3399 1108 3470 πρόξενον
1129 3399 1261 3467 ἡμῖν
1283 3397 1499 3464 γέγονε,
1515 3393 1769 3449 τοσοῦτον
1795 3397 1922 3456 τοὺς

355 3492 478 3546 καθ’
517 3490 674 3560 ἡμῶν
721 3489 948 3559 ἐχθροὺς
997 3486 1365 3558 ἀγριωτέρους
1423 3484 1918 3556 παρασκευάσασα,

357 3585 480 3636 ὅσον
506 3581 734 3642 ἐκείνοις
763 3581 926 3648 ἡμεῖς
953 3577 1355 3644 ἀπαλλαγέντες
1395 3575 1620 3646 ᾠόμεθα
1648 3589 1923 3642 κατεκαγ-

363 3671 618 3740 χάζομεν.
645 3669 758 3722 Ποῦ
787 3669 853 3738 δὴ
871 3664 965 3722 οὖν
985 3671 1047 3720 τὺ
1075 3668 1320 3736 διηνεκὲς
1340 3665 1504 3720 αὐτοῦ
1533 3666 1679 3728 ἕλεος
1708 3664 1788 3718 ἔτι
1816 3663 1921 3716 σώ-

363 3760 506 3823 ζοιτο
527 3758 616 3823 ἂν,
640 3759 778 3828 ὅπερ
802 3758 943 3812 κατά
963 3757 1026 3810 τὸ
1042 3757 1151 3810 ἀπὸ
1170 3756 1270 3823 τῆς
1294 3755 1394 3825 γῆς
1419 3754 1558 3825 πρὸς
1589 3753 1650 3806 τὺ
1671 3751 1924 3822 οὐράνιον

363 3849 496 3918 ὕψος
513 3849 804 3920 διάμετρον
831 3849 1169 3918 κραταιῶσαι
1192 3847 1278 3916 ἐφ’
1301 3847 1447 3917 ἡμᾶς
1480 3845 1866 3915 ἐπηγγείλατο,
1895 3843 1925 3898 ὃ

359 3942 512 4012 δηλοῖ
534 3941 595 3994 τὸ
621 3941 1031 4012 ἀπεριόριστονς
1061 3938 1178 4002 πῶς
1197 3937 1254 3991 δὲ
1275 3938 1370 3990 καὶ
1394 3937 1494 4000 τὰς
1519 3936 1747 4007 ἀνομίας
1768 3935 1926 4007 ἡμῶν

363 4030 506 4085 κατὰ
531 4031 593 4084 τὸ
611 4027 713 4101 τῆς
743 4029 1008 4098 ἀνατολῆς
1029 4028 1122 4082 ἐπὶ
1145 4027 1207 4081 τὸ
1223 4027 1436 4081 δυτικὸν
1463 4027 1634 4096 κλίμα
1655 4026 1929 4096 διάστημα

363 4121 458 4192 ἀφ’
486 4121 642 4193 ἡμῶν
672 4121 946 4192 νακρύναι
971 4119 1210 4187 λέγεται,
1232 4118 1368 4190 ὅπερ
1399 4117 1501 4188 τὴν
1524 4117 1763 4188 παντελῆ
1792 4117 1928 4170 ἀπο-

363 4212 631 4285 λύτρωσιν
657 4211 935 4284 σημαίνει,
960 4213 1009 4264 el
1035 4209 1116 4264 ἔτι
1150 4209 1438 4273 τοσαύταις
1466 4209 1761 4280 ὲνεχόμεθα
1790 4209 1928 4262 πλά-

367 4321 513 4370 ναις;
535 4304 644 4357 Καὶ
655 4303 784 4372 γοῦν
809 4304 1026 4372 ὁρῶμεν
1042 4303 1168 4365 τοὺς
1189 4302 1296 4354 τῶν
1321 4301 1519 4372 ίατρῶν
1537 4301 1926 4371 ἐπιστήμονας,

365 4395 415 4448 οἳ
443 4393 663 4448 ὲπειδάν
696 4410 820 4447 τινα
853 4393 962 4446 τῶν
1002 4391 1243 4456 ἀσθενῶς
1278 4391 1342 4445 τὸ
1375 4393 1534 4462 σῶμα
1573 4393 1929 4463 διακειμένων

364 4487 478 4548 τοῖς
519 4488 587 4538 ἐκ
636 4485 735 4556 τῆς
783 4485 976 4556 τέχνης
1023 4484 1389 4555 ἀκριϐασμοῖς
1431 4483 1811 4556 ὲπαμύναντες
1848 4487 1928 4548 είς

368 4577 559 4648 ὑγείαν
593 4577 966 4644 ὲπανάξωσιν,
994 4576 1093 4646 οὐχ
1119 4577 1264 4639 ὅπως
1295 4577 1394 4646 μὲν
1416 4575 1580 4630 αὑτὸν
1607 4577 1701 4630 τοῦ
1731 4576 1933 4646 παρόν-

368 4685 458 4733 τος
475 4669 826 4735 ἀπαλλάξωσι
866 4666 1094 4734 πάθους,
1128 4667 1227 4737 τὴν
1259 4667 1466 4721 ἑαυτῶν
1493 4667 1810 4738 εἰσφέρουσι
1839 4685 1931 4720 τε-

369 4762 559 4830 χνικὴν
603 4760 918 4832 ἐμπειρίαν,
963 4759 1099 4814 ἀλλά
1131 4775 1211 4826 .γε
1259 4758 1357 4811 καὶ
1395 4756 1492 4830 τὴν
1522 4757 1652 4826 ἑξῆς
1691 4757 1782 4811 τοῦ
1815 4757 1930 4828 βίου

371 4850 618 4919 περίοδον
639 4849 1052 4920 ἀσφαλεστέραν
1077 4849 1224 4920 αὐτῷ
1254 4848 1344 4902 διά
1371 4864 1534 4902 τινων
1564 4847 1934 4919 προφυλακτι-

371 4941 484 4995 κῶν
534 4939 893 5011 βοηθημάτων
933 4939 1442 5010 πραγματεύονται·
1478 4937 1554 5002 ὡς
1594 4938 1662 4992 ἂν
1696 4939 1771 5009 μὴ
1821 4941 1935 5002 τοῖς

371 5031 554 5092 αὐτοῖς
590 5036 751 5100 τυχὸν
797 5029 858 5094 ἐξ
900 5030 1156 5100 ἀπειρίας
1206 5029 1456 5099 ὁχληροῖς
1511 5028 1673 5084 πάλιν
1719 5047 1936 5084 συνενε-

370 5121 550 5191 χθείη.
583 5121 646 5174 El
672 5121 730 5173 δὲ
761 5119 824 5192 δὴ
868 5121 1030 5174 πάλιν
1058 5119 1256 5189 ἀληθές
1285 5121 1455 5184 ἐστιν,
1484 5119 1673 5191 ὥσπερ
1705 5121 1800 5174 οὖν
1842 5121 1936 5174 καὶ

370 5209 658 5272 δέδεικται,
681 5211 762 5263 ὅτι
789 5210 885 5279 τὴν
909 5212 1183 5282 ἡμετέραν
1203 5214 1232 5267 ὁ
1255 5211 1548 5280 μονογενὴς
1569 5211 1664 5264 τοῦ
1684 5212 1820 5265 Θεοῦ
1841 5211 1936 5265 καὶ

374 5298 586 5367 Πατρδς
617 5300 745 5364 Υἱὸς
771 5301 1046 5371 πεφόρεκε
1081 5301 1263 5370 φύσιν,
1288 5301 1448 5372 δῆλον
1473 5302 1555 5354 ὅτι
1591 5301 1698 5356 τῶν
1721 5302 1936 5356 οἰκείων

371 5389 542 5458 αὐτὴν
569 5389 944 5460 πεπλούτηκεν
964 5392 1202 5460 ἀγαθῶν,
1227 5394 1323 5446 καὶ
1354 5391 1464 5446 τῶν
1491 5393 1585 5446 τοῦ
1619 5393 1938 5466 Πνεύματος

371 5477 665 5562 ὲξῃρέτων
707 5480 970 5553 ἐνέπλησε
1023 5482 1348 5554 θησαυρῶνο
1391 5483 1468 5546 ὡς
1501 5485 1698 5555 μηκέτι
1729 5485 1938 5555 ταύτην

371 5571 452 5632 είς
511 5569 572 5624 τὸ
621 5569 744 5642 ἑξῆς
793 5571 1053 5642 δευτέρας
1111 5573 1414 5628 ἐπιδέεσθαι
1469 5591 1615 5640 τινος
1661 5577 1932 5648 βοηθείας,

449 5703 493 5734 ³⁸
526 5700 546 5754 1
579 5702 704 5758 Cor.
733 5722 814 5768 tu,
859 5707 944 5760 ΙΙ.

739 5797 1006 5858 ΡΑτιιοιι.
1041 5799 1156 5858 Gn.
1204 5801 1470 5861 XCVIII.

2023 3137 2168 3182 raret
2195 3128 2493 3183 secundum
2521 3129 2868 3198 propheticus
2893 3128 3299 3198 prolocutiones
3330 3145 3343 3181 :
3369 3127 3586 3181 liberati

2018 3228 2199 3272 autem
2237 3233 2450 3280 sumus.
2485 3227 2544 3273 ut
2583 3219 2760 3285 aiunt,
2791 3219 2858 3274 ad
2909 3219 3182 3274 modicum
3235 3237 3248 3273 :
3309 3234 3418 3272 non
3461 3219 3584 3286 fuit,

2021 3311 2112 3364 scd
2145 3319 2329 3378 putata
2357 3318 2461 3365 est.
2490 3308 2606 3365 Non
2650 3311 2796 3364 enim
2826 3309 2989 3380 gladii
3017 3306 3271 3383 [gaudii],
3293 3309 3386 3365 sed
3415 3310 3588 3364 abun—

2021 3401 2288 3454 dantioris
2313 3409 2368 3454 et
2397 3399 2718 3456 dilIicilioris
2765 3400 3046 3455 servitutis
3093 3400 3248 3455 nobis
3294 3398 3472 3454 factus
3505 3410 3590 3455 est

2021 3502 2210 3552 causa,
2235 3497 2388 3542 tanto
2413 3488 2668 3544 inimicos
2684 3501 2905 3546 nostros
2929 3490 3223 3547 ferociores
3245 3501 3588 3559 construens,

2023 3585 2230 3646 quanto
2279 3579 2402 3634 illos
2438 3595 2538 3634 nos
2567 3581 2804 3645 liberati,
2840 3589 2900 3634 ut
2947 3583 3257 3651 opinamur,
3291 3583 3584 3640 irrisimus.

2029 3671 2130 3725 Ubi
2189 3679 2366 3726 autem
2440 3673 2701 3727 continua
2773 3671 3144 3727 misericordia
3211 3685 3589 3738 conservatur,

2023 3777 2186 3830 quam
2211 3763 2515 3816 secundum
2547 3763 2891 3818 altitudinem
2931 3764 3210 3820 celestem
3245 3778 3276 3818 a
3310 3775 3453 3819 terra
3485 3766 3590 3819 im-

2026 3867 2214 3908 mensa
2246 3850 2618 3924 [immensam]
2663 3867 2828 3922 super
2865 3867 2966 3908 nos
2994 3853 3348 3909 conﬁrmasse
3393 3869 3452 3910 se
3503 3871 3590 3911 re-

2028 3945 2298 4011 promisit,
2352 3945 2496 4014 quod
2547 3943 2752 4000 indicat
2805 3945 3116 4000 inﬁnitum?
3171 3945 3262 4000 Vel
3317 3949 3591 4018 quomodo

2029 4034 2345 4104 iniquitates
2375 4044 2592 4092 nostras
2617 4037 2902 4106 elongasse
2927 4051 2957 4090 a
2993 4036 3150 4091 nobis
3175 4037 3396 4102 dicitur,
3419 4055 3593 4108 quan-

2029 4133 2144 4178 tum
2175 4125 2342 4180 distat
2388 4125 2458 4181 ab
2497 4126 2706 4191 oriente
2750 4141 2919 4194 usque
2960 4127 3026 4180 ad
3061 4127 3449 4182 occidentalem
3483 4131 3594 4198 pla-

2029 4231 2174 4286 gam,
2203 4218 2348 4288 quod
2396 4218 2764 4272 omnimodatn
2819 4219 3239 4288 redemptionem
3295 4220 3492 4290 signat,
3547 4223 3592 4277 si

2033 4307 2213 4362 adhuc
2241 4307 2447 4362 eisdem
2491 4307 2834 4378 implicantur
2861 4307 3184 4364 erroribus?
3214 4308 3279 4363 Et
3317 4318 3464 4365 certe
3513 4313 3596 4364 vi-

2032 4399 2228 4454 demus
2257 4398 2589 4453 medicorum
2638 4399 3022 4468 peritissimos,
3053 4413 3176 4454 cum
3225 4400 3460 4470 aliquem
3507 4402 3595 4455 in-

2034 4487 2195 4545 ﬁrmo
2226 4504 2456 4560 corpore
2497 4490 2769 4559 jacentem
2803 4490 2938 4546 artis
2969 4506 3082 4545 suae
3115 4491 3409 4560 diligentiis
3438 4493 3594 4563 adju-

2034 4580 2308 4646 verintyet
2332 4581 2398 4634 ad
2429 4583 2715 4637 sanitatem
2743 4581 3079 4646 reduxerim,
3117 4597 3224 4636 non
3255 4597 3376 4636 cum
3407 4597 3532 4636 mox
3563 4601 3591 4637 a

2033 4673 2286 4740 praesenti
2336 4673 2680 4728 liberaverint
2745 4675 3043 4744 passione,
3095 4673 3416 4728 subtrahere
3464 4677 3596 4731 artis

2032 4764 2447 4833 experientiam,
2471 4765 2564 4820 sed
2583 4774 2728 4821 certe
2751 4764 2820 4837 [f.
2847 4775 3006 4820 certae
3031 4763 3228 4837 llum]
3254 4769 3374 4820 vitae
3397 4768 3597 4823 circui-

2033 4865 2148 4908 tum
2176 4857 2474 4911 cautiorem
2509 4859 2556 4911 ei
2612 4872 2706 4927 per
2734 4857 2979 4926 quaedam
3012 4857 3212 4910 auxilia
3247 4860 3594 4928 praununire,

2033 4944 2267 4998 valentia
2293 4945 2586 5000 sollicitum
2613 4947 2826 5014 operari
2871 4963 2886 4998 :
2931 4955 3202 5016 quatenus
3244 4962 3350 5002 non
3382 4949 3594 5004 eisdem

2035 5031 2174 5086 forte
2207 5048 2302 5102 per
2347 5033 2667 5102 imperitiam
2713 5033 2910 5088 iterum
2945 5036 3208 5091 molestiis
3235 5039 3598 5106 opprimatur.

2036 5120 2131 5175 Ast
2154 5137 2346 5179 rursus
2368 5123 2412 5176 si
2443 5136 2625 5176 verum
2653 5130 2772 5186 est,_
2787 5122 3241 5190 quemadmodum
3273 5132 3324 5178 et
3349 5137 3601 5192 compro-

2037 5211 2224 5266 batum
2259 5217 2380 5276 est,
2418 5211 2546 5281 quia
2577 5223 2816 5266 nostram
2847 5212 3160 5283 unigenitus
3191 5211 3284 5266 Dei
3324 5223 3379 5267 et
3425 5213 3602 5267 Patris

2035 5299 2208 5358 Filius
2239 5303 2416 5359 induit
2448 5301 2696 5358 naturam
2725 5321 2739 5358 :
2767 5302 3118 5360 manifestum
3148 5311 3252 5368 est,
3297 5305 3442 5373 quod
3476 5319 3600 5373 pro-

2036 5395 2172 5465 priis
2195 5411 2313 5449 eam
2335 5395 2492 5450 bonis
2509 5395 2780 5463 ditaverit,
2803 5405 2854 5450 et
2870 5395 3160 5466 praecipuis
3178 5394 3413 5464 Spiritus
3438 5397 3598 5452 donis

2037 5491 2340 5560 repleverit,
2383 5505 2450 5544 ne
2469 5489 2536 5544 de
2556 5498 2753 5546 cratere
2771 5493 2952 5547 saeculi
2981 5489 3250 5564 [secundi]
3273 5492 3597 5562 cujusquam

2039 5587 2218 5648 egeret
2249 5577 2471 5641 auxilio,
2500 5580 2667 5634 semel
2699 5579 2767 5634 ah
2789 5593 2854 5635 eo
2878 5579 3073 5635 robore
3099 5580 3191 5648 qui
3219 5583 3358 5636 hanc
3387 5596 3600 5637 assum-

1045 5707 1132 5760 ¹⁶Ι
1172 5707 1301 5764 Cor.
1336 5725 1374 5771 ι,
1414 5709 1506 5763 24.
1589 5711 1630 5742 ⁸⁸
1663 5711 1810 5768 Psal.
1834 5731 1930 5782 cn,
1973 5718 2056 5773 ΙΙ.

3164 5809 3239 5867 1ιὲ
