4038 6274
357 251 493 321 1325
1551 242 1804 309 SERMO
1843 239 1952 300 LA]

1998 233 2402 298 DATORIUS.
3359 225 3374 238 ⁹
3452 215 3591 282 1226

347 366 542 422 ἄσυλον
569 362 905 428 διασώσασα,
935 358 1052 432 ἦτοι
1097 358 1192 428 τὴν
1228 354 1472 410 δοθεῖσαν
1512 355 1597 408 ἐπ’
1626 351 1794 420 αὐτὴν
1823 349 1918 400 τοῦ

2023 355 2104 398 est
2138 343 2204 406 ¹⁹,
2231 341 2436 398 Christi
2473 339 2660 411 sponsi
2695 339 2778 395 sui
2815 337 3032 393 arrham
3069 334 3432 390 inviolabilem
3481 349 3590 389 ser-

349 456 664 527 Πνεύματος
693 454 871 525 χάριν.
890 422 901 428 ⁷
927 422 1216 521 ’έοιγάρτοι
1247 449 1340 503 καὶ
1369 450 1397 502 ὁ
1432 447 1574 511 θεῖος
1601 445 1764 500 Δαόὶδ
1795 444 1921 498 πολ-

2023 447 2178 498 vans,
2209 432 2261 484 id
2295 439 2397 494 est,
2441 429 2627 484 datam
2676 429 2729 482 in
2767 443 2826 483 se
2865 425 3098 496 Spiritus
3126 423 3381 495 gratiam.
3425 422 3593 490 Cujus

347 547 468 608 λαῖς
495 515 784 615 ’πρότερον
825 515 1046 610 γενεαῖς
1085 515 1146 596 τὸ
1193 542 1330 612 πρὸς
1374 539 1474 610 τὴν
1512 538 1695 592 πίστιν
1749 533 1922 604 αὐτῆς

2021 524 2097 578 rei
2125 523 2298 594 gratia
2335 533 2390 578 et
2420 521 2639 577 divinus
2695 519 2862 574 David
2915 516 3104 572 multis
3135 515 3286 584 prius
3341 515 3595 586 gentibus

350 603 976 706 éﬁpctiov'dvaimpzizcrtov
1003 603 1190 700 ἔλεγεν
1215 603 1249 661 ’⁵
1267 650 1286 681 ι
1312 603 1377 682 Ὅ
1403 603 1536 692 όεὺς
1564 629 1621 681 ἐν
1646 627 1794 696 μέσῳ
1821 603 1920 678 αὖ-

2022 615 2458 669 immobilitatem
2497 613 2610 666 ﬁeri
2655 608 2826 682 [lidei]
2867 609 2937 663 ab
2981 609 3070 662 illa
3115 604 3372 663 exhibita:
3405 603 3599 676 praedi-

351 699 469 794 της,
499 725 592 777 καὶ
605 723 668 776 ού
703 699 1132 792 σαλευθήσεταιδ
1163 741 1180 772 ι
1210 721 1304 775 καὶ
1333 717 1496 774 πάλιν
1515 735 1529 748 ·
1561 715 1924 786 «Ἐστερέωσε

2023 721 2157 759 cans
2187 702 2464 763 asserebat
2499 721 2512 756 :
2543 721 2562 753 ‹
2596 701 2738 756 Deus
2772 701 2824 754 in
2859 700 3039 754 medio
3065 699 3187 768 ejus
3217 713 3326 752 non
3363 711 3602 753 commo-

351 789 448 882 την
473 811 802 882 οἰκουμένην
833 789 954 882 ἥτις
976 811 1038 864 ού
1058 810 1451 880 σαλευθήσεται
1471 823 1484 838 ·
1510 827 1528 860 ι
1555 802 1673 870 ταῖς
1707 815 1926 858 σατανι-

2023 793 2277 858 vehitur;
2310 793 2511 846 etenim
2560 790 2636 863 [et
2665 789 2885 863 iterum]
2921 789 3161 846 ﬁrmavit
3204 789 3390 844 orbem
3423 796 3598 850 teme,

354 873 476 968 κάῖς
500 873 1218 972 δηλονότίπολιορκουμένη
1249 873 1537 970 μηχαναῖς.
1575 897 1674 949 Ἂν
1705 895 1814 965 γάρ
1843 911 1928 946 τι-

2027 885 2118 955 'qui
2167 901 2276 940 non
2319 887 2751 967 comm0vehitur
2801 873 2884 952 '6;
2929 903 2948 936 ι
3007 873 3295 939 diabolicis
3352 881 3606 938 videlicrt

354 1011 445 1058 νες
468 993 530 1046 τὸ
563 992 852 1062 στερέωμα
881 991 976 1044 τοῦ
1008 989 1090 1054 είς
1126 980 1297 1062 αὑτὴν
1327 987 1664 1050 διαδοθέντος
1699 985 1929 1052 εὐαγγε-

2027 979 2378 1046 impugnatus
2408 974 2878 1030 machinamentis.
2902 972 3040 1030 Nam
3068 975 3168 1030 etsi
3199 975 3603 1029 firmamentum

357 1085 512 1138 λικοῦ
543 1083 904 1156 κηρύγματος
925 1082 1032 1136 τῶν
1065 1081 1232 1135 πάλαι
1281 1080 1314 1151 ἢ
1342 1077 1454 1133 τῶν
1491 1076 1588 1133 νῦν
1634 1073 1929 1144 αἱρετικῶν

2029 1067 2356 1138 evangelicae
2387 1067 2786 1136 praedicationis
2809 1081 2934 1136 quae
2960 1066 3013 1120 iu
3047 1081 3166 1120 eam
3195 1067 3320 1120 data
3347 1073 3454 1130 est,
3491 1063 3607 1132 qui-

357 1177 684 1229 κατασεῖσαι
715 1172 1096 1244 τεθελήκασιν,
1127 1169 1360 1232 ἐκείνοις
1405 1169 1504 1240 μὲν
1545 1168 1607 1222 τὸ
1635 1164 1930 1238 μελετηθέν

2030 1157 2158 1213 dam
2189 1156 2540 1226 antiquorum
2577 1157 2660 1210 vel
2705 1157 3028 1212 instantium
3063 1157 3446 1211 haereticorum
3485 1168 3609 1208 con-

359 1268 441 1330 εἰς
470 1265 630 1336 ἔργον
659 1263 950 1334 ἐκϐέϐηκε.

2033 1251 2220 1304 eutere
2250 1249 2562 1314 voluerunt,
2617 1245 2724 1304 illis
2755 1258 2936 1304 tamen
2968 1248 3116 1324 quod
3173 1246 3416 1302 meditati
3457 1254 3607 1307 sunt,

2031 1341 2086 1394 in
2123 1355 2262 1410 opus
2291 1349 2605 1409 reputatum
2641 1337 2746 1394 est.

430 1440 620 1513 Ταύτῃ
656 1434 712 1492 δὲ
750 1440 884 1510 μόνῃ
931 1436 994 1492 τὸ
1041 1434 1336 1492 ἀσάλευτον
1385 1433 1464 1500 είς
1493 1433 1666 1489 αἰῶνα
1699 1424 1934 1502 τετήρη-

2105 1431 2244 1487 Huic
2293 1438 2478 1486 autem
2527 1430 2627 1486 soli
2681 1431 3038 1488 immobilitas
3083 1431 3137 1486 in
3179 1441 3441 1486 aeternum
3491 1447 3608 1488 ser-

360 1549 474 1596 ται,
517 1532 661 1584 κατὰ
699 1528 800 1600 τὴν
845 1529 1052 1598 ἀψευδῆ
1102 1527 1197 1581 τοῦ
1239 1527 1514 1598 φήσαντος
1549 1517 1893 1591 ’ἐπαγγελίαν
1916 1537 1931 1550 ³

2055 1532 2181 1578 rata
2219 1531 2304 1577 est
2330 1521 2479 1592 ju‘xta
2509 1516 2994 1591 repromissionem
3022 1520 3170 1574 illius
3195 1523 3286 1590 qui
3317 1537 3425 1576 non
3454 1538 3611 1577 men--

371 1639 391 1671 ε
425 1620 492 1676 Εί
522 1619 838 1688 ἐπιλήσεται
873 1619 1011 1688 γυνὴ
1041 1615 1134 1670 τοῦ
1167 1615 1378 1668 παιδίου
1407 1613 1596 1683 αὐτῆς,
1631 1612 1666 1682 ἢ
1713 1607 1808 1664 τοῦ
1861 1609 1936 1682 μὴ

2040 1615 2196 1681 titur,
2233 1615 2466 1669 dicens:
2506 1629 2526 1662 ι
2566 1610 2624 1666 Si
2666 1610 2835 1666 oblita
2868 1608 3033 1666 fuerit
3071 1611 3270 1666 mulier
3305 1615 3457 1681 pueri
3501 1614 3608 1677 sui,

365 1708 586 1779 ἐλεῆσαι
611 1685 681 1760 τά
700 1685 898 1774 ἔκγονα
923 1685 1023 1776 τῆς
1051 1703 1258 1766 κοιλίας
1283 1704 1486 1772 αὐτῆς;
1523 1701 1588 1756 El
1611 1700 1669 1754 δὲ
1693 1700 1790 1753 καὶ
1819 1699 1940 1752 ὲπι-

2044 1714 2104 1768 u_t
2141 1718 2250 1759 non
2282 1703 2613 1759 misereatur
2647 1699 2852 1756 sobolis
2895 1701 3104 1758 ventris
3140 1703 3269 1757 sui?
3303 1707 3450 1773 quod
3483 1699 3531 1760 si
3559 1715 3613 1760 et

366 1799 590 1870 λήσεται
619 1797 792 1852 ταῦτα
827 1798 986 1866 γυνὴ,
1015 1795 1132 1850 ἀλλ’
1159 1795 1272 1865 ἐγὼ
1307 1795 1407 1848 οὐκ
1447 1789 1778 1863 ἐπιλήσομαί
1817 1807 1938 1854 σου,

2040 1796 2210 1852 oblita
2239 1793 2405 1850 fuerit
2440 1793 2606 1864 hujus
2631 1791 2852 1853 mulier,
2893 1793 2988 1847 sed
3029 1807 3131 1863 ego
3171 1808 3282 1848 nou
3317 1795 3615 1850 obliviscar

363 1889 510 1958 λέγει
536 1887 760 1960 Κύριοςι
797 1907 816 1940 ι
868 1887 1156 1950 Ἐάσαντες
1190 1883 1478 1954 τοιγαροῦν
1513 1883 1612 1946 τὰς
1646 1885 1704 1935 ὲν
1729 1880 1941 1944 τούτοις

2043 1886 2144 1953 tui,
2177 1884 2313 1940 dicit
2347 1884 2616 1938 Dominus
2638 1885 2705 1937 ἰ.
2739 1901 2758 1934 ι
2795 1881 3049 1938 Dimissis
3078 1884 3262 1955 itaque
3289 1900 3610 1942 sermonum

295 1957 299 1964 Ι
367 1981 546 2034 αὐτῶν
569 1957 679 2032 τῶν
709 1979 884 2048 λόγων
920 1978 1180 2049 στροφὰς,
1211 1978 1307 2032 καὶ
1337 1975 1524 2048 μακρὰ
1557 1974 1678 2037 ταῖς
1705 1973 1890 2044 φλυαρι

2041 1985 2233 2034 eorum
2285 1973 2640 2040 tortionibus,
2694 1973 2898 2045 quibus
2943 1975 2997 2029 in
3043 1975 3128 2032 his
3172 1977 3256 2032 usi
3293 1985 3444 2043 sunt,
3489 1989 3545 2033 ct
3583 1993 3613 2032 a

373 2071 634 2142 μοσύναις
682 2069 860 2124 αὐτῶν
904 2071 1117 2141 χαίρειν
1163 2069 1428 2130 εἰπόντες,
1459 2067 1580 2129 ταῖς
1629 2064 1739 2118 τῶν
1772 2060 1944 2132 ἁγίων

2043 2069 2205 2136 longe
2276 2065 2512 2137 garrulis
2579 2065 3134 2123 sermocinationibus
3205 2069 3451 2138 ipsorum
3518 2085 3617 2126 ave

369 2163 632 2234 Πατέρων
664 2162 1228 2232 ὰνθυπονοστήσωμεν
1261 2159 1459 2225 δόξαις.
1495 2157 1628 2212 Θεὸν
1655 2153 1946 2225 τοιγαροῦν

2043 2158 2226 2223 dicto,
2293 2166 2608 2212 sanctorum
2661 2154 2884 2210 Patrum
2937 2158 3154 2228 saporis
3177 2162 3222 2192 ²¹¹
3276 2161 3615 2216 delectemur

370 2255 611 2318 ἅπαντες
632 2255 692 2307 ὲν
710 2252 1025 2324 ἀνθρωπεία
1047 2253 1228 2322 μορφῇ
1256 2249 1334 2320 τῷ
1363 2248 1462 2320 βίῳ
1485 2244 1942 2318 ὲπιδεδημηκὸτα,

2044 2249 2422 2321 Opinionibus.
2468 2247 2634 2302 Deum
2678 2247 2844 2319 igitur
2883 2263 3071 2304 omnes
3103 2251 3261 2307 nobis
3291 2252 3344 2306 in
3376 2251 3613 2308 humana

369 2345 470 2416 τῆς
492 2345 602 2398 τῶν
627 2345 863 2398 εἰδώλων
900 2343 1244 2412 πολυτρόπου
1283 2340 1496 2409 πλάνης
1539 2338 1686 2408 ἡμᾶς
1717 2331 1947 2404 ἠλευθε-

2047 2339 2222 2395 forma
2253 2339 2306 2394 in
2335 2341 2598 2394 mundum
2628 2339 2930 2410 profectum
2961 2355 2991 2394 a
3024 2341 3346 2396 multimodo
3372 2357 3474 2398 nos
3495 2343 3616 2398 ido-

375 2437 609 2508 ρωκέναι
648 2435 980 2506 δεδείχασιν·
1023 2433 1196 2497 οὕτως
1239 2434 1296 2487 αἱ
1327 2430 1664 2502 προφητικαὶ
1707 2441 1945 2499 προαγο-

2046 2431 2226 2487 lorum
2285 2445 2472 2486 errore
2519 2428 2780 2486 liberasse
2820 2441 3307 2490 monstraverunt:
3348 2435 3428 2490 sic
3487 2450 3616 2505 pro-

375 2525 591 2596 ρεύσεις
641 2525 1048 2588 τεθεσπίκασιν,
1101 2521 1276 2584 οὕτως
1323 2523 1358 2593 ἠ
1403 2517 1738 2589 ἀποστολικὴ
1788 2518 1948 2588 χάρις

2051 2525 2286 2595 pheticae
2335 2523 2750 2594 prolocutiones
2795 2525 3313 2594 promulgaverunt,
3363 2527 3446 2582 sic
3483 2542 3615 2597 apo-

376 2618 670 2689 ὲτράνωσε.
697 2615 916 2685 Ταύτην
947 2617 1111 2686 ἡμεῖς
1142 2613 1240 2684 τὴν
1259 2610 1608 2666 διδασκαλίαν
1629 2610 1730 2662 οὐκ
1747 2609 1806 2661 ὲν
1825 2620 1948 2660 πει-

2053 2616 2251 2670 stolica
2280 2615 2454 2686 gratia
2490 2614 2826 2684 explanavit.
2862 2613 2976 2670 Hac
3010 2630 3112 2669 nos
3140 2616 3388 2671 doctrina
3417 2631 3524 2671 non
3563 2615 3616 2671 in

376 2709 489 2773 θοίς
531 2708 724 2776 σοφίας
766 2706 1113 2776 ἀνθρωπίνης
1156 2705 1368 2774 λόγοις,
1411 2702 1526 2758 ἀλλ’
1587 2704 1645 2756 ὲν
1683 2701 1950 2763 διδακτοῖς

2051 2707 2512 2778 persuasibilibus
2565 2707 2816 2762 humanae
2857 2709 3135 2778 sapientia:
3175 2708 3372 2771 verbis,
3423 2708 3517 2764 sed
3564 2710 3619 2764 in

378 2800 718 2870 Πνεύματος,
745 2799 820 2863 ὡς
841 2799 1172 2871 γέγραπται,
1227 2795 1658 2866 ἐϐεϐαιώθημεν.
1709 2795 1785 2847 Οὐ
1841 2793 1951 2863 γάρ

2051 2801 2370 2855 ostensione
2409 2799 2666 2869 Spiritus,
2705 2800 2848 2855 sicut
2881 2800 3140 2870 scriptum
3176 2809 3277 2865 est,
3334 2799 3617 2856 certiﬂcati

377 2891 526 2961 ἡμᾶς
556 2891 612 2943 αἱ
651 2891 759 2944 τῶν
783 2891 957 2958 λόγων
987 2889 1253 2960 κομψεῖαι
1290 2886 1465 2950 οὕτως
1505 2886 1650 2956 ἔχειν
1683 2883 1952 2938 πεπείκα-

2054 2901 2265 2945 sumus.
2317 2889 2436 2944 Non
2473 2891 2618 2943 enim
2677 2905 2782 2944 nos
2819 2904 3135 2958 sermonum
3197 2889 3482 2946 suasiones
3539 2889 3619 2945 sic

383 2997 468 3035 σιν
491 2996 508 3012 υ
546 2981 817 3052 Ἑλλήνων
845 2981 955 3052 γὰρ
982 2981 1140 3034 τοῦτο
1159 2995 1172 3010 ⁸
1209 2978 1326 3033 ἀλλ’
1351 2979 1385 3046 ἡ
1407 2975 1516 3029 τῶν
1550 2974 1951 3046 συμπερασμά-
1976 3047 1978 3053 ι

2054 2982 2254 3036 habere
2309 2980 2588 3046 fecerunt;
2655 2990 2989 3053 paganorum
3030 2982 3174 3035 enim
3217 2993 3301 3036 est
3355 2983 3490 3050 hoc;
3525 2984 3615 3038 sed

523 3033 705 3124 αῦτιῦν
745 3033 994 3141 ἀληθεία.
1028 3033 1153 3124 ιιρῦ
1183 3069 1292 3141 γὰρ
1321 3033 1401 3122 ἔτι
1431 3068 1494 3122 τὸ
1523 3033 1634 3120 τῶν
1655 3033 1950 3138 δαιμονίων

2055 3074 2295 3144 ipsarum
2346 3085 2527 3128 rerum
2591 3089 2712 3142 quae
2755 3069 3088 3128 conﬁrmata:
3149 3071 3619 3150 [consummatae]

379 3159 626 3232 ὀλέθριον
655 3159 875 3229 στίφοςς
909 3158 1013 3212 ποῦ
1057 3160 1114 3212 αί
1155 3157 1390 3212 διάκενοι
1429 3159 1536 3238 καὶ.
1563 3155 1818 3227 βδελυραλ⁵
1843 3154 1952 3208 τῶν

2057 3175 2207 3230 Sunt,
2244 3163 2469 3219 veritas.
2523 3164 2654 3217 Nam
2691 3164 2782 3218 ubi
2833 3171 2916 3218 est
2962 3163 3275 3234 perniciosa
3318 3163 3619 3220 daemonio-

383 3244 619 3307 εἰδώλων
641 3252 890 3319 τελεταί;
925 3251 1028 3306 ποῦ
1056 3252 1112 3305 αί
1136 3249 1244 3304 τῶν
1268 3249 1636 3321 ψευδωνύμων
1662 3247 1801 3302 θεῶν
1829 3249 1952 3301 ἐπι-

2058 3269 2178 3311 rum
2209 3255 2395 3311 acies?
2417 3257 2503 3310 ubi
2535 3257 2728 3310 inanes
2757 3263 2814 3310 et
2839 3255 3188 3311 exsecranda!
3221 3255 3487 3310 idolorum
3518 3257 3621 3310 im-

386 3343 614 3414 σφαλείς
642 3344 736 3398 καὶ
768 3343 1100 3415 ψυχοφθόροι
1139 3347 1418 3412 μαντεῖαις
1455 3341 1556 3394 ποῦ
1598 3343 1655 3393 αί
1701 3340 1954 3410 βακχεῖαι

2060 3349 2384 3402 molationes
2407 3347 2432 3398 ἲ
2464 3347 2553 3398 ubi
2593 3345 2712 3400 falsi
2762 3345 3000 3400 nominis
3034 3346 3259 3400 deorum
3299 3345 3623 3416 deceptoriaa

382 3435 482 3504 τῆς
523 3436 862 3506 Ἀφροδίτης,
893 3435 989 3488 καὶ
1032 3435 1101 3490 τὰ
1147 3434 1309 3504 ὄργια
1357 3434 1458 3500 τῆς
1511 3431 1956 3501 Δημήτρας,’κα“ι

2059 3438 2476 3504 animarumque
2529 3437 3336 3506 corruptricesdivinationes?
3391 3433 3490 3495 Ubi
3527 3441 3623 3495 de-

384 3529 484 3595 τῆς
515 3526 832 3596 Ἀρτέμιδος
868 3525 922 3578 αἱ
957 3523 1288 3588 ξενοκτονίαι
1313 3539 1328 3586 ;
1363 3521 1468 3574 ποῦ
1494 3521 1550 3573 αί
1581 3519 1674 3572 τοῦ
1700 3515 1954 3571 Διονύσου

2060 3525 2450 3580 bacchationes
2494 3521 2745 3591 Veneris,
2795 3536 2845 3579 et
2901 3541 3058 3579 sacra
3094 3529 3352 3598 mysteria
3403 3528 3623 3585 Cereris

387 3615 696 3686 παράφοροι
742 3615 948 3685 ἑορταὶ,
987 3614 1124 3684 μετὰ
1165 3615 1265 3682 τῆς
1293 3613 1536 3680 ἀθέσμου
1569 3608 1955 3679 ἁνδρομανίας,

2062 3625 2224 3683 atque
2269 3615 2452 3669 Dianae
2501 3615 2888 3684 liospitiridia?
2921 3613 3022 3670 Ubi
3059 3615 3302 3688 Dionysii
3332 3615 3457 3689 [pro
3495 3619 3626 3676 Dio-

387 3705 482 3758 καὶ
504 3707 538 3776 ἠ
565 3705 658 3758 τοῦ
680 3705 970 3774 λεγομένου
1006 3704 1218 3774 Μίθρου
1251 3703 1455 3764 ἔνδικος
1488 3701 1723 3771 μύησις;
1769 3697 1872 3752 ποῦ
1902 3700 1958 3750 αἱ

2063 3704 2200 3774 mysi.
2239 3703 2462 3774 [Imm],
2495 3719 2711 3757 vesana:
2769 3699 3092 3758 festivitates
3141 3718 3265 3758 cum
3313 3705 3500 3760 illicita
3542 3710 3627 3762 vi-

389 3793 658 3862 ὑπόγειοι,
691 3795 786 3847 καὶ
812 3793 1116 3863 ὑπέργειοι,
1153 3795 1249 3846 καὶ
1282 3793 1462 3864 ἀέριοι
1487 3789 1959 3861 άνθρωποκτονίαι

2062 3809 2250 3848 rorum
2284 3795 2525 3857 vesania,
2573 3803 2627 3848 et
2669 3796 2964 3862 nuncupati
3016 3791 3224 3848 Mithrze
3257 3789 3402 3864 justa
3450 3797 3627 3852 imbu-

387 3883 498 3936 τῶν
537 3883 850 3955 λεγομένων
899 3885 1038 3939 θεῶν
1092 3885 1263 3948 οὕτως
1308 3882 1791 3955 ἐπιτερπομένων;
1839 3880 1960 3951 οὐχὶ

2066 3883 2181 3937 tio?
2227 3879 2332 3936 Ubi
2375 3883 2570 3937 subtus
2611 3890 2811 3937 terram
2857 3891 2911 3937 et
2957 3897 3122 3953 supra
3156 3891 3356 3940 terram
3403 3886 3545 3942 facta
3576 3903 3627 3942 et

389 3976 566 4031 πάντα
607 3981 672 4048 τῇ
712 3977 978 4049 ἐπιδημίᾳ
1025 3976 1117 4031 τοῦ
1152 3975 1472 4048 μονογενοῦς
1515 3973 1648 4029 Υίοῦ
1681 3972 1776 4027 τοῦ
1821 3971 1958 4027 Θεοῦ

2063 3971 2213 4024 acria
2255 3970 2552 4025 homicidia
2604 3983 2924 4026 vocatorum
2976 3973 3200 4029 deorum
3255 3973 3437 4030 taliter
3483 3978 3628 4032 dele-

385 4067 646 4130 ὧλλυντο,
675 4069 771 4122 καὶ
799 4069 952 4132 τέλος
974 4069 1084 4124 πᾶν
1109 4067 1335 4138 βέϐηλον
1361 4067 1642 4132 ὲδέξαντος
1671 4067 1788 4135 οὐχὶ
1813 4067 1881 4118 τὰ
1903 4066 1960 4116 ὲν

2063 4059 2375 4114 ctautium?
2431 4059 2622 4114 Nonne
2671 4060 2856 4114 omnia
2899 4060 3167 4132 unigeniti
3219 4057 3341 4114 Filii
3394 4061 3488 4116 Dei
3530 4064 3626 4116 atl-

389 4160 579 4216 κάλλει
606 4158 890 4231 δομήσεὼν
921 4177 1051 4213 ποτε
1081 4161 1346 4229 ἐκπεποιη
1357 4157 1492 4227 μένα
1535 4155 1715 4210 αὐτῶν
1759 4155 1958 4224 τεμένη

2070 4159 2234 4204 ventu
2267 4149 2566 4220 perierunt,
2599 4157 2652 4206 et
2685 4150 2846 4205 (luem
2880 4148 3328 4221 profanissimum
3373 4169 3629 4224 suscepe-

389 4250 487 4305 νῦν
511 4251 810 4322 ηρίπωται,
854 4252 948 4304 καὶ
982 4251 1064 4314 εἰς
1098 4249 1204 4318 γῆν
1235 4247 1656 4320 καταϐέϐληται,
1689 4247 1960 4316 αὐτοκρα-

2065 4241 2236 4294 runt‘.’
2287 4239 2480 4294 Nonne
2529 4241 2756 4310 pulchre
2803 4241 3082 4310 quondam
3137 4243 3384 4297 dedicata
3437 4259 3626 4299 corum

389 4345 629 4411 τορικοῖς
665 4340 1118 4411 παρακελεύμασι
1163 4339 1322 4394 τοῦτο
1363 4339 1546 4392 αὐτῶν
1575 4337 1957 4403 πεπονθότων;

2068 4333 2290 4402 templa,
2345 4349 2490 4388 nunc
2539 4334 2908 4402 imperatoriis
2952 4335 3084 4390 elisa
3123 4331 3302 4404 jussis
3339 4344 3394 4390 et
3427 4335 3492 4390 ad
3527 4347 3631 4389 ter-

391 4432 528 4502 Ούχὶ
553 4432 618 4484 ὲκ
645 4432 741 4502 τῆς
763 4431 1018 4485 ἁπάντων
1049 4429 1390 4502 Χριστιανῶν
1417 4428 1645 4502 καρδίας
1669 4431 1724 4482 αί
1753 4427 1956 4482 τούτων

2065 4438 2182 4478 ram
2217 4433 2492 4494 prostrata
2525 4425 2692 4480 sunt?
2723 4424 2916 4479 Nonne
2962 4427 3240 4482 memoriae
3282 4427 3524 4496 ipsorum
3563 4429 3630 4482 ah

395 4523 580 4592 μνεϊαι
607 4521 1070 4592 ὲξηιρανίσθησαν,
1087 4520 1182 4574 καὶ
1205 4519 1266 4574 τὸ
1289 4522 1389 4590 τῆς
1413 4519 1748 4591 προφητείας
1773 4517 1958 4581 αὐτοῖς

2067 4515 2316 4570 omnium
2349 4517 2516 4571 corde
2554 4515 2996 4572 Christianorum
3027 4519 3438 4589 disparuerunt,
3481 4530 3532 4575 et
3569 4523 3631 4575 il-

395 4611 686 4680 πράγμασι
713 4611 1098 4680 περατωμὲνον
1119 4612 1334 4682 ὁρᾶται,
1369 4610 1428 4663 τὸ
1461 4629 1482 4662 ι
1509 4610 1786 4681 Ἐπλήσθη
1811 4611 1959 4664 πᾶσα

2069 4609 2160 4663 lud
2193 4609 2494 4678 prophetia:
2527 4609 2664 4678 ipsis
2698 4612 2860 4664 rebus
2906 4609 3110 4666 factum
3139 4612 3426 4682 aspicitur,
3479 4615 3631 4668 vide-

395 4699 428 4768 ἠ
459 4700 531 4767 γῆ
560 4698 654 4752 τοῦ
677 4699 880 4766 γνῶναι
899 4701 990 4753 τὸν
1017 4699 1243 4770 Κύριον,
1273 4702 1348 4763 ὡς
1379 4699 1521 4772 ὕδωρ
1552 4700 1686 4754 πολὺ
1720 4715 1961 4753 κατακα-

2067 4701 2198 4755 licet.
2230 4719 2243 4756 :
2288 4720 2306 4752 ι
2345 4700 2568 4770 Replcta
2611 4711 2693 4756 est
2743 4710 2885 4756 terra
2919 4704 3284 4773 cognoscendi
3319 4703 3627 4768 Dominum,

395 4788 598 4844 λύπτον
643 4789 956 4854 θαλάσσας;
1000 4808 1020 4842 ι
1087 4791 1561 4861 Προσκυνήσωμεν
1629 4791 1808 4843 τοίνυν
1867 4791 1960 4843 τὸν

2070 4791 2227 4861 quasi
2275 4806 2416 4859 aqua
2468 4792 2638 4844 multa
2685 4808 2804 4860 quae
2847 4793 3022 4862 operit
3064 4809 3216 4848 mare
3237 4793 3326 4846 "i
3361 4813 3379 4845 ι
3425 4795 3621 4851 Adore-

395 4877 730 4945 ἐπιφανέντα
763 4878 988 4950 Κύριον,
1023 4881 1118 4934 καὶ
1148 4880 1249 4949 τῆς
1277 4880 1478 4934 τούτων
1505 4883 1650 4950 ἡμᾶς
1689 4879 1964 4952 λελυτρω-

2071 4895 2195 4936 mus
2231 4881 2400 4952 igitur
2435 4880 2726 4935 Dominum
2759 4885 2851 4952 qui
2902 4884 3173 4954 apparuit,
3209 4894 3264 4938 et
3295 4885 3366 4939 ab
3396 4885 3498 4940 hoc
3529 4902 3629 4942 nos

397 4967 533 5022 κάτα
589 4969 944 5039 παγχαλέπου
992 4969 1223 5040 πλάνης.
1281 4971 1646 5042 Ὑμνήσωμεν
1697 4971 1863 5028 αὐτοῦ
1905 4973 1966 5026 τὸ

2067 4973 2370 5026 saevissimo
2433 4972 2688 5026 liberavit
2745 4988 2952 5028 errore.
3037 4975 3311 5045 Hymnum
3383 4977 3631 5034 dicamus

396 5059 780 5130 ἁπεριόριστον
812 5060 912 5130 τῆς
945 5060 1356 5132 φιλανθρωπίας
1379 5077 1391 5089 ·
1423 5060 1752 5133 κηρύξωμεν
1790 5065 1848 5116 ὲν
1885 5062 1966 5132 τῷ

2068 5063 2242 5133 ipsius
2273 5063 2498 5118 inﬁnitae
2529 5063 2944 5129 misericordiae,
2977 5063 3340 5135 praediccmus
3375 5065 3631 5128 Ecclesiae

395 5151 496 5219 τῆς
511 5147 1123 5218 ὴμετέραςἘκκλησίας
1140 5149 1462 5220 ὑψηλοτάτῳ
1477 5151 1595 5221 δρει
1611 5137 1710 5221 τῆν
1731 5153 1967 5224 φρικτὴν

2068 5162 2270 5208 nostrae
2311 5154 2582 5208 altissimo
2629 5157 2802 5210 monti
2853 5157 3168 5214 horribilem
3211 5167 3264 5214 et
3310 5160 3631 5216 ineﬂ'ahilem

395 5241 491 5294 καὶ
524 5241 904 5311 ἀνέκφραστον
932 5241 1099 5295 αὑτοῦ
1129 5241 1231 5310 τῆς
1273 5242 1584 5312 οἰκονομίας
1617 5247 1966 5311 συγκαταϐα-

2067 5243 2498 5314 dispensationis
2549 5243 2670 5314 ejus
2727 5246 3158 5304 condescensum
3227 5248 3629 5324 [consensum].

395 5345 481 5383 σιν
501 5329 853 5400 ἰὑψὼσωμεν
889 5331 990 5394 τὰς
1019 5331 1202 5412 φωνὰς
1241 5334 1298 5384 ἐν
1329 5333 1496 5402 ίσχΰι,
1529 5335 1622 5388 καὶ
1657 5335 1732 5408 μὴ
1765 5336 1966 5406 φεισὼ-

2067 5335 2384 5392 Exaltemus
2433 5351 2596 5392 voces
2634 5337 2687 5392 in
2728 5337 3084 5407 fortitudine,
3125 5353 3180 5395 et
3227 5358 3295 5396 nc
3345 5358 3633 5410 parcarum

278 5495 293 5500 _
397 5417 538 5488 μεθα
568 5418 668 5490 τὴν
701 5419 1177 5489 μεγαλοπρέπειαν
1219 5423 1315 5492 τῆς
1344 5422 1504 5494 δόξης
1541 5422 1730 5489 αὐτοῦ,
1760 5428 1873 5496 δηλι

2077 5428 2538 5500 magniﬁcentiam
2585 5429 2888 5498 majestatis
2938 5430 3054 5498 ejus
3103 5431 3627 5503 incomprehensibi-

469 5573 510 5610 ¹⁶
537 5570 580 5628 ll
611 5571 738 5626 Cor.
770 5591 844 5641 ιιι,
867 5583 922 5630 '2.
1018 5577 1063 5608 ’θ
1089 5575 1238 5655 Ρεειι.
1280 5563 1406 5641 xcv,
1463 5577 1532 5642 6;
1581 5581 1860 5655 xcv,__itl._
1896 5582 1939 5612 ²¹
1971 5581 2075 5655 lsa.
2123 5597 2270 5646 χιιι,
2305 5582 2391 5636 15.
2468 5583 2512 5612 η
2545 5581 2585 5650 f.
2614 5581 2840 5655 sapidis.
2869 5580 3023 5655 V.A_c._
3051 5579 3189 5652 Jolyi
3243 5584 3382 5655 nihil
3438 5593 3636 5655 mutat,

396 5653 575 5700 ncuue
636 5658 762 5698 vero
829 5658 1054 5702 necesse
1087 5645 1189 5700 fuit
1235 5663 1359 5700 cum
1405 5665 1627 5714 impurus
1667 5650 1930 5718 adjective
1954 5653 2173 5705 dicatur
2201 5668 2310 5706 non
2341 5665 2500 5706 secus
2540 5645 2604 5704 ac
2632 5645 2852 5719 rapidis.
2929 5653 2974 5682 "
3010 5651 3111 5706 lsa.
3141 5645 3225 5718 ἰιι,
3259 5653 3310 5708 9.
