4038 6274
513 292 645 359 1327

509 401 641 470 lem,
693 401 905 459 scilicet
956 399 1224 458 affectum
1277 416 1437 473 quem
1485 417 1613 474 erga
1667 417 1770 460 nos
1819 401 2088 467 exhibuit,
2117 410 2165 466 Α

513 501 861 550 enarrantes.
920 491 1174 549 Dicamus
1230 492 1298 548 ad
1351 507 1476 548 eum
1522 503 1579 548 et
1632 507 1732 549 nos
1781 507 1906 546 cum
1957 507 2088 563 pro-

514 585 682 654 pheta
719 601 734 640 :
776 605 795 637 ι
833 583 968 652 Quis
999 584 1146 641 Deus
1175 584 1320 642 sicut
1349 589 1428 654 tu;
1456 583 1714 640 auferens
1747 584 2085 654 iniquitates,

515 684 571 730 et
603 675 886 731 occultans
916 684 1142 746 peccata
1178 676 1416 732 residuis
1446 675 1783 730 haereditatis
1816 673 2025 730 tua"?
2063 692 2083 727 ι

515 765 784 822 Praeterea
841 767 1045 823 choros
1103 767 1373 824 ducamus
1433 783 1556 822 cum
1609 767 1867 839 praesenti
1931 781 2090 824 sacro

515 857 870 922 commercio,
909 871 1010 912 ave
1038 857 1114 911 illi
1143 857 1288 912 aﬂ‘ati
1322 867 1578 928 tanquam
1631 858 1812 929 gaudii
1844 858 2087 914 bravinm

515 947 836 1002 tribuentes.
860 945 1048 1002 Gaude
1080 947 1267 1018 igitur,
1319 947 1754 1002 sacratissimum
1798 949 2086 1018 collegium

514 1039 685 1094 divini
738 1053 804 1094 ac
848 1038 1050 1093 sacrati
1099 1048 1422 1093 conventus.
1455 1036 1721 1102 Gaudete,
1773 1049 2089 1093 sanctorum

513 1129 736 1186 Patrum
791 1129 1132 1185 sanctissimi
1203 1137 1662 1199 propugnatores.
1721 1117 1934 1192 Gaude,
1972 1129 2092 1184 sine

516 1222 804 1276 mendacio
834 1220 1206 1290 congregatio,
1242 1220 1295 1274 in
1327 1219 1488 1290 cujus
1522 1219 1700 1274 medio
1730 1217 1874 1275 Dens
1912 1219 2091 1274 inam-

516 1313 684 1378 bulat,
720 1313 862 1367 sicut
891 1312 1156 1382 scriptum
1193 1320 1276 1366 est
1301 1313 1370 1364 ".
1401 1310 1611 1376 Gaude,
1653 1311 1948 1366 concilium
1981 1311 2094 1382 spi-

517 1406 662 1460 ritali
693 1405 1034 1475 apparitione
1059 1401 1320 1458 refertum
1360 1421 1372 1456 :
1405 1418 1468 1458 ex
1495 1417 1602 1472 qua
1635 1402 1726 1472 qui
1762 1402 2090 1464 illustratur,

516 1513 626 1552 non
662 1495 900 1551 offendet
933 1495 1000 1551 ad
1045 1494 1276 1566 lapidem
1327 1495 1594 1550 haeretica.
1644 1492 1902 1565 falsaeque
1935 1494 2088 1549 locu-

519 1589 690 1644 tionis
736 1588 1013 1658 spiritales
1057 1586 1255 1641 animae
1303 1585 1486 1656 pedes.
1521 1585 1732 1653 Gaude,
1781 1587 2094 1656 speculator

520 1681 831 1736 divinarum
877 1678 1330 1750 indagationum;
1382 1692 1545 1747 quem
1587 1677 1682 1746 qui
1730 1679 1973 1733 modeste
2003 1695 2092 1733 se-

515 1771 727 1840 quitur,
761 1787 790 1824 a
818 1771 1106 1826 minitante
1125 1768 1442 1838 rhomphaaa
1472 1769 1702 1822 eruitur.
1731 1768 1942 1835 Gaude,
1962 1785 2101 1826 sem-
2129 1751 2173 1812 Β

516 1877 614 1933 per
647 1861 839 1915 lloride
871 1859 1148 1930 paradise,
1185 1860 1240 1913 in
1279 1859 1441 1928 cujus
1493 1861 1673 1915 medio
1715 1861 1841 1916 vitae
1879 1863 2089 1932 lignum

519 1955 818 2022 plantatum
865 1962 968 2017 est,
1021 1967 1120 2021 per
1171 1951 1635 2021 quadripartitum
1678 1951 2093 2024 Evangeliorum

517 2045 731 2100 laticem
791 2058 1098 2114 aspersum.
1160 2041 1370 2108 Gaude,
1401 2057 1566 2098 aurea
1602 2043 1876 2113 ignitaque
1899 2045 2104 2100 colum-

518 2151 611 2202 na,
667 2151 868 2190 novum
937 2134 1030 2190 Dei
1084 2133 1274 2198 Israel,
1317 2134 1516 2190 lucidis
1548 2136 1862 2204 dogmatum
1891 2137 2101 2192 doctri-

519 2227 608 2282 nis
652 2227 721 2281 ab
770 2225 1094 2298 Egyptiaca
1146 2241 1355 2288 manu,
1412 2225 1464 2280 id
1521 2237 1604 2281 est
1657 2225 2092 2283 haeretizantium

519 2331 708 2372 errore
743 2317 1020 2380 liberans,
1055 2325 1108 2372 et
1157 2317 1223 2372 ad
1277 2327 1480 2372 terram
1515 2317 1959 2388 repromissionis
1998 2317 2095 2372 Pa-

519 2416 666 2462 trum
700 2408 1026 2463 orthodoxia
1063 2409 1358 2464 deducens.
1392 2408 1666 2464 Audacter
1696 2410 1750 2464 in
1774 2411 2096 2466 ostensione

519 2501 771 2556 veritatis
805 2509 860 2555 et
889 2500 1214 2556 fiducialiter
1247 2515 1369 2571 age.
1409 2500 1670 2556 Revelata
1697 2500 1838 2557 facie
1865 2503 2092 2571 gloriam

519 2609 689 2649 sacrae
712 2605 765 2648 ct
794 2591 1078 2648 catholica:
1104 2591 1366 2648 Ecclesia:
1391 2593 1648 2662 praedica.
1679 2593 1855 2664 Supra
1888 2603 2096 2664 petram

519 2685 730 2740 stabilis
756 2685 1196 2742 conversationis
1224 2686 1511 2742 versatiles
1543 2687 1908 2756 quorumdam
1940 2703 2090 2741 tuen-

530 2786 612 2832 tcs
641 2775 914 2832 doctrinis
949 2777 1238 2832 confirma.

1519 293 1912 356 EPIPHANII
1951 295 2413 372 CATANENSIS
2454 298 2724 360 ΒΙΑοοΝ
2732 301 2758 360 Ι

2189 403 2289 475 τὴν
2339 408 2468 478 περὶ
2505 409 2653 477 ἡμᾶς
2699 406 2866 463 αὑτοῦ
2918 407 3305 481 ἀκατάληπτον
3357 411 3744 484 ἐκδιηγούμενοι

2194 497 2454 567 στοργήν.
2490 498 2752 570 Εἴπωμεν
2809 499 2948 569 μετὰ
2997 500 3090 553 τοῦ
3116 503 3428 572 ,προφήτου
3475 505 3567 558 καὶ
3611 507 3747 576 ἡμεῖς

2193 584 2330 656 πρὸς
2359 585 2522 640 αὐτόν
2539 603 2552 618 ·
2586 605 2606 639 τ
2639 587 2736 652 Τίς
2761 587 2894 652 Θεδς
2917 585 3112 666 ὥσπερ
3139 589 3224 654 σὺ,
3252 588 3496 662 ἐξαιρῶν
3520 594 3745 663 ἀνομίας,

2194 674 2288 728 καὶ
2313 675 2682 747 ἀποκρύπτων
2707 677 2984 748 ἁμαρτίας
3007 679 3119 741 τοῖς
3143 679 3499 742 καταλοίποις
3527 681 3620 750 τῆς
3647 680 3749 753 κληο

2195 764 2454 833 ρονομίας
2485 783 2580 819 σου
2607 784 2622 832 ;
2663 785 2680 818 ι
2715 767 3178 838 Συγχορεύσωμεν
3207 769 3261 822 δὲ
3293 770 3394 823 καὶ
3422 773 3492 841 τῇ
3525 765 3763 845 παρούση¹

2197 854 2544 926 ίερᾷπανηγύ
2555 873 2659 927 ρει,
2677 856 2758 922 τὸ,
2779 858 2972 927 Χαῖρε,
2987 858 3124 928 αὐτῇ
3143 858 3666 929 προσφθεγγόμενοι,
3687 863 3749 924 ὡς

2193 946 2292 1016 τῆς
2323 947 2500 1017 χαρᾶς
2544 947 2962 1020 βραδευτὴριον.
2999 950 3228 1020 Χαίροις
3272 950 3484 1016 τοίνυν,
3525 944 3571 1004 ὦ
3616 954 3749 1016 ἱερώ-

2195 1055 2325 1092 τατε
2358 1038 2585 1109 σύλλογε
2618 1039 2769 1104 θείας
2801 1041 2896 1095 καὶ
2934 1042 3214 1112 ἱερατικῆς
3252 1043 3606 1114 ὁμηγύρεως.
3633 1043 3749 1096 Χαί-

2197 1145 2334 1200 ροις,
2363 1129 2540 1198 ἁγίων
2579 1129 2842 1200 Πατέρων
2897 1131 3166 1199 ἁγιώτατε
3202 1133 3483 1200 πρόμαχε.
3531 1132 3747 1203 Χαίροις,

2195 1217 2332 1272 Θεοῦ
2383 1219 2784 1288 ἀψευδέστατον
2835 1221 3131 1293 ἄθροισμα,
3172 1223 3231 1274 ὲν
3257 1215 3306 1290 ᾧ
3358 1222 3492 1286 Θεὸς
3533 1225 3590 1275 ἐν
3625 1223 3751 1294 μέσῳ

2197 1309 2566 1380 περιπολεύει,
2592 1311 2668 1374 ὡς
2683 1312 3018 1383 γέγραπται.
3041 1314 3291 1385 Χαίροις,
3324 1316 3519 1385 χορεία
3543 1331 3752 1383 πνευμαο

2197 1401 2356 1470 τικῆς
2385 1401 2672 1473 δᾳδουχίας
2713 1403 2976 1470 ἀνάπλεε,
3005 1403 3066 1468 ἐξ
3105 1399 3174 1476 ἦς
3213 1405 3241 1456 ό
3281 1403 3752 1474 καταλαμπόμενος

2197 1493 2258 1546 οὐ
2285 1493 2585 1563 προσκόψει
2611 1493 2746 1562 πρὸς
2767 1494 2914 1547 λίθον
2946 1495 3233 1566 αίρετικῆς
3257 1493 3626 1565 ψευδοδοξίας,
3647 1496 3752 1558 τοὺς

2197 1584 2422 1652 νοητοὺς
2466 1583 2568 1654 τῆς
2616 1583 2796 1654 ψυχῆς
2840 1587 3025 1650 πόδας.
3055 1586 3307 1658 Χαίροις,
3358 1587 3389 1639 ὁ
3426 1587 3621 1650 σκοπὶς
3661 1587 3753 1640 τῶν

2198 1677 2358 1731 θείων
2398 1674 2704 1746 δηλώσεων,
2743 1671 2790 1746 ᾧ
2832 1679 2860 1731 ό
2901 1679 3190 1750 εὐρύθμως
3229 1679 3504 1749 ἑπόμενος
3548 1677 3643 1747 τῆς
3665 1680 3751 1732 ἀπ-

2200 1769 2452 1840 ειλούσης
2491 1769 2767 1840 ῥομφαίας
2801 1770 3078 1842 ὲκρύεται.
3103 1771 3361 1841 Χαίροις,
3395 1769 3751 1824 ἁειθαλέστατε

2201 1863 2520 1932 παράδεισε,
2547 1866 2605 1917 ὲν
2636 1859 2681 1932 ᾧ
2717 1863 2818 1931 τῆς
2854 1860 3003 1934 ζωῆς
3037 1867 3094 1919 ὲν
3125 1865 3282 1936 μέσῳ
3319 1865 3385 1920 τὸ
3413 1864 3571 1932 ξύλον
3603 1863 3750 1932 πεφύ-

2198 1971 2405 2019 τευται,
2433 1953 2522 2008 διὰ
2545 1956 2644 2024 τῆς
2663 1955 3034 2028 τετραστόμου
3071 1955 3180 2009 τῶν
3195 1953 3553 2025 Εἰιαγγελίων
3579 1953 3752 2016 νοτίδος

2199 2043 2579 2114 ἀρδευόμενον.
2615 2043 2866 2116 Χαίροις,
2910 2043 3385 2115 χριστοπύρσευτε
3427 2042 3604 2106 στύλε,
3635 2042 3752 2097 ότὺν

2200 2136 2318 2188 νέον
2353 2135 2447 2188 τοῦ
2477 2135 2616 2189 Θεοῦ
2659 2135 2877 2206 Ἰσραὴλ
2913 2138 3032 2198 ταῖς
3063 2137 3383 2205 φωτοφαέσι
3426 2136 3536 2189 τῶν
3573 2133 3750 2202 δογμά-

2199 2244 2306 2280 των
2325 2226 2701 2291 διδασκαλίαις
2721 2227 2820 2296 τῆς
2839 2227 3222 2298 Αἰγυπτιακῆς
3236 2227 3427 2298 χειρὸς
3443 2227 3749 2295 ἀπαλλάξας,

2198 2316 2298 2385 τῆς
2326 2315 2437 2369 τῶν
2465 2315 2855 2386 αίρετιζόντων
2884 2315 3365 2386 περιπλανήσεως,
3399 2319 3494 2369 καὶ
3520 2317 3648 2387 πρὸς
3669 2317 3752 2387 τὴν

2199 2405 2308 2474 γῆν
2334 2407 2432 2476 τῆς
2461 2405 2793 2472 ἐπαγγελίας
2822 2407 2888 2477 τῇ
2918 2404 3026 2459 τῶν
3055 2406 3319 2476 Πατέρων
3347 2405 3622 2478 ὀρθοδοξίςι
3643 2407 3753 2459 καθ.

2200 2497 2499 2566 οδηγὴσας.
2533 2496 2825 2567 Εύτόλμως
2855 2497 2949 2550 ἐπὶ
2977 2499 3042 2566 τῇ
3078 2496 3348 2562 ἀναδείξει
3384 2499 3484 2568 τῆς
3525 2496 3750 2567 ἀληθείας

2205 2589 2674 2661 παρῤησιάσθητι.
2747 2589 3281 2659 Ἀνακεκαλυμμένῳ
3349 2589 3626 2660 προσώπῳ
3672 2589 3753 2659 τὴν

2199 2683 2362 2750 δόξαν
2415 2681 2516 2752 τῆς
2575 2681 2726 2750 ἱερᾶς
2759 2681 2854 2733 καὶ
2895 2679 3191 2750 καθολικῆς
3222 2681 3556 2752 Ἐκκλησίας
3605 2679 3750 2750 κήρυ-

2220 2777 2332 2842 ξον,
2358 2775 2454 2828 ἐπὶ
2487 2773 2588 2843 τὴν
2630 2773 2836 2845 πέτραν
2862 2771 2964 2842 τῆς
3029 2773 3258 2843 στερεᾶς
3325 2773 3618 2844 ὁμολογίας
3670 2770 3754 2828 τὰς

519 2869 927 2938 εύμεταφόρους
953 2870 1062 2923 τῶν
1089 2886 1250 2923 τινων
1277 2869 1517 2934 διανοίας
1548 2872 1670 2934 ταῖς
1712 2869 2090 2935 διδασκαλίαις
2111 2868 2511 2939 ὑποστηρίζων.

590 2957 783 3027 Tuque
817 2960 1124 3028 prascipne,
1163 2975 1197 3014 ο
1239 2970 1556 3016 sanctorum
1596 2960 1818 3014 Patrum
1859 2975 2089 3016 concors
2119 2969 2162 3026 c

519 3058 575 3106 et
607 3050 980 3105 sacratissime
1027 3064 1229 3120 praeco,
1275 3059 1440 3121 atque
1474 3051 1732 3104 instantis
1774 3051 1947 3104 nostri
1984 3065 2095 3105 cte-

521 3151 609 3196 tus
657 3138 918 3202 exarche,
961 3139 1060 3208 qui
1113 3139 1406 3194 sublimem
1458 3139 1618 3193 nobis
1669 3153 1764 3208 per
1815 3137 2093 3194 Christum

521 3233 780 3286 thronum
809 3230 1071 3293 adornas,
1102 3229 1282 3300 magni
1314 3239 1369 3284 ct
1399 3229 1557 3298 primi
1590 3227 1834 3284 Pastoris
1864 3230 2096 3297 diligen-

525 3324 796 3380 tissimum
825 3321 1130 3391 speculum,
1155 3317 1392 3390 Spiritus
1425 3319 1848 3374 mundissimum
1881 3319 2096 3374 hahita-

523 3414 732 3478 culum,
767 3411 1074 3467 rectissima
1125 3410 1562 3464 orthodoxorum
1604 3409 1920 3480 dogmatum
1961 3423 2099 3479 pon-

523 3503 756 3568 deratio,
789 3501 1070 3573 politaque
1101 3501 1156 3556 in
1185 3499 1406 3556 Christo
1434 3499 1872 3556 conversationis
1900 3499 2099 3556 habitae

525 3598 736 3672 regula,
770 3595 1217 3651 nominatissima
1250 3593 1498 3657 lucerna,
1543 3603 1599 3648 et
1642 3601 1848 3662 septem
1899 3591 2098 3648 cande-

520 3691 800 3748 labrorum
830 3685 1132 3742 luminibus
1175 3694 1289 3740 tota
1321 3683 1706 3755 fulgidissima.
1734 3683 2100 3754 Resplendere

523 3783 613 3840 fac
646 3781 809 3838 nobis
839 3787 1103 3850 tanquam
1135 3791 1202 3832 ex
1239 3777 1507 3832 invisibili
1547 3777 1882 3832 candelabro
1929 3791 2099 3832 sacrae

525 3874 804 3932 cathedrae
848 3867 1393 3925 evidentissimornm
1445 3866 1736 3921 verborum
1795 3865 2098 3936 perspicui-

524 3973 688 4022 tates.
743 3959 1020 4016 Distribue
1063 3966 1247 4013 autem
1297 3964 1353 4013 et
1399 3957 1774 4012 esurientibus
1821 3956 2097 4010 vivilicum

525 4051 695 4110 divini
746 4047 1050 4122 magisterii
1104 4061 1347 4117 panem,
1400 4053 1454 4099 et
1501 4044 1649 4099 nutri
1718 4045 1978 4114 populum
2042 4045 2097 4098 in

523 4154 789 4200 extranea
847 4149 992 4196 terra
1063 4152 1261 4208 vagum
1325 4136 1584 4192 effectum
1640 4135 1885 4192 haeretici
1949 4136 2101 4192 inco-

525 4238 690 4292 latus.

595 4323 820 4380 Elllcere
865 4321 1026 4376 nobis
1059 4333 1237 4374 novus
1272 4317 1475 4383 Joseplt
1519 4314 1783 4371 frumenti
1823 4316 1998 4380 dator,
2043 4323 2096 4369 et
2128 4300 2172 4359 Ι)

525 4415 912 4487 ambiguitates
942 4411 1352 4480 scripturalium
1388 4407 1688 4476 cxplanans
1719 4407 2092 4477 aeitigmatum,

523 4511 727 4582 opimis
780 4521 880 4560 nos
919 4512 973 4559 et
1009 4501 1352 4572 spiritalibus
1393 4499 1945 4568 interpretationibus
1994 4514 2098 4553 nu-

526 4609 616 4664 tri.
652 4603 815 4659 Eleva
844 4600 1036 4656 oculos
1081 4609 1230 4664 tuos,
1278 4603 1334 4648 et
1380 4593 1503 4647 ride
1544 4607 1710 4662 super
1758 4605 1808 4648 te
1837 4592 2098 4648 collectos

529 4699 672 4754 ﬁlios
709 4705 856 4760 tuos,
897 4691 991 4762 qui
1037 4689 1290 4760 luporum
1332 4683 1827 4754 congressionibus
1865 4681 2098 4752 dispersi

526 4799 676 4849 sunt.
723 4789 952 4846 Plenum
1000 4782 1098 4838 tibi
1142 4794 1266 4836 esse
1305 4791 1470 4833 omne
1511 4773 1951 4831 sacratissimum
1993 4773 2096 4828 hoc

525 4883 711 4940 divino
737 4879 958 4935 decreto
991 4872 1253 4942 templum
1281 4867 1640 4938 conspicitur.
1685 4863 1897 4920 Crebro
1938 4877 2099 4917 men-

527 4979 600 5035 tis
636 4985 743 5032 tua:
791 4971 932 5028 saltu
982 4967 1284 5023 bestiarum
1332 4973 1653 5032 prteoccupa
1709 4957 1988 5026 impetus,
2046 4963 2101 5009 et

529 5071 632 5126 hos
684 5061 1020 5136 praeveniens
1079 5049 1350 5126 sapientia
1405 5059 1497 5129 tua
1545 5045 1796 5103 exclude.
1871 5045 2102 5116 Semper

529 5159 658 5217 ovili
692 5166 786 5210 tuo
812 5148 1261 5222 tranquillitatem
1297 5142 1554 5199 concilia.
1585 5137 1862 5194 Pramuni
1910 5145 2096 5192 autem

530 5255 639 5312 hoc
687 5243 1069 5315 frequentibus
1117 5254 1182 5294 ac
1224 5237 1366 5292 bene
1427 5232 1753 5290 sonantibus
1805 5229 1876 5285 ad
1929 5228 2098 5284 Deum

528 5341 749 5404 emissis
785 5333 1153 5395 orationibus,
1203 5337 1262 5382 ut
1294 5327 1393 5383 tibi
1438 5327 1493 5382 in
1541 5323 1948 5379 multitudinem
1997 5337 2098 5375 au-

530 5447 722 5509 geatur
781 5425 1084 5486 secundum
1136 5419 1621 5509 repromissiones‘
1665 5427 1788 5509 qua
1842 5421 1975 5509 sunt
2043 5412 2100 5509 in

529 5502 807 5586 attraham
854 5521 1030 5576 instar
1081 5521 1356 5571 astrorum
1411 5507 1628 5564 numeri
1677 5506 1851 5562 factae.
1913 5502 2102 5560 Gaude

529 5633 662 5676 vero
690 5625 745 5672 et
776 5623 857 5681 tu,
890 5605 1252 5666 Nicaeensium
1280 5600 1481 5672 inclyta
1535 5598 1687 5663 urbs,
1711 5597 1854 5652 inter
1900 5604 2102 5651 metro-

603 5732 652 5765 “
687 5727 849 5782 Miclt.
883 5737 982 5790 vn,
1013 5721 1100 5776 18.
1175 5717 1223 5748 ’⁵
1252 5713 1398 5771 Psal.
1431 5728 1481 5780 c,
1511 5711 1567 5767 2.

2266 2958 2339 3012 Σύ
2373 2973 2430 3010 τε
2462 2955 2584 3010 κατ’
2617 2954 2917 3025 ἐξαίρετον,
2951 2948 2998 3008 ὦ
3027 2955 3190 3026 ίερῶν
3229 2957 3496 3026 Πατέρων
3529 2955 3751 3025 σύστοιχε

2197 3049 2513 3120 ίεροκῆρυξ,
2541 3048 2637 3100 καὶ
2661 3046 2756 3100 τοῦ
2784 3047 3052 3117 παρόντος
3077 3047 3238 3116 ἡμῶν
3268 3047 3531 3116 συλλόγου
3556 3047 3748 3116 ἐξαρχε,

2195 3144 2224 3196 ό
2283 3141 2375 3193 τὸν
2430 3138 2724 3209 μετάρσιον
2765 3138 2896 3208 ἡμῖν
2937 3137 3025 3191 διὰ
3065 3137 3307 3207 Χριστοῦ
3345 3137 3750 3200 κατασκευάζων

2197 3231 2404 3303 θρόνον,
2435 3231 2495 3285 τὸ
2529 3229 2623 3282 τοῦ
2664 3229 2902 3300 μεγάλου
2937 3229 3035 3282 καὶ
3071 3228 3290 3300 πρώτου
3324 3229 3585 3299 Ποιμένος
3610 3230 3749 3295 ἀκρι-

2197 3324 2457 3377 ϐέστατον
2491 3321 2777 3392 ἔσοπτρον,
2808 3321 2870 3374 τὸ
2895 3320 2992 3374 τοῦ
3024 3320 3345 3390 Πνεύματος
3389 3323 3750 3392 καθαρώτατον

2196 3414 2544 3484 ἐνδιαίτημα,
2591 3415 2626 3484 ἡ
2680 3413 2949 3483 εὐθυτὰτη
2990 3412 3100 3466 τῶν
3141 3413 3445 3484 ὀρθοδόξων
3487 3411 3752 3482 δογμάτων

2198 3505 2434 3578 στάθμη,
2481 3506 2510 3558 ὁ
2555 3503 2924 3574 ἀπεξεσμένος
2968 3503 3086 3572 τῆς⁹
3113 3504 3171 3556 ὲν
3225 3503 3453 3574 Χριστῷ
3501 3501 3748 3561 πολιτείας

2197 3597 2400 3664 κανὼν,
2447 3597 2478 3650 ό
2525 3595 2874 3669 περιώνυμος
2906 3595 3000 3648 καὶ
3045 3596 3373 3666 ἑπταφώτου
3406 3595 3621 3664 λυχνίας
3643 3591 3748 3646 όλο-

2197 3689 2616 3760 λαμπρὲστατος
2637 3688 2858 3758 λύχνος·
2895 3687 3138 3758 πύρσευε
3164 3690 3196 3758 η
3207 3690 3298 3758 μίν
3327 3689 3407 3753 ὡς
3435 3688 3497 3753 ἐξ
3523 3685 3746 3740 ἀπόπτου

2197 3779 2420 3850 λυχνίας
2463 3780 2563 3850 τῆς
2609 3779 2762 3850 ίερᾶς
2799 3777 3066 3849 καθέδρας
3094 3778 3204 3832 τῶν
3233 3779 3567 3848 φανωτάτων
3595 3775 3748 3842 λόγων

2197 3871 2296 3934 τὰς
2325 3856 2630 3937 διαυγείας.
2663 3868 2971 3938 Διὰθρυπεε
3013 3867 3070 3921 δὲ
3105 3869 3198 3922 καὶ
3247 3872 3363 3932 τοῖς
3404 3867 3622 3922 πεινῶσι
3665 3864 3746 3916 τὸν

2199 3959 2575 4024 ζωτικώτατον
2603 3959 2704 4029 τῆς
2731 3958 2884 4022 θείας
2911 3958 3259 4022 διδασκαλίας
3287 3958 3455 4030 ἄρτον
3477 3977 3492 3991 ·
3527 3957 3614 4012 καὶ
3637 3955 3746 4024 θρίο

2196 4051 2300 4120 ψον
2327 4049 2455 4102 λαδν
2485 4051 2542 4102 ὲν
2573 4047 2702 4120 ξένῃ
2725 4051 2821 4120 γῇ,
2854 4049 3060 4120 ἀλήτην
3091 4051 3461 4122 γεγενημένον
3489 4049 3583 4120 τῆς
3609 4048 3745 4116 uipe-

2197 4139 2354 4210 τικῆς
2377 4138 2720 4202 ἀποικεσίας.

2267 4313 2434 4368 Γενοῦ
2459 4316 2589 4386 ἡμῖν
2619 4313 2737 4378 νέος
2782 4314 2987 4386 Ἰωσὴφ
3015 4317 3295 4387 σιτοδότης
3339 4321 3464 4382 ταῖς
3512 4315 3742 4385 ἀπορίαις

2197 4405 2306 4458 τῶν
2348 4403 2643 4476 Γραφικῶν
2688 4405 3030 4476 αἰνιγμάτων
3073 4409 3194 4472 ταῖς
3239 4407 3576 4478 εὐπορίστοις
3623 4405 3738 4458 dva-

2197 4497 2426 4566 πτύξεσι
2473 4499 2582 4552 τῶν
2622 4498 3012 4569 πνευματικῶν
3055 4499 3366 4572 ἑρμηνειῶν
3403 4500 3548 4571 ἡμᾶς
3572 4492 3740 4564 ἐκτρέ-

2197 4608 2334 4660 φων.
2361 4585 2530 4664 1'Apov
2555 4590 2740 4661 κύκλῳ
2773 4591 2902 4654 τοὺς
2937 4589 3251 4662 ὀφθαλμούς
3291 4609 3386 4646 σου
3411 4631 3426 4656 ,
3456 4591 3548 4645 καὶ
3567 4588 3638 4641 ίδε
3661 4583 3740 4638 ἐπὶ

2200 4682 2264 4736 σὲ
2291 4681 2609 4753 συνηγμένα
2646 4683 2716 4736 τὰ
2751 4681 2918 4735 τέκνα
2952 4698 3046 4734 σου
3068 4721 3084 4748 ,
3110 4681 3146 4736 ἃ
3167 4685 3289 4746 ταῖς
3328 4683 3438 4736 τῶν
3461 4682 3631 4734 λύκων
3657 4677 3742 4740 ἐφ’

2197 4773 2340 4836 όδοις
2389 4773 2776 4843 διεσκόρπιστο
2803 4788 2816 4802 ο
2853 4770 3072 4842 πλήρης
3121 4787 3206 4824 σοι
3259 4773 3368 4836 πᾶς
3403 4773 3432 4824 ό
3475 4767 3738 4840 ἱερώτατος

2197 4857 2356 4927 οὗτος
2407 4863 2502 4916 τοῦ
2545 4862 2695 4916 θείου
2755 4864 3140 4932 συντάγματος
3164 4864 3300 4930 νεὼς
3325 4865 3535 4935 ὁρᾶται.
3568 4855 3739 4924 Πυκνῷ

2201 4973 2294 5010 σου
2340 4955 2442 5026 τῆς
2483 4954 2722 5018 διανοίας
2756 4954 2962 5025 ἅλματι
2998 4954 3100 5020 τὰς
3152 4955 3265 5009 τῶν
3297 4955 3479 5026 θηρῶν
3518 4949 3737 5023 προλάμ-

2201 5045 2332 5098 ϐανε
2381 5043 2625 5114 ἐφόδους,
2659 5044 2754 5099 καὶ
2800 5043 3008 5108 ταύτας
3053 5047 3122 5116 τῇ
3179 5047 3248 5117 σῇ
3312 5045 3473 5116 σοφίᾳ
3520 5052 3736 5111 1:90am-

2201 5133 2414 5190 κλείων.
2457 5133 2572 5188 ’Δεί
2607 5149 2702 5188 σου
2732 5135 2800 5205 τῇ
2842 5132 3048 5205 ποίμνῃ
3075 5133 3138 5186 τὸ
3179 5133 3453 5204 ἀτάραχον
3491 5127 3734 5210 προξὲνει.

2200 5210 2550 5297 ημπκὺρου
2580 5241 2646 5293 γε
2689 5222 2872 5288 τοῦτο,
2909 5225 3006 5278 καὶ
3057 5225 3179 5288 ταῖς
3235 5226 3469 5286 πυκναῖς
3518 5219 3622 5274 τῶν
3655 5213 3734 5268 εὐ·

2201 5318 2352 5390 ήχων
2381 5319 2462 5381 είς
2483 5316 2616 5370 Θεὸν
2641 5316 2960 5388 προσευχῶν
2994 5333 3089 5370 σου
3116 5317 3423 5385 ἐπάλξεσιν⁸
3459 5315 3540 5368 ἴνα
3569 5325 3642 5364 σοι
3667 5306 3732 5365 εις

2203 5408 2407 5480 πλῆθος
2427 5407 2637 5479 ἐπιδοίη
2661 5407 2808 5463 κατὰ
2834 5407 2934 5473 τὰς
2965 5408 3023 5463 tv
3043 5407 3123 5480 τῷ
3162 5408 3412 5480 ’Δσραὰμ
3432 5397 3732 5470 ίπαγγελίαι

2201 5503 2316 5565 τοῖς
2331 5499 2552 5570 ἄστρων
2574 5500 2758 5570 χοροῖς
2785 5498 3206 5572 παραπλησίως.
3234 5499 3458 5572 Χαίροις
3475 5495 3528 5550 δὲ
3557 5489 3640 5547 καὶ
3655 5486 3728 5546 σὺ»

2203 5590 2457 5646 Νικαέων
2487 5589 2816 5662 περίκλυτον
2839 5588 3004 5656 ἄστυ,
3026 5590 3090 5645 τὸ
3118 5591 3176 5648 ἐν
3210 5587 3566 5662 μητροπόλεσι
3597 5575 3727 5648 περί·
