4038 6274
298 400 447 465 1329

1501 401 1756 461 SERMO
1788 401 2349 463 LAUDATORIUS.

3424 412 3560 467 1330

298 526 501 567 πυστον
528 508 722 580 ὄνομα.
752 509 851 580 τῆς
881 509 1121 564 Βιθυνῶν
1151 508 1421 581 ἐπαρχίας
1466 509 1528 563 τὸ
1560 510 1881 565 εὐκλεέστα-

1995 512 2139 580 poles
2187 510 2635 582 opinatissimum
2687 526 2909 578 nomen,
2958 512 3396 584 Bithyniensium
3431 530 3561 585 pro-

298 616 388 650 τον
447 596 759 667 ἀκροθίνιον
784 614 799 629 ο
836 599 1165 670 ήπρότερον
1224 599 1323 669 μὲν
1370 600 1493 662 ταῖς
1543 598 1655 652 τῶν
1704 600 1877 667 ἁγίων

296 687 674 743 ὀκτωκαίδεκα
741 689 838 742 καὶ
886 680 1252 761 τριακοσίωνί
1289 688 1564 759 θεοφόρων
1616 689 1880 760 Πατέρων

299 783 505 852 ἰχνεσιν
547 780 896 849 ἀγιασθεῖσα,
947 781 1044 835 νῦν
1096 781 1153 834 δὲ
1194 782 1307 845 τοῖς
1367 780 1575 836 τούτων
1608 781 1880 852 διαδόχοις

298 874 466 945 τριῶν
511 874 888 928 έκατοντάδων
928 874 1027 927 σύν
1071 874 1235 927 πέντε
1261 872 1490 927 δεκάσιν
1516 873 1754 944 ἀριθμὸν
1788 874 1883 927 ικ-

301 960 637 1033 πληροῦσιν·
668 960 916 1015 εὐλαϐῶν
956 978 1019 1014 τε
1051 958 1302 1032 μοναχῶν
1352 959 1455 1019 οὐκ
1495 959 1883 1030 εὐαριθμήτων

301 1052 522 1124 πλήθει,
552 1055 675 1116 ταῖς
718 1052 914 1115 αὐταῖς
956 1052 1067 1105 τῶν
1098 1050 1366 1119 εὐλογιῶν
1406 1049 1884 1122 περικυκλουμένη

301 1145 543 1216 χάρισιν.
588 1145 676 1197 Ἐν
718 1144 805 1197 σοί
838 1143 946 1215 γὰρ
970 1141 1365 1214 τῆςόρθοδόξου
1395 1142 1635 1206 πίστεως
1664 1141 1693 1193 ὁ
1723 1141 1778 1195 θε
1789 1140 1878 1210 μέ·

302 1234 415 1294 λιος
440 1231 544 1284 ὐπό
574 1247 721 1294 τινος
751 1230 1059 1299 Σατανικῆς
1091 1231 1424 1303 δυστροπίας
1462 1231 1743 1301 σεισθῆναι
1771 1248 1886 1283 κιν-

301 1324 543 1379 δυνεύων
572 1324 863 1395 ἐδραίωσιν
914 1323 1216 1394 ἀκλόνητον
1271 1323 1517 1395 εἴληφεν.
1558 1324 1648 1376 Ἐν
1686 1323 1768 1376 σοὶ
1794 1320 1886 1375 τὸν

303 1417 499 1488 ἄγριον
532 1420 741 1473 ἐκεῖνον
779 1419 877 1472 καὶ
904 1417 1197 1472 ἀτίθασσον
1247 1417 1390 1489 θῆρα
1438 1419 1657 1488 Ἀρειον
1683 1419 1710 1468 ὁ
1744 1416 1888 1480 θεῖος

305 1514 515 1575 ἐκεῖνος
571 1510 679 1565 τῶν
700 1511 965 1579 Πατέρων
1018 1511 1178 1580 χορὸς
1222 1511 1291 1564 τά
1347 1511 1628 1582 ἰεράτῶν
1657 1509 1888 1580 Γραφῶν

306 1599 731 1671 ὲφαπλώσαντες
784 1601 909 1655 λίνα
963 1599 1287 1672 ἐζώγρησαν
1309 1642 1325 1666 ,
1352 1601 1448 1654 καί⁸
1496 1603 1608 1665 τοῖς
1635 1602 1890 1672 φοϐεροῖς

308 1695 713 1765 κατηκόντισαν
770 1694 1080 1765 ἀναθέμασι
1104 1712 1116 1726 ο
1152 1693 1450 1748 κάντεῦθεν
1502 1695 1594 1747 τὸν
1627 1694 1756 1747 Υἰὸν
1794 1693 1889 1747 τοῦ

307 1785 446 1839 θεοῦ
500 1785 596 1839 καὶ
642 1785 858 1856 Πατρδς
892 1784 1181 1855 ὁμοούσιον
1228 1784 1309 1856 τῷ
1349 1786 1704 1857 γεγεννηκότι
1740 1786 1889 1838 πᾶσα

1980 603 2174 660 vincia:
2200 603 2618 675 gloriosissimas
2655 604 2952 674 primitiae:
2989 620 3113 672 qua:
3143 611 3298 674 prius
3339 608 3558 677 quidem

1981 696 2520 752 sanctorumadecem
2552 705 2607 751 et
2648 706 2775 752 octo
2808 707 3293 765 trecentorumque
3327 696 3562 752 deil‘ero-

1981 802 2104 843 rum
2139 786 2365 842 Patrum
2397 787 2654 858 vestigiis
2697 788 3038 844 sanctiﬁcata
3076 802 3158 852 es,
3191 801 3337 841 nunc
3379 796 3560 842 autem

1986 879 2177 934 horum
2211 893 2597 934 successorum
2633 893 2791 948 aeque
2830 885 3200 934 trecentorum
3242 891 3369 932 cum
3404 876 3564 947 quin-

1983 983 2096 1039 que
2140 969 2443 1024 decadibus
2485 985 2777 1024 numerum
2827 968 3244 1038 complcntium,
3297 983 3363 1023 ac
3409 982 3562 1024 reve-

1987 1057 2282 1114 rendorum
2347 1058 2756 1114 monachorum
2809 1059 2903 1128 qui
2965 1073 3103 1128 pene
3149 1056 3564 1111 innumerabilis

1987 1158 2124 1205 sunt
2167 1149 2564 1215 multitudinis,
2615 1149 2824 1205 eisdem
2867 1148 3346 1204 benedictionibus
3379 1145 3566 1219 [bene-

1990 1241 2328 1315 dictionum}
2357 1242 2699 1298 circumdata
2728 1258 2788 1297 es
2822 1242 3034 1311 gratiis.
3067 1238 3126 1295 In
3165 1248 3215 1295 te
3245 1236 3446 1307 quippe
3477 1253 3568 1293 or-

1991 1334 2268 1390 thodoxiae
2313 1332 2659 1406 [orthodoxae
2712 1331 2862 1405 ﬁdei]
2908 1332 3323 1387 fundamentum
3363 1345 3392 1384 a
3432 1344 3569 1400 qua-

1989 1427 2114 1481 dam
2148 1425 2403 1482 Satanica
2431 1425 2789 1482 subversione
2817 1438 3149 1481 concussum
3178 1423 3567 1494 perecliturum

1991 1516 2473 1589 [periclitaturum,
2537 1517 2674 1586 forte
2704 1518 2849 1571 deest
2898 1517 2992 1571 sed
3029 1513 3187 1587 non],
3229 1514 3570 1569 Stabilimen-

1992 1619 2106 1665 tum
2138 1610 2258 1665 sine
2302 1608 2717 1680 perturbatione
2744 1609 3007 1679 percepit.
3040 1606 3099 1660 ln
3134 1618 3185 1660 te
3218 1605 3388 1663 feram
3424 1603 3569 1658 illam

1992 1711 2045 1756 et
2086 1700 2355 1755 immitem
2386 1698 2646 1764 bestiam,
2696 1698 2887 1752 Arium
2933 1696 3166 1762 scilicet,
3211 1694 3435 1749 divinus
3481 1694 3574 1748 ille

1992 1790 2219 1845 Patrum
2263 1792 2471 1846 chorus
2505 1789 2677 1844 sacris
2720 1787 3136 1859 Scripturarum
3183 1785 3445 1855 expansis
3481 1799 3575 1841 ca-

310 1878 474 1948 φύσις
500 1877 805 1950 ἀνθρώπων
847 1878 1119 1947 θεολογεῖν
1148 1879 1644 1951 ὲκμεμαθήκαμεν.
1680 1878 1780 1932 Διά
1804 1896 1887 1932 τοι

1995 1880 2167 1950 ptavit
2217 1879 2455 1945 retibus,
2496 1888 2550 1933 et
2583 1875 2924 1933 terribilibus
2969 1874 3417 1930 anatliematibus
3450 1888 3575 1945 per-

309 1967 585 2023 τοῦτοκαὶ
618 1968 680 2023 τὸ
708 1968 881 2041 παρὸν
911 1967 1215 2040 ἱερώτατον
1246 1968 1533 2040 σύνταγμα
1582 1970 1681 2041 τῆς
1707 1971 1886 2041 ἰσαρί-

1996 1969 2153 2031 culit,
2204 1977 2259 2024 ct
2301 1968 2431 2024 hinc
2465 1966 2664 2022 Filium
2710 1966 2808 2022 Dei
2841 1974 2897 2021 et
2942 1964 3146 2030 Patris,
3189 1963 3488 2032 Dominum
3518 1972 3575 2018 et

312 2057 453 2127 θμου
484 2059 690 2129 ταύτης
730 2060 952 2130 χορείας
987 2060 1121 2125 δυὰς
1154 2060 1398 2115 εὐσεϐῶν
1429 2060 1698 2132 βασιλέων
1723 2062 1781 2115 ἐν
1807 2061 1890 2115 σοὶ

1995 2060 2535 2117 consubstantialem
2588 2060 2857 2131 gignenti,
2912 2057 3097 2113 omnis
3148 2064 3348 2113 natura
3396 2056 3574 2112 homi-

313 2150 759 2223 συγκροτηθῆναι
798 2152 1142 2218 τεθέσπικεν,
1168 2153 1375 2225 Εἰρήνη
1430 2154 1527 2207 νέα
1576 2152 1761 2226 Ἑλένη
1795 2155 1891 2207 σὺν

1995 2170 2127 2210 num
2165 2153 2464 2222 praedicare
2513 2150 2826 2207 didicimus
2874 2161 2929 2206 et
2964 2151 3175 2208 idcirco
3209 2164 3452 2220 praesens
3487 2162 3575 2204 sa-

315 2241 427 2313 υἰῷ“
477 2243 690 2313 γνησίῳ
747 2242 852 2314 νέῳ
907 2242 1328 2312 Κωνσταντίνῳ,
1365 2241 1460 2305 οὓς
1498 2243 1533 2314 ἡ
1582 2244 1642 2296 ἐν
1686 2244 1768 2297 σοί.
1793 2242 1888 2297 τοῦ

1995 2244 2364 2301 cratissimum
2393 2251 2745 2314 compactum
2774 2241 2942 2312 huius
2966 2242 3246 2296 numerosi
3271 2248 3575 2297 conventus

230 2332 244 2344 '
314 2330 643 2414 Πνεύματος
676 2332 839 2403 χάρις
884 2333 1001 2395 τοῖς
1047 2332 1173 2385 τότε
1202 2332 1298 2385 καὶ
1332 2329 1427 2386 νῦν
1457 2331 1637 2400 ἁγίοις
1666 2332 1894 2403 ἐπιλάμ-

1995 2334 2229 2391 dualitas
2276 2334 2497 2403 piorum
2559 2333 2958 2404 imperatorum
3000 2331 3356 2388 consolidans
3388 2328 3573 2400 colligi

310 2422 466 2492 ψασα
502 2424 772 2495 Πατράσι,
801 2422 1032 2494 φυλάξοι
1082 2422 1334 2492 δαψιλέσι
1370 2423 1587 2496 χρόνοις
1619 2423 1894 2494 ἀτάραχον

1992 2423 2197 2489 sanxit,
2238 2423 2399 2479 lrene
2425 2423 2682 2480 videlicet
2731 2440 2869 2480 nova
2900 2422 3106 2480 Helena
3140 2438 3265 2481 cum
3298 2421 3412 2477 ﬁlio
3447 2436 3575 2492 pro-

313 2514 501 2578 αὐτοῖς
538 2514 599 2567 τὸ
630 2515 834 2584 κράτος
870 2514 1193 2586 δωρουμένη
1216 2557 1231 2580 ,
1265 2518 1359 2568 καὶ
1416 2515 1525 2568 τῶν
1571 2514 1785 2585 ἐχθρῶν
1827 2513 1895 2568 τά

1995 2517 2115 2587 prio
2148 2516 2514 2572 Constantino
2545 2531 2713 2583 novo,
2745 2531 2888 2587 quos
2918 2516 2972 2571 in
3010 2525 3062 2571 te
3101 2513 3342 2586 Spiritus
3374 2513 3571 2584 gratia,

315 2603 457 2672 φῦλα
489 2604 599 2674 πρὸ
628 2604 807 2659 ποδῶν
829 2603 1182 2675 καταστριῖωι
1207 2620 1220 2634 ·
1240 2605 1315 2669 ὡς
1331 2605 1398 2660 ἂν
1424 2607 1556 2677 ἡμῖν
1581 2609 1614 2677 ἡ
1634 2605 1741 2659 τῶν
1761 2607 1899 2675 ἀγα-

317 2693 426 2749 θῶν
459 2694 535 2766 μὴ
572 2695 809 2751 διαλίποι
834 2696 1095 2768 χορηγία.

1993 2623 2118 2679 qua:
2150 2618 2285 2664 tunc
2313 2619 2368 2664 et
2403 2624 2550 2665 nunc
2581 2612 2793 2667 sanctis
2822 2609 3004 2664 illuxit
3037 2607 3320 2671 Patribus,
3351 2620 3575 2662 conser-

1995 2707 2088 2754 vet
2117 2716 2215 2771 per
2237 2700 2545 2773 largissime
2576 2711 2845 2772 tempora,
2875 2699 3334 2771 imperturbabile
3360 2697 3576 2753 donans

315 2788 399 2845 eis
450 2789 783 2859 imperium,
836 2788 1196 2859 hostiumque
1256 2792 1511 2846 nationes
1554 2795 1682 2845 ante
1731 2787 1899 2860 pedes
1937 2798 2289 2860 prosternat,
2345 2802 2621 2863 quatenus
2689 2792 2851 2849 nobis
2907 2793 3178 2848 bonorum
3255 2790 3413 2860 copia
3467 2802 3575 2844 non

316 2883 553 2940 deﬁciat.

386 2978 618 3049 Χαίροις
638 2970 905 3043 τοίνυν,ὥ
935 2978 1325 3049 μητροπόλεων
1358 2978 1640 3050 περίδοξον
1670 2978 1891 3044 κάλλος,

316 3071 377 3124 ἐν
412 3068 622 3132 τούτοις
643 3109 658 3134 ,
692 3069 773 3122 ὃτι
801 3071 859 3123 ἐν
893 3071 978 3123 σοὶ
1015 3070 1077 3123 τδ
1116 3070 1333 3141 πρῶτον
1364 3073 1500 3142 ἡμῖν
1529 3071 1638 3125 τῶν
1671 3061 1909 3140 ἀγαθῶν

318 3161 510 3230 ἀνέφυ,
544 3163 603 3213 ὲν
641 3159 728 3213 σοὶ
770 3158 837 3231 δὴ
866 3160 961 3213 καὶ
1004 3161 1065 3214 τὸ
1108 3160 1287 3226 τέλος,
1319 3161 1418 3233 οὐχ
1450 3163 1526 3227 ὡς
1562 3163 1701 3234 πρὸς
1736 3162 1895 3229 ἀξίαν

320 3253 457 3325 πρὸς
486 3251 723 3323 ἀριθμὸν
753 3251 812 3304 δὲ
838 3251 962 3322 ἥτις
996 3252 1115 3305 ἐστὶ
1159 3251 1268 3307 τῶν
1291 3253 1640 3307 σεπτοτάτων
1669 3254 1895 3307 εἰκόνων

325 3349 420 3419 τῆς
436 3344 732 3415 καθολικῆς
747 3345 904 3416 ἡμῶν
940 3346 1274 3418 Ἑκκλησίας
1288 3349 1321 3417 ἡ
1343 3346 1548 3417 ἀρχαία
1569 3346 1894 3417 παράδοσις,

320 3436 381 3488 ὲν
408 3438 522 3500 τοῖς
551 3437 702 3499 ἰδίοις
725 3438 1242 3493 ἀποκατασταθεῖσα
1256 3438 1425 3507 ὅροις.
1471 3437 1587 3490 Νῦν
1614 3437 1785 3499 ὅντως
1815 3437 1900 3488 εὐ-

322 3526 575 3596 φαίνεται
619 3530 648 3582 ὁ
676 3530 929 3600 οὐρανὸς,
997 3534 1092 3582 καὶ
1151 3529 1209 3580 αἰ
1263 3527 1487 3593 νεφέλαι
1548 3526 1900 3595 δικαιοσύνην

322 3617 696 3680 ἀποστάζουσι
718 3634 731 3648 ·
765 3620 858 3671 καὶ
881 3618 943 3671 τὸ
989 3618 1310 3688 μεσότοιχον
1334 3616 1431 3669 τοῦ
1461 3616 1721 3687 φραγμοῦ
1746 3615 1901 3668 λέλυ-

322 3726 415 3760 ται
442 3710 506 3779 τῇ
531 3706 724 3761 ἑνώσει
762 3709 861 3777 τῆς
908 3706 1243 3769 διαστάσεως
1268 3707 1778 3777 παραχωρησάσης,
1806 3705 1901 3759 καὶ

325 3802 404 3862 εἰς
436 3797 566 3869 μίας
599 3797 981 3869 ὁμοφροσύνης
1027 3798 1339 3867 σύμπνοιαν
1376 3799 1408 3867 ἡ
1448 3797 1647 3867 τετρὰς
1689 3798 1788 3868 τῆς
1819 3800 1898 3851 οἰ-

325 3890 604 3961 κουμένης
641 3890 993 3960 συνήνεκται.
1034 3889 1151 3943 Νῦν
1179 3890 1231 3943 αἰ
1258 3889 1449 3943 πολλαὶ
1486 3888 1595 3942 τῶν
1626 3888 1901 3960 διαφόρως

325 3982 714 4054 ὑποσυρόντων
745 3985 826 4046 εἰς
859 3981 919 4035 ἐν
960 3981 1359 4053 συνεληλύθασι
1398 3980 1549 4047 δόξαι
1573 3998 1587 4012 ·
1610 3982 1713 4036 καὶ
1759 3980 1900 4053 σύμ-

325 4088 501 4143 φωνος
560 4070 730 4142 ὐμνος
784 4073 892 4126 ἀπὸ
950 4072 1204 4143 περάτων
1253 4072 1355 4143 γῆς
1408 4072 1514 4134 ἕως
1546 4071 1801 4143 περάτων
1822 4070 1900 4142 τῷ

321 4162 445 4232 Θεῷ
500 4163 909 4233 ἀναπέμπεται.
961 4164 1189 4234 Χαίροις
1217 4162 1533 4234 τοιγαροῦν,
1569 4165 1664 4218 καὶ
1700 4164 1899 4236 σκίρτα

326 4254 419 4306 ἐπὶ
443 4252 655 4317 τούτοις
681 4254 777 4307 καὶ
808 4255 896 4319 σύ,
943 4254 1244 4324 Ἐκκλησία
1273 4253 1560 4325 καθολικὴ,
1594 4255 1628 4325 ἡ
1659 4254 1718 4307 ἐν
1746 4255 1899 4327 πάσῃ

323 4345 394 4414 τῇ
418 4344 716 4418 οἰκουμένῃ
743 4362 758 4378 ·
788 4344 984 4416 χόρευε
1019 4344 1406 4417 ἀγαλλιωμένη
1424 4346 1519 4398 ἐπὶ
1547 4347 1614 4417 τῇ
1633 4344 1741 4399 τῶν
1766 4344 1899 4400 υἰῶν

329 4451 425 4487 σου
458 4434 846 4488 ὲπανελεύσειο
878 4435 1095 4490 ἀπόθου
1134 4436 1195 4490 τὸ
1233 4436 1334 4506 τῆς
1375 4435 1675 4498 διαλύσεως
1708 4436 1898 4509 ῥάκος,

2074 2974 2266 3031 Gaude
2298 2974 2484 3046 itaque
2516 2973 2571 3029 in
2600 2973 2707 3040 bis,
2742 2988 2776 3030 o
2809 2972 3188 3044 metropoleon
3216 2970 3419 3042 inclyta
3449 2985 3577 3041 spe-

2001 3067 2148 3134 cies;
2206 3068 2466 3137 quoniam
2527 3066 2582 3121 in
2636 3073 2688 3121 te
2739 3065 2900 3125 nobis
2957 3074 3013 3120 et
3064 3066 3244 3135 primo
3301 3064 3576 3119 bonorum

1924 3194 1968 3253 c
2001 3162 2315 3225 exordium,
2352 3170 2408 3215 et
2435 3174 2583 3214 nunc
2613 3157 2738 3215 ﬁnis
2769 3166 2997 3213 exortus
3026 3168 3131 3223 est,
3182 3156 3578 3211 venerabilium

2002 3254 2259 3307 nimirum
2291 3250 2591 3322 imaginum
2622 3249 2910 3305 catholicae
2947 3246 3212 3304 Ecclesia:
3240 3248 3425 3321 prisca
3467 3256 3579 3301 tra-

2002 3347 2135 3400 ditio
2165 3345 2220 3399 in
2252 3345 2371 3399 suis
2407 3343 2662 3399 terminis
2691 3342 2968 3399 restituta.
3008 3339 3168 3401 Nunc
3199 3354 3331 3396 vero
3363 3340 3580 3396 laetatur

2000 3435 2224 3500 coelum,
2261 3444 2317 3488 et
2352 3434 2530 3488 nubes
2563 3434 2774 3489 stillant
2815 3433 3111 3503 justitiam.
3159 3434 3322 3490 Nunc
3365 3430 3581 3489 medius

2000 3525 2184 3594 paries
2217 3523 2472 3578 macet-ite
2499 3523 2811 3579 dissolutus
2861 3531 2948 3578 est
2983 3523 3231 3579 unitione
3274 3523 3582 3579 dissensio-

2002 3618 2088 3672 nis
2119 3630 2406 3681 conccssa,
2447 3622 2502 3670 et
2544 3615 2603 3669 in
2645 3614 2810 3669 unius
2839 3614 3188 3669 assensionis
3218 3615 3580 3683 conspiratio-

2005 3724 2129 3762 nem
2188 3706 2534 3777 quaternitas
2582 3706 2735 3763 orbis
2789 3714 2952 3761 terrae
3000 3704 3229 3761 collecta
3267 3716 3373 3761 est.
3422 3704 3581 3761 Nunc

2003 3799 2190 3852 multae
2250 3811 2372 3867 quae
2428 3797 2483 3852 in
2542 3796 2762 3853 diversa
2822 3798 3134 3864 trahebant,
3205 3809 3577 3853 convenerunt

2001 3891 2314 3961 opiniones,
2373 3898 2430 3944 et
2469 3904 2750 3946 consonus
2791 3891 3030 3963 hymnus
3080 3904 3113 3944 a
3163 3889 3367 3946 ﬁnibus
3418 3899 3580 3946 terra:

2001 4000 2177 4054 usque
2204 3985 2272 4040 ad
2313 3985 2449 4039 ﬁnes
2499 3993 2660 4039 terra:
2705 3981 2817 4038 Deo
2863 3982 3144 4052 dirigitur.
3185 3982 3381 4037 Gaude
3414 3982 3581 4052 igitur

2002 4078 2310 4148 tripudians
2357 4092 2520 4147 super
2566 4076 2655 4131 bis
2685 4086 2740 4131 et
2774 4083 2853 4139 tu,
2884 4074 3154 4130 catholica
3202 4073 3469 4137 Ecclesia,
3523 4076 3577 4128 iu

2004 4180 2117 4227 toto
2153 4180 2426 4226 terrarum
2458 4170 2594 4226 o‘rbe
2621 4168 2841 4226 diffusa.
2895 4169 3012 4224 Duc
3053 4169 3255 4223 choros
3297 4167 3581 4223 exsultans

2004 4279 2173 4335 super
2204 4263 2444 4318 ﬁliorum
2491 4271 2712 4317 tuorum
2744 4270 3017 4317 conventu
3052 4276 3066 4319 :
3103 4261 3319 4330 depone
3351 4257 3580 4313 divisio-

2004 4357 2090 4412 nis
2123 4370 2360 4426 pannos,
2402 4363 2459 4411 et
2502 4354 2733 4409 induere
2772 4354 2984 4424 integra
3023 4352 3342 4408 orthodoxa:
3392 4351 3580 4405 tunica

2004 4448 2254 4503 unitatis.
2308 4445 2430 4501 Jam
2483 4461 2593 4501 non
2648 4445 2870 4515 poneris
2925 4443 3283 4514 approbrium
3340 4441 3581 4496 inimicis

327 4526 424 4580 καὶ
456 4525 675 4579 ἔνδυσαι
722 4526 815 4580 τὸν
851 4528 1148 4598 ὁλόκληρον
1196 4527 1296 4598 τῆς
1317 4527 1601 4598 όρθοδόξου
1651 4527 1895 4594 ὲνώσεως

2005 4540 2139 4607 tuis,
2184 4538 2552 4596 subsannatio
2581 4546 2637 4594 et
2665 4538 2872 4593 derisio
2894 4537 3113 4607 populis
3137 4537 3231 4606 qui
3263 4536 3316 4589 in
3343 4535 3580 4590 circuitu

328 4618 554 4690 χιτῶνα.
587 4616 788 4671 Οὐκέτι
817 4616 1020 4688 τεθήσῃ
1044 4616 1246 4680 ὄνειδος
1270 4619 1383 4680 τοίς
1413 4617 1621 4685 γείτοσί
1656 4635 1774 4684 σου,
1807 4636 1904 4690 μυο

325 4709 634 4782 κτηρισμδς
690 4710 783 4764 καὶ
837 4707 1148 4778 χλευασμὸς
1202 4709 1317 4772 τοῖς
1363 4707 1548 4779 κύκλῳ
1595 4725 1689 4762 σου
1726 4709 1897 4774 λαοῖς.

326 4799 530 4852 Οὐκέτι
572 4798 864 4868 φοϐηθήσῃ
907 4794 1288 4862 ὲξουδενώσεις
1314 4794 1489 4849 ἀθέων
1519 4797 1611 4850 καὶ
1640 4798 1903 4869 ἀμυήτων

328 4887 428 4942 ἀνθ
438 4889 658 4959 ρώπων,
690 4884 961 4957 Ἐὕραίων
1004 4884 1069 4957 δὴ
1098 4884 1241 4950 λέγω
1258 4885 1353 4938 καὶ
1367 4885 1684 4957 Ἀγαρηνῶν
1704 4903 1719 4919 ·
1738 4887 1814 4950 ὡς
1837 4886 1900 4959 δή

331 4994 416 5032 σοι
452 4979 528 5049 μὴ
574 4978 672 5031 τοῦ
713 4976 920 5030 τελείου
972 4976 1073 5047 τῆς
1103 4976 1340 5040 πίστεως
1368 4979 1487 5040 ταῖς
1515 4979 1901 5046 ἀποστολικαῖς

328 5068 733 5142 παραδοθέντος
767 5067 1160 5131 διδασκαλίαις.
1200 5068 1398 5123 Οὐκέτι
1427 5068 1526 5139 τὴν
1562 5072 1626 5123 ἐκ
1660 5070 1756 5123 τοῦ
1784 5071 1903 5135 ἑνὸς

326 5159 465 5215 Θεοῦ
514 5160 873 5231 ἀναφοίτησιν
917 5159 1007 5213 διὰ
1060 5157 1162 5230 τὴν
1188 5158 1327 5229 πρὸς
1356 5160 1483 5222 τοὺς
1524 5159 1691 5214 αὐτοῦ
1716 5161 1902 5230 φίλους

329 5253 795 5325 πρεπωδεστάτην
819 5252 987 5322 τιμὴν
1001 5253 1113 5313 τοῖς
1133 5250 1244 5304 τῶν
1272 5251 1566 5322 αἰρετικῶν
1587 5252 1903 5326 ἐγκληθήσῃ

331 5343 617 5413 στόμασιν.
641 5344 841 5397 Οὐκέτι
872 5345 985 5406 τοῖς
1010 5343 1122 5396 τῶν
1150 5341 1387 5396 εἰδώλων
1427 5343 1682 5412 τεμένεσι
1712 5345 1771 5398 ὲν
1804 5344 1904 5415 ἴσῳ

330 5433 775 5507 καταλογισθήσῃ
802 5473 817 5499 ,
851 5435 940 5488 διὰ
988 5433 1088 5505 τὴν
1115 5436 1173 5488 ἐν
1212 5435 1298 5488 σοὶ
1338 5433 1446 5488 τῶν
1473 5436 1782 5507 ίερωτάτων
1809 5438 1903 5491 καὶ

331 5523 549 5579 σεπτῶν
576 5524 749 5592 ἀγίων
774 5525 999 5580 εἰκόνων
1020 5527 1417 5597 ἀναστήλωσιν.

402 5614 624 5688 Πρέπον
672 5615 782 5686 γάρ
839 5632 923 5670 σοι
951 5616 1027 5681 ὡς
1072 5616 1150 5688 τῷ
1181 5616 1393 5690 βασιλεῖ
1424 5616 1528 5671 τῶν
1551 5615 1767 5673 αἰώνων
1788 5619 1904 5690 Υἰῷ

331 5710 429 5762 καὶ
454 5684 616 5776 λόγῳ
644 5684 906 5761 τοῦήΘεοῦ
935 5684 1459 5781 νυμφευθείσῃίτὴν
1500 5710 1605 5779 τῆς
1632 5684 1901 5781 ὲνσάρκου

333 5798 503 5855 αὐτοῦ
529 5800 841 5871 οἰκονομίας
867 5801 1335 5873 ἀνθρωπόμορφον
1360 5803 1542 5858 εἰκόνα
1570 5802 1659 5857 διά
1682 5806 1901 5873 γραφῆς

2004 4642 2098 4687 tuo
2133 4640 2282 4688 sunt.
2315 4629 2437 4686 Non
2471 4631 2585 4703 jam
2627 4630 2846 4685 timebis
2884 4639 3231 4700 contemptus
3275 4630 3578 4693 hominum,

2002 4724 2359 4780 Hebraeorum
2408 4723 2621 4779 scilicet
2657 4730 2713 4777 ct
2744 4723 3144 4793 Agarcnoruni,
3178 4722 3275 4792 qui
3322 4721 3439 4776 sine
3470 4719 3580 4774 Deo

2002 4823 2058 4869 et
2092 4830 2251 4870 sacra
2283 4803 2595 4870 initiatione
2623 4815 2962 4879 consistunt,
3001 4813 3160 4884 quasi
3194 4814 3291 4869 tibi
3328 4829 3434 4868 non
3464 4812 3582 4891 fue-

2004 4905 2075 4959 rit
2102 4906 2374 4975 perfectio
2405 4906 2532 4961 ﬁdei
2566 4906 2834 4963 doctrinis
2857 4906 3176 4977 apostolicis
3204 4906 3424 4960 tradita.
3457 4903 3577 4960 Jam

2002 5012 2110 5053 non
2157 4998 2227 5052 ab
2273 4998 2657 5053 haereticorum
2693 5013 2789 5053 ore
2837 4997 3242 5063 criminaberis,
3285 4997 3442 5067 quasi
3491 5014 3578 5051 re-

2004 5091 2241 5146 cesseris
2272 5091 2343 5145 ab
2379 5106 2490 5145 uno
2527 5091 2639 5146 Deo
2670 5101 2892 5161 propter
2921 5091 3374 5146 decentissimum
3408 5091 3581 5145 liono-
3634 5158 3643 5167 κ

2003 5198 2120 5237 rem
2161 5198 2292 5254 erga
2326 5183 2503 5253 ipsius
2531 5185 2738 5239 amicos
2766 5184 3083 5239 exhibitum.
3126 5182 3246 5238 Jam
3277 5200 3385 5238 non
3420 5201 3582 5253 repu-

2007 5275 2214 5331 taberis
2252 5274 2525 5331 idolorum
2570 5277 2770 5331 similis
2805 5278 3024 5346 templis
3058 5286 3281 5347 propter
3317 5278 3579 5333 sacratis-

2004 5366 2271 5422 simarum
2303 5367 2360 5421 in
2398 5374 2449 5422 te
2480 5365 2782 5439 imaginum
2813 5368 3149 5424 erectionem
3175 5367 3447 5423 elfcttam.

2076 5620 2242 5675 Decet
2271 5620 2416 5675 enim
2451 5629 2503 5675 te
2532 5628 2791 5689 tanquam
2838 5619 2949 5691 regi
2987 5618 3314 5675 saeculorum
3342 5615 3485 5671 Filio
3521 5624 3577 5671 et

2006 5713 2184 5768 Verbo
2220 5710 2315 5766 Dei
2356 5720 2604 5781 nuptam,
2642 5712 2696 5766 in
2739 5728 2902 5766 carne
2935 5710 3110 5782 ipsius
3149 5708 3576 5781 dispensationis

2005 5804 2301 5859 humanam
2360 5802 2593 5859 fortnam
2652 5802 2943 5859 habentem
3030 5800 3573 5872 antltropomorplton
