4038 6274
305 407 443 472 1337

1345 411 1442 472 DE
1473 411 1712 473 DlVlN.
1749 412 2035 472 SCRIPT.
2067 411 2496 500 UT1_LITATE.

3404 399 3538 467 1338

301 517 645 589 φθονοῦμενο
701 517 1033 589 παρορῶμεν
1093 519 1153 573 ὲν
1207 519 1385 589 θλίψει
1441 522 1536 576 καὶ
1584 521 1868 593 ἀσθενείᾳ·

1980 521 2158 575 llrmos
2187 521 2574 592 despicientes,
2605 519 2659 575 in
2689 517 2949 590 operibus
2982 517 3328 572 altercantes.
3359 513 3541 580 Quare

302 608 688 679 φιλονικοῦμεν
717 611 777 663 ὲν
805 612 916 674 τοῖς
936 608 1140 681 ἔργοις.
1167 611 1290 676 Πῶς
1315 605 1409 666 οὖν
1431 612 1604 666 ταῦτα
1629 630 1874 666 κοινωνι-

302 699 406 753 κοῦ
438 699 590 769 βίου;
638 699 760 753 οὐδὲ
793 701 902 770 γὰρ
950 700 1110 772 σῶμα
1155 703 1434 768 στασιάζει
1468 703 1590 758 καθ’
1615 703 1776 758 αθτόο
1812 703 1874 758 οὐ

301 791 455 858 λέγει
495 791 524 844 ὀ
565 791 809 862 ἀντίχειρ
838 791 1098 857 δάκτυλος
1137 793 1216 862 τῷ
1243 793 1490 848 ἐλάσσονι
1511 810 1524 826 ·
1557 795 1746 848 Πλεῖόν
1779 813 1874 849 σου

304 881 485 936 κοπιῶ
507 899 522 916 ο
549 883 672 936 οὐδὲ
699 883 760 936 τὸ
785 882 936 952 ὑγιὲς
964 883 1123 953 μέλος
1158 886 1310 951 μισεῖ
1347 884 1443 939 καὶ
1475 885 1876 956 ἀποστρέφεται

303 971 368 1026 τὸ
397 970 638 1036 ἀσθενὲς,
662 971 798 1026 ἀλλά
827 971 1028 1042 μᾶλλον
1059 971 1352 1042 θεραπεύει
1391 974 1486 1027 καὶ
1516 974 1874 1046 συναντιλαμ-

304 1061 528 1116 ϐάνεται
549 1078 562 1092 ·
608 1061 743 1132 φησὶ
787 1061 894 1132 γάρ
941 1063 1076 1132 πρὸς
1113 1063 1416 1133 Ῥωμαίους
1452 1065 1482 1116 6
1519 1065 1875 1131 ’Δπόστολοςδ

303 1146 689 1224 ι(Ι)Καθάπερ
701 1152 758 1206 ὲν
771 1151 852 1206 ἐνὶ
869 1151 1077 1222 σώματι
1105 1152 1242 1225 μέλη
1272 1153 1444 1209 πολλά
1473 1154 1667 1226 ἔχομεν
1685 1173 1698 1186 ·
1723 1157 1790 1211 τὰ
1820 1157 1876 1212 δὲ

311 1238 450 1310 μέλη
487 1240 665 1295 πάντα
714 1242 773 1295 οὗ
819 1245 918 1312 τὴν
961 1242 1130 1313 αὐτὴν
1173 1243 1284 1314 ἔχει
1329 1244 1558 1315 πρᾶξιν,
1610 1246 1782 1310 οὕτως
1825 1251 1876 1301 oi

309 1329 501 1383 πολλοὶ
528 1329 587 1383 ἓν
611 1331 771 1402 σῶμά
792 1332 960 1402 ὲσμεν
989 1333 1046 1386 ἐν
1073 1331 1296 1402 Χριστῷ
1315 1345 1328 1362 ·
1361 1334 1390 1386 6
1417 1333 1475 1388 δὲ
1499 1333 1685 1398 καθεὶς
1708 1336 1877 1406 ἀλλήυ

305 1420 418 1474 λων
449 1421 609 1490 μέλη.
635 1442 654 1472 ι
688 1423 798 1476 Καὶ
827 1423 1022 1478 πάλινο
1069 1442 1086 1474 ι
1130 1424 1444 1495 Ὀφείλομεν
1469 1427 1628 1496 ἡμεῖς
1649 1428 1699 1480 οἱ
1719 1427 1874 1480 δυνςιι⁶

303 1513 394 1563 τοὶ
423 1513 485 1565 τά
511 1513 862 1583 ἀσθενήματα
885 1513 990 1566 τῶν
1016 1513 1293 1567 ἀδυνάτων
1323 1515 1614 1582 βαστάζειν
1639 1531 1651 1545 ’
1683 1517 1778 1570 καὶ
1800 1516 1876 1588 μὴ

307 1603 524 1664 ἑαυτοῖς
551 1601 844 1671 ἀρέσκειν⁰
879 1601 1106 1667 ἕκαστος
1147 1607 1256 1674 γάρ
1299 1606 1468 1674 ἡμῶν
1512 1607 1588 1678 τῷ
1647 1607 1876 1676 πλησίον

305 1692 590 1756 ἀρεσκέτω
641 1694 720 1754 εἰς
765 1695 825 1744 τὸ
861 1693 1063 1760 ἀγαθὸν
1105 1695 1242 1762 πρὸς
1287 1697 1574 1766 οἰκοδομήν
1597 1713 1610 1726 ο
1645 1699 1876 1768 καὶγὰρ

308 1779 404 1832 καὶ
437 1781 464 1832 ὀ
487 1777 720 1850 Χριστὸς
746 1781 846 1848 οὐχ
871 1781 1048 1848 ἑαυτῷ
1071 1783 1285 1852 ἤρεσεν.
1319 1803 1339 1834 ι
1382 1785 1541 1838 Ἀλλά
1573 1785 1753 1850 καθὼς
1779 1787 1870 1854 γέ-

1976 611 2080 666 ista
2115 611 2168 664 in
2206 611 2314 666 vita
2347 611 2656 667 communi?
2687 609 2804 664 Non
2834 609 2980 663 enim
3015 622 3219 676 corpus
3255 615 3444 660 contra
3482 620 3542 660 se

1974 701 2260 768 dissentit;
2284 717 2390 757 non
2412 701 2584 772 pollex
2617 699 2816 756 minori
2846 699 3016 770 digito
3043 697 3214 752 dicit:
3245 693 3538 763 Plusquam

1979 804 2034 848 ιιι
2066 794 2366 862 defatiggr;
2393 809 2572 864 neque
2596 793 2904 848 membrum
2937 804 3134 846 sanum
3165 801 3370 855 aegrum
3401 785 3538 846 odit.

1976 884 2103 939 huic
2139 885 2342 954 potius,
2373 885 2572 940 nedum
2606 883 2798 954 fugiat,
2829 894 3157 938 succurrens
3183 892 3248 932 ac
3273 875 3532 932 serviens.

1975 973 2118 1029 Dicit
2138 973 2204 1028 ad
2231 973 2506 1028 Romanos
2533 971 2824 1042 (scribens)
2859 969 3153 1041 Apostolus
3185 984 3198 1020 :
3242 985 3262 1017 ι
3305 965 3456 1020 Sicut
3487 965 3538 1016 in

1977 1079 2087 1120 uno
2109 1079 2340 1134 corpore
2373 1065 2541 1118 multa
2573 1063 2813 1118 membra
2840 1062 3124 1132 habemus,
3152 1057 3334 1114 omnia
3360 1065 3537 1110 autem

1977 1156 2218 1210 membra
2269 1172 2374 1210 non
2423 1155 2672 1210 eumdem
2732 1163 2911 1209 aetum
2972 1151 3202 1214 habent,
3261 1147 3334 1202 ita
3384 1145 3538 1200 multi

1979 1263 2146 1302 unum
2202 1262 2407 1317 corpus
2457 1261 2652 1301 sumus
2705 1245 2758 1298 in
2813 1242 3054 1302 Christo,
3104 1233 3326 1310 singuli
3359 1245 3538 1290 autem

1974 1339 2113 1393 alter
2160 1338 2384 1394 alterius
2435 1336 2680 1390 membra
2701 1336 2742 1390 ί.
2801 1333 3074 1388 Debemus
3118 1345 3220 1384 nos
3275 1327 3540 1382 firmiores

1977 1429 2378 1484 imbecillitates
2411 1428 2754 1480 inﬁrmorum
2787 1425 3061 1479 sustinere
3089 1462 3106 1486 ,
3138 1428 3192 1474 et
3240 1435 3348 1482 non
3383 1418 3540 1470 nobis

1979 1521 2210 1590 placere.
2237 1518 2626 1588 Unusquisque
2656 1525 2900 1570 nostrum
2928 1513 3177 1584 proximo
3207 1526 3306 1564 suo
3333 1509 3541 1579 placeat

1981 1610 2034 1663 in
2084 1611 2281 1662 bonum
2315 1609 2380 1661 ad
2419 1605 2860 1661 aeditiratlonem.
2894 1601 3108 1656 Etenim
3148 1599 3401 1653 Christus
3430 1611 3536 1649 non

1981 1700 2083 1755 sibi
2117 1699 2348 1770 placuit;
2389 1699 2502 1763 sed,
2540 1698 2680 1750 sicut
2739 1695 2998 1762 scriptum
3033 1699 3116 1747 est
3152 1706 3167 1742 :
3211 1688 3538 1759 Impropcria

1981 1791 2468 1860 improperantitnn
2495 1787 2814 1844 ceciderunt
2838 1799 3002 1852 super
3027 1797 3132 1836 me.
3157 1781 3380 1848 Propter
3397 1779 3540 1847 quod

305 1885 584 1941 γραπται·
615 1873 726 1929 ι,οί
752 1871 1045 1941 ὀνειδισμοὶ
1069 1851 1179 1925 τῶν
1211 1874 1576 1938 ὀνειδιζόντων
1608 1851 1876 1930 ἐπέπεσον

1980 1882 2238 1950 suscipite
2266 1880 2523 1944 invicem,
2555 1879 2698 1932 sicut
2725 1886 2778 1930 ct
2803 1851 3056 1929 Christus
3087 1872 3327 1939 suscepit
3351 1872 3536 1924 vos'.»

305 1959 397 2010 ἐπ’
424 1959 544 2028 ἐμέ.
570 1962 662 2012 Διὸ
689 1960 1169 2031 προσλαμϐάνεσθε
1193 1962 1454 2033 ἀλλήλους
1471 1981 1484 1993 ·
1521 1965 1701 2029 καθὼς
1735 1967 1832 2020 καὶ
1849 1969 1878 2020 ὁ

305 2049 544 2119 Χριστὸς
577 2050 943 2119 προσελάϐετο
971 2054 1139 2124 ἡμᾶς.
1171 2072 1190 2104 ι
1227 2055 1338 2107 Καὶ
1377 2055 1514 2126 πρὸς
1541 2057 1875 2127 Κορινθίους·

314 2157 337 2191 α
379 2137 746 2208 Ἀπρόσκοποι
794 2141 1008 2208 γίνεσθε
1058 2142 1153 2196 καὶ
1191 2142 1462 2206 Ἰουδαίοις
1515 2145 1608 2197 καὶ
1651 2144 1878 2216 Ἕλλησι

308 2226 408 2281 καὶ
436 2229 501 2299 τῇ
528 2227 825 2300 Ἐκκλησία
851 2229 944 2283 τοῦ
969 2229 1104 2284 Θεοῦ
1127 2247 1142 2260 ·
1174 2231 1352 2296 καθὼς
1385 2232 1542 2301 κάγὼ
1572 2235 1751 2290 πάντα
1775 2237 1879 2288 πᾶ-

309 2333 397 2372 σιν
429 2319 668 2388 ἀρέσκω,
719 2319 794 2390 μὴ
818 2319 996 2388 ζητῶν
1035 2321 1096 2374 τὸ
1121 2323 1362 2391 ἐμαυτοῦ
1391 2325 1692 2396 συμφέρον,
1743 2325 1878 2380 ἀλλὰ

305 2407 370 2464 τὸ
411 2409 520 2462 τῶν
568 2409 799 2476 πολλῶν,
827 2411 916 2465 Eva
959 2411 1194 2467 cuilibet.
1227 2431 1248 2464 ι
1279 2414 1387 2467 Καὶ
1430 2414 1566 2486 πρὸς
1596 2415 1838 2480 Γαλάτας
1859 2434 1874 2449 ·

313 2515 336 2550 ι
377 2497 641 2568 ’Δδελφοὶ,
696 2499 792 2552 ἐὰν
845 2501 938 2553 καὶ
988 2501 1312 2572 προσληφθῇ
1357 2502 1643 2573 ἄνθρωπος
1688 2503 1746 2559 ἐν
1771 2522 1878 2560 τινι

311 2586 741 2659 παραπτώματι,
795 2588 952 2659 ὑμεῖς
1001 2591 1051 2644 οί
1113 2591 1472 2660 πνευματικοὶ
1525 2593 1878 2666 καταρτίζετε

307 2677 402 2732 τδν
421 2678 661 2732 τοιοῦτον
683 2680 741 2734 ὲν
767 2679 1040 2751 πνεύματι
1072 2683 1373 2754 πραότητος
1398 2700 1412 2715 ο
1440 2685 1658 2739 σκοπῶν
1689 2685 1764 2758 μὴ
1787 2689 1880 2740 καὶ

311 2775 377 2830 σὺ
407 2775 708 2847 πειρασθῇς
727 2793 740 2810 ο
771 2775 1014 2848 ἀλλήλων
1043 2778 1112 2834 τά
1146 2778 1288 2851 βάρη
1318 2777 1616 2849 βαστάζετε
1639 2797 1654 2812 ο
1681 2784 1775 2836 καὶ
1795 2781 1881 2836 οὔ·

309 2883 416 2929 τως
447 2865 882 2937 ἀναπληρώσατε
917 2866 1010 2920 τὸν
1040 2868 1204 2938 νόμον
1231 2869 1326 2922 τοῦ
1353 2870 1614 2940 Χριστοῦ.
1654 2890 1672 2922 ι
1713 2873 1822 2926 Καὶ
1850 2875 1882 2928 ὀ

324 2955 610 3021 Ἰάκωΰος·
643 2975 662 3008 ι
694 2957 868 3012 ’ὐπου
913 2956 1075 3028 ζῆλος
1113 2961 1207 3013 καὶ
1251 2959 1480 3031 ὲρίθεια,
1511 2962 1628 3014 ἐκεῖ
1670 2963 1877 3014 ἀκατα-

312 3047 508 3103 στασία
554 3048 648 3102 καὶ
690 3049 798 3105 πᾶν
829 3048 1034 3117 φαῦλον
1074 3051 1333 3122 πρᾶγμα.
1370 3069 1389 3103 ι
1439 3051 1762 3122 Λελήθαμεν
1786 3051 1880 3108 οὖν

1977 1972 2039 2026 Et
2063 1973 2128 2026 ad
2161 1969 2479 2026 Corinthios
2510 1987 2524 2022 :
2561 1985 2578 2018 ι
2616 1965 2745 2020 Sine
2783 1963 3089 2018 uﬂ'ensione
3117 1969 3292 2015 estote
3315 1957 3541 2020 Judazis,

1975 2073 2030 2120 et
2055 2063 2330 2134 gentibus,
2360 2073 2414 2116 et
2447 2061 2704 2116 Ecclesia:
2729 2059 2843 2122 llei,
2879 2057 3021 2110 sicut
3047 2061 3101 2108 et
3123 2067 3222 2122 ego
3247 2065 3341 2120 per
3359 2051 3543 2104 omnia

1977 2155 2030 2209 in
2059 2152 2317 2210 omnibus
2341 2153 2555 2220 placere
2579 2149 2796 2211 studeo,
2817 2161 2927 2200 non
2957 2157 3214 2214 quaerens
3237 2141 3382 2210 quod
3410 2139 3542 2193 mihi

1977 2246 2106 2300 utile
2131 2253 2236 2309 est,
2275 2243 2368 2300 sed
2405 2241 2550 2312 quod
2587 2238 2793 2301 multis,
2826 2245 2885 2291 ut
2907 2235 3041 2292 salvi
3075 2233 3210 2288 fiant
3227 2231 3271 2288 ³.
3332 2250 3351 2282 ι
3388 2230 3452 2284 Et
3475 2230 3541 2282 ad

1975 2334 2200 2390 Galatas
2233 2353 2248 2390 :
2291 2355 2310 2385 ι
2343 2331 2400 2388 Si
2441 2339 2856 2401 praeoccupatus
2886 2325 3052 2380 fuerit
3080 2325 3246 2377 homo
3274 2321 3328 2375 in
3361 2321 3544 2389 aliquo

1975 2425 2193 2490 delicto,
2227 2439 2327 2481 vos
2371 2423 2462 2494 qui
2499 2422 2634 2477 estis
2671 2417 3004 2489 spiritaales,
3034 2411 3352 2484 hujusmodi
3385 2411 3547 2466 insti-

1978 2516 2111 2572 tuite
2147 2516 2200 2570 in
2227 2515 2420 2584 spiritu
2451 2509 2714 2575 lenitatis,
2739 2507 3098 2563 considerans
3123 2503 3380 2573 teipsum,
3404 2514 3472 2554 ne
3491 2512 3544 2553 et

1977 2616 2034 2662 tu
2067 2606 2311 2663 tenteris.
2347 2605 2496 2659 Alter
2529 2601 2758 2656 alterius
2787 2613 2952 2654 onera
2991 2602 3224 2668 portate.
3255 2602 3311 2647 et
3341 2593 3420 2648 sic
3451 2593 3547 2645 ad-

1978 2696 2270 2766 implebitis
2325 2695 2496 2764 legem
2548 2691 2755 2747 Christi
2773 2689 2816 2742 ⁵.
2853 2708 2874 2742 ι
2930 2688 3000 2742 Et
3051 2685 3340 2741 Iacobus:
3389 2702 3406 2733 ι
3441 2679 3542 2736 Ubi

1977 2787 2241 2858 zelotypia
2270 2793 2325 2839 et
2365 2782 2716 2852 disceptatio,
2751 2780 2824 2834 ibi
2857 2775 3157 2834 destructio
3183 2783 3237 2829 et
3260 2772 3546 2842 quodcun-

1977 2893 2084 2948 que
2113 2876 2315 2930 malum
2332 2875 2376 2929 ⁸.
2409 2893 2428 2926 ι
2472 2871 2582 2928 Nos
2623 2869 2763 2940 fugit
2792 2870 2846 2923 in
2877 2883 2986 2938 qua
3021 2860 3376 2937 (conditione)
3406 2875 3544 2914 eon-

1976 2969 2250 3032 vcnimus,
2298 2981 2406 3020 non
2465 2963 2754 3018 cmnobitae
2785 2959 2938 3022 facti,
2972 2958 3066 3012 sed
3094 2956 3326 3026 quisque
3357 2965 3453 3022 pro
3487 2966 3546 3004 se

1980 3060 2355 3128 satagitantes.
2377 3055 2608 3122 Quando
2637 3053 2782 3108 enim
2809 3053 3071 3108 robustus
3097 3057 3152 3104 et
3171 3046 3386 3102 validus
3412 3043 3547 3098 nihil

309 3139 370 3190 ὲν
415 3135 520 3190 τίνι
564 3136 1004 3208 συνεληλύθαμεν
1029 3155 1042 3168 ⁸
1089 3139 1154 3192 οὐ
1195 3139 1530 3194 κοινοϐιάται
1561 3141 1875 3212 γενόμενον

321 3223 720 3243 mnus“,
845 3225 859 3243 .
1299 3225 1416 3243 ..Α
1585 3231 1743 3243 ...

1980 3165 2100 3206 sese
2116 3165 2262 3219 aegro
2286 3161 2340 3204 ct
2371 3147 2612 3203 invalido
2628 3144 3024 3206 communicat,
3046 3142 3101 3196 in
3133 3137 3548 3195 necessitatibus

309 3223 425 3279 ἀλλ’
457 3225 751 3302 ίδιόρυθμοι
775 3225 868 3280 καὶ
895 3227 1335 3298 πραγματευταί.
1353 3225 1518 3281 Ὅταν
1538 3231 1646 3300 γὰρ
1675 3231 1702 3282 6
1729 3233 1879 3300 taxu-

312 3317 404 3386 ρδς
431 3318 526 3369 καὶ
557 3315 827 3388 εὔρωστος
851 3315 913 3369 οὐ
937 3319 1182 3370 κοινωνεῖ
1199 3317 1280 3388 τῷ
1308 3318 1569 3390 πάσχοντι
1603 3321 1698 3375 καὶ
1719 3321 1881 3375 ἀσθε-

308 3405 488 3458 νοῦντι
509 3445 524 3470 ,
547 3404 808 3460 διακονῶν
835 3407 892 3460 ὲν
915 3407 1028 3469 τοῖς
1051 3407 1402 3475 ἀναγκαίοις,
1425 3409 1563 3464 ἀλλά
1583 3411 1723 3480 μετά
1741 3415 1881 3484 παῤ.

313 3495 506 3569 ρησίας
537 3495 685 3563 λέγει
712 3511 724 3525 ·
758 3496 1019 3550 Κοπιάτω
1047 3496 1122 3560 ὡς
1160 3500 1272 3565 ἐγώ
1291 3513 1306 3528 ·
1351 3497 1578 3552 ἐσθιέτω
1617 3500 1688 3553 τά
1715 3501 1876 3564 αὐτὰ,

311 3585 431 3649 πῶς
451 3587 548 3638 οὐκ
569 3583 934 3654 ἀσπλαγχνία,
960 3587 1053 3639 καὶ
1095 3586 1425 3656 ἀναλγησία,
1483 3588 1582 3643 καὶ
1619 3589 1881 3661 διαίρεσις

311 3671 404 3724 τοῦ
429 3671 799 3742 πνευματικοῦ
825 3673 920 3725 καὶ
941 3673 1120 3726 κοινοῦ
1149 3673 1264 3742 βίου
1285 3691 1300 3740 ;

385 3761 734 3832 Πνευματικὴ
773 3761 883 3832 γὰρ
908 3763 1095 3834 ἀγάπη
1122 3766 1259 3829 ἐστὶ,
1292 3765 1355 3818 τὺ
1382 3765 1590 3821 τιθέναι
1630 3767 1731 3837 τὴν
1773 3767 1880 3838 ψυ-

315 3851 418 3924 χὴν
474 3851 618 3922 ὑπὲρ
667 3851 762 3905 τοῦ
805 3851 1037 3922 ἀδελφοῦ
1078 3855 1130 3906 εί
1157 3853 1287 3909 δίει.
1321 3855 1487 3911 Ὅταν
1525 3851 1620 3910 οὖν
1646 3857 1766 3912 οὐδὲ
1803 3857 1882 3928 τῷ

315 3943 528 4015 σώματι
559 3944 1005 4016 ὑπερκοπιῶμεν,
1035 3944 1304 4001 κοινόσιον
1335 3945 1552 4017 ιχομεν.
1589 3948 1677 4002 ἵνα
1703 3949 1760 4003 ai
1785 3948 1880 4004 τοῦ

312 4034 552 4103 Χριστοῦ
586 4033 798 4088 ἐντολαὶ
823 4036 880 4088 ἐν
908 4035 1041 4104 ἡμῖν
1073 4033 1410 4106 πληρῶνται,
1436 4036 1468 4107 ἢ
1501 4037 1590 4092 ἴνα
1616 4055 1882 4111 περιφρο-

314 4123 546 4191 νῶνται;
575 4124 705 4196 μένε
731 4124 917 4179 λοιπὸν
942 4126 1086 4189 ίδίως
1109 4142 1122 4156 ·
1166 4127 1242 4198 μὴ
1269 4127 1520 4196 κιϐδήλου
1546 4128 1639 4182 τὸν
1659 4130 1882 4198 ἀγγελι-

315 4214 411 4268 κὸν
441 4213 555 4286 βίον
573 4231 587 4244 ·
614 4217 690 4288 μὴ
713 4217 1009 4288 κατηγόρει
1039 4217 1277 4290 Χριστοῦ
1297 4236 1312 4251 ο
1337 4217 1510 4288 λέγων
1531 4237 1545 4252 ·
1579 4221 1884 4292 Οὐιιὲσμὲν

313 4305 389 4368 ὡς
419 4307 448 4358 ὀ
468 4305 722 4377 Χριστὸς,
762 4307 848 4360 ἵνα
875 4309 1230 4381 κατορθῶμεν
1255 4309 1353 4372 τὰς
1373 4309 1573 4382 ἀρετὰς
1617 4303 1698 4376 ὼξ
1723 4314 1884 4376 αὐτὸς

314 4397 553 4468 ἐπλήρου
579 4413 592 4426 ο
649 4399 842 4453 ἑαυτὸν
893 4400 1253 4472 ἀποχωρίζων
1301 4401 1491 4457 αὑτοῦ.
1528 4403 1667 4472 Φησὶ
1708 4404 1817 4475 γὰρ
1857 4407 1886 4460 ὁ

1979 3243 2244 3306 serviens,
2266 3241 2480 3312 (nimia)
2507 3254 2636 3295 vero
2663 3252 2788 3294 cum
2816 3237 3070 3292 libertate
3095 3233 3227 3289 dicit
3256 3251 3270 3287 :
3311 3229 3577 3284 Fatiscat.

1979 3345 2040 3390 ut
2075 3349 2197 3404 ego,
2228 3341 2480 3389 vescatur
2517 3341 2577 3385 ut
2614 3345 2715 3398 ego
2747 3347 2760 3383 :
2791 3327 3068 3398 quomodo
3101 3339 3206 3379 non
3237 3331 3419 3378 essent
3449 3322 3551 3375 (Ιιιο-

1979 3425 2103 3479 ritia
2127 3435 2184 3478 et
2205 3423 2659 3479 immisericordia
2683 3461 2698 3487 ,
2732 3421 3155 3490 communisque
3183 3417 3310 3472 vitae
3340 3429 3405 3470 ac
3435 3411 3551 3483 spi-

1979 3511 2194 3568 ritualis
2238 3509 2530 3566 dissolutio
2547 3510 2570 3562 ?

2053 3765 2371 3837 Spiritualis
2404 3765 2552 3821 enim
2580 3763 2826 3820 Charitas"
2846 3771 2930 3817 est
2958 3741 3124 3816 vitam
3153 3775 3252 3830 pro
3286 3756 3478 3821 fratre,
3503 3759 3550 3811 si

1981 3859 2286 3916 necessitas
2331 3855 2496 3918 adsit,
2544 3869 2764 3926 ponere.
2815 3851 3046 3918 Quando
3109 3851 3272 3922 igitur
3325 3865 3556 3920 corpore

1982 3970 2092 4009 non
2115 3952 2500 4023 defatigamur,
2539 3959 2796 4006 utrumne
2831 3947 3147 4004 ctenobium
3181 3957 3454 4010 tenemus,
3497 3953 3557 4000 ut

1981 4045 2185 4103 Christi
2215 4045 2468 4100 mandata
2497 4042 2552 4098 in
2587 4041 2745 4097 nobis
2767 4040 3184 4110 adimpleantur,
3229 4053 3298 4094 an
3335 4047 3395 4092 ut
3421 4053 3556 4094 con-

1983 4136 2616 4195 temnantur‘lCaeterum
2645 4135 2892 4204 privatus
2915 4146 3268 4202 permaneas:
3297 4145 3364 4185 ne
3387 4133 3554 4184 vitam

1984 4229 2285 4300 angelicam
2317 4241 2662 4296 corrumpas,
2693 4239 2762 4280 ne
2798 4223 3078 4278 Christum
3123 4222 3444 4290 redarguas,
3471 4221 3558 4276 di-

1983 4335 2113 4376 cens
2138 4334 2153 4372 :
2179 4317 2298 4373 Non
2329 4331 2520 4374 sumus
2545 4313 2762 4370 Christo
2790 4312 3018 4376 similes,
3053 4310 3148 4380 qui
3204 4309 3434 4363 virtutes
3473 4323 3559 4363 re-

1985 4414 2300 4473 stltuamus,
2331 4416 2393 4462 ut
2422 4417 2476 4462 et
2515 4407 2633 4476 ipse
2678 4402 2926 4474 perfecit,
2964 4410 3014 4456 te
3045 4401 3114 4456 ab
3145 4400 3240 4454 illo
3270 4411 3554 4466 separans.

313 4487 609 4554 ἀπόστολος
649 4493 905 4563 Ἰωάννης
927 4511 942 4526 ο
981 4513 1000 4546 ι
1038 4495 1095 4548 Ὀ
1135 4495 1309 4562 λέγων
1359 4497 1418 4550 ὲν
1470 4496 1623 4568 αὐτῷ
1674 4497 1878 4568 μένειν,

1989 4503 2129 4558 Dicit
2149 4501 2296 4556 enim
2320 4497 2560 4554 Joannes
2589 4495 2874 4567 apostolus
2903 4511 2916 4549 :
2963 4513 2982 4546 ι
3015 4493 3122 4561 Qui
3153 4508 3214 4549 se
3248 4493 3304 4546 in
3334 4489 3558 4546 Christo

313 4580 520 4649 ὀφείλει
545 4582 726 4647 καθὼς
746 4585 952 4650 ἐκεῖνος
983 4587 1375 4658 περιεπάτησε,
1405 4590 1499 4643 καὶ
1521 4590 1686 4655 αὐτὸς
1711 4591 1884 4655 οὕτως

316 4677 658 4742 περιπατεῖν.
686 4694 707 4727 ι
752 4676 862 4729 Καὶ
891 4677 1084 4731 πάλιν⁶
1126 4697 1145 4730 ι
1174 4679 1288 4743 Πᾶς
1325 4681 1355 4733 6
1389 4681 1566 4750 μισῶν
1597 4681 1689 4735 τὸν
1729 4681 1886 4736 ἀδελ-

318 4762 414 4831 φδν
441 4764 626 4830 αὐτοῦ,
661 4765 1106 4836 ἀνθρωποκτόνος
1140 4769 1257 4822 ἔστί
1281 4786 1294 4800 ·
1323 4770 1418 4824 καὶ
1444 4771 1622 4824 οἴδατε
1665 4773 1749 4825 ὅτι
1776 4773 1886 4836 πᾶς

317 4857 760 4938 ἀνθρωποκτόνος
791 4860 892 4914 οὐκ
937 4861 1052 4932 ἔχει
1087 4861 1230 4933 ζωὴν
1257 4863 1476 4918 αἰώνιον
1519 4867 1578 4918 ὲν
1609 4865 1757 4937 αὐτῷ
1783 4866 1884 4935 μέ-

317 4965 512 5002 νουσαν
535 4965 548 4978 ·
576 4951 636 5004 ὲν
668 4951 846 5022 τούτῳ
868 4951 1192 5023 ἐγνώκαμεν
1219 4953 1320 5023 τὴν
1347 4955 1571 5026 ἀγάπην
1592 4973 1607 4988 ο
1641 4959 1722 5014 ὅτι
1743 4959 1887 5012 ἐκεῖ-

319 5055 404 5099 νος
436 5039 576 5111 ὑπὲρ
602 5041 760 5112 ἡμῶν
787 5040 888 5113 τὴν
915 5041 1092 5114 ψυχὴν
1137 5043 1302 5097 αὐτοῦ
1348 5043 1549 5116 ἔθηκε-ι⁹
1586 5049 1682 5100 καὶ
1722 5051 1888 5120 ἡμεῖς

319 5129 604 5200 ὀφείλομεν
651 5133 792 5203 ὑπὲρ
820 5132 930 5188 τῶν
961 5133 1206 5204 ἀδελφῶν
1246 5141 1346 5200 τὰς
1373 5135 1552 5207 ψυχάς
1597 5138 1824 5198 τιθέναιῑ
1862 5159 1882 5194 ι

319 5221 428 5282 Καὶ
451 5221 614 5286 αὐτὸς
641 5225 672 5277 6
688 5224 920 5295 Χριστός
945 5241 960 5256 ο
1000 5242 1019 5276 ι
1048 5225 1109 5278 El
1131 5220 1224 5279 οὖν
1251 5225 1364 5295 ἐγὼ
1389 5226 1548 5297 ἔνιψα
1579 5229 1734 5298 ὑμῶν
1759 5233 1886 5294 τοὺς

322 5311 512 5378 πόδας,
531 5313 560 5364 6
586 5313 791 5385 Κύριος
821 5317 914 5369 καὶ
937 5317 966 5366 6
993 5315 1335 5382 διδάσκαλος,
1349 5318 1444 5372 καὶ
1461 5319 1618 5389 ὑμεῖς
1639 5321 1884 5390 ὀφείλετε

319 5400 563 5471 ἀλλήλων
595 5404 807 5459 νίπτειν
841 5407 970 5470 τοὺς
993 5406 1181 5472 πόδας.
1222 5407 1561 5479 ’Υπόδειγμα
1581 5410 1690 5482 γὰρ
1709 5411 1887 5466 ἔδωκα

323 5493 451 5562 ὑμῖν
469 5534 486 5560 ,
516 5494 604 5548 ῑνα
631 5495 812 5561 καθὼς
844 5498 958 5566 ἐγὼ
983 5498 1216 5572 ἐποίησα
1244 5501 1392 5570 ὑμῖν,
1419 5503 1516 5555 καὶ
1539 5502 1700 5572 ὑμεῖς
1723 5501 1886 5574 ποιῆ-

390 5607 408 5677 ἕ
442 5607 608 5677 Boni.
641 5623 740 5672 xu,
769 5609 825 5674 4,
851 5609 905 5665 5.
987 5614 1008 5646 ⁸
1046 5611 1205 5666 Rom.
1236 5629 1326 5677 xv,
1365 5610 1418 5666 7.

1643 5612 1666 5644 ³
1697 5613 1732 5667 Ι“
1775 5615 1899 5668 Cor.
1935 5631 1988 5676 χ,
2037 5614 2127 5680 52,
2180 5615 2268 5668 55.

1987 4605 2306 4664 permanere
2347 4587 2581 4644 allirmat
2603 4625 2620 4652 ,
2651 4587 2804 4642 illum
2850 4593 3072 4656 oportet
3097 4582 3381 4638 ambulare
3414 4580 3560 4636 sicut

1985 4695 2040 4738 et
2068 4682 2316 4739 Christus
2341 4679 2697 4736 ambulavit“.
2740 4697 2762 4732 ι
2796 4676 2862 4732 Et
2884 4677 3085 4732 iterum
3124 4691 3140 4729 ι
3176 4695 3194 4726 ι
3229 4673 3560 4740 Quicunque

1985 4774 2210 4830 fratrem
2241 4789 2402 4830 suum
2434 4771 2568 4837 odit,
2598 4769 2875 4825 homicida
2903 4777 3021 4835 est;
3071 4775 3126 4822 et
3155 4765 3356 4820 scitote
3411 4759 3557 4832 quod

1988 4867 2171 4922 nullus
2199 4865 2472 4920 homicida
2495 4864 2664 4918 vitam
2693 4871 2950 4917 aeternam
2989 4861 3044 4914 in
3075 4875 3134 4914 se
3166 4857 3348 4911 habet.
3369 4854 3429 4908 in
3451 4853 3560 4908 hoc

1989 4957 2310 5014 charitatem
2341 4957 2697 5026 cognovimus
2719 4996 2734 5020 ,
2797 4953 2946 5022 quod
2985 4951 3237 5006 Christus
3275 4963 3371 5018 pro
3398 4946 3559 5000 nobis

1989 5052 2227 5107 animam
2263 5063 2418 5104 suam
2446 5048 2650 5117 posuit.
2679 5045 2746 5100 Et
2786 5060 2887 5100 nos
2919 5059 3017 5114 pro
3045 5041 3312 5096 fratribus
3340 5038 3555 5093 animas

1989 5148 2209 5196 nostras
2260 5152 2461 5206 ponere
2503 5137 2827 5192 debemus".
2866 5153 2885 5187 ι
2939 5134 3060 5204 Ipse
3101 5131 3356 5187 Christus
3391 5148 3404 5183 :
3443 5146 3462 5180 ι
3502 5128 3560 5181 Si

1989 5232 2156 5301 igitur
2191 5229 2346 5284 vobis
2375 5228 2540 5298 pedes
2585 5227 2689 5281 lavi
2737 5243 2839 5297 ego
2885 5225 3148 5281 Dominus
3179 5232 3234 5278 et
3279 5219 3556 5290 Magister,

1991 5321 2202 5378 debetis
2249 5330 2304 5374 et
2357 5332 2454 5372 vos
2485 5317 2643 5371 vobis
2663 5318 2896 5372 invicem
2927 5316 3092 5386 pedes
3117 5315 3324 5377 lavare,
3358 5309 3564 5378 quippe

1991 5409 2302 5480 exemplum
2335 5408 2458 5463 dedi
2489 5410 2668 5472 vobis,
2702 5418 2782 5472 ut,
2815 5409 2960 5464 sicut
2983 5421 3084 5475 ego
3131 5404 3234 5458 fcci
3270 5401 3444 5464 vobis,
3487 5399 3561 5453 ita

1992 5511 2048 5558 et
2071 5517 2168 5556 vos
2199 5499 2464 5556 faciatis“.
2509 5519 2528 5552 ι
2559 5500 2626 5554 Et
2654 5500 2851 5554 iterum
2880 5515 2892 5550 :
2939 5515 2958 5549 ι
3003 5495 3317 5550 Μειιιιιιιιιηι
3358 5504 3560 5544 novum

2385 5611 2407 5642 ⁵
2449 5611 2624 5668 Galat.
2689 5627 2762 5674 vr,
2822 5609 2873 5676 ί,
2929 5610 2984 5662 ‘2.
3097 5608 3116 5638 ⁵
3155 5603 3270 5660 Jac.
3336 5617 3418 5668 ιιι,
3471 5598 3593 5666 ὶ6.,.

324 5675 394 5730 ⁸1
433 5673 592 5731 Joan.
645 5693 704 5743 ιι,
751 5673 816 5732 6.
881 5681 900 5712 ⁷
938 5679 1143 5736 lJoan.
1179 5699 1233 5738 ιιι
1289 5673 1382 5738 {5.
1457 5682 1480 5715 ⁸
1511 5681 1671 5738 Joan.
1701 5698 1817 5750 xm,
1850 5684 1938 5748 Η,
1975 5673 2092 5739 ’15.

391 5790 466 5864 (l)
495 5789 550 5852 ιη
583 5791 826 5863 margine
862 5807 877 5848 ε
916 5793 1141 5864 σχόλιον.
1170 5796 1244 5848 Οὐ
1287 5799 1398 5864 γὰρ
1429 5793 1582 5853 εἶπεν
1609 5796 1667 5854 ἐν
1699 5797 1878 5868 σῶμα,
1917 5797 2030 5855 ἀλλ’
2057 5801 2094 5872 ἡ
2119 5797 2313 5868 καρδία
2341 5797 2431 5852 καὶ
2461 5797 2498 5866 ἡ
2520 5795 2666 5866 ψυχὴ
2699 5795 2818 5866 μία.
