4090 6286
620 343 754 412 1539

1856 381 2228 446 PACIIOMII
2281 389 2623 455 MONACHI

3718 416 3824 481 l3l0

613 459 733 511 dedi
763 461 938 526 vobis,
978 473 1034 517 ut
1079 482 1172 521 vos
1208 469 1436 528 invicem
1472 477 1711 548 diligatis
1749 501 1764 536 :
1807 496 1863 540 ut
1887 502 1988 556 ego
2013 489 2166 544 dilexi

613 560 711 588 vna
760 547 827 588 ita
869 560 917 588 pl
948 555 1298 588 VI\Q:III1:nn--\
1334 563 1568 588 .t:t:__-.:_
1631 569 1675 588 n,
1713 571 1724 588 ι

3720 459 3824 481 ιυσυ

2281 511 2360 548 τε.
2390 515 2408 548 ι
2449 499 2557 553 Καὶ
2587 503 2777 556 ’πάλιν⁸
2818 524 2838 556 ι
2882 507 3128 580 Ἐντολὴν
3158 512 3359 582 καινὴν
3382 505 3577 586 δίδωμι
3603 519 3737 588 ὑμῖν,
3758 526 3824 578 ἵνα

609 560 730 612 vos,
760 547 830 601 ita
869 560 921 604 et
948 568 1044 608 vos
1067 555 1299 614 invicem
1332 547 1590 634 diligatis.
1631 569 1684 624 In
1713 571 1814 629 hoc
1840 589 2177 647 cognoscent

616 651 808 694 omnes
851 656 949 696 vos
979 661 1128 700 meos
1165 665 1288 707 esse
1317 654 1634 726 discipulos,
1685 667 1827 733 quod
1857 667 2175 724 charitatein

615 727 704 780 alii
733 745 857 799 erga
883 734 1020 790 alios
1057 745 1412 799 exerceatis”.
1452 767 1470 797 ι
1509 748 1584 804 Ne
1612 727 1778 820 igitur
1838 755 1976 812 falso
2015 758 2177 813 Chrio

613 827 752 871 stunt
783 823 1019 887 incuses.
1055 843 1178 884 cum
1216 844 1434 904 propter
1477 849 1530 894 te
1557 843 1720 898 homo
1745 855 1906 902 natus
1935 849 2034 914 sit;
2081 865 2175 904 ne-

611 921 717 974 que
743 908 1018 966 diabolum
1069 932 1166 986 pro
1193 919 1410 980 Christo
1445 929 1762 998 magistrum
1793 908 2049 1005 accipias.
2101 936 2177 994 Ne

611 999 964 1056 cmuobialem
998 1014 1181 1076 typum
1229 1022 1282 1065 et
1332 1018 1570 1085 regulam
1613 1031 1854 1080 ostentes
1898 1027 2053 1082 malae
2085 1043 2176 1083 vo-

613 1085 837 1145 luntatis
873 1101 928 1146 et
955 1095 1170 1154 duritiae
1205 1105 1384 1160 cordis
1415 1109 1697 1175 auxilium,
1749 1129 1868 1184 quae
1898 1132 1998 1173 nos
2027 1133 2178 1173 acce-

611 1177 789 1245 pimus
825 1191 882 1236 ut
917 1186 1072 1243 nobis
1101 1189 1330 1248 invicem
1360 1177 1782 1259 subveniamus:
1807 1205 1963 1272 Quod
1991 1211 2176 1279 sequi-

613 1278 700 1322 tur
728 1270 963 1329 historiae
984 1276 1257 1352 intellige:
1284 1301 1480 1357 magna
1512 1305 1634 1344 cum
1661 1298 1900 1362 potentia
1937 1303 2172 1369 apostoli

610 1361 678 1414 de
721 1367 1123 1424 resurrectione
1149 1370 1362 1428 Domini
1409 1375 1538 1434 Jesu
1580 1361 1954 1440 testimonium
1989 1391 2174 1458 perhi-

610 1452 863 1522 buerunt,
895 1461 1178 1532 gratiaque
1226 1483 1418 1537 magna
1451 1487 1617 1540 super
1649 1490 1746 1530 eos
1777 1479 1956 1545 venit;
1995 1481 2174 1538 nullus

609 1541 752 1596 enim
783 1560 846 1598 ex
881 1548 962 1602 eis
1008 1549 1187 1620 inopia
1237 1559 1601 1624 premebatur.
1641 1563 1868 1622 Videsne
1905 1541 2046 1626 unde
2079 1587 2177 1642 po-

609 1635 832 1690 tentiam
881 1629 1220 1714 gratiamque
1269 1651 1588 1717 praedicatio
1633 1657 1927 1715 habuerit?
1986 1663 2064 1717 Ex
2110 1680 2176 1719 eo

608 1727 756 1794 quod
809 1744 1000 1789 omnes
1055 1740 1337 1796 credentes
1398 1745 1451 1797 in
1513 1749 1842 1806 abundantia
1899 1755 2170 1811 vivebant.

609 1815 894 1882 Quomodo
945 1825 1048 1881 hoc
1101 1829 1312 1902 (fuerit)
1373 1835 1600 1892 historia
1653 1843 1822 1898 addit.
1895 1845 2176 1917 Quotquot
2207 1837 2250 1896 Β

611 1917 876 1966 terrarum
905 1925 960 1970 et
983 1917 1269 1974 domorum
1305 1940 1644 1992 possessores
1663 1945 1838 2002 erant,
1871 1940 2177 1995 vendebant

609 2010 664 2053 et
696 2003 925 2059 vendita:
951 2009 1028 2062 rei
1061 2013 1292 2079 pretium
1324 2016 1548 2074 allatum
1598 2033 1725 2078 ante
1755 2031 1918 2095 pedes
1953 2041 2174 2100 aposto-

607 2088 782 2145 lorum
829 2094 1195 2164 deponebant.
1243 2104 1398 2172 Quod
1449 2088 1769 2183 unicuique,
1822 2088 2002 2186 prout.
2037 2137 2175 2190 opus

606 2190 754 2248 erat,
821 2185 1279 2261 distribuebatur,
1354 2215 1530 2270 neque
1586 2185 1843 2264 omnibus
1932 2185 2174 2266 tantum-

607 2273 730 2328 dem
781 2276 1155 2347 aﬂerentibus,
1205 2302 1380 2358 neque
1417 2294 1668 2360 portione
1715 2312 1870 2368 aequa
1915 2303 2174 2360 omnibus

607 2363 756 2432 data,
788 2369 881 2422 sed
913 2381 1178 2440 quantum
1221 2377 1455 2451 quisque
1507 2363 2082 2459 habebat,_quantum
2119 2403 2175 2448 et

607 2456 806 2526 cuique
833 2473 994 2529 opus.

679 2545 754 2600 De
799 2550 1047 2606 oratione
1101 2563 1154 2609 et
1208 2557 1509 2626 psalmodia
1558 2564 1670 2633 jam
1725 2567 2014 2626 dicendum
2066 2587 2171 2631 est.

609 2626 682 2683 De
703 2635 966 2692 oratione.
1029 2638 1316 2714 Martyres,
1371 2626 1651 2718 propheta:
1676 2663 1730 2709 et
1761 2661 1995 2726 apostoli
2039 2626 2170 2718 ora:

605 2720 756 2787 bant,
785 2727 876 2794 qui
907 2730 1066 2785 nobis
1093 2735 1397 2792 orationem
1430 2720 1813 2811 tradiderunt;
1845 2763 1948 2804 nos
1985 2761 2167 2808 autem

605 2809 660 2865 in
697 2819 1115 2880 necessitatibus
1159 2831 1408 2886 oratione
1455 2834 1698 2904 utimur;
1734 2840 1828 2894 sed
1875 2843 2169 2912 perfectius

605 2904 718 2971 ipse
743 2905 994 2968 Christus
1021 2916 1114 2983 qui
1165 2933 1274 2974 non
1305 2921 1485 2978 solum
1515 2940 1700 2996 opere,
1737 2929 1790 2983 in
1833 2904 2047 2988 deserta
2073 2937 2168 2992 de~

601 2995 803 3053 cedens
859 3009 912 3054 et
949 3017 1198 3061 seorsum
1245 3025 1432 3078 orans,
1475 2995 1576 3072 nos
1623 3019 1800 3087 docet,
1853 3025 1948 3079 sed
1999 3027 2164 3083 etiam

603 3087 784 3141 verbis
813 3095 1089 3158 quomodo
1123 3101 1426 3157 orationem
1475 3107 1821 3174 perﬁciamus
1844 3153 1859 3177 ,
1896 3129 1951 3171 et
1996 3117 2049 3172 in
2101 3135 2164 3176 ea

602 3195 708 3234 non
743 3181 1060 3242 deﬁciamus
1084 3229 1100 3254 ,
1128 3196 1490 3264 proponitque
1518 3199 1572 3254 in
1607 3207 1922 3274 exemplum
1951 3212 2162 3268 amicos

598 3269 850 3344 ﬁliosque
903 3290 1154 3346 petentes
1208 3293 1264 3339 et
1310 3289 1662 3358 accipientes,
1717 3269 1885 3367 atque
1943 3302 2160 3359 viduam

599 3365 852 3432 precibus
881 3367 1196 3439 instantem,
1227 3374 1403 3434 donec
1417 3380 1510 3449 jus
1553 3365 1811 3440 violatum
1851 3391 2158 3450 restitutum

601 3450 786 3507 fuerit.
853 3455 923 3512 Et
982 3459 1153 3516 multa
1211 3464 1359 3522 talia.
1414 3467 1494 3524 De
1564 3474 1880 3542 psalmodiae
1933 3481 2163 3551 hymno-

604 3557 832 3613 rumque
864 3549 1229 3617 spiritualium
1256 3595 1272 3620 ,
1300 3565 1354 3612 et
1379 3573 1502 3628 qua:
1529 3562 1582 3616 in
1615 3566 1817 3621 mundo
1849 3549 1986 3626 ﬁunt
2025 3589 2158 3628 can-

598 3633 882 3692 tilenarum
921 3640 1152 3698 utilitate
1180 3647 1362 3703 videre
1390 3660 1492 3706 est.
1529 3651 1586 3708 Si
1615 3659 1934 3716 cantoribus
1971 3665 2158 3720 mundi

596 3741 853 3793 proceres
884 3733 1123 3801 praebent
1151 3740 1373 3806 praemia
1399 3781 1414 3806 ,
1443 3745 1614 3800 multo
1649 3746 1792 3804 Deus
1834 3749 2110 3810 liberalior
2145 3776 2156 3811 :

597 3823 760 3870 testes
789 3818 982 3890 (sunt),
1002 3837 1068 3878 ex
1094 3839 1248 3881 sacra
1278 3827 1582 3900 Scriptura,
1613 3835 1718 3892 ﬁde
1745 3838 1893 3910 digni
1920 3840 2156 3914 Moyses,

600 3903 790 3970 David,
817 3906 1096 3980 Salomon,
1127 3924 1182 3969 et
1210 3927 1476 3989 quotquot
1503 3923 1595 3978 alii
1629 3903 1860 3997 hymnos
1897 3930 1952 3984 in
1983 3903 2157 3990 h'ono-Z

595 4012 710 4052 rem
743 3998 836 4055 Dei
865 4012 1175 4062 cantarunt.
1213 4009 1260 4063 A
1311 4013 1511 4080 quibus
1551 4021 1828 4086 quomodo
1875 4023 2154 4094 sigillatim

598 4099 694 4143 aut
723 4090 774 4144 in
805 4093 978 4149 choro
1011 4098 1252 4164 canitur,
1287 4102 1632 4171 discendum,
1667 4117 1724 4164 et
1759 4126 1868 4168 non
1902 4090 2064 4170 modo
2089 4117 2158 4172 de

594 4180 920 4246 psalmodia,
958 4187 1052 4242 sed
1101 4199 1156 4244 et
1197 4189 1265 4246 de
1312 4195 1524 4252 caeteris
1569 4199 1754 4270 templi
1812 4203 2154 4262 ministeriis.

599 4271 806 4328 Etenim
835 4274 1048 4334 Levitas
1069 4281 1206 4337 alios
1229 4282 1284 4337 in
1311 4285 1461 4341 aliud
1489 4287 1721 4345 olﬁcium
1745 4290 2149 4366 disposuerunt,

593 4370 649 4416 et
683 4364 735 4417 in
769 4367 1072 4435 psalmodia
1123 4373 1369 4432 diversos
1403 4377 1602 4436 choros
1649 4381 2026 4452 instituerunt,
2067 4391 2152 4444 al-

2283 588 2532 655 άγαπᾶτε
2561 592 2852 666 ἀλλήλους’
2900 599 3080 664 καθὼς
3123 603 3398 674 ἠγάπησα
3431 608 3594 677 ὑμᾶς,
3638 612 3716 667 ἵνα
3749 619 3824 670 καὶ

2285 675 2438 744 ὑμεῖς
2471 679 2722 747 ἀγαπᾶτε
2748 685 3009 756 ἀλλήλους
3031 703 3045 716 ·
3097 690 3152 741 ὲν
3177 691 3361 762 τούτῳ
3393 693 3687 760 γνώσονται
3713 703 3822 755 πάν-

2281 781 2392 828 τες,
2445 769 2526 821 ὅτι
2585 771 2706 840 ἐμοὶ
2767 774 3004 842 μαθηταί
3060 779 3204 842 ἐστε,
3259 781 3362 836 ἐὰν
3421 782 3642 854 ἀγάπην
3691 787 3821 858 ἔχητε

2282 857 2340 909 ὲν
2369 857 2640 929 ἀλλήλοις.
2679 881 2698 914 ›
2749 863 2842 934 Μὴ
2898 865 2991 918 οὖν
3041 869 3394 935 καταψεύδου.
3443 873 3699 942 Χριστοῦ,
3726 879 3822 930 ἐπεὶ

2281 946 2563 1018 ἄνθρωπος
2611 951 2800 1020 γέγονε
2832 953 2920 1008 διὰ
2955 958 3051 1009 σέ·
3097 959 3233 1027 μηδὲ
3294 958 3551 1031 μαθητὴς
3585 966 3721 1030 γίνου
3745 967 3820 1020 τοῦ

2280 1038 2546 1104 διαϐόλου,
2577 1042 2699 1097 ἀντὶ
2750 1046 2844 1098 τοῦ
2883 1048 3148 1118 Χριστοῦ·
3199 1051 3340 1120 μηδὲ
3390 1053 3488 1105 τὸν
3523 1055 3822 1111 κοινοϐιακῦν

2281 1131 2450 1184 τύπον
2486 1149 2546 1185 τε
2581 1136 2676 1188 καὶ
2727 1137 2929 1192 κανόνα
2957 1139 3266 1209 προϐάλλου
3309 1143 3602 1215 σύμμαχον
3627 1146 3716 1217 τῆς
3740 1149 3820 1218 σῆς

2281 1223 2638 1290 κακοϐουλίας
2667 1243 2728 1280 τε
2753 1231 2846 1281 καὶ
2873 1219 3250 1301 ἀσπλιαγχνίας
3267 1250 3281 1264 ·
3317 1234 3450 1287 ὃνπε
3460 1252 3491 1306 ρ
3525 1238 3604 1298 εἰς
3630 1239 3820 1296 δπικου-

2281 1316 2404 1388 ρίαν
2438 1316 2680 1388 ἀλλήλων
2705 1319 2972 1391 ἐλάϐομεν
2993 1339 3007 1354 ο
3046 1325 3140 1375 καὶ
3164 1323 3327 1386 σύνες
3355 1326 3420 1378 τὸ
3440 1325 3714 1380 ἀκόλουθον
3739 1329 3819 1397 τῆς

2283 1408 2521 1478 ἱστορίας
2545 1424 2556 1441 ·
2581 1411 2674 1464 καὶ
2701 1409 2931 1482 δυνάμει
2969 1413 3181 1484 μεγάλῃ
3210 1413 3506 1468 ἀπεδίδουν
3544 1419 3593 1470 οἱ
3621 1419 3822 1472 diutinae

2279 1501 2359 1554 λοι
2386 1503 2444 1554 τὸ
2473 1503 2772 1574 μαρτύριον
2792 1505 2890 1574 τῆς
2917 1505 3266 1572 ἀναστάσεως
3292 1509 3390 1562 τοῦ
3418 1511 3620 1582 Κυρίου
3651 1510 3818 1582 Ἰησούι

2280 1591 2440 1662 χάρις
2484 1609 2542 1646 τε
2579 1593 2790 1664 μεγάλη
2835 1590 2903 1664 ῆν
2936 1595 3030 1648 ἐπὶ
3061 1597 3274 1662 πάντας
3305 1599 3540 1662 αὐτούς’
3575 1601 3686 1654 οὐδὲ
3727 1603 3817 1672 γὰρ

2281 1682 2465 1753 ἐνδεής
2494 1700 2576 1747 τις
2609 1679 2678 1754 ἦν
2704 1685 2761 1738 ὲν
2791 1687 2998 1750 αὐτοῖς.
3039 1687 3204 1758 Ὁρᾷς
3245 1689 3376 1742 ὅθεν
3403 1689 3530 1760 ἔσχε
3570 1691 3663 1760 τὴν
3685 1691 3815 1745 δύνασ

2283 1771 2374 1841 μίν
2399 1789 2458 1824 τε
2489 1774 2582 1826 καὶ
2609 1773 2769 1843 χάριν
2801 1775 2863 1828 τὸ
2891 1775 3184 1848 κύρυγμα;
3225 1779 3327 1832 Ἐκ
3349 1779 3447 1832 τοῦ
3479 1783 3600 1844 τοὺς
3624 1783 3812 1836 πιστεύ-

2277 1878 2434 1926 οντας
2479 1865 2726 1928 ἅπαντας
2757 1861 2893 1918 εἶναι
2935 1867 3227 1931 άνενδεεῖς.
3261 1869 3394 1934 Πῶς
3440 1871 3495 1924 δὲ
3529 1873 3694 1938 τοῦτο,
3733 1877 3811 1927 ἐπ-

2277 1950 2401 2018 άγει
2425 1967 2438 1982 ·
2471 1952 2588 2005 ὅσοι
2611 1954 2721 2024 γὰρ
2750 1955 3014 2026 κτήτορες
3046 1958 3267 2028 χωρίων
3298 1958 3333 2030 ἢ
3361 1961 3549 2014 οίκιῶν
3580 1962 3805 2032 ὑπῆρχον,

2276 2043 2585 2108 πωλοῦντες
2627 2045 2820 2116 ἔφερον
2864 2047 2962 2111 τὰς
2993 2049 3162 2118 τιμάς
3209 2051 3324 2104 τῶν
3353 2054 3804 2124 πιπρασκομένων,

2275 2134 2369 2185 καὶ
2391 2133 2602 2188 ἐτίθουν
2635 2134 2786 2207 παρὰ
2817 2137 2944 2200 τούς
2979 2138 3146 2201 πόδας
3170 2139 3286 2192 τῶν
3314 2140 3624 2194 ἀποστόλων
3641 2159 3654 2172 ο
3677 2141 3802 2195 διεδί-

2273 2222 2394 2276 δοτο
2430 2222 2487 2276 δὲ
2535 2223 2751 2296 ἑκάστῳ
2792 2223 2917 2278 καθ’
2941 2227 3022 2279 ὅτι
3069 2225 3134 2280 ἄν
3176 2245 3264 2291 τις
3294 2229 3490 2300 χρείαν
3519 2227 3673 2300 εἶχεν.
3715 2230 3804 2282 Οὐκ

2272 2312 2333 2378 ἐξ
2362 2315 2475 2367 ῖσου
2511 2315 2712 2379 πάντες
2755 2317 2836 2379 είς
2871 2315 2932 2369 τὸ
2981 2316 3147 2386 μέσον
3207 2317 3472 2372 ἔϐαλλονο
3513 2319 3628 2374 οὐδὲ
3668 2322 3801 2373 πᾶσιν

2271 2404 2470 2474 ὁμοίως
2516 2405 2716 2460 ἐδίδοτο
2741 2421 2753 2434 ·
2791 2405 2908 2460 ἀλλ’
2935 2407 3070 2476 ὅπερ
3099 2409 3338 2474 ἕκαστος
3365 2405 3502 2480 εἷχε,
3537 2411 3627 2464 καὶ
3657 2409 3803 2463 καθ⁹δ

2271 2497 2460 2568 χρείαν
2485 2495 2656 2569 εἶχεν.

2353 2589 2641 2660 Ἐχόμενον
2669 2589 2763 2643 οὖν
2791 2593 2938 2643 ἐστιν
2977 2592 3154 2645 είπεῖν
3179 2597 3317 2664 περὶ
3347 2594 3516 2664 εὐχῆς
3539 2595 3628 2648 καὶ
3654 2593 3801 2662 ψαλμ-

2269 2675 2432 2748 ῳδίας
2451 2693 2464 2706 ·
2499 2677 2594 2730 καὶ
2618 2679 2746 2749 περὶ
2779 2679 2876 2748 μὲν
2899 2681 3086 2750 εὐχῆς,
3111 2681 3418 2754 μάρτυρες,
3449 2683 3704 2754 προφῆται
3727 2681 3798 2736 καὶ

2269 2768 2554 2823 ἀπόστολοι
2578 2770 2859 2840 εὐχόμενοι
2883 2789 2898 2802 ο
2927 2773 2976 2824 oi
3011 2774 3104 2826 καὶ
3133 2773 3342 2845 ταύτην
3375 2779 3458 2841 είς
3484 2779 3624 2847 ἡμᾶς
3650 2791 3798 2844 παρα-

2267 2857 2448 2920 δόντες
2466 2873 2481 2892 *
2509 2857 2600 2911 καὶ
2621 2860 2784 2928 ἡμεῖς
2805 2861 2962 2914 αὐτοὶ
3004 2863 3062 2914 ὲν
3089 2864 3454 2932 περιστάσεσι
3485 2865 3645 2935 ταύτῃ
3678 2862 3796 2934 χρώ-

2271 2967 2454 3019 μενοι·
2488 2949 2687 3020 μᾶλλον
2716 2950 2773 3004 δὲ
2804 2951 2968 3016 αὐτὸς
3005 2953 3032 3006 ό
3059 2954 3299 3024 Χριστὸς
3320 2996 3336 3022 ,
3373 2957 3436 3010 οὐ
3469 2957 3621 3028 μόνον
3650 2957 3710 3010 δι’
3728 2954 3800 3024 ἔρ-

2265 3052 2377 3104 γων
2403 3037 2669 3091 διδάσκων
2697 3039 2864 3110 ἡμᾶς’,
2905 3042 3206 3112 ἀναχωρῶν
3231 3045 3294 3098 ὲν
3322 3047 3443 3109 ταῖς
3467 3045 3694 3117 ἐρήμοις,
3719 3043 3798 3096 καὶ

2267 3129 2512 3182 κατιδίαν
2537 3130 2848 3200 εὐχόμενος,
2864 3132 3002 3187 ἀλλὰ
3028 3135 3122 3187 καὶ
3147 3134 3236 3188 διὰ
3268 3135 3467 3206 λόγων,
3499 3136 3570 3200 ὡς
3595 3135 3670 3190 δεῖ
3692 3133 3796 3187 ταὺ-

2269 3234 2370 3288 την
2399 3219 2596 3284 τελεῖν,
2623 3222 2716 3274 καὶ
2742 3221 2817 3294 μὴ
2845 3225 3104 3278 ὲκκακεῖν
3124 3239 3139 3256 ο
3167 3227 3440 3298 παράγων
3468 3227 3546 3288 είς
3570 3225 3794 3292 ὑπόδειγ-

2273 3325 2348 3378 μα
2409 3308 2606 3378 φίλους
2660 3313 2754 3366 καὶ
2787 3314 2940 3378 υίοὺς
2973 3314 3266 3380 αἰτοῦντας
3307 3320 3403 3372 καὶ
3431 3317 3793 3388 λαμϐάνοντες’

2269 3398 2362 3453 καί
2389 3417 2491 3452 που
2521 3401 2614 3453 καὶ
2643 3403 2822 3472 χήραν
2843 3403 3208 3477 ἀδικουμένην
3229 3409 3327 3462 καὶ
3359 3409 3434 3480 μὴ
3459 3403 3795 3476 ἀφισταμένην

2267 3490 2366 3560 τῆς
2403 3491 2690 3562 αἰτήσεως,
2712 3491 2854 3560 ,ὥστ’
2893 3495 3271 3568 ἐκδικηθῆναι,
3317 3500 3412 3554 καὶ
3447 3491 3795 3586 ετολλάτοιαῦς

2265 3597 2352 3636 τα.
2377 3583 2513 3652 Περὶ
2535 3583 2591 3634 δὲ
2619 3582 2939 3654 ψαλμῳδίας
2968 3587 3062 3639 καὶ
3087 3587 3276 3658 ὓμνων
3304 3579 3688 3660 πνευματικῶν,
3713 3579 3794 3635 καὶ

2265 3674 2328 3726 ἐκ
2355 3675 2450 3744 τῆς
2485 3674 2755 3744 κοσμικῆς
2784 3676 2927 3748 ᾠδῆς
2957 3678 3190 3733 συνιδεῖν
3218 3680 3370 3736 ἔστιν
3394 3680 3567 3735 αὐτῶν
3593 3677 3648 3731 τὸ
3668 3672 3792 3743 ὠφέ-

2265 3762 2441 3832 λιμον.
2469 3764 2530 3816 Εἰ
2560 3768 2668 3836 γὰρ
2689 3769 2802 3828 τοῖς
2822 3765 3041 3837 ᾄδουσιν
3065 3770 3250 3835 αὐτοῖς
3282 3773 3332 3826 oi
3355 3774 3412 3826 ὲν
3433 3771 3609 3839 κόσμῳ
3629 3767 3792 3838 ἄρχον·

2263 3871 2354 3916 τες
2399 3853 2696 3924 παρέχουσι
2725 3857 2971 3925 μισθοὺς,
3000 3860 3181 3932 πολλῷ
3214 3863 3416 3932 μᾶλλον
3457 3865 3484 3916 ό
3510 3860 3632 3921 Θεὸς
3659 3852 3786 3926 φιλό-

2263 3943 2433 4014 δωρος
2460 3943 2571 3998 ὧν·
2610 3947 2750 4018 πλὴν
2803 3949 3078 4020 μάρτυρες
3135 3954 3242 4008 κάκ
3289 3957 3388 4026 τῆς
3424 3953 3632 4022 Γραφῆς
3667 3945 3787 4011 ἀξιό*

2261 4051 2426 4105 Χρεφν
2453 4037 2712 4108 Μωῦσῆς.
2740 4039 2836 4092 καὶ
2889 4041 3072 4106 Δαυτδ,
3096 4045 3188 4097 καὶ
3233 4045 3515 4138 Σολομῶν,
3540 4037 3784 4138 xei-117..“

2261 4125 2374 4178 ὅσοι
2417 4123 2554 4196 ᾖσαν
2595 4128 2739 4198 ᾠδὰς
2781 4129 2860 4200 τῷ
2897 4133 3105 4204 Κυρίῳ.
3138 4135 3262 4199 Πῶς
3301 4137 3382 4189 δεῖ
3416 4133 3554 4196 ἰδίως
3580 4125 3783 4186 καὶπῶς

2265 4216 2406 4285 μετά
2435 4217 2694 4290 πλήθους,
2719 4221 2778 4285 ἐξ
2806 4223 2985 4276 αὐτῶν
3014 4224 3128 4280 ἐστι
3160 4227 3355 4308 μαθεῖν
3377 4243 3391 4256 ·
3439 4227 3529 4280 καὶ
3561 4223 3632 4315 οὐ*
3650 4219 3780 4315 μόνοξ

2261 4309 2390 4377 περὶ
2439 4309 2780 4381 ψαλμῳδίας,
2831 4314 2966 4380 ἀλλὰ
3047 4319 3142 4373 καὶ
3181 4305 3282 4389 τῆς
3323 4318 3510 4388 λοιπῆς
3551 4313 3636 4367 τοῦ
3671 4305 3778 4362 ναοῦ

2261 4400 2563 4470 ὑπηρεσίας
2587 4417 2600 4432 ο
2631 4404 2757 4468 τοὺς
2798 4406 2904 4478 γάρ
2933 4409 3167 4472 Λευίτας
3197 4411 3532 4476 διετάξαντο·
3563 4407 3672 4466 τοὺς
3697 4398 3777 4468 μὲν

595 4456 846 4512 ternatim
877 4471 1156 4528 canentes,
1187 4476 1244 4520 ut
1265 4467 1384 4522 vice
1407 4471 1641 4538 quadam
1677 4473 1832 4529 labor
1859 4477 2148 4547 levaretur,

2290 4489 2336 4552 ις
2355 4456 2512 4560 ἓήνδε
2542 4456 2640 4561 τὴν
2679 4456 3164 4566 ῠτξοὲῥξιοὶᾷξξὲῑῖξ
3185 4498 3242 4552 δὲ
3275 4456 3526 4570 ειςῖτήνδε
3545 4511 3558 4525 -
3580 4495 3630 4544 ιν
3653 4487 3700 4545 δὲ
3722 4485 3772 4552 τῇ

592 4554 648 4598 et
671 4561 778 4600 non
811 4560 1068 4606 cessaret.
1101 4551 1365 4610 Praeterea
1408 4559 1586 4628 angeli
1620 4563 1760 4631 apud
1808 4566 2004 4623 Isaiam
2035 4571 2154 4639 pul~

592 4636 783 4694 chrum
813 4640 1065 4698 Ecclesiae
1091 4649 1338 4702 ordinem
1372 4649 1682 4720 signiﬁcant
1705 4691 1720 4718 ,
1755 4669 1864 4710 non
1898 4659 1954 4712 hi
1995 4636 2151 4732 hym-

595 4730 826 4798 nientes,
875 4734 951 4788 illi
979 4745 1158 4793 autem
1202 4741 1447 4809 silentes,
1492 4745 1586 4800 sed
1631 4747 1768 4802 alter
1795 4749 1864 4804 ad
1892 4751 2146 4820 alterum,

591 4823 746 4890 quasi
792 4825 930 4879 alter
975 4829 1202 4884 alterius
1246 4833 1521 4902 adjutorio
1561 4837 1615 4890 in
1665 4849 1827 4894 cantu
1873 4841 2146 4914 indigeat;

592 4911 701 4965 imo
751 4913 908 4970 nobis
961 4927 1135 4972 metra
1195 4920 1513 4988 psalmodite
1566 4939 1952 4997 suggerentes,
1996 4911 2147 4988 circa

594 4997 760 5053 Deum
809 5018 934 5057 cum
978 5015 1126 5061 metu
1164 5018 1218 5064 et
1268 5019 1502 5067 tremore
1534 5022 1774 5082 stantes,
1818 5036 1922 5074 non
1961 5023 2065 5078 huc
2098 5035 2152 5079 et

593 5090 720 5144 illuc
773 5095 1100 5162 aspicientes
1145 5112 1240 5154 aut
1289 5104 1636 5172 gradientes,
1689 5118 1742 5162 ut
1789 5125 1890 5165 nos
1924 5112 2060 5181 (qui)
2095 5116 2148 5168 in

591 5181 791 5248 templo
827 5183 920 5238 Dei
945 5191 1304 5255 exagitamur.

2253 4577 2542 4649 ψαλμῳδία
2565 4580 2853 4652 διαφόρους
2883 4586 3240 4657 χοροστασίας
3264 4585 3532 4651 ἀνέδειξαν
3553 4600 3566 4616 σ
3599 4584 3654 4633 ὲκ
3681 4575 3775 4628 δια·

2253 4667 2419 4738 δοκῆς
2451 4669 2782 4748 ψαλλούσαςν
2818 4671 2913 4739 διὰ,
2935 4675 2995 4728 τὸ
3027 4677 3302 4746 κουφίζειν
3335 4676 3568 4745 ἀλλήλων
3593 4668 3671 4722 τὸν
3691 4660 3771 4716 πό·

2251 4773 2339 4810 νον
2358 4773 2370 4787 ·
2405 4761 2500 4812 καὶ
2529 4759 2734 4825 πάντας
2773 4763 3153 4834 εὐφραίνεσθαι
3184 4769 3282 4840 τὴν
3312 4771 3368 4824 ὲν
3393 4764 3568 4836 Κυρίῳ
3605 4757 3769 4840 εὖφρθῗ

2254 4846 2418 4916 σύνην
2439 4863 2452 4878 ·
2517 4849 2609 4902 καὶ
2673 4849 2748 4922 μὴ
2811 4853 3059 4924 άκηδιᾷν.
3103 4857 3180 4910 Οὐ
3215 4837 3375 4928 μόνον
3417 4856 3492 4920 δὲ,
3535 4847 3655 4918 ἀλλὰ
3692 4837 3768 4894 καὶ

2258 4937 2477 5006 ἄγγελοι
2522 4941 2671 5011 παρὰ
2698 4941 2776 5011 τῷ
2809 4942 3008 5015 Ἦσαιᾳ
3035 4947 3134 5016 τὴν
3163 4947 3416 5020 εὐταξίαν
3453 4943 3576 5014 ἡμῖν
3603 4937 3770 5020 atteri:

2260 5027 2507 5096 μαίνουσι
2550 5029 2648 5099 τῆς
2687 5030 3008 5101 Ἐκκλησίας
3029 5049 3043 5064 ·
3088 5035 3150 5087 οὐ
3189 5015 3386 5100 πάντες
3421 5027 3546 5102 ὁμοῦ
3569 5043 3582 5060 ο
3613 5019 3706 5075 οὐδ’
3725 5015 3764 5068 oi

2260 5117 2358 5188 μὲν
2391 5118 2681 5189 κράζοντες
2714 5121 2805 5174 τὸν
2831 5122 3018 5193 ὕμνον,
3051 5126 3101 5178 οἱ
3135 5126 3180 5180 δ’
3205 5126 3265 5180 οὐ
3285 5144 3300 5158 ο
3329 5125 3436 5182 ἀλλ’
3463 5123 3629 5190 ἕτερος
3654 5107 3762 5180 πρὸς

2253 5209 2344 5261 τὸν
2372 5209 2557 5280 ἕτερον
2583 5212 2660 5281 (2)
2679 5227 2694 5242 '
2727 5211 2928 5268 ὡσανεὶ
2949 5213 3136 5286 ἕτερος
3162 5217 3255 5271 τοῦ
3283 5216 3460 5288 ἑτέρου
3479 5210 3696 5277 δεόμενος
3714 5196 3760 5288 9'

589 5276 666 5348 τῷ
695 5274 876 5348 ὕμνῳ·
908 5280 1002 5335 καὶ
1034 5283 1206 5355 μέτρα
1243 5289 1370 5358 ἡμῖν
1401 5292 1807 5360 ὑποδεικνύναι-ες
1840 5299 1939 5370 τῆς
1997 5301 2314 5376 ψαλμῳδίας
2337 5321 2348 5334 ⁸
2401 5274 2584 5377 κύκλῳ
2614 5274 2845 5372 ἑστῶτες
2889 5309 3022 5379 περὶ
3046 5274 3059 5286 1
3099 5310 3190 5366 τὸν
3255 5312 3393 5366 θεῖον
3451 5303 3616 5374 θρόνον
3647 5286 3760 5367 μετὰ

655 5485 678 5520 ⁸
705 5483 864 5544 Joan.
891 5505 1011 5555 xnt,
1043 5491 1133 5548 55.

657 5666 732 5726 (‘2)
769 5673 824 5723 In
851 5675 1092 5740 margine
1123 5678 1388 5731 scholium
1433 5680 1533 5735 hoc
1571 5683 1784 5738 additur
1816 5703 1827 5737 :
1860 5686 1944 5738 διὰ
1975 5686 2034 5737 τὸ
2067 5688 2143 5739 εί-

589 5741 708 5790 πεῖν
737 5739 929 5804 ἑνικῶς
959 5739 1078 5814 μὲν.
1113 5746 1296 5818 ἕτερος
1333 5750 1464 5818 πρὸς
1505 5751 1592 5804 τὸν
1615 5752 1817 5824 ἕτερον’
1855 5755 2142 5824 πληθυντι·

2253 5689 2363 5809 κὲὒς
2391 5690 2468 5756 δὲ,
2504 5693 2598 5746 καὶ
2629 5693 2830 5764 ἔλεγον,
2864 5696 3014 5770 δηλοῖ
3053 5699 3135 5754 ὅτι
3181 5700 3412 5762 ἅπαντες
3455 5695 3511 5746 ὲκ
3546 5668 3748 5747 διαδοχῆς

2253 5777 2284 5809 τῒ
2317 5777 2395 5809 ον.

2253 5777 2395 5830 now.
