4090 6286
270 371 432 436 1341

1347 385 1446 443 DE
1485 386 1723 446 DlVIN.
1758 387 2042 446 SCRII’T.
2105 390 2540 460 UTlLlTATE.

3431 394 3565 458 1342

273 489 450 552 δέους
484 490 578 544 καὶ
606 489 846 562 θάμϐους
877 492 984 564 (5),
1021 494 1096 565 μὴ
1124 495 1276 550 ἐνθεν
1305 497 1558 552 κάκεῖθεν
1583 498 1818 570 ὁρῶντες
1848 501 1880 570 ἢ
1923 502 2340 578 μεταϐαίνοντες
2372 505 2469 575 (4),
2499 504 2574 569 ὡς
2641 506 2803 575 ἡμεῖς
2867 503 3206 577 ἀτακτοῦμεν
3241 508 3298 564 ὲν
3331 507 3408 578 τῷ
3439 509 3569 579 θείῳ

275 581 541 652 τεμένει.

385 675 528 729 Ἀλλ’
559 675 732 738 οὕτως
765 678 1110 746 ἀποδιδόντες
1142 685 1301 754 ἡμῶν
1335 685 1436 750 τὰς
1465 685 1630 758 εὐχὰς
1654 687 1734 757 τῷ
1768 688 1884 740 Κυε

2061 689 2200 744 Dum
2229 706 2355 746 vero
2389 692 2471 746 sic
2510 693 2738 747 Domino
2777 703 2905 750 vota
2929 693 3232 756 reddimus,
3265 709 3374 748 non
3405 693 3568 749 debe.

290 768 427 839 ρίῳ,
483 768 619 838 μηδὲ
662 769 758 824 τοῦ
795 773 1108 845 ὲργοχείρου
1131 776 1212 829 δεῖ
1229 776 1451 846 ἀμελεῖν
1475 793 1488 809 ·
1528 778 1598 832 δι’
1625 771 1686 831 οὖ
1725 779 1892 832 εὐπο-

292 860 581 944 ρήσαιμεν
613 861 714 931 τὴν
735 863 1040 930 ἀναγκαίαν
1062 869 1268 938 τροφήν
1298 886 1358 921 τε
1387 869 1481 922 καί⁸
1501 869 1730 938 σκέπην,
1759 869 1893 940 πρὸς

288 949 362 1003 τὸ
397 949 472 1019 μὴ
501 949 840 1020 ἐπιϐαρῆσαί
861 969 982 1007 τινα
1013 957 1283 1025 προφάσει
1307 957 1406 1026 τῆς
1432 957 1648 1028 εὐχῆςῆ
1676 959 1774 1027 τῆς
1797 961 1896 1029 ἀρα

291 1041 454 1106 γίας.
488 1041 581 1114 Μὴ
607 1041 666 1096 δὲ
691 1043 783 1097 τὸν
806 1044 1032 1114 ἀδελφὸν
1062 1049 1308 1120 παριδεῖν
1328 1050 1638 1120 κάμνοντα,
1670 1048 1766 1102 καὶ
1795 1049 1895 1118 τῆς

297 1132 368 1199 ἐξ
402 1133 560 1203 ἡμῶν
587 1134 841 1206 δεόμενον
885 1135 1169 1208 βοηθείαςο
1207 1138 1464 1210 κρεῖσσον
1513 1141 1622 1211 γὰρ
1659 1141 1891 1195 καταλιο

301 1227 436 1278 πεῖν
473 1226 678 1298 μικράν
707 1229 930 1300 ἀρετὴν,
976 1231 1008 1302 ἢ
1042 1231 1346 1286 καταλῦσαι
1395 1233 1639 1304 μεγάλην
1675 1233 1896 1301 ἐντολὴν

302 1316 670 1386 ᾼεσποτικήςν.
719 1316 808 1369 Ἐν
851 1317 962 1388 γάρ
1011 1317 1089 1388 τῷ
1143 1319 1482 1390 πληροῦσθαι
1517 1321 1617 1391 τὴν
1653 1319 1894 1388 ἐντολὴν,

305 1405 412 1471 καὶ
431 1405 473 1482 ,ἡ
499 1405 599 1474 τῆς
623 1406 996 1478 προαιρέσεως
1023 1409 1414 1481 εὐγνωμοσύνη
1445 1409 1895 1482 συμπληροῦσθαι

307 1495 561 1566 πέφυκεν
584 1512 598 1525 ”
621 1498 681 1550 ού
710 1498 772 1552 τὸ
795 1499 1095 1553 ἀνάπαλιν⁹
1121 1501 1200 1554 διὸ
1229 1502 1322 1554 καὶ
1350 1501 1704 1556 ἀποκλείεται
1741 1502 1774 1572 ἡ
1803 1500 1895 1554 τοῦ

306 1587 608 1658 νυμφῶνος
631 1588 837 1654 εἴσοδος
858 1593 973 1654 τοῖς
994 1591 1322 1662 ἀδιακρίτως
1355 1593 1773 1662 μετερχομένοις
1799 1589 1898 1654 τὰς

309 1679 538 1748 ἀρετάς.
562 1677 880 1752 Γέγραπται
907 1683 1018 1750 γάρ
1046 1683 1106 1734 ὲν
1126 1684 1192 1752 τῇ
1223 1681 1333 1734 τῶν
1360 1681 1656 1734 Βασιλειῶν
1681 1679 1894 1751 πρώτῃ“

273 1839 280 1842 _
318 1786 340 1821 σ
371 1769 446 1822 οὐ
499 1767 642 1821 θέλει
689 1769 893 1840 Κύριος
939 1771 1333 1834 ὁλοκαυτώσεις
1364 1771 1458 1826 καὶ
1482 1771 1694 1834 θυσίας,
1725 1772 1802 1834 ὡς
1837 1771 1898 1824 τὸ

311 1859 552 1914 ἀκοῦσαι
589 1861 689 1930 τῆς
715 1862 896 1932 φωνῆς
926 1862 1092 1916 αὐτοῦ
1119 1879 1132 1894 ·
1178 1880 1197 1914 ι
1234 1863 1341 1916 ίδοὺ
1373 1865 1483 1932 γάρ
1539 1862 1676 1933 ἀκοὴ
1719 1861 1898 1934 ἀγαθὴ

315 1951 465 2021 ὑπὲρ
490 1949 681 2004 θυσίαν
701 1967 715 1980 ·
739 1951 834 2004 καὶ
868 1951 1133 2021 ἀκρόασις
1155 1952 1297 2022 ὑπὲρ
1325 1951 1490 2022 στέαρ
1519 1953 1719 2023 ἀρνῶν.
1740 1951 1900 2005 Καθά

2001 793 2125 833 mus
2157 779 2396 835 laborem
2439 797 2703 838 manuum
2753 783 3067 852 negligere,
3109 798 3222 854 quo
3249 797 3430 838 escam
3470 800 3568 838 ne-

1997 869 2292 923 cessariam
2323 879 2377 925 et
2405 871 2788 926 vestimentum
2831 885 3234 942 comparemusI
3264 873 3567 926 neminem-

1997 971 2104 1026 que
2131 957 2239 1012 sub
2267 968 2526 1028 praetextu
2554 959 2821 1014 orationis
2851 966 2944 1014 aut
2973 959 3225 1030 scgnitiei
3251 975 3565 1028 gravemus.

1996 1045 2350 1118 Nequaquam
2399 1048 2623 1103 fratrem
2655 1049 3100 1118 derelinquamus
3141 1059 3330 1106 nostro
3357 1050 3568 1104 auxilio

1997 1137 2330 1214 indigentem
2359 1159 2374 1198 :
2406 1141 2602 1196 melius
2629 1142 2772 1194 enim
2803 1141 3064 1195 minorem
3116 1141 3374 1196 virtutem
3403 1142 3570 1196 omit-

2000 1248 2140 1299 tere,
2175 1249 2339 1304 quam
2377 1247 2546 1288 unum
2578 1246 2642 1284 ex
2674 1232 2884 1299 magnis
2919 1230 3134 1284 Domini
3165 1231 3436 1289 mandatis
3460 1232 3573 1286 vio-

1998 1331 2134 1395 lare,
2197 1328 2252 1381 in
2301 1341 2411 1395 quo
2440 1323 2790 1392 adimplendo
2823 1321 3081 1376 meritum
3129 1321 3572 1391 perficitdelibe-

1999 1429 2116 1474 rata
2147 1419 2418 1484 voluntas,
2453 1417 2582 1472 dum
2632 1425 2822 1470 contra
2859 1414 3128 1478 clauditur
3159 1414 3280 1470 lecti
3312 1413 3571 1484 nuptialis

1999 1511 2260 1566 introitus
2311 1509 2418 1566 illis
2469 1509 2562 1580 qui
2613 1510 2733 1564 sine
2767 1509 3100 1563 discretione
3145 1509 3372 1570 virtutes
3411 1522 3570 1561 exer-

1998 1610 2142 1656 cent.
2165 1599 2441 1670 Scriptum
2472 1607 2556 1653 est
2585 1599 2638 1652 in
2671 1599 2846 1668 primo
2865 1597 3071 1666 Regum
3098 1598 3266 1652 libro;
3286 1595 3434 1652 ιΝοιι
3459 1606 3568 1652 tam

1999 1695 2148 1744 amat
2195 1686 2338 1742 Deus
2384 1687 2704 1741 holocausta
2760 1695 2815 1740 et
2865 1686 3168 1748 sacrificia,
3218 1701 3380 1754 quam
3419 1687 3572 1740 vocis

1998 1779 2119 1848 ejus
2137 1779 2473 1832 auditionem
2495 1779 2540 1808 ιο
2559 1793 2607 1829 ιι
2641 1791 2768 1830 ecce
2788 1776 2996 1830 auditio
3015 1775 3154 1829 bona
3179 1790 3343 1844 super
3359 1775 3572 1829 sacriﬁ-

1999 1873 2228 1935 cium,et
2241 1867 2452 1923 aurium
2470 1867 2698 1921 attentio
2709 1882 2770 1921 su
2781 1881 2874 1936 per
2885 1881 3146 1936 agnorum
3163 1866 3570 1935 pinguedinem.

1998 1959 2187 2030 Itaque
2219 1959 2518 2028 Apostolus
2571 1957 2624 2010 in
2679 1954 2923 2026 Epistula
2955 1955 3022 2010 ad
3049 1955 3306 2010 Hebraeos
3334 1955 3526 2010 scribit
3555 1973 3571 2011 :

313 2041 386 2111 δὴ
429 2041 524 2100 καὶ
555 2042 584 2095 ὁ
628 2040 949 2106 Ἀπόστολος
1001 2043 1058 2096 ὲν
1093 2045 1160 2114 τῇ
1210 2043 1347 2113 πρὸς
1399 2043 1685 2113 Ἐϐραίους
1734 2043 1897 2114 φησί’

2017 2071 2028 2104 ι
2065 2050 2144 2106 Ne
2178 2048 2584 2105 obliviscamini
2630 2047 2770 2102 bene
2803 2061 2985 2117 agere,
3031 2054 3085 2099 et
3134 2045 3399 2100 fratribus
3441 2061 3578 2100 con-

324 2148 348 2180 ι
376 2129 488 2198 Τῆς
519 2128 576 2182 δὲ
606 2129 856 2192 εὐποιίας
886 2132 983 2184 καὶ
1008 2130 1296 2192 κοινωνίας
1333 2130 1408 2201 μὴ
1441 2130 1896 2186 ἐπιλανθάνεσθε*

318 2218 604 2282 τοιαύταις
632 2219 744 2291 γάρ
773 2219 985 2284 θυσίαις
1013 2221 1390 2292 εὐαρεστεῖται
1417 2223 1446 2276 ό
1466 2221 1618 2285 Θεός.
1649 2241 1668 2274 ι
1703 2223 1814 2276 Καὶ
1844 2223 1901 2276 ὲν

320 2313 392 2381 τῇ
423 2311 561 2381 πρὸς
600 2311 881 2378 Ἐφεσίους
904 2307 1060 2375 αὖθις
1081 2327 1096 2342 ’
1135 2330 1154 2364 ι
1197 2312 1254 2364 '0
1285 2311 1531 2366 κλέπτων
1561 2313 1758 2382 μηκέτι
1783 2313 1904 2367 κλε-

323 2400 530 2466 πτέτω,
566 2400 768 2472 μᾶλλον
795 2400 854 2454 δὲ
884 2401 1154 2465 κοπιάτω,
1201 2401 1570 2472 ἐργαζόμενος
1603 2400 1666 2454 τὸ
1701 2401 1904 2470 ἀγαθὸν

322 2495 448 2556 ταῖς
475 2493 696 2563 χερσίν·
733 2493 820 2546 ἵνα
843 2492 941 2564 ἔχῃ
981 2492 1316 2564 μεταδιδόναι
1345 2491 1420 2562 τῷ
1445 2492 1634 2562 χρείαν
1656 2493 1852 2563 ἔχοντι.
1879 2511 1898 2544 ι

327 2582 557 2653 Κλοπὴν
591 2582 636 2636 δ’
674 2582 741 2638 ἂν
769 2583 947 2652 ἔγωγε
977 2584 1270 2655 καλέσαιμι
1309 2585 1405 2637 καὶ
1431 2584 1530 2654 τὴν
1555 2585 1906 2656 ὁπωσδήποτε

333 2673 477 2744 μετὰ
519 2673 674 2728 δόλου
711 2673 820 2728 τῶν
855 2675 1154 2745 χρημάτων
1194 2675 1455 2746 συλλογήν
1474 2691 1489 2706 θ
1523 2675 1599 2739 ὠς
1634 2677 1762 2728 ὅταν
1805 2693 1906 2729 πο-

333 2765 620 2836 ρευόμενοι
667 2765 806 2836 πρὸς
851 2765 1138 2830 πλουσίους
1187 2765 1282 2820 καὶ
1311 2766 1570 2836 πένητας,
1603 2765 1910 2836 ὀδυρόμεθα

330 2857 504 2928 ψευδῆ
535 2857 726 2912 πενίαν
751 2873 810 2910 τε
841 2858 936 2912 καὶ
957 2858 1232 2929 πτωχείαν
1252 2873 1266 2888 ο
1289 2858 1382 2911 καὶ
1411 2857 1554 2912 ναῶν
1577 2857 1910 2928 ἀναλώματα

333 2949 434 3004 καὶ
488 2949 855 3021 ἀναθημάτων
873 2967 889 2980 ·
948 2951 1250 3021 κειμηλίων
1299 2966 1359 3002 τε
1417 2949 1515 3002 καὶ
1575 2945 1910 3020 ἀγαλμάτων

334 3039 683 3102 κατασκευάς
701 3053 716 3068 ·
742 3037 910 3107 ιερῶν
937 3038 1248 3110 ἐνδυμάτων
1273 3037 1502 3104 ἔνδειαν,
1530 3037 1625 3093 καὶ
1661 3037 1911 3108 ἱστοριῶν

335 3126 642 3207 ἀφανισμόν
669 3143 685 3158 ο
721 3127 810 3181 ἵνα
840 3127 1018 3182 πάντα
1049 3125 1262 3197 ἔχωμεν
1297 3127 1416 3196 μετ’
1443 3125 1723 3196 εὐπορίας,
1766 3124 1912 3196 άπερ

337 3217 462 3283 οὐδὲ
496 3217 754 3287 κοσμικοὶ
785 3215 938 3280 ὄντες
975 3215 1196 3286 εἴχομεν
1216 3231 1230 3246 ο
1263 3215 1515 3268 ἐντεῦθεν
1545 3215 1703 3286 ἡμῶν
1735 3214 1914 3269 πάντα

338 3293 734 3377 εὐπορούντων,
783 3305 932 3360 ἄλλοι
979 3304 1246 3376 ἀποροῦσι
1287 3304 1383 3358 καὶ
1410 3303 1718 3372 ὀδύρονται·
1753 3303 1846 3356 καὶ
1877 3303 1912 3372 ἡ

340 3399 514 3472 ἀρετὴ
540 3400 697 3471 ἡμιῖιν
723 3398 926 3471 ματαία
953 3397 1308 3464 καθίσταται,
1335 3395 1422 3448 ίνα
1449 3394 1524 3465 μὴ
1547 3394 1690 3461 λέγω
1715 3392 1918 3464 βλάϐης
1943 3388 1990 3450 C

343 3489 620 3558 πρόξενος-

417 3581 562 3650 Πρδς
589 3579 800 3643 τούτοις
821 3579 918 3632 καὶ
941 3578 1070 3646 περὶ
1090 3573 1322 3645 ἐκλογῆς
1337 3573 1640 3642 ἡγουμένου
1663 3570 1916 3640 ληπτέονο

347 3671 444 3724 καὶ
470 3671 652 3723 ὁποῖον
680 3665 945 3738 εἶναιχρὴ
973 3666 1065 3720 τὸν
1089 3663 1296 3734 ἑτέροις
1321 3661 1752 3734 καθηγούμενον’
1788 3661 1921 3731 μήτι

349 3747 672 3832 τοπαράπαν
728 3761 793 3812 ἔκ
843 3756 1054 3820 κοιλίας
1099 3755 1309 3809 ἑαυτῶν
1352 3753 1772 3822 ἀποφαίνοντες·
1804 3751 1922 3804 ἀλλ’

350 3853 476 3904 ὅσον
503 3850 569 3902 ἐκ
595 3835 706 3902 τῶν
736 3846 896 3901 θείων
921 3843 1174 3916 Γραφῶν,
1231 3843 1263 3913 ἢ
1302 3841 1412 3895 τῶν
1437 3839 1698 3908 Πατέρων
1727 3838 1926 3909 ἐμάθο-

356 3956 490 4013 μεν*
525 3941 606 3994 δεῖ
629 3939 686 3994 δὲ
713 3938 813 3993 καὶ
839 3936 1029 3991 τοῦτον
1057 3931 1198 4007 μετά
1226 3932 1647 4004 παρακλήσεως,
1693 3933 1770 4002 μὴ
1803 3931 1926 4001 μέν-

351 4049 434 4086 τοι
471 4031 608 4101 μετά
643 4029 766 4100 βίας
799 4026 1048 4095 ἑφέλκειν
1086 4025 1182 4078 ἐπὶ
1231 4024 1331 4095 τὴν
1386 4021 1716 4093 ἡγουμενίαν
1742 4037 1757 4051 ’
1811 4021 1926 4075 ἀλλ’

355 4122 478 4178 οὐδὲ
509 4119 748 4182 εὐκόλως
780 4119 910 4173 ἄνευ
949 4114 1269 4186 δοκιμασίας
1302 4112 1584 4183 δέχεσθαι·
1613 4111 1748 4166 ἀλλὰ
1792 4111 1928 4181 μετὰ

355 4215 454 4282 τῆς
497 4213 636 4284 πρὸς
661 4210 796 4265 Θεὸν
830 4208 1040 4272 ἱκεσίας
1086 4207 1334 4274 ικλέγειν
1383 4205 1480 4260 ενα
1523 4205 1624 4276 τῆς
1654 4203 1924 4266 συνοδίας·

277 4334 284 4341 -
359 4304 546 4374 ὥσπερ
576 4305 625 4358 οἱ
662 4301 758 4356 τοῦ
787 4299 1024 4372 Χριστοῦ
1052 4299 1340 4354 ἀπόστολοι
1361 4299 1455 4353 τὸν
1487 4297 1738 4352 Ματθίαν
1758 4314 1773 4329 ·
1817 4295 1930 4350 ὤσο-

361 4412 466 4464 περ
503 4395 598 4448 τὸν
655 4393 940 4464 Βαρνάὸαν
989 4391 1084 4447 καὶ
1109 4389 1322 4445 Παῦλον
1345 4403 1360 4418 ⁸
1407 4387 1597 4459 ὥσπερ
1638 4386 1765 4450 τοὺς
1795 4385 1934 4439 ἑπτὰ

361 4485 639 4548 διακόνους
659 4499 674 4516 ·
699 4483 792 4538 τὸν
818 4483 928 4554 γὰρ
957 4481 1048 4550 ἀφ’
1081 4479 1279 4536 ἑαυτοῦ
1312 4478 1578 4550 ζητοῦντά
1595 4495 1724 4538 τινα
1753 4475 1934 4540 ἀξίαν,

363 4572 803 4646 ἀποστρέφεσθαι
823 4573 935 4626 δεῖ·
965 4572 1041 4636 ὡς
1073 4573 1101 4626 6
1127 4572 1334 4643 Πέτρος
1358 4569 1449 4624 τὸν
1473 4567 1720 4640 Σιμιῖιναι
1759 4566 1792 4637 ἢ
1818 4583 1939 4620 νου-

365 4669 537 4722 θετεῖν
571 4666 732 4736 ειπερ
756 4666 984 4728 οίκεῖοςο
1012 4665 1088 4726 ὡς
1121 4666 1150 4716 ὀ
1193 4662 1401 4732 Κύριος
1443 4661 1600 4732 ημῶν
1631 4665 1758 4722 τοὺς
1787 4658 1936 4720 υίοὺς

365 4759 674 4814 Ζεϐεδαίου.
720 4759 784 4812 El
815 4761 925 4826 γὰρ
953 4757 1210 4828 κοσμικοὶ
1247 4753 1486 4826 βασιλεῖς
1523 4755 1652 4816 τοὺς
1679 4753 1770 4820 ἀφ’
1803 4753 1934 4804 ὲαυ-
1968 4775 2014 4832 ι)

2003 2142 2207 2197 sentire
2245 2159 2258 2195 :
2291 2140 2497 2195 talibus
2531 2138 2757 2194 enimin
2783 2137 3069 2192 sacriﬁciis
3113 2136 3216 2190 sibi
3251 2135 3394 2190 Deus
3427 2151 3578 2192 com-

2005 2234 2276 2306 placet“;
2317 2251 2337 2285 ι
2367 2241 2422 2287 et
2455 2233 2509 2285 in
2545 2229 2794 2301 Epistola
2821 2229 2890 2283 ad
2917 2227 3184 2297 Ephesios
3217 2245 3230 2281 :
3271 2247 3290 2279 ι
3329 2229 3436 2282 Fur
3467 2243 3577 2282 non

2001 2327 2114 2397 jam
2150 2323 2386 2389 foretur,
2439 2323 2624 2392 potius
2682 2335 2814 2376 vero
2870 2319 3102 2384 laboret,
3138 2319 3341 2374 bonum
3396 2319 3579 2372 mani-

2007 2418 2111 2472 bus
2145 2430 2412 2486 operans,
2447 2421 2505 2468 ut
2535 2412 2729 2467 babeat
2765 2411 2908 2466 unde
2952 2409 3100 2480 inopi
3147 2411 3434 2465 subveniat
3453 2411 3516 2465 υ.
3555 2427 3576 2462 ι

2008 2509 2236 2563 Furtum
2272 2523 2372 2578 ego
2403 2521 2652 2561 vocat-cm
2712 2507 2872 2560 istam
2909 2504 3155 2573 qualibet
3183 2503 3398 2558 ratione
3429 2503 3584 2558 dolo-

2011 2615 2126 2657 sam
2159 2601 2427 2656 bonorum
2455 2597 2946 2667 comparationem,
2987 2595 3198 2651 scilicet
3236 2603 3317 2658 ut,
3351 2611 3476 2649 cum
3505 2593 3584 2648 di-

2010 2691 2148 2746 vites
2175 2703 2514 2760 pauperesve
2541 2685 2804 2756 aggressi,
2831 2685 3068 2754 inopiam
3093 2693 3334 2738 nostram
3365 2691 3420 2736 et
3448 2697 3584 2751 pau-

2011 2790 2274 2852 pertatem
2308 2779 2656 2847 deploramus
2681 2817 2696 2842 ,
2731 2776 3057 2846 templorum
3113 2775 3449 2846 (arguentes)
3483 2773 3584 2826 im-

2012 2888 2212 2944 pensas
2245 2881 2300 2927 et
2339 2870 2678 2926 oblationum
2705 2909 2720 2932 ,
2765 2866 3125 2937 supellectilis
3173 2875 3228 2920 et
3273 2873 3584 2920 statuarum

2014 2962 2456 3033 acquisitionem,
2488 2971 2776 3014 sacrorqu
2805 2957 3256 3010 indumentorum
3295 2953 3584 3024 penuriam

2015 3051 2478 3119 historiarumque
2521 3047 2872 3112 deletionem,
2923 3053 2984 3100 ut
3042 3043 3227 3098 omnia
3259 3041 3419 3097 facile
3447 3039 3589 3094 obti-

2017 3158 2248 3200 neamus
2276 3157 2418 3210 quae,
2469 3141 2598 3196 dum
2633 3141 2688 3194 in
2725 3139 2931 3194 mundo
2961 3151 3324 3202 versaremur,
3353 3149 3458 3188 non
3493 3134 3591 3186 ba-

2016 3237 2302 3300 bebamus,
2327 3244 2381 3290 et
2413 3249 2540 3289 cum
2585 3233 2952 3293 obtineamus,
2987 3229 3080 3284 alii
3109 3244 3217 3282 non
3253 3228 3506 3282 obtinent
3535 3233 3592 3278 et

2020 3335 2264 3400 gemunt,
2297 3326 2500 3380 virtute
2531 3331 2716 3379 nostra
2749 3324 2816 3378 ad
2849 3337 3052 3378 vanum
3087 3319 3304 3398 redacta
3325 3357 3341 3380 .
3399 3326 3460 3372 ut
3521 3331 3592 3372 ne

2021 3419 2227 3486 dicam,
2263 3418 2494 3472 exitiosa
2529 3415 2694 3470 facta.

2097 3551 2256 3607 Nunc
2281 3551 2350 3605 de
2375 3549 2668 3618 begumeni
2701 3547 2961 3618 (abbatis)
2983 3546 3251 3600 electione
3279 3543 3590 3608 dicendum,

2022 3650 2076 3696 et
2122 3639 2339 3711 qualem
2381 3653 2504 3693 esse
2543 3636 2758 3702 debeat,
2809 3633 2903 3702 qui
2943 3633 3156 3686 caeteris
3210 3632 3588 3699 praeponitur:

2023 3731 2119 3800 qui
2151 3728 2302 3783 nullo
2333 3727 2496 3782 modo
2528 3728 2596 3780 de
2623 3723 2848 3794 proprio
2891 3729 3080 3776 nostro
3105 3719 3312 3788 judicio
3346 3718 3598 3772 indican-

2025 3820 2161 3883 dus,
2219 3819 2312 3873 sed
2351 3815 2649 3870 secundum
2677 3811 2824 3880 quod
2859 3826 2927 3864 ex
2957 3809 3130 3865 sacris
3167 3805 3466 3876 Scripturis
3503 3815 3598 3859 aut

2025 3924 2094 3966 ex
2145 3906 2403 3962 Pati-ibus
2447 3903 2764 3958 didicimus.
2796 3901 2890 3954 llle
2944 3913 3075 3953 vero
3127 3913 3222 3968 per
3261 3896 3594 3959 suasionem,
3695 3926 3702 3932 -

2029 4015 2140 4056 non
2173 4013 2268 4070 per
2289 3997 2423 4060 vim,
2457 3991 2830 4058 adducendus,
2871 3999 2926 4044 ut
2943 3989 3150 4060 praesit,
3178 4003 3279 4043 nec
3297 3986 3457 4042 facile
3484 3988 3602 4042 sine

2029 4091 2352 4165 probatione
2381 4085 2765 4156 accipiendus,
2797 4083 2913 4147 sed,
2949 4088 3240 4152 postquam
3277 4080 3446 4134 Deum
3477 4094 3600 4148 pre-

2031 4185 2136 4242 cati
2168 4183 2436 4238 fuerimus
2461 4221 2476 4245 ,
2510 4193 2578 4233 ex
2615 4185 2802 4232 nostra
2846 4171 3270 4244 congregatione
3297 4168 3602 4242 eligendus,

2033 4277 2177 4334 sicut
2203 4291 2234 4328 a
2255 4273 2458 4329 Christi
2494 4267 2756 4340 apostolis
2783 4262 3383 4330 Matthias,Barnabas,
3401 4261 3607 4316 Paulus

2034 4379 2088 4425 et
2115 4377 2326 4438 septem
2367 4363 2610 4418 diaconi.
2638 4361 2728 4414 Ille
2761 4359 2857 4430 qui
2887 4372 2954 4414 ex
2983 4371 3041 4412 se
3067 4355 3240 4410 ambit
3285 4353 3606 4425 dignitatem

2035 4456 2374 4516 recusandus
2400 4465 2502 4521 est,
2525 4467 2584 4508 ut
2603 4451 2789 4508 Simon
2807 4470 2837 4506 ιι
2859 4449 3054 4515 Petro;
3085 4459 3199 4512 aut,
3222 4446 3268 4502 si
3300 4444 3459 4500 fuerit
3479 4460 3508 4498 e
3529 4441 3612 4497 fa-

2035 4551 2308 4612 miliaribu
2319 4564 2366 4616 ε,
2389 4534 2765 4602 admonendus
2784 4553 2894 4598 uta
2917 4541 3147 4597 Domino
3171 4547 3360 4594 nostro
3391 4535 3484 4590 filii
3511 4533 3612 4590 Ze-

2037 4645 2230 4702 bedaei.
2253 4641 2312 4698 Si
2328 4641 2474 4698 enim
2500 4654 2660 4710 reges
2679 4635 2865 4692 mundi
2888 4649 2984 4690 eos
3000 4633 3089 4704 qui
3111 4645 3175 4686 ex
3205 4646 3264 4686 se
3289 4628 3610 4700 dignitatem

2041 4737 2288 4793 ambiunt
2321 4731 2480 4803 quasi
2504 4730 2828 4786 rebellantes
2856 4726 3193 4788 existimant,
3199 4728 3420 4794 quanto
3438 4717 3611 4786 magis

1133 4808 1406 4916 ἀντάρτας
1433 4808 1759 4914 λογίζονταί,
1785 4843 1917 4912 πόση

2041 4827 2221 4884 Deus?
2248 4825 2388 4883 Dicit
2408 4823 2612 4878 Paulus
2634 4820 2689 4875 in
2711 4819 2956 4889 Epistola
2979 4817 3046 4871 ad
3068 4814 3326 4870 Hebrazos
3343 4827 3359 4865 :
3379 4829 3397 4863 ι
3417 4808 3612 4864 Omnis

370 4940 570 5012 μᾶλλον
603 4941 632 4993 ό
655 4938 789 5002 Θεός
819 4955 836 5006 ;
865 4937 1004 5008 Φησὶ
1040 4935 1148 5008 γάρ
1190 4937 1250 4989 ὲν
1289 4937 1356 5006 τῇ
1391 4934 1529 5004 πρὸς
1569 4931 1855 5002 Ἐϐραίους
1909 4933 1939 4983 ό

367 5027 580 5092 Παῦλος
601 5043 616 5058 ·
655 5045 674 5080 ι
708 5027 824 5091 Πᾶς
852 5027 1144 5098 ἀρχιερεὺς
1173 5023 1235 5090 ἐξ
1261 5023 1563 5095 ἀνθρώπων
1592 5021 1939 5094 λαμϐανόμε·

369 5135 480 5186 νος,
501 5119 644 5189 ὑπὲρ
676 5115 980 5189 ἀνθρώπων
1011 5116 1336 5170 καθίσταται
1363 5115 1432 5170 τά
1459 5116 1596 5186 πρὸς
1618 5114 1709 5168 τὸν
1731 5112 1886 5168 Θεόν.
1915 5129 1934 5162 ι

370 5210 484 5266 Καὶ
530 5211 646 5280 μετ’
673 5208 832 5277 ὀλίγα
851 5224 865 5239 ·
901 5225 921 5261 ι
958 5207 1072 5278 Οὐχ
1095 5207 1293 5278 ,ἑαυτῷ
1320 5223 1403 5270 τις
1436 5205 1704 5276 λαμϐάνει
1733 5203 1829 5274 τὴν
1856 5219 1940 5263 τι-

459 5363 506 5396 ¹⁶
544 5363 563 5418 l
596 5361 729 5433 Reg.
767 5377 856 5430 xv,
887 5361 980 5437 2}.
1060 5361 1100 5396 “
1145 5359 1310 5416 Hebr.
1354 5375 1477 5435 xm,
1504 5357 1590 5412 16.

446 5505 524 5576 ('5)
551 5501 832 5576 Scholium
850 5505 909 5576 in
939 5500 1206 5576 marg._T§
1231 5497 1339 5568 γὰρ
1365 5499 1488 5562 ταῖς
1520 5495 1744 5567 πτέρυξι
1777 5511 1946 5548 κεκα-

378 5570 721 5642 λόῲθαιᾷτὴνξ
734 5571 1026 5642 εὐλάϐῃαν
1053 5570 1224 5642 δηλοῖ.

452 5632 530 5714 (ὁ)
549 5632 841 5718 Δἓιιιιὶρίὶιιιῐι
871 5655 886 5694 :
909 5637 1080 5718 Τοῦτο
1107 5632 1342 5718 εἴρηται,
1368 5635 1622 5718 περὶτῶν
1637 5635 1697 5700 ea
1718 5632 1944 5718 ὁικηδίας

383 5705 841 5784 προφάσει-δῆθεν
862 5709 1106 5784 κάρφους
1137 5705 1232 5760 τοῦ
1277 5710 1335 5760 ὲν
1380 5705 1458 5784 τῷ
1494 5705 1769 5784 ἐδάφειηῆ
1799 5705 1944 5784 τινος

385 5773 571 5859 ἑτέρου
615 5779 689 5852 μὴ
723 5773 1134 5848 κατεπείγοντος
1177 5773 1506 5846 κινουμένων
1549 5773 1614 5829 ἐκ
1648 5773 1943 5850 τοῦτό-που

2047 4919 2291 4993 pontifex
2333 4934 2400 4974 ex
2434 4914 2751 4972 hominibus
2801 4917 3117 4979 assumptus
3163 4920 3265 4976 pro
3297 4900 3614 4958 hominibus

2043 4991 2398 5069 constituitur
2430 5007 2484 5060 in
2517 5007 2586 5064 iis
2611 5019 2734 5079 qua:
2767 5011 2897 5058 sunt
2925 5001 2991 5055 ad
3031 4997 3337 5066 Deum";i
3370 5002 3424 5050 ct
3451 4991 3616 5062 paulo

2047 5111 2210 5170 post:
2251 5117 2269 5161 ι
2303 5095 2422 5152 Νοιι
2471 5100 2765 5164 quisquam
2808 5089 2976 5146 sumit
3023 5087 3128 5143 sibi
3167 5087 3465 5148 honorem,
3517 5082 3613 5136 sed

2046 5197 2142 5268 qui
2179 5203 2416 5251 vocatur
2449 5203 2482 5244 a
2519 5186 2650 5252 Deo,
2682 5194 2946 5253 tanquam
2972 5179 3178 5234 Aaron.
3209 5178 3306 5234 Sic
3353 5185 3409 5232 et
3456 5172 3619 5230 Chri-

1679 5357 1722 5388 "
1761 5354 1956 5428 Epltes.
1998 5367 2074 5428 tv,
2098 5348 2188 5404 28.
2265 5346 2308 5378 ¹³
2345 5345 2508 5403 llebr.
2549 5364 2600 5411 v,
2635 5345 2686 5402 l.

2052 5488 2259 5544 αὐτῶνο
2287 5491 2346 5541 ού
2381 5487 2488 5558 μὴν
2519 5486 2648 5558 περὶ
2675 5484 2767 5558 τοῦ
2797 5482 3132 5558 κανονάρχου
3149 5493 3164 5506 ·
3191 5468 3358 5558 οὗτος.
3379 5470 3507 5558 γᾲρι.
3526 5465 3620 5558 ές

2050 5541 2252 5625 bis;
2295 5541 2540 5636 μεγίστη
2572 5541 2891 5636 Ἐκκλησία.
2913 5541 3312 5636 οὐβῦναταιᾱὲν

2050 5608 2404 5698 ἕάῦονὶάρὶεῖξι
2453 5608 2567 5690 τοῖς
2594 5608 2813 5695 ᾐχοροῖς,
2845 5608 2894 5673 ὲί
2942 5621 3017 5690 μὴ
3063 5614 3270 5700 μεταϐῇ
3292 5630 3305 5644 ·
3337 5608 3470 5694 ἐπεὶ,
3491 5608 3620 5662 ὅταν

2049 5697 2293 5760 δυνατὸν,
2323 5697 2383 5748 οὐ
2427 5695 2584 5765 μόνον
2626 5691 2856 5765 περιττὴ
2897 5691 2931 5760 ἡ
2977 5686 3296 5760 μεταΰασις,
3350 5680 3485 5736 ἀλλα
3528 5678 3622 5732 καὶ

2049 5709 2293 5760 δυνατὸν,
2323 5709 2383 5748 ου
2427 5709 2584 5765 μονον
2626 5709 2856 5764 περιττη
2897 5709 2931 5760 η
2977 5709 3296 5760 μεταυασις,

2049 5765 2277 5839 ὀχληρὸν
2305 5765 2397 5820 καὶ
2429 5763 2694 5832 ἀπρεπές.
