4090 6286
344 321 482 388 1315

1387 317 1485 381 DE
1517 315 1754 381 mvm.
1797 319 2080 380 sempr.
2133 283 2564 382 UTILITATE.

3236 176 3258 208 \

3443 322 3535 386 ῙΪΗ
3545 325 3578 386 6

340 441 673 511 κατάλληλον
715 436 904 504 αὐτοῖς
953 437 1352 508 προφέρουσιν·
1413 435 1536 488 οὔτε
1586 433 1948 506 ἀναργύρους,
1989 433 2114 488 οὔτε
2173 435 2462 504 βασίλειον,
2494 435 2616 489 οὔτε
2641 435 2766 490 τινὰ
2794 435 2900 491 τῶν
2929 437 3098 507 ἁγίων
3145 437 3302 492 ἄλλον
3343 444 3419 503 εἰς
3455 441 3579 494 νοῦν

339 528 724 600 λαμϐάνοντες,
755 531 868 592 τοῖς
893 527 1212 584 ἀσθενοῦσιν
1243 525 1660 598 ἐπικουροῦντα.

409 629 622 696 Ὠσπερ
662 625 720 678 δὲ
766 625 860 677 ἐπὶ
895 623 1008 678 τῶν
1046 621 1375 693 σωματικῶν
1400 620 1609 684 τούτοις
1634 621 1694 673 ού
1734 619 1903 691 μέλει,

2084 619 2154 674 Ut
2203 619 2406 674 nullam
2455 619 2699 689 corporis
2744 635 2932 674 curam
2967 620 3208 684 habent,
3245 620 3324 675 sic
3376 627 3578 674 nutlam

335 715 479 768 οὕτω
515 715 580 780 δὴ
614 715 708 768 καὶ
749 715 841 766 ἐπὶ
877 715 985 768 τῶν
1024 711 1292 784 ψυχικῶν.
1331 710 1734 780 Ἀδοκιμάστως
1769 712 1909 765 ἀπο-

336 805 582 875 κείρουσι
613 807 738 867 τοὺς
774 806 1246 876 προσερχομένους
1266 821 1279 836 ·
1312 799 1430 858 εἶτα
1461 803 1795 874 ἐξορίζουσιν
1831 805 1911 868 εἰς
1954 849 1958 852 .

340 895 542 964 μυρίας
597 896 846 958 ἀνοδίας·
905 897 962 947 ‘sv
1008 895 1306 966 βουκολίοις
1362 896 1458 948 καί
1501 895 1764 958 αἰπολίοις
1815 896 1910 948 καὶ

337 983 606 1052 ποιμνίοις
638 984 730 1036 καὶ
763 983 988 1054 μύλωσι,
1023 985 1117 1037 καὶ
1155 987 1266 1047 τοῖς
1298 985 1522 1053 ὁμοίοις,
1581 985 1726 1056 ἅπερ
1758 987 1910 1040 αὐτοὶ

336 1075 432 1129 καὶ
463 1076 514 1128 οἱ
549 1075 761 1139 τούτοις
792 1076 1213 1146 συμφράδμονες
1243 1074 1472 1145 ἐφεῦρον
1499 1075 1578 1137 είς
1605 1091 1908 1145 καταστρο-

335 1166 442 1238 φὴν
465 1165 574 1220 τῶν
599 1166 786 1236 ψυχῶν
812 1166 1014 1220 αὐτῶν.
1056 1165 1165 1218 Καὶ
1199 1165 1558 1235 πεπλήρωται
1609 1166 1696 1218 ἐπ’
1725 1166 1910 1229 αὐτοῖς

333 1261 396 1312 τὸ
419 1257 512 1310 τοῦ
547 1256 750 1327 Κυρίου
779 1257 914 1330 πρδς
939 1257 1064 1319 τοὺς
1087 1255 1444 1328 Γραμματεῖς
1467 1257 1557 1310 καὶ
1583 1257 1908 1328 Φαρισαίους

333 1348 626 1420 εὲρημένον
649 1365 664 1380 ·
702 1368 720 1401 t
753 1349 872 1402 Ὅτι
904 1351 1228 1420 περιάγουσι
1262 1347 1358 1418 τήν
1387 1346 1661 1402 θάλασσαν
1690 1349 1781 1401 καὶ
1807 1349 1907 1420 τὴν

333 1438 526 1508 ξηρὰν,
557 1439 785 1510 ποιῆσαι
824 1440 920 1492 ἕνα
960 1437 1317 1510 προσήλυτον,
1351 1438 1445 1490 καὶ
1487 1438 1614 1492 ὅταν
1656 1438 1903 1510 γένηται,

333 1529 581 1583 ποιοῦσιν
637 1531 799 1584 αὐτὸν
841 1529 956 1584 υἱὸν
993 1532 1240 1600 γεέννης,
1287 1529 1602 1602 διπλότερον
1647 1531 1848 1584 αὐτῶν.
1879 1548 1900 1580 ι

343 1621 484 1675 Ἀλλ’
515 1621 658 1676 οὕτω
705 1621 806 1692 μὲν
836 1623 1035 1676 ταῦτα.
1067 1623 1133 1676 Τί
1179 1621 1235 1676 δὲ
1288 1623 1368 1676 ἔτι
1402 1623 1650 1676 λείπεται
1692 1623 1902 1685 είπεῖν;

333 1709 592 1778 Εἴπωμεν
616 1709 800 1780 ἀκμήν
831 1711 960 1780 περὶ
985 1711 1423 1782 ὲξομολογήσεως
1462 1712 1556 1764 καὶ
1587 1711 1902 1782 μετανοίας·

331 1799 498 1853 πόθεν
525 1799 582 1853 δὲ
619 1800 712 1854 καὶ
748 1801 920 1855 ταῦτα
961 1802 1158 1872 ἔχομεν
1205 1803 1622 1868 πιστώσασθαι;
1669 1803 1764 1855 Ἐκ
1804 1799 1904 1874 τῆς

330 1889 491 1958 ἁγίας
528 1891 750 1963 Γραφῆς
779 1893 998 1957 πάντως
1019 1909 1034 1924 ·
1063 1895 1156 1946 καὶ
1183 1895 1264 1957 είς
1299 1895 1466 1964 μέσον
1493 1895 1789 1964 ἀγάγωμεν
1811 1893 1902 1948 τὸν

2013 709 2228 762 animae.
2263 711 2601 765 Accedentrs
2630 709 2696 764 ad
2728 725 2786 765 se
2815 709 2932 764 sine
2969 710 3290 780 probatione
3333 711 3579 774 tondent,

2013 817 2215 870 perque
2276 801 2422 855 mille
2490 801 2607 856 loca
2675 801 2820 855 invia
2883 811 3154 867 amovent,
3208 801 3458 872 (scilicet)
3511 803 3579 857 ad

2011 893 2197 956 boum,
2227 907 2538 962 caprarum,
2566 893 2856 962 oviumque
2884 907 3107 962 pascua,
3144 893 3211 948 ad
3243 894 3574 959 molendina,

2011 983 2226 1050 aliaque
2253 983 2452 1037 similia
2481 983 2548 1037 ab
2573 983 2700 1052 ipsis
2731 991 2786 1038 et
2812 983 3055 1053 ipsorum
3103 986 3340 1040 consciis
3372 986 3426 1040 in
3453 1001 3576 1056 per-

1999 1073 2270 1128 ditionem
2305 1073 2612 1129 animarum
2649 1075 2890 1130 inventa.
2937 1076 3004 1130 Et
3047 1077 3374 1147 adimpletur
3405 1079 3458 1132 in
3497 1079 3578 1132 eis

2007 1167 2232 1219 verbum
2283 1165 2496 1218 Domini
2529 1166 2595 1219 ad
2627 1164 2848 1220 Sci-ibas
2908 1176 2960 1220 et
2996 1167 3338 1222 Pharisaeos:
3377 1185 3394 1218 ι
3431 1165 3578 1222 Mare

2007 1263 2062 1309 et
2095 1265 2270 1312 terras
2298 1254 2619 1324 percurritis
2651 1255 2717 1310 ad
2755 1271 2924 1310 unum
2957 1239 3282 1327 proselytam
3323 1251 3574 1326 quaerent;

2007 1347 2158 1412 dum,
2203 1362 2390 1418 quem,
2437 1361 2561 1400 eum
2598 1346 2919 1411 invenistis,
2955 1345 3166 1402 eﬂicitis
3195 1347 3457 1418 gehennae
3507 1347 3574 1404 ll-

2005 1438 2161 1501 lium,
2213 1439 2378 1507 duplo
2427 1453 2590 1506 quam
2644 1440 2822 1494 vos”.
2860 1459 2880 1490 ι
2915 1439 3019 1493 Sed
3057 1440 3129 1493 ita
3197 1455 3284 1495 res
3346 1454 3406 1495 se
3471 1440 3572 1493 ha-

2005 1529 2152 1584 bent.
2179 1528 2320 1595 Quid
2351 1531 2500 1585 dictu
2533 1545 2681 1586 nunc
2707 1531 3019 1601 reliquum?
3045 1530 3320 1586 Continuo
3351 1531 3417 1586 de
3443 1547 3575 1586 con-

2005 1620 2240 1676 fessione
2262 1630 2316 1676 et
2335 1621 2652 1690 pmnitcntia
2675 1621 2984 1691 loquamur.
3007 1619 3161 1676 Unde
3191 1621 3349 1677 nobis
3369 1622 3435 1676 de
3455 1621 3576 1677 istis

2004 1709 2139 1766 ﬁdes
2160 1712 2344 1766 venit?
2367 1710 2444 1766 Ex
2475 1725 2629 1768 sacra
2657 1711 2942 1780 Scriptura
2973 1710 3219 1764 omnino.
3245 1708 3299 1763 In
3332 1709 3571 1764 medium

2001 1801 2328 1856 inducamus
2360 1801 2650 1872 antiquum
2681 1800 2940 1866 Lamech,
2973 1815 3096 1854 cum
3147 1801 3200 1852 in
3256 1799 3352 1853 tali
3404 1813 3573 1854 causa

2003 1905 2179 1960 usque
2222 1891 2288 1945 ad
2338 1906 2464 1946 eum
2515 1889 2829 1961 genealogis
2883 1885 3230 1958 (repetatur),
3287 1887 3572 1956 quomodo

329 1979 498 2034 πάλαι
759 1982 882 2036 ἐπεὶ
906 1982 1002 2036 καὶ
1029 1981 1116 2036 διά
1142 1959 1312 2036 τοῦτο’
1333 1983 1520 2054 μέχρις
1541 1959 1716 2038 ἀὐτοῦ
1743 1985 1775 2053 ή
1807 2001 1902 2052 γε-

2010 1959 2166 2034 Caini
2211 1981 2458 2050 exemplo
2489 1959 2556 2034 ad
2596 1979 2918 2048 sapientiam
2950 1986 3254 2041 revocatus,
3286 1975 3573 2046 factusque

328 2072 605 2141 νεαλογία·
635 2073 782 2136 ὅπως
821 2073 911 2128 διά
952 2072 1044 2126 τοῦ
1084 2072 1224 2126 Κάῖν
1266 2066 1421 2137 οὗτος
1471 2073 1856 2144 σωφρονισθείς
1883 2093 1897 2108 ·

330 2161 630 2232 μετανοῶν,
656 2161 852 2216 ἑαυτοῦ
881 2163 1102 2235 τραῦμα
1129 2164 1342 2234 ἡγεῖται
1367 2163 1459 2216 τὸν
1493 2163 1676 2230 φόνον.
1707 2165 1902 2218 Πολλα-

327 2253 618 2316 πλασιάζει
651 2255 761 2324 γὰρ
795 2252 972 2326 ἑαυτῷ
995 2253 1095 2326 τὴν
1117 2253 1387 2324 τιμωρίαν
1412 2253 1502 2307 τοῦ
1534 2255 1899 2326 προπάτορος·

325 2341 422 2394 καί
449 2357 646 2412 φησιν·
679 2359 699 2393 ι
735 2339 859 2395 Ὅτι
893 2342 1122 2404 ἑπτάκις
1151 2341 1495 2412 ὲκδεδίκηται
1524 2343 1588 2394 ἐκ
1629 2343 1801 2396 Κάῖν·
1837 2343 1902 2394 ὲκ

320 2430 384 2485 ’δὲ
413 2432 606 2504 Λάμεχ
669 2433 1127 2504 ἑϐδομηκοντάκις
1162 2434 1320 2488 ἑπτά.
1359 2453 1378 2485 ι
1425 2433 1583 2486 Ἤτοι
1619 2434 1772 2506 παρά
1802 2433 1902 2505 μὲν

326 2523 421 2578 τοῦ
449 2524 593 2578 Κάῖν
631 2522 706 2588 ὡς
745 2524 957 2595 μεγάλα
989 2523 1431 2596 ἁμαρτήσαντος,
1471 2523 1702 2588 ἑπτάκις
1732 2524 1902 2591 ἐξεδι-

324 2614 470 2686 κήθη
515 2617 544 2668 ό
575 2615 771 2684 φόνος·
819 2616 880 2682 ἐξ
916 2616 1050 2688 ἐμοῦ
1093 2617 1149 2670 δὲ
1191 2617 1268 2680 ὡς
1299 2618 1579 2672 καταπολῦ
1613 2618 1898 2688 μειζόνως,

325 2706 784 2778 ἑϐδομηκοντάκις
837 2709 977 2762 ἑπτὰ
1033 2708 1450 2780 ἔκδικηθήσεται
1483 2728 1497 2742 ·
1558 2711 1640 2764 ἔτι
1695 2711 1753 2764 δὲ
1809 2712 1902 2764 τὸν

327 2797 492 2852 Δαυῖδ
519 2796 875 2870 ἐλεγχόμενον
906 2799 1012 2853 ὑπὸ
1048 2800 1140 2854 τοῦ
1163 2800 1352 2855 Νάθαν
1371 2817 1386 2832 ·
1411 2801 1503 2856 τὸν
1540 2803 1764 2872 Ἀχαάϐ,
1795 2803 1900 2856 ύπό

339 2886 520 2940 Ἠλίου
537 2905 554 2920 ο
585 2889 677 2942 τὸν
703 2890 936 2961 Μανασῆ
959 2890 1064 2944 ύπδ
1087 2889 1179 2944 τοῦ
1202 2891 1402 2944 οἰκείου
1429 2893 1748 2958 συνειδότος·
1774 2895 1902 2958 τοὺς

327 2975 618 3042 Νινευίτας
641 2995 656 3009 ·
683 2979 774 3033 τὸν
801 2981 1024 3051 Πέτρον.
1056 2981 1266 3044 Οῖτινες
1291 2981 1596 3054 ήλεήθησαν
1618 2983 1706 3037 διά
1733 2991 1899 3054 μετα-

326 3067 509 3132 νοίας·
541 3067 732 3136 ὥσπερ
761 3071 1089 3134 τούναντίον,
1119 3073 1169 3125 οἱ
1199 3071 1274 3143 μὴ
1303 3075 1751 3145 μετανοήσαντες.
1777 3075 1900 3130 Ὅτι

323 3156 382 3210 δὲ
427 3160 495 3230 τῇ
541 3159 796 3230 μετανοίᾳ
836 3161 929 3214 καὶ
961 3161 1342 3234 ἐξομολογήσει
1375 3165 1472 3218 καί⁵
1501 3165 1626 3228 τοὺς
1654 3165 1901 3236 καρποὺς

323 3248 504 3302 αὐτῶν
535 3249 764 3305 ἕπεσθαι
796 3251 895 3316 δεῖ,
929 3253 1198 3324 μάθοιμεν
1222 3254 1288 3308 ἂν
1341 3255 1434 3308 καὶ
1473 3254 1583 3310 ἀπὸ
1611 3256 1722 3308 τῶν
1747 3257 1898 3326 είρη-
1925 3277 1970 3336 c

327 3337 535 3407 μένων·
567 3341 767 3410 μᾶλλον
795 3341 852 3396 δὲ
881 3344 945 3396 ἐκ
982 3343 1073 3398 τοῦ
1107 3343 1204 3398 νῦν
1235 3343 1612 3416 ῥηθησομένου
1659 3347 1897 3414 εὐαγγε-

323 3428 475 3483 λικοῦ
517 3431 681 3502 ῥητοῦ
731 3433 858 3504 περὶ
888 3434 981 3486 τοῦ
1011 3433 1260 3488 Ἰωάννου
1285 3451 1299 3466 ·
1343 3453 1361 3488 t
1396 3436 1554 3510 Τότε,
1595 3437 1782 3506 φησὶν,
1811 3435 1896 3500 ἐξ·

322 3520 614 3590 ιπορεύετο
645 3523 783 3592 πρὸς
823 3523 985 3576 αὐτὸν
1039 3525 1193 3578 πᾶσα
1231 3524 1577 3595 Ἱεροσόλυμα
1625 3525 1720 3577 καὶ
1750 3527 1900 3578 πᾶσα

337 3609 590 3672 Ἰουδαία,
629 3613 725 3665 καὶ
752 3612 902 3664 πᾶσα
931 3613 963 3681 ή
1000 3612 1308 3682 περίχωρος
1337 3611 1434 3666 τοῦ
1469 3613 1767 3682 Ἰορδάνου·
1804 3615 1901 3667 καὶ

325 3698 680 3762 ἐϐαπτίζοντο
723 3702 782 3754 ὲν
805 3700 882 3772 τῷ
921 3702 1161 3774 Ἰορδάνῃ
1192 3702 1284 3755 ὑπ’
1306 3702 1468 3756 αὐτοῦ
1493 3718 1507 3734 ·
1540 3702 1897 3772 ἐξομολογού-

327 3801 484 3856 μενοι
531 3785 628 3850 τὰς
681 3787 957 3858 ἁμαρτίας
1007 3789 1210 3843 αὐτῶν.
1253 3789 1397 3844 Ἰδὼν
1429 3791 1487 3844 δὲ
1521 3791 1749 3854 πολλοὺς
1789 3791 1899 3844 τῶν

323 3877 636 3948 Φαρισαίων
678 3881 774 3933 καὶ
815 3879 1184 3936 Σαδδουκαίων
1209 3883 1538 3953 ἐρχομένους
1571 3883 1664 3936 ἐπὶ
1704 3883 1765 3936 τὸ
1797 3882 1897 3952 βά-

325 3985 538 4038 πτισμα
583 3969 773 4036 αὐτοῦ,
829 3967 983 4026 εἶπεν
1029 3973 1246 4038 αὐτοῖς·
1289 3975 1608 4044 Γεννήματα
1653 3975 1895 4044 ἐχιδνῶν·

323 4059 408 4120 τίς
439 4058 718 4124 ὑπέδειξεν
743 4062 872 4132 ὑμῖν
893 4065 1086 4132 φυγεῖν
1116 4063 1223 4117 ἀπὸ
1243 4065 1340 4135 τῆς
1364 4065 1664 4136 μελλούσης
1694 4066 1896 4138 δργῆςς

324 4151 586 4218 ποιήσατε
615 4147 708 4206 οῦν
739 4154 988 4224 καρποὺς
1013 4153 1198 4221 ἀξίους
1219 4156 1318 4226 τῆς
1351 4157 1638 4227 μετανοίας
1657 4173 1673 4189 ·
1694 4158 1788 4210 καὶ
1826 4157 1900 4230 μή

323 4236 514 4306 δόξητε
574 4239 756 4308 λέγειν
818 4244 877 4296 ὲν
939 4244 1151 4308 ἑαυτοῖς
1175 4283 1192 4307 ,
1265 4247 1482 4317 Πατέρα
1542 4245 1740 4318 ἔχομεν
1808 4248 1900 4302 τὸν

338 4325 610 4400 Ἀϐραάμ.
649 4349 669 4382 ι
701 4331 886 4385 Ταῦτα
911 4333 976 4386 ὲκ
1001 4332 1214 4388 πολλῶν
1261 4335 1424 4406 χάριν
1456 4337 1898 4409 παραδείγματος

325 4419 667 4491 προύθέμην,
727 4423 802 4486 ὡς
831 4425 1110 4495 καταρχὰς
1131 4427 1400 4497 είρήκειν,
1444 4427 1532 4480 ἵνα
1557 4427 1729 4497 γνῶτε
1762 4431 1838 4493 ὡς
1862 4431 1895 4502 ἡ

326 4509 448 4563 θεία
511 4511 702 4584 Γραφή
773 4516 920 4568 ἐστιν
982 4517 1015 4587 ή
1079 4517 1390 4585 φωτίζουσα
1427 4520 1600 4591 ἡμᾶς.
1647 4519 1756 4574 Καὶ
1810 4521 1900 4576 διά

1999 2073 2291 2144 paenitens,
2309 2073 2508 2129 vulnus
2533 2088 2564 2128 a
2597 2087 2656 2129 se
2688 2071 2950 2126 inﬁictum
2986 2069 3340 2124 homicidium
3376 2069 3570 2124 existi-

1963 2235 1966 2246 .
2000 2179 2183 2230 mans,
2211 2165 2448 2221 debitam
2483 2164 2586 2219 sibi
2622 2178 2836 2234 poenam
2865 2161 3191 2230 multiplicat
3224 2159 3439 2230 proavi,
3483 2158 3572 2214 di-

2001 2271 2131 2311 cens
2159 2274 2173 2310 :
2211 2275 2232 2308 ι
2275 2255 2410 2322 Quia
2441 2270 2600 2326 poena
2643 2270 2674 2309 e
2701 2255 2872 2309 Caino
2905 2253 3106 2322 septies
3163 2261 3375 2318 exacta,
3407 2265 3438 2306 e
3461 2249 3566 2304 La-

1999 2343 2154 2398 mech
2210 2345 2580 2414 septuagesies
2637 2345 2838 2414 septies
2899 2342 3246 2414 exigetur";
3280 2361 3299 2394 ι
3361 2341 3570 2396 Cainus

2001 2432 2241 2504 quidem,
2278 2433 2370 2504 qui
2398 2448 2729 2503 magquere
2757 2431 3020 2502 peccavit,
3053 2431 3326 2486 homicida
3369 2432 3569 2500 septies

2003 2523 2226 2594 punitus
2257 2523 2390 2586 fuit;
2422 2539 2520 2594 ego
2551 2535 2752 2590 autem,
2787 2524 2878 2594 qui
2909 2523 3084 2578 multo
3115 2520 3316 2592 magis,
3353 2529 3569 2590 septua-

2003 2615 2176 2682 gesies
2201 2617 2422 2685 septies.
2455 2613 2824 2686 (lnducamus)
2862 2622 2912 2668 et
2947 2612 3208 2668 Davidem
3250 2628 3280 2667 a
3321 2611 3568 2666 Nathaue

2002 2707 2415 2776 reprehensum,
2445 2706 2636 2760 Achab
2659 2707 2729 2760 ab
2765 2704 2905 2768 Elia,
2939 2705 3226 2760 Manassen
3272 2719 3301 2758 a
3351 2701 3568 2773 pr0pria

2001 2797 2356 2862 conscientia,
2391 2795 2680 2860 Ninivitas,
2709 2797 2930 2850 Petrum
2951 2837 2968 2862 ,
2999 2795 3090 2865 qui
3120 2795 3436 2864 pmniteutia
3465 2795 3570 2848 mi-

2002 2889 2382 2950 sericordiam,
2415 2887 2883 2958 impcenitentihus
2929 2897 3180 2956 negatam
3216 2893 3344 2941 sunt
3371 2899 3568 2940 conse-

2000 2977 2135 3033 cuti.
2157 2976 2497 3032 Pmnitcntia:
2520 2993 2649 3032 vero
2677 2987 2729 3032 et
2751 2977 3082 3032 confessioni
3114 2991 3244 3032 suos
3274 2975 3571 3031 succedere

2001 3066 2213 3122 fructus
2277 3069 2555 3124 discemus
2587 3082 2651 3122 ex
2686 3068 2844 3122 modo
2907 3067 3094 3130 dictis,
3127 3065 3221 3122 sed
3254 3067 3472 3136 planius
3501 3081 3569 3120 ex

2003 3173 2151 3213 nunc
2195 3157 2414 3212 citando
2447 3157 2761 3228 evangelica
2787 3159 2853 3212 de
2879 3156 3090 3212 Joanne
3118 3157 3284 3212 verbo
3310 3173 3324 3210 :
3357 3176 3376 3208 ι
3405 3155 3570 3220 Tum.

2003 3248 2224 3310 dicitur,
2261 3259 2532 3302 venerunt
2559 3249 2625 3303 ad
2661 3263 2786 3302 cum
2821 3248 3004 3302 omnis
3031 3247 3356 3312 Jerusalem,
3391 3247 3571 3302 clunis

1999 3337 2205 3401 Judtea,
2233 3353 2535 3408 omnesque
2567 3339 2712 3393 circa
2739 3337 3030 3393 Jordanem
3066 3338 3398 3400 habitantes,
3420 3347 3470 3392 et
3503 3339 3570 3392 ab

1997 3443 2065 3483 eo
2100 3429 2154 3480 in
2187 3427 2428 3482 .Iordane
2476 3427 2935 3494 baptizabantur,
2988 3428 3305 3484 conlltentes
3352 3437 3569 3496 peccata

1999 3533 2120 3572 sua.
2156 3517 2356 3572 Videns
2403 3527 2585 3570 autem
2620 3517 2820 3570 multos
2849 3517 3160 3574 Pharisaeos
3179 3517 3572 3573 etSaddut-zcos

1999 3605 2092 3674 qui
2123 3604 2191 3660 ad
2223 3605 2555 3675 baptismum
2585 3613 2868 3672 venerant,
2897 3605 3038 3659 dixit
3069 3607 3178 3661 illis
3205 3625 3218 3662 :
3245 3606 3569 3677 Viperarum

2001 3695 2240 3760 soboles,
2264 3695 2388 3765 quis
2419 3708 2516 3748 vos
2544 3693 2734 3748 docuit
2755 3709 2786 3748 a
2817 3693 3000 3748 futura
3029 3695 3109 3750 ira
3138 3694 3572 3766 fugere?Facite

2000 3799 2130 3855 ergo
2155 3785 2350 3855 dignos
2382 3782 2596 3838 fructus
2631 3783 2988 3852 poenitentiae,
3033 3797 3211 3854 neque
3241 3785 3571 3854 superbiatis

1999 3877 2246 3931 dicentes
2289 3891 2304 3928 :
2351 3873 2562 3928 Patrem
2593 3875 2859 3930 habemus
2889 3875 3164 3930 Abraham
3186 3875 3253 3931 “.
3293 3893 3312 3927 ι
3345 3875 3450 3932 Ista
3503 3892 3570 3932 ex

2000 3967 2188 4022 multis
2219 3965 2448 4035 exempli
2479 3978 2644 4019 causa
2675 3964 2874 4034 protuli
2901 4004 2918 4029 ,
2949 3963 3092 4020 sicut
3121 3979 3152 4018 a
3180 3965 3452 4035 principio
3483 3966 3570 4021 di-

2000 4074 2210 4121 xeram,
2244 4067 2306 4112 ut
2337 4055 2525 4113 sciatis
2554 4071 2763 4112 sacram
2797 4055 3135 4126 Scripturam
3167 4071 3292 4113 esse
3319 4058 3482 4112 nobis
3513 4058 3568 4112 in

1999 4149 2198 4216 lucem,
2256 4149 2487 4219 ideoque
2537 4148 2864 4218 diligentias,
2901 4148 3326 4218 amplectendos,
3377 4152 3570 4220 acqui-

1999 4241 2200 4296 rendos
2228 4255 2418 4296 sacros
2454 4240 2646 4304 libros,
2675 4254 2976 4310 eorumque
3006 4242 3169 4296 verba
3201 4252 3452 4296 accurate
3487 4241 3566 4296 le-

1999 4333 2172 4402 genda
2201 4339 2365 4402 atque
2399 4330 2454 4386 in
2481 4339 2662 4385 mente
2693 4331 3028 4401 reponenda,
3063 4340 3122 4385 ut
3149 4347 3236 4396 ea,
3269 4347 3392 4387 cum
3429 4348 3568 4402 opus

1997 4423 2183 4488 fuerit,
2233 4425 2284 4478 in
2334 4423 2541 4479 auxilio
2595 4423 2914 4478 habeamus.
2945 4421 3000 4476 Si
3031 4423 3174 4477 enim
3207 4423 3364 4480 libris
3395 4426 3569 4479 sacris

2001 4518 2256 4575 Christus
2283 4524 2340 4572 et
2405 4516 2660 4587 discipuli
2715 4525 2965 4582 utuntur,
3002 4516 3179 4570 multo
3213 4517 3384 4587 magis
3411 4518 3569 4570 nobis

325 4599 486 4654 τοῦτο
534 4603 756 4678 ἀγαπᾷν
800 4605 885 4658 δεῖ
929 4605 1030 4670 τάς
1079 4608 1233 4678 ἱερὰς
1284 4608 1500 4680 βίϐλους
1523 4627 1538 4640 ·
1573 4611 1670 4665 καὶ
1719 4612 1900 4666 ἀσπά-

2005 4609 2238 4666 inﬁrmis
2263 4617 2347 4664 est
2371 4607 2656 4664 utendum.

325 4689 538 4763 ζεσθαι,
581 4699 676 4752 καὶ
697 4700 950 4766 κτᾶσθαι,
979 4702 1076 4755 καί⁹
1114 4704 1353 4774 συνεχῶς
1414 4705 1802 4770 ἀναπτύσσειν,
1868 4709 1964 4762 καὶ
2001 4708 2068 4760 τά
2128 4707 2187 4758 ὲν
2229 4705 2421 4766 αὐταῖς
2477 4701 2724 4775 ἀκριϐῶς
2776 4703 3105 4774 διέρχεσθαι,
3145 4708 3240 4758 καὶ
3284 4707 3342 4759 ὲν
3384 4703 3462 4775 τῷ
3495 4703 3572 4774 νῷ

327 4787 681 4845 ἀποτίθεσθαι
703 4806 720 4822 ·
745 4791 812 4844 ἵν’
839 4792 969 4846 ὅταν
992 4791 1087 4866 δέῃ
1117 4792 1330 4864 ἔχωμεν
1351 4795 1490 4850 αύτά
1547 4797 1629 4862 εἰς
1689 4797 1958 4870 βοήθειαν.
2000 4798 2064 4851 ΕΞ
2099 4797 2209 4868 γάρ
2251 4797 2280 4850 ὁ
2311 4795 2562 4868 ,Χριστὸς
2612 4795 2708 4849 καὶ
2749 4796 2798 4848 οῖ
2830 4795 3020 4850 τούτου
3064 4797 3304 4868 μαθηταὶ
3345 4799 3571 4852 ταύταις

326 4883 592 4955 χρῶνται,
620 4884 800 4957 πολλῷ
832 4885 1032 4956 μᾶλλον
1067 4888 1215 4958 ἡμᾶς
1235 4891 1359 4953 τοὺς
1389 4889 1635 4955 ἀσθενεῖς
1663 4893 1898 4962 χρᾶσθαι
1933 4892 2035 4947 δεῖ.

409 4978 574 5036 Ἀλλά
627 4997 790 5054 φησιν
811 4999 828 5014 ·
875 4981 1310 5050 Ἀναγινώσκων,
1369 4984 1430 5037 ού
1490 4986 1712 5058 συνίημι
1759 4987 1904 5061 άπερ

327 5069 704 5138 ἀναγινώσκω.
753 5073 934 5145 Μήτις
973 5072 1166 5144 Αἰθίοψ
1199 5071 1268 5140 εἴ,
1295 5075 1417 5130 είπέ
1463 5092 1585 5146 μοι·
1627 5078 1661 5149 ἢ
1694 5079 1899 5150 Ἄραψ·

326 5163 410 5216 δτι
439 5163 500 5216 οὐ
537 5164 832 5232 γινώσκεις
859 5165 962 5237 τήν
991 5164 1102 5218 τῶν
1140 5166 1392 5237 Γραικῶν
1428 5167 1745 5236 διάλεκτον;
1779 5171 1901 5224 τίνα

327 5253 439 5322 γάρ
490 5252 776 5310 δυσκολίαν
801 5255 944 5324 ἔχει·
975 5274 993 5308 t
1016 5255 1207 5321 Βίϐλος
1233 5259 1500 5327 γενέσεως
1542 5259 1715 5331 Ἰησοῦ
1763 5263 1900 5333 Χρι-

333 5341 627 5404 στοῦ,υίοῦ
663 5345 844 5412 Δαυῒδ,
875 5346 994 5402 υἱοῦ
1031 5346 1318 5419 Ἀϐραάμς
1359 5367 1377 5402 ι
1403 5349 1570 5404 Οὐδὲν
1611 5353 1670 5403 ὲν
1713 5351 1896 5416 αὐτοῖς

331 5433 542 5488 σκολιὸν
569 5437 686 5490 οὐδὲ
714 5439 1152 5508 στραγγαλιῶδες
1180 5439 1322 5493 κατά
1346 5440 1436 5494 τὸν
1461 5442 1894 5513 Παροιμιαστήν·

331 5524 508 5578 πάντα
549 5526 714 5580 εὐθέα
757 5530 872 5582 ἐστὶ
901 5531 1015 5593 τοῖς
1043 5529 1244 5594 νοοῦσι,
1283 5531 1377 5585 καὶ
1407 5531 1546 5602 ὀρθά
1587 5537 1698 5596 τοῖς
1749 5536 1900 5605 εὑρίυ

330 5629 523 5668 σκουσι
554 5615 788 5684 γνῶσιν·
821 5619 882 5670 ού
919 5619 1028 5690 γὰρ
1073 5620 1486 5692 εύληπτοτέρως
1531 5625 1706 5677 είπεῖν
1742 5625 1900 5676 τοῦτο

425 5727 470 5762 ⁸³
505 5727 696 5782 Matth.
729 5745 884 5794 um,
920 5732 1004 5786 15.

1081 5732 1128 5764 ’⁸
1165 5732 1302 5787 Gen.
1332 5749 1405 5800 tv,
1437 5734 1526 5789 24.
1621 5736 1664 5768 ⁸⁸
1687 5735 1976 5806 Mattlmu,
2007 5741 2061 5797 9.

2081 4987 2186 5042 Sed
2223 4985 2404 5056 (forte)
2435 4987 2632 5058 aliquis
2653 4987 2851 5043 dixerit
2879 5005 2895 5042 :
2925 4988 3289 5060 Legens,quaa
3314 4989 3434 5059 lego
3461 5003 3570 5044 non

2005 5077 2268 5147 intelligo.
2315 5076 2580 5134 Utrumne
2637 5077 2892 5150 EthiOps
2941 5095 3032 5144 es,
3089 5095 3155 5134 an
3203 5080 3408 5146 Arabs,
3473 5081 3569 5150 qui

2005 5167 2324 5224 Griecorum
2379 5168 2671 5224 dialectum
2721 5170 2972 5239 ignores?
2996 5170 3300 5238 Quamnam
3330 5175 3568 5240 praebent

2003 5259 2368 5314 difﬁcultatem
2431 5259 2690 5331 (verba):
2753 5281 2771 5314 ‹
2809 5260 2970 5318 Liber
3019 5263 3382 5334 generationis
3437 5261 3570 5318 Jesu

2003 5352 2230 5420 Christi,
2264 5351 2357 5406 ﬁlii
2423 5352 2613 5418 David,
2651 5353 2750 5409 ﬁlii
2778 5355 3053 5410 Abraham
3074 5356 3154 5410 ιη
3183 5374 3202 5407 ι
3234 5355 3379 5410 Nihil
3427 5354 3570 5424 apud

2003 5454 2280 5500 auctorem
2331 5443 2748 5502 Proverbiorum
2803 5455 3005 5501 tortum
3055 5456 3150 5502 aut
3196 5447 3569 5516 implicatum;

2004 5537 2184 5589 onmia
2231 5537 2661 5606 iutelligenlibus
2705 5539 2889 5608 plana,
2923 5547 3182 5607 rectaque
3216 5552 3438 5592 sensum
3489 5539 3572 5591 in-

2009 5629 2385 5695 venientibus;
2423 5643 2580 5683 nemo
2611 5630 2850 5687 lucidius
2902 5640 3083 5700 posset
3115 5629 3314 5685 dicere.
3355 5629 3568 5686 Etenim

2197 5741 2243 5772 ”
2282 5741 2471 5800 Matth.
2501 5756 2547 5802 ι.
2577 5741 2631 5800 1.
